4129 5941
82 205 93 26 record
201 205 23 27 is
252 206 46 28 the
329 216 66 27 very
424 208 60 29 best
514 210 91 28 afloat.
660 213 57 28 The

83 242 98 31 Galota
195 243 48 30 has
263 245 156 37 undergone
442 257 84 30 many
550 250 165 37 alterations,

83 283 54 26 and
163 285 23 26 is
210 285 83 27 much
314 286 82 28 faster
421 287 66 28 than
513 290 48 27 she
586 299 56 18 was
666 292 51 27 last

84 330 137 26 summer;
240 322 50 29 but
303 323 13 28 I
333 325 53 27 still
400 325 85 29 doubt
505 327 49 28 her
574 328 96 37 ability
690 334 27 23 to

83 356 63 32 heat
171 360 46 28 the
243 362 110 29 lankec
378 364 107 34 yachts,
505 367 90 35 owing
619 370 27 25 to
673 368 44 28 the

83 397 145 31 difference
242 400 26 28 in

327 451 55 28 San
401 452 166 35 Francisco,
580 454 65 37 July
658 456 24 26 3.

118 497 58 30 The
190 497 52 30 fast
256 498 117 38 through
387 501 71 29 train
472 511 35 19 on
517 501 45 29 the
576 502 141 30 Canadian

85 537 99 28 Pacific
209 537 111 37 railway
346 543 26 24 to
398 539 183 33 Vancouvers,
612 541 103 28 British

83 574 155 35 Columbia,
258 576 48 28 left
327 576 136 31 Montreal
489 588 34 18 on
548 579 120 37 Monday
690 584 28 24 at

84 613 77 34 eight
182 614 111 29 o'clock.
330 616 58 27 The
411 618 80 32 train,
504 617 21 28 it
546 619 24 26 is
590 618 125 34 claimed,

84 652 57 28 will
155 657 117 25 traverse
287 654 45 28 the
346 656 68 27 3000
427 655 78 28 miles
520 656 28 28 in
562 657 49 28 130
625 657 92 34 hours,

85 691 131 38 reaching
238 692 47 29 the
311 693 99 29 Pacific
435 704 35 19 on
501 695 46 29 the
580 696 138 35 following

87 730 113 37 Sunday
221 734 135 33 morning,
379 732 66 37 July
471 734 58 28 4th.
574 734 76 34 This,
671 734 45 29 the

85 769 143 28 Canadian
252 770 160 30 authorities
443 772 91 32 claim,
564 772 76 29 beats
671 772 44 29 the

85 808 67 29 time
165 807 120 31 between
300 808 69 30 Kew
388 809 75 30 York
485 810 54 30 and
563 811 99 29 'Frisco
681 810 36 37 by

86 849 34 26 20
133 847 92 28 hours.
263 848 90 28 When
379 849 46 28 the
438 850 65 27 road
516 850 23 27 is
551 850 165 34 thoroughly

85 883 134 29 ballasted
244 885 46 28 the
315 885 120 28 distance
464 887 54 27 will
548 887 33 28 be
612 896 87 19 accom-

85 922 108 38 plished
205 923 28 29 in
248 925 49 28 110
310 923 92 35 hours,
416 925 54 28 and
483 926 21 28 it
520 925 23 29 is
557 925 88 37 hoped
656 925 58 29 that

87 970 16 17 a
116 962 104 27 further
242 963 139 27 reduction
402 966 28 24 to
450 965 35 25 90
508 964 82 27 hours
609 965 55 25 will
685 964 31 26 be

87 998 89 28 made.
212 999 73 28 First
308 999 68 28 class
396 1009 147 28 passenger
563 1001 55 29 fare
641 1002 23 27 is
682 1002 33 28 92

85 1036 100 28 dollars
197 1045 6 25 ;
223 1038 106 30 second,
345 1040 32 26 59
391 1038 98 28 dollars
504 1040 33 26 50
550 1043 84 23 cents.

120 1075 59 28 The
193 1074 80 30 cooks
286 1076 53 28 and
353 1076 150 28 waitresses
525 1076 144 37 employed
687 1076 29 28 in

85 1112 48 29 the
146 1113 132 38 principal
289 1118 167 25 restaurants
469 1115 30 29 of
510 1115 100 29 'Frisco
623 1115 92 29 struck

87 1161 36 18 on
136 1152 73 28 June
223 1153 62 27 15th
299 1153 42 28 for
359 1153 116 28 reduced
487 1153 83 28 hours
584 1153 30 28 of
623 1153 94 28 labour

87 1190 55 26 and
154 1189 139 29 increased
306 1200 62 25 pay.
405 1191 57 26 The
473 1191 82 28 strike
569 1191 85 27 lasted
664 1200 51 18 one

87 1225 64 39 day,
164 1226 46 30 the
223 1228 165 38 proprietors
406 1228 156 38 complying
583 1228 66 29 with
671 1228 46 29 the

85 1266 130 29 demand.

122 1305 24 26 A
158 1304 174 29 tremendous
345 1314 74 19 mass
438 1306 120 35 meeting
579 1315 55 18 was
654 1305 61 28 held

85 1341 29 29 in
129 1343 100 28 'Frisco
243 1352 35 19 on
291 1343 67 36 July
379 1346 40 26 Ist
439 1344 29 27 in
490 1347 111 34 support
623 1343 29 28 of
671 1343 45 29 the

88 1381 73 29 Irish
183 1382 92 29 Home
296 1382 69 29 Kule
385 1383 176 36 proposition,
574 1383 54 29 and
653 1392 63 19 over

86 1421 70 27 GOOO
168 1419 101 30 dollars
282 1430 55 19 was
348 1421 163 28 subscribed.

122 1458 24 29 A
158 1467 60 20 new
231 1459 54 28 and
297 1468 148 19 numerous
466 1458 77 30 order
563 1458 85 29 called
670 1459 45 30 the

88 1495 107 29 Minute
226 1496 64 27 Men
319 1496 48 28 has
396 1496 68 28 been
489 1496 104 28 foimed
617 1496 28 28 in
670 1498 45 26 the

87 1532 127 30 Western
228 1532 90 30 States
337 1537 28 25 to
384 1537 105 34 protect
508 1534 46 28 the
576 1543 120 20 commun-

86 1571 65 28 tries
164 1572 107 35 against
281 1572 168 33 Anarchists,
462 1572 95 28 labour
571 1573 74 32 riots,
659 1572 54 28 and

86 1609 79 28 other
177 1609 153 30 outbreaks.
367 1610 77 37 They
459 1610 54 29 will
525 1610 131 29 reinforce
669 1610 46 28 the

85 1648 87 36 police

122 1687 22 26 A
158 1687 109 35 general
280 1687 82 28 strike
374 1689 31 26 of
416 1689 141 26 American
579 1691 137 33 operators

87 1725 22 27 is
123 1724 128 38 expected
265 1728 27 25 to
305 1725 62 28 take
377 1725 75 37 place
465 1735 35 19 on
514 1725 46 29 the
579 1726 49 27 Ist.

126 1810 56 41 Jay
198 1811 98 32 Gould
309 1812 25 31 is
349 1812 62 32 said
426 1815 30 29 to
475 1812 75 32 liave
576 1824 16 20 a
614 1813 87 32 collec-

85 1853 63 33 tion
163 1854 32 32 of
205 1856 150 41 paintings
367 1856 93 32 worth
476 1856 161 40 $250,000.

125 1899 182 40 Experience
321 1900 55 32 has
400 1901 102 31 shown
517 1901 65 32 that
598 1901 48 32 180
646 1901 32 32 ft
692 1901 25 30 is

85 1940 51 32 the
164 1945 128 38 greatest
319 1943 90 42 depth
437 1947 29 29 to
495 1943 96 33 which
622 1944 94 32 divers

85 1995 69 31 may
169 1986 92 42 safely
275 1987 135 32 descend.

125 2029 94 34 Three
243 2032 260 41 great-grandsons
530 2032 32 33 of
593 2032 121 33 Charles

86 2073 117 40 Wesley
230 2085 49 21 are
307 2086 67 21 now
400 2077 168 40 clergymen
602 2077 32 31 of
664 2077 51 30 the

85 2115 120 32 Church
221 2117 31 31 of
264 2117 149 41 England.

125 2159 63 33 The
203 2161 73 32 total
292 2162 30 31 of
334 2162 113 32 British
472 2162 109 41 capital
604 2162 31 31 in
660 2162 42 32 for-

86 2202 67 42 eign
167 2203 85 33 loans
273 2206 58 31 and
355 2206 135 42 railways
514 2207 25 31 is
563 2206 155 33 estimated

87 2251 29 27 to
132 2247 34 32 be
184 2249 75 31 1058
273 2249 131 32 millions
416 2250 132 41 sterling.

104 2325 220 32 (Continuation
337 2327 33 35 of
384 2327 90 32 News,
488 2336 41 18 sec
542 2327 48 27 4th
603 2327 97 35 Page.)

1307 68 116 39 THE
1479 65 184 41 LYELL
1715 64 185 43 TIMES,
1957 61 306 52 SATURDAY,
2324 68 132 50 JULY
2508 83 59 36 31,
2625 74 102 37 1886.

256 2406 136 37 Mining
410 2407 150 28 Notices.

156 2484 248 31 APPLICATION
426 2486 72 29 FOR
519 2487 129 28 LEASE.

225 2594 100 31 Nelson
342 2595 166 31 South-west
525 2595 159 36 Goldfields,

327 2634 65 29 24th
411 2635 76 36 July,
506 2637 74 26 1886.

121 2686 38 28 To
179 2694 55 20 the
254 2687 128 28 Waeden
400 2697 33 18 at
454 2689 171 28 Murchison

85 2735 38 61 I
144 2736 159 28 HEREBY
324 2737 83 37 apply
425 2738 41 28 for
490 2748 15 18 a
527 2738 192 36 Gold-Mining

160 2775 85 29 Lease
267 2776 27 29 of
316 2776 45 30 the
383 2776 79 30 lands
487 2777 163 29 hereinafter
673 2778 30 28 de-

85 2815 112 32 scribed,
224 2816 27 27 in
277 2816 163 28 accordance
472 2817 66 28 with
564 2817 45 28 the
637 2818 79 27 Gold-

87 2853 107 33 Mining
207 2854 99 26 Leases
320 2854 178 33 Regulations
519 2855 30 26 of
565 2855 65 26 New
652 2856 48 26 Zea-

85 2889 73 35 land,
173 2889 53 30 and
242 2891 12 28 I
268 2900 87 28 agree,
376 2900 72 29 upon
472 2891 45 30 the
540 2892 130 37 approval
692 2901 25 28 qj

84 2929 56 27 this
160 2929 174 36 application,
350 2934 26 24 to
398 2935 112 24 execute
523 2940 15 18 a
552 2931 71 28 lease
645 2941 71 26 upon

85 2966 46 28 the
146 2966 70 29 basis
231 2968 103 27 therein
348 2968 97 32 stated,
470 2968 23 28 if
513 2968 46 29 the
579 2968 139 29 Governor

84 3006 72 28 shall
170 3006 79 28 think
263 3006 30 29 fit
307 3012 27 23 to
347 3011 79 31 grant
440 3007 45 28 the
500 3017 83 18 same.

318 3057 171 27 MATHEW
509 3057 138 34 BYRNE,

528 3096 154 39 Applicant.

123 3148 87 27 Name
224 3148 54 27 and
289 3148 110 28 address
409 3148 26 27 in
447 3148 49 28 full
506 3149 30 27 of
546 3149 171 36 applicant

158 3186 120 30 Mathew
291 3186 101 37 Byrne,
405 3187 111 29 Nelson.

124 3238 76 34 Style
213 3237 86 28 under
311 3237 86 29 which
412 3239 21 28 it
445 3239 23 27 is
478 3239 128 28 intended
617 3243 26 24 to
654 3249 47 18 con-

157 3276 63 32 duct
245 3277 44 31 the
312 3277 122 33 business
501 3279 125 40 Progress
649 3279 68 32 Gold

157 3319 108 33 Mining
278 3319 151 34 Company.

123 3367 102 30 Extent
237 3368 31 29 of
276 3369 105 38 ground
392 3369 106 39 applied
508 3368 75 31 for
644 3380 73 19 acres

124 3420 148 29 Minimum
285 3422 117 27 number
414 3423 30 27 of
460 3432 64 18 men
536 3423 134 35 proposed
689 3427 28 24 to

157 3458 32 30 be
202 3460 144 36 employed
359 3460 36 37 by
413 3460 46 29 the
473 3460 174 29 lesseeFor
670 3461 45 28 the

157 3498 59 28 first
242 3500 94 28 twelve
361 3500 121 33 months,
505 3500 13 27 1
545 3509 81 24 man;
658 3500 45 28 sub-

158 3537 152 36 sequently,
324 3537 78 29 when
416 3538 28 27 in
457 3538 49 28 full
519 3538 83 34 work,
616 3539 101 28 sixteen

158 3584 72 20 men.

124 3629 121 27 Amount
267 3629 30 28 of
314 3629 97 36 capital
435 3629 130 37 proposed
588 3634 27 24 to
634 3630 32 28 be
679 3640 26 18 in-

158 3667 93 26 vested
252 3667 161 31 '20,000.

125 3717 136 39 Proposed
282 3719 78 30 mode
380 3719 29 30 of
427 3718 121 38 working
562 3719 44 31 the
620 3720 99 30 land

158 3757 166 36 Tunnelling
336 3759 54 26 and
403 3758 109 34 sinking
525 3759 40 26 for
578 3763 104 31 quartz.

124 3808 105 28 Precise
254 3808 221 36 localityWest
503 3808 53 29 and
581 3809 138 37 adjoining

158 3847 46 26 the
230 3847 105 27 Golden
367 3847 79 27 Point
477 3848 54 26 and
562 3848 157 36 Enterprise

157 3884 94 34 leases,
265 3886 92 28 Owen.

123 3936 81 28 Term
219 3936 40 29 for
280 3937 86 28 which
386 3937 69 29 lease
484 3937 23 29 is
527 3937 192 38 requiredls

157 3985 86 26 years.

125 4026 77 29 Time
226 4026 29 29 of
274 4027 191 38 commencing
486 4028 233 38 operationsOn

158 4067 127 35 granting
298 4067 30 27 of
338 4067 78 28 lease.

123 4170 56 27 The
188 4170 83 27 above
278 4170 164 36 application
453 4170 53 28 and
518 4180 53 26 any
582 4171 134 36 objection

89 4208 104 28 thereto
219 4208 55 28 will
299 4208 31 29 be
355 4208 83 30 heard
461 4214 28 24 at
511 4209 46 29 the
579 4210 141 28 Warden's

89 4247 94 34 Office,
199 4251 28 25 at
247 4247 167 34 Murchison,
428 4258 34 18 on
475 4249 184 34 TUESDAY,
674 4250 45 28 the

89 4286 66 28 28th
172 4286 236 33 SEPTEMBER,
422 4288 74 26 1886.

125 4338 63 36 Any
207 4347 97 27 person
325 4338 119 37 desiring
466 4343 28 23 to
518 4339 86 36 object
626 4343 17 25 L
675 4345 11 22 i
687 4340 5 12 T
699 4349 21 18 .e

90 4375 71 28 issue
184 4377 29 26 of
232 4386 15 17 a
271 4377 106 34 Mining
395 4377 85 28 Lease
493 4385 72 28 upon
581 4377 45 28 the
637 4377 83 28 above

90 4413 164 37 application
269 4418 82 29 must,
365 4415 96 28 within
475 4415 85 36 thirty
572 4416 71 27 clear
652 4415 67 36 days

90 4451 70 28 from
175 4453 46 27 the
240 4452 62 29 date
324 4453 29 28 of
372 4453 63 28 such
458 4453 174 38 application,
646 4458 76 25 enter

92 4490 42 28 his
156 4490 133 29 objection
311 4497 28 23 at
360 4493 45 27 the
428 4492 143 29 Warden's
590 4492 83 29 Office
694 4498 28 23 at

90 4528 87 38 Lyell.

229 4584 151 27 ALFRED
400 4584 32 28 A.
452 4584 199 32 CORFIELD,

487 4622 54 28 Pro
557 4622 127 28 Warden.

175 4659 138 30 Warden's
327 4660 92 35 Office,

126 4698 87 34 Lyell,
228 4699 63 27 26th
305 4700 76 34 Jul),
396 4701 74 26 1886.

265 4777 117 31 Public
400 4779 152 30 Noti3es.

115 4858 104 29 BANK
238 4859 46 27 OF
304 4858 89 28 NEW
414 4859 124 29 SOUTH
558 4860 139 28 WALES.

111 4981 23 26 A
155 4980 23 27 N
194 4980 97 28 Officer
308 4980 70 27 from
393 4980 45 28 the
457 4979 138 36 Westport
612 4980 110 28 Branch

188 5032 30 28 of
229 5031 53 29 this
291 5031 104 29 BANK
403 5031 55 28 will
466 5032 63 27 visit
538 5031 76 36 Lyell
625 5032 40 28 for
677 5033 45 28 the

89 5094 116 26 purpose
220 5085 27 27 of
259 5085 169 35 transacting
444 5085 135 27 General
592 5085 132 27 Banking

91 5136 147 32 Business,
272 5144 35 19 on
341 5134 216 34 THURSDAY,
588 5135 46 28 the
677 5136 47 27 sth

90 5189 161 33 AUGUST,
273 5188 55 29 and
364 5188 106 29 remain
501 5189 40 28 till
572 5189 152 35 FRIDAY,

90 5243 137 34 morning,
242 5241 46 28 Gth
308 5242 114 35 August.

90 5328 78 28 THE
201 5327 192 28 NATIONAL
423 5327 104 26 BANK
559 5327 46 26 OF
638 5327 86 26 NEW

212 5378 188 34 ZEALAND,
426 5377 176 30 LIMITED.

91 5481 120 49 rpiIIS
228 5479 103 29 BANK
338 5478 55 29 will
399 5478 32 29 be
440 5478 153 29 OPENED
609 5481 26 26 to
647 5478 78 28 BUY

181 5532 100 28 GOLD
302 5530 55 28 and
376 5529 192 29 TRANSACT
589 5530 136 27 General

91 5586 175 29 BANKING
297 5582 187 30 BUSINESS
518 5586 27 24 at
579 5582 80 36 Lyell
690 5593 35 17 on

91 5638 264 34 SATURDAY,7th
369 5636 54 37 day
432 5636 29 28 of
471 5635 159 33 AUGUST,
639 5635 86 29 under

91 5695 45 27 the
169 5693 99 35 charge
299 5691 30 28 of
357 5690 46 28 the
436 5688 117 29 Reefton
584 5688 141 37 Manager,

91 5746 22 28 I.
136 5746 96 27 Lewis.

388 5781 42 30 W.
452 5779 169 35 DYMOCK,

539 5833 150 34 Inspector.

906 197 136 38 Mining
1072 198 151 30 Notices.

814 277 249 29 APPLICATION
1086 279 73 27 FOR
1181 278 131 29 LEASE.

896 362 101 29 Nelson
1013 363 178 30 South-West
1204 363 159 29 Goldfields.

1007 402 65 28 2Gtli
1093 402 76 37 July,
1185 404 44 27 188
1229 404 30 27 G.

779 452 40 29 To
839 461 55 20 the
915 454 129 28 Warden
1061 463 34 19 at
1115 456 171 28 Murchison

745 505 115 59 WE
875 505 101 38 hereby
990 506 82 37 apply
1086 508 40 28 for
1145 517 15 18 a
1183 507 70 29 Gold
1274 507 108 37 Mining

872 545 85 27 Lease
987 547 30 25 of
1044 546 46 27 the
1115 545 79 28 lands
1218 546 164 28 hereinafter

746 581 149 35 described,
914 583 28 28 in
962 583 165 29 accordance
1150 583 65 29 with
1239 584 46 28 the
1310 584 71 28 Gold

748 620 106 36 Mining
875 621 100 28 Leases
997 622 178 36 Regulations
1188 623 30 27 of
1235 623 66 27 New
1316 623 48 28 Zea-

745 658 73 33 land,
833 659 52 28 and
905 668 40 19 we
959 669 88 27 agree,
1063 669 72 28 upon
1150 661 45 28 the
1209 661 131 36 approval
1353 661 30 29 of

745 698 54 27 this
819 698 174 36 application,
1007 703 28 24 to
1048 705 109 22 execute
1178 709 15 18 a
1213 699 71 28 lease
1306 709 73 27 upon

745 736 45 28 the
804 736 71 28 basis
888 736 107 28 therein
1015 737 97 32 stated,
1126 738 23 27 if
1168 738 46 28 the
1239 737 141 30 Governor

745 774 71 28 shall
830 774 78 28 think
922 774 31 28 fit
966 778 29 24 to
1007 779 81 31 grant
1101 776 46 28 the
1160 785 85 19 same.

792 827 174 29 CHARLES
985 828 192 33 FELLOWS)
1327 852 9 12 ,

790 865 120 27 DAVID
931 866 206 27 FAULKNER
1171 861 10 40 |
1190 848 169 36 Applicants.

779 967 88 27 Name
875 968 52 26 and
936 968 110 27 address
1056 969 28 26 in
1097 968 49 27 full
1157 968 29 27 of
1193 968 187 36 applicants

814 1004 111 29 Charles
941 1006 115 27 Fellows
1068 1006 54 27 and
1131 1006 90 27 David
1232 1006 146 33 Faulkner,

814 1043 88 35 Lyell.

780 1094 76 37 Style
878 1093 87 30 under
988 1094 91 29 which
1105 1094 21 29 it
1150 1094 24 29 is
1198 1094 129 30 intended
1351 1098 28 26 to

816 1134 115 28 conduct
951 1134 44 28 the
1009 1134 124 28 business
1134 1134 129 28 Better
1286 1134 93 28 Times

815 1171 101 34 Quartz
931 1172 108 33 Mining
1051 1173 153 34 Company.

779 1221 103 30 Extent
895 1223 29 28 of
939 1221 106 38 ground
1064 1222 109 38 applied
1191 1223 41 28 for
1232 1222 146 30 Sixteen

814 1261 54 28 and
882 1261 89 29 a-half
982 1272 84 18 acres.

780 1313 149 28 Minimum
942 1313 117 28 number
1072 1313 31 28 of
1112 1322 64 19 men
1199 1313 132 37 proposed
1351 1317 28 25 to

814 1351 31 28 be
859 1351 144 37 employed
1015 1351 36 38 by
1070 1352 47 28 the
1135 1352 98 28 lessees
1235 1352 88 29 For
1334 1352 46 29 the

813 1390 59 28 first
903 1390 76 29 three
1007 1391 121 32 months,
1157 1393 16 26 2
1199 1400 82 25 men;
1314 1391 45 29 sub-

814 1429 152 36 sequently,
996 1428 81 30 when
1107 1429 30 28 in
1167 1429 51 29 full
1247 1428 84 35 work,
1362 1430 18 28 6

813 1476 74 18 men.

778 1517 123 28 Amount
920 1517 30 28 of
967 1518 99 36 capital
1089 1517 133 37 proposed
1236 1521 29 24 to
1283 1517 32 28 be
1336 1517 27 28 in-

814 1555 255 35 vested'2o,ooo.

779 1603 137 37 Proposed
928 1603 81 28 mode
1023 1603 30 28 of
1069 1603 124 36 working
1210 1603 48 28 the
1277 1602 102 29 land

813 1641 135 38 Ordinary
962 1641 80 30 mode
1056 1641 30 29 of
1095 1644 95 35 quartz
1204 1641 118 38 mining.

779 1694 105 27 Precise
932 1694 112 35 locality
1114 1694 84 28 Owen
1257 1694 122 29 District.

814 1731 133 30 Bounded
995 1741 35 20 on
1065 1731 46 29 the
1148 1731 82 30 north
1266 1732 37 37 by
1330 1733 47 29 the

814 1770 105 29 Golden
943 1770 81 29 Point
1044 1771 80 32 lease,
1140 1780 35 19 on
1196 1771 47 28 the
1265 1775 57 24 east
1342 1771 36 37 by

813 1808 45 29 the
881 1809 82 28 River
985 1808 95 34 Owen,
1100 1809 55 27 and
1176 1818 36 19 on
1230 1809 47 28 the
1296 1810 79 27 south

818 1846 54 28 and
884 1849 66 26 west
962 1846 36 36 by
1012 1847 97 28 Crown
1122 1846 101 29 Lands.

779 1898 81 29 Term
880 1899 41 29 for
932 1898 91 30 which
1042 1898 72 30 lease
1136 1899 24 29 is
1181 1899 195 37 requiredls

813 1945 87 28 years.

781 1989 77 27 Time
867 1988 30 28 of
903 1990 191 36 commencing
1099 1990 281 36 operationsWhen

816 2028 70 28 lease
900 2027 24 29 is
935 2028 122 37 granted.

780 2104 57 27 The
861 2104 84 27 above
967 2105 166 35 application
1146 2105 54 26 and
1219 2113 56 26 any
1294 2105 72 34 objec-

747 2141 57 29 tion
818 2140 103 31 thereto
934 2142 55 28 will
1002 2142 33 29 be
1048 2141 84 30 heard
1141 2145 28 25 at
1179 2142 46 28 the
1235 2142 145 29 Warden's

746 2180 84 28 Office
844 2184 28 24 at
885 2180 168 34 Murchison,
1067 2189 36 19 on
1115 2180 186 35 TUESDAY,
1312 2181 66 28 28th

751 2218 238 35 SEPTEMBER,
1003 2220 76 28 1886.

781 2257 62 36 Any
863 2267 97 26 person
983 2257 118 35 desiring
1122 2260 28 26 to
1172 2257 87 37 object
1281 2260 28 26 to
1332 2257 47 29 the

747 2295 71 29 issue
831 2296 29 28 of
870 2306 14 18 a
898 2295 108 37 Mining
1023 2296 85 29 Lease
1129 2306 75 27 upon
1225 2296 47 30 the
1294 2296 84 29 above

748 2335 162 35 application
938 2338 83 30 must,
1046 2335 97 28 within
1164 2336 34 27 30
1218 2335 71 28 clear
1312 2335 68 36 days

747 2373 68 28 from
829 2373 46 28 the
896 2373 61 30 date
979 2374 30 28 of
1028 2373 67 29 such
1115 2374 174 36 application,
1305 2378 76 25 enter

746 2411 42 26 his
811 2411 134 35 objection
964 2415 28 23 at
1013 2412 46 26 the
1080 2412 145 27 Warden's
1245 2413 84 26 Office
1351 2416 30 22 at

748 2447 85 37 Lyell.

849 2486 151 30 ALFRED
1018 2487 33 29 A.
1072 2487 201 34 CORFIELD,

1147 2526 56 28 Pro
1216 2526 129 29 Warden.

827 2563 144 28 Warden's
988 2563 92 34 Office,

781 2601 87 36 Lyell,
882 2601 65 29 2Gth
967 2602 76 37 July,
1058 2604 45 27 188
1103 2604 30 27 G.

917 2682 119 32 Public
1054 2683 152 31 Notices.

785 2758 327 34 FENNELL'S
1166 2759 171 40 HALL,

763 2856 9 21 4
819 2847 140 30 GRAND
990 2848 200 30 AMATEUR
1225 2849 151 30 ENTER-

745 2877 44 51 A
857 2890 214 33 TAINMENT
1086 2891 59 32 and
1159 2891 107 33 BALL

1044 2944 35 19 ON

745 2971 151 33 FRIDAY
912 2972 196 39 EVENING,
1126 2973 165 33 AUGUST
1313 2974 63 39 6th,

745 3026 54 26 For
812 3026 45 26 the
873 3036 115 24 purpose
1002 3027 29 26 of
1046 3027 179 34 augmenting
1238 3027 46 27 the
1298 3028 80 26 funds

837 3062 29 28 of
877 3062 45 28 the
936 3063 71 27 Irish
1023 3063 128 28 National
1165 3064 117 36 League.

779 3145 33 28 R.
839 3145 43 28 W.
906 3146 107 33 M'Coy,
1037 3146 77 34 Esq.,
1132 3146 29 27 in
1186 3147 46 28 the
1258 3147 84 28 chair.

866 3224 352 26 PROGRAMMEPart
1237 3224 24 27 I.

746 3270 226 32 Overture...Mrs
982 3270 116 42 Mangos
1110 3271 55 33 and
1180 3271 100 33 Messrs
1291 3271 87 40 Inglis

1251 3315 54 26 and
1319 3315 61 26 Hill

746 3349 82 36 Song,
873 3349 14 27 I
901 3349 108 28 Cannot
1023 3349 78 28 Mind
1114 3359 48 26 my
1174 3350 97 28 Wheel

1147 3388 67 30 Miss
1226 3389 152 30 Dollimore

747 3427 83 35 Song,
872 3427 93 27 Tara's
978 3427 66 28 Hall
1092 3428 44 27 Mr
1148 3429 31 26 T.
1194 3429 184 34 O'Callaghan

747 3466 73 35 Song
1157 3466 44 28 Mr
1216 3467 29 28 C.
1260 3467 121 29 Bennett

747 3506 82 32 Song,
873 3504 88 28 When
975 3504 69 29 Jack
1057 3505 98 28 Comes
1168 3506 92 27 Home

779 3542 70 28 from
865 3542 51 28 Sea
1157 3543 57 28 Mrs
1228 3544 33 27 R.
1275 3543 103 29 Carroll

747 3580 153 30 Recitation
969 3602 29 8 ...
1066 3581 103 29 Master
1182 3582 34 28 E.
1230 3582 150 30 Dollimore

748 3619 82 34 Song,
881 3619 88 29 Silver
987 3620 122 29 Threads
1131 3620 110 35 Among
1265 3621 47 29 the

986 3677 30 8 ...
1118 3659 67 26 Miss
1198 3659 23 26 A
1235 3660 141 26 Patterson

748 3693 73 36 Song
1098 3716 29 9 ...
1141 3695 45 30 Mr
1199 3696 30 29 F.
1240 3696 136 30 Harrison

748 3735 82 35 Song,
873 3735 57 28 The
943 3735 73 29 Dear
1034 3735 83 29 Little
1131 3736 153 29 Shamrock

1156 3774 58 27 Mrs
1226 3774 31 27 C.
1272 3774 106 27 Neville

748 3810 72 36 Song
1167 3812 44 28 Mr
1223 3812 156 29 G.V.Bell

748 3850 83 35 Song,
873 3849 58 27 The
941 3849 108 27 Vacant
1063 3849 82 28 Chair
1192 3850 186 27 Mrsowden

748 3886 73 37 Song
1167 3887 44 29 Mr
1223 3888 34 28 E.
1272 3888 104 29 Can-oil

748 3925 84 35 Song,
875 3925 57 28 The
948 3925 186 36 Stage-struck
1148 3926 152 35 Schoolboy

1171 3964 45 29 Mr
1230 3965 36 28 H.
1280 3965 99 36 Young

880 4040 120 29 Interval
1014 4041 30 29 of
1059 4046 46 25 ten
1118 4042 127 29 minutes.

995 4118 75 28 Part
1090 4118 40 28 11.

748 4155 197 28 Instrumental
959 4156 85 28 Duett
1059 4158 89 35 (piano
1163 4157 54 28 and
1231 4157 93 34 violin)

927 4194 56 29 Mrs
997 4194 115 39 Mangos
1126 4195 52 29 and
1193 4195 44 28 Mr
1249 4195 26 29 J.
1290 4196 87 37 Inglis

749 4232 73 37 Song
837 4233 113 37 (Comic)
1155 4234 43 30 Mr
1212 4235 28 29 C.
1255 4235 120 29 Bennett

749 4271 72 34 Song
1165 4274 56 27 Mrs
1235 4274 143 36 Campbell

751 4309 161 34 Recitation,
955 4311 66 28 Law
1068 4332 28 8 ...
1119 4311 44 29 Mr
1180 4312 100 28 Walter
1293 4312 83 29 Atkin

750 4348 80 34 Song,
879 4348 57 28 The
950 4349 141 37 Good-bye
1110 4355 29 23 at
1152 4349 45 28 the
1211 4350 73 27 Door

1159 4388 57 27 Mrs
1229 4388 30 27 C.
1274 4388 104 29 Neville

750 4424 82 35 Song,
872 4424 68 28 Jock
952 4425 127 28 M'Grath
1126 4426 103 28 Master
1239 4427 33 26 E.
1283 4427 97 35 M'Coy

750 4462 81 36 Song,
874 4462 140 39 Killarney
1080 4485 28 7 ...
1161 4464 57 29 Mrs
1232 4464 31 28 R.
1278 4465 100 29 Carroll

750 4501 82 36 Song,
875 4502 94 28 Eileen
986 4502 117 28 Allanah
1162 4503 44 28 Mr
1217 4504 32 26 A.
1263 4504 115 28 Corfield

750 4539 123 30 Duett...
887 4539 56 30 Mrs
957 4541 29 28 C.
998 4541 105 29 Neville
1114 4541 54 30 and
1180 4541 43 29 Mr
1233 4542 33 28 E.
1278 4542 102 30 Carroll

751 4579 72 34 Song
1180 4581 44 27 Mr
1236 4581 34 27 E.
1284 4581 97 28 Butler

750 4616 82 35 Song,
898 4617 54 28 She
976 4617 91 28 Never
1091 4618 117 28 Blamed
1233 4618 78 32 Him,

1148 4657 68 29 Miss
1228 4657 151 30 Dollimore

750 4694 82 36 Song,
880 4695 72 28 Irish
965 4696 148 27 Drummer
1233 4697 39 27 H.
1285 4697 98 34 Young

750 4776 106 29 Pianist

750 4815 127 28 Violinist

753 4854 130 35 Manager
927 4875 30 8 ...

1152 4778 57 27 Mrs
1223 4779 30 26 P.
1268 4779 113 36 Mangos

1132 4816 44 29 Mr
1188 4816 96 29 James
1297 4817 86 34 Inglis

1049 4875 29 8 ...
1126 4855 43 29 Mr
1181 4855 106 29 Walter
1299 4855 84 28 Atkin

752 4934 116 33 Tickets,
882 4938 28 25 to
924 4935 87 28 admit
1024 4936 63 36 lady
1101 4936 53 28 and
1167 4936 168 37 gentleman,
1347 4939 37 26 ss.

752 5010 86 28 Doors
852 5020 70 27 open
935 5016 28 23 at
975 5012 62 27 7.30
1047 5020 7 25 ;
1073 5021 157 19 commence
1252 5014 16 26 8
1290 5012 91 37 sharp.

860 5090 174 40 JONES
1062 5092 84 38 and
1178 5092 95 46 CO.,

752 5151 260 61 Furniture
1033 5153 20 28 &
1074 5153 176 29 bedding
1266 5153 95 30 manu-

950 5191 231 33 facturers,

802 5237 120 31 WOOD
944 5239 22 29 &
986 5238 126 31 IVORY
1134 5238 202 32 TURNERS.

754 5321 99 36 Spring
865 5321 55 27 and
933 5321 73 27 Wire
1026 5322 160 27 Mattrasses
1199 5324 28 25 in
1241 5322 76 28 stock
1331 5323 53 27 and

960 5358 80 28 made
1053 5362 27 24 to
1094 5359 87 29 order.

753 5396 179 29 Washstands
942 5397 55 27 and
1007 5397 105 33 Tables,
1122 5397 70 29 from
1206 5398 44 35 15/
1261 5398 46 28 the
1319 5398 65 35 pair.

797 5435 118 29 Kitchen
929 5435 96 28 Tables
1039 5435 53 29 and
1106 5435 96 29 Chairs
1215 5437 29 27 in
1257 5436 85 28 stock.

753 5511 243 32 N.B.Billiard
1011 5512 82 30 Balls
1108 5513 164 30 Re-turned
1287 5513 58 30 and

1004 5555 144 34 Coloured
1163 5556 87 42 equal
1265 5560 29 30 to
1309 5568 75 22 new.

753 5638 246 32 Workshops:
1007 5638 274 34 PALMERSTON
1315 5639 68 38 ST.,

788 5693 130 36 Opposite
932 5693 101 28 Messrs
1045 5694 87 28 Bailie
1146 5694 19 27 &
1181 5694 71 28 Co.'s
1264 5694 86 33 Store,

1047 5732 54 26 and

754 5779 172 33 HENLEY
942 5779 67 37 ST.,
1019 5779 130 42 opposite
1157 5778 103 34 Public
1268 5778 116 38 School,

946 5837 254 28 WESTPORT.

2598 392 80 41 fXr

1553 433 335 62 'B6AUTUMN
1925 430 31 63 &
1990 430 173 61 WINTER
2204 432 366 62 DRAPERY'B6.
2597 425 111 112 |g>

1491 580 373 56 JOHN
1933 576 702 73 FENNBLL,
2669 622 19 15 3

1416 675 60 30 Has
1489 677 84 28 much
1592 676 124 37 pleasure
1735 676 29 28 in
1786 674 176 36 announcing
1982 677 27 25 to
2029 672 46 28 the
2097 672 171 31 inhabitants
2290 675 29 28 of
2341 675 79 37 Lyell
2446 676 54 29 and
2525 677 183 37 surrounding

1790 714 119 28 districts
1932 712 46 29 the
2001 712 100 28 arrival
2126 713 30 27 of
2172 722 15 19 a
2207 714 125 28 LARGE

1416 787 269 127 STOCK
1736 787 107 127 OF
1893 782 351 132 WHITER
2300 787 408 132 DRAPERY

1926 960 272 29 COMPRISING

1450 1034 97 40 The
1568 1035 158 41 Latest
1749 1034 226 40 Novelties
1992 1032 85 40 and
2103 1031 213 39 Fashions
2335 1030 41 39 in
2400 1030 166 40 Ladies'
2587 1032 85 38 and

1757 1088 154 42 Gents'
1940 1084 207 53 Wearing
2165 1084 201 53 Apparel,

1416 1179 66 30 And
1507 1179 106 31 invites
1637 1189 38 21 an
1698 1178 165 40 inspection
1888 1177 32 31 of
1940 1177 50 31 the
2015 1185 89 26 same,
2130 1176 108 39 feeling
2263 1186 66 21 sure
2354 1177 66 31 that
2444 1177 44 31 for
2516 1177 191 38 VARIETY,

1564 1222 190 40 QUALITY,
1770 1221 59 32 and
1843 1220 139 33 VALUE
1997 1219 70 42 they
2082 1218 161 33 CANNOT
2258 1218 35 33 be
2310 1219 248 34 SURPASSED.

1417 1405 129 39 Ladies
1550 1408 7 14 1
1595 1406 71 38 and
1701 1406 197 39 Children's
1949 1403 213 40 WINTER
2206 1403 144 38 HATS
2388 1402 37 38 in
2467 1403 51 38 all
2561 1403 144 52 Shapes.

1453 1596 109 28 Ladies'
1577 1596 156 28 WINTER
1746 1594 163 30 JACKETS
1923 1592 55 30 and
1990 1594 116 28 CAPES
2119 1594 28 27 in
2161 1594 36 28 all
2210 1594 46 28 the
2268 1595 109 29 Newest
2391 1597 104 36 Shapes
2509 1598 54 27 and
2577 1599 97 36 Styles.

1564 1672 86 37 New
1671 1672 166 37 Feathers
1853 1672 7 35 !
1902 1671 87 36 New
2010 1669 150 38 Flowers
2177 1672 7 35 !
2225 1672 87 38 New
2334 1674 206 47 Trimmings
2556 1676 7 35 !

1514 1752 49 32 All
1590 1752 51 32 the
1669 1752 94 32 NEW
1792 1752 58 31 and
1878 1750 288 34 FASHIONABLE
2196 1752 166 33 WINTER
2389 1753 132 32 DRESS
2545 1754 163 36 STUFFS,

1719 1827 68 30 And
1808 1824 234 34 TRIMMINGS
2064 1826 31 32 of
2113 1836 86 31 every
2220 1826 188 41 description.

2050 1939 18 26 0

1418 2006 139 75 MEN'S,
1596 2006 117 64 BOYS'
1750 2008 68 62 and
1854 2005 178 65 YOUTHS'
2070 2008 212 63 CLOTHING
2317 2008 37 62 in
2385 2009 147 63 Endless
2556 2009 152 79 Variety.

2053 2132 18 26 o

1682 2205 247 63 JOHN
1992 2205 452 68 FENNELL

1827 2320 120 32 CLIFF
1970 2321 168 37 STREET,
2161 2324 146 34 LYELL.

1589 2437 119 32 Public
1725 2437 152 32 Notices.

1419 2522 208 37 BROWN'S
1648 2522 118 37 BOOT
1794 2519 258 38 EMPORIUM

1668 2578 133 30 LYELL.

1418 2657 44 66 J
1498 2657 139 29 BROWN
1651 2658 30 28 in
1693 2656 136 37 thanking
1841 2655 43 29 liis
1903 2663 149 21 numerous

1515 2702 149 22 customers
1694 2697 41 26 for
1764 2701 63 30 past
1855 2695 120 32 favours,
1999 2695 52 26 and

1419 2733 105 36 hoping
1549 2733 41 28 for
1611 2743 17 18 a
1649 2733 181 28 continuance
1851 2733 31 26 of
1899 2731 48 28 the
1966 2740 84 23 same,

1417 2771 99 29 wishes
1529 2775 45 26 too
1587 2771 52 29 call
1653 2771 71 30 their
1743 2771 135 28 attention
1893 2773 28 26 to
1935 2770 43 28 his
1992 2779 59 19 new

1418 2811 77 28 stock
1516 2812 31 27 of
1569 2812 108 28 Ladies'
1703 2811 98 28 Maids'
1824 2810 54 28 and
1898 2810 153 28 Children's

1416 2850 86 26 Boots
1522 2850 30 25 in
1575 2854 76 30 great
1672 2850 115 34 variety.
1823 2849 77 29 Also,
1914 2848 42 26 his
1976 2848 74 35 large

1417 2886 55 29 and
1486 2886 94 29 varied
1594 2886 78 30 stock
1684 2886 31 29 of

1416 2939 119 29 Men.s.
1549 2939 140 30 Youths'
1704 2938 27 30 &
1744 2938 100 37 Boys'
1863 2938 105 30 Boots
1982 2938 70 30 an

1674 2973 117 33 Shoes.

1416 3048 87 26 Fresh
1517 3048 92 27 Goods
1623 3048 120 35 arriving
1764 3047 134 34 monthly,
1912 3046 91 28 which
2017 3047 33 27 he

1450 3084 22 30 is
1486 3085 116 38 offering
1615 3089 29 27 at
1656 3086 87 39 prices
1756 3089 29 26 to
1796 3085 53 29 suit
1863 3085 46 29 the
1924 3084 89 31 times.

1415 3126 45 26 All
1484 3126 139 36 imported
1657 3127 85 33 goods
1771 3125 116 27 marked
1917 3126 28 26 in
1975 3126 74 35 plain

1676 3163 111 38 figures.

1452 3240 130 27 N.B.A
1594 3240 99 37 supply
1706 3240 30 28 of
1757 3240 88 28 North
1860 3239 103 28 British
1978 3241 70 26 Gum

1416 3279 86 32 Boots
1528 3279 54 32 and
1608 3281 70 30 Own
1704 3279 81 32 Make
1806 3279 181 40 Watertights
2013 3280 24 31 al-

1416 3330 75 25 ways
1504 3331 36 16 on
1553 3321 84 26 hand.

1452 3357 116 37 Repairs
1580 3357 141 38 promptly
1731 3357 131 29 executed
1876 3357 54 28 and
1943 3358 107 27 elastics

1417 3396 131 30 inserted.

1444 3474 70 29 Note
1528 3474 47 30 the
1586 3474 119 30 Address
1714 3474 142 30 :-JOHN
1878 3474 148 35 BROWN,

1417 3521 88 30 Boot
1529 3521 28 31 &
1583 3521 210 31 Shoemaker
1815 3522 27 30 &
1872 3523 177 38 Importer,

1481 3567 141 36 (Opposite
1636 3566 80 28 Bank
1729 3566 30 28 of
1769 3567 67 28 New
1851 3567 139 35 Zealand.)

1535 3650 186 35 JAMES
1761 3650 171 38 RYAN,

1419 3738 87 58 QE
1515 3739 23 26 N
1547 3738 85 27 EIIA
1640 3739 22 27 L
1736 3739 40 33 Q
1785 3739 264 34 TOREKEEPER,

1567 3813 85 29 Cliff
1676 3814 118 34 Street,
1815 3815 85 27 Lyel.

1418 3942 92 29 Goods
1523 3942 132 38 carefully
1669 3942 104 38 packed
1787 3946 27 25 to
1829 3943 36 28 all
1877 3947 75 33 parts
1966 3943 29 29 of
2005 3943 45 28 the

1674 3982 115 27 district.

1434 4104 104 30 BANK
1558 4105 111 29 PRICE
1689 4106 119 29 GIVEN
1830 4106 72 29 FOR
1923 4106 111 29 GOLD*

1435 4186 360 39 WELCOME
1866 4187 165 46 INN,

1679 4246 104 29 Lyell.

1529 4323 153 31 ELLEN
1712 4323 233 31 WILLIAMS

1421 4372 61 28 TN
1507 4381 29 19 re
1540 4377 39 23 tin
1584 4382 67 26 mug
1669 4372 100 28 thanks
1788 4378 41 22 tor
1851 4382 62 27 paci
1933 4373 118 32 favours,

1420 4417 35 14 -*
1493 4411 63 34 begs
1574 4415 27 24 to
1622 4411 100 27 inform
1740 4412 49 26 her
1808 4411 102 27 friends
1930 4411 54 27 and
2006 4410 45 28 the

1420 4448 89 37 public
1529 4449 61 28 that
1611 4449 49 28 she
1684 4449 51 29 has
1756 4449 57 36 just
1835 4448 154 37 completed
2009 4458 28 18 ex-

1421 4488 101 27 tensive
1542 4488 137 27 additions
1702 4488 55 27 and
1776 4499 12 16 <1
1794 4488 142 28 Iterations
1957 4492 28 23 to
2004 4488 48 26 her

1420 4525 141 37 premises,
1580 4526 54 28 and
1654 4526 45 28 the
1723 4526 208 28 accomodation
1949 4526 24 28 is
1990 4535 62 19 now

1636 4565 192 36 unsurpassed.

1420 4640 73 36 Ales,
1518 4640 104 35 Wines,
1644 4640 54 30 and
1722 4640 98 38 Spirits
1844 4640 30 29 of
1897 4640 155 29 First-class

1593 4681 110 35 Quality
1719 4681 62 34 only
1796 4681 73 35 kept.

1490 4757 78 29 Good
1587 4756 125 34 Stabling
1730 4756 254 28 Accftinmo.lation.

1594 4803 127 29 ELLEN
1746 4803 205 32 WILLIAMS,
1994 4803 3 32 .

1803 4844 217 23 ruOI'UIKTKKSS.

2082 2519 162 40 FERN
2293 2522 154 40 FLAT
2492 2525 218 48 HOTEL,

2239 2583 124 30 UPPER
2394 2585 163 31 BULLEK.

2081 2659 107 32 rTIHE
2204 2661 84 30 above
2303 2663 174 30 well-known
2494 2665 73 29 hotel
2588 2665 22 29 is
2632 2667 79 34 again

2169 2701 87 26 under
2266 2702 45 25 the
2322 2708 195 29 management
2526 2705 28 25 of
2565 2705 43 26 Mr
2620 2706 91 26 Alfred

2080 2734 100 35 Smith,
2192 2737 45 27 the
2251 2738 101 28 former
2364 2740 157 35 proprietor.

2113 2814 91 36 Every
2218 2818 238 28 accommodation
2464 2819 54 27 and
2532 2821 179 28 convenience

2079 2852 40 26 for
2131 2853 141 27 travellers
2285 2854 118 28 between
2419 2857 46 26 the
2479 2857 76 28 West
2568 2858 81 26 Coast
2660 2858 51 27 and

2080 2889 110 36 Nelson,
2212 2891 149 38 Hampden
2386 2893 173 35 Matakitaki,
2583 2895 128 38 Glenroy,

2080 2929 114 32 Maruia,
2209 2931 53 26 and
2275 2931 46 28 the
2336 2934 82 25 Owen
2435 2934 87 26 Reefs.

2079 3006 160 29 Newman's
2253 3007 88 34 Royal
2366 3009 66 28 Mail
2454 3010 69 28 Line
2544 3011 30 28 of
2591 3011 120 29 Coaches

2112 3044 80 26 make
2218 3046 54 26 this
2295 3045 137 36 hostelery
2452 3048 46 26 the
2522 3049 58 26 first
2602 3049 76 34 day's

2146 3086 75 35 stage
2235 3083 70 29 from
2317 3083 76 31 West
2401 3084 82 31 Coast
2493 3088 27 27 to
2532 3086 111 31 Nelson.

2112 3159 55 28 Hoi
2168 3169 48 19 scs
2230 3161 53 28 and
2303 3162 145 37 equipages
2461 3172 16 19 a
2491 3163 150 39 speciality.

2260 3210 187 36 ALFRED
2472 3212 161 45 SMITH,

2512 3256 165 38 Proprietor.

2332 3342 156 39 WOLF
2534 3342 36 40 &
2615 3343 97 47 CO.,

2396 3443 169 21 WHOLESALE
2596 3445 54 19 AND

2469 3483 101 20 KETaIL

2078 3530 633 63 BUTCHERS.

2180 3630 114 28 Dealers
2307 3631 28 27 in
2350 3631 37 28 all
2400 3631 180 36 descriptions
2594 3631 30 28 of

2095 3676 104 28 FARM
2236 3678 78 26 AND
2352 3678 119 27 DAIRY
2507 3678 188 28 PRODUCE.

2078 3756 99 27 Hotels
2186 3756 54 26 and
2254 3756 130 27 Families
2392 3756 100 28 waited
2506 3765 35 19 on
2554 3756 41 28 for
2603 3756 110 28 Orders.

2112 3831 100 28 Orders
2232 3831 138 28 delivered
2389 3836 28 23 to
2439 3832 37 27 all
2497 3835 75 33 parts
2586 3842 15 17 o
2632 3833 46 27 the

2337 3869 123 29 District.

2251 3947 72 29 Note
2338 3946 48 30 the
2399 3946 124 30 Address

2229 3995 108 26 OLF
2408 3995 114 26 AND
2604 3994 91 34 CO.,

2130 4033 73 29 Next
2227 4033 45 29 the
2299 4033 189 28 Government
2507 4032 154 38 Buildings,

2225 4072 86 26 Cliff
2331 4071 119 32 Street,
2469 4072 104 27 Lyell.

2079 4165 115 38 THE
2251 4165 204 38 EMPIRE
2513 4163 199 49 HOTEL,

2176 4232 110 31 CLIFF
2307 4232 153 36 STREET,
2481 4232 133 29 LYELL.

2081 4344 107 58 THE
2204 4343 84 28 above
2301 4343 76 27 hotel
2394 4343 49 27 has
2456 4343 69 27 been
2546 4343 79 27 fitted
2646 4344 67 26 with

2164 4382 35 27 all
2212 4381 114 28 modern
2334 4381 217 36 improvements
2562 4381 152 33 regardless

2079 4419 29 28 of
2118 4423 66 28 cost,
2199 4419 54 28 and
2276 4419 195 36 consequently
2492 4419 80 28 offers
2593 4429 121 27 superior

2079 4458 246 29 accommodation.

2230 4558 211 28 FEXNELL'S
2460 4558 105 28 HALL

2081 4597 28 26 Is
2135 4606 14 17 a
2172 4597 151 27 well-fitted
2346 4605 86 22 room,
2457 4597 66 27 with
2546 4597 71 36 good
2639 4602 75 30 stage

2116 4635 245 35 accommodation,
2375 4634 55 29 and
2443 4634 132 31 excellent
2588 4637 91 36 piano.

2084 4732 109 36 Sample
2207 4741 98 17 rooms.
2342 4731 128 36 Booking
2485 4731 80 36 Office
2572 4732 52 36 for
2636 4733 58 27 New-

2184 4772 88 25 mans'
2286 4770 92 35 Royal
2396 4771 73 26 Mail
2483 4771 127 27 Coaches.

2148 4830 106 32 JOHN
2276 4829 207 38 FENNELL,
2496 4830 178 39 Proprietor.

2000 4998 28 39 T
2048 4998 31 39 li
2097 4998 30 39 Y

1422 5138 332 79 3KIR
1787 5141 373 68 KPAT
2188 5138 234 71 RIC
2450 5141 182 68 K'S

1878 5476 48 52 4

1683 5740 27 37 I
1738 5740 27 37 T
1843 5739 16 38 I
1890 5739 24 38 S
1991 5738 92 39 TII
2112 5739 29 38 E
2217 5738 144 39 EES
2390 5739 28 38 T
2433 5762 17 15 ,

2920 199 118 29 Public
3064 199 149 28 Notices.

2905 283 73 67 #
3005 283 196 58 NewCnum
3212 283 170 72 Butcliery

3122 395 148 32 LYELL.

2841 535 205 39 JAMES
3098 534 184 46 EDGE,

2842 621 119 28 lIOLE
2971 621 109 28 SALE
3117 621 79 28 AND
3242 621 140 27 RETAIL

2894 698 338 32 BUTCHER.

2745 807 100 31 Hotels
2858 808 54 29 and
2926 808 131 30 Families
3078 807 99 30 waited
3199 818 36 19 on
3249 809 82 37 Daily
3344 809 38 30 for

3011 847 110 28 Orders.

2798 960 76 27 Meat
2887 960 146 27 Delivered
3052 963 27 24 to
3093 960 37 27 all
3149 964 76 31 parts
3238 961 27 26 of
3286 961 46 26 the

3004 997 125 30 District.

2747 1100 118 33 NEW
2910 1101 155 33 CHUM
3105 1100 277 34 BUTCHEKY.

2814 1159 130 35 Opposite
2954 1159 152 28 Alliambra
3117 1159 94 29 Hotel,
3227 1158 87 36 Lyell.

2944 1257 248 29 NOTICE.

2747 1332 40 29 To
2801 1332 47 29 the
2862 1332 172 29 inhabitants
3042 1337 27 25 oi
3081 1333 80 36 Lyell
3172 1333 55 28 and
3236 1335 129 28 surround-

2977 1373 47 37 ing
3037 1372 114 30 district.

2886 1426 367 61 HENRY~YOUNGr

2897 1509 28 23 to
2939 1506 125 27 intimate
3083 1506 61 27 that
3163 1507 34 26 he
3222 1506 110 27 intends
3356 1510 27 23 to

2846 1546 69 25 start
2928 1542 116 38 Baking,
3057 1544 56 28 and
3125 1544 36 36 by
3184 1544 101 36 paying
3308 1544 77 27 strict

2749 1582 135 27 attention
2898 1586 28 23 to
2939 1582 43 27 his
3003 1582 123 28 business
3146 1587 28 23 to
3196 1582 82 28 merit
3299 1592 15 18 a
3334 1583 50 27 fair

2750 1618 79 29 share
2845 1619 29 29 of
2884 1623 122 34 support.
3043 1620 57 29 The
3114 1620 71 38 price
3197 1620 57 28 will
3265 1620 33 28 be

2848 1678 76 48 4lb.
2947 1678 146 39 LOAF
3154 1702 13 5 -

2785 1768 38 28 H.
2842 1769 132 29 YOUNG
2987 1769 110 29 intends
3111 1773 27 25 to
3153 1770 97 36 supply
3264 1770 46 28 the
3319 1778 65 28 very

2749 1805 60 30 best
2822 1807 105 36 quality
2937 1808 30 27 of
2978 1808 90 28 bread.
3105 1808 23 27 A
3137 1808 73 35 large
3220 1812 165 24 assortment

2749 1845 30 27 of
2802 1845 81 27 small
2908 1845 84 35 goods
3021 1845 81 29 made
3132 1855 82 27 every
3237 1845 146 36 Saturday.

2751 1883 124 38 Nothing
2896 1883 50 29 but
2967 1885 45 29 the
3037 1884 58 29 best
3120 1885 167 36 ingredients
3307 1885 76 32 used,

2749 1922 55 27 and
2819 1923 161 35 everything
2994 1923 58 27 sold
3066 1927 28 23 at
3106 1923 141 36 Westport
3259 1924 95 35 prices.

2750 2006 198 27 CHRISTENING,
2979 2007 142 25 WEDDING,
3151 2008 56 19 AND
3243 2008 141 19 BIRTHDAY

2836 2046 87 20 CAKES
2941 2046 76 20 MADE
3036 2046 35 21 ON
3090 2046 55 21 THE
3165 2047 139 20 SHORTEST

2940 2086 129 18 POSSIBLE
3090 2086 108 19 NOTICE.

2784 2151 71 29 Note
2871 2151 45 29 the
2929 2152 154 28 Address

2749 2202 113 55 ALL
2883 2203 240 55 NATIONS
3154 2203 228 55 BAKERY

2822 2273 138 36 (Opposite
2973 2272 27 28 J.
3015 2273 89 37 Ryan,
3120 2273 194 36 Storekeeper.)

2860 2353 177 43 JAMES
3085 2354 188 50 INGLIS,

2755 2480 152 62 gHARE
2911 2481 154 31 BROKER
3097 2487 19 24 &
3147 2484 236 30 COMMISSION

2967 2616 22 27 A
3008 2615 23 29 G
3052 2615 23 28 E
3096 2616 24 27 N
3140 2616 31 33 T,

2828 2760 115 29 Cliff
2981 2761 158 33 STREET,
3177 2761 140 28 LYELL.

2770 2851 127 35 POST
2941 2852 193 35 OFFICE
3178 2852 189 36 HOTEL.

2957 2908 221 29 LYELL.

2800 3003 224 39 PETER
3055 3003 282 41 MANGOS

2753 3065 140 71 BEGS
2914 3069 27 25 to
2955 3066 102 28 inform
3078 3066 43 28 his
3139 3066 104 29 triends
3264 3067 56 28 and
3341 3067 45 28 the

2855 3106 91 36 public
2968 3106 63 29 that
3055 3106 43 29 his
3118 3116 60 19 new
3199 3107 187 29 commodious

2922 3145 86 27 Hotel
3021 3146 23 26 is
3058 3154 62 18 now
3133 3154 80 27 open.

2749 3181 153 31 Travellers
2921 3182 54 30 and
2994 3184 110 28 visitors
3122 3188 29 24 to
3171 3183 55 29 this
3244 3183 131 31 establish

2783 3226 77 23 ment
2873 3222 56 26 will
2941 3222 59 27 find
3012 3222 72 27 their
3094 3223 118 26 comfort
3221 3223 54 26 and
3288 3233 47 17 con-

2818 3259 130 31 venience
2960 3259 167 42 thoroughly
3137 3259 130 32 attended
3280 3268 36 24 to.

2749 3302 58 28 The
2820 3301 148 29 bedrooms
2989 3313 45 18 are
3045 3304 78 34 lofty,
3139 3303 54 27 and
3207 3304 62 27 well
3283 3304 103 35 lighted

2951 3340 56 27 and
3027 3341 159 26 ventilated.

2784 3417 207 28 Comfortable
3020 3419 127 26 Parlors
3174 3427 55 18 and
3250 3419 84 27 First-

2968 3465 80 20 class
3067 3457 40 27 TA
3109 3465 15 18 V;
3129 3465 41 19 []',.

2767 3495 59 28 One
2849 3496 30 27 of
2899 3496 127 27 Alcock's
3039 3496 78 27 Prize
3130 3496 117 27 Billiard
3260 3496 107 28 Tables.

2750 3572 58 28 The
2822 3572 55 28 Bar
2890 3573 23 27 is
2927 3572 112 29 stocked
3049 3572 67 28 with
3130 3572 73 35 Ales,
3332 3574 54 28 and

2802 3612 98 36 Spirits
2914 3614 26 26 ol
2958 3612 168 37 guaranteed
3145 3612 101 29 brands
3259 3613 73 36 only.

2784 3651 22 25 A
2826 3650 142 27 tirst-class
2991 3660 11 17 s
3014 3651 159 26 xteen-stall
3186 3651 87 26 stable
3287 3652 72 26 iscon-

2750 3686 98 30 nected
2861 3687 68 30 with
2943 3687 56 30 this
3013 3687 85 29 hotel.

3001 3728 126 29 PETER
3151 3727 166 34 MANGOS,

3188 3767 151 30 Proprieor.

3490 199 172 37 Westport
3680 200 303 29 Advertisements.

3543 279 40 35 A.
3606 280 312 43 RICHARDSON,

3417 366 33 24 n
3456 359 158 32 HEMIST
3661 361 93 30 AND
3803 368 42 23 iv
3853 361 192 31 RUGGIST.

3415 380 33 60 I
3810 396 8 45 I
3836 392 14 62 I

3446 448 326 48 Palmcrston-St.,
3800 451 212 50 Westport.

3410 557 24 27 A
3446 557 74 36 large
3539 559 53 27 and
3615 560 188 28 well-selected
3825 561 80 27 Stock
3928 561 31 27 of
3980 561 66 27 New-

3445 595 100 37 Drugs,
3559 597 162 34 Chemicals,
3732 599 219 36 Homoeopathic,
3963 599 32 28 Pa-

3480 639 59 24 tent
3551 635 53 28 and
3625 635 172 37 Proprietary
3819 637 157 33 Medicines,

3518 675 132 35 Sponges,
3681 675 173 34 Brushwore,
3881 676 46 27 Per-

3549 713 116 36 fumery,
3691 714 87 27 Toilet
3809 714 82 36 Requi-

3584 752 72 32 sites,
3665 752 103 28 Elastic
3780 753 77 27 Stock-

3618 791 69 34 ings,
3695 790 150 38 Kneecaps,

3664 829 124 31 Anklets,

3620 867 106 26 Ladies'
3771 868 51 34 Sup-

3584 910 85 28 ports,
3710 904 164 30 Abdominal

3549 942 91 31 Belts;
3660 943 120 31 Trusses,
3791 945 36 26 all
3841 947 68 25 sizes

3514 980 108 26 various
3641 985 131 30 patterns,
3786 981 54 32 &c.,
3854 981 89 28 Horse

3482 1016 55 28 and
3561 1018 87 27 Cattle
3674 1018 158 34 Medicines,
3857 1022 55 26 Ac.,
3933 1023 44 24 \c.

3414 1091 124 38 Country
3568 1093 101 28 Orders
3697 1094 137 37 carefully
3860 1096 132 27 attended
4011 1098 35 26 to.

3455 1131 80 36 Lyell
3547 1133 110 35 Agency
3669 1134 122 34 :Lyell
3804 1135 93 27 Times
3910 1135 93 27 Office.

3412 1205 34 31 A.
3460 1205 273 39 RICHARDSON,
3745 1208 288 33 Palmerston-street

3411 1288 333 55 GILMER'S
3799 1290 246 61 HOTEL,

3653 1362 155 27 WESTPORT,

3438 1402 146 38 Corner
3611 1403 41 36 of
3681 1404 238 38 Palmerston
3945 1406 74 37 and

3530 1455 211 40 Wakefield
3770 1458 158 46 Streets,

3415 1526 122 60 CON\
3548 1526 146 28 ENIENT
3718 1531 27 25 to
3764 1528 47 28 the
3825 1528 153 37 Telegraph
3992 1529 53 28 and

3505 1565 64 27 Post
3584 1565 108 33 Offices,
3706 1566 54 27 and
3773 1567 96 35 nearly
3882 1568 124 35 opposite
4019 1572 28 24 to

3413 1602 33 27 he
3461 1603 76 27 R.M.
3553 1603 86 27 Court
3655 1604 54 27 and
3730 1604 80 27 H.M.
3825 1605 139 28 Customs.

3416 1681 179 38 Gilmer's
3618 1681 174 38 Masonic
3818 1683 127 40 Hotel,

3415 1773 179 38 Gilmer's
3622 1773 129 47 Hotel,

3934 1745 112 20 NELSON.

3866 1836 181 21 GREYMOUTII.

3415 1863 178 42 Gilmer's
3614 1865 121 53 Royal
3756 1865 85 40 Oak
3863 1867 128 46 Hotel,

3852 1929 193 20 WELLINGTON.

3481 1997 79 27 THE
3592 1997 182 29 PRINCESS
3800 1997 178 29 THEATRE

3413 2035 28 29 Is
3455 2036 56 29 70ft
3524 2045 16 19 x
3554 2037 56 28 30ft
3622 2036 98 32 inside,
3735 2037 160 34 containing
3907 2041 74 31 stage
3992 2039 51 27 30f>

3412 2084 15 17 x
3441 2074 66 31 21ft,
3520 2075 65 27 with
3600 2076 133 34 complete
3747 2080 54 22 sets
3822 2076 28 26 of
3869 2086 111 25 scenery
3993 2078 53 26 and

3412 2111 74 33 large
3511 2110 124 36 dressing
3664 2121 100 18 rooms.
3813 2112 58 27 The
3897 2112 94 34 height-
4022 2115 25 24 of

3413 2149 78 28 walls
3505 2150 21 27 is
3540 2150 64 32 20ft,
3619 2150 54 27 and
3688 2149 45 28 the
3746 2159 76 19 room
3845 2151 22 27 is
3889 2151 112 36 capable
4021 2154 26 25 cf

3584 2189 107 36 seating
3703 2190 51 27 COO
3772 2189 102 36 people.

3446 2239 127 33 Booking
3593 2240 84 28 Office
3697 2241 41 27 for
3751 2241 45 28 the
3810 2241 169 28 Charleston.
3993 2242 36 27 Ad-

3412 2278 113 34 dison's,
3540 2278 114 29 Reefton
3668 2278 54 29 and
3741 2279 79 37 Lyell
3834 2279 130 30 Coaches.

3620 2331 120 30 JOHN
3761 2331 189 39 GILMER,

3848 2377 163 35 Proprietor.

3414 2452 102 60 w.
3604 2452 45 62 S
3649 2452 46 62 T
3714 2453 30 40 E
3763 2453 33 41 u
3817 2453 228 41 TIIEIIB

3559 2528 89 33 HAS
3665 2531 63 30 ON
3751 2531 148 30 SALE-

3466 2583 235 52 Ccrrugatcd
3724 2585 99 46 Iron,

3465 2640 202 45 Crockerv,

3631 2681 12 11 J
3660 2677 6 9 1

3467 2695 322 49 Paperhangings,

3465 2747 132 39 White
3619 2749 119 47 Lead,

3467 2803 92 46 Oils,

3465 2857 222 43 Varnishes,

3467 2911 124 39 Doors
3606 2913 73 38 and
3701 2913 152 47 Sashes,

3467 2966 168 52 Cutlery,

3466 3021 438 50 Cutlery-Electroplate
3923 3039 5 28 ;
3959 3026 74 36 and

3467 3072 238 42 Brushware.

3456 3167 317 39 PALMERSTON
3820 3169 192 47 STREET,

3630 3214 212 26 WESTPORT.

3452 3297 288 58 Thomas
3768 3299 245 71 James,

3687 3386 264 48 SADDLER,

3417 3454 218 29 TMPORTER
3654 3462 55 21 AND
3736 3455 311 32 MANUFACTURE!;

3717 3502 32 20 OF

3416 3532 58 38 All
3508 3532 252 52 descriptions
3780 3534 40 38 of
3849 3535 196 53 Saddlery,

3466 3587 183 48 Harness,
3670 3589 109 52 Long
3791 3590 74 39 and
3885 3591 114 39 Short

3516 3643 200 48 Leggings,
3790 3645 157 48 Plough,

3563 3695 30 41 &
3613 3695 106 42 Back
3747 3696 151 51 Chains,

3610 3752 156 45 Traces,
3784 3755 65 35 &c.

3417 3842 112 36 Repairs
3542 3843 101 35 Neatly
3657 3843 54 26 and
3731 3844 143 36 Promptly
3897 3845 148 28 Executed.

3417 3920 173 35 Up-country
3603 3920 92 27 orders
3713 3921 140 35 promptly
3865 3922 129 27 attended
4009 3927 37 23 to.

3415 3996 49 27 ON
3485 3996 203 28 SALESteel
3719 3996 137 33 Polished,
3887 3998 53 27 and
3973 3998 73 28 Solid

3484 4034 88 29 Silver
3601 4035 69 33 Bits,
3702 4035 130 37 Stirrups,
3864 4036 54 28 and
3951 4037 95 37 Spurs.

3483 4073 102 35 Riding
3608 4073 123 33 Saddles,
3752 4075 72 26 Pack
3848 4075 123 31 Saddles,
3992 4076 55 27 and

3484 4111 97 37 Whips
3595 4111 29 28 of
3638 4111 36 28 all
3688 4111 186 38 descriptions.

3627 4306 208 35 IMPORTER,

3758 4400 127 38 WINE,
3913 4401 134 30 SPIRIT

3516 4562 194 38 Provision
3733 4563 213 38 Merchant.

3456 4763 318 36 PALMERSTON
3817 4764 191 41 STREET,

3627 4819 213 26 WESTPORT.

3534 4918 156 35 PETER
3717 4917 212 45 MULVAY,

3692 4979 237 33 TINSMITH,

3438 5027 11 16 a
3589 5018 68 26 GAS
3663 5016 145 33 FITTER,
3822 5017 55 28 and

3495 5079 471 45 COPPERWORKER,

3448 5150 213 37 Palmerston
3689 5149 120 47 Street,
3829 5150 185 46 Westport.

3531 5212 140 36 (Opposite
3686 5212 127 27 Gilmer's
3826 5212 104 35 Hotel.)

3434 5344 75 29 'vrrv
3528 5343 179 35 description
3724 5344 32 29 of
3782 5343 174 33 ITollowarc,
3973 5344 49 30 Tin-

3455 5388 115 30 smiths'
3589 5387 34 30 Gi
3637 5388 63 38 od*,
3717 5388 54 30 and
3794 5388 213 40 Ironmongery

3614 5432 70 38 kept
3707 5432 28 29 in
3758 5432 93 30 stock.

3546 5550 23 27 A
3583 5549 86 35 Large
3684 5548 199 38 Consignment
3895 5548 31 29 of

3461 5614 184 41 STOVES
3673 5614 100 40 AND
3809 5614 198 41 RANGES

3625 5705 59 18 NOW
3704 5705 33 17 TO
3756 5704 85 18 lIAND.

3524 5842 7 12 J

3603 5829 41 25 Ail
3667 5828 81 25 Work
3763 5828 182 26 Guaranteed.

2878 3864 120 32 JOHN
3033 3864 226 40 FENN&LL,

2753 3929 60 59 Q.
2824 3928 91 28 ENE
2926 3928 58 28 RA
2992 3929 23 27 L
3072 3928 145 62 gTORE
3221 3929 164 28 KEEPER.

2837 4014 84 30 Wine
2940 4022 56 20 and
3015 4014 96 29 Spirit
3133 4014 170 29 Merchant.

2786 4127 103 36 Money
2908 4127 103 36 always
3032 4127 30 28 in
3083 4126 76 29 hand
3179 4127 41 28 for
3239 4127 113 36 cashing

3006 4165 127 37 cheques.

2784 4280 111 28 Liberal
2909 4280 136 28 advances
3057 4280 81 28 made
3155 4289 35 18 on
3204 4280 107 37 parcels
3325 4281 29 27 of

2967 4318 118 28 retorted
3100 4318 72 36 gold.

2895 4412 82 39 Cliff
2993 4412 122 46 Street,
3140 4412 108 47 Lyell.

2752 4514 291 61 JFOUNDED
3097 4513 71 42 ON
3228 4514 135 41 FACT

2785 4656 44 28 Ist
2848 4654 84 37 lady:
3095 4652 34 30 do
3159 4662 55 28 you
3245 4656 45 34 get
3319 4663 69 28 your

2752 4694 115 35 drapery
2885 4702 71 22 now,
2972 4692 78 33 Mary
3063 4694 12 25 '?

2785 4731 58 28 2nd
2867 4731 86 36 lady:
2991 4730 84 37 Why,
3106 4734 29 24 at
3165 4729 46 29 the
3243 4730 81 29 Hall
3355 4739 32 19 of

2752 4770 166 32 Commerce,
2933 4769 108 28 Nelson.

2786 4809 43 27 Ist
2843 4807 65 37 lady
2920 4817 8 18 :
2966 4807 72 28 How
3058 4806 162 37 beautifully
3239 4807 60 28 that
3314 4807 74 28 dress

2752 4847 45 28 fits
2810 4856 53 27 you
2876 4847 5 27 !
2921 4846 97 28 Where
3032 4855 56 18 was
3101 4844 60 29 that
3180 4846 79 28 made
3271 4847 12 26 ?

2785 4886 58 27 2nd
2857 4885 64 35 lady
2933 4894 9 18 :
2980 4885 36 27 At
3029 4884 33 28 E.
3076 4884 26 28 J.
3117 4884 127 28 Warner
3263 4886 20 26 &
3305 4885 82 32 Co.'s,

2752 4924 47 27 the
2813 4924 82 27 Hall
2908 4931 32 19 of
2954 4922 163 28 Commerce.

2787 4963 43 26 Ist
2845 4961 65 36 lady
2925 4970 7 18 :
2972 4961 71 27 How
3057 4969 62 19 ever
3132 4959 46 29 did
3191 4960 66 35 they
3271 4969 116 26 manage

2754 5004 28 23 to
2796 5000 29 26 tit
2834 5008 55 26 you
2898 5008 28 18 so
2938 4999 87 34 nicely
3040 5000 12 26 ?
3091 4999 79 27 Were
3180 5007 54 27 you
3246 4999 141 27 measure,l

2753 5038 41 28 for
2807 5038 44 28 it'?

2787 5077 56 26 2nd
2857 5076 65 36 lady
2935 5085 7 18 :
2981 5075 43 27 No
3036 5076 5 26 !
3079 5075 14 26 I
3109 5075 100 35 simply
3229 5079 61 23 sent
3311 5075 75 26 them

2754 5124 36 17 an
2804 5114 44 27 old
2861 5113 72 36 body
2947 5113 61 27 that
3029 5113 78 27 fitted
3120 5122 54 23 me,
3187 5113 42 27 for
3241 5122 15 18 a
3269 5117 117 31 pattern,

2754 5152 66 28 with
2836 5153 46 27 the
2897 5152 94 36 length
3006 5152 29 27 of
3045 5152 46 27 the
3105 5150 75 28 skirt.

2787 5193 43 26 Ist
2844 5191 65 36 lady
2922 5200 7 18 :
2968 5191 52 27 Did
3040 5199 55 28 you
3107 5194 44 31 get
3165 5190 59 28 that
3236 5193 92 33 pretty
3340 5189 46 28 hat

2753 5230 76 28 there
2843 5230 55 27 also
2910 5231 12 25 ?

2787 5268 57 28 2nd
2857 5267 65 38 lady
2935 5277 7 19 :
2980 5266 64 35 Yes,
3057 5265 54 30 and
3129 5274 131 29 everyone
3283 5275 63 29 says
3367 5266 20 29 it

2754 5312 68 23 suits
2835 5317 43 17 me
2892 5317 29 17 so
2934 5307 78 27 well!

2789 5347 43 24 Ist
2857 5345 86 35 lady:
2993 5344 72 27 How
3090 5343 34 28 do
3149 5352 54 26 you
3229 5343 66 27 send
3320 5352 68 27 your

2754 5382 93 29 orders
2860 5387 27 24 to
2901 5383 76 28 them
2988 5383 13 26 ?
3039 5381 42 28 Do
3095 5382 65 36 they
3169 5381 65 28 send
3245 5383 142 35 patterns'?

2789 5421 57 26 2nd
2859 5421 66 35 lady
2938 5430 7 17 :
2985 5421 53 26 Yes
3052 5421 5 26 !
3097 5421 12 26 I
3125 5420 61 36 pick
3199 5427 47 20 out
3259 5421 46 26 the
3316 5420 72 27 color

2756 5459 14 27 I
2784 5460 115 36 require,
2914 5459 53 28 and
2980 5458 66 37 they
3060 5458 80 29 make
3149 5459 21 27 it
3179 5459 28 27 in
3220 5468 16 18 a
3249 5458 50 28 few
3312 5458 75 36 days.

2789 5500 43 24 Ist
2846 5498 66 34 lady
2925 5508 7 16 :
2970 5499 52 26 Are
3033 5496 65 37 they
3111 5497 157 28 reasonable
3278 5499 28 25 in
3319 5498 69 26 their

2756 5534 136 35 charges?

2789 5574 57 27 2nd
2871 5574 85 35 lady:
2994 5573 64 33 Yes,
3082 5583 75 26 very.
3194 5574 14 27 I
3234 5574 57 28 find
3314 5574 74 28 them

2756 5612 188 34 considerably
2966 5611 116 37 cheaper
3102 5613 69 27 than
3193 5622 55 26 any
3269 5613 84 28 house
3376 5613 12 27 I

2756 5649 69 28 have
2840 5660 62 18 ever
2916 5649 73 29 dealt
3003 5650 75 29 with.

2790 5690 42 25 Ist
2858 5688 84 35 lady:
2988 5689 72 26 How
3085 5689 74 28 nice!
3198 5690 14 26 I
3238 5700 45 17 am
3307 5690 81 27 much

2756 5725 106 30 obliged
2877 5732 27 21 to
2917 5735 71 26 you;
3008 5727 64 29 and,
3086 5736 30 17 as
3133 5728 9 24 I
3165 5729 105 33 require
3294 5738 15 16 a
3332 5728 56 27 nice

2756 5773 121 19 cosi'.iuie
2899 5764 55 28 and
2977 5764 47 29 hat
3046 5766 40 27 for
3109 5765 45 29 the
3177 5772 105 27 winter,
3299 5767 11 27 1
3337 5766 51 28 will

2756 5804 133 34 certainly
2914 5804 67 26 send
3001 5805 77 27 them
3102 5805 46 27 the
3169 5806 78 26 order
3268 5806 36 32 by
3326 5813 62 19 next

2756 5841 91 27 coach.
2888 5841 74 26 Goo-.l
2978 5841 59 26 bv?.
3055 5841 88 30 Marv,
3158 5842 69 29 good
3240 5842 50 29 bye
