4129 5941
121 185 345 33 MISCELLANEOUS
488 185 136 34 ITEMS.

98 283 27 31 It
150 282 24 31 is
199 281 94 33 stated
313 281 65 33 that
393 282 44 32 for
451 281 132 33 Russia's
597 294 72 30 popu-

58 324 92 34 lation
173 327 31 30 of
225 336 68 21 over
321 327 178 35 90,000,000
527 326 82 31 there
639 337 48 21 are

60 370 68 42 only
144 370 75 32 5200
234 369 124 33 medical
372 380 79 22 men.

101 415 61 32 The
190 414 59 33 seal
273 414 110 41 fishing
406 414 31 31 in
458 414 235 32 Newfoundland

61 458 107 40 during
194 459 50 30 the
269 458 103 31 winter
393 457 54 31 has
475 457 74 32 been
574 468 17 20 a
614 468 59 21 com-

59 502 131 40 parative
205 501 113 32 failure.
371 501 62 32 The
457 501 74 31 total
555 501 85 31 catch
664 501 31 31 of

59 545 51 31 the
133 544 122 32 Dundee
270 544 108 32 vessels
397 554 59 21 was
471 545 108 35 41,880
604 544 87 31 seals.

61 588 73 31 Last
155 590 93 39 year's
263 588 85 33 catch
362 598 60 21 was
437 588 117 37 73,890.

101 632 208 33 Considerable
336 632 177 34 excitement
539 631 55 33 has
618 631 75 33 been

61 677 106 31 caused
181 677 31 31 in
226 677 103 31 Berlin
343 676 38 41 by
397 676 51 32 the
462 676 181 41 publication
666 676 31 31 of

61 730 17 21 a
101 720 202 32 Government
327 720 100 32 decree
449 719 181 42 prohibiting
654 719 40 32 all

61 763 145 40 meetings
228 764 45 31 for
292 763 51 32 the
367 763 163 32 discussion
545 764 31 31 of
597 763 97 40 public

62 806 98 32 affairs
193 807 126 32 without
351 807 135 41 previous
520 806 174 42 permission

60 850 75 32 from
151 850 49 32 the
215 850 92 41 police
322 850 183 33 authorities.

102 893 95 32 Three
223 894 128 31 Russian
385 893 182 33 Gendarmes
597 904 17 21 a
641 894 55 32 few

63 936 71 42 days
148 948 55 30 ago
217 937 105 32 visited
336 937 50 32 the
400 937 91 32 house
506 938 32 31 of
560 948 18 21 a
633 948 46 21 sus-

63 984 66 37 pect
190 981 31 31 in
245 981 107 37 Kursk,
378 981 59 31 and
460 982 87 32 while
573 981 123 41 making

63 1024 78 32 their
161 1024 102 32 search
285 1024 32 32 in
340 1024 135 33 different
499 1035 98 22 rooms
621 1035 75 22 were

63 1068 163 41 separately
259 1068 164 32 murdered.
485 1068 63 32 The
583 1069 113 30 assasin

63 1111 54 32 has
132 1111 74 33 been
219 1111 118 33 handed
356 1122 67 22 over
437 1113 31 32 to
491 1111 51 33 the
566 1112 130 43 military

63 1155 131 31 tribunal
209 1157 31 29 at
259 1156 148 31 Charkoff.

104 1199 24 31 A
144 1198 65 42 sign
220 1198 32 33 of
262 1198 51 33 the
327 1198 96 39 times,
436 1209 66 33 says
513 1209 39 22 an
567 1199 127 42 English

64 1251 99 33 paper,
178 1243 25 31 is
226 1243 52 32 the
301 1253 181 31 appearance
496 1244 31 31 in
546 1254 53 22 our
623 1244 73 41 shop

65 1287 138 32 windows
237 1287 31 33 of
335 1287 63 33 The
439 1287 100 33 Union

98 1331 62 31 The
195 1331 101 33 Union
508 1332 63 32 The
612 1332 82 32 Anti-

66 1374 96 31 Home
196 1374 76 32 Rule
554 1376 59 31 and
646 1376 50 31 the

98 1418 139 41 Imperial
265 1418 93 43 Unity
385 1418 61 33 Gas
638 1419 38 42 Ap-

64 1462 136 41 parently
213 1463 81 31 John
318 1463 71 31 Bull
403 1463 25 31 is
446 1464 114 40 getting
583 1464 95 32 Ameri-

63 1505 128 32 canised.

105 1549 104 42 Owing
242 1551 31 32 to
306 1550 201 42 over-fishing,
533 1561 38 22 an
602 1550 94 33 alarm

66 1592 54 33 has
153 1593 75 33 been
261 1593 96 34 raised
390 1594 31 32 in
455 1595 135 32 America
630 1595 67 32 that

66 1637 124 33 lobsters
205 1638 60 33 will
289 1638 31 33 in
345 1650 17 21 a
386 1638 83 34 short
494 1640 71 32 time
588 1639 35 33 be
647 1651 32 21 ex-

65 1681 187 32 terminated.
314 1682 25 31 A
373 1682 158 40 protective
562 1692 134 22 measure

66 1724 55 33 has
135 1724 74 33 been
223 1725 114 42 passed,
352 1725 167 42 forbidding
533 1726 50 33 the
597 1726 82 33 catch-

66 1768 51 42 ing
131 1769 32 32 of
184 1779 59 33 any
256 1769 126 33 lobsters
397 1771 93 32 under
516 1772 57 40 10£
593 1771 103 32 inches

66 1812 31 32 in
112 1812 113 42 length.
266 1814 74 33 Last
353 1814 105 33 winter
481 1814 71 42 they
565 1826 75 21 were
665 1826 31 22 so

66 1867 97 22 scarce
186 1857 66 32 that
279 1857 51 33 the
354 1858 79 41 price
458 1861 78 30 went
560 1869 39 31 up
621 1861 31 31 to
679 1870 17 21 a

66 1900 122 45 shilling
202 1912 17 22 a
232 1902 110 43 pound.

104 1946 37 33 In
152 1947 195 41 Nottingham
369 1948 50 33 the
444 1947 135 34 overflow
593 1948 32 33 of
646 1948 50 33 the

65 1990 92 31 Trent
180 1990 55 31 has
258 1991 108 31 caused
388 1991 52 32 the
466 1992 178 31 inundation
668 1992 32 31 of

66 2032 51 33 the
143 2032 95 34 whole
265 2033 31 33 of
327 2033 142 33 southern
495 2037 67 40 part
589 2035 32 33 of
645 2035 51 32 the

66 2079 89 36 town,
169 2078 179 42 comprising
371 2080 77 32 8000
474 2079 118 34 houses.
633 2079 63 33 The

66 2120 134 35 Midland
226 2122 132 44 Railway
383 2123 61 34 line
470 2122 132 36 between
625 2124 54 33 Not-

66 2167 136 43 tingham
214 2168 58 33 and
282 2167 50 35 the
348 2169 91 33 Trent
449 2180 60 22 was
523 2169 174 43 submerged

66 2213 46 31 for
131 2213 102 42 nearly
257 2213 44 31 six
325 2213 94 38 miles,
436 2214 58 32 and
519 2215 94 32 traffic
637 2225 60 22 was

65 2256 144 44 seriously
229 2257 192 43 interrupted.

106 2301 25 30 A
150 2301 108 40 typical
281 2302 156 31 American
459 2303 54 30 has
528 2303 138 31 invented
680 2313 18 21 a

65 2343 125 35 circular
211 2344 79 34 table
304 2345 72 34 with
398 2346 150 44 revolving
573 2345 123 42 shelves,

65 2393 31 29 to
111 2390 35 33 be
161 2391 71 32 used
246 2391 31 32 in
302 2391 97 33 hotels
422 2392 58 32 and
501 2395 194 30 restaurants.

67 2433 63 31 The
164 2434 114 31 shelves
306 2435 115 32 revolve
449 2435 37 41 by
513 2438 114 35 steam;
660 2446 38 22 on

65 2475 82 34 them
162 2476 24 34 is
200 2477 103 42 placed
327 2477 50 34 the
392 2478 94 34 whole
496 2478 54 34 bill
573 2479 32 33 of
625 2479 71 39 fare,

65 2521 96 32 which
182 2533 100 21 moves
306 2522 72 32 with
399 2523 83 32 them
506 2534 32 21 as
562 2524 70 42 they
654 2535 28 21 re-

65 2565 93 39 volve,
174 2577 32 23 so
220 2577 32 22 as
267 2571 30 29 to
311 2578 67 31 pass
393 2568 72 33 each
479 2571 85 39 guest
585 2580 71 22 once
681 2580 17 21 a

66 2610 125 33 minute.
233 2612 28 31 It
275 2612 68 32 does
371 2623 81 31 away
475 2613 72 32 with
571 2614 125 37 waiters,

67 2664 32 21 so
113 2654 66 31 that
192 2655 126 40 rapidity
332 2656 32 30 of
385 2667 17 19 a
416 2659 97 28 man's
527 2657 103 39 dining
650 2658 32 30 de-

68 2697 92 41 pends
175 2708 79 32 upon
268 2698 47 32 his
329 2710 66 21 own
417 2700 132 42 capacity
564 2700 58 32 and
646 2703 52 30 not

66 2752 80 32 upon
160 2742 51 33 the
225 2746 182 30 movements
422 2744 32 33 of
473 2745 126 33 waiters.

107 2787 112 33 Boston
234 2791 98 29 courts
346 2788 58 32 had
419 2789 131 43 recently
574 2792 56 30 234
655 2790 28 31 di-

67 2841 85 23 vorce
167 2842 80 23 cases
262 2843 39 22 on
315 2832 50 33 the
384 2833 104 33 docket
510 2834 120 42 waiting
654 2835 44 32 for

68 2875 78 32 trial.

106 2919 126 42 Captain
245 2920 126 42 Boycott
384 2921 55 33 has
457 2921 103 43 finally
574 2922 64 33 sold
651 2921 47 33 his

65 2967 137 37 property
215 2964 32 30 in
261 2964 128 37 Ireland,
405 2966 58 30 and
486 2966 55 30 has
562 2967 137 30 removed

65 3006 48 33 his
127 3007 102 42 family
242 3009 31 32 to
288 3008 150 41 England.

106 3051 150 31 Professor
291 3051 128 40 Wagner
452 3053 55 30 has
541 3053 156 38 published

64 3093 132 43 analysis
220 3094 173 42 supporting
416 3094 47 33 his
487 3094 121 43 opinion
632 3095 67 33 that

66 3138 132 31 steamed
211 3142 134 37 potatoes
359 3150 49 21 are
432 3140 45 31 far
498 3150 81 22 more
604 3140 78 32 nutri-

65 3181 78 32 tious
158 3182 74 31 than
245 3182 97 32 boiled
357 3193 80 22 ones.

105 3225 77 34 Gold
205 3229 31 30 to
259 3225 51 34 the
333 3226 85 34 value
443 3227 32 33 of
499 3227 199 38 250,000,000

66 3270 124 40 sterling
203 3281 60 20 was
277 3270 89 32 taken
390 3272 76 31 from
489 3272 50 30 the
562 3272 85 31 fields
668 3272 32 31 of

66 3312 72 34 New
163 3313 96 33 South
284 3313 100 34 Wales
408 3314 58 33 and
488 3314 132 33 Victoria
646 3314 32 34 be-

65 3360 97 30 tween
175 3358 51 32 the
240 3369 84 30 years
339 3361 74 29 1851
430 3359 58 31 and
504 3361 86 31 1883.

108 3400 177 34 Hindooism
319 3401 55 33 has
417 3402 160 33 continued
620 3413 77 28 now,

68 3445 125 33 without
207 3446 207 41 interruption,
430 3458 81 21 more
526 3446 74 33 than
614 3447 84 32 three

68 3489 150 32 thousand
230 3500 94 31 years,
340 3490 59 31 and
412 3491 26 30 is
452 3493 31 28 at
506 3494 119 37 present
648 3491 51 32 the

68 3533 85 33 creed
167 3533 33 33 of
211 3544 55 23 one
289 3533 136 34 hundred
446 3533 58 34 and
517 3533 103 45 ninety
633 3534 50 34 mil-

67 3577 88 31 lions.

111 3620 25 32 A
158 3620 69 33 firm
251 3623 32 30 at
306 3621 116 32 Vienna
446 3622 69 32 does
530 3632 17 22 a
570 3622 132 42 thriving

69 3664 135 32 business
218 3667 31 30 at
260 3665 101 32 Berlin
372 3666 39 41 by
420 3666 106 41 selling
536 3667 165 32 waistcoats

69 3707 64 35 into
147 3708 97 34 which
258 3719 18 22 a
289 3708 127 34 likeness
430 3709 32 34 of
479 3709 155 35 Bismarck
646 3711 55 33 has

69 3751 75 33 been
158 3763 102 21 woven
274 3753 31 31 in
320 3763 17 21 a
350 3763 70 31 very
434 3754 111 32 artistic
566 3765 134 21 manner.

110 3795 107 44 Lately
231 3806 17 23 a
262 3806 71 23 man
354 3806 60 23 was
428 3799 31 31 to
472 3796 36 35 be
523 3808 69 23 seen
605 3798 32 33 in
651 3798 51 33 the

71 3843 105 30 streets
190 3841 32 32 of
239 3841 126 33 London
379 3841 125 33 without
517 3842 185 43 hands—yet

70 3883 38 33 he
123 3885 146 40 managed
290 3888 31 29 to
342 3885 68 42 play
430 3885 50 33 the
495 3886 91 32 violin
599 3886 40 42 by
651 3886 51 33 the

72 3928 48 31 aid
135 3928 31 32 of
177 3939 18 20 a
208 3928 117 32 curious
335 3933 207 36 arrangement
550 3930 32 32 of
589 3930 115 32 leather

72 3973 96 39 straps
182 3972 59 31 and
255 3972 73 32 steel
340 3972 106 33 hands.

113 4015 43 32 M.
181 4015 84 32 Jules
289 4015 107 38 Verne,
411 4015 66 34 who
501 4027 59 21 was
585 4016 67 34 shot
672 4017 32 32 in

74 4059 50 33 the
148 4059 48 41 leg
220 4059 37 43 by
278 4059 48 33 his
349 4059 104 34 insane
474 4060 124 42 nephew
622 4072 81 22 some

74 4103 71 31 time
173 4114 64 29 ago,
265 4114 60 21 was
352 4106 31 29 at
410 4104 50 32 the
487 4104 162 42 beginning
676 4106 31 31 of

73 4146 79 33 June
167 4146 61 33 still
242 4146 136 33 confined
391 4149 31 30 to
436 4147 47 32 his
497 4147 66 39 bed,
575 4148 59 32 and
644 4148 61 33 will

74 4193 53 29 not
140 4190 44 32 for
199 4190 111 32 several
324 4191 121 32 months
459 4191 36 33 be
510 4191 65 33 able
589 4194 31 31 to
629 4193 76 31 walk

73 4233 125 31 without
212 4233 146 32 crutches.

115 4276 63 33 The
205 4279 62 31 cost
295 4277 31 34 of
346 4277 50 34 the
418 4278 66 33 Kiel
511 4278 142 35 rebellion
680 4279 25 33 is

74 4321 96 32 stated
197 4321 32 32 in
256 4321 51 32 the
335 4323 106 31 official
467 4326 98 37 report
592 4325 32 30 of
655 4324 50 32 the

75 4364 136 32 Minister
239 4365 31 32 of
290 4365 117 39 Militia,
422 4367 155 41 presented
597 4369 31 30 to
655 4367 50 33 the

74 4408 153 33 Canadian
236 4409 191 39 Parliament,
434 4413 31 30 to
476 4411 35 32 be
524 4411 182 39 $4,700,000

77 4452 64 33 The
164 4453 156 32 casualties
342 4455 214 38 were—killed,
581 4457 106 40 twenty-

76 4497 44 31 six
133 4508 7 26 ;
162 4497 152 38 wounded,
330 4501 57 30 two
407 4498 136 34 hundred
566 4499 59 33 and
649 4500 42 32 six-

74 4542 77 30 teen.

116 4585 62 32 The
192 4596 52 23 use
269 4586 31 33 of
321 4588 88 31 straw
432 4598 38 23 on
495 4586 50 34 the
570 4587 87 33 floors
678 4588 31 33 of

75 4631 144 30 tramcars
243 4630 107 40 during
373 4631 85 42 rainy
483 4642 32 21 or
529 4632 89 40 damp
632 4642 55 21 wea-

76 4671 66 34 ther
165 4672 25 32 is
212 4673 152 33 forbidden
391 4674 38 44 by
453 4675 51 33 the
528 4675 71 33 New
627 4675 80 33 York

74 4716 103 33 health
192 4718 183 39 authorities,
391 4731 39 20 on
445 4720 50 32 the
510 4720 114 41 ground
639 4720 66 32 that

76 4763 88 31 straw
178 4762 24 31 is
213 4763 169 41 productive
394 4764 31 32 of
436 4764 121 33 disease.
600 4765 29 31 It
638 4775 69 32 may

75 4805 35 33 be
138 4807 81 37 used,
248 4807 142 38 however,
413 4819 38 22 on
479 4809 66 32 cold
571 4809 59 31 and
653 4809 54 41 dry

74 4849 82 41 days.

115 4894 24 32 A
155 4894 59 32 Bill
228 4895 55 32 has
297 4897 104 39 passed
414 4896 73 33 both
510 4896 146 33 branches
677 4898 32 31 of

75 4938 51 31 the
141 4939 71 31 New
226 4940 79 31 York
331 4940 82 33 State
437 4940 195 41 Legislature,
647 4941 59 32 and

75 4981 75 32 been
178 4982 101 41 signed
303 4983 38 43 by
365 4983 51 33 the
431 4984 162 39 Governor,
608 4985 97 32 which

75 5026 80 41 gives
190 5030 30 30 to
254 5028 112 33 certain
406 5028 215 43 incorporators
655 5030 51 33 the

75 5071 80 41 right
183 5075 30 29 to
248 5076 150 30 construct
426 5084 18 21 a
477 5074 115 38 tunnel,
628 5077 77 30 erect

76 5115 89 37 mills,
181 5116 58 31 and
263 5117 121 41 develop
398 5117 50 33 the
463 5120 90 30 water
567 5129 96 30 power
677 5119 32 32 of

72 5157 51 35 the
138 5159 127 43 Niagara
279 5160 85 34 river.

117 5204 125 33 Senator
268 5206 109 38 Millas,
406 5206 32 33 of
472 5206 126 40 Buffalo,
634 5207 71 34 New

76 5248 88 38 York,
179 5249 55 32 has
248 5251 142 40 proposed
412 5251 31 32 in
458 5252 50 31 the
523 5252 102 32 House
639 5253 66 31 that

75 5291 172 34 henceforth
263 5294 169 33 executions
454 5294 106 34 should
582 5295 35 33 be
642 5306 47 32 per-

75 5336 112 32 formed
207 5338 72 31 with
301 5339 169 42 electricity.
512 5340 43 32 To
569 5340 66 31 that
649 5340 57 31 end

76 5380 82 35 there
185 5381 106 35 should
317 5383 36 35 be
380 5383 31 35 in
436 5395 85 33 every
545 5383 100 45 prison
668 5395 38 23 an

75 5427 146 31 electrical
236 5429 145 37 machine,
397 5430 72 31 with
493 5441 97 29 power
604 5432 103 38 strong

76 5470 117 42 enough
207 5474 30 30 to
252 5472 143 43 instantly
409 5473 169 42 extinguish
592 5472 60 33 life.

116 5516 25 31 A
165 5527 89 30 paper
277 5518 221 32 manufacturer
520 5518 31 32 in
577 5518 128 41 Saxony,

76 5561 107 31 named
198 5561 101 41 Penig,
315 5561 54 32 has
381 5562 63 41 just
458 5562 168 32 discovered
639 5561 68 33 how

77 5606 31 29 to
131 5615 120 30 prepare
275 5616 90 30 paper
388 5617 32 20 so
444 5606 66 31 that
533 5606 25 31 if
582 5617 58 29 any
664 5608 28 28 at-

79 5651 92 38 tempt
186 5648 35 33 be
235 5649 85 33 made
345 5659 30 23 to
397 5649 113 43 change
525 5649 50 33 the
590 5649 118 43 writirg

77 5693 32 31 of
134 5693 49 31 the
218 5694 123 40 original
375 5698 145 33 contents,
557 5695 50 31 the
642 5700 66 35 spot

77 5735 95 32 where
211 5737 71 31 such
319 5738 113 40 change
466 5738 54 31 has
555 5738 74 31 been
663 5740 28 28 at-

76 5780 131 40 tempted
221 5780 59 31 will
295 5791 116 22 assume
426 5792 17 20 a
457 5782 135 31 different
607 5781 100 32 colour

76 5823 76 33 from
167 5823 49 34 the
232 5827 59 30 rest
305 5826 31 32 of
355 5825 49 33 the
419 5826 168 33 document.

1293 57 117 39 THE
1463 57 186 40 LYELL
1700 58 184 47 TIMES,
1938 58 305 44 SATURDAY,
2295 54 140 56 JULY
2484 66 60 42 31,
2604 57 102 39 1886.

3380 5722 114 28 Printed
3506 5724 56 27 and
3576 5726 146 34 published
3740 5727 38 36 l>y
3793 5728 48 28 the
3855 5729 163 36 proprietor,

3413 5760 107 29 Walter
3533 5762 95 33 Atkin,
3642 5769 29 23 at
3684 5765 47 27 the
3747 5766 162 34 Registered
3933 5769 84 26 Office

3414 5800 79 27 otthe
3820 5805 198 37 Street,Lyell,

3414 5838 112 40 County
3539 5842 30 27 ot
3578 5841 105 36 Boiler,
3693 5842 108 38 Colony
3815 5851 28 23 ot
3854 5845 68 29 IS.Z.

791 178 173 40 Westport
980 179 302 33 Advertisements.

776 256 174 64 THOMAS
991 256 126 62 FIELD
1151 256 32 62 &
1218 258 76 73 CO,

720 346 308 46 IRONMONGERS
1064 348 22 30 &
1119 346 98 32 IRON
1252 346 76 32 MER-

721 378 24 50 -1
954 391 171 33 CHANTS.

719 473 93 37 Every
830 473 176 37 Description
1021 475 34 36 of
1072 474 90 28 Mines
1186 473 89 29 Goods
1297 473 58 28 and

886 512 95 27 House
993 513 200 35 Furnishings.

790 585 71 32 fS*
879 587 245 35 EXPLOSIVES,
1154 588 55 35 &c.,
1240 588 45 29 &c.

889 665 103 31 LOW
1015 665 170 33 PRICES.

720 752 98 28 Orders
831 752 143 36 Promptly
987 753 55 28 and
1054 753 138 37 Carefully
1205 753 149 30 Executed.

787 850 196 37 THOMAS
1004 851 142 36 FIELD
1169 853 27 36 &
1219 851 74 46 CO.,

722 908 250 28 PALMERSTON
988 907 153 33 STREET,
1152 908 203 30 WESTPORT

762 992 38 36 F.
815 992 55 36 W.
885 991 260 37 HAGEDORN
1167 993 27 35 &
1217 992 100 37 CO.'S

724 1048 254 32 -nURNITURE
1013 1047 262 32 WAREHOUSE
1296 1048 61 31 will

725 1081 28 49 1'
793 1092 35 32 be
839 1091 91 33 found
940 1091 109 42 replete
1060 1091 33 32 in
1103 1091 40 32 all
1152 1091 38 33 its
1200 1091 154 33 branches.

841 1207 44 29 All
898 1207 47 30 the
958 1206 81 30 latest
1058 1206 132 30 novelties
1207 1206 30 29 in

722 1259 194 41 Furniture,
941 1258 106 41 Sofas,
1068 1258 132 41 Chairs,
1223 1256 133 43 Tables,

771 1305 195 39 Chiffonier,
985 1304 155 39 Looking
1162 1304 148 40 Glasses,

859 1358 70 31 and
947 1357 272 33 Chamberware.

723 1432 171 38 Up-country
906 1431 93 30 orders
1014 1432 140 38 promptly
1175 1430 130 31 attended
1320 1434 35 26 to.

722 1480 99 28 Orders
833 1481 48 27 left
903 1484 29 24 at
949 1481 47 27 the
1009 1481 77 27 office
1099 1481 30 27 of
1138 1480 56 27 this
1205 1488 85 27 paper
1301 1479 56 28 will

906 1518 104 35 receiye
1028 1518 145 29 attention.

762 1594 214 40 Palmerston
999 1595 121 47 Street,
1133 1595 186 47 Westport.

808 1682 175 51 George
1014 1682 262 50 Ferguson's

726 1763 284 61 ipAILORING
1134 1762 222 33 MPORIUM,

774 1841 194 32 Palmerston
990 1840 123 37 Street,
1135 1840 173 36 Westport,

792 1903 128 39 Opposite
933 1902 126 39 Hughes'
1067 1902 115 39 Empire
1195 1902 94 29 Hotel.

722 2015 64 33 The
800 2016 118 32 Newest
931 2016 127 41 Designs
1079 2015 59 33 and
1162 2015 146 33 Fashions
1329 2015 33 32 of

952 2060 51 33 the
1017 2060 110 42 period.

722 2124 87 32 ALL
838 2123 155 34 GOODS
1012 2123 130 33 WELL
1160 2123 197 33 SHRUNK.

808 2179 25 30 A
854 2179 136 38 Superior
1006 2178 52 30 Fit
1084 2178 188 31 Guaranteed,

770 2295 152 28 Periodical
940 2294 85 29 Visits
1037 2294 81 28 made
1131 2294 182 36 Up-country.

856 2364 169 35 GEORGE
1047 2363 232 40 FERGUSON,

1224 2418 100 28 Tailor.

798 2500 232 42 THOMAS
1065 2499 221 50 LAWRIE,

947 2564 142 20 IMPORTER
1107 2563 34 21 OF

726 2603 163 82 DOORS,
916 2603 119 39 Sashes,
1060 2603 113 38 Bricks,
1195 2603 96 37 Lime,
1307 2603 35 32 Ce-

814 2650 93 33 ment,
924 2648 179 30 Galvanised
1117 2648 80 35 Iron,
1214 2648 89 38 Spout-

802 2690 61 41 ing,
879 2690 137 41 Ridging,
1032 2690 135 32 Window
1182 2690 98 37 Glass,

842 2735 78 38 Delf,
949 2734 154 43 Crockery,
1139 2734 84 33 Glass-

881 2791 86 26 ware,
1023 2780 178 37 Holloware,

939 2824 212 32 Pictureframe

955 2868 179 39 Mouldings,

726 2912 113 38 Stoves,
872 2911 128 42 Ranges,
1029 2911 114 38 Chairs,
1173 2910 186 42 Carpenters'

764 2957 59 30 and
849 2956 181 31 Bushmen's
1058 2956 98 35 Tools,
1186 2955 135 31 Colonial

804 2999 106 38 Ovens,
952 2998 113 39 Paints,
1101 2998 72 38 Oils,
1208 2998 55 31 Var-

841 3043 111 35 nishes,
978 3043 59 30 and
1064 3053 17 19 a
1108 3042 135 39 splendid

881 3087 179 30 assortment
1073 3085 33 31 of
1123 3084 80 32 Wall

921 3129 119 41 Papers,
1049 3130 117 36 &c.,&c.

943 3211 56 29 and
1023 3210 216 38 Electro-plated
1258 3209 102 29 Goods.

835 3288 192 32 THOMAS
1060 3288 189 38 LAWRIE,

748 3333 350 47 Paimerston-street,
1151 3332 183 52 Westport.

767 3439 163 76 MISS
976 3436 353 89 KENNEDY,

901 3537 291 50 MILLINER,

736 3601 234 32 —Palmerston
992 3601 125 37 Street,
1139 3601 216 37 Westport,—

727 3659 206 61 WISHES
945 3662 29 25 to
986 3658 127 29 intimate
1126 3659 62 28 that
1200 3659 48 28 she
1258 3659 51 28 has
1319 3659 29 29 de-

934 3696 79 30 cided
1025 3699 28 26 to
1065 3696 66 30 hold
1144 3706 16 19 a

778 3749 107 32 CASH
906 3749 209 32 CLEARING
1138 3749 102 32 SALE
1259 3751 6 30 !
1282 3751 7 30 !
1307 3751 7 29 !

821 3807 38 29 Of
868 3807 50 29 her
929 3806 68 30 New
1012 3806 125 30 Season's
1148 3806 82 30 Stock
1242 3806 30 30 of

729 3859 275 38 MILLINERY
1037 3859 70 38 and
1142 3859 224 38 DRAPERY

781 3913 62 28 And
856 3913 97 29 directs
966 3913 101 36 special
1079 3913 135 28 attention
1226 3915 28 26 to
1268 3912 46 29 the

731 3962 180 40 Sweeping
940 3962 179 33 Sacrifices
1146 3963 38 31 in
1207 3963 101 31 order
1329 3964 37 31 to

793 4000 99 30 effect
908 4007 21 22 a
946 3998 134 40 Speedy
1106 3998 196 33 Clearance.

764 4073 107 29 Within
884 4073 46 29 the
942 4073 87 28 limits
1047 4073 30 29 of
1094 4083 37 19 an
1152 4073 214 30 advertisement

730 4112 22 27 it
764 4112 22 28 is
799 4111 156 37 impossible
967 4115 28 24 to
1008 4111 35 28 do
1063 4111 99 36 justice
1181 4115 28 24 to
1231 4112 135 36 BargaiDs

731 4158 61 20 now
818 4148 111 29 offered.
978 4149 174 37 Up-country
1175 4149 108 28 visitors
1309 4149 57 28 will

731 4197 34 20 on
778 4188 152 36 inspection
942 4186 58 30 find
1013 4187 61 30 that
1086 4188 55 29 this
1159 4188 24 29 is
1203 4197 17 20 a
1241 4188 125 29 Genuine

732 4226 72 26 Sale.

834 4307 228 42 PATRICK
1097 4308 171 39 KELLY

732 4375 205 61 WISHES
949 4377 29 26 to
990 4375 100 29 inform
1108 4375 46 30 the
1175 4375 91 37 public
1287 4384 64 29 gene-

874 4413 70 37 rally
957 4413 59 28 that
1029 4413 34 29 he
1076 4414 50 29 has
1140 4414 83 36 lately

733 4460 143 37 Imported
896 4460 58 29 and
974 4461 119 29 Erected
1113 4462 68 28 New
1193 4461 174 39 Machinery,

940 4518 157 37 Consisting
1118 4519 43 28 of:

732 4573 155 49 Drilling,
901 4574 138 48 Boring,
1053 4574 187 48 Punching,
1260 4576 86 38 Turn-

810 4618 68 47 ing,
892 4619 155 46 Planing,
1062 4620 70 36 and
1152 4620 138 45 Cutting

956 4662 188 47 Machines,

733 4725 61 28 And
814 4725 104 36 having
938 4735 16 19 a
980 4726 73 36 large
1074 4727 65 27 staff
1160 4727 30 28 of
1207 4727 160 38 Competent

733 4763 151 29 Workmen
896 4764 29 28 in
939 4763 43 30 his
995 4765 119 37 employ,
1126 4766 24 27 is
1162 4765 29 29 in
1212 4775 17 19 a
1247 4766 120 37 position

733 4805 28 26 to
774 4807 112 24 execute
899 4803 37 28 all
949 4803 99 29 classes
1069 4803 30 29 of
1118 4804 46 29 the
1188 4805 85 29 above
1293 4805 74 29 work

735 4840 66 29 with
814 4840 139 38 despatch,
962 4841 55 28 and
1024 4845 29 25 at
1060 4841 171 30 Seasonable
1239 4843 128 37 Charges.

860 4935 197 33 PATRICK
1083 4936 158 41 KELLY,

735 4979 106 53 Ship,
855 4980 148 54 Engine
1012 4981 32 40 &
1053 4981 166 41 General
1231 4982 114 40 Black-

985 5036 128 49 smith,

801 5097 176 30 Wakefield
997 5099 119 34 Street,
1134 5100 165 29 Westport.

732 5182 189 63 Wakefield
952 5183 115 62 Steam
1100 5183 78 64 Sav
1212 5183 155 78 Planing,

853 5262 71 59 and
947 5261 176 76 Moulding
1146 5261 104 62 Mills.

783 5388 62 43 W.
889 5388 87 43 and
1021 5386 37 45 J.
1107 5386 213 55 MARRIS,

931 5462 74 21 HAVE
1027 5462 36 21 ON
1084 5462 70 21 SALE
1168 5462 6 22 :

735 5506 168 59 DOORS,
925 5506 109 34 Sashes,
1046 5506 135 37 Turnery,
1204 5506 165 38 Mouldings,

971 5545 54 32 &c.,
1041 5545 54 27 and
1114 5555 16 18 a

736 5596 90 32 Good
826 5596 225 32 Assortment
1058 5597 39 31 of
1104 5597 265 33 Well-seasoned

790 5640 150 32 Dressed
951 5641 70 31 and
1033 5641 121 41 Rough
1166 5642 148 32 Timber.

739 5730 173 36 Up-country
932 5730 101 28 Orders
1051 5731 145 36 Promptly
1221 5732 148 27 Executed.

752 5820 214 43 Wakefield
985 5821 137 50 Street,
1144 5821 209 53 Westport.

1461 183 145 33 Reefton
1633 183 294 36 Advertisements

1499 264 55 40 W.
1595 264 303 50 HINDMARSH,

1388 385 318 59 gHAREBROKER,
1732 386 181 36 MINING,
1936 386 79 31 AND

1473 463 167 39 General
1665 465 260 39 Commission

1633 555 137 52 Agent,

1416 685 289 49 BROADWAY,
1734 687 246 49 REEFTON,

1505 793 141 37 (Opposite
1665 793 137 32 Southern
1815 795 81 29 Cross

1647 850 104 36 Hotel.)

1385 932 339 61 Dawson's
1789 934 224 73 Hotel,

1481 1036 224 35 BROADWAY,
1732 1037 185 30 REEFTON.

1386 1150 51 27 IT!
1440 1149 35 29 he
1494 1150 236 28 accommodation
1753 1152 126 35 supplied
1899 1152 37 36 by
1961 1152 56 28 this

1475 1187 85 29 house
1573 1192 102 24 cannot
1688 1188 31 29 be
1732 1189 147 36 surpassed
1899 1190 30 28 in
1949 1190 67 28 New

1385 1225 128 29 Zealand.

1386 1329 174 52 Booking
1595 1332 120 39 Office
1750 1332 57 39 for
1842 1332 174 40 Mitchell

1433 1383 76 39 and
1554 1385 232 52 Campbell's
1844 1386 122 52 Royal

1484 1437 94 43 Mail
1609 1440 97 40 Line
1728 1440 43 40 of
1797 1441 96 52 Grey-

1535 1494 133 39 mouth
1684 1495 187 39 Coaches.

1419 1626 66 30 This
1498 1626 86 30 Hotel
1597 1625 24 30 is
1622 1625 20 21 r
1642 1625 62 30 well
1724 1625 102 31 known
1848 1625 169 38 throughout

1385 1666 67 27 New
1466 1666 120 27 Zealand
1597 1666 43 27 for
1658 1665 36 27 its
1713 1665 236 28 accommodation
1962 1666 55 27 and

1385 1703 180 28 convenience
1577 1702 42 30 for
1636 1703 112 28 tourists
1767 1701 56 30 and
1842 1701 175 30 commercial

1385 1742 148 29 travellers.

1581 1787 124 40 JOHN
1726 1787 212 48 DAWSON,

1817 1844 164 36 Proprietor.

1545 1927 309 35 STEVENSON'S

1388 1992 365 59 M'G-affin's
1790 1992 225 72 Hotel,

1488 2094 224 35 BROADWAY,
1731 2094 187 30 REEFTON.

1387 2228 121 63 THIS
1523 2228 180 36 Magnificent
1714 2228 85 30 Hotel
1811 2228 57 30 will
1889 2228 33 30 be
1934 2228 86 30 found

1475 2267 103 38 replete
1590 2268 68 30 with

1481 2340 92 21 EVERY
1592 2340 126 21 COMFORT
1735 2341 56 20 AND
1809 2340 118 22 MODERN

1600 2381 206 21 CONVENIENCE.

1421 2486 131 35 Tourists,
1578 2486 175 30 commercial
1783 2486 151 35 travellers,
1966 2486 55 30 and

1387 2525 92 28 others
1489 2526 55 27 will
1558 2526 63 28 here
1634 2526 58 27 find
1706 2535 82 26 every
1800 2526 138 28 attention
1948 2535 54 19 com-

1386 2563 83 30 bined
1481 2563 67 30 with
1563 2564 82 30 home
1658 2564 138 30 comforts.

1387 2659 158 37 Booking
1562 2660 106 30 Office
1680 2660 54 32 for
1744 2660 171 30 Newman
1926 2660 95 30 Bros'

1414 2703 109 40 Royal
1536 2703 87 32 Mail
1634 2703 86 32 Line
1734 2701 39 34 of
1781 2702 132 33 Nelson
1926 2702 71 33 and

1529 2749 175 40 Westport
1716 2749 163 33 Coaches.

1449 2842 160 41 JAMES
1653 2841 306 49 STEVENSON,

1613 2904 180 20 PROPRIETOR.

1390 2979 88 58 M'
1489 2978 294 76 Sherry's
1816 2978 209 61 Hotel

1556 3091 79 37 (Late
1655 3090 213 36 M'Quillan's,)

1467 3168 242 36 BROADWAY,
1741 3167 204 32 REEFTON.

1392 3337 108 61 THE
1513 3337 183 38 undersized
1718 3337 103 36 having
1836 3337 111 30 entered
1968 3337 58 30 into

1479 3378 154 35 possession
1646 3377 33 28 of
1696 3377 56 28 this
1764 3377 176 28 well-known
1953 3377 74 28 hotel

1389 3414 123 29 business
1524 3415 100 28 wishes
1642 3420 28 23 to
1690 3415 102 28 iniorm
1813 3414 42 29 his
1877 3423 150 20 numerous

1389 3453 102 29 friends
1504 3453 55 29 and
1571 3453 48 29 the
1632 3453 145 35 travelling
1786 3453 91 37 public
1888 3453 139 37 generally

1390 3492 61 27 that
1463 3496 35 23 he
1510 3492 110 27 intends
1632 3496 28 23 to
1673 3501 78 27 spare
1764 3500 36 19 no
1817 3492 79 28 effort
1908 3501 29 18 in
1950 3492 77 27 order

1390 3532 28 27 to
1431 3530 81 29 make
1525 3530 55 29 this
1592 3529 73 30 hotel
1679 3529 102 39 replete
1793 3529 67 30 with
1873 3539 83 29 every
1966 3539 45 20 con-

1390 3570 131 28 venience
1533 3570 56 28 and
1603 3572 132 33 comport.

1390 3721 75 30 Ales.
1481 3721 93 31 Wines
1586 3721 58 30 and
1658 3721 104 38 Spirits
1775 3721 35 38 of
1826 3721 67 30 Best
1914 3721 113 30 Brands

1599 3761 66 35 only
1683 3761 137 35 supplied.

1547 3836 124 38 JOHN
1697 3833 254 50 M'SHERRY,

1813 3902 181 18 PROPRIETOR.

2211 185 119 33 Public
2349 185 151 33 Notices.

2175 265 130 42 JOHN
2348 264 190 50 MUNKO,

2044 396 233 70 Q.ENERAL
2308 395 248 30 MERCHANT
2585 397 90 29 AND

2255 473 209 35 IMPORTER,

2143 588 241 40 Palmerston
2437 589 139 49 Street,

2253 711 218 26 WESTPORT.

2091 808 245 33 JOHNSTON
2363 809 28 32 &
2416 809 215 33 WATKINS

2261 883 107 29 CIVIL
2385 885 79 28 AND

2046 959 229 61 JOINING
2418 962 261 35 NGINEERS,

2232 1046 181 21 AUTHORISED
2434 1048 57 19 AND

2046 1089 280 40 LICENSED
2352 1091 327 40 SURVEYORS

2044 1182 133 35 Working
2201 1182 83 29 Plans
2307 1183 54 28 and
2386 1183 108 28 Details
2519 1183 30 29 of
2573 1183 109 37 Miinng

2078 1221 163 37 Machinery
2254 1222 133 37 prepared
2397 1222 55 28 and
2460 1222 47 29 the
2515 1222 132 29 Erection

2130 1260 108 37 Mining
2253 1260 160 38 Machinery
2426 1261 168 37 supervised.

2044 1338 119 36 Surveys
2175 1337 43 29 for
2228 1338 110 37 Mining
2347 1338 166 37 Companies
2523 1338 158 30 contracted

2044 1376 39 30 for
2097 1376 35 37 by
2144 1376 48 30 the
2203 1386 74 27 year.
2315 1377 120 36 Surveys
2444 1376 82 30 made
2536 1377 88 29 under
2634 1377 47 29 the

2215 1415 82 29 Land
2309 1415 128 29 Transfer
2446 1416 61 28 Act.

2291 1493 137 29 Address:

2044 1530 167 35 Broadway,
2232 1530 152 36 Reefton;
2411 1539 56 22 and
2493 1531 188 30 Commercial

2246 1571 111 33 Hotel,
2377 1571 91 28 Lyeli

2077 1648 293 30 N.B.—lnstructions
2382 1649 49 29 left
2443 1653 29 26 at
2484 1650 92 28 Times
2586 1650 93 34 Office,

2043 1688 17 25 I
2067 1686 65 33 yell,
2145 1686 56 28 will
2213 1688 104 26 receive
2326 1688 160 27 immediate
2498 1688 147 28 attention.

2174 1769 381 62 Newman's

2246 1979 49 28 OF
2314 1980 176 28 COACHES

2079 2073 254 30 Thrice-Weekly
2358 2074 122 30 Service
2502 2075 144 29 Between

2133 2122 106 35 Lyell,
2253 2122 134 28 Reefton
2399 2130 56 20 and
2469 2123 127 29 Nelson.

2046 2219 93 28 Leave
2159 2218 84 38 Lyell
2259 2219 43 29 for
2320 2219 105 30 Nelson
2441 2229 84 28 every
2546 2221 137 37 Tuesday,

2047 2266 147 38 Thursday
2202 2267 55 30 and
2269 2268 148 38 Saturday,
2427 2272 30 26 at
2467 2270 63 29 2.30
2539 2278 78 29 p.m.,
2627 2269 56 30 and

2047 2315 81 36 Lyell
2140 2315 42 28 for
2194 2315 139 36 Westport
2346 2316 57 28 and
2415 2316 129 34 Eeeiton,
2562 2326 37 18 on
2613 2317 51 27 San-

2047 2361 65 40 day,
2124 2361 177 41 Wednesday
2314 2362 56 31 and
2383 2362 112 40 Friday,
2504 2366 30 29 at
2544 2364 64 31 9.30
2617 2373 66 21 a.m.

2048 2449 166 35 Passengers
2239 2449 103 29 booked
2373 2450 44 28 for
2446 2450 151 37 Hampden
2628 2452 55 27 and

2168 2496 81 30 other
2260 2497 193 30 intermediate
2466 2496 102 39 places.

2220 2574 132 30 Booking
2373 2575 138 30 Offices:

2050 2633 138 37 Westport
2452 2633 133 30 Gilmer's
2597 2634 88 29 Hotel

2049 2680 118 28 Reefton
2410 2680 177 29 Stevenson's
2600 2681 85 28 Hotel

2050 2727 104 30 Nelson
2462 2727 125 31 Masonic
2600 2728 85 30 Hotel

2083 2825 46 28 All
2141 2825 197 37 parcelsjmust
2349 2825 33 29 be

2182 2872 69 36 they
2262 2872 58 29 will
2332 2872 33 29 be
2377 2872 50 28 left
2440 2872 113 28 behind.

2374 2928 39 30 H.
2433 2928 185 36 NEWMAN,

2485 2968 158 32 Proprietor

2192 3062 348 39 COURTNEY'S

2053 3128 315 62 JUNCTION
2521 3127 166 39 OTEL,

2204 3208 96 43 (Near
2319 3219 58 21 the
2398 3207 139 43 Bridge.)

2055 3314 150 31 tSfGood
2213 3314 245 29 Accommodation
2471 3313 43 29 for
2526 3312 163 29 Travellers.

2193 3368 118 28 GRASS
2343 3366 208 30 PADDOCKS.

2055 3418 125 33 Saddle
2201 3418 129 32 Horses
2347 3418 70 32 and
2433 3417 128 40 Handy
2573 3416 116 34 Coach

2297 3455 54 31 for
2366 3455 84 31 hire.

2090 3557 115 35 Miners,
2229 3556 178 34 Theatricals,
2433 3566 31 19 or
2492 3555 132 30 Families
2649 3564 27 20 re-

2055 3597 98 26 moved
2177 3599 28 24 to
2231 3605 55 27 any
2310 3599 63 33 part
2396 3595 31 28 of
2447 3595 48 28 tlie
2525 3594 108 28 district
2662 3597 27 25 at

2055 3633 130 30 Reduced
2203 3634 93 28 Fares.

2088 3686 24 28 A
2125 3684 191 38 Ferry'across
2328 3684 49 30 the
2390 3684 97 30 Buller
2498 3693 17 20 a
2535 3686 54 27 few
2607 3684 82 37 yards

2055 3724 89 30 below
2158 3724 46 30 the
2217 3723 136 32 Junction
2365 3723 31 31 of
2405 3724 47 30 the
2464 3726 54 28 two
2530 3723 95 30 rivers.

2123 3834 26 29 A
2170 3832 197 31 Blacksmith's
2387 3832 77 39 Shop
2483 3831 137 31 attached.

2311 3891 110 21 HORSES
2441 3891 85 21 SHOD.

1394 4006 146 64 The
1577 4007 366 77 Hampden
1986 4005 467 79 Co-operative
2498 4005 190 61 Store

1690 4129 361 76 Company,
2088 4129 313 64 Limited.

1396 4416 109 59 THE
1520 4416 86 29 above
1616 4417 144 38 Company
1769 4418 24 28 is
1805 4427 62 19 now
1878 4418 149 37 supplying
2039 4419 47 28 the
2098 4418 142 37 following
2256 4418 84 36 goods
2351 4421 28 26 at
2390 4428 17 19 a
2420 4418 84 37 slight
2516 4418 123 29 advance
2652 4428 36 19 on

1867 4457 149 28 NELSON
2031 4458 185 27 PRICES:—

1597 4808 38 29 Of
1644 4808 61 31 first
1717 4809 70 30 class
1800 4810 115 37 quality.
1950 4811 26 28 A
1988 4811 88 38 Large
2089 4811 56 29 and
2157 4811 103 30 Varied
2272 4812 176 29 Assortment
2460 4811 31 29 of

1397 4913 202 53 Crockery,
1636 4914 172 39 Earthen
1836 4915 76 40 and
1945 4915 226 48 Glassware,
2208 4916 281 52 Ironmongery,
2519 4917 80 46 &c.,
2620 4917 64 38 &c.

1399 5127 124 40 Men's
1557 5127 76 39 and
1670 5127 114 52 Boys'
1823 5127 271 52 Kaipoi-made
2143 5128 205 52 Clothing;
2396 5128 113 48 Hats,
2547 5128 139 48 Shirts,

1496 5181 357 49 Under-Flannels;
1908 5182 175 40 Drawers
2117 5183 73 39 and
2225 5183 146 48 Moles;
2413 5182 175 48 Tweeds,

1593 5235 177 54 Hosiery,
1792 5236 210 50 Blankets;
2031 5237 163 48 Calicos,
2217 5237 139 49 Prints,
2379 5237 92 40 Flan-

1805 5291 93 48 nels,
1919 5292 80 48 &c.,
2020 5293 64 39 &c.
2138 5293 143 38 Also—

1559 5366 156 52 Wheat,
1761 5368 109 50 Oats,
1917 5368 115 51 Bran,
2065 5369 119 42 Chaff
2204 5369 77 42 and
2312 5369 195 42 Potatoes.

1431 5584 99 29 Orders
1543 5583 196 37 accompanied
1756 5583 38 37 by
1807 5584 65 29 cash
1885 5583 174 33 remittances
2076 5587 163 38 punctually
2257 5588 130 29 attended
2400 5590 38 33 to,
2451 5588 57 30 and
2526 5588 85 38 goods
2629 5588 44 30 des-

1396 5623 118 37 patched
1527 5627 28 24 at
1568 5632 16 19 a
1596 5627 139 24 moments
1747 5623 99 28 notice.

1431 5699 84 29 Local
1532 5699 129 36 produce,
1679 5698 143 38 including
1839 5700 105 35 Hides,
1964 5701 93 37 Skins,
2083 5702 95 35 Wool,
2197 5702 126 34 Butter,
2337 5704 57 34 &c.,
2408 5703 55 34 &c.,
2481 5702 155 38 purchased
2647 5702 41 29 for

1396 5737 82 28 Cash.

1435 5832 169 35 Murchison,
1619 5833 64 30 15th
1695 5833 85 34 June,
1795 5836 75 28 1885.

2274 5798 34 29 R.
2328 5798 130 34 M'NEE,
2477 5797 107 30 Lessee.

2788 187 145 35 Reefton
2949 190 301 34 Advertisements.

2764 267 217 40 FORSYTH
3002 270 28 38 &
3053 268 230 50 MASTERS,

2704 353 292 61 WHOLESALE
3023 355 21 28 &
3072 355 140 29 RETAIL
3231 355 85 30 IRON-

2926 394 191 34 MONGERS,

2855 465 168 34 Broadway,
3042 466 144 34 Reefton,

2705 534 80 28 Have
2798 543 36 19 on
2847 534 74 28 hand
2940 535 136 36 imported
3096 535 86 29 direct
3198 536 71 27 from
3292 535 47 29 the

2757 571 92 30 Home
2862 572 130 34 markets,
3005 581 15 19 a
3034 573 87 33 Large
3133 573 56 28 and
3203 572 66 30 Well-

2890 611 122 30 assorted
3032 611 82 30 Stock
3127 613 31 28 of

2705 691 167 38 Builders'
2887 693 220 47 Furnishing,
3121 692 138 48 Mining
3271 692 69 37 and

2811 763 148 37 General
2980 763 257 46 Ironmongery,

2707 846 99 28 Which
2829 846 66 37 they
2914 856 45 20 are
2981 847 133 37 prepared
3136 851 29 25 to
3186 846 51 30 sell
3258 849 28 26 to
3299 856 27 19 re-

2718 884 104 29 sidents
2834 885 30 29 of
2873 884 78 38 Lyell
2964 890 30 24 at
3002 885 152 37 extremely
3166 885 53 29 low
3231 885 98 37 prices.

2709 1024 153 29 Bickford's
2875 1025 81 34 Fuse,
2970 1025 91 28 Hall's
3078 1025 127 35 Blasting
3217 1023 124 34 Powder,

2710 1064 121 31 Octagon
2846 1064 81 32 Steel,
2940 1064 92 27 Ames'
3055 1063 125 34 Shovels,
3201 1062 67 29 Pick
3286 1062 56 28 and

2710 1102 136 28 Hammer
2858 1101 134 32 Handles,
3006 1102 55 33 &c.,
3072 1106 96 30 agents
3180 1101 42 29 for
3231 1100 111 30 Nobel's

2944 1140 161 37 Dynamite.

2709 1218 160 35 Furniture,
2898 1218 135 35 Bedding.
3064 1218 115 35 Lamps,
3220 1218 122 37 Cutlery,

2709 1257 172 37 Carpenters'
2895 1257 90 33 Tools,
3004 1258 103 32 Paints,
3130 1258 67 32 Oils,
3219 1257 123 32 Colours,

2846 1295 94 38 Fancy
2952 1295 91 35 Ware,
3056 1297 63 33 &c.;
3138 1296 67 34 also,

2712 1365 23 28 A
2748 1365 88 36 Large
2848 1366 176 28 Assortment
3040 1366 31 28 of
3088 1366 167 28 Galvanised
3267 1366 76 31 Iron,

2812 1404 145 28 Bessemer
2968 1404 56 28 and
3042 1404 105 37 Plough
3167 1404 74 29 Steel

2899 1479 104 28 WIRE
3024 1480 129 28 ROPES.

2814 1548 60 30 SSS
2905 1548 176 30 OCTAGON
3109 1548 130 30 SrEEL.

2780 1632 36 42 J.
2872 1632 40 42 B.
2977 1631 182 43 BEEC
3174 1631 97 51 HE,

2855 1742 173 38 Broadway,
3050 1742 149 38 Reefton,

2712 1844 341 62 gHAREBROKER,
3088 1845 23 31 &
3148 1843 199 33 GENERAL

2807 1932 255 36 COMMISSION
3097 1931 151 36 AGENT.

2749 2125 149 43 Enquiries
2930 2125 47 33 for
3001 2125 91 33 latest
3118 2124 172 43 quotations
3316 2123 33 33 in

2709 2184 118 43 mining
2840 2184 98 35 stocks
2951 2184 151 43 promptly
3114 2184 112 43 replied
3239 2186 43 32 to.

2737 2366 172 23 TELEGRAMS
2930 2366 201 23 IMMEDIATELY
3151 2365 168 24 ANSWERED.

2712 2444 214 42 IS*BUY
2955 2445 149 38 PURE
3133 2443 214 40 DRUGS!

2801 2563 63 42 W.
2891 2562 36 43 J.
2958 2563 56 41 M.
3045 2563 226 50 HANSBY,

2716 2627 197 32 ■nAMILY
2941 2627 84 32 AND
3055 2626 296 34 DISPENSING

2716 2671 28 36 I
2935 2671 197 36 CHEMIST,

2865 2738 164 28 BROADWAY,
3057 2739 142 22 REEFTON.

2713 2786 86 29 EUve
2811 2786 33 29 de
2857 2786 142 29 Vlnstitut
3009 2786 41 30 St.
3058 2786 138 36 Francois
3208 2786 115 35 Xavier,
3333 2796 20 19 a

2864 2826 118 35 Bruges,
2996 2826 29 27 la
3036 2826 166 36 Belguique.

2807 2876 39 28 M.
2866 2877 31 27 P.
2917 2876 28 29 S.
2965 2876 36 28 N.
3020 2877 41 32 Z.,
3118 2877 40 29 M.
3177 2877 31 29 P.
3226 2876 32 29 C.

2714 2971 109 28 Twelve
2835 2973 89 34 years'
2937 2972 130 28 assistant
3078 2975 29 25 to
3119 2972 54 28 Dr.
3187 2972 125 33 Morice,
3325 2973 30 27 of

2945 3008 181 37 Greymouth.

2750 3083 171 36 Physicians'
2942 3083 197 38 Prescriptions
3163 3084 56 28 and
3241 3084 111 36 Family

2716 3121 129 38 Receipes
2857 3121 154 39 accurately
3020 3121 190 39 compounded
3223 3121 68 31 with
3304 3121 47 31 the

2716 3160 148 29 PUREST
2883 3161 137 28 DRUGS.

2769 3246 177 23 SPECTACLES
2966 3247 35 22 TO
3022 3247 64 22 SUIT
3110 3247 55 22 ALL
3185 3247 114 23 SIGHTS.

2751 3317 89 30 Toilet
2871 3318 163 37 Requisites,
3058 3318 169 37 Perfumery,
3252 3319 101 29 Patent

2717 3356 151 30 Medicines
2880 3357 55 29 and
2947 3356 155 38 Druggists'
3117 3356 141 36 Sundries,
3271 3358 45 30 &c.

2791 3433 110 32 Teeth
2916 3433 197 41 Extracted,
3130 3433 70 42 Ac.,
3217 3433 61 33 &c.

2718 3507 116 30 IS®All
2843 3508 92 35 Drugs
2945 3507 185 33 Guaranteed,
3139 3507 55 29 and
3205 3511 29 25 at
3245 3508 107 36 greatly

2857 3545 187 31 REDUCED
3062 3545 149 31 PRICES.

2737 3642 600 34 GRATEFUL-COMFORTING.

2715 3715 290 130 EPPS'S
3083 3715 269 132 COCOA

2872 3917 331 30 BREAKFAST.

2843 3964 17 19 a
2882 3955 136 36 thorough
3030 3956 160 36 knowledge
3202 3957 30 27 of
3243 3956 47 29 the
3302 3965 32 19 na-

2717 3993 71 28 tural
2800 3993 67 29 laws
2878 3993 92 29 which
2983 4002 103 27 govern
3097 3993 48 30 the
3156 3994 158 37 operations
3325 3995 30 28 of

2717 4031 134 36 digestion
2863 4031 55 28 and
2930 4031 143 35 nutrition,
3085 4031 57 30 and
3154 4032 37 37 by
3211 4042 17 19 a
3248 4033 102 28 careful

2717 4070 165 37 application
2895 4070 31 29 of
2943 4070 48 29 the
3009 4070 56 30 fine
3077 4070 150 38 properties
3239 4070 32 29 of
3278 4071 58 30 well-

2717 4108 117 28 selected
2846 4118 92 23 cocoa,
2952 4108 46 28 Mr
3008 4109 78 37 Epps
3097 4108 50 29 has
3158 4109 132 37 provided
3302 4119 50 18 our

2717 4146 137 28 breakfast
2862 4145 86 29 tables
2957 4146 68 28 with
3032 4155 18 19 a
3057 4146 295 37 delicately-flavoured

2716 4183 132 38 beverage
2860 4183 89 30 which
2963 4193 66 28 may
3042 4194 64 20 save
3118 4194 33 20 us
3163 4195 87 27 many
3261 4184 90 39 heavy

2717 4223 117 27 doctor's
2855 4223 71 26 bills.
2962 4223 29 28 It
3010 4223 24 27 is
3048 4223 37 36 by
3097 4223 48 28 the
3152 4224 140 35 judicious
3303 4233 48 19 use

2716 4259 31 28 of
2754 4259 68 29 such
2836 4259 106 30 articles
2954 4259 31 30 of
3002 4259 56 30 diet
3069 4259 63 30 that
3143 4270 17 19 a
3172 4261 179 28 constitution

2716 4308 65 28 may
2801 4298 33 30 be
2862 4308 38 28 jn
2915 4298 84 38 'ually
3018 4298 70 31 built
3109 4308 36 29 up
3166 4299 71 30 until
3257 4303 95 34 strong

2716 4338 108 34 enough
2834 4341 28 24 to
2871 4341 81 25 resist
2960 4346 83 28 every
3052 4338 137 36 tendency
3197 4342 28 24 to
3237 4339 113 28 disease.

2716 4374 150 30 Hundreds
2879 4375 31 29 of
2918 4374 88 31 subtle
3019 4375 133 29 maladies
3170 4385 47 20 are
3238 4376 114 36 floating

2716 4413 105 29 around
2833 4423 32 19 us
2877 4413 86 38 ready
2975 4418 29 25 to
3015 4414 94 30 aitack
3124 4414 140 30 wherever
3274 4414 77 30 there

2716 4452 22 28 is
2751 4461 15 19 a
2776 4452 77 28 weak
2866 4452 86 37 point.
2989 4452 50 28 We
3052 4462 65 27 may
3128 4461 96 29 escape
3236 4463 87 26 many
3335 4463 16 18 a

2715 4489 68 30 fatal
2803 4490 74 30 shaft
2896 4490 37 38 by
2948 4489 117 39 keeping
3077 4491 136 30 ourselves
3225 4492 62 28 well
3298 4492 39 28 for-

2716 4528 76 29 tified
2815 4529 68 29 with
2907 4538 68 27 pure
2998 4529 82 29 blood
3104 4529 55 29 and
3183 4540 17 19 a
3223 4531 127 36 properly

2716 4567 148 28 nourished
3121 4567 94 30 article
3245 4569 28 28 in
3304 4569 47 29 the

2718 4605 74 29 Civil
2804 4605 110 30 Service
2928 4606 121 29 Gazette.

2715 4652 77 19 MADE
2803 4652 99 20 SIMPLY
2911 4652 76 20 WITH
2997 4652 115 21 BOILING
3119 4652 99 21 WATER
3227 4653 36 20 OR
3271 4653 79 20 MILK.

2734 4681 64 30 Sold
2810 4682 30 28 in
2853 4681 58 38 {-lb
2918 4681 113 39 packets
3040 4681 36 39 by
3086 4682 124 36 Grocers,
3219 4682 116 30 labelled

2973 4720 121 30 thus:—

2778 4758 149 32 JAMES
2965 4759 108 32 EPPS
3105 4759 71 31 and
3208 4759 80 42 CO.,

2848 4801 207 23 HOMEOPATHIC
3072 4803 147 27 CHEMISTS,

2794 4833 123 28 LONT
2963 4833 38 33 N,
3030 4833 244 30 ENGLAND.

2908 4931 250 32 NOTICE.

2780 5200 194 32 RINTING
3010 5202 54 28 OF
3098 5202 131 30 EVERY
3265 5203 63 30 DES-

2945 5333 180 31 CRIPTION

3017 5473 36 22 AT

2718 5606 102 71 %\]t
2838 5608 140 80 lEgell
2994 5608 166 63 tlirnts
3188 5611 161 73 (©fltcc,

2839 5812 148 42 CLIFF
3023 5813 204 42 STREET.

3543 185 121 34 Public
3681 185 153 32 Notices.

3365 270 32 41 A
3415 266 259 45 Wonderful
3707 266 120 42 Book
3849 266 72 41 for
3948 269 56 39 Is.

3585 331 172 19 CONTAINING
3770 331 7 19 :

3495 373 61 41 --fj
3568 371 51 28 100
3636 369 96 30 Tricks
3751 369 55 30 and

3539 416 11 25 i
3567 409 147 30 Delusions
3737 409 68 30 with
3963 416 35 10 ~-

3577 488 34 27 25
3629 486 168 29 Marvellous
3824 489 44 35 ||i
3880 473 72 58 ijjQ
3965 489 33 35 ||

3582 526 73 27 Coin
3674 525 116 34 Tricks,

3379 607 25 28 'v
3404 611 13 17 l
3487 607 66 33 MM
3566 617 98 20 mance
3673 607 33 29 of
3714 607 91 30 which
3824 621 19 13 v
3936 607 93 33 7

3492 641 140 34 ~zionlv
3645 657 17 19 a
3674 656 132 20 common
3972 663 17 3 -

3582 686 72 38 pack
3665 686 32 29 of
3709 686 82 29 cards

3599 839 114 30 needed.
3731 840 45 28 All

3383 868 110 61 Iskxlpr
3502 882 49 26 .is
3566 879 70 37 fully
3648 878 159 31 explained;
3833 868 164 65 iCpJ

3533 954 17 41 |
3566 955 26 29 A
3612 955 76 35 large
3709 955 97 29 collec-
3876 978 16 2 ~

3368 1044 137 37 Amusing
3525 1044 123 33 Biddies,
3662 1044 148 36 Charades,
3824 1046 112 35 Games,
3950 1048 56 34 &c.,

3624 1082 55 30 and
3692 1092 66 21 over

3371 1129 75 34 200
3469 1129 125 33 Tricks
3615 1130 89 33 with
3725 1131 190 42 Conjuring
3942 1133 44 40 Ap-

3609 1169 152 37 paratus.

3369 1210 44 29 All
3427 1211 164 35 illustrated,
3603 1211 155 37 explained,
3771 1211 55 29 and
3841 1211 81 30 made
3941 1212 48 29 sim-

3369 1249 55 37 ple,
3436 1249 69 29 with
3518 1260 17 19 a
3548 1250 142 34 catalogue
3703 1250 31 29 of
3747 1250 127 35 English,
3888 1251 117 33 French,

3370 1288 55 29 and
3446 1288 149 29 American
3618 1288 151 35 Novelties,
3789 1289 111 34 Games,
3923 1290 82 36 Toys,

3370 1327 55 33 &c.,
3439 1327 130 34 covering
3580 1336 66 19 over
3668 1329 53 26 800
3741 1336 92 28 pages,
3855 1328 55 28 and
3933 1329 61 28 illus-

3370 1364 90 30 trated
3472 1365 68 29 with
3550 1366 53 28 400
3612 1366 78 28 wood
3700 1365 103 29 blocks.
3840 1366 73 28 Both
3923 1366 85 29 books

3552 1404 101 28 mailed
3667 1404 56 28 free
3735 1403 43 29 for
3791 1405 38 26 Is.

3406 1451 247 383 fjACK
3684 1460 56 20 AND
3777 1459 47 21 HIS
3890 1459 58 63 Cgk

3583 1608 98 34 music,
3692 1606 54 28 and
3756 1605 68 39 keep

3584 1773 34 21 of
3631 1772 55 20 the
3696 1763 127 27 North's

3374 1854 73 29 Pack
3466 1854 32 29 of
3514 1853 96 33 Cards,
3628 1851 152 29 wonderful
3801 1851 120 37 changes
3941 1850 67 29 with

3373 1893 140 37 lightning
3524 1891 129 38 rapidity,
3667 1891 29 26 Is
3708 1890 36 28 2d
3756 1893 63 33 post
3829 1890 65 28 free.

3408 1932 37 30 N.
3471 1931 29 31 S.
3524 1930 45 31 W.
3594 1935 105 33 stamps
3719 1928 84 30 taken
3824 1932 29 27 at
3872 1938 58 30 par,
3949 1931 63 36 post

3373 1972 79 29 office
3464 1972 94 29 orders
3570 1980 31 20 or
3618 1970 91 36 postal
3731 1974 79 25 notes
3829 1970 146 36 preferred,
3987 1969 25 28 if

3374 2012 107 33 stamps
3493 2009 32 28 of
3533 2009 80 27 other
3626 2008 120 27 colonies
3758 2016 45 19 are
3817 2011 63 25 sent
3899 2008 54 27 add
3975 2009 36 25 2a

3373 2047 30 29 in
3415 2046 49 30 the
3475 2046 114 38 shilling
3599 2045 43 29 for
3653 2044 149 39 exchange.

3413 2124 75 29 Take
3497 2124 99 28 Notice
3598 2123 77 28 —To
3694 2122 138 29 advertise
3853 2132 53 19 our
3925 2123 68 28 Busi-

3374 2173 71 24 ness,
3458 2173 41 19 we
3509 2163 63 29 will
3585 2163 53 38 for
3654 2172 20 19 a
3693 2161 79 30 short
3791 2162 66 29 time
3877 2163 68 28 send
3966 2162 47 30 the

3374 2203 89 29 whole
3474 2204 37 36 of
3519 2204 46 28 the
3576 2203 84 28 above
3672 2203 159 27 mentioned
3851 2203 112 28 articles
3982 2204 28 27 to

3375 2251 51 20 one
3438 2242 116 29 address
3561 2243 66 36 post
3634 2241 82 37 paid,
3720 2242 53 36 for
3784 2243 31 26 2s
3827 2241 45 28 6d.

3557 2281 120 29 Address
3689 2280 38 29 all
3739 2279 92 30 orders

3376 2319 41 32 H.
3432 2319 138 32 YOKKE
3587 2320 23 29 &
3624 2319 63 35 Co.,
3699 2320 57 29 401
3772 2318 114 40 George
3902 2318 109 36 Street,

3633 2361 128 45 Sydney.

3402 2408 77 30 Lock
3491 2409 61 29 Box
3563 2410 33 27 41
3610 2409 75 36 King
3698 2409 98 33 Street,
3810 2408 65 29 Post
3887 2408 95 29 Office.

3836 2445 4 12 \

3460 2497 256 34 POSTAGE
3758 2497 190 33 KATES.

3569 2565 91 24 TOWN
3685 2565 139 23 LETTERS

3418 2610 112 33 Posted
3556 2615 33 28 at
3611 2622 58 30 any
3697 2611 73 32 Post
3798 2610 94 33 Office

3378 2653 52 32 the
3445 2655 104 40 colony
3566 2657 46 28 for
3627 2655 131 40 delivery
3772 2659 31 27 at
3819 2666 33 19 or
3862 2656 75 30 from
3950 2657 72 29 such

3382 2697 74 31 Post
3472 2697 94 32 Office
3582 2707 49 21 :

3381 2749 60 33 Not
3454 2750 163 40 exceeding
3631 2749 62 33 half
3707 2761 37 21 an
3760 2761 97 23 ounce
3910 2777 31 7 ...
3988 2751 36 32 Id

3383 2795 167 40 Exceeding
3565 2794 64 33 half
3640 2805 37 22 an
3693 2806 105 28 ounce,
3823 2796 55 32 but
3892 2800 55 27 not

3417 2839 164 37 exceeding
3596 2850 57 20 one
3668 2850 98 21 ounce
3909 2865 31 7 ...
3986 2841 40 30 2d

3382 2882 56 32 For
3451 2893 91 30 every
3559 2882 63 30 half
3634 2893 96 20 ounce
3744 2894 70 20 over
3829 2894 57 20 one
3910 2909 32 7 ...
3987 2884 37 31 Id

3544 2934 149 25 COUNTRY
3708 2935 148 24 LETTERS.

3419 2970 108 30 Posted
3544 2975 32 24 at
3590 2980 57 28 any
3673 2975 69 33 post
3754 2971 86 30 office
3855 2972 102 29 within
3974 2972 53 29 th#»

3378 3012 106 41 colony
3513 3014 46 30 for
3589 3011 134 42 delivery
3749 3017 32 27 at
3806 3024 35 19 or
3866 3013 76 31 from
3968 3024 34 20 ar

3377 3056 88 29 other
3475 3062 67 32 post
3553 3055 85 30 office
3654 3056 104 30 within
3775 3057 51 30 the
3840 3059 106 38 colony
3958 3071 46 17 :

3380 3097 62 31 Not
3457 3097 163 38 exceeding
3635 3097 61 31 half
3711 3107 38 21 an
3765 3108 97 21 ounce
3911 3123 19 8 ..
3986 3099 39 30 2d

3382 3140 168 40 Exceeding
3565 3140 60 32 half
3639 3152 38 20 an
3692 3152 107 28 ounce,
3813 3142 54 32 but
3892 3146 55 28 not

3417 3185 163 39 exceeding
3592 3195 57 20 one
3663 3195 98 21 ounce
3911 3212 31 7 ...
3986 3189 39 29 4a

3382 3227 57 32 For
3465 3239 89 29 every
3579 3227 64 33 half
3668 3239 98 22 ounce
3789 3240 72 21 over
3890 3240 57 22 one

3417 3283 98 21 ounce
3593 3298 31 8 ...
3752 3299 32 7 ...
3910 3300 32 7 ...
3986 3276 39 31 2d

3506 3323 201 23 AUSTRALIAN
3729 3325 168 23 COLONIES.

3381 3357 62 33 Not
3457 3358 163 41 exceeding
3636 3359 63 32 half
3716 3371 39 20 an
3770 3372 97 20 ounce
3909 3387 33 7 ...
3985 3362 39 32 2d

3381 3402 168 40 Exceeding
3563 3402 64 31 half
3648 3414 38 20 an
3701 3414 105 27 ounce,
3824 3405 54 31 but
3892 3409 54 27 not

3417 3447 164 39 exceeding
3595 3457 57 22 one
3667 3457 96 24 ounce
3909 3475 33 8 ...
3985 3449 41 33 4d

3381 3489 58 32 For
3465 3500 87 30 every
3578 3490 65 31 half
3667 3502 98 21 ounce
3793 3502 71 21 over
3889 3503 58 22 one

3418 3544 98 22 ounce
3594 3559 31 9 ...
3753 3560 33 8 ...
3911 3563 32 7 ...
3987 3537 18 31 2

3401 3587 146 22 ENGLAND
3568 3588 66 22 AND
3655 3588 144 22 FOREIGN
3813 3589 190 24 COUNTRIES.

3556 3621 59 32 Per
3629 3621 77 32 Half
3732 3623 118 31 Ounce.

3382 3663 112 32 United
3516 3664 159 40 Kingdom,
3702 3666 46 31 via
3772 3669 59 28 San
3853 3666 76 31 Fran-

3419 3708 79 33 cisco
3512 3708 60 33 and
3592 3709 77 33 Suez
3911 3732 35 9 ...
3988 3713 39 31 6d

3382 3752 113 32 United
3523 3754 102 30 States
3652 3754 34 31 of
3718 3754 150 39 America,
3902 3757 47 30 via

3419 3796 59 31 San
3495 3796 164 32 Francisco
3913 3824 33 8 ...
3989 3800 40 31 6d

3380 3840 154 33 Sandwich
3549 3840 130 40 Islands,
3703 3841 47 34 via
3777 3841 60 33 San
3852 3842 77 34 Fran-

3418 3895 81 20 cieco
3750 3912 30 8 ...
3909 3913 33 8 ...
3987 3890 41 30 6d

3382 3927 151 33 Canadian
3569 3927 191 41 Dominions,
3794 3930 49 32 via
3889 3931 61 32 San

3420 3971 165 32 Francisco
3751 3999 32 8 ...
3910 4000 33 8 ...
3987 3976 40 31 8d

3384 4014 110 31 British
3511 4015 159 32 Columbia
3751 4043 33 7 ...
3911 4045 33 7 ...
3997 4020 32 30 Is

3382 4058 87 33 West
3485 4058 103 33 Indies
3749 4088 32 7 ...
3907 4089 33 8 ...
3994 4065 35 30 la

3381 4102 130 38 Mexico,
3525 4103 46 31 via
3583 4104 60 31 San
3659 4104 166 33 Francisco
3909 4133 33 7 ...
3994 4109 35 30 Jt»

3380 4146 124 32 Central
3522 4148 141 30 America
3909 4176 31 7 ...
3995 4153 34 28 Is

3379 4190 93 31 South
3488 4190 148 39 America,
3649 4191 48 33 via
3708 4191 59 33 San
3780 4193 164 35 Francisco
3994 4197 33 30 la

3592 4243 19 22 B
3620 4244 193 23 EWSPAPERS.

3382 4275 107 33 Posted
3517 4286 18 22 a
3575 4287 57 29 acy
3658 4276 85 34 office
3770 4278 105 35 within
3897 4282 52 31 the

3417 4322 104 40 colony
3539 4328 47 25 tor
3600 4322 131 43 delivery
3747 4327 32 28 at
3800 4324 53 32 the
3866 4336 82 22 same

3418 4364 85 32 office
3751 4393 32 7 ...
3909 4391 35 9 ...
3987 4371 39 38 |d

3382 4409 108 32 Posted
3514 4417 33 24 at
3572 4421 58 30 any
3656 4409 85 34 office
3766 4411 107 33 within
3894 4414 54 32 the

3416 4454 105 40 colony
3538 4455 47 29 for
3600 4454 130 42 delivery
3746 4460 33 27 at
3789 4467 57 31 any
3860 4457 90 33 other

3417 4497 84 33 office
3516 4497 101 32 within
3634 4498 51 32 the
3699 4500 109 41 colony
3912 4528 32 8 ...
3989 4504 38 30 ±d

3380 4542 174 31 Australian
3568 4543 144 31 Colonies
3915 4572 31 7 ...
3993 4548 36 31 ]d

3380 4584 113 33 United
3511 4585 156 40 Kingdom
3913 4616 32 8 ...
3992 4591 36 32 Id

3535 4629 58 32 Vu
3609 4632 60 29 San
3691 4630 178 34 Francisco.

3379 4671 114 32 United
3511 4672 102 32 States
3629 4674 30 30 of
3673 4674 143 33 America
3914 4703 32 8 ...
3992 4679 37 31 Id

3380 4717 152 31 Canadian
3549 4717 182 33 Dominions
3913 4749 32 7 ...
3989 4723 40 32 2d

3384 4760 111 31 British
3512 4761 162 33 Columbia
3914 4792 32 8 ...
3989 4768 40 30 2d

3384 4804 84 32 West
3484 4804 105 34 Indies
3911 4837 33 8 ...
3988 4813 39 30 2d

3379 4848 125 31 Central
3519 4851 141 31 America
3913 4880 30 8 ...
3988 4856 40 31 2d

3378 4891 97 33 South
3492 4893 158 34 Amerrica
3913 4925 31 7 ...
3989 4899 39 32 2d

3575 4947 87 24 BOOK
3684 4949 145 23 PACKETS

3382 4978 108 32 Poated
3514 4984 33 27 at
3570 4991 59 32 any
3654 4984 84 32 office
3765 4987 106 29 within
3897 4986 54 32 the

3417 5023 107 43 colony
3540 5024 47 32 for
3601 5025 132 42 delivery
3747 5033 33 27 at
3794 5028 54 33 the
3858 5040 93 30 same,

3418 5068 104 32 within
3551 5070 54 31 the
3632 5071 120 42 colony,
3780 5072 54 33 the
3869 5075 61 31 Aus-

3416 5112 110 32 tralian
3697 5127 35 21 or
3756 5117 54 33 the
3834 5117 117 34 United

3419 5155 154 35 Kingdom
3657 5185 33 8 ...
3775 5162 54 31 loz
3914 5188 32 9 ...
3991 5164 38 31 Id

3457 5200 49 32 Do
3657 5229 32 8 ...
3773 5207 56 31 2oz
3913 5233 32 8 ...
3990 5209 39 31 2d

3459 5245 48 32 Do
3658 5275 32 7 ...
3775 5251 53 36 £lb
3913 5278 32 8 ...
3990 5253 39 32 4d

3458 5289 48 31 Do
3659 5318 31 8 ...
3778 5294 51 32 lib
3913 5322 33 7 ...
3991 5298 38 30 8d

3384 5334 93 40 Every
3506 5334 167 35 additional
3695 5339 114 39 pound,
3821 5351 36 20 or
3872 5339 65 34 frac-

3418 5377 96 33 tional
3526 5385 69 38 part
3610 5381 29 31 of
3655 5392 18 21 a
3690 5383 103 41 pouud
3915 5411 32 8 ...
3993 5385 36 33 8d

3546 5425 59 33 Via
3620 5430 59 29 San
3698 5427 175 36 Francisco.

3382 5466 111 33 United
3524 5468 113 38 States,
3661 5482 90 32 every
3782 5473 52 38 jib
3918 5501 31 6 ...
3992 5475 37 31 4d

3381 5512 154 32 Sandwich
3552 5514 119 32 Islands
3791 5543 19 14 „
3917 5545 30 7 ...
3993 5520 36 30 4d

3381 5557 150 32 Canadian
3550 5558 180 35 Dominions
3793 5587 19 15 „
3918 5590 20 7 ..
3994 5564 35 31 6i

3385 5600 109 32 British
3513 5602 161 35 Columbia
3795 5632 18 14 „
3918 5635 30 6 ...
3993 5608 36 31 6d

3385 5644 84 30 West
3485 5645 105 29 Indies'
