3422 4329
433 40 2830 42 THE

433 82 1132 316 OXFORD
1754 82 1509 316 OBSERVER

1239 844 106 32 EAST
1378 844 186 37 OXFORD,
1587 844 244 38 SATURDAY,
1889 845 93 30 MAY
2039 846 39 36 5/
2096 848 88 30 1894.

29 855 138 29 Volumn
188 854 27 30 Y
226 871 41 5 —
267 853 59 31 No.

2895 855 135 29 Price—
3032 855 85 29 ONE
3155 855 153 29 PENNY.

1104 425 182 54 AND
1360 421 584 58 CANTERBURY
2016 421 495 67 DEMOCRAT,

1243 535 519 36 CIIRCUIjATINC*
1837 536 516 36 THROUGHOUT

1686 706 228 30 Established
1958 707 92 30 1889.

2865 1003 50 38 G.
2942 1004 48 37 E.
3020 1002 344 45 WEYLANDT,

2978 1065 109 27 FAMILY
3104 1065 146 27 BUTCHER.

2888 1111 156 39 EAST
3075 1109 263 41 OXFORD,

2926 1173 118 25 Families
3057 1174 87 25 waited
3154 1182 65 23 upon
3230 1173 75 33 daily.

2954 1291 298 31 ASTOUNDING!

2912 1345 68 25 CAN
3017 1345 81 25 THIS
3126 1346 45 24 BE
3201 1346 112 25 TRUE?

2943 1430 63 23 YES,
3020 1430 20 20 A
3053 1430 134 20 DECIDED
3198 1430 83 21 FACT.

2846 1502 99 31 NEW
2954 1502 141 31 YEARS
3107 1502 273 33 CONCESSION.

2872 1584 51 76 C.
2966 1582 61 78 H.
3070 1582 285 78 MANNING

2937 1793 356 31 PHOTOGRAPHER.

2847 1873 42 20 BY
2926 1872 124 21 SPECIAL
3087 1872 220 21 APPOINTMENT
3343 1872 39 22 TO

2980 1904 122 21 EARLOF
3112 1904 132 21 ONSLOW.

2847 1968 104 24 TTtTILL,
2967 1968 91 26 During
3072 1968 42 20 the
3137 1968 83 20 Month
3238 1966 26 22 of
3280 1968 104 26 January

2856 1988 28 29 YY
2922 1995 60 26 only,
2992 1996 54 19 1894
3055 1995 65 20 Issue
3129 1995 27 19 to
3163 1994 41 21 the
3213 1994 87 21 Public.

2992 2027 85 31 ONE
3098 2027 146 31 DOZEN

2846 2076 29 20 Of
2883 2076 37 21 his
2934 2076 189 26 Widely-known,
3139 2074 245 28 Superiorly-iinishecl,

3038 2107 46 21 and
3102 2107 89 26 Highly

2845 2142 188 20 ENAMELLED
3089 2141 133 20 CABINET
3243 2161 3 3 .
3268 2140 112 21 PHOTO-

2847 2173 119 21 GRAPHS
2980 2173 40 19 AT
3029 2163 217 29 THE^NOMINaII
3255 2171 134 21 CKARGET

3100 2208 29 14 OF

3083 2240 66 29 15s.

2847 2321 172 21 DUPLICATE
3034 2313 355 29 OKDEKS-AT^THB^SAME

3077 2353 86 21 BATE.

2874 2420 49 20 The
2931 2419 82 21 Public
3022 2426 39 13 are
3076 2418 94 21 advised
3188 2419 24 20 to
3230 2417 61 21 avail
3310 2417 75 21 them-

2847 2452 72 21 selves
2938 2450 23 21 of
2979 2452 48 20 this
3046 2450 147 27 opportunity
3211 2448 24 21 of
3264 2448 120 27 obtaining

2846 2486 124 26 high-class
2979 2485 62 21 work
3051 2486 25 20 at
3084 2485 56 20 such
3147 2490 15 14 a
3170 2483 114 21 moderate
3293 2483 92 26 charge.

2844 2560 176 21 EEMEMBER
3030 2560 61 20 FOR
3100 2559 61 21 ONE
3171 2558 110 21 MONTH
3293 2558 93 21 ONLY.

2871 2619 49 20 The
2926 2619 54 20 vast
2988 2618 131 26 experience
3135 2617 108 20 obtained
3255 2617 31 25 by
3299 2615 86 21 C.H.M

2844 2653 25 21 in
2877 2653 41 21 the
2926 2653 157 21 innumerable
3091 2652 111 21 branches
3215 2651 26 21 of
3248 2651 41 21 the
3298 2651 82 26 photo-

2844 2688 95 26 graphic
2949 2688 36 19 art
2995 2687 84 26 during
3090 2687 37 19 his
3136 2685 84 21 Indian
3229 2685 46 20 and
3284 2684 97 21 Austra-

2844 2721 39 20 ian
2901 2721 93 23 travels,
3008 2720 46 20 and
3072 2720 40 19 the
3133 2719 115 26 thorough
3266 2719 117 25 apprecia-

2843 2755 50 20 tion
2902 2753 29 26 by
2938 2754 42 20 the
2987 2753 93 26 general
3099 2753 77 25 public
3189 2752 24 20 of
3228 2752 41 20 the
3281 2758 68 17 same,
3359 2752 23 19 is

2844 2787 110 20 sufficient
2970 2787 123 25 guarantee
3102 2786 54 19 that
3175 2786 31 19 all
3224 2786 61 18 work
3302 2784 79 19 issued

2843 2820 60 21 from
2909 2820 36 20 his
2954 2819 87 21 Atelier
3047 2810 45 29 will
3098 2819 28 20 be
3135 2818 24 21 of
3165 2818 41 21 the
3213 2817 92 26 highest
3311 2817 68 21 order

2869 2937 80 21 WILL
2960 2936 41 20 DO
3011 2935 52 21 HIS
3073 2935 71 21 OWN
3154 2934 197 21 OPERATIONS.

2842 3000 149 23 Studio-^l5O
2998 2999 105 22 Colombo
3113 2998 77 24 street,
3210 2996 169 23 Christchurch.

3003 3032 127 26 Telephone
3130 3042 27 3 —
3157 3031 42 20 No.
3210 3031 47 20 592.

2982 3117 262 46 NOTICE.

2978 3184 37 9 __^
3090 3180 36 18 4t»

2839 3215 23 56 I
2878 3214 64 24 have
2961 3212 113 25 resumed
3093 3211 106 31 practice
3209 3211 28 24 in
3253 3209 124 26 LUCK'S

2903 3244 191 26 BUILDINGS
3112 3244 147 25 Gloucester
3283 3242 92 29 Street,

2839 3287 86 16 corner
2936 3278 27 24 of
2972 3276 119 25 Colombo
3104 3276 89 25 Street.
3220 3275 15 24 I
3246 3275 64 23 have
3322 3281 54 16 sev-

2839 3311 52 24 eral
2903 3317 68 17 sums
2983 3309 27 25 of
3019 3315 90 23 money
3119 3308 65 24 from
3197 3307 55 23 £50
3263 3305 114 31 upwards

2839 3346 26 24 to
2873 3343 59 25 lend
2939 3349 33 18 on
2978 3341 131 25 first-class
3116 3339 112 26 freehold
3235 3338 65 25 farm
3307 3337 69 25 land.

2850 3372 6 47 \
2963 3382 111 31 JOHN
3093 3379 173 38 iC-CORR,

2853 3423 3 31 I
2874 3424 188 31 Barrister
3170 3420 181 32 Solicitor.

2853 3458 3 37 i
3088 3452 232 43 GSristbhttKCh.

2872 3576 211 40 BURRELL
3098 3571 244 41 BROTHERS.

2919 3622 374 37 PHOTOGRAPHERS

2839 3680 67 20 Have
2909 3678 106 21 removed
3018 3678 25 19 to
3046 3682 61 15 more
3111 3675 151 22 comjaoSious
3267 3680 63 19 jjrem
3333 3673 52 23 Jses

2951 3708 164 29 VICTORIA
3133 3706 138 28 STREET

2841 3762 116 31 Opposite
2980 3759 129 26 Salvation
3125 3777 6 6 ,
3137 3757 78 31 Army
3227 3763 11 22 /
3247 3757 135 26 Barracks.

2873 3794 57 25 Arid
2934 3789 49 29 lire
2995 3792 76 31 doing
3089 3788 157 28 Enawaaelle'l
3265 3790 120 26 Cabinets

2839 3834 38 23 for
2888 3833 43 31 8/6
2940 3840 44 23 per
2995 3832 88 24 dozen.
3107 3828 278 36 Gieatr.hotograpbio

2841 3870 125 30 Surprise-
3012 3868 53 23 One
3094 3867 26 23 ©4
3141 3866 46 24 the
3213 3869 94 28 largest
3330 3874 57 17 ever

2839 3907 156 27 introduced.
3037 3906 79 26 Frtsoii
3137 3904 70 28 D'jc.
3229 3906 70 26 11th.
3320 3905 66 25 until

2841 3948 42 24 the
2895 3946 61 26 New
2967 3946 75 24 Year.
3076 3944 60 26 Ctae>
3256 3946 68 31 large
3335 3946 52 24 size

2842 3985 147 25 Enamelled
3004 3984 99 28 Phffifcoa
3107 3984 51 28 %>r
3171 3986 54 33 15/-
3237 3985 75 25 usual
3323 3985 66 31 price

2844 4025 37 24 £1
2894 4026 55 24 10s.
2985 4024 97 27 Seogofe
3091 4034 23 18 -a
3131 4026 97 31 deposit
3250 4024 79 25 ticket
3350 4025 41 24 foe

2844 4063 43 33 2/6
2898 4070 58 18 now
2968 4061 88 33 ready^
3094 4064 63 26 This
3176 4064 23 25 is
3218 4063 42 26 the
3282 4063 110 31 greatest

2844 4103 100 24 wonder
2955 4103 30 26 ot
2999 4102 49 28 thQ
3072 4112 55 25 age.
3161 4104 80 25 Don't
3257 4102 63 25 miss
3340 4102 52 25 this

2846 4141 103 28 chaace\
3076 4150 5 18 ;
3203 4156 6 9 r

2878 4179 172 35 BURBaBV^
3056 4181 194 31 BROTHERS

3034 4221 4 4 '
3112 4222 212 35 Photographers,

2972 4267 111 26 Victoria
3098 4266 90 33 Streeti
3204 4268 192 29 Christchurch.

2447 988 115 25 GREAT
2594 990 85 25 SALE

2553 1035 30 16 OF

2303 1060 207 33 TEWELLRY,
2547 1064 177 29 WATCHES,
2759 1067 71 24 DIA-

2297 1089 22 28 t)
2461 1096 98 25 MOND
2577 1097 121 31 GOODS,

2299 1131 128 25 SILVER
2444 1133 72 24 AND
2538 1135 282 27 ELECTRO-PLATE

2298 1168 47 24 AT
2362 1167 23 27 A
2401 1169 173 27 DISCOUNT
2599 1173 43 24 OF
2660 1175 28 23 4s
2705 1175 38 24 IN
2760 1175 70 24 THE

2396 1208 126 31 POUND,
2535 1211 68 25 FOR
2615 1212 22 24 A
2654 1213 79 26 FEW

2448 1249 125 26 WEEKS
2582 1251 100 26 ONLY.

2334 1291 114 28 £10,000
2465 1292 74 25 value
2550 1295 27 22 to
2589 1294 76 25 select
2687 1296 66 24 from
2773 1298 26 23 at

2300 1348 67 44 M.
2429 1352 404 49 SANDSTEIN

2310 1424 108 21 DIRECT
2432 1426 155 25 IMPOBTER,
2613 1429 207 22 WATCHMAKEE

2445 1462 59 19 AND
2519 1463 164 25 JEWELLEB,

2298 1495 114 22 CASHEL
2427 1498 40 20 ST.
2487 1498 88 26 WEST,
2598 1500 231 23 OHBISTCHURCS

2441 1598 165 26 Established
2618 1601 74 24 1862.

2321 1669 31 21 M.
2364 1671 163 23 SANDSTEIN
2536 1674 40 20 has
2592 1675 115 25 appointed
2717 1676 44 21 Mb.
2770 1677 26 20 R.
2806 1676 28 22 H.

2293 1702 82 22 Pabish
2391 1709 24 15 as
2432 1704 35 21 his
2482 1705 80 22 Oxford
2576 1707 105 26 AGENT,
2695 1708 48 22 who
2759 1709 44 21 will
2811 1711 26 20 at

2293 1740 44 19 any
2346 1735 53 21 time
2408 1742 94 19 procure,
2517 1743 28 14 on
2561 1738 149 27 approbation,
2729 1741 107 24 Watches,

2294 1766 82 26 Clocks,
2387 1768 44 21 and
2439 1770 117 25 Jewellery,
2575 1776 24 15 or
2615 1771 35 20 his
2663 1773 80 21 Oxford
2759 1773 77 21 clients

2295 1800 22 20 to
2328 1799 64 22 select
2406 1801 65 26 from,
2481 1803 24 20 at
2514 1803 37 21 the
2569 1809 60 16 same
2637 1805 58 26 price
2712 1811 24 16 as
2743 1806 93 26 charged

2293 1831 23 20 at
2326 1831 37 21 the
2373 1831 153 23 Christchurch
2535 1834 180 23 Establishment.

2337 1884 59 40 M.
2442 1886 336 41 SANDSTEIN

2442 1942 112 22 OASHEL
2567 1944 119 26 STREET,

2383 1984 360 31 CHRISTCHURCH.

2314 2196 262 45 WALTBE
2636 2198 178 48 RTDE.

2393 2289 124 22 •TIMBER
2542 2291 176 25 MERCHANT.

2375 2355 118 32 WEST
2566 2358 183 41 OXFOED.

2306 2549 44 54 1
2360 2590 13 11 .
2391 2549 83 56 D.
2503 2549 326 63 Hassal]

2414 2634 293 46 SADDLER

2529 2702 60 20 AND

2292 2747 279 39 HARDWARE
2589 2749 229 40 IMPORTER

2435 2807 93 26 HIGH
2547 2808 142 31 STREET,

2375 2858 50 55 C
2462 2859 62 54 TJ
2562 2860 45 54 S
2646 2862 54 51 T
2726 2900 13 14 .

2293 2953 168 57 DESIRES
2479 2956 26 23 to
2517 2963 131 18 announce
2660 2957 57 24 tbat
2727 2958 29 24 in
2766 2958 62 24 view

2367 2986 27 26 of
2406 2986 45 26 the
2474 2989 168 32 approaching
2664 2989 109 32 harvest,
2796 2990 33 25 he

2292 3024 46 24 has
2361 3024 73 26 made
2457 3032 34 18 an
2513 3026 126 26 extensive
2661 3027 122 32 purchase
2804 3028 27 25 of

2292 3062 135 25 BINDER
2449 3062 115 26 TWINE
2589 3064 51 24 and
2662 3064 163 26 MACHINE

2293 3100 78 26 GILS
2388 3100 83 25 which
2481 3101 33 24 he
2525 3101 22 25 is
2557 3102 119 31 prepared
2689 3104 26 23 to
2737 3104 90 31 supply

2293 3140 26 23 at
2329 3138 44 25 the
2383 3139 88 24 lowest
2481 3140 184 25 remunerative
2686 3141 88 30 prices.

2293 3209 54 25 The
2357 3209 127 32 following
2489 3209 94 26 brands
2592 3218 41 17 are
2640 3210 59 32 kept
2709 3211 29 25 in
2747 3211 79 25 stock:

2325 3252 133 31 Donaghy,
2476 3252 114 29 Manilla,
2603 3253 85 25 Mixed
2699 3254 51 24 and
2762 3254 63 24 Flax

2293 3290 107 28 Twines,
2418 3290 135 25 Auckland
2564 3290 75 25 Fibre
2651 3292 56 28 Cos*
2719 3292 107 25 Manilla

2294 3327 58 26 Star
2360 3327 50 24 and
2422 3327 71 28 Flax,
2514 3327 50 26 and
2584 3327 90 26 Mason
2695 3328 128 27 Sfcruthers

2292 3365 57 25 well
2360 3365 91 25 known
2462 3365 106 25 Lurline
2580 3365 83 33 Hemp
2681 3366 95 27 Twine.

2326 3402 54 25 The
2390 3402 77 26 Stock
2477 3402 28 25 of
2515 3403 62 24 Oils
2588 3403 23 25 is
2622 3404 123 32 complete
2760 3412 65 23 con-

2293 3441 90 32 sisting
2405 3440 27 25 of
2458 3440 77 31 Lard,
2559 3440 94 30 Castor^
2685 3442 142 33 Valyoiine,

2293 3479 97 25 Golden
2408 3478 156 33 Machinery,
2589 3479 84 30 Colza,
2693 3480 52 25 Pea
2765 3478 61 32 Nut,

2293 3519 135 27 Neatsfoot,
2446 3519 62 23 Raw
2530 3519 51 25 and
2603 3520 90 24 Boiled
2710 3520 117 25 Linseed.

2292 3556 110 32 Aprons,
2415 3556 50 25 and
2480 3556 130 25 Elevators
2626 3557 74 24 made
2719 3558 50 23 and
2791 3565 37 17 re-

2293 3595 85 32 paired
2397 3596 27 24 at
2463 3595 110 25 shortest
2605 3596 92 25 notice.
2733 3596 94 25 Binder

2294 3633 79 33 whips
2384 3633 98 26 Canvas
2493 3632 99 31 batons,
2604 3633 76 26 rivets
2691 3634 51 25 and
2753 3634 72 25 Pole-

2293 3674 89 29 straps,
2394 3673 60 30 kept
2462 3672 27 24 in
2509 3673 104 31 variety.

2308 3722 23 24 A
2341 3722 68 31 large
2420 3722 116 31 quantity
2547 3721 28 25 of
2585 3722 90 24 Horse
2684 3722 143 24 Medicines

2291 3761 93 32 always
2395 3768 33 17 on
2451 3760 70 25 hand
2542 3761 130 31 including
2693 3760 135 26 Elliman's

2293 3800 127 31 Slesinger
2441 3800 50 24 and
2503 3826 4 3 .
2513 3799 148 32 Abilgaards
2689 3800 138 25 Embroca-

2293 3837 61 27 tion,
2378 3836 147 31 Slesingers'
2554 3835 143 32 Leemings,
2733 3837 94 26 James'

2292 3875 50 24 and
2352 3875 113 25 Stevens'
2477 3875 157 31 Blisterings,
2651 3875 96 31 Fryer's
2767 3875 60 24 Bal-

2293 3920 62 21 sam,
2380 3912 82 25 Sweet
2473 3912 79 29 Nitre,
2568 3912 94 31 Spavin
2672 3913 84 24 bruise
2767 3920 56 17 con-

2293 3951 87 28 dition,
2397 3951 52 24 and
2458 3976 4 2 .
2472 3951 92 25 Worm
2570 3955 6 3 '
2584 3950 126 29 Powders,
2730 3951 54 25 also

2293 3988 84 26 varied
2400 3987 70 25 stock
2492 3988 28 24 of
2542 3988 122 31 Saddlery
2680 3988 29 24 in
2731 3988 36 25 all
2795 3989 35 25 its

2295 4025 130 25 branches.

2328 4062 149 25 Horse-hair
2486 4063 52 24 and
2549 4063 121 24 Beeswax
2680 4063 150 31 purchased.

2296 4102 98 25 Second
2403 4101 71 24 hand
2482 4102 98 24 saddles
2597 4102 97 32 bought
2716 4104 52 23 and
2790 4113 42 16 ex-

2296 4140 113 33 changed
2438 4140 39 25 foi
2509 4148 65 18 new.
2608 4140 82 33 Agent
2719 4142 40 26 for
2792 4144 43 26 the

2296 4179 127 32 Lyttelton
2434 4179 83 25 Times
2529 4178 137 33 Company,
2683 4181 52 26 and
2753 4181 82 28 South

2297 4216 97 25 British
2404 4216 140 26 Insurance
2552 4216 44 27 (Co.
2631 4217 93 29 Orders
2734 4219 34 33 by
2778 4223 58 29 post

2297 4263 27 17 or
2336 4255 121 32 telegram
2464 4255 128 34 prompily
2602 4257 120 27 attended
2733 4259 35 28 to,

1789 981 450 43 SADDLEBT.

1747 1059 80 53 H.
1854 1060 62 53 J.
1934 1061 348 55 LAMING

1842 1139 347 34 SADDLER

1981 1183 64 20 AND

1749 1218 288 40 HARNESS
2072 1221 212 38 MAKER

1895 1270 72 24 Neae
1985 1270 150 30 Saleyards,

1782 1312 46 41 O
1852 1312 66 41 2S
1942 1313 197 41 FOB
2164 1315 46 39 D
2235 1343 16 12 .

1746 1385 88 24 Orders
1846 1385 51 24 and
1914 1386 104 30 Repairs
2029 1386 126 33 promptly
2167 1387 118 25 executed

1909 1430 27 22 at
1946 1428 88 25 lowest
2044 1431 75 22 rates.

1849 1492 145 40 HORSE
2018 1492 163 41 COTERS

1747 1543 100 39 made
1859 1545 37 37 to
1913 1545 102 38 Order
2030 1545 70 38 and
2114 1545 171 50 Repaired

1762 1604 21 24 A
1797 1604 77 25 Stock
1886 1605 26 23 of
1922 1606 82 24 Horse
2016 1605 123 25 Medicine
2151 1614 34 16 on
2193 1606 75 29 hand,

1823 1646 161 22 SOLOMON'S
2001 1647 149 22 SOLUTION
2164 1648 37 22 &c.

1766 1708 55 44 E.
1844 1708 57 45 R.
1918 1710 344 45 ALLPRESS

1855 1779 135 26 Consulting
1999 1780 47 19 and
2051 1780 90 27 Family
2147 1781 105 25 Chemist,

1935 1812 57 24 239.
2006 1811 90 25 Cashel
2107 1811 82 26 Street
2202 1813 77 28 West,

2002 1849 277 26 CHRISTCHURCH.

1853 1886 10 32 (
1870 1886 66 24 Next
1945 1886 108 25 Zetland
2064 1887 75 25 Arms
2151 1888 77 25 Hotel
2235 1889 11 32 )

1748 1936 40 26 (34
1797 1941 66 21 years
1878 1936 131 26 experience
2023 1936 26 20 at
2057 1937 73 20 Home
2140 1937 46 20 and
2201 1938 25 19 in
2241 1937 40 20 the

1956 1967 102 22 Colonies
2063 1968 9 26 )

1773 1999 37 20 Mr
1819 1999 101 26 Allpress
1929 1999 57 26 begs
2001 1999 26 21 to
2035 1999 80 21 tender
2128 2000 36 21 his
2181 2000 101 26 grateful

1747 2031 82 22 thanks
1838 2032 25 20 to
1871 2030 37 21 his
1920 2037 121 15 numerous
2051 2032 82 21 clients
2141 2032 141 27 throughout

1745 2064 142 25 Canterbury
1895 2063 36 21 for
1940 2063 40 21 the
1990 2065 94 25 support
2091 2065 75 21 which
2172 2065 42 21 has
2223 2065 58 21 been

1745 2096 138 22 vouchsafed
1900 2098 24 20 to
1944 2097 50 21 him
2008 2097 83 27 during
2111 2098 41 21 the
2173 2098 108 21 nineteen

1745 2138 65 19 years
1818 2131 30 21 he
1856 2131 43 20 has
1908 2131 105 21 followed
2021 2132 37 21 his
2074 2132 124 27 profession
2207 2133 25 20 in
2241 2133 39 21 the

1746 2164 115 24 Province,
1887 2164 46 19 and
1945 2164 90 26 finding
2057 2165 21 20 it
2100 2165 122 21 incumben
2231 2163 15 23 t'
2256 2165 25 20 to

1745 2197 119 21 centralize
1882 2196 37 21 his
1933 2197 104 21 business
2051 2197 24 21 in
2098 2198 66 20 order
2176 2199 26 19 to
2223 2199 58 25 keep

1744 2230 48 19 him
1806 2230 25 20 in
1844 2230 70 20 touch
1928 2230 55 21 with
1998 2231 36 19 his
2054 2232 128 24 supporters
2196 2231 25 20 in
2239 2232 41 19 the

1745 2261 153 26 surrounding
1907 2262 96 26 country
2009 2261 108 25 districts,
2124 2261 30 22 he
2161 2262 42 20 has
2209 2262 71 21 taken

1745 2295 40 20 the
1793 2295 72 20 above
1873 2295 109 26 premises
1992 2295 73 21 where
2083 2296 30 19 he
2121 2296 50 20 will
2178 2296 29 21 be
2225 2296 55 26 glad

1744 2328 25 20 to
1778 2329 87 19 receive
1875 2328 37 20 his
1920 2328 88 20 friends
2016 2328 129 27 personally
2159 2335 25 14 or
2192 2329 87 21 receive

1743 2360 61 20 their
1814 2360 77 20 orders
1906 2366 41 20 per
1959 2361 57 25 post.
2044 2360 43 21 His
2185 2361 93 23 Known,

1744 2391 68 21 Tried
1835 2391 47 21 and
1903 2392 122 26 Approved
2046 2390 119 23 Remedies
2191 2392 37 21 for
2248 2392 31 21 all

1744 2419 83 20 classes
1836 2418 25 21 of
1878 2418 105 21 Diseases
1992 2424 38 14 are
2039 2424 51 14 now
2099 2425 25 14 so
2133 2418 50 21 well
2196 2420 83 19 known

1744 2451 25 14 as
1787 2446 26 19 to
1825 2444 59 21 need
1904 2451 30 14 no
1951 2444 91 21 further
2063 2446 101 20 mention
2188 2446 25 21 in
2232 2446 47 21 this

1744 2472 136 26 necessarily
1891 2472 65 20 short
1964 2471 185 21 advertisement.

1771 2499 20 20 A
1800 2498 44 22 full
1852 2498 62 27 price
1924 2496 54 23 List'
1982 2498 23 21 of
2013 2498 33 21 all
2054 2498 37 20 his
2100 2498 90 21 various
2208 2499 71 20 Rem-

1744 2526 61 21 edies
1814 2529 43 17 (San
1865 2526 29 20 be
1903 2526 48 21 had
1959 2525 55 21 P6st
2027 2526 57 20 Free
2093 2531 29 14 on
2134 2526 145 25 application,

1744 2552 46 21 and
1802 2559 83 19 among
1899 2553 65 21 them
1971 2552 90 21 besides
2069 2552 66 21 those
2144 2552 24 21 of
2176 2559 15 14 a
2199 2552 80 27 purely

1744 2579 97 21 Medical
1861 2580 121 21 Character
1999 2580 48 19 will
2063 2580 28 19 be
2109 2578 73 21 found
2197 2580 78 24 Horse,

1744 2606 74 20 Cattle
1832 2606 47 20 tind
1894 2607 52 25 Dbg
1960 2606 132 23 Medicines,
2107 2606 22 20 of
2147 2606 133 21 undoubted

1743 2632 90 27 efficacy
1842 2633 103 23 together
1960 2632 55 21 with
2027 2632 21 21 A
2064 2632 60 21 Host
2133 2633 23 20 of
2166 2633 114 21 Domestic

1744 2659 104 22 Utilities
1856 2660 75 21 Toilet
1944 2660 159 25 Preparations
2113 2660 18 20 &
2140 2660 138 26 Perfumery.

1770 2686 38 20 Mr
1814 2686 104 26 Allpress
1927 2686 86 21 invites
2028 2686 149 26 applications
2192 2686 36 21 for
2242 2686 37 21 his

1743 2712 51 22 List
1802 2713 47 20 and
1857 2713 53 25 twill
1924 2713 56 20 send
1988 2714 57 19 Free
2054 2713 24 20 of
2087 2719 96 19 expence
2192 2719 30 14 on
2230 2719 49 14 rec-

1743 2740 49 25 eipt
1800 2739 90 25 of/Five
1900 2740 105 26 shillings
2014 2740 47 19 and
2070 2740 103 25 upwards
2185 2740 23 19 in
2218 2740 61 25 post-

1743 2766 24 19 al
1775 2766 66 20 notes
1851 2771 26 14 or
1884 2766 66 19 order
1960 2771 46 19 any
2011 2766 80 19 article
2098 2766 82 19 named
2189 2766 90 20 therein

1743 2791 57 22 such
1809 2792 66 21 order
1889 2798 53 20 may
1951 2792 105 20 emanate
2069 2792 57 20 from
2137 2797 42 15 one
2187 2797 90 21 person,

1742 2825 25 14 or
1775 2818 29 21 be
1814 2818 65 21 made
1887 2825 32 19 up
1927 2824 83 20 among
2019 2818 137 26 neighbours
2165 2819 50 20 who
2227 2824 52 20 may

1743 2845 84 26 depute
1833 2841 5 8 '
1845 2851 42 14 one
1900 2845 24 20 of
1938 2845 62 20 their
2012 2845 96 20 number
2119 2845 25 20 to
2158 2846 65 19 make
2239 2845 40 20 the

1743 2872 139 24 remittance,
1892 2872 86 19 receive
1982 2872 40 19 the
2030 2871 70 26 goods
2103 2872 47 19 and
2159 2872 121 19 distribute

1742 2898 41 21 the
1793 2903 60 16 same
1863 2904 30 14 on
1901 2898 92 21 arrival.
2010 2916 4 2 .

1743 2931 77 26 Agent
1828 2931 37 21 for
1874 2931 87 21 Oxford
1969 2931 148 21 andTDistrict
2122 2932 37 20 Mr
2166 2932 26 20 B.
2201 2930 78 22 Keatsl

1791 2990 190 57 Money
1994 2992 54 43 to
2070 2991 154 45 Lend.

1798 3079 18 30 I
1830 3079 80 30 have
1938 3089 113 29 money
2079 3083 33 26 to
2140 3080 72 29 lend
2248 3081 29 28 in

1743 3119 85 40 large
1854 3128 34 20 or
1916 3120 91 29 small
2036 3129 85 20 sums
2157 3130 32 19 to
2218 3121 63 29 suit

1743 3160 179 30 Borrowers
1952 3164 34 25 at
2013 3159 109 31 lowest
2155 3165 126 25 current

1742 3204 91 26 rates.

1823 3239 192 30 WILLIAM
2037 3239 156 37 HOBAN,

1910 3279 197 28 •SOLICITOR,

1776 3317 49 24 204
1837 3316 122 26 Hereford
1969 3316 40 25 St.
2022 3316 196 26 Chkistchurbh
2230 3316 50 25 and

1952 3354 111 25 Kaiapoi.

1744 3448 150 41 •THE
1917 3451 127 37 RED
2058 3451 220 39 HOUSE'

1881 3504 74 21 under
1963 3504 41 21 the
2013 3504 123 21 Verardah
2238 3511 7 7 •

1743 3542 40 20 109
1803 3540 105 21 Colombo
1928 3541 64 20 Sreet
2020 3540 241 22 CHRISTCHURCH.

1792 3577 158 38 JOHN
1987 3575 236 40 WILSON

1742 3629 98 22 General
1849 3629 87 24 Dealer,
1953 3628 124 22 Furniture
2087 3629 89 26 Broker,
2188 3629 18 22 &
2211 3631 70 22 Hotel

1796 3666 118 21 Valuator.
1953 3666 147 20 Established
2110 3667 28 20 20
2146 3667 79 21 Tears.

1742 3719 60 22 John
1812 3719 89 20 Wilson
1906 3719 114 21 embraces
2029 3719 39 20 the
2078 3719 91 25 present
2175 3720 104 25 opportu-

1744 3746 49 26 nity
1802 3745 25 21 to
1840 3745 75 21 thank
1924 3745 38 20 his
1973 3745 129 26 supporters
2112 3745 35 21 for
2155 3746 63 20 their
2227 3752 52 14 cus-

1743 3774 47 19 tom
1799 3772 46 20 and
1853 3773 126 25 patronage
1991 3772 47 20 and
2053 3778 90 15 assures
2154 3772 64 21 them
2227 3773 52 21 that

1743 3806 24 14 as
1776 3799 25 20 in
1810 3799 41 20 the
1857 3799 53 25 past
1919 3798 29 21 he
1963 3798 21 21 is
1996 3798 110 26 prepared
2114 3799 24 20 to
2148 3799 82 27 supply
2238 3799 40 21 the

1743 3826 52 21 best
1802 3825 125 20 Furniture
1938 3824 43 26 &c,
1996 3825 37 20 &c.
2039 3844 4 2 .
2049 3825 26 20 at
2089 3824 73 27 prices
2176 3826 61 26 fully
2252 3827 27 20 20

1744 3858 40 20 per
1792 3852 54 19 cent
1853 3852 47 19 less
1906 3851 58 20 than
1973 3850 112 21 hitherto.

1797 3887 61 22 John
1880 3886 89 22 Wilson
1995 3886 46 21 will
2064 3886 92 22 furnish
2176 3893 14 15 a
2209 3886 70 23 house

1745 3915 135 24 throughout
1887 3913 36 20 for
1932 3914 53 23 .£2O,
2015 3913 62 20 John
2084 3913 90 23 Wilson
2183 3914 47 21 will
2237 3914 41 21 sell

1745 3947 45 21 you
1802 3947 14 14 a
1838 3939 116 22 Duchesse
1978 3939 71 20 Chest
2057 3940 112 20 Drawsers
2178 3940 36 21 for
2228 3940 50 27 50/-.

1771 3967 60 21 John
1839 3966 88 21 Wilson
1947 3965 47 21 will
2012 3965 43 21 sell
2072 3972 46 19 you
2133 3972 15 14 a
2166 3966 71 21 Chest
2256 3967 25 20 of

1745 3995 103 19 Drawers
1856 3992 36 21 for
1901 3991 51 26 20/-.
1994 3991 60 22 John
2063 3992 91 21 Wilson
2175 3993 46 20 will
2241 3993 40 20 sell

1744 4026 46 21 you
1817 4019 90 21 Double
1933 4018 54 21 Iron
1995 4022 5 3 '
2011 4018 127 22 Bedsteads
2168 4018 39 22 for
2228 4019 51 27 26/-.

1747 4046 82 27 Spring
1837 4045 133 21 Mattresses
1979 4044 46 27 25/-
2034 4045 122 21 Palliasses
2166 4052 45 21 any
2219 4046 62 26 price

1747 4080 45 20 you
1804 4073 53 20 like.
1895 4071 144 26 Everything
2053 4071 76 26 cheap,
2138 4072 143 28 Everything

1748 4099 58 28 good
1814 4098 47 22 and
1868 4104 47 19 you
1924 4103 42 15 can
1979 4098 42 25 get
2029 4098 138 25 everything
2174 4099 60 20 from
2241 4099 40 21 the

1748 4125 74 22 useful
1829 4124 62 22 little
1900 4123 81 21 needle
1993 4123 26 21 to
2036 4123 41 22 the
2094 4123 127 26 proverbial
2243 4132 39 14 an-

1748 4153 59 21 chor.
1833 4158 4 3 •

1747 4179 63 22 THE
1828 4178 62 22 EED
1903 4176 111 23 HOUSE.
2028 4177 48 20 .109
2085 4176 104 22 Colombo
2199 4178 82 22 Street.

1912 4203 80 22 JOHN
2006 4203 128 23 WILSON.
2159 4213 3 4 •

1775 4231 124 22 Furniture
1907 4230 101 26 Bought,
2022 4229 50 21 sold
2094 4235 25 15 or
2145 4229 137 29 exchanged.

1749 4259 64 22 Sales
1828 4256 111 24 attended
1947 4262 29 16 on
1985 4256 149 22 commission.
2246 4266 2 10 ;

1197 983 174 44 JOHN
1443 983 290 54 INGRAM,

1226 1045 483 33 AXJOTIOISrEER

1199 1091 105 26 LICENCED
1324 1091 57 25 LAND
1392 1092 93 29 BROKER,
1499 1092 125 28 VALUATOR,
1640 1091 93 29 ESTATE,

1212 1123 131 29 INSURANCE,
1354 1124 15 24 &
1379 1124 100 24 GENERAL
1489 1124 139 24 COMMISSION
1639 1124 80 24 AGENT.

1196 1157 67 24 Agent
1268 1158 37 25 for
1315 1159 33 19 the
1357 1158 104 20 National
1470 1159 112 19 Insurance
1593 1158 104 26 Company
1712 1162 22 21 of

1373 1190 50 19 Neio
1438 1190 101 20 Zealand.

1219 1221 171 30 OXFORD
1412 1223 29 26 &
1466 1221 251 30 SHEFFIELD.

1197 1293 148 26 Fortnightly
1355 1294 97 19 Auction
1463 1294 63 19 Sales
1536 1293 54 20 held
1599 1294 24 19 in
1627 1293 41 20 the
1675 1293 58 20 Mar-

1197 1327 40 19 ket
1246 1327 75 19 Yards
1331 1327 129 24 OXFORD,
1471 1333 68 20 every
1549 1327 83 20 second
1649 1326 84 20 Thurs-

1197 1358 50 25 day.
1263 1359 108 24 Monthly
1381 1359 63 20 Sales
1454 1359 55 20 held
1519 1360 25 19 at
1552 1359 90 20 Market
1651 1359 82 23 Yards,

1198 1388 179 22 SHEFFIELD.
1440 1390 93 21 Private
1551 1390 100 21 Auction
1670 1390 64 21 Sales

1197 1421 142 19 undertaken
1349 1428 46 19 any
1403 1422 54 25 part
1466 1421 24 20 of
1499 1421 40 21 the
1550 1422 103 25 country.
1680 1422 53 19 Pro-

1196 1453 64 24 perty
1272 1452 100 26 Bought,
1382 1452 58 23 Sold,
1451 1459 26 13 or
1486 1453 47 20 Let.
1546 1453 47 19 and
1599 1453 134 20 Valuations

1197 1485 109 27 carefully
1315 1486 73 21 made.
1419 1486 65 20 Land
1493 1486 105 26 Bi'ought
1607 1486 73 20 under
1693 1486 40 21 the

1196 1519 106 21 Transfer
1310 1520 51 25 Act,
1391 1520 126 25 Transfers,
1531 1521 90 25 Leases,
1635 1520 18 21 &
1659 1520 74 21 Deeds

1197 1552 21 19 of
1227 1552 133 26 Mortgages
1376 1552 76 21 dra^n
1461 1559 38 19 tip.
1537 1552 83 27 Money
1629 1552 105 21 invested

1197 1583 45 20 and
1251 1584 108 20 obtained
1369 1585 34 19 for
1412 1584 86 20 Clients
1508 1590 29 14 on
1546 1585 129 25 Mortgage.
1695 1583 38 21 In-

1228 1621 96 14 surance
1342 1614 96 21 effected
1454 1621 30 14 on
1493 1615 125 26 Buildings
1627 1615 24 20 of
1660 1621 45 20 any

1272 1646 143 26 description,
1426 1647 46 21 and
1480 1647 63 20 their
1552 1647 111 21 contents.

1197 1682 58 21 HAS
1269 1683 57 20 FOR
1340 1683 72 20 SALE
1429 1683 37 20 BY
1482 1682 125 21 PRIVATE
1620 1682 112 21 TREAT'S

1223 1719 21 20 A
1252 1719 56 24 good
1326 1719 157 26 Agricultural
1492 1720 46 19 and
1546 1719 104 21 Pastoral
1666 1719 68 20 Farm

1196 1750 129 24 containing
1336 1751 40 19 522
1386 1757 63 14 acres
1458 1751 113 21 Freehold
1577 1750 18 20 &
1600 1752 42 19 240
1654 1751 79 20 Lease-

1196 1783 54 20 hold
1259 1784 25 20 at
1292 1783 65 21 View
1366 1783 51 21 Hill
1426 1783 98 21 devided
1530 1785 49 20 into
1588 1785 27 19 12
1620 1783 114 28 paddocks

1196 1817 51 20 well
1255 1817 100 21 watered
1362 1818 80 20 within
1452 1818 28 25 4J
1490 1818 65 21 miles
1564 1818 60 20 from
1633 1818 101 25 Railway

1197 1848 97 26 Station,
1310 1849 139 21 substantial
1470 1850 12 20 5
1492 1849 92 21 roomed
1602 1849 74 21 House
1694 1855 40 15 sur

1196 1882 102 21 rounded
1311 1883 31 25 by
1350 1889 14 14 a
1372 1883 51 20 nice
1432 1884 137 24 plantation,
1579 1884 66 25 large
1655 1882 79 21 Stable

1197 1915 45 21 and
1251 1916 108 21 outsheds
1368 1917 95 21 thereon
1463 1928 28 3 —
1491 1917 62 26 price
1562 1923 56 20 very
1626 1917 48 20 low.

1292 1954 35 20 On
1337 1955 91 19 account
1438 1955 23 19 of
1471 1955 35 19 Mr
1522 1955 124 20 Allpbess.

1223 1996 42 20 His
1273 2002 52 21 very
1333 1996 174 22 nice'residence
1517 1996 98 27 opposite
1626 1997 38 19 the
1677 1996 57 20 Par-

1196 2034 81 20 sonage
1284 2028 58 22 East
1346 2028 85 22 Oxford
1437 2028 36 23 for
1479 2028 47 22 sale
1534 2034 57 22 vary
1597 2028 78 28 cheap,
1684 2027 51 22 half

1195 2067 51 14 acre
1256 2061 23 20 of
1287 2061 63 25 land,
1360 2061 57 25 good
1426 2061 93 26 garden.

1259 2098 35 21 On
1303 2099 98 20 account
1411 2098 22 21 of
1442 2098 42 21 Mb
1493 2098 78 21 James
1584 2096 95 23 Fisher.

1222 2133 15 17 4
1240 2138 63 14 acres
1313 2132 23 20 of
1353 2132 57 20 land
1428 2132 108 26 dwelling
1553 2132 72 20 house
1637 2131 97 21 thereon

1195 2158 252 32 qiiitela'TJaffaTfifS^-'
1459 2168 7 3 ~
1482 2167 5 3 '

1251 2210 34 19 On
1295 2211 96 19 account
1397 2210 24 20 of
1430 2211 38 19 Mr
1477 2210 104 20 William
1588 2211 91 20 Neithe.

1222 2256 44 21 His
1275 2256 50 21 nice
1334 2256 63 21 little
1409 2257 97 25 grazing
1524 2257 69 20 Farm
1602 2257 23 20 of
1633 2256 28 21 40
1670 2263 63 15 acres

1195 2293 56 21 with
1261 2294 58 25 good
1329 2294 35 20 six
1373 2295 92 19 roomed
1480 2294 70 21 house
1562 2294 9 27 (
1577 2294 80 26 nearly
1665 2300 50 15 new
1722 2293 9 28 )

1195 2330 45 21 and
1249 2330 64 26 large
1321 2331 61 21 Shed
1392 2331 46 21 and
1447 2331 89 21 Stables
1541 2331 102 21 thereon.
1672 2331 61 21 Well

1194 2368 95 26 grassed
1298 2368 46 20 and
1350 2368 51 21 well
1407 2368 105 21 watered.
1543 2368 106 22 Situated
1656 2374 30 15 on
1692 2368 41 21 the

1195 2406 49 26 Bay
1260 2406 65 20 Road
1348 2406 81 21 within
1453 2413 54 20 easy
1531 2407 102 20 distance
1651 2406 24 20 of
1693 2406 40 21 the

1194 2443 126 27 Creamery.
1359 2443 65 21 Price
1434 2449 55 21 very
1499 2444 122 21 moderate.

1285 2488 35 20 On
1330 2488 98 20 account
1437 2488 24 20 of
1469 2488 39 20 Mr
1516 2488 35 21 W.
1561 2488 79 21 Munn.

1221 2529 44 21 His
1284 2528 59 28 Shop
1362 2530 47 20 and
1426 2531 128 26 Dewelling
1573 2529 77 23 House
1675 2531 58 22 with

1193 2566 49 21 half
1251 2573 50 14 acre
1310 2568 22 19 of
1341 2567 55 21 land
1405 2573 28 15 on
1452 2568 41 21 the
1503 2568 96 21 Terrace
1607 2568 68 21 West
1686 2569 45 20 Ox-

1193 2602 58 22 ford.
1279 2604 20 20 A
1310 2604 49 21 real
1367 2604 103 27 bargain.

1257 2648 35 21 On
1301 2649 96 20 account
1407 2649 25 20 of
1441 2649 38 20 Mr
1488 2649 28 21 D.
1529 2649 136 27 Thompson.

1221 2690 11 20 1
1242 2696 51 15 acre
1303 2690 23 21 of
1335 2691 65 20 Land
1409 2690 56 22 with
1484 2691 98 26 Cottage
1592 2689 95 23 thereon
1706 2691 26 21 in

1193 2727 91 20 Church
1294 2728 74 19 Street
1376 2734 50 14 now
1435 2728 26 20 in
1470 2728 133 26 occupation
1613 2728 23 21 of
1645 2729 37 20 Mr
1692 2729 36 20 W.

1194 2764 105 19 Osborne.

1219 2806 132 20 WANTED
1366 2806 25 21 to
1402 2806 70 21 Lease
1481 2813 15 14 a
1580 2806 73 28 Dairy
1662 2807 69 21 Farm

1192 2839 60 20 from
1260 2839 28 19 40
1297 2839 24 19 to
1332 2839 42 19 100
1379 2844 69 15 acres.

1223 2871 46 20 For
1281 2870 136 26 particulars
1432 2870 72 26 apply
1518 2872 24 19 to
1572 2889 2 2 .

1194 2925 193 32 JOHN
1418 2923 310 34 INGRAM

1250 3017 260 26 CALEDONIAN
1527 3016 146 27 HOUSE.

1191 3078 220 45 JAMES

1272 3134 83 26 BOOT,
1373 3134 85 26 SHOE.
1475 3135 25 25 &
1515 3133 132 27 SUPPER.

1324 3165 263 31 Manufacturer.

1292 3210 118 31 WEST
1444 3210 182 31 OXFORD.

1192 3261 47 21 Has
1249 3268 29 13 on
1286 3262 64 19 hand
1359 3267 12 14 a
1381 3262 105 25 splendid
1493 3262 133 19 assortment
1632 3260 25 21 of
1661 3261 69 20 Boots

1192 3293 43 19 and
1245 3292 70 20 Shoes
1325 3292 67 20 made
1411 3298 29 14 on
1450 3292 39 20 the
1498 3291 108 27 premises
1625 3291 25 21 at
1659 3291 71 25 prices

1192 3323 52 21 that
1252 3323 53 28 defy
1314 3323 152 27 competition.
1495 3323 62 27 Boys
1564 3322 81 22 School
1653 3323 76 25 Boots,

1190 3356 58 21 back
1258 3362 71 15 seams
1339 3356 47 21 and
1393 3356 65 20 front
1466 3356 64 20 hand
1537 3361 67 19 sewn,
1612 3355 84 21 cannot
1701 3355 29 20 be

1191 3388 126 25 surpassed.
1349 3387 69 22 Men's
1427 3387 51 21 best
1483 3387 150 26 watertights,
1643 3386 87 27 pegged

1192 3419 48 27 15/-.
1280 3420 99 26 Bespoke
1402 3419 143 26 department
1567 3418 106 25 carefully
1696 3418 34 21 at-

1190 3451 69 21 tonde
1289 3452 31 20 to.
1348 3451 40 21 Fit
1407 3451 47 20 and
1471 3450 172 28 Workmanship
1661 3450 70 21 Guar-

1189 3483 88 22 anteed.
1305 3483 94 26 Repairs
1407 3483 79 24 neatly
1495 3483 46 21 and
1549 3482 115 27 promptly
1673 3483 58 21 done

1189 3516 25 19 at
1222 3516 132 20 reasonable
1362 3515 74 26 prices

1200 3568 92 21 Branch
1304 3567 183 22 Establishment
1494 3574 5 12 :
1515 3567 59 20 Near
1593 3566 68 21 Town
1670 3566 56 20 Hall

1378 3594 58 20 Esßt
1445 3593 93 21 Oxford.

1242 3672 76 38 GK
1371 3672 316 46 SZ^ITIBC,

1193 3733 87 44 ZINC,
1303 3732 70 40 TIN,
1398 3733 65 38 AND
1486 3733 116 40 SHEET,
1628 3733 102 38 STEEL

1399 3797 138 22 WORKER

1228 3834 89 38 High
1340 3833 112 38 Street,
1475 3834 81 30 East
1578 3834 127 30 Oxford.

1195 3933 40 25 All
1246 3934 73 24 kinds
1332 3933 28 25 of
1373 3934 97 31 Pumps
1482 3933 77 25 Fixed
1571 3935 23 22 &
1610 3933 120 32 Bepaired

1279 3988 5 3 -
1309 3977 28 23 at
1348 3975 45 25 the
1406 3976 110 25 shortest
1527 3975 92 25 notice.

1194 4035 224 58 ROBERT
1501 4035 229 70 FISHER,

1228 4112 179 27 GENERAL
1433 4111 267 27 STOREKEEPER

1193 4160 98 43 Teas,
1331 4158 134 45 Coffees,
1503 4157 130 45 Cocoas,
1665 4157 70 39 and

1298 4202 146 43 General
1466 4205 185 38 Groceries-

1246 4255 148 32 WEST
1458 4255 226 31 OXFORD.

201 1361 104 79 J.
401 1349 617 88 LOUGH,

165 1477 164 29 BUILDEE,
374 1473 246 30 UNDEETAKER,
668 1469 274 28 WHEELWRIGHT
976 1467 75 25 ETC.

143 1550 104 25 ISHES
265 1552 24 21 t0
312 1549 76 30 notify
411 1549 26 24 to
459 1549 41 22 the
516 1554 16 24 P
535 1546 62 25 uWic
612 1547 53 24 tbat
689 1544 33 24 he
742 1544 20 24 is
775 1552 13 16 a
789 1551 32 24 PP
823 1543 82 24 ointed
924 1543 21 23 A
947 1550 16 23 s
964 1544 42 21 ent
1022 1541 38 23 for
1078 1540 39 24 tlie

33 1638 261 44 WALTER
313 1638 55 50 A.
391 1634 228 47 WOOD'S
641 1634 241 44 Reapers
900 1631 33 42 &
953 1630 231 44 Binders

263 1733 216 42 Mowers
511 1731 100 44 and
641 1730 182 42 Rakes.

155 1829 59 20 ALL
241 1826 118 22 EXTRAS
387 1825 58 21 FOR
472 1823 97 22 THESE
595 1820 159 23 MACHINES
781 1819 81 20 KEPT
890 1818 34 21 IN
954 1816 100 22 STOCK.

33 1909 51 24 also
96 1907 40 25 W.
150 1906 30 25 A.
193 1905 101 25 Wood's
306 1904 91 24 Binder
409 1903 84 25 Twine
504 1902 51 24 and
566 1901 41 31 oil,
620 1900 137 28 Valvoline,
770 1898 95 28 Castor,
877 1897 89 25 Boiled
973 1896 21 23 &
1004 1895 61 25 Raw
1074 1892 108 27 Linseed

34 1951 47 29 Oil,
98 1949 120 31 Building
234 1946 128 27 Materials
385 1945 50 26 and
456 1945 179 30 Ironmongery
655 1942 26 26 of
698 1950 71 23 every
787 1940 151 32 description
950 1940 26 24 at
997 1939 96 24 Lowest
1104 1937 78 24 Rates

528 1987 80 31 Agent
624 1985 39 25 for

275 2044 62 20 THE
365 2042 204 22 MANCHESTER
595 2039 176 23 INSURANCE
799 2036 153 23 COMPANY.

328 2169 55 41 J.
437 2168 58 39 S.
536 2163 269 47 COOK,

560 2226 42 19 The
621 2223 93 25 People's
730 2223 97 23 Chemist,

667 2266 92 25 Cashel
774 2267 97 32 Street,

853 2306 281 26 CHRISTCHURCH.

721 2361 128 33 (Opposite
860 2361 43 25 the
924 2360 58 24 A.I.
994 2359 94 32 Hotel),

39 2441 12 19 I
67 2440 53 20 have
129 2439 97 26 pleasure
235 2438 24 20 in
270 2436 104 26 thanking
384 2443 36 19 my
430 2435 80 21 friends
517 2435 44 20 and
570 2433 123 27 supporters
703 2432 34 20 for
747 2431 36 21 the
793 2430 122 22 confidence
925 2429 43 21 and
986 2435 50 19 very
1044 2427 76 22 liberal
1130 2427 53 26 pat-

32 2482 78 20 ronage
127 2475 70 20 which
206 2474 40 21 has
256 2474 51 21 been
315 2473 103 21 extended
426 2474 22 19 to
455 2478 33 15 me
495 2473 34 19 for
538 2471 37 21 the
583 2471 50 26 past
642 2474 68 21 years,
719 2469 13 19 I
741 2469 56 19 trust
806 2467 49 21 that
863 2467 14 20 I
886 2466 57 21 shall
949 2466 63 21 merit
1022 2465 36 21 the
1068 2464 115 22 continued

30 2514 116 26 patronage
156 2513 22 20 of
187 2518 36 19 my
232 2511 80 21 friends
322 2509 44 22 and
374 2510 37 20 the
420 2509 72 26 public
500 2508 113 25 generally,
640 2506 83 25 During
733 2505 36 20 the
778 2510 61 20 years
848 2504 12 20 I
873 2504 55 20 have
935 2503 53 20 been
997 2503 24 20 in
1029 2501 153 22 Christchurch

30 2551 54 20 have
94 2549 112 26 dispensed
212 2554 65 20 many
286 2547 118 21 thousands
413 2547 22 20 of
445 2546 151 26 prescriptions
606 2544 43 21 and
659 2542 138 25 successfully
806 2540 81 22 treated
898 2540 80 21 several
987 2539 120 21 thousands
1117 2539 23 19 of
1146 2544 36 20 my

28 2587 101 27 patients.
140 2587 12 20 I
161 2593 35 14 am
206 2585 54 25 fully
269 2584 126 25 acquainted
404 2583 52 20 with
465 2583 36 20 the
506 2582 97 20 business
610 2582 24 19 in
640 2580 29 21 all
675 2580 29 20 its
713 2579 111 22 branches,
834 2577 44 21 and
887 2577 17 19 it
909 2577 19 20 is
931 2584 38 19 my
974 2576 121 20 endeavour
1104 2575 78 25 always

28 2626 24 20 to
63 2624 120 26 personally
198 2622 74 21 attend
291 2622 22 19 to
324 2621 33 20 the
374 2620 153 25 requirements
536 2618 44 22 and
589 2616 74 22 obtain
674 2615 36 22 the
720 2615 122 21 confidence
858 2614 23 20 of
899 2614 30 20 all
946 2613 48 21 who
1013 2612 75 26 kindly
1107 2612 75 20 favour

28 2668 35 15 me
79 2661 52 20 with
141 2660 55 21 their
206 2660 123 25 patronage.

64 2699 65 21 TRY
148 2699 50 20 MY
218 2697 94 22 CURE
329 2696 65 20 FOR
411 2695 64 20 ALL
494 2694 106 20 KINDS
616 2693 43 20 OF
675 2691 82 22 SKIN
787 2690 175 21 DISEASE—

127 2734 13 19 I
150 2739 36 14 am
196 2732 135 24 exceedingly
341 2730 114 21 successful
467 2730 24 19 in
502 2735 36 18 my
543 2727 103 21 remedies
655 2727 33 19 for
698 2726 44 21 this
750 2725 126 26 complaint,
886 2725 54 19 have
951 2730 13 14 a
968 2724 59 25 large
1044 2723 91 21 number
1146 2723 24 20 of

185 2767 153 22 testimonials.

24 2810 65 21 TRY
102 2808 48 21 MY
170 2807 74 21 NEW
263 2805 144 21 REMEDY
426 2804 63 20 FOR
509 2802 97 21 LIVER
618 2798 224 24 COMPLAINTS
859 2799 70 20 AND
943 2797 237 24 INDIGESTION.

146 2831 115 21 Hundreds
272 2831 22 19 of
303 2836 36 19 my
349 2829 95 26 patients
454 2828 54 20 have
519 2826 78 26 proved
606 2826 18 20 it
634 2825 75 25 highly
725 2824 145 25 satisfactory.

176 2868 81 30 Large
270 2865 77 26 Stock
363 2864 27 24 of
399 2864 35 24 all
445 2864 72 23 kinds
529 2862 26 25 of
566 2862 89 24 Patent
677 2861 136 24 Medicines
836 2862 26 22 at
890 2859 73 25 Store
978 2859 94 24 Prices.

194 2908 22 24 A
227 2905 130 34 complete^
369 2904 152 25 Assortment,
540 2902 26 24 of
586 2899 178 32 Homcepathic
791 2899 142 24 Medicines.

101 2951 43 27 All
162 2949 137 27 DRUGS.
305 2946 193 28 Guaranteed
516 2946 85 31 Pure,
618 2944 75 26 Best
714 2942 130 35 Quality,
864 2942 57 25 and
938 2943 119 24 Lowest
1084 2940 82 26 Price

159 2990 302 30 PRESCRIPTIONS
479 2991 119 31 carefully
616 2989 50 23 and
686 2988 113 29 correctly
823 2986 133 31 dispensed.

332 3029 613 39 COTSTSTJTI.TATIOJSrS
984 3028 192 33 FRBE

425 3076 115 32 JOHN
563 3075 29 31 S.
618 3074 147 35 COOKE,

374 3127 147 31 Registered
554 3123 211 27 Pharrnacentical
783 3123 120 28 Chemist,

717 3162 112 26 Cashel
856 3163 116 30 Street,

849 3197 280 26 OHRISTCHURCH.

178 3299 94 87 A
358 3297 91 89 J.
538 3289 496 102 WHITE,

169 3428 390 48 FURNISHING
668 3422 392 47 WAREHOUSE

401 3522 487 49 CHRISTCHURCH.

31 3617 27 26 Is
74 3617 46 26 the
145 3616 82 34 depot
244 3614 89 27 -where
355 3621 56 26 you
435 3619 50 19 can
507 3618 44 18 see
571 3610 47 26 the
639 3609 110 36 Largest
778 3609 83 27 Stock
888 3608 29 27 in
949 3607 69 28 New
1063 3605 115 29 Zealand

436 3663 28 27 of
483 3663 39 26 all
541 3662 80 27 kinds
632 3661 29 26 of
670 3669 5 16 :
677 3676 37 4 —

29 3717 282 55 CARPETS,
354 3714 443 53 FLOORCLOTHS,
818 3712 360 45 LINOLEUMS

114 3806 207 53 CHINA,
354 3805 203 53 GLASS,
599 3804 494 55 EARTHENWARE,

374 3900 359 45 FURNITURE
765 3902 82 43 &c.

27 3995 53 43 at
122 3991 54 46 A.
218 3992 41 45 J.
289 3991 129 46 W.'S
475 4003 107 33 YOU
632 4002 104 33 CAN
784 4005 213 32 DEPEND
1047 4004 132 32 UPON

29 4080 105 34 THE
166 4079 130 33 BEST
327 4078 165 33 GOODS
522 4078 68 32 AT
622 4077 107 31 THE
761 4078 214 33 LOWEST
995 4080 184 32 PRICES

81 4145 170 45 Steam
272 4141 212 47 Cabinet
505 4141 102 46 and
626 4140 306 59 Upholstery
950 4144 190 44 Works

347 4218 79 45 St.
463 4217 180 46 Asaph
673 4218 218 44 Street.

67 63 27 26 &
124 77 20 15 DQ

67 93 26 29 0
122 93 22 31 £

66 126 27 28 o
122 125 22 36 g
241 151 25 23 «

122 199 21 31 8
178 209 24 12 »
240 200 26 30 P

64 218 79 48 og
178 226 23 14 «
239 221 26 46 a

120 312 21 19 a
176 312 23 14 <m

120 373 21 17 o
176 362 25 35 J
239 370 24 22 H

63 404 26 28 fe
120 410 21 18 O
176 400 23 14 M
239 410 25 16 O2

62 435 27 27 fa
120 430 21 16 °
194 449 6 6 •
237 436 26 25 W

61 457 138 79 of!
236 462 51 56 g-

62 552 25 20 *7-
119 559 20 17 h|
174 557 24 14 W>
236 548 25 13 *^

61 587 26 17 W
119 562 21 42 9
174 575 23 13 W

60 677 26 32 a
117 668 21 44 g

61 712 26 25 CO
