3540 4540
1231 60 172 32 OXFORD
1448 56 225 34 OBSERVER
1732 54 241 35 SATURDAY,
2015 52 97 30 MAY
2156 51 29 34 5,
2223 49 90 29 1894.

2936 4254 105 26 Printed
3062 4254 52 26 and
3135 4280 4 3 .
3152 4254 137 26 Published
3299 4254 33 33 by
3358 4254 117 26 Richard

2968 4292 111 26 Holman
3099 4292 102 31 Pabish,
3224 4294 28 25 at
3267 4292 44 26 Ms
3329 4291 146 33 Registered

2968 4335 118 32 Printing
3097 4334 85 31 Office,
3205 4335 68 32 High
3298 4335 91 26 Street.
3412 4334 63 26 East

2968 4377 102 27 Oxford.
3079 4376 164 33 Canterbury.

3041 4414 137 33 Stirc&a,
3196 4419 59 26 May
3268 4421 27 27 5v
3306 4418 66 27 1694

2989 185 414 69 A.P.TUTTON,

2965 255 230 35 AUCTIONEER,
3239 261 194 28 VALUATOR,
3496 261 19 21 «

2935 294 107 26 GRAIN
3081 299 72 23 AND
3186 300 162 26 PRODUCE
3384 301 89 24 MER-

2949 334 123 31 CHANT,
3085 338 70 24 AND
3173 339 134 25 ESTATE
3320 341 127 25 AGENT.

3031 414 191 34 AUCTION
3238 416 129 34 SALES

3192 473 30 16 OP

2933 497 87 26 LIVE
3039 500 108 26 STOCK
3160 503 43 24 AT
3216 505 255 27 THERANGIORA

2969 537 144 27 MARKET
3126 541 118 27 EVERY
3266 545 169 26 TUESDAY.

2934 612 98 26 Private
3043 615 66 25 Sales
3120 621 63 21 most
3192 619 128 33 efficiently
3330 623 141 24 conducted.

2934 689 81 31 Agent
3027 693 40 22 for
3078 693 42 23 the
3137 694 78 25 South
3232 696 91 26 British
3341 699 130 25 Insurant*
3476 697 39 22 »<*

2935 721 132 34 Company.
3501 722 14 9 '

3082 764 223 35 A.P.TUTTON,

3115 804 154 31 Auctioneer,
3283 810 51 28 &c.,
3343 810 121 31 Rangnia

2977 880 87 30 TRY
3078 882 84 32 MRS
3179 885 252 36 McLNTOSH'S

3075 938 82 24 NEW
3170 940 162 27 ZEALAND

2938 973 179 49 HAIR
3128 979 343 51 RESTORER

2937 1060 50 25 For
3000 1066 142 32 promoting
3160 1068 43 25 the
3214 1072 93 28 growth
3319 1072 27 24 of
3355 1074 42 24 the
3410 1076 63 23 Hair

2936 1099 50 24 and
2996 1104 146 31 preventing
3156 1106 26 24 it.
3195 1107 89 32 falling
3304 1110 41 29 off,
3358 1116 113 26 prevent-
3494 1116 21 17 *

2935 1136 45 32 ing
2994 1139 42 25 the
3055 1142 134 26 formation
3202 1147 27 22 of
3321 1152 99 28 patches
3439 1161 31 15 on

2936 1176 41 24 the
2998 1178 71 30 head,
3090 1182 49 24 and
3161 1187 129 31 removing
3322 1188 74 25 Scurf
3422 1192 49 23 and
3490 1199 19 16 <

2935 1213 138 35 Dandruff;
3086 1219 51 25 also
3156 1222 26 23 to
3203 1220 99 28 Relieve
3316 1226 153 26 Headaches.

2969 1279 54 26 The
3034 1283 127 33 fo'lowing
3171 1294 41 17 are
3231 1296 15 16 a
3266 1292 92 29 sample
3381 1293 25 23 of
3429 1294 42 23 the

2935 1323 77 26 many
3024 1319 172 30 Testimonials
3207 1326 158 26 received:—
3459 1325 36 27 m'

3061 1360 186 35 Christchurch,
3261 1366 57 25 Jan.
3328 1370 23 27 3,
3367 1371 71 23 1892.

2953 1393 53 26 Mrs
3013 1397 142 31 Mclntosh,
3168 1401 66 24 Dear
3241 1403 108 29 Madam,
3352 1406 123 31 -Having

2937 1432 59 25 used
3005 1442 63 22 your
3087 1436 65 26 Hair
3163 1439 124 31 Restorer,
3300 1442 14 23 I
3325 1443 63 25 have
3400 1444 75 25 found

2937 1479 14 15 a
2963 1476 71 26 great
3046 1476 180 31 improvement
3236 1481 27 24 in
3272 1489 44 24 my
3324 1483 62 29 hair,
3398 1485 45 24 and
3454 1486 21 23 ifc

2935 1508 23 25 is
2968 1518 56 19 now
3035 1521 28 17 as
3083 1514 70 26 thick
3164 1525 28 17 as
3204 1526 57 17 ever
3271 1520 21 23 it
3308 1528 58 22 was,
3388 1523 48 24 and
3460 1523 13 24 I

2935 1549 73 25 know
3019 1552 28 24 of
3055 1554 82 25 others
3150 1556 56 25 that
3224 1557 63 26 have
3298 1561 62 23 used
3373 1561 20 24 it
3412 1562 61 23 with

2935 1590 64 29 good
3010 1592 97 25 results.

3120 1639 82 26 Yours
3214 1643 75 31 truly,

3195 1678 102 25 Robert
3309 1681 97 30 Young..

3104 1714 176 33 Colombo-st.,
3291 1719 182 26 Christchurch

3035 1791 127 33 Dunedin,
3176 1797 56 24 31st
3244 1798 110 31 October,
3367 1801 71 24 1892.

2970 1831 68 26 Dear
3051 1834 82 31 Sir,—
3135 1838 13 23 l
3156 1838 65 26 have
3240 1842 71 23 much
3323 1843 113 29 pleasure
3447 1844 27 23 in

2937 1870 133 34 certifying
3081 1873 57 25 that
3149 1876 65 24 from
3226 1879 113 29 personal
3351 1879 123 25 observat-

2936 1906 44 25 ion
3009 1910 26 23 of
3066 1911 70 25 those
3165 1914 53 23 who
3246 1923 42 16 are
3316 1917 73 30 using
3422 1918 51 23 Mrs

2937 1943 153 28 Mclntosh's
3102 1949 63 24 Hair
3172 1951 122 30 Restorer,
3304 1953 21 24 it
3331 1953 45 24 has
3382 1954 92 30 proved

2937 1989 33 16 an
2989 1982 144 28 undoubted
3155 1996 106 22 success,
3282 1991 50 23 and
3349 1991 65 31 hope
3433 1999 40 17 ere

2936 2022 61 31 long
3007 2023 20 24 it
3040 2024 50 24 will
3100 2026 53 24 find
3165 2034 14 17 a
3199 2029 140 29 prominent
3349 2031 68 30 place
3441 2038 32 16 on

2937 2058 43 26 the
2996 2061 68 25 toilet
3087 2063 66 25 table
3176 2065 28 25 of
3224 2066 36 25 all
3279 2067 63 30 who,
3367 2068 106 32 through

2937 2100 108 26 sickness
3057 2109 27 16 or
3095 2103 138 30 otherwise,
3251 2106 60 25 have
3322 2106 57 31 lost,
3394 2116 27 16 or
3433 2115 41 16 are

2937 2138 89 32 losing,
3040 2148 46 17 one
3101 2142 28 24 of
3144 2144 143 26 mankind's
3306 2146 63 25 chief
3388 2147 87 25 adorn,

2937 2179 90 24 ments.
3062 2179 101 34 Having
3181 2184 60 24 been
3264 2185 114 31 sceptical
3398 2194 27 16 as
3449 2188 25 22 to
3504 2191 10 8 *

2938 2215 44 25 the
2993 2217 81 25 virtue
3086 2220 27 23 of
3120 2222 67 24 most
3197 2224 126 24 nostrums
3334 2224 37 24 for
3382 2232 91 16 renew-

2937 2254 45 32 ing
3000 2264 28 16 or
3047 2259 140 33 improving
3209 2262 43 24 the
3270 2264 97 29 growth
3388 2264 27 24 of
3431 2264 42 25 the

2938 2295 62 29 hair,
3012 2296 55 27 Ido
3078 2306 57 17 now
3154 2300 62 25 with
3227 2301 141 26 confidence
3379 2311 93 17 recom-
3495 2320 16 12 -»

2938 2333 74 25 mend
3024 2335 47 24 this
3084 2338 92 28 article,
3196 2339 78 24 which
3292 2347 59 25 may
3361 2349 74 23 prove
3457 2349 16 17 a

2938 2372 65 25 boon
3029 2377 26 22 to
3084 2376 42 29 all,
3154 2377 23 24 if
3201 2379 62 24 used
3288 2381 133 31 according
3447 2384 26 21 to

2937 2412 140 26 directions.

3121 2455 82 24 Yours
3217 2458 73 30 truly,

3182 2495 28 25 C.
3220 2495 31 25 B.
3264 2497 110 29 Miller,

2989 2530 87 26 Water
3087 2532 28 24 of
3123 2532 75 25 Leith
3212 2533 80 30 Store,
3307 2536 44 24 Gt.
3364 2537 111 31 King-st.

2940 2607 36 24 To
2996 2606 31 25 be
3045 2608 49 23 had
3119 2608 64 25 from
3212 2610 35 24 all
3274 2612 124 26 Chemists
3427 2613 50 25 and

2992 2646 194 32 Store-keepers,
3197 2649 48 24 and
3254 2649 141 27 Wholesale
3403 2652 27 24 of

3073 2685 72 26 MRS
3163 2686 179 32 McINTOSH,

3100 2723 108 26 Haddon
3222 2725 88 29 Street,
3325 2727 151 31 Sydenham,

2940 2762 65 25 Who
3015 2763 22 24 is
3048 2762 44 26 the
3102 2763 183 33 SolePreparer
3292 2767 28 24 of
3325 2767 42 25 the
3376 2768 101 25 Article.

2973 2801 79 25 Local
3078 2801 83 32 Agent
3203 2803 52 25 Mrs
3275 2805 30 24 A.
3329 2806 29 24 C.
3384 2807 104 29 Whitfer

2941 2840 70 26 West
3023 2841 98 25 Oxford.

2940 3571 105 62 Iwish
3057 3572 26 24 to
3094 3571 84 24 inform
3202 3580 41 22 my
3264 3571 89 25 Oxford
3380 3570 91 24 friends

2994 3603 50 24 and
3066 3603 43 25 the
3129 3605 100 29 general
3246 3603 89 25 Public
3360 3602 57 26 that
3428 3609 43 24 my

2938 3641 126 32 Rangiora
3086 3642 114 25 business
3222 3642 45 25 has
3289 3642 128 27 increased
3444 3643 27 23 to

2938 3682 62 24 such
3011 3690 33 17 an
3056 3684 83 23 extent
3151 3683 53 25 that
3215 3683 14 25 I
3240 3683 66 25 shall
3325 3683 29 25 be
3382 3682 89 25 unable

2938 3723 26 23 to
2986 3723 59 25 visit
3056 3722 88 26 Oxford
3169 3723 76 26 untill
3264 3723 97 26 farther
3379 3722 89 26 notice.

2937 3759 42 25 All
2996 3760 68 25 work
3086 3762 56 24 sent
3158 3760 34 33 by
3203 3760 115 26 Griffiths
3331 3760 67 28 Bro.,
3410 3759 59 25 Car-

2936 3798 71 30 riers,
3030 3798 50 25 will
3101 3800 95 24 receive
3217 3800 101 31 prompt
3336 3799 133 25 attention.

2936 3838 23 25 A
2994 3839 68 32 large
3097 3839 77 26 Stock
3212 3840 28 25 of
3259 3840 118 26 Watches
3419 3830 52 33 aJfc
3495 3850 15 12 *

2937 3876 129 33 Jewellery
3093 3885 34 17 on
3156 3877 77 26 hand.
3267 3877 126 26 Traveller
3431 3876 40 25 for

2937 3915 82 25 North
3027 3915 156 32 Canterbury
3194 3915 98 26 district
3302 3915 42 25 Mr
3355 3915 25 24 J.
3394 3915 79 24 Gent*

3052 3951 71 28 GUS
3134 3952 117 29 JONES,
3271 3952 134 31 Rangiora.
3453 3964 27 23 y

2938 4027 58 46 H.
3032 4027 52 46 K.
3132 4027 308 47 CEBERHAN

2997 4098 131 22 PAINTEE
3139 4099 59 21 AND
3211 4097 177 25 DECORATOR,

2935 4129 129 26 WRITER*
3083 4131 136 25 GRAINER,
3237 4129 111 23 GILDER
3365 4129 51 24 &0.,
3426 4128 43 22 <40.

3037 4165 114 31 EAST
3187 4162 181 35 OXFORD;

2427 184 425 45 EUCALYPTUS

2552 258 80 5 —
2632 253 12 14 ♦
2644 257 79 4 —

2426 282 59 19 THE
2500 281 72 20 BEST
2586 280 87 20 HOME
2690 279 143 21 BEMEDIE

2485 319 36 14 are
2535 312 36 20 the
2580 312 136 25 preparation
2726 311 25 21 of
2758 311 36 19 the

2370 349 170 22 TASMANIAN
2558 348 186 19 EUCALYPTUS
2758 347 48 20 OIL
2820 347 82 20 COMP.

2398 386 136 24 Universally
2544 385 104 20 admitted
2657 385 36 19 the
2702 384 78 24 BEST,
2792 384 114 20 PUREST

2370 424 43 20 and
2424 424 57 18 most
2490 422 94 20 effective
2595 421 133 25 Eucalyptus
2751 420 104 21 Globulus
2871 420 33 21 Oil

2370 456 33 19 for
2424 453 170 24 INFLUENZA,
2616 453 91 24 Coughs,
2726 452 65 20 Colds
2815 452 43 20 and
2875 453 29 19 all

2371 487 64 19 Chest
2452 486 43 20 and
2504 486 62 23 Lung
2583 484 112 21 affections
2709 484 77 25 speedy
2794 484 60 19 relief
2864 484 42 19 and

2370 518 56 20 Cure
2444 518 33 18 for
2492 516 157 24 Rheumatism,
2669 515 122 25 Neuralgia,
2806 515 100 26 Sprains-

2370 544 71 20 Burns
2462 544 33 20 &e.

2397 576 133 25 Eucalyptus
2548 576 103 19 Globulus
2669 576 92 19 Extract
2770 575 89 26 sprayed
2873 576 33 19 in-

2371 608 63 20 haled
2450 608 42 20 and
2506 608 66 19 taken
2581 607 116 25 internally
2715 607 33 19 for
2763 606 36 21 the
2816 607 88 25 Throat,

2372 644 96 25 Catarrh,
2485 644 59 24 Hay,
2568 643 98 25 Typhoid
2682 643 43 20 and
2739 643 81 20 Scarlet
2829 644 77 21 Fevers

2372 675 129 20 MEASLES
2512 675 36 20 the
2554 676 55 19 most
2619 674 135 25 satisfactory
2763 676 143 23 preventative

2372 706 43 19 and
2429 706 61 20 Cure.
2518 706 56 19 Send
2587 705 51 19 Post
2653 705 56 19 Card
2719 707 21 17 to
2751 705 36 20 the
2797 705 63 20 Office
2873 707 33 19 for

2372 736 95 20 Circular
2481 736 119 25 describing
2619 736 121 20 treatment.
2767 736 139 26 Eucalyptus,

2372 769 110 19 Ointment
2492 769 36 19 the
2538 769 70 25 Magic
2617 769 78 20 Healer
2709 769 22 19 of
2746 769 69 23 Sores,
2829 770 77 24 Burns,

2373 799 101 24 Wounds,
2490 800 59 20 Boils
2568 801 44 22 etc.,
2635 799 133 26 Eucalyptus
2787 800 58 25 Soap
2858 801 42 19 Fra

2371 831 63 24 grant
2443 830 43 20 and
2495 831 124 25 refreshing,
2644 831 131 24 Eucalyptus
2784 831 89 25 Jujubes
2883 837 24 14 or

2371 860 101 21 Pastilles
2482 861 34 20 for
2525 861 36 21 the
2587 862 80 20 Throat
2677 862 43 20 and
2729 862 63 20 Voice
2808 868 29 14 an
2851 863 55 19 anti-

2372 892 67 25 septic
2449 893 43 19 and
2502 893 119 20 stimulant.

2372 924 125 27 Veterinary
2514 926 35 19 Oil
2559 926 42 20 and
2611 927 111 20 Ointment
2732 926 32 19 for
2775 926 36 21 the
2820 926 85 21 stables.

2399 959 30 19 Be
2438 964 48 14 sure
2496 964 43 19 you
2548 959 108 20 Purchase
2671 959 38 20 the
2719 959 104 25 Platypus
2839 959 68 20 brand

2372 989 50 24 only
2432 990 22 18 of
2462 990 28 19 all
2500 990 113 25 Chemists,
2619 990 87 21 Grocers
2713 990 43 19 and
2762 990 145 25 Storekeepers

2372 1020 43 19 and
2429 1022 23 18 at
2465 1020 37 21 the
2512 1022 65 19 Office
2586 1023 12 19 9
2608 1022 113 19 Cathedral
2731 1027 75 19 square
2816 1022 91 20 between

2372 1051 100 21 Morten's
2486 1052 113 26 Buildings
2607 1054 41 19 and
2660 1053 35 20 the
2704 1053 52 20 Post
2766 1052 70 21 Office.

2537 1087 87 20 Oxford
2634 1088 79 26 Agent

2425 1121 27 21 R.
2462 1121 30 21 H.
2506 1123 118 25 PARISH,
2648 1123 76 20 EAST
2739 1123 118 21 OXFORD

2452 1159 141 26 Eucalyptus
2603 1161 37 19 Oil
2654 1161 31 26 1/-
2698 1167 41 19 per
2747 1161 78 20 bottle.

2372 1241 100 21 KONGO
2509 1243 53 20 PAI
2583 1244 95 19 TENEI
2692 1243 62 20 KEI.
2761 1243 124 20 KOTJTOTJ

2585 1277 110 22 KATOA.

2413 1314 190 38 MACBEAN
2647 1314 217 39 STEWART'S

2372 1369 73 21 NEW
2460 1370 79 20 CURE
2554 1371 59 20 FOR
2627 1371 127 20 ASTHMA

2425 1405 74 20 NEW
2514 1406 78 19 CURE
2606 1406 58 20 FOR
2679 1406 97 20 CROUP

2485 1440 73 20 NEW
2573 1441 79 19 CURE
2666 1441 58 20 FOR
2738 1441 170 20 DIPHTERIA

2425 1469 74 21 NEW
2514 1470 78 21 CURE
2606 1471 59 20 FOR
2679 1471 133 21 CHRONIC

2548 1508 189 22 BRONCHITIS.

2385 1545 115 27 Prepared
2509 1545 59 21 from
2577 1546 40 20 the
2627 1547 120 19 Mountain
2758 1547 47 20 and
2813 1548 81 20 Forest

2492 1573 80 20 Plants
2586 1573 24 20 of
2623 1573 55 21 New
2693 1573 105 21 Zealand.

2371 1607 28 20 In
2408 1606 98 21 Asthma
2517 1606 41 21 the
2567 1607 54 20 New
2631 1608 58 19 Cure
2699 1606 41 21 has
2750 1608 85 25 proved
2843 1608 65 21 itself

2412 1634 26 20 to
2446 1634 28 19 be
2485 1634 64 19 Head
2559 1634 44 19 and
2615 1634 122 20 Shoulders
2747 1634 70 21 above
2827 1636 33 19 fll

2553 1660 72 20 Other
2639 1661 77 20 Cures.

2398 1698 28 19 In
2436 1704 29 13 no
2475 1698 102 19 instance
2586 1698 41 19 has
2637 1704 15 14 a
2658 1698 70 20 death,
2737 1699 105 20 occurred
2848 1700 60 19 from

2373 1724 131 27 diphtheria
2521 1724 66 20 -when
2605 1725 41 20 the
2866 1726 41 20 has

2372 1751 57 20 been
2438 1751 73 26 freely
2520 1751 58 20 tised
2586 1751 59 20 from
2650 1752 41 20 the
2700 1751 51 21 first
2757 1752 76 21 outset
2838 1752 24 21 of
2868 1753 40 20 the

2373 1778 92 25 disease,
2483 1778 46 20 and
2547 1784 26 14 so
2591 1780 66 24 great
2676 1784 38 15 are
2732 1779 32 20 its
2782 1780 126 25 protective

2371 1811 91 20 powers,
2474 1805 54 20 that
2536 1805 40 20 the
2586 1806 124 25 complaint
2719 1806 43 19 has
2772 1812 70 15 never
2850 1807 58 20 been

2372 1832 80 19 known
2461 1832 24 19 to
2495 1832 83 25 spread
2586 1832 24 19 to
2620 1832 67 20 other
2704 1832 109 21 members
2830 1832 24 21 of

2371 1858 88 24 family.

2399 1891 47 20 The
2454 1891 55 20 New
2519 1891 65 25 Cure,
2594 1893 25 19 3s
2629 1892 39 24 6d;
2681 1892 117 20 Grindelia
2806 1892 103 21 Robusta

2436 1918 134 26 Cigarettes,
2580 1920 25 18 2s
2613 1927 7 15 ;
2629 1919 98 20 Asthma
2740 1919 106 24 Tobacco,

2540 1946 26 19 2s
2580 1945 30 20 6d
2623 1945 46 20 and
2683 1947 30 18 Is.

2606 2004 40 37 is
2669 2003 215 39 wealth.

2363 2071 2 5 .
2372 2053 38 21 TO
2417 2053 62 20 THE
2488 2053 171 21 SUFFERING
2666 2053 243 21 &UNFORTUNATE

2389 2115 12 23 A
2416 2115 44 23 LL
2481 2115 86 27 Weak,
2578 2116 112 24 Nervous
2707 2116 46 23 and
2765 2115 144 24 Debilitated

2374 2154 41 17 -OL
2429 2147 116 25 Sufferers
2554 2148 54 24 who
2617 2148 61 24 have
2687 2149 86 23 wasted
2782 2148 63 24 their
2853 2148 57 23 time

2373 2179 49 24 and
2432 2187 94 20 means,
2539 2180 103 31 sending
2650 2183 25 22 to
2683 2180 69 25 other
2761 2180 112 25 Colonies
2880 2180 29 24 P.

2374 2212 29 24 0.
2414 2212 79 24 Boxes
2504 2213 49 26 &c,
2561 2213 38 23 for
2608 2213 117 25 so-called
2732 2213 103 24 Electric
2843 2212 66 25 Belts

2373 2246 49 23 and
2443 2245 97 24 Useless
2559 2246 137 28 Nostrums,
2709 2246 87 24 should
2808 2247 43 23 not
2862 2246 47 23 dis-

2373 2277 58 30 pair,
2445 2278 44 23 but
2500 2278 96 23 consult
2607 2278 143 30 personally
2756 2286 27 16 or
2794 2278 32 30 by
2837 2281 63 27 post.

2374 2323 132 48 FREE.

2373 2386 52 23 The
2438 2387 55 30 only
2504 2386 99 24 Electro
2622 2386 103 24 Medical
2734 2386 125 31 Specialist
2868 2389 41 22 ad-

2374 2418 117 31 vertising
2510 2419 67 30 [with
2596 2420 92 30 twenty
2697 2427 68 22 years
2779 2419 129 31 European

2373 2450 146 30 experience,
2542 2450 49 24 and
2608 2452 66 23 three
2693 2459 67 22 years
2775 2451 82 25 before
2869 2453 42 23 the

2373 2482 58 25 New
2443 2482 106 24 Zealand
2561 2483 94 33 public]
2673 2483 53 24 who
2738 2485 44 22 has
2793 2485 72 23 made
2876 2485 35 24 all

2373 2516 94 23 chronic
2478 2523 67 16 cases
2554 2516 25 23 of
2590 2523 55 16 men
2661 2517 48 22 and
2719 2524 95 16 women
2826 2525 14 15 a
2857 2517 52 24 life-

2373 2547 59 23 time
2445 2547 79 31 ftudy,
2537 2549 48 22 and
2601 2549 26 23 to
2654 2549 113 23 convince
2785 2549 42 23 the
2845 2553 66 20 most

2373 2579 121 31 sceptical,
2507 2579 14 24 I
2532 2580 50 24 will
2591 2580 99 23 forward
2702 2580 121 25 electrical
2834 2582 75 30 appli-

2373 2619 72 16 ances
2463 2612 48 23 and
2530 2612 170 24 consentrated
2728 2614 130 24 treatment
2878 2621 31 17 on

2373 2652 58 24 easy
2443 2645 76 24 terms
2532 2645 27 24 of
2565 2648 123 29 payment.

2526 2685 191 27 [testimonial.]

2598 2718 115 24 Dunedin,
2723 2718 56 26 July
2788 2719 34 23 2S,
2833 2720 60 20 1893.

2363 2745 2 22 I
2400 2750 25 20 It
2434 2749 65 26 gives
2514 2756 36 14 me
2561 2750 66 25 great
2634 2750 105 25 pleasure
2755 2751 25 20 to
2793 2751 78 26 report
2886 2757 25 15 so

2373 2776 133 27 favourably
2514 2777 25 20 in
2549 2777 57 21 such,
2615 2784 14 13 a
2639 2777 64 21 short
2711 2777 63 24 time,
2789 2778 122 27 especially

2373 2804 61 20 after
2442 2804 69 26 being
2520 2804 92 20 treated
2626 2804 32 26 by
2676 2810 71 14 seven
2761 2805 152 25 professional

2373 2836 53 15 men
2435 2831 37 19 for
2480 2836 29 14 no
2518 2830 87 25 benifit,
2616 2831 46 19 and
2680 2831 13 20 I
2712 2831 59 20 have
2789 2832 124 26 gradually

2374 2864 95 26 gaining
2479 2864 105 25 strength
2598 2864 46 20 and
2653 2869 86 21 energy
2748 2864 62 21 since
2819 2865 93 26 placing

2373 2897 42 20 my-
2421 2897 51 14 case
2490 2890 25 21 in
2527 2897 57 19 your
2601 2897 58 19 care,
2678 2891 47 20 and
2742 2891 13 20 I
2765 2892 60 20 shall
2834 2892 79 27 gladly

2373 2918 142 21 recommend
2523 2924 57 20 your
2589 2918 50 21 able
2648 2919 124 20 treatment
2780 2920 25 19 to
2815 2920 84 20 others.

2695 2945 23 20 J.
2727 2946 39 19 Me
2776 2946 109 20 Donald.

2406 2976 61 24 Free
2479 2976 57 25 trial
2549 2977 64 29 daily
2622 2977 59 24 from
2695 2978 30 23 11
2735 2986 58 15 a.m.
2802 2978 39 24 till
2853 2979 60 24 9.30

2373 3017 59 23 p.m.
2441 3008 26 25 of
2476 3009 41 24 the
2528 3010 73 24 latest
2612 3009 57 32 only
2679 3010 109 24 Eeliable
2800 3010 48 24 and
2855 3011 57 24 Per-

2374 3043 98 23 manent
2491 3041 61 25 Cure
2573 3042 37 23 for
2627 3042 163 29 rheumatism,
2808 3045 104 27 sciatica,

2373 3073 129 31 neuralgia.
2507 3074 59 24 liver
2575 3073 183 32 derangement,
2768 3074 144 32 indigestion

2374 3106 104 31 buzzing
2487 3107 27 23 in
2526 3106 41 24 the
2576 3106 61 24 head
2650 3106 48 26 and
2707 3115 60 20 ears,
2782 3108 129 29 dizziness,

2373 3139 70 25 weak
2447 3139 70 29 back,
2523 3139 62 24 tired
2589 3139 96 32 feeling,
2693 3140 84 31 specks
2785 3141 81 24 before
2872 3142 41 24 the

2373 3180 62 23 eyes,
2459 3172 115 25 neivious
2594 3172 146 31 irritability,
2761 3174 151 29 exhaustion,

2373 3205 55 24 lack
2439 3205 26 24 of
2476 3213 96 23 energy,
2585 3205 96 24 bladder
2690 3205 48 24 and
2747 3205 90 32 kidney
2845 3208 66 23 trou-

2374 3238 58 28 bles,
2456 3237 105 25 varicose
2584 3238 74 29 veins,
2681 3238 48 24 and
2741 3238 32 25 all
2793 3239 119 25 weakness

2373 3270 98 31 pecular
2479 3271 26 23 to
2516 3278 66 16 men.

2407 3307 135 25 Numerous
2565 3308 105 31 grateful
2681 3309 84 24 letters
2777 3308 64 26 from
2853 3309 59 25 both

2374 3349 67 17 sexes
2453 3349 44 16 can
2507 3340 30 25 be
2554 3341 131 31 inspected.

2415 3378 62 39 W.
2502 3379 233 45 UOTMAOT,
2763 3379 130 39 KE.C.

2451 3425 99 26 Market
2566 3426 82 29 Place,
2681 3426 178 26 Christchurch.

2421 3502 189 55 Money
2629 3504 54 41 to
2705 3502 155 42 Lend.

2414 3564 18 29 I
2467 3564 79 30 have
2567 3575 114 28 money
2714 3567 35 26 to
2770 3565 73 29 lend
2878 3565 33 29 in

2372 3605 87 38 large
2488 3614 34 19 or
2544 3605 89 29 small
2668 3613 85 21 sums
2779 3607 34 27 to
2848 3605 63 29 suit

2372 3644 176 31 Borrowers
2585 3649 34 25 at
2646 3646 108 29 lowest
2784 3649 127 25 current

2372 3690 91 26 rates.

2430 3725 62 39 W.
2518 3726 45 38 H.
2589 3725 260 40 SPACEMAN.

2547 3772 191 28 SOLICITOR,

2440 3811 191 25 Chbistchuboh
2643 3811 50 25 and
2704 3811 136 25 Rangioba.

2373 3882 215 38 MONEY
2618 3883 81 39 TO
2723 3880 182 42 LEND.

2391 3935 17 30 I
2422 3936 80 30 have
2514 3936 120 31 several
2649 3947 86 20 sums
2749 3937 34 29 of
2796 3946 115 30 money,

2372 3981 41 24 to.
2419 3976 82 36 lend,
2517 3980 33 27 at
2577 3977 109 31 lowest
2700 3979 84 28 rates
2798 3976 34 31 of
2858 3977 51 30 in-

2370 4018 102 29 terest.

2453 4056 63 38 W.
2535 4056 37 40 E,
2592 4057 39 37 D.
2654 4056 167 39 BISHOP.

2546 4101 191 31 SOLICITOR,

2403 4144 48 25 205
2470 4143 124 27 Hereford
2615 4144 38 27 St.
2673 4145 200 26 Chbistchuboh.

2389 4219 73 33 w.
2506 4207 365 45 Woodward

2364 4273 157 28 PAINTER
2538 4275 71 26 AND
2626 4275 272 31 PAPERHANGER,

2469 4324 113 33 EAST
2601 4348 5 14 :
2627 4326 181 32 OXFORD.
2899 4348 5 10 ,

2391 4426 7 21 *.
2415 4417 44 27 All
2469 4418 82 26 orders
2561 4421 121 31 promptly
2693 4419 114 26 attended
2819 4421 35 28 to,
2860 4434 3 13 :

1309 198 72 54 H.
1413 197 63 55 E.
1505 191 444 61 BOARDMAN
1988 189 53 56 &
2071 186 146 63 CO.,

1215 273 140 21 BAILIFFS
1369 273 65 20 AND
1449 270 183 23 COMMISSION
1650 268 127 21 AGENTS.
1824 268 100 21 HOTEL
1938 264 136 22 BftOKEES
2088 263 64 20 AND
2165 261 149 21 VALUERS.

1312 320 59 28 222
1395 316 232 32 HEREFORD
1652 315 170 35 STREET,
1866 308 340 36 CHRISTCHURCH.

1500 384 389 18 »♦♦♦♦♦»♦♦♦♦♦♦♦♦♦♦♦♦♦♦♦♦♦»♦♦»
1894 383 183 15 <♦«<♦«♦<«♦«'»

1258 423 41 22 We
1317 424 150 30 respectfully
1479 423 39 29 beg
1537 426 20 19 to
1571 421 72 24 thank
1652 429 43 15 our
1707 419 89 24 Clients
1804 419 49 23 and
1862 418 35 24 the
1910 417 88 25 Public
2007 414 124 35 generally
2135 414 44 29 for
2189 413 38 24 the
2243 414 99 29 support

1187 466 116 24 accorded
1314 473 35 20 us,
1363 466 48 23 and
1423 473 45 16 can
1480 473 81 16 assure
1573 472 42 16 our
1619 463 100 32 friends
1730 463 52 23 that
1790 470 44 16 our
1844 462 104 23 business
1958 461 50 23 still
2014 459 102 25 remains
2132 457 76 23 under
2226 456 36 23 the
2279 461 63 17 same

1189 511 161 28 management
1369 516 27 14 as
1405 508 106 27 hitherto,
1522 508 49 22 and
1580 507 49 22 that
1637 505 135 30 everything
1782 504 120 24 entrusted
1912 508 21 19 to
1942 511 28 15 us
1982 503 51 22 will
2041 502 25 23 be
2074 501 78 24 under
2163 499 36 23 the
2211 498 130 23 immediate

1189 551 146 30 supervision
1346 552 30 29 of
1383 558 44 16 our

1387 591 123 33 m:r.
1542 590 67 33 h.
1634 590 54 32 e.
1715 584 426 37 BOAißDivi^Lisr

1247 635 48 23 Our
1308 634 243 29 WELLINGTON,
1565 632 197 29 AUCKLAND,
1776 631 147 28 TIMARU,
1937 628 151 28 OAMAEU,
2105 625 170 29 DUNEDIN,
2294 624 50 25 and

1190 677 275 28 INVEECAEGILL,
1481 675 172 26 AGENCIES
1662 683 40 15 ore
1714 675 51 22 still
1777 675 24 22 in
1813 675 37 22 the
1862 674 78 22 hands
1951 674 30 28 of
1987 670 162 29 Trustworthy
2159 670 98 29 Agents.

1253 736 151 26 PROMPT
1420 735 257 29 SETTLEMENT,
1696 735 107 23 Account
1822 734 71 23 Sales
1912 731 156 29 immediately
2087 738 30 15 on
2135 729 137 27 relization,
2294 727 49 22 and

1191 778 69 30 unity
1286 778 68 28 from
1378 777 47 23 loss
1435 776 28 29 by
1472 784 45 16 our
1528 775 84 24 clients
1630 782 41 16 are
1679 775 133 29 principles
1824 780 33 16 we
1869 773 91 28 strictly
1972 771 86 22 adhere
2071 773 30 19 to.

1675 828 41 32 H.
1736 827 34 32 E.
1791 823 245 36 BOARDMAN
2057 823 30 30 &
2108 821 72 33 CO.

1469 880 101 23 Private
1582 878 133 30 Enquiries
1736 878 135 23 Conducted
1886 877 56 23 ivith
1961 876 107 29 Secresy.

1506 959 107 21 MONEY
1627 958 38 21 TO
1679 958 82 20 LEND
1776 957 37 20 TO
1827 957 65 19 ANY
1907 955 134 21 AMOUNT.

1255 1039 88 29 Money
1355 1038 105 24 invested
1469 1038 47 30 for
1527 1045 44 15 oiir
1590 1036 134 24 Clients.—
1724 1035 96 28 Fifteen
1836 1040 47 23 per
1900 1035 58 20 cent.
1980 1030 153 24 Guaarnteed
2156 1036 29 15 on
2205 1028 35 23 all
2258 1028 86 22 monies

1185 1082 89 31 placed
1289 1082 27 23 in
1326 1089 45 16 our
1382 1082 77 23 hands
1460 1082 47 31 for
1517 1082 143 23 investment.
1695 1078 76 25 Bents
1783 1076 114 25 collected
1907 1075 49 23 and
1963 1074 137 29 Mortgages
2108 1072 102 31 effected.

1421 1190 268 36 ■•LOCAL
1726 1185 388 38 INDUSTRY

1305 1243 402 46 BARLOV
1749 1242 166 43 A.3KV
1962 1237 276 43 PBIOB

1492 1296 191 40 Coventry
1721 1292 113 44 Cycle
1882 1289 129 35 Works

1356 1351 38 29 88
1418 1346 198 34 COLOMBO
1641 1345 173 35 STREET,
1860 1339 343 34 CHRISTCHURCH.

1189 1412 56 29 We
1262 1412 118 36 having
1395 1411 93 28 taken
1504 1419 72 18 over
1591 1407 52 28 the
1657 1406 71 29 well
1742 1406 114 28 known
1865 1404 112 33 works,
1993 1403 180 37 machinery
2184 1401 60 29 and
2254 1401 88 29 stock

1187 1453 34 29 in
1234 1451 90 29 trade
1338 1450 78 30 wish
1429 1453 34 26 to
1477 1449 112 29 inform
1604 1446 54 29 the
1681 1446 104 38 public
1799 1445 70 28 that
1883 1454 46 19 wo
1944 1453 52 19 are
2011 1442 151 39 prepared
2176 1444 32 26 to
2229 1441 113 29 under-

1187 1493 72 29 take
1275 1491 103 29 orders
1392 1491 48 28 for
1453 1499 68 20 new
1536 1487 157 30 machines
1709 1486 61 29 and
1785 1487 127 28 execute
1932 1484 118 39 repairs
2072 1486 33 26 at
2128 1482 52 30 the
2206 1483 136 29 shortest

1321 1532 102 29 notice
1437 1531 49 29 for
1507 1529 42 30 all
1563 1528 91 29 kinds
1670 1526 34 30 of
1715 1526 213 39 Engineering
1942 1526 62 28 and
2017 1523 93 40 Cycle
2122 1523 95 30 work.

1352 1583 126 22 SPECIAL
1491 1580 178 22 ATTENTION
1684 1580 95 20 GIYJiN
1794 1579 37 20 TO
1846 1578 141 21 COUNTRY
2002 1576 122 21 ORDERS.

1190 1625 120 38 Racing
1325 1622 159 30 Machines
1508 1620 62 29 and
1592 1618 97 39 Light
1712 1617 165 30 Roadsters
1895 1627 17 19 a
1927 1616 156 39 specialty.
2126 1614 48 30 No
2188 1615 154 39 imported

1188 1665 156 29 machines
1358 1663 76 37 kept
1447 1663 33 28 in
1496 1661 97 30 stock,
1610 1660 43 28 all
1668 1659 86 29 work
1768 1659 79 28 done
1863 1667 39 19 on
1916 1658 54 28 the
1993 1656 156 38 premises.
2201 1656 31 28 A
2256 1656 86 38 large

1218 1705 89 31 stock
1322 1703 34 30 of
1366 1704 125 37 Lamps,
1502 1700 95 34 Bells,
1613 1700 62 29 and
1691 1698 128 31 Saddles
1833 1708 40 19 on
1888 1697 83 29 hand
1987 1700 31 25 at
2032 1696 113 29 reduce
2156 1696 130 38 dprices.

1369 1781 336 49 ENORMOUS
1766 1778 388 45 REDUCTIONS

1466 1860 214 13 *W(u»Mui'Murtur'ui'
1682 1860 4 4 -
1689 1860 58 12 <ui''ui
1749 1859 10 8 r>
1796 1859 3 8 i
1801 1859 19 11 n»
1822 1858 5 7 r
1829 1856 260 14 Mwuir'nj''«n»''U»"ni'MW»

1187 1898 80 24 mHE
1286 1896 115 32 question
1411 1895 23 24 is
1603 1892 66 30 Why
1681 1891 61 24 send
1756 1893 26 22 to
1795 1889 176 26 Ckristchurch
1992 1889 38 24 for
2047 1895 62 24 your
2127 1888 109 31 Drapery
2245 1888 11 23 ?
2291 1887 51 24 The

1194 1917 20 38 1
1251 1930 101 30 drapery
1365 1927 53 25 sold
1427 1927 26 23 in
1462 1926 57 24 that
1530 1926 50 31 city
1592 1932 71 22 every
1676 1931 45 17 one
1734 1924 93 28 knows,
1840 1922 22 24 is
1874 1923 44 23 not
1929 1921 72 24 made
2012 1921 77 27 there,
2108 1919 46 25 but
2165 1920 128 31 imported.
2330 1919 13 23 I

1188 1964 93 30 import
1293 1962 64 23 from
1369 1961 44 23 the
1423 1959 54 24 best
1489 1957 107 31 English
1608 1957 50 23 and
1675 1956 88 24 Scotch
1775 1955 99 24 houses.
1920 1955 72 23 lam
2004 1953 104 24 enabled
2118 1954 26 23 to
2156 1954 122 29 purchase
2295 1952 47 24 low

1187 1996 50 25 and
1246 1995 46 25 sell
1305 1995 25 24 at
1340 2002 14 16 a
1366 1995 52 22 rate
1430 1991 27 24 of
1465 1990 75 32 profit
1553 1990 53 32 (my
1618 1992 119 28 expenses
1748 1987 72 31 being
1832 1986 81 32 small)
1926 1987 57 24 that
1994 1985 82 25 would
2088 1985 30 25 be
2136 1985 145 24 considered
2300 1984 41 25 ab-

1187 2028 58 26 surd
1257 2028 32 30 by
1305 2035 47 23 any
1373 2023 178 27 Christchurch
1574 2021 199 25 establishment.
1825 2020 44 31 My
1891 2019 75 25 Stock
1985 2019 21 23 is
2025 2018 44 24 the
2088 2018 94 31 largest
2201 2018 50 24 and
2274 2019 67 23 most

1185 2061 96 27 tvaried
1290 2060 57 25 that
1357 2060 44 22 has
1413 2065 56 17 ever
1480 2057 62 23 been
1554 2055 87 24 shown
1651 2054 28 23 in
1690 2053 43 24 the
1744 2053 104 28 district,
1862 2052 49 24 and
1923 2052 37 24 for
1971 2051 92 31 quality
2083 2051 49 24 and
2151 2050 72 25 value
2240 2052 58 29 puts
2316 2050 26 24 in

1189 2096 31 23 he
1232 2094 78 25 shade
1328 2092 75 31 goods
1415 2089 91 25 offered
1517 2089 33 30 by
1561 2087 102 30 visiting
1674 2086 115 24 hawkere
1801 2086 63 23 from
1876 2084 43 24 the
1938 2084 180 24 Christchurch
2130 2091 45 23 rag
2186 2084 88 23 marts.

1222 2147 94 25 Dress
1329 2145 164 30 Materials,
1506 2143 87 25 Plain
1605 2141 60 25 and
1675 2141 103 30 Fancy
1790 2140 79 24 from
1883 2139 48 25 3d.
1945 2143 54 26 per
2007 2138 84 30 yard.

1220 2208 26 24 A
1263 2207 110 28 Strong
1389 2205 88 25 Stout
1492 2203 133 25 Durable
1643 2200 126 31 Kaiapoi
1785 2200 114 25 Tweed
1916 2198 50 33 2/6
1978 2204 55 24 per
2044 2198 75 30 yard

1817 2243 108 24 Makes
1937 2243 154 24 first-class
2110 2241 90 30 Boys'
2219 2240 90 26 Suits.

1222 2301 57 25 Art
1296 2299 139 30 Muslins,
1455 2296 155 31 Cretones,
1630 2295 79 25 Lace
1727 2294 138 25 Curtains
1884 2293 53 25 &c.

1221 2368 26 29 A
1265 2366 108 26 Choice
1392 2364 167 26 Collection
1577 2363 33 25 of
1624 2362 121 29 Gloves,
1772 2361 77 29 Ties,
1879 2359 129 30 Aprons,
2039 2357 165 25 Insertions
2222 2357 54 25 &c.

1221 2420 120 30 Striped
1358 2418 125 25 Galatea
1498 2416 54 32 4/6
1565 2420 55 26 per
1630 2415 107 29 dozen,
1767 2413 102 24 worth
1881 2413 49 24 9d.
1949 2417 54 25 per
2020 2411 84 30 yard.

1221 2482 103 26 Prints
1336 2482 79 23 from
1427 2481 52 24 4d.
1492 2485 55 25 per
1558 2478 84 31 yard.
1656 2477 138 30 Muslins,
1808 2476 138 29 Selesias,
1960 2474 125 30 Calicos,
2100 2474 54 25 &c.

1806 2519 87 24 With
1911 2519 87 23 other
2015 2517 192 25 Manchester
2224 2518 86 28 lines.

1221 2578 88 30 Hats,
1328 2576 103 30 Fancy
1448 2575 60 24 and
1524 2575 106 29 Sailor,
1649 2574 32 23 in
1697 2571 104 26 White
1818 2571 59 24 and
1895 2570 115 25 Colors.

1765 2615 125 24 Newest
1907 2613 124 31 Shapes.
2065 2612 97 30 Large
2178 2613 132 31 Variety,

1221 2674 147 30 Flowers,
1387 2672 155 30 Feathers,
1560 2669 148 31 Ribbons,
1727 2667 105 32 Laces,
1851 2667 74 32 Jets,
1945 2666 54 26 &c.

1693 2709 88 25 With
1797 2710 42 22 all
1855 2708 184 24 necessaries
2057 2707 47 24 for
2120 2706 190 30 Trimmings.

1220 2765 103 30 Fancy
1340 2764 139 29 Frillings
1498 2763 77 30 3yds
1587 2761 47 25 for
1644 2760 35 33 1/-
1697 2760 102 25 worth
1811 2759 49 30 9d,
1879 2763 54 26 per
1944 2758 84 31 yard,

1757 2802 183 30 Umbrellas,
1958 2801 151 29 Parasols,
2128 2800 182 30 Sunshades,

1369 2868 55 13 ■^»»
1436 2867 45 13 ■»»
1503 2867 40 12 mw
1563 2865 40 13 *v
1628 2865 41 11 +*■
1810 2864 41 12 •»*■
1873 2864 44 11 ■»»■
2053 2863 42 11 -*
2095 2863 4 6 1

1336 2916 334 44 SPECIAL
1757 2913 421 42 PURCHASE

1189 2989 110 35 BOYS
1331 2988 89 31 AND
1451 2985 173 32 YOUTHS
1663 2982 216 33 COLONIAL
1912 2982 155 31 TWEED
2093 2984 251 33 OVERCOATS

1672 3046 78 30 with
1772 3044 97 40 Capes

1465 3107 93 30 From
1582 3106 66 31 17s.
1692 3105 50 30 6d.
1787 3104 102 31 worth
1931 3105 66 30 255.
2046 3104 48 29 6d.

1341 3173 197 33 Men's
1581 3171 227 32 Tweed
1850 3171 349 34 Overcoats

1665 3224 95 29 From
1784 3224 64 30 15s.

1187 3424 134 42 English
1335 3424 128 40 Witney
1472 3422 149 31 Blankets
1636 3424 33 27 to
1685 3421 37 30 be
1737 3420 68 32 sold
1820 3424 32 26 at
1862 3421 60 30 less
1930 3420 78 30 than
2022 3420 180 32 Melbourne
2216 3422 129 32 Whole-

1221 3488 30 19 ,e
1271 3477 85 39 price
1357 3493 41 4 —
1398 3476 121 30 Double
1534 3474 69 30 Bed
1620 3472 68 32 Size
1711 3473 64 29 12s.
1802 3472 49 30 6d.
1902 3472 102 30 worth
2020 3473 64 29 16s.
2123 3474 48 29 6d.
2194 3483 55 29 per
2263 3476 77 38 pair.

1356 3546 129 40 cheaper
1498 3545 78 30 than
1591 3542 222 31 Chriitchurch
1833 3542 113 31 houses
1959 3542 66 31 will
2039 3542 57 31 sell
2110 3544 93 31 them.

1187 3636 418 94 MANTLES,
1625 3634 251 79 CAPES
1901 3634 58 79 &
1981 3636 359 82 JACKETS

1187 3752 17 31 I
1218 3761 51 21 am
1282 3749 141 39 showing
1438 3758 18 20 a
1469 3747 123 39 variety
1606 3745 33 30 of
1653 3745 59 34 the,
1720 3744 108 31 Latest
1842 3745 159 32 Novelties
2015 3746 35 30 in
2063 3746 121 33 Ladies'
2209 3749 133 32 Mantles

1187 3801 99 40 Capes
1301 3800 62 31 and
1375 3798 137 36 Jackets,
1528 3797 33 29 in
1569 3796 54 30 the
1637 3798 80 27 most
1731 3796 169 39 Approved
1912 3796 160 30 Materials
2088 3799 62 29 and
2159 3798 112 41 Styles,
2279 3801 63 30 and

1186 3854 80 31 have
1290 3855 34 26 to
1347 3850 59 30 call
1430 3857 79 32 your
1523 3845 155 32 attention
1696 3849 33 27 to
1751 3846 55 30 the
1828 3846 278 32 undermentioned
2128 3848 87 37 Lots,
2238 3851 102 31 which

1185 3905 94 38 being
1293 3899 179 43 purchased
1484 3901 34 27 at
1530 3898 88 39 large
1632 3896 169 37 discounts,
1813 3896 64 32 will
1890 3898 40 30 be
1943 3898 117 30 offered
2074 3909 35 21 as
2122 3899 117 33 follows
2250 3914 6 18 :
2265 3919 36 5 —

1227 3979 165 34 LADIES'
1408 3975 188 34 JACKETS
1611 3975 32 31 in
1660 3985 17 20 a
1691 3976 123 40 variety
1829 3977 33 30 of
1877 3977 130 31 Tweeds
2025 3977 33 31 in
2081 3978 111 32 shades
2210 3980 34 30 of
2257 3980 85 32 fawn

1227 4043 76 30 grey
1318 4033 110 33 &c.,-^-

1350 4078 101 33 Usual
1471 4077 90 31 Price
1581 4076 77 31 each
1701 4099 36 7 ...
1908 4100 33 9 ...
2072 4101 35 7 ...
2222 4081 56 30 12s
2300 4081 41 30 6d

1351 4130 121 42 Special
1488 4127 71 33 Sale
1573 4127 89 31 Price
1873 4151 32 8 ...
2079 4152 32 8 ...
2242 4132 34 30 5s
2300 4132 40 29 6d

1225 4189 165 34 LADIES'
1406 4187 142 32 BLACK
1563 4186 133 31 CAPES
1709 4187 80 30 with
1803 4187 55 30 Jet
1868 4187 63 30 and
1945 4187 61 30 silk
2023 4187 204 41 trimming-

1350 4239 100 33 Usual
1477 4238 91 31 Price
1581 4236 78 32 each
1835 4260 36 7 ...
2041 4261 35 6 ...
2218 4241 57 30 21s
2298 4241 41 30 Od

1351 4290 126 42 Special
1489 4288 72 33 Sale
1574 4287 89 32 Price
1775 4311 122 23 ...:•'.
2039 4313 32 7 •••
2237 4290 35 32 7s
2299 4291 39 32 6d

1234 4393 71 33 R.
1332 4393 78 33 H.
1447 4388 312 42 PARISH,
1817 4389 156 33 JESast
2020 4389 257 37 Oxford.

622 202 207 43 BURKE
870 202 129 44 AND
1041 200 117 45 SON

758 279 132 23 INQUIRY
927 279 123 20 AGENCY

681 322 129 19 Chancery
824 321 70 23 Lane,
910 321 186 20 Christchukch.

623 354 73 46 Next
713 354 23 20 of
753 354 53 24 Kin,
817 354 98 25 Missing
924 353 116 21 Relatives
1050 353 45 23 &e.;
1113 353 46 19 Ad-

683 381 112 25 vertising
805 381 23 19 in
839 386 45 19 any
893 381 53 24 part
956 380 23 20 of
989 380 39 20 the
1038 379 76 21 world.

651 412 88 23 100,000
748 412 83 20 Names
841 411 98 21 indexed
949 417 38 19 up,
1004 417 61 19 upon
1084 410 75 21 which

623 442 147 21 information
781 444 75 25 given,
877 443 121 23 Solicitors,
1018 443 88 23 Courts,
1125 443 34 19 in-

623 476 87 25 quirers
716 477 107 20 relatives
833 477 44 24 &c,
886 477 107 20 Searches
1000 477 25 20 in
1032 477 73 20 Home
1114 477 46 19 and

623 508 65 20 other
697 509 134 23 Directions,
844 509 76 25 Army,
931 509 73 25 Navy,
1011 509 59 23 Law,
1077 509 82 25 Clergy

623 539 105 24 Medical,
734 540 59 20 Civil
800 540 98 23 Service,
906 540 133 25 University
1045 540 46 20 and
1095 541 65 19 other

623 571 67 20 Lists.
706 571 44 20 Old
757 572 97 19 Records
860 572 25 19 in
889 572 155 19 Government
1053 572 106 19 Gazettes

622 604 55 20 N.Z.
690 604 46 20 and
745 604 67 21 other
824 610 93 21 papers;
938 605 100 26 Country
1053 604 106 24 families,

624 638 127 25 Pedigrees,
773 638 90 20 Letters
872 638 98 24 written,
990 638 106 25 Register
1105 638 55 26 kept

623 670 23 20 of
665 671 97 19 Medical
788 671 45 19 and
858 671 66 19 other
939 671 151 25 professional
1117 677 38 13 me

624 702 89 20 wanted
723 702 25 19 in
757 701 31 20 all
797 702 40 20 the
847 702 110 20 Colonies.

651 735 71 26 Forty
730 741 65 19 years
805 735 138 25 experience,
950 734 96 26 enquiry
1055 734 36 21 fee
1110 734 36 27 2/6

807 772 78 25 Stamp
898 771 70 26 reply.

645 921 220 22 OXPOBD
909 920 237 21 BAKEBT

727 965 212 28 Established
964 964 88 28 1862.

672 1029 123 28 FLOUE,
807 1029 56 24 best
873 1028 81 24 brand
965 1028 60 31 only
1035 1028 68 30 kept.

626 1071 142 29 SHAEPS,
804 1070 205 29 OATMEAL,
1044 1070 110 25 BEAN

714 1114 291 28 CHICKENWHEAT,
1023 1115 42 23 &c.

649 1157 41 19 AT
717 1157 123 19 LOWEST
868 1156 141 20 CURRENT
1036 1155 104 24 RATES,

712 1267 53 43 F.
800 1266 48 43 B.
871 1263 188 55 LANE.

729 1339 91 40 (Late
834 1338 39 31 E.
893 1338 160 39 Butcher.)

626 1398 250 34 Watchmaker,
906 1397 182 33 Jeweller,
1105 1395 52 30 &c.

625 1447 123 31 Importer
781 1447 27 23 of
848 1445 107 24 Musical
989 1444 170 24 Instruments

724 1484 110 24 Victoria
856 1483 37 25 St.
924 1482 134 31 Eangiora.

627 1572 98 32 Special
736 1572 71 24 value
829 1571 28 24 in
880 1571 80 23 Extra
983 1571 85 29 strong
1080 1568 79 25 Cased

624 1616 88 31 highly
720 1615 109 25 finished
842 1613 108 32 English
969 1613 79 24 Lever
1057 1611 102 26 Watch-

626 1666 33 16 es.
706 1656 190 26 Manufactured
913 1658 26 22 to
962 1663 42 23 my
1033 1655 71 24 order
1125 1654 34 30 by

626 1698 54 24 best
692 1697 104 24 London
815 1695 106 25 makers.
955 1693 158 32 Unequalled
1121 1692 38 25 for

626 1739 122 25 excellent
761 1738 177 30 Timekeeping
953 1737 51 24 and
1014 1735 143 32 durability.

658 1783 29 24 F.
706 1783 30 24 B.
749 1781 95 25 LANE
857 1779 140 33 personally
1019 1779 70 25 visits
1111 1779 47 24 Ox-

625 1825 54 24 ford
699 1825 124 30 monthly,
848 1823 114 31 carrying
981 1831 16 15 a
1018 1822 68 31 large
1110 1821 49 25 and

625 1868 84 23 choice
744 1866 69 25 stock
842 1866 26 24 of
900 1865 126 28 Watches,
1055 1864 102 28 Chains,

624 1910 133 27 Brooches,
768 1909 87 31 Eings,
867 1907 85 28 Studs,
971 1906 127 25 Pendants
1110 1908 47 27 etc,

626 1952 140 30 Spectacles
788 1950 123 32 (Pebbles,
928 1950 168 30 Pantoscopsc
1108 1948 51 25 and

624 1994 108 33 Crystal)
746 1993 96 29 Clocks,
861 1992 108 33 (Marble
989 1992 49 24 and
1057 1991 100 32 Wood,)

723 2036 155 25 Accordeons
891 2035 50 24 and
951 2034 107 25 Violins.

656 2080 82 25 Exact
750 2079 57 25 date
819 2079 27 25 of
856 2078 62 25 each
929 2078 60 25 visit
1011 2077 22 25 is
1044 2076 106 25 notified

772 2122 28 24 in

624 2166 114 24 Eepairs.
739 2180 32 3 —
774 2165 41 24 All
826 2164 94 31 repairs
937 2171 42 16 are
997 2162 118 25 executed
1125 2162 32 32 by

623 2209 91 31 myself
735 2216 27 17 or
779 2208 79 24 under
875 2214 42 24 my
938 2206 220 31 superintendence

624 2260 27 16 so
673 2253 56 23 that
748 2253 103 29 patrons
863 2258 47 17 can
931 2251 52 30 rely
1006 2257 33 17 on
1061 2249 98 31 getting

624 2294 155 24 satisfaction
788 2294 26 23 at
826 2293 44 24 the
880 2300 59 23 very
950 2291 87 25 lowest
1045 2291 112 31 charges.

656 2337 104 32 Eepairs
772 2345 28 16 or
809 2336 83 25 orders
901 2343 59 24 may
971 2334 30 25 be
1009 2334 45 25 left
1065 2336 26 23 at
1092 2348 34 4 —

623 2385 26 24 J.
667 2384 135 30 Weeber's,
837 2383 64 25 East
925 2382 100 26 Oxford,

623 2430 26 22 at
672 2428 41 24 W.
737 2427 35 24 M.
797 2427 38 27 C,
858 2426 65 24 East
947 2425 100 25 Oxlord.

623 2470 24 24 J.
665 2470 100 28 Brown,
778 2468 159 30 Bootmaker,
962 2468 70 24 West
1056 2467 101 24 Oxford.

623 2512 40 26 W.
677 2512 24 24 J.
715 2511 117 26 Crothers
842 2511 19 24 &
873 2510 45 25 Co.
926 2528 6 6 .
955 2510 70 25 Cust.

656 2555 50 23 and
722 2554 52 24 will
781 2554 30 23 be
822 2552 126 31 promptly
960 2552 117 24 attended
1089 2553 35 23 to.

626 2597 54 30 All
691 2596 98 31 Work
801 2596 77 30 done
890 2606 39 19 on
943 2595 54 30 the
1008 2595 151 30 Premises

746 2648 62 29 and
823 2647 198 40 guaranteed.

662 2790 92 42 ■W-
802 2789 312 45 STOCKS,

621 2850 343 33 MONUMENTAL
986 2849 174 37 MASON,

744 2903 133 30 Madras
900 2902 126 36 Street,

662 2953 456 34 CHRISTCHURCH.

623 3047 160 60 WISHES
800 3050 26 21 to
844 3048 88 23 inform
943 3053 100 24 persons
1061 3046 25 23 in
1096 3047 64 22 want

711 3080 27 24 of
752 3080 167 23 Monumental
942 3079 76 24 Work
1045 3078 55 23 that
1127 3078 32 23 he

619 3115 96 23 intends
735 3116 25 20 to
783 3111 89 27 SELL
899 3111 63 25 HIS
996 3110 162 26 PEESENT

619 3146 117 25 LAEGE
757 3145 118 30 STOCK,
893 3145 133 31 consisting
1043 3144 25 24 of
1081 3143 78 26 Gran-

620 3181 34 23 ite
670 3179 103 31 Marble,
799 3179 48 24 and
873 3178 68 24 other
968 3177 75 26 Stone
1072 3177 88 24 Monu-

621 3215 86 26 ments,
737 3214 25 21 at
791 3211 162 30 considerably
988 3210 171 24 EEDUCED

620 3244 133 26 PEICES.
787 3244 58 25 Iron
861 3243 101 29 Fences,
982 3242 113 25 Concrete
1112 3243 47 23 and

623 3278 73 25 Stone
713 3277 126 30 Kerbing3,
858 3276 100 24 reduced
968 3276 26 22 in
1011 3276 71 30 price.
1115 3275 44 23 In-

621 3312 126 30 scriptions
765 3310 49 24 and
831 3308 34 26 all
881 3307 67 26 work
965 3308 25 24 in
1019 3307 140 25 connection

621 3345 57 23 with
696 3345 40 23 the
753 3343 70 24 trade
834 3343 61 23 done
906 3341 25 24 in
943 3340 132 26 first-class
1089 3342 69 29 style.

621 3377 76 31 Early
713 3376 134 30 inspection
866 3375 99 23 invited.
1003 3374 96 25 Several
1108 3382 52 15 new

621 3410 61 24 lines
699 3410 75 29 lately
803 3407 100 25 arrived.
939 3407 54 30 Any
1021 3406 138 24 reasonable

621 3443 59 24 offer
696 3443 38 24 for
750 3443 41 23 the
809 3444 94 28 present
920 3440 70 24 stock
1005 3439 51 25 will
1082 3438 78 27 result

621 3477 25 23 in
663 3484 14 15 a
696 3477 58 23 sale.
790 3474 76 24 Want
889 3474 27 23 to
932 3474 93 23 realise.

625 3589 90 37 MR
736 3587 64 40 W.
826 3587 51 40 N.
902 3582 257 45 CATHRO,

664 3662 182 24 BARRISTER
860 3660 68 23 AND
944 3657 175 24 SOLICITOR.

773 3701 233 34 KANGIORA.

621 3758 132 31 Attends
769 3756 122 31 Oxford
905 3765 40 19 on
956 3754 97 30 Court
1060 3751 97 40 Days.

620 3829 168 26 Instructions
796 3827 34 32 by
839 3827 58 31 post
907 3825 53 26 will
970 3824 93 26 receive
1074 3830 83 25 prom-

784 3867 29 30 pt
841 3863 133 27 attention.

742 3912 107 24 MONEY
877 3912 38 20 TO
943 3911 89 21 LEND.

669 4036 46 52 S.
748 4036 49 42 B.
820 4031 306 53 SEYMOUR,

818 4097 139 28 DENTIST,

660 4144 42 21 215
716 4141 105 24 Colombo
836 4140 82 25 Street,
941 4138 169 21 Christchurch.

788 4212 178 23 CHARGES:—
1056 4223 4 3 •

686 4257 94 26 Filling,
794 4255 25 21 5s
826 4263 8 18 j
869 4252 133 22 Extraction
1011 4253 25 20 2s
1050 4251 37 22 6d.

645 4321 94 21 Nitrous
749 4319 60 28 Qxid
818 4319 46 21 Gas
873 4316 169 23 Administered
1046 4316 38 21 for
1089 4315 68 22 Pain-

617 4363 46 21 less
673 4360 134 22 Extraction
816 4360 24 21 of
849 4359 80 21 Teeth.
963 4358 46 21 Fee
1018 4358 36 21 for
1063 4356 93 22 Admin-

617 4400 110 22 istration
739 4398 31 21 ss.
939 4406 4 3 •

109 199 107 25 CHILD
228 199 110 25 BIETH
352 200 95 30 SAFE,
461 200 73 24 AND
599 194 2 13 '

162 241 136 26 ALMOST
308 242 174 26 PAINLESS

52 285 94 65 BY
192 284 74 32 using
303 285 48 24 DE
397 284 196 26 FAWCETT'S

157 316 133 26 Medicine.

90 358 71 26 MES
184 359 167 25 BTGEEELL
372 358 61 32 begs
456 360 26 23 to
504 358 89 24 inform

56 398 44 24 the
111 398 93 24 Ladies
216 398 56 24 that
281 397 44 24 she
334 397 46 24 has
389 396 63 24 been
461 396 130 31 appointed

56 438 57 24 Sole
134 438 75 30 agent
231 437 27 24 in
282 435 177 26 Christchurch
486 435 37 24 for
550 435 44 24 the

56 475 77 24 above
146 475 123 23 Medicine
282 476 26 21 to
323 473 116 24 facilitate
454 471 139 25 Accouche-

56 516 89 23 racnts.
179 514 91 23 Ladies
282 521 46 16 can
351 513 30 23 be
402 511 113 32 supplied
534 511 60 25 with

57 554 42 23 the
123 553 74 23 above
219 551 33 31 by
277 551 104 30 sending
404 558 27 16 or
454 549 90 30 calling
568 550 27 22 at

58 593 41 23 Mr
122 591 121 24 Burrell's
265 589 181 32 Photographic
469 588 69 32 place
570 588 27 24 of

58 631 123 25 business.
195 630 104 24 Gould's
322 629 132 30 Buildings
456 646 5 11 s
484 628 111 23 Victoria

61 670 88 28 Street,
163 668 181 28 Christchurch,
363 666 82 24 where
465 664 33 25 all
518 664 76 24 infor-

57 710 98 23 mation
183 715 45 15 can
256 707 31 23 be
315 706 116 24 obtained
459 704 56 26 free,
545 703 50 24 and

59 746 117 31 perfectly
219 744 155 30 satisfactory
405 742 49 24 and
489 741 105 31 genuine

60 783 165 25 testimonials
237 790 46 15 can
295 781 30 23 be
337 788 65 15 seen.

61 823 85 64 rT
160 842 80 42 w.

60 909 138 38 Timber
214 906 69 39 and
305 905 76 39 Coal
410 902 184 39 Merchant

61 990 160 67 LARGE
242 988 106 26 STOCK
366 988 43 24 OF
422 984 171 27 BUILDING

236 1021 177 24 MATERIAL
417 1019 26 25 S.

130 1066 33 25 Of
184 1073 70 23 every
286 1063 157 31 description,
476 1059 119 27 seasoned

162 1103 73 30 ready
243 1103 37 23 for
287 1109 52 20 use,
348 1101 90 30 always
445 1107 31 16 on
484 1098 76 24 hand.

98 1148 67 26 Also,
196 1143 151 26 Galvanised
377 1143 68 28 Iron,
475 1140 118 25 Portland

66 1187 102 25 Cement
177 1185 49 24 and
236 1183 123 24 Builders'
373 1183 187 28 Ironmongery.

98 1238 109 28 Country
224 1235 90 24 Orders
337 1232 124 31 Carefully
484 1230 109 25 Selected

230 1274 48 24 and
287 1272 142 25 forwarded.

65 1313 95 25 TUAM
170 1310 141 28 STREET,
326 1306 269 27 CHBISTOHURCH

71 1478 71 25 THE
153 1475 155 25 LEADING
317 1473 118 25 FRAME
443 1471 141 25 MAKERS

63 1518 119 21 COENEE
202 1514 141 22 COLOMBO
363 1513 18 20 &
400 1511 197 22 GLOUCESTER

117 1548 138 21 STREETS.
301 1544 240 23 CHRISTCHURCH.

146 1586 52 23 The
207 1585 115 29 cheapest
330 1583 61 29 shop
398 1582 28 23 in
433 1581 85 24 Town.

96 1630 135 29 Importers
244 1627 26 24 of
280 1625 149 31 Mouldings,
450 1624 80 28 Glass..
543 1622 52 25 En-

161 1667 114 31 gravings
298 1665 50 24 and
377 1665 120 23 Pictures.

61 1746 80 43 W.
162 1739 301 50 JOHNSON
471 1741 40 43 &
524 1738 73 45 Co

172 1813 55 25 (late
238 1811 85 20 Hamill
334 1810 17 19 &
361 1808 111 24 Johnson)

115 1853 82 20 LAND
212 1852 63 20 AXD
285 1850 115 21 ESTATE
414 1847 126 26 AGENTS,

205 1894 26 19 71
242 1891 121 21 Cathedral
374 1890 90 25 Square,

102 1926 451 36 CHRISTCHURCH.

85 1999 49 19 The
144 1998 103 18 Farmers
254 1995 22 21 of
283 1993 91 25 Oxford,
387 1993 56 20 Cust
452 1991 46 21 and
508 1996 87 15 surrou-

58 2035 72 25 nding
141 2033 107 20 Districts
256 2033 49 19 who
314 2031 56 20 wish
379 2031 24 19 to
410 2030 88 25 dispose
508 2028 23 19 of
535 2028 61 19 their

59 2072 71 20 farms
144 2070 48 20 will
200 2070 49 20 find
264 2069 19 20 it
301 2070 24 19 to
344 2067 61 20 their
423 2065 130 26 advantage
571 2066 24 18 to

59 2110 63 25 pln.ee
132 2108 61 20 them
204 2108 25 18 in
238 2113 41 13 our
292 2106 81 19 hands.
471 2103 65 19 make
555 2102 40 19 the

61 2147 51 19 Salt!
127 2145 22 20 of
169 2143 64 21 Land
250 2143 40 20 the
308 2141 94 26 leading
417 2140 87 21 branch
517 2138 24 21 of
555 2145 41 14 our

59 2182 110 21 Business
179 2181 45 20 and
234 2186 32 14 we
276 2185 65 21 spare
348 2178 91 21 neither
444 2178 55 20 time
506 2176 89 20 trouble

59 2227 41 13 nor
110 2225 96 19 oxpence
216 2218 24 19 in
245 2216 109 26 bringing
358 2214 107 28 property
471 2213 77 21 before
555 2213 40 20 the

60 2257 74 20 notice
148 2255 23 20 of
181 2255 39 19 the
233 2254 82 25 public.

155 2291 57 19 FOR
227 2289 74 20 SALE
315 2289 40 18 AT
370 2286 119 21 OXFORD
508 2307 5 3 .

85 2334 20 20 A
115 2334 68 19 Farm
192 2331 24 21 of
224 2332 28 19 40
263 2336 60 15 acres
329 2329 59 26 good
395 2328 55 21 land
459 2327 52 21 well
515 2326 81 21 fenced

58 2372 46 20 and
115 2369 139 22 subdivided,
264 2368 52 19 Two
327 2366 108 26 dwelling
454 2366 82 19 houses
550 2362 45 21 and

58 2409 41 19 out
107 2407 123 25 buildings,
266 2405 63 20 Price
343 2404 54 24 only
407 2403 60 20 .£SOO
482 2408 45 19 any
536 2406 58 14 reas-

59 2444 81 21 onable
149 2444 70 19 terms
229 2442 75 26 given.

87 2491 47 20 Our
144 2490 50 20 List
209 2489 24 20 of
245 2489 77 19 Farms
332 2487 36 20 for
378 2486 51 21 Sale
444 2485 52 21 sent
504 2484 48 20 free
566 2489 29 14 on

60 2528 143 27 application.

62 2613 25 36 0
115 2601 479 80 ||ANNINe|{jOMPANY

257 2693 138 23 LIMITED.

83 2754 270 29 CHRISTCHURCH
374 2749 184 26 BREWERY.

287 2814 62 20 THE
599 2798 2 43 |

206 2853 225 35 ALES

189 2898 129 21 BREWED
329 2896 40 21 BY
383 2895 71 21 THIS

142 2934 369 39 COMPANY

245 2990 83 21 FROM
337 2989 62 20 THE

170 3086 45 19 Are
225 3081 174 26 acknowledged
407 3082 25 20 to
441 3081 28 20 be

54 3125 148 22 SUPERIOR
212 3124 34 20 IN
257 3121 136 24 QUALITY
403 3120 37 20 TO
449 3118 64 22 ANY
520 3117 72 20 PRO-

122 3156 99 20 DUCED
236 3154 34 20 IN
285 3152 73 21 NEW
374 3150 148 22 ZEALAND.

57 3208 6 5 .
82 3192 109 28 Supplied
196 3194 25 19 to
224 3191 81 20 Hotels
311 3190 46 20 and
363 3189 94 20 Private
464 3188 128 20 Customers

54 3223 24 19 in
89 3219 141 27 Hogsheads,
242 3218 98 23 Barrels,
351 3215 139 22 Kilderkins,
501 3213 44 21 and
557 3214 35 19 10-

54 3250 89 25 --gallons
153 3247 62 25 Kegs
225 3245 60 26 only.

56 3298 118 43 PALE
198 3297 89 41 ALE
311 3295 92 42 AND
434 3291 159 44 EXTRA

249 3347 132 42 STOUT

153 3401 92 21 Bottled
254 3400 25 20 in
289 3400 84 24 Quarts
383 3398 47 20 and
438 3397 72 21 Pints.

208 3498 230 45 DRINK

93 3568 181 40 HYSLOP'
289 3565 122 39 PUHE
433 3563 100 40 TEA.

57 3626 66 30 The
138 3625 91 29 finest
243 3624 53 29 the
309 3621 105 31 Woiid
432 3620 158 40 produces.

61 3678 74 31 Sold
146 3678 44 38 by
219 3675 50 30 Mr
283 3675 35 29 F.
334 3675 38 28 A.
402 3673 189 34 Waterman,

100 3724 80 30 East
191 3721 129 33 Oxford.

58 3777 53 28 Mr
130 3775 33 29 R.
180 3773 119 34 Fisher,
316 3771 90 30 West
419 3769 131 30 Oxford.

58 3820 51 31 Mr
123 3818 108 32 Alfred
245 3818 71 35 Lee,
340 3816 127 30 Oxford.

58 3869 50 29 Mr
123 3869 36 29 E.
175 3867 49 30 W.
255 3864 128 41 Cooper,
414 3862 86 36 Cust,
530 3862 61 30 and

100 3925 93 29 many
212 3915 110 29 others.

58 3996 136 47 GEG.
217 3995 43 44 S.
278 3990 310 55 HICKMAN.

206 4071 67 25 Corn
287 4070 145 25 Exchange.

278 4122 279 30 CHRISTCHURCH.

90 4213 79 28 Land,
182 4212 96 27 Estate,
314 4211 87 24 House
408 4208 51 25 and
482 4206 109 26 General

57 4255 166 27 Commission
257 4254 89 32 Agent.
409 4250 113 26 LOANS
557 4257 33 17 on

57 4298 124 27 Freehold
194 4297 112 31 Security
325 4294 151 33 negotiated.
522 4292 69 26 ALL

56 4344 113 24 business
181 4340 129 26 entrusted
321 4340 26 23 to
369 4346 43 23 my
430 4344 56 18 care
497 4337 52 24 will
558 4337 33 23 be

56 4384 137 27 conducted
203 4383 61 25 with
276 4382 44 25 the
332 4382 95 24 utmost
437 4379 95 32 fidelity
540 4379 50 24 and

56 4427 121 33 dispatch.
