4270 5790
152 206 125 43 Ettrick
311 203 179 52 Dredging
523 203 57 41 Co.

157 287 122 22 ANNUAL
296 285 135 21 GENERAL
446 284 139 23 MEETING.

131 355 55 28 The
211 353 97 29 anuual
344 351 122 36 meeting
491 352 30 27 of
552 351 78 28 share-

93 393 110 29 holders
216 393 30 28 of
256 392 47 27 the
312 390 110 29 Ettrick
437 390 146 36 Dredging
597 389 47 29 Co.

91 442 55 19 was
175 431 63 29 held
265 434 28 23 at
317 430 48 27 the
390 429 117 36 English
534 428 110 28 Church

90 471 177 30 Schoolroom
290 479 36 19 on
352 468 137 37 Saturday
514 468 128 38 evening.

89 513 114 27 Present
206 510 139 27 —Messrs
380 508 114 37 Cooper,
522 508 39 34 (in
595 508 48 28 the

89 551 97 36 chair),
201 549 97 37 Reilly,
322 547 78 34 Buin,
414 546 100 35 Brazil,
535 546 96 28 Peters
644 546 1 41 .

89 591 85 39 Coop,
186 590 107 30 Burton
305 589 50 37 (2),
370 587 166 39 Thompson,
551 585 91 37 Kitto,

90 631 160 33 M'Donald,
264 629 98 33 Knott,
376 628 54 26 and
444 627 104 27 Baillie.

303 675 128 22 MINUTES.

128 711 58 30 The
199 709 119 30 minutes
331 709 29 28 of
373 708 52 28 last
438 706 123 38 meeting
572 716 70 18 were

91 751 64 28 read
169 751 54 27 and
237 749 158 28 confirmed.

165 798 100 19 REPORT
278 796 54 20 AND
343 793 225 23 BALANCE-SHEET.

127 829 58 30 The
199 828 156 34 Chairman,
376 827 28 29 in
425 826 150 39 proposing
596 825 45 29 the

90 871 131 38 adoption
242 870 28 27 of
292 869 46 28 the
359 867 100 29 annual
480 873 92 31 report
589 865 53 29 and

91 913 148 27 Statement
262 909 28 28 of
309 912 129 25 accounts
466 907 99 36 (which
588 916 54 18 was

90 948 85 31 taken
197 960 29 18 fs
246 949 87 36 read),
363 946 209 40 congratulated
597 946 45 28 the

90 990 189 29 shareholders
291 1000 33 16 on
336 990 46 26 the
394 989 127 35 position.
561 987 81 27 Since

89 1032 48 26 the
162 1027 204 30 balance-sheet
390 1026 55 29 had
468 1026 68 29 been
564 1025 78 29 made

89 1073 47 24 out
146 1079 16 18 a
176 1069 30 27 2s
220 1066 131 30 dividend
361 1066 54 28 had
426 1068 68 26 been
505 1065 136 36 declared,

90 1108 53 29 and
156 1109 29 27 in
198 1107 115 29 another
326 1106 76 28 week
425 1116 30 18 or
469 1111 45 22 ten
537 1105 67 38 dnys
626 1115 15 17 a

90 1149 107 28 further
210 1147 130 29 dividend
357 1147 30 29 of
413 1149 26 26 Is
461 1146 92 28 would
566 1146 28 28 in
607 1144 36 29 all

89 1187 168 40 probability
268 1188 35 28 be
313 1186 135 29 declared.
488 1186 58 28 The
559 1186 68 37 adop-

90 1230 58 25 tion
162 1228 29 26 of
204 1228 45 26 the
265 1231 89 31 report
378 1237 55 16 w.-is
447 1225 136 28 seconded
606 1226 35 33 by

89 1266 47 26 Mr
148 1265 89 34 Reilly
251 1265 54 26 and
326 1264 104 27 carried
440 1263 201 36 unanimously.

125 1303 57 28 The
197 1302 144 29 Chairmau
355 1302 66 28 theu
437 1301 88 29 stated
541 1301 60 28 that
612 1310 29 19 as

87 1346 72 26 most
181 1342 28 29 of
232 1343 75 26 them
333 1351 70 19 were
421 1351 96 25 aware,
541 1340 35 28 he
587 1339 54 28 had

87 1395 61 17 now
169 1383 84 28 taken
275 1382 187 37 employment
485 1380 88 29 under
593 1380 47 27 the

89 1424 150 35 Company,
262 1421 54 27 and
337 1421 28 26 in
387 1420 167 27 accordance
574 1419 65 26 with

86 1463 48 28 the
147 1461 119 29 Articles
279 1460 29 29 of
323 1459 171 29 Association
513 1459 34 28 he
567 1461 74 25 must

86 1502 95 37 resign
212 1501 42 28 his
286 1501 76 27 office
382 1509 29 18 as
435 1499 127 33 director,
585 1497 55 28 and

87 1541 91 29 would
191 1544 94 25 vacate
300 1541 47 28 the
360 1539 84 29 chair.
507 1538 45 28 He
574 1538 64 27 then

88 1581 85 30 asked
186 1582 47 27 the
247 1581 143 37 Secretary
405 1584 28 23 to
453 1578 110 39 preside
585 1577 54 29 and

88 1623 46 28 Mr
151 1623 102 27 Burton
264 1621 67 28 took
348 1621 47 28 the
409 1621 83 28 chair.

89 1670 128 21 ELECTION
240 1670 33 19 OF
293 1670 143 19 DIRECTORS
449 1669 54 19 AND
515 1668 126 19 AUDITOR.

126 1702 46 29 Mr
185 1702 106 28 Burton
305 1701 89 29 stated
418 1701 46 28 the
486 1700 60 34 firjjjt
567 1699 60 30 busi-

89 1753 63 17 ness
162 1751 55 19 was
226 1742 46 27 the
283 1741 114 28 election
410 1742 28 28 of
447 1747 53 22 two
509 1740 133 29 directors

88 1783 60 28 vice
168 1781 105 30 Messrs
287 1781 107 40 Cooper
406 1780 55 31 and
475 1779 100 37 Brazil,
595 1781 47 28 the

89 1823 82 28 latter
202 1823 184 36 gentleman's
414 1826 72 25 term
516 1821 29 28 of
567 1822 77 28 office

88 1863 105 36 having
207 1861 113 37 expired
333 1863 37 27 bv
383 1861 129 28 effluxion
526 1860 29 28 of
566 1861 75 28 time.

91 1901 99 28 Before
203 1901 168 39 proceeding
383 1901 67 28 with
461 1901 47 27 the
517 1901 126 33 election,

89 1943 36 28 he
146 1941 142 38 explained
318 1943 60 28 that
398 1941 47 28 the
468 1939 118 30 Articles
616 1942 28 27 of

90 1983 173 26 Association
277 1982 47 27 did
338 1986 49 23 not
400 1982 77 27 allow
495 1992 16 17 a
524 1982 118 27 director

90 2025 32 25 to
133 2021 65 28 hold
211 2030 54 29 any
286 2022 79 28 oiher
385 2021 78 28 office
483 2021 88 28 under
592 2020 48 28 the

91 2072 144 27 company,
250 2063 48 27 but
312 2061 22 28 if
347 2062 47 27 the
405 2061 121 35 meeting
539 2060 103 29 wished

91 2106 28 23 to
129 2101 88 29 retain
228 2101 45 28 Mr
288 2101 130 39 Cooper's
432 2100 117 29 services
575 2100 65 38 they

91 2141 89 28 would
206 2142 69 27 have
294 2148 29 21 to
343 2141 108 28 rescind
472 2141 90 28 clause
573 2141 26 26 A
613 2141 28 28 of

89 2182 96 29 article
216 2183 26 29 0.

125 2223 46 28 Mr
198 2223 105 37 Cooper
325 2223 58 28 said
414 2223 36 26 he
475 2223 90 27 would
588 2227 48 23 not

87 2266 96 34 accept
211 2262 76 29 office
322 2262 90 28 unless
444 2260 22 27 it
499 2270 54 20 was
588 2262 47 28 the

86 2303 163 27 unanimous
258 2303 66 27 wish
335 2303 29 27 of
374 2302 46 27 the
431 2302 129 36 meeting.

123 2342 44 28 Mr
179 2341 90 32 Reillv
284 2341 134 39 proposed
431 2340 60 29 that
504 2340 91 30 clause
609 2341 26 29 A

86 2383 29 27 of
134 2383 94 27 article
249 2383 33 27 bO
307 2384 32 25 be
361 2380 144 29 rescinded
529 2382 56 26 and
606 2382 27 26 in

85 2423 54 27 lieu
152 2422 107 28 thereof
272 2423 46 27 the
331 2420 142 38 following
495 2420 90 29 words
598 2422 34 28 be

85 2462 168 29 substituted
418 2460 118 30 director
572 2472 61 26 may

85 2502 66 29 hold
184 2512 54 27 any
269 2503 78 28 other
372 2501 75 29 office
473 2501 88 29 under
586 2502 47 28 the

84 2552 135 28 company
244 2542 27 27 in
298 2540 175 40 conjunction
498 2541 66 27 with
586 2542 47 27 the

85 2582 77 29 office
188 2582 28 29 of
432 2580 143 31 Seconded
596 2582 37 37 by

83 2623 47 27 Mr
161 2624 95 27 Peters
288 2622 55 28 and
387 2622 104 28 carried
537 2622 80 28 unani-

84 2664 116 36 mously.

122 2702 42 29 On
176 2704 46 27 the
245 2702 103 29 motion
374 2702 30 28 of
429 2701 103 29 Messrs
559 2700 75 38 Coop

83 2742 54 28 and
151 2742 167 38 Thompson,
332 2742 47 28 Mr
399 2741 91 27 Brazil
515 2751 56 17 was
590 2750 28 18 re-

82 2782 115 35 elected,
221 2782 54 29 and
301 2782 45 28 Mr
378 2780 95 29 Peters
498 2780 135 38 proposed

82 2822 55 28 and
147 2822 46 28 Mr
200 2822 91 36 Reilly
302 2820 136 30 seconded
449 2820 45 28 Mr
504 2820 129 38 Cooper's

80 2862 170 33 re-election,
259 2861 87 27 which
355 2871 55 17 was
421 2859 105 28 carried
538 2860 79 27 unani-

78 2900 117 31 mously.

115 2935 45 26 Mr
172 2935 104 27 Haines
291 2944 54 17 was
355 2932 150 29 re-elected
516 2933 114 28 auditor

78 2985 34 17 on
126 2973 46 30 the
182 2975 103 27 motion
298 2973 29 28 of
341 2972 104 28 Messrs
465 2972 95 29 Peters
574 2973 55 28 and

77 3013 81 29 Bain.

214 3061 82 22 VOTES
317 3062 32 20 OF
367 3062 115 19 THANKS.

116 3096 25 25 A
161 3093 96 36 hearty
277 3097 62 24 vote
355 3093 30 26 of
405 3092 103 29 thanks
530 3097 28 24 to
584 3093 46 27 Mr

78 3133 82 28 Kitto
185 3133 44 27 for
259 3132 42 28 his
326 3131 108 28 zealous
454 3132 55 28 and
531 3132 98 39 highly

78 3173 119 28 efficient
221 3175 195 35 management
442 3182 55 18 was
524 3172 104 29 carried

77 3214 39 37 by
133 3212 187 35 acclamation,
341 3210 104 29 several
470 3212 157 37 gentlemen

77 3253 146 36 testifying
233 3257 28 22 to
284 3253 43 25 his
351 3251 127 28 valuable
499 3253 127 26 services.

79 3293 27 28 A
119 3298 63 23 vote
202 3292 28 28 of
252 3290 102 31 thanks
374 3295 28 24 to
423 3290 47 29 the
496 3291 133 29 directors

78 3333 44 28 for
144 3332 71 29 their
244 3332 118 28 efficient
385 3330 54 28 and
461 3328 167 31 economical

79 3376 194 34 management
287 3381 53 19 was
353 3371 57 27 also
421 3370 115 29 carried.

189 3422 16 18 A
230 3410 172 30 syndicate's
426 3419 91 19 OFFER.

114 3453 46 27 Mr
174 3453 106 28 Burtou
299 3451 59 28 said
378 3451 33 27 he
438 3451 53 27 had
506 3450 123 28 received

78 3502 16 18 a
107 3493 81 28 letter
201 3493 70 27 from
286 3502 15 16 a
309 3490 157 37 gentleman
477 3493 138 34 represent-

79 3533 50 32 ing
162 3543 15 16 a
212 3530 144 38 syndicate
379 3530 29 26 in
423 3529 207 35 (Jhristchurch,

79 3572 102 30 asking
202 3570 123 29 whether
346 3569 77 28 there
444 3569 90 28 would
558 3570 35 26 bo
616 3579 14 17 a

78 3610 169 38 probability
267 3609 29 27 of
317 3609 47 27 the
385 3617 135 28 company
534 3619 12 16 s
568 3618 47 23 pro-

80 3655 80 33 perty
178 3650 85 36 being
284 3647 95 40 placed
400 3648 89 27 under
510 3647 68 28 offer
602 3650 29 25 to

80 3691 96 34 them;
204 3688 64 36 and,
300 3689 20 27 if
339 3699 40 22 so,
405 3692 28 23 to
455 3687 107 28 furnish
585 3687 46 28 the

80 3730 75 37 price
188 3730 54 27 and
284 3727 172 38 particulars.
508 3725 28 29 It
577 3737 53 17 was

78 3770 125 28 resolved
214 3769 61 28 that
285 3769 47 26 the
343 3772 131 31 property
485 3767 34 27 be
529 3765 101 29 offered

79 3814 29 24 at
120 3812 50 26 not
183 3809 25 29 le
225 3819 12 19 s
249 3809 68 28 than
331 3806 132 36 £15,000,
485 3806 46 28 the
545 3806 72 28 direc-

80 3855 57 23 tors
152 3854 29 24 to
194 3850 69 27 have
279 3859 91 26 power
391 3852 28 24 to
444 3847 79 27 make
546 3851 84 23 terms

80 3888 54 27 and
148 3888 163 27 conditions.
353 3886 108 34 During
470 3886 45 27 the
527 3885 104 27 discus--

80 3927 60 29 sion
161 3927 46 29 the
228 3926 209 39 dredgemaster
457 3923 90 30 stated
571 3923 59 30 that

80 3969 47 27 the
141 3968 60 27 lead
216 3968 28 28 o£
257 3968 65 36 gold
334 3967 47 27 the
404 3976 135 27 company
561 3975 70 17 were

80 4012 29 24 at
122 4010 111 36 present
245 4017 35 19 on
294 4017 55 19 was
363 4005 86 39 likely
460 4010 27 25 to
503 4004 129 31 continue

81 4048 44 27 for
143 4048 46 27 the
213 4052 68 23 next
303 4052 54 23 two
379 4055 89 28 years,
491 4046 55 27 and
572 4045 60 28 that

80 4087 115 28 another
207 4095 52 20 run
272 4086 27 28 in
314 4086 47 29 the
381 4085 78 29 claim
485 4085 51 28 had
562 4085 68 28 been

79 4127 90 29 tested
183 4127 66 29 with
263 4127 115 38 payable
393 4125 108 30 results.

116 4168 58 27 The
195 4168 120 36 meeting
346 4166 152 37 adjourned
526 4165 68 28 with
616 4175 15 18 a

80 4212 62 22 vote
154 4207 29 27 of
197 4207 100 27 thanks
311 4210 28 23 to
357 4206 48 27 the
419 4206 82 28 chair.

231 4285 69 40 The
348 4284 131 41 Courts.

192 4368 204 22 MAGISTRATE'S
409 4367 105 22 COURT.

221 4403 92 23 Friday,
328 4400 49 22 23rd
391 4401 110 20 Octobkb.

156 4435 82 27 (Before
247 4434 22 22 S.
279 4434 24 21 E.
311 4431 116 28 McCarthy,
438 4432 56 27 Esq.,
503 4432 61 26 S.M.)

117 4472 93 29 Police
229 4480 27 19 v.
275 4469 48 28 W.
345 4467 291 38 Gray.—Permitting

82 4523 50 18 one
146 4513 80 26 horse
239 4513 29 24 to
281 4509 34 28 be
327 4513 29 23 at
371 4507 85 37 large.
496 4507 139 28 Evidence

81 4551 103 36 having
209 4550 70 27 been
311 4547 82 38 given
424 4548 36 36 by
487 4546 147 29 Constable

82 4591 96 38 Fouhy
191 4590 43 29 for
256 4589 46 28 the
322 4587 174 39 prosecntion
518 4587 54 28 and
597 4588 36 37 by

80 4631 151 30 defendant
244 4629 44 28 for
299 4629 43 28 his
359 4628 67 34 side,
449 4628 41 28 his
503 4627 130 38 Worship

83 4673 33 33 (it
126 4671 84 35 being
219 4668 177 29 defendant'a
406 4668 100 27 second
517 4668 114 34 offence)

81 4708 124 37 imposed
218 4718 16 16 a
246 4708 54 26 fine
313 4707 29 27 of
358 4707 35 27 £1
410 4706 54 27 and
479 4709 72 25 costs
569 4706 65 34 (7s).

120 4747 81 28 Same
214 4755 26 19 v.
255 4745 72 28 Tlios
349 4744 198 29 Featherstone
563 4745 71 34 (who

81 4788 49 28 did
155 4791 48 24 not
228 4784 330 40 appear).—Permitting
584 4796 51 18 one

82 4838 57 18 cow
152 4831 29 24 to
196 4828 33 27 be
243 4831 28 23 at
290 4824 214 38 large.—Fined
520 4826 49 27 10s
580 4826 55 27 and

80 4872 74 24 costs
170 4868 65 35 (7s).

120 4907 30 28 C.
175 4906 31 29 C.
228 4906 123 37 Empson
367 4904 102 37 (rabbit
482 4905 149 37 inspector)

82 4957 17 18 v
135 4946 105 28 Robert
265 4944 178 34 Richardson,
470 4944 111 34 farmer,
607 4945 29 27 of

82 4986 106 28 Millers
202 4984 71 34 Flat,
287 4984 43 27 for
349 4986 49 24 not
421 4983 163 37 continuing
607 4986 28 25 to

82 5025 49 27 kill
148 5023 104 28 rabbits
266 5031 35 18 on
314 5022 41 28 his
364 5021 273 28 land.—Defendant

81 5062 118 41 pleaded
208 5064 18 14 4<
237 5060 120 40 guilty/'
368 5060 50 28 bat
429 5069 69 27 gave
507 5060 130 28 evidence

81 5106 29 24 in
124 5102 156 36 mitigation
295 5101 28 26 of
342 5110 15 17 a
370 5099 122 37 penalty,
506 5099 28 26 in
548 5099 89 28 which

82 5142 35 27 he
131 5140 58 27 said
204 5140 34 26 he
248 5138 53 27 iaid
316 5136 198 38 phosphorised
529 5141 59 23 oats
608 5137 27 26 in

81 5181 77 37 July,
179 5177 161 30 afterwards
366 5175 55 28 laid
441 5175 117 39 pollard,
581 5176 54 28 and

81 5221 81 37 again
177 5219 54 28 laid
249 5221 67 26 toxa
329 5226 34 19 on
377 5226 75 18 some
465 5217 29 28 ot
508 5217 42 28 his
562 5217 73 28 land.

80 5261 47 28 He
141 5257 137 39 promised
294 5257 94 36 Agent
402 5254 193 29 Cruickshank
608 5259 28 25 to

79 5306 53 31 put
151 5308 35 19 on
200 5308 15 17 a
229 5296 132 33 rabbiter,
375 5294 50 28 but
449 5294 46 29 did
515 5299 50 24 not
586 5298 51 34 put

80 5340 56 27 him
158 5348 37 17 on
215 5336 110 36 exactly
344 5338 30 24 at
388 5334 47 28 the
448 5334 65 28 time
527 5335 34 28 he
574 5344 46 28 pro-

80 5377 98 35 mised,
192 5377 51 28 but
256 5384 67 20 soon
347 5373 161 30 afterwards
531 5379 50 34 put
600 5385 35 18 on

79 5420 44 27 hi}
149 5427 60 25 son,
235 5416 71 37 aged
334 5416 42 27 IG.
418 5413 45 29 He
485 5415 80 28 could
588 5419 48 24 not

78 5457 88 30 afford
185 5461 29 24 to
226 5454 110 39 employ
350 5463 74 19 more
435 5453 59 37 just
508 5454 66 28 then
593 5454 44 29 for

76 5499 63 27 that
148 5504 128 30 purpose.
316 5494 53 26 His
378 5494 102 26 section
491 5494 144 28 contained

76 5535 152 33 about9so
239 5543 86 20 acres.
327 5532 131 29 —James
471 5533 33 29 A.
520 5532 99 30 Cruick-

76 5577 92 31 shank
184 5575 105 37 (rabbit
308 5575 95 36 agent)
431 5572 121 38 deposed
576 5574 59 28 that

78 5629 36 18 on
128 5617 74 28 June
218 5614 66 30 11th
297 5614 35 28 he
344 5622 55 18 saw
414 5612 132 37 poisoned
555 5613 77 36 grain

76 5669 37 20 oi
125 5653 199 34 Richardson's
332 5651 64 31 land
408 5663 9 24 ;
437 5663 35 19 on
483 5652 66 39 July
560 5653 74 28 22hd

679 203 171 30 Richardson
864 203 58 30 told
935 203 57 29 him
1006 203 61 29 that
1077 203 47 28 the
1138 203 95 37 poison

667 243 1 35 I
679 254 55 17 was
748 243 28 28 of
789 243 71 28 little
874 248 125 30 account,
1013 254 29 17 as
1066 243 22 27 it
1111 252 54 17 was
1185 245 48 24 not

667 280 1 36 I
677 282 83 27 taken
774 289 7 27 ;
820 282 154 28 defendant
1004 281 55 28 laid
1101 285 65 24 toxa
1197 290 35 18 on

676 322 117 29 another
805 323 114 35 section,
928 322 52 29 but
988 326 49 25 not
1048 331 35 20 on
1093 321 55 29 this
1157 320 75 29 land.

677 363 42 27 On
744 363 113 36 August
883 363 50 27 6th
958 363 34 27 he
1017 361 142 38 inspected
1185 362 47 26 the

675 401 64 28 land
752 401 92 37 again,
858 401 55 27 and
927 401 85 28 found
1029 410 82 26 many
1124 400 106 27 rabbits

672 440 29 27 in
714 440 48 28 the
775 439 109 35 gullies,
905 440 53 27 and
979 449 36 18 no
1036 440 63 35 sign
1122 438 29 28 of
1176 447 54 26 any

672 480 77 28 work
764 478 106 39 having
884 479 70 29 been
968 478 80 29 done.
1089 476 42 30 On
1147 475 65 29 Octo-

672 520 49 27 ber
743 520 65 26 14th
820 519 35 27 he
877 518 143 37 inspected
1046 517 47 27 the
1113 516 66 27 land
1198 516 29 26 in

670 567 136 28 company
833 557 64 27 with
926 556 145 37 Inspector
1094 555 131 36 Empson>

670 598 54 28 and
738 597 88 29 found
840 609 15 17 a
868 597 74 38 good
961 607 84 26 many
1070 593 107 30 rabbits
1197 592 28 29 in

672 642 71 22 most
756 638 100 36 gullies
868 638 29 24 in
911 637 46 25 the
968 645 87 26 upper
1065 638 62 32 part
1136 633 29 26 of
1180 633 46 26 the

670 676 64 29 land
746 687 7 24 ;
775 685 55 19 saw
853 685 35 18 no
909 675 62 37 sign
986 674 29 28 of
1027 672 87 34 work,
1127 673 99 35 except

670 718 37 35 by
721 716 105 36 setting
848 719 76 32 traps
946 724 35 18 on
1003 712 79 29 small
1103 711 122 37 portions

670 757 28 27 of
708 756 47 28 the
764 755 75 27 land.
879 755 59 26 The
949 754 53 34 boy
1011 753 61 26 that
1083 762 56 17 was
1150 754 60 32 trap-

669 796 69 38 ping
762 793 54 28 had
842 793 65 36 only
934 791 34 29 60
998 794 85 34 traps.
1123 789 34 28 In
1183 789 42 27 his

674 833 156 40 (witness's)
856 832 112 39 opinion
990 835 54 25 two
1067 829 73 40 good
1162 839 61 18 men

670 876 97 30 should
781 875 68 27 have
860 874 69 28 been
942 873 24 27 in
983 873 46 27 the
1044 871 79 37 boy's
1137 869 87 38 placr.

670 917 90 29 —His
791 913 132 39 Worship
952 913 59 28 said
1042 912 47 28 the
1122 910 104 29 Rabbit

671 958 137 29 Nuisance
830 955 54 28 Act
904 965 56 18 was
982 964 16 18 a
1023 952 98 39 highly
1145 950 80 39 penal

670 1001 111 29 statute,
795 996 51 26 but
859 995 34 26 he
907 994 91 28 would
1018 996 48 24 not
1084 993 106 35 impose
1210 1001 16 16 a

670 1048 64 18 verv
745 1036 88 35 heavy
842 1033 112 39 penalty
964 1033 43 29 for
1016 1043 16 18 a
1040 1031 60 29 first
1110 1030 114 29 olfeuce.

668 1076 127 30 —Fined
808 1076 38 27 £5
860 1075 55 28 and
928 1076 74 26 costs
1018 1073 65 35 (7s).

708 1118 81 28 Same
803 1126 26 17 v.
853 1113 111 29 Francis
978 1111 124 39 Pringle,
1115 1111 110 33 farmer,

674 1158 25 28 of
712 1157 106 29 Millers
830 1155 70 35 Flat,
911 1154 41 29 for
962 1157 49 24 not
1023 1151 164 37 continuing
1198 1153 28 24 to

670 1199 52 27 kill
732 1196 107 30 rabbits
849 1205 34 18 on
899 1206 15 15 a
928 1194 104 27 section
1044 1191 28 28 of
1082 1190 67 29 land
1162 1200 48 17 con-

672 1242 106 31 taining
789 1235 83 26 about
887 1234 53 26 404
952 1241 84 18 acres.
1066 1229 161 28 Defendant

671 1275 113 37 pleaded
798 1271 228 39 guilty.—Fined
1036 1271 38 26 £5
1085 1268 56 28 and
1154 1272 73 24 costs

673 1315 65 35 (7s).

707 1356 82 27 Same
803 1362 25 18 v.
839 1350 31 28 W
880 1362 35 16 m.
929 1346 282 37 McClelland,dredge-

670 1398 109 28 master,
794 1392 29 27 of
838 1391 104 27 Millers
961 1389 68 35 Flat,
1044 1389 44 27 for
1102 1391 48 24 not
1164 1397 48 17 con-

668 1433 111 36 tinuing
794 1435 26 23 to
835 1430 49 27 kill
900 1429 106 28 rabbits
1020 1438 36 18 on
1067 1438 15 16 a
1102 1427 125 26 100-acre

668 1471 113 29 section.
823 1470 44 27 Mr
880 1468 112 28 Dalziell
1006 1468 45 28 for
1065 1465 162 32 defendant,

668 1511 60 28 who
741 1510 117 38 pleaded
872 1509 99 37 guilty.
975 1524 36 3 —
1018 1506 83 29 fined
1121 1506 36 28 £l
1173 1504 54 28 and

669 1555 73 25 costs
759 1551 65 36 (7s).

854 1599 72 21 ClfIL
951 1597 89 21 CASES.

657 1626 1 39 1
706 1632 119 29 Michael
837 1630 153 35 McCarthy,
999 1630 29 26 of
1040 1628 106 28 Millers
1156 1626 71 36 Flat,

657 1664 37 47 |v.
710 1672 80 30 Todd
804 1673 91 33 Bros.,
910 1670 29 28 of
952 1669 118 28 Heriot:
1098 1667 86 29 Claim
1199 1667 28 27 of

657 1698 1 54 j
669 1714 57 29 £33
767 1713 45 28 for
851 1711 64 30 cash
948 1710 67 28 lent.
1067 1707 159 29 Defendant

657 1746 1 44 s
670 1753 100 37 lodged
785 1763 15 17 a
814 1755 114 26 counter
938 1750 80 28 claim
1027 1749 29 28 of
1066 1749 56 27 £2B
1137 1748 31 27 4<s
1183 1746 42 28 Id.

657 1786 1 46 ;
671 1794 46 28 Mr
730 1793 51 29 Dal
785 1793 21 29 zi
810 1792 24 30 el
838 1792 7 29 I
858 1792 45 29 for
915 1789 98 41 plainti
1024 1792 18 32 1,
1053 1787 46 30 Mr
1110 1786 117 30 Sinclair

657 1827 1 43 ;
670 1835 43 27 for
726 1834 173 28 defendants.
940 1830 82 28 After
1034 1841 16 16 a
1063 1832 79 35 great
1163 1827 60 28 deal

671 1874 28 28 of
712 1873 129 28 evidence
859 1871 54 28 had
927 1871 70 27 been
1012 1869 82 37 given
1108 1877 35 18 on
1157 1867 69 28 both

657 1906 1 39 j
671 1913 72 28 sides
752 1914 47 26 the
809 1921 61 19 case
881 1920 64 25 was,
956 1920 34 16 on
1002 1909 46 27 the
1060 1906 165 39 application

657 1954 42 38 |of
724 1950 176 32 defendant's
927 1945 120 40 counsel,
1072 1945 153 40 adjourned

657 1983 1 42 [
670 1993 40 28 till
725 1993 67 27 20th
807 1991 166 29 November.

657 2025 1 40 !
706 2032 76 29 Win.
797 2030 82 35 Gray,
894 2030 28 28 of
937 2027 163 36 Roxburgh,
1110 2036 25 19 v.
1147 2025 76 30 Wm.

657 2067 1 50 j
670 2073 85 34 Burn,
769 2072 30 28 of
812 2071 105 28 Millers
928 2069 62 27 Flat
1003 2081 5 15 :
1031 2067 87 29 Claim
1127 2067 44 28 for
1185 2067 37 28 £9

657 2098 42 45 Us
722 2112 44 28 for
791 2115 72 25 meat
888 2105 334 42 supplied.—Defendant

657 2147 1 43 I
668 2152 115 38 pleaded
1052 2148 50 27 but
1111 2147 59 28 said
1181 2147 34 27 he

657 2187 1 40 i
666 2194 53 28 had
735 2197 48 25 not
793 2193 47 29 the
854 2201 98 26 money
961 2194 28 25 to
1004 2187 119 40 pay,and
1133 2187 85 29 asked

657 2228 1 38 |
666 2234 42 26 for
726 2232 167 28 time.—His
908 2230 130 36 Worship
1052 2229 60 28 said
1126 2228 80 27 defen-

665 2272 67 29 dant
752 2272 90 28 would
866 2271 67 28 have
957 2273 28 25 to
1012 2276 117 27 arrange
1155 2266 67 29 with

663 2312 123 38 plaintiff
794 2312 85 26 about
893 2310 74 27 time.
1007 2308 156 36 Judgment
1176 2305 44 29 for

663 2356 113 24 amount
795 2351 68 29 with
879 2353 71 26 costs
967 2348 44 37 (£1
1032 2348 52 36 os).

806 2426 149 22 WARDEN'S
979 2424 103 21 COURT.

750 2458 3 30 '
776 2462 82 26 (Before
875 2462 89 19 Warden
979 2458 127 26 M'Carthy.)

862 2496 173 23 COMPLAINTS.

698 2531 132 28 Receiver
844 2530 28 28 of
893 2529 71 28 Gold
984 2528 129 28 Revenue
1135 2535 25 18 v.
1183 2524 35 29 R.

662 2571 31 30 F.
704 2571 90 35 Kitto,
803 2570 29 30 of
845 2570 155 29 Lowburn:
1021 2566 88 30 Claim
1122 2564 44 30 for
1180 2565 34 29 £l

665 2613 55 33 16s,
734 2615 63 24 rent
809 2611 30 28 of
851 2610 162 37 occupation
1032 2608 109 33 license,
1164 2605 53 29 No.

663 2651 132 38 87/90.—
796 2650 155 36 Judgment
975 2648 38 36 by
1039 2645 106 29 default
1175 2644 44 30 for

662 2694 113 26 amount
789 2691 66 27 with
865 2692 74 25 costs
957 2688 83 36 (15s).

699 2731 46 27 W.
779 2730 30 28 T.
844 2729 177 36 Scrimgeour
1061 2735 27 18 v.
1122 2724 28 28 J.
1183 2723 31 29 F.

662 2770 136 38 Kitching
811 2763 4 45 :
832 2767 186 31 Cancellation
1030 2765 28 30 of
1068 2763 150 30 certificate

661 2811 30 29 of
710 2811 52 37 dry
786 2819 70 25 race,
877 2807 108 39 alleged
1008 2810 29 25 to
1054 2806 69 27 have
1147 2805 69 27 been

659 2850 131 28 obtained
823 2850 36 35 by
897 2845 280 38 misrepresentation.
1181 2859 37 5 —

661 2888 158 28 Defendant
833 2886 105 35 having
950 2884 135 28 admitted
1106 2886 61 32 part
1188 2882 29 28 of

658 2925 46 27 the
718 2923 159 36 complaint,
887 2922 49 28 the
952 2921 120 28 Warden
1088 2919 126 29 declared

658 2963 60 28 that
727 2963 47 28 the
784 2962 150 29 certificate
942 2961 55 28 had
1009 2961 66 28 been
1086 2959 130 30 obtained

659 3003 36 36 by
719 3001 281 38 misrepresentation,
1021 3000 56 27 and
1098 2999 116 27 ordered

659 3043 46 29 the
720 3042 111 39 Mining
852 3041 144 39 Registrar
1018 3043 29 26 to
1068 3038 92 32 cancel
1186 3038 30 30 it.

660 3084 79 27 Costs
757 3084 46 32 (£1
825 3083 55 34 12s)
897 3092 71 17 were
982 3081 115 27 allowed
1119 3085 28 22 to
1171 3080 47 26 the

659 3121 196 38 complainant.

821 3168 107 21 SPECIAL
951 3167 106 22 CLAIMS.

694 3201 96 28 James
802 3200 117 29 Elliott:
941 3200 35 27 40
990 3208 76 19 acres
1087 3201 29 25 at
1137 3198 64 38 junc-

658 3241 58 27 tion
741 3240 28 28 of
792 3243 59 25 east
865 3239 54 28 and
943 3243 68 24 west
1031 3238 137 29 branches
1188 3238 30 28 of

657 3278 128 30 Waikaia
799 3278 259 28 River.—Ordered
1071 3281 29 25 to
1113 3278 34 28 be
1157 3287 45 17 sur-

657 3320 87 38 veyed
759 3332 7 22 ;
806 3319 66 28 final
913 3319 116 35 hearing
1061 3318 156 28 December

659 3363 95 25 Court.

695 3398 90 29 David
809 3399 37 28 H.
870 3398 124 28 Parker;
1019 3398 50 28 100
1093 3406 75 20 acres
1189 3399 28 26 at

659 3438 69 29 head
741 3439 28 28 of
784 3438 169 37 Campbell's
966 3436 90 30 Creek
1071 3436 56 30 and
1137 3437 60 37 Nug-

659 3483 66 33 gety
759 3478 91 29 Gullv.
854 3477 162 29 —Ordered
1042 3481 29 25 to
1097 3478 35 27 be
1158 3486 44 18 sur-

660 3518 85 36 veyed
760 3530 9 23 ;
811 3516 64 29 final
915 3517 118 37 hearing
1065 3516 153 28 December

661 3556 96 28 Court.

694 3596 99 28 Teviot
807 3596 75 28 G.M.
897 3596 54 28 and
967 3596 28 28 S.
1013 3595 47 29 Co.
1074 3595 56 35 (Mr
1143 3595 53 27 Bur-

659 3636 58 35 ton)
733 3646 5 16 :
760 3636 32 28 21
808 3645 86 24 acres,
908 3635 103 28 section
1025 3636 24 33 1,
1061 3634 83 28 block
1155 3643 40 18 xn
1207 3654 9 14 ,

660 3674 191 30 Whitecombe
863 3674 199 39 —Adjourned
1088 3675 41 28 till
1143 3673 68 29 20th

660 3715 165 27 November.

696 3754 94 28 James
804 3753 115 38 Rattray
935 3753 56 36 (?\Jr
1005 3753 125 35 Dalziell)
1146 3753 68 28 :80

659 3804 84 24 acres,
758 3794 103 28 section
876 3795 25 33 0,
917 3793 80 28 block
1019 3802 30 26 1.,
1070 3793 106 28 Teviot.
1179 3809 36 3 —

659 3835 38 28 To
712 3835 81 29 stand
806 3845 65 17 over
884 3834 41 28 till
939 3838 67 25 next
1022 3833 94 29 Court.

816 3882 139 18 EXTENDED
975 3882 90 19 CLAIM.

696 3912 28 29 J.
748 3911 30 29 F.
800 3908 138 41 Kitching
960 3911 55 29 and
1037 3911 92 28 others
1142 3922 6 17 :
1176 3911 38 27 At

663 3953 93 38 tipper
769 3950 309 33 Waikaia.—Granted.

696 3993 27 29 J.
750 3993 33 29 F.
809 3992 137 29 Kitchino-
973 3992 53 28 and
1052 3991 111 29 others:
1197 3991 16 28 3

659 4044 75 18 acres
749 4038 65 25 west
828 4033 75 28 bank
926 4032 96 38 Upper
1042 4031 174 29 Waikaia.—

660 4073 131 29 Granted.

733 4121 147 22 EXTENSION
901 4122 32 19 OF
953 4120 185 22 WATER-RACE.

697 4155 75 28 John
789 4154 97 36 ttwing
902 4153 57 35 (Mr
973 4153 136 35 Gilkison)
1124 4165 5 16 :
1161 4152 37 27 Ex-

663 4196 107 27 tension
784 4193 28 29 of
827 4202 60 19 race
908 4193 71 28 from
1004 4191 97 30 Teviot
1115 4191 84 28 Kiver
1209 4202 8 22 ;

662 4233 57 30 also
732 4233 44 28 for
790 4233 65 28 nine
880 4232 157 38 by-washes
1061 4231 56 28 and
1141 4230 77 29 three

664 4274 161 28 flood-races
838 4273 28 26 in
889 4272 162 28 connection
1065 4271 152 28 therewith.

664 4312 171 37 —Objected
861 4315 28 24 to
921 4312 37 34 by
989 4317 34 22 A.
1056 4310 161 33 M'Douald,

664 4356 87 23 estate
764 4351 28 28 of
808 4350 34 29 H.
864 4350 37 29 H.
923 4350 104 32 Heron,
1050 4349 55 28 and
1128 4349 25 27 Y\
1153 4348 10 15 r
1166 4370 5 7 .
1186 4348 32 29 T.

665 4391 177 37 Scrimgeour
854 4390 57 35 (Mr
921 4390 133 34 Dalziell).
1059 4388 159 29 —Granted

665 4440 34 19 on
710 4429 139 30 condition
866 4430 61 28 that
949 4440 54 26 any
1017 4428 116 38 damage
1148 4427 70 29 done

665 4474 27 25 to
705 4470 48 28 the
765 4469 65 28 land
842 4470 30 28 of
882 4470 45 27 the
938 4469 139 38 objectors
1090 4469 34 37 by
1134 4471 86 25 water

664 4510 69 28 from
764 4510 47 28 the
843 4509 135 29 extended
992 4515 5 7 '
1010 4518 62 20 race
1104 4518 30 18 or
1166 4507 34 37 by-

663 4549 104 29 washes
781 4548 69 29 shall
870 4549 35 29 be
928 4552 29 24 at,
981 4548 47 29 the
1049 4546 117 39 liability
1188 4547 30 28 of

662 4590 157 39 applicant;
839 4589 69 35 also,
920 4589 60 29 that
1003 4588 78 30 three
1103 4587 113 38 bridges

666 4631 57 27 12ft
743 4630 78 33 wide,
837 4630 64 28 with
922 4633 129 34 parapets
1073 4628 55 27 and
1153 4630 63 24 wire

663 4670 104 33 fences,
779 4669 56 28 and
847 4669 99 28 twelve
959 4668 80 28 other
1052 4666 113 39 bridges
1175 4666 42 28 Oft

665 4709 69 27 wide
746 4709 36 27 be
794 4708 177 28 constructed
982 4717 66 19 over
1057 4707 46 27 the
1114 4715 61 19 race
1189 4706 27 26 in

666 4748 44 28 Mr
733 4746 201 39 Scrimgeour's
955 4746 84 35 land;
1059 4745 61 27 that
1141 4745 76 27 three

665 4787 111 32 bridges
791 4787 42 29 Bft
854 4786 70 30 wide
944 4786 34 29 be
999 4784 176 30 constructed
1189 4784 27 28 in

727 4815 16 10 O
1190 4824 6 5 t

665 4828 45 28 Mr
722 4826 186 35 M'Uonald's,
921 4826 54 28 and
989 4830 53 24 two
1058 4825 114 36 bridges
1190 4835 27 16 in

664 4868 46 28 the
723 4866 65 28 land
802 4867 153 37 belonging
976 4871 27 22 to
1024 4865 47 27 the
1089 4868 88 24 estate
1190 4863 29 28 of

664 4908 47 28 the
731 4907 55 27 late
812 4906 37 28 H.
871 4906 36 28 H.
924 4906 113 32 Heron;
1057 4904 60 27 that
1131 4903 89 36 swing

665 4950 76 31 gates
755 4946 35 27 be
799 4945 132 36 provided
944 4948 28 24 at
982 4945 36 26 all
1028 4944 92 36 places
1130 4943 88 27 where

665 4985 92 28 fences
781 4993 76 19 cross
879 4984 48 27 the
953 4989 178 27 water-race;
1160 4982 58 27 also

665 5024 59 27 that
738 5023 140 36 applicant
891 5023 82 36 lodge
994 5022 65 27 with
1078 5022 47 26 the
1153 5023 54 25 i'ua-

664 5061 73 39 peka
752 5061 108 37 County
882 5060 115 30 Council
1018 5072 15 16 a
1056 5059 75 29 bond
1155 5059 65 28 with

666 5108 53 21 two
730 5101 115 27 sureties
856 5103 43 25 for
908 5101 87 33 £250,
1004 5110 29 17 as
1042 5111 16 15 a
1070 5103 150 33 guarantee

666 5140 59 26 that
738 5138 88 28 traffic
840 5139 68 27 shall
931 5144 48 21 not
1001 5138 83 27 suffer
1106 5138 35 35 by
1164 5138 56 26 this

665 5188 62 18 race
753 5177 84 39 being
863 5177 105 29 carried
993 5186 92 19 across
1112 5176 108 37 County

667 5218 88 28 reads.

841 5265 93 20 WATER
955 5265 90 20 RACES.

703 5297 45 28 Ah
772 5296 72 29 How
871 5297 56 37 (Mr
946 5296 117 36 Burton)
1080 5307 7 17 ;
1107 5296 17 28 3
1139 5294 83 30 heads

665 5337 71 29 from
751 5337 149 37 Boundary
911 5337 99 28 Creek.
1012 5335 172 30 —Granted.

701 5376 46 30 W.
775 5377 30 29 T.
833 5376 120 29 Bowden
967 5388 6 16 :
999 5378 18 26 4
1036 5376 86 28 heads
1150 5374 71 29 from

666 5417 115 39 Shingle
797 5417 99 30 Creek.
901 5416 219 29 —Withdrawn.

701 5457 94 29 James
828 5456 114 30 Elliott:
975 5456 35 29 20
1040 5456 84 28 heads
1150 5455 72 28 from

666 5497 86 28 .black
766 5507 32 18 or
811 5496 92 36 Gorge
919 5496 97 28 Creek.
1019 5494 171 28 —Granted.

701 5536 129 30 Pleasant
863 5536 98 38 Valley
995 5534 76 31 G.M.
1106 5533 66 31 Co.:
1206 5534 15 29 6

664 5577 86 28 heads
769 5577 73 28 from
864 5577 83 29 south
972 5576 105 29 branch
1104 5574 117 38 Shingle

664 5615 303 39 Creek.—Adjourned
988 5616 43 29 till
1045 5619 68 25 next
1126 5614 94 30 Court.

703 5656 95 30 James
809 5657 115 29 Elliott;
944 5658 35 28 20
988 5656 85 30 heads
1082 5656 71 30 from
1164 5657 57 27 east

1252 185 1 39 j
1267 187 103 29 branch
1396 187 128 28 Waikaia
1554 186 93 28 River.
1648 185 169 28 —Granted.

1302 227 36 29 H.
1356 227 71 28 Park
1444 227 58 37 (Mr
1518 226 125 36 Dalziell)
1658 238 6 16 :
1684 226 35 28 20
1733 225 84 29 heads

1263 268 70 27 from
1349 267 157 27 Tallaburn.
1509 265 171 29 —Granted.

1404 313 138 21 DREDGING
1561 313 106 21 CLAIMS.

1299 348 95 28 James
1416 346 153 29 Nicholson
1582 345 55 29 and
1651 344 93 30 others
1754 356 7 18 :
1780 344 34 29 12

1261 388 94 26 chains
1370 386 100 28 Clatlia
1492 386 91 33 River,
1598 384 145 38 including
1756 394 43 18 sec-

1260 426 57 26 tion
1339 426 45 32 86,
1411 424 82 28 block
1518 433 52 24 nr.,
1596 423 198 37 Benger.—Ob-

1257 463 92 37 jected
1363 467 27 24 to
1405 464 38 37 by
1456 463 47 28 the
1518 462 90 38 Otago
1618 462 72 28 Gold
1704 462 91 37 Dredg-

1258 503 48 37 ing
1328 502 48 29 Co.
1398 502 55 28 and
1477 503 48 27 the
1549 502 130 37 Tuapeka
1703 501 109 38 County

1259 541 315 36 Council—Adjourned
1587 541 42 26 till
1639 544 66 24 next
1717 541 95 27 Court.

1294 579 81 30 Same
1389 579 4 31 :
1424 581 16 27 8
1463 589 32 19 or
1519 581 16 27 9
1557 589 77 20 acres
1655 579 29 29 in
1711 579 101 31 Clutha

1258 621 89 32 River,
1358 621 123 26 between
1495 620 198 27 Richardson's
1702 621 55 26 and
1766 621 47 27 the

1256 657 108 28 Ectrick
1399 657 74 28 Co.'s
1505 657 305 38 claims.—adjourned

1255 697 41 28 till
1310 700 67 25 next
1392 696 94 29 Court.

1319 746 101 23 QUARTZ
1441 745 177 20 PROSPECTING
1638 746 105 20 CLAIMS.

1291 776 75 28 Win.
1381 777 37 26 H.
1434 776 79 27 Kitto
1528 776 56 36 (Mr
1598 776 117 36 Burton)
1729 788 5 15 :
1757 777 54 28 300

1253 826 18 18 x
1291 816 54 29 300
1368 816 92 38 yards,
1482 815 107 29 Greeks
1612 814 92 40 Gully,
1719 816 72 29 Baau-

1255 859 76 26 mont
1344 866 60 19 run.
1407 855 171 30 —Granted.

1291 897 98 38 Henry
1406 896 26 29 F.
1450 896 78 28 Kitto
1546 896 57 34 (Mr
1617 896 116 36 Burton)
1748 908 5 15 :
1773 897 38 27 At

1255 937 163 28 Faulkner's
1432 937 47 29 old
1493 937 149 37 workings,
1656 936 155 29 Beaumont

1255 978 233 28 run.—Granted.

1449 1024 170 21 PROTECTION.

1290 1058 81 28 Alex.
1394 1057 153 28 Kirkwood
1561 1068 5 15 :
1594 1058 16 26 3
1634 1056 111 29 months
1771 1056 44 29 for

1254 1097 80 28 claim
1349 1101 27 23 at
1391 1097 99 37 Boggy
1509 1096 99 28 Creek.
1610 1095 172 30 —Granted.

1293 1169 123 29 Norman
1426 1169 41 29 M.
1477 1168 134 38 Kircaldy
1621 1167 110 39 applied
1740 1172 28 26 to
1777 1169 34 29 be

1257 1209 151 38 registered
1437 1219 29 17 as
1498 1209 157 27 authorised
1683 1218 132 27 surveyor

1258 1248 87 28 under
1361 1249 46 26 the
1425 1247 108 35 Mining
1547 1249 62 26 Act.
1612 1247 201 38 —Adjourned

1256 1287 43 27 for
1313 1287 46 27 the
1373 1292 92 33 report
1479 1287 31 28 of
1523 1288 45 27 the
1583 1286 81 29 Chief
1675 1287 140 38 Surveyor

1256 1330 28 24 at
1303 1326 141 28 Dunedin.

1378 1405 317 49 Correspondence.

1273 1488 75 27 THE
1373 1488 149 27 MEMBER
1547 1488 75 27 FOR
1647 1488 149 27 TEVIOT

1464 1528 149 29 RIDING.

1438 1569 30 20 T.)
1482 1575 43 15 the
1540 1570 87 20 Editor.

1294 1595 57 36 Sir,
1355 1597 51 26 —I
1420 1608 43 17 am
1484 1608 66 27 very
1572 1597 81 28 much
1674 1596 139 39 surprised

1243 1636 1 39 !
1255 1640 29 25 at
1293 1637 46 28 the
1346 1636 56 29 cool
1411 1637 53 27 and
1753 1648 60 27 way

1243 1670 1 44 '
1255 1677 27 26 in
1298 1676 89 28 which
1400 1676 46 28 Mr
1467 1677 74 27 John
1563 1677 88 37 Inglis
1678 1677 134 35 (member

1255 1716 43 29 for
1310 1715 97 30 Teviot
1421 1717 101 37 riding)
1540 1716 87 29 asked
1637 1716 47 28 the
1699 1716 110 38 County

1243 1755 1 41 j
1256 1756 113 28 Council
1389 1764 29 19 at
1437 1757 47 27 the
1505 1758 52 27 last
1579 1755 99 38 sitting
1697 1755 29 28 of
1749 1756 61 27 that

1256 1797 101 38 unique
1372 1796 72 39 body
1458 1801 28 25 to
1507 1797 122 28 increase
1651 1796 49 28 the
1722 1795 89 39 salary

1243 1837 41 27 lof
1310 1838 46 26 the
1381 1842 135 32 puntman
1542 1841 29 23 at
1601 1836 106 27 Millers
1739 1835 71 28 Flat,

1243 1870 1 44 j
1256 1876 148 38 Evidently
1417 1876 43 27 Mr
1469 1876 88 38 Inglis
1566 1876 22 27 is
1599 1875 134 37 suffering
1738 1875 72 28 from

1243 1914 1 31 :
1255 1916 138 29 deviation
1419 1917 28 26 of
1475 1924 98 19 reason
1604 1914 54 28 and
1684 1924 126 18 common

1254 1956 120 38 dignity,
1387 1957 144 28 otherwise
1542 1956 75 28 there
1632 1954 81 29 could
1726 1954 36 29 be
1773 1964 35 19 no

1243 1990 1 43 j
1253 1999 134 33 apparent
1396 1996 137 34 necessity
1548 1999 28 24 to
1590 1997 111 34 prompt
1714 1994 57 27 him
1782 1997 28 25 to

1243 2032 1 40 i
1254 2034 79 29 make
1347 2036 66 28 such
1428 2046 35 17 an
1484 2033 189 39 unjustifiable
1686 2032 108 39 proposi-

1243 2075 67 28 tion
1329 2076 28 27 in
1379 2077 48 27 the
1449 2075 122 35 Council,
1585 2074 146 38 knowing,
1744 2084 30 18 as
1794 2073 15 27 I

1253 2125 124 28 presume
1403 2117 34 28 he
1463 2115 75 35 does,
1564 2115 48 28 the
1638 2113 170 38 dilapidated

1251 2156 139 28 condition
1409 2157 30 29 of
1458 2156 47 28 the
1526 2153 137 30 Council's
1676 2154 131 28 finances.

1253 2196 13 29 I
1280 2197 84 37 really
1378 2197 85 39 begin
1477 2201 27 25 to
1525 2196 82 29 think
1632 2196 61 29 that
1719 2194 90 30 whilst

1252 2237 28 26 in
1289 2247 15 16 a
1313 2241 71 24 state
1394 2239 29 26 of
1434 2236 101 28 mental
1544 2237 81 26 chaos
1638 2236 31 26 he
1678 2235 128 28 assumed

1252 2276 46 28 the
1312 2276 217 29 characteristics
1538 2274 30 29 of
1581 2275 46 28 the
1637 2274 170 35 chameleon,

1253 2326 28 17 as
1295 2317 22 25 it
1331 2326 87 19 seems
1433 2319 95 33 patent
1548 2319 28 23 to
1591 2325 44 26 my
1651 2314 83 28 belief
1747 2314 60 28 that

1253 2356 33 28 he
1308 2356 176 38 unwittingly
1498 2354 136 30 absorbed
1657 2354 42 28 his
1714 2354 92 29 colour

1252 2397 70 27 from
1336 2406 75 20 some
1426 2396 117 28 familiar
1562 2395 162 27 association
1738 2404 50 28 urg-

1252 2436 49 38 ing
1310 2437 56 28 him
1378 2440 27 25 to
1416 2446 47 19 use
1477 2436 41 28 his
1529 2434 117 29 forensic
1656 2434 148 38 eloquence

1252 2483 27 25 to
1310 2477 95 30 reflect
1430 2476 72 29 their
1528 2474 142 30 solicitude
1702 2474 28 28 in
1756 2474 47 28 the

1251 2522 99 26 matter
1358 2518 28 27 in
1397 2517 47 27 the
1456 2516 109 36 County
1576 2514 121 29 Council.
1724 2513 79 36 Now,

1250 2560 27 28 in
1297 2558 82 29 order
1399 2559 29 26 to
1451 2556 77 38 point
1551 2557 47 26 out
1624 2554 46 28 Mr
1691 2554 112 38 Inglis's

1251 2603 70 27 most
1334 2597 124 39 singular
1470 2596 202 36 inconsistency
1698 2595 30 27 in
1748 2594 54 29 this

1249 2643 108 31 matter,
1371 2638 38 29 let
1420 2647 43 18 me
1477 2636 49 28 ask
1538 2636 57 28 him
1605 2644 51 19 one
1665 2635 136 37 question,

1248 2680 29 28 Is
1290 2680 23 27 it
1326 2681 48 26 not
1388 2688 16 18 a
1416 2677 58 28 fact
1486 2676 61 28 that
1569 2686 16 17 a
1598 2674 103 28 similar
1714 2674 73 37 appli-

1248 2719 90 29 cation
1351 2728 55 17 was
1418 2716 79 28 made
1508 2718 28 26 to
1547 2715 47 28 the
1604 2713 114 29 Council
1726 2723 76 19 some

1247 2759 66 28 time
1326 2768 54 28 ago
1394 2756 37 37 by
1444 2755 47 28 the
1510 2756 112 36 present
1642 2752 159 38 puntman's

1246 2799 177 38 predecessor
1432 2795 42 28 for
1482 2805 35 17 an
1526 2794 121 29 increase
1655 2792 30 29 of
1695 2792 106 37 wages?

1246 2840 43 28 On
1315 2839 46 28 the
1388 2835 125 30 occasion
1538 2832 122 30 referred
1674 2836 37 31 to,
1726 2833 73 28 what

1246 2879 47 28 did
1303 2878 45 28 Mr
1359 2876 89 38 Inglis
1463 2885 45 25 say
1523 2874 28 27 in
1565 2874 42 28 his
1621 2874 77 35 place
1712 2873 28 28 in
1755 2873 45 28 the

1246 2916 113 30 Council
1372 2916 29 27 in
1421 2914 100 37 regard
1544 2916 29 26 to
1595 2913 61 27 that
1680 2912 105 38 applica-

1245 2958 57 27 tion
1314 2957 12 28 ?
1369 2954 80 35 Well,
1464 2953 53 34 Sir,
1531 2952 14 29 I
1559 2953 82 38 glean
1660 2952 73 29 from
1753 2953 46 29 the

1247 2996 138 28 Council's
1405 2992 182 39 proceedings
1610 3003 31 16 as
1663 2993 136 36 reported,

1246 3036 60 29 that
1314 3035 34 29 he
1357 3031 148 41 expressed
1514 3031 110 30 himself
1632 3031 76 41 thus:

1246 3076 161 28 considered
1430 3074 47 26 the
1500 3077 134 32 puntman
1655 3083 54 17 was
1732 3083 67 26 very

1246 3115 59 27 well
1316 3112 64 40 paid
1404 3113 42 27 for
1470 3112 40 26 his
1531 3112 126 34 services,
1670 3112 56 27 and
1739 3112 61 28 that

1245 3154 23 29 if
1280 3155 35 27 he
1329 3154 47 28 did
1390 3156 48 26 not
1451 3151 56 28 like
1524 3154 28 25 to
1574 3161 83 27 agree
1679 3154 29 26 to
1721 3152 76 28 work

1246 3195 47 27 the
1306 3198 70 33 punt
1389 3193 43 28 for
1452 3192 48 27 the
1521 3191 149 36 stipulated
1692 3195 59 25 rate
1771 3191 30 29 of

1247 3244 91 27 wages
1352 3234 33 28 he
1399 3231 80 30 could
1497 3231 76 29 leave
1586 3234 28 25 at
1627 3241 15 18 a
1656 3232 144 28 moment's

1246 3273 88 29 notice
1343 3272 55 28 and
1407 3271 63 28 look
1482 3271 42 26 for
1534 3270 77 27 work

1247 3313 122 38 Perhaps
1381 3311 47 29 Mr
1441 3310 74 29 John
1539 3309 88 39 Inglis
1649 3311 56 28 will
1728 3311 71 38 deny

1245 3354 65 34 this,
1336 3354 50 26 but
1412 3353 70 27 facts
1503 3360 45 17 are
1574 3361 66 28 very
1666 3352 134 28 stubborn

1246 3393 83 29 chiels
1352 3396 28 24 to
1401 3392 73 28 twist
1487 3391 85 27 about
1585 3394 29 24 at
1627 3391 76 29 one's
1718 3395 83 25 sweet

1246 3433 62 28 will.
1350 3432 57 29 Can
1421 3431 87 29 either
1528 3430 45 29 Mr
1594 3431 88 37 Inglis
1705 3442 31 18 or
1758 3433 43 28 his

1246 3475 16 12 ,f
1275 3472 89 28 friend
1378 3471 176 38 philosopher
1563 3471 55 28 and
1754 3473 47 28 the

1274 3512 74 28 Lord
1570 3510 29 28 of
1620 3511 46 28 the
1691 3509 109 40 County

1247 3552 113 28 Council
1375 3561 84 27 prove
1472 3553 28 25 to
1514 3549 47 29 the
1576 3551 171 29 satisfaction
1772 3553 29 27 of

1246 3592 45 27 the
1313 3594 157 34 ratepayers
1495 3588 30 28 of
1547 3590 47 27 the
1616 3589 110 39 County
1740 3592 61 27 that

1246 3631 46 27 the
1306 3630 89 28 duties
1409 3627 126 40 required
1551 3633 28 23 to
1593 3630 35 27 be
1641 3631 156 36 performed

1246 3671 36 37 by
1296 3670 47 29 the
1366 3673 111 34 present
1500 3672 134 34 puntman
1656 3680 46 19 are
1725 3680 75 19 more

1246 3720 114 17 onerous
1376 3710 65 27 than
1456 3718 70 18 were
1538 3709 79 29 those
1627 3710 122 37 imposed
1763 3720 35 19 on

1245 3749 41 28 his
1319 3749 185 37 predecessor,
1538 3758 30 18 or
1614 3749 185 28 demonstrate

1246 3798 73 18 more
1331 3788 127 38 logically
1470 3787 47 28 the
1527 3789 125 28 absolute
1663 3789 136 37 necessity

1244 3829 28 29 of
1286 3828 156 39 increasing
1457 3828 45 29 the
1515 3833 110 34 present
1639 3827 159 41 puntman's

1245 3879 90 25 wages
1351 3869 11 26 ?
1414 3869 13 26 I
1468 3879 50 16 can
1556 3880 84 24 prove
1677 3871 38 35 by
1753 3871 46 25 the

1243 3907 135 27 infallible
1392 3907 57 27 rule
1463 3907 29 27 of
1505 3908 158 34 deduction,
1681 3918 29 18 as
1724 3917 60 18 care-

1244 3946 68 38 fully
1334 3947 116 29 collated
1472 3946 71 31 from
1564 3948 47 29 the
1634 3947 166 30 chairman's

1244 3988 54 27 and
1314 3987 109 37 County
1437 3988 100 27 clerk's
1552 3992 156 31 statement,
1729 3989 70 27 from

1246 4028 88 28 which
1349 4028 13 27 I
1373 4038 43 18 am
1428 4028 134 37 prepared
1574 4031 27 26 to
1612 4029 124 28 subtract
1747 4028 53 29 and

1246 4069 74 27 show
1334 4067 126 37 tangible
1474 4078 110 17 reasons
1602 4068 60 27 that
1675 4069 22 26 it
1711 4068 90 28 would

1246 4109 34 28 be
1309 4107 108 39 grossly
1450 4111 28 24 at
1503 4107 126 29 variance
1656 4108 68 29 with
1752 4108 47 28 the

1248 4149 97 27 honest
1359 4148 220 28 administration
1592 4149 29 28 of
1630 4149 47 28 the
1692 4148 108 34 County

1247 4187 83 28 funds
1363 4190 27 25 to
1420 4186 121 30 increase
1568 4188 46 28 the
1640 4187 159 39 puntman's

1249 4236 99 28 wages,
1376 4226 28 28 in
1430 4227 46 28 the
1503 4227 60 29 face
1594 4227 29 28 of
1651 4228 47 28 the
1724 4228 77 38 large

1247 4270 113 25 amount
1385 4266 28 28 of
1439 4267 47 28 the
1508 4268 167 37 ratepayers'
1700 4277 99 27 money

1247 4306 125 28 frittered
1379 4316 75 26 away
1462 4311 27 24 to
1498 4317 35 18 no
1543 4306 129 38 practical
1682 4316 118 28 purpose

1246 4346 28 27 in
1294 4345 162 29 connection
1481 4346 66 27 with
1564 4345 48 28 the
1631 4346 99 37 bridge
1750 4346 51 27 site

1246 4386 54 26 and
1316 4385 104 27 Millers
1429 4384 62 28 Flat
1501 4388 79 34 punt.
1620 4385 78 28 More
1708 4395 36 17 on
1754 4385 47 27 the

1246 4424 107 39 subject
1362 4434 75 19 some
1446 4424 79 30 other
1536 4424 129 30 time.—l
1674 4434 53 25 am,
1737 4427 63 33 etc.,

1637 4464 129 29 Moalan.

1284 4505 104 29 Millers
1402 4505 72 33 Flat,
1491 4505 65 29 13th
1570 4504 72 34 Oct.,
1659 4504 78 29 1896.

2007 190 235 46 Commercial.

1884 281 121 38 Dalgety
2018 278 55 29 and
2092 277 49 28 Co.
2157 278 87 40 (Ltd.)
2265 283 92 34 report
2370 290 28 18 as

1846 321 122 30 follows:
1972 337 36 4 —

1882 361 170 27 Wool—The
2066 357 59 28 sales
2139 362 25 25 in
2186 360 105 28 London
2314 360 82 27 closed

1845 408 31 16 on
1891 399 42 25 the
1948 397 58 27 16rh
2033 397 66 28 inst.,
2120 398 49 26 and
2193 399 40 25 the
2256 398 90 26 results
2369 406 26 16 as

1844 434 131 35 compared
2002 432 58 26 with
2092 431 39 25 the
2163 433 143 36 June-July
2332 433 62 26 salts

1844 471 67 27 show
1924 469 102 28 scoured
2041 467 93 28 merino
2148 469 49 28 and
2220 470 49 27 fine
2295 469 98 27 washed

1843 509 48 26 and
1905 507 102 28 scoured
2022 514 66 19 cross
2100 505 58 29 bred
2181 514 24 19 to
2219 507 28 28 be
2269 507 34 35 fd
2323 513 24 20 to
2362 506 30 27 Id

1843 545 82 30 lower,
1948 544 49 26 ani
2019 551 86 25 greasj
2128 545 93 25 merino
2244 545 48 25 and
2314 552 66 18 cross-

1844 581 57 28 bred
1924 591 43 26 par
1981 585 24 23 to
2081 578 80 30 lower.
2198 580 102 37 Locally
2325 580 69 28 there

1843 620 20 25 is
1877 620 109 32 nothing
2000 619 83 33 doing.

1876 654 274 35 Sheepskins.—There
2174 664 50 17 was
2249 664 13 17 a
2285 654 44 27 full
2355 659 25 21 at-

1843 691 121 28 tendance
1978 690 27 29 of
2015 691 88 36 buyers
2115 698 24 21 at
2153 702 45 16 our
2211 691 50 28 sale
2273 702 30 17 on
2315 691 62 27 Tues-

1842 730 55 35 day,
1922 730 70 26 when
2024 738 35 18 we
2088 729 90 27 offered
2192 740 13 16 a
2231 730 72 36 fairly
2326 730 66 34 large

1841 767 130 33 catalogue
1986 766 26 26 of
2020 766 43 33 dry
2088 768 76 24 skins.
2205 766 112 35 Bidding
2342 776 51 16 was

1843 803 65 26 brisk
1932 803 49 26 and
2001 802 65 35 good
2089 804 76 35 prices
2190 803 114 33 realized,
2327 812 67 18 more

1842 840 160 36 particularly
2028 840 37 27 for
2096 841 38 26 the
2155 841 79 26 better
2256 841 90 27 classes
2369 841 27 26 of

1841 878 70 26 skins
1924 877 29 27 fit
1967 879 35 25 for
2016 879 130 34 shipment.
2186 879 59 26 B-iSt
2268 879 46 34 dry
2335 878 46 26 full-

1844 915 101 27 woolled
1972 916 146 31 crossbreds,
2185 916 9 27 i
2226 923 24 20 to
2284 916 49 32 6d;
2361 916 31 26 do

1844 953 113 32 merinos,
1979 953 33 27 4d
2035 959 24 21 to
2082 952 63 37 4|d;
2167 954 31 26 do
2220 961 69 21 extra
2313 954 79 33 heavy

1845 990 94 31 wolled,
1955 997 23 18 to
2000 991 32 25 5d
2044 1001 5 21 ;
2070 991 94 26 shorter
2186 992 103 25 wooiled
2314 999 66 18 cross-

1844 1025 78 34 breds,
1937 1026 32 26 4d
1981 1032 24 21 to
2025 1027 31 26 5d
2070 1036 6 26 ;
2105 1027 29 26 do
2160 1028 115 33 merinos,
2298 1026 49 29 2M
2371 1032 24 21 to

1844 1062 59 34 3§d.

1878 1100 299 28 Rabbitskins.—Values
2202 1101 37 27 for
2265 1101 30 27 all
2329 1101 66 32 good

1844 1136 69 28 skins
1927 1147 40 18 are
1988 1137 53 28 firm
2064 1139 47 26 and
2136 1139 78 34 prices
2235 1137 160 27 maintained.

1845 1175 59 26 Low
1938 1175 122 37 qualities,
2094 1184 119 19 summers
2247 1175 48 25 ?nd
2320 1173 72 35 badly

1845 1213 97 30 spotted
1957 1213 67 25 skins
2038 1222 40 16 are
2098 1211 192 35 comparatively
2310 1211 83 34 cheap.

1845 1248 136 33 Quotation
1993 1259 5 17 :
2011 1249 57 27 Best
2091 1250 85 26 winter
2189 1249 65 32 does,
2283 1247 64 37 12fd
2374 1255 22 19 to

1847 1286 64 32 13d;
1930 1286 53 27 best
2006 1287 88 25 winter
2112 1286 85 32 bucks,
2219 1285 47 36 11}
2281 1292 24 20 to
2330 1285 64 33 12d;

1845 1324 108 34 springs,
2016 1328 26 21 to
2052 1323 61 36 llfd
2124 1333 7 23 ;
2141 1323 37 26 off
2185 1332 94 18 season.
2289 1325 107 33 springs,

1846 1366 55 27 etc,
1916 1361 30 26 Gd
1967 1368 25 19 to
2012 1360 48 36 9d;
2089 1370 107 18 summer
2216 1361 48 28 and
2288 1361 108 33 inferior,

1849 1398 47 28 Hd
1911 1405 25 19 to
1948 1399 43 26 sd.

1884 1434 79 27 Hides
1978 1444 39 16 are
2037 1436 24 25 in
2076 1436 63 35 good
2152 1436 106 26 demand
2272 1441 24 21 at
2312 1442 71 30 quota-

1848 1473 73 29 tions,
1937 1472 79 27 which
2031 1482 48 23 are,
2096 1473 34 26 for
2224 1473 77 34 heavy
2316 1483 38 18 ox,
2366 1473 31 26 3d

1848 1514 24 20 to
1886 1508 48 27 3£d
1948 1519 6 23 ;
1977 1509 107 26 medium
2106 1516 22 20 to
2152 1511 73 34 good.
2239 1510 32 25 2d
2294 1516 24 19 to
2333 1509 48 35 2|d
2393 1520 5 22 ;

1846 1545 100 27 inferior
1956 1546 49 26 and
2019 1547 73 33 light,
2149 1551 7 21 i
2172 1554 23 19 to
2214 1547 52 35 lfd.

1880 1583 166 27 Tallow.—A
2060 1584 63 36 good
2145 1584 105 27 demand
2273 1584 76 26 exists
2363 1583 35 26 for

1844 1619 32 27 all
1890 1619 171 33 descriptions
2077 1621 47 27 and
2138 1631 31 16 no
2189 1620 121 36 difficulty
2322 1622 20 25 is
2355 1630 28 17 ex-

1844 1658 127 33 perienced
1986 1659 25 25 in
2026 1659 99 33 placing
2136 1658 30 26 all
2179 1665 105 28 country
2296 1659 94 33 parcels

1846 1694 45 26 We
1906 1701 75 30 quote
1993 1704 5 17 :
2015 1694 60 27 Best
2085 1695 117 26 rendered
2218 1695 80 26 tallow
2310 1696 24 25 in
2350 1695 48 26 tins

1842 1731 49 26 and
1905 1734 92 29 drums,
2021 1733 43 25 14s
2085 1739 24 20 to
2129 1733 61 33 15s;
2220 1732 107 26 medium
2349 1734 48 24 and

1842 1768 109 32 inferior,
1967 1770 44 25 lis
2027 1775 24 19 to
2067 1770 59 32 13s;
2145 1768 53 27 best
2221 1773 98 22 mutton
2343 1769 54 25 caul

1842 1805 42 33 fat,
1910 1807 43 26 lis
1976 1812 25 21 to
2028 1807 43 26 lis
2094 1807 31 28 6d
2138 1817 7 24 ;
2174 1807 80 26 mixed
2279 1807 41 33 fat,
2332 1807 29 26 9s
2376 1813 22 19 to

1845 1843 43 25 10s
1911 1844 40 24 6d.

180 99 168 48 Friday,
373 96 167 38 October
562 95 68 43 30,
655 94 120 40 1895.

1804 87 198 39 MOUNT
2089 83 226 40 BEKGEE
2402 84 155 39 MAIL.

1278 4569 119 29 Certainly
1416 4571 40 22 the
1484 4570 52 22 best
1550 4568 114 24 medicine
1678 4567 86 24 known
1781 4565 20 26 is

1250 4612 6 4 ~
1265 4603 74 24 ander
1351 4604 17 23 &
1384 4603 60 22 Sons
1468 4601 64 24 Euca
1543 4601 51 31 ypti
1605 4601 108 26 Extract,
1745 4600 56 24 Test

1249 4638 28 21 its
1290 4636 132 28 eminently
1435 4634 114 31 powerful
1564 4634 81 23 effects
1661 4634 23 22 in
1701 4632 96 30 coughs,

1248 4667 73 28 colds,
1328 4667 127 27 inflncnza;
1467 4667 38 22 the
1515 4665 73 24 relief
1596 4665 20 23 is
1628 4666 162 23 instataneous

1251 4699 25 24 tn
1287 4707 25 16 se
1315 4707 9 10 r
1327 4700 51 22 ious
1390 4706 64 16 cases
1465 4696 4 27 ;
1478 4698 31 23 nd
1524 4697 118 24 accidents
1656 4698 24 22 of
1688 4697 30 23 all
1729 4696 71 25 kinds

1249 4732 27 22 be
1286 4732 57 27 they
1355 4730 107 28 wounds,
1472 4730 80 29 hums,
1566 4729 128 29 scaldings,
1707 4728 93 29 sprains

1249 4768 16 19 it
1281 4763 18 23 is
1316 4762 40 24 the
1366 4762 73 24 safest
1593 4768 29 16 no
1636 4759 162 31 swelling-in

1249 4796 40 24 infl
1297 4796 132 23 iramation,
1463 4793 58 24 Like
1534 4792 134 32 surprising
1682 4791 83 26 effests
1776 4794 22 23 in

1248 4836 80 21 croup,
1357 4827 119 30 diptheria
1514 4826 130 23 bronchitis
1662 4824 136 25 inflammas

1249 4861 47 22 tion
1309 4860 24 23 of
1344 4860 41 23 the
1398 4860 75 28 lungs,
1486 4859 119 29 swellings
1619 4862 49 21 etc;
1679 4857 119 24 diarrhoea

1249 4893 119 28 dvsentry,
1385 4892 111 22 deseases
1509 4890 27 23 of
1547 4890 101 29 kidneys
1661 4888 48 25 and
1735 4888 50 25 urin-

1249 4932 40 22 ary
1300 4931 96 22 organs.
1431 4922 27 24 In
1472 4930 41 16 use
1526 4926 24 20 at
1567 4922 31 24 all
1612 4920 117 32 hospitals
1751 4921 46 25 and

1249 4956 99 23 medical
1361 4955 81 23 clinics
1455 4954 31 23 all
1498 4962 55 15 over
1566 4954 40 23 the
1618 4954 78 30 globe,
1712 4959 84 25 patron

1249 4987 49 25 ised
1312 4988 30 27 by
1356 4987 35 23 his
1412 4986 102 29 Majesty
1542 4987 41 23 the
1599 4984 64 31 King
1692 4986 24 24 of
1735 4986 61 31 Italy

1250 5019 108 25 crowned
1376 5019 56 22 with
1443 5018 78 23 medal
1534 5019 48 23 and
1597 5018 106 30 diploma
1714 5023 23 19 at
1759 5019 39 24 the

1253 5051 171 24 International
1438 5050 77 23 Exhib
1519 5050 3 25 ;
1526 5051 50 23 tion
1594 5054 24 20 at
1642 5051 153 23 Amsterdam

1252 5085 69 22 Trust
1336 5084 23 23 in
1377 5084 39 23 the
1432 5083 122 30 approved
1568 5082 83 25 article
1668 5081 46 25 and
1723 5082 73 32 reject

1251 5115 33 23 all
1297 5116 89 21 others.

1282 5145 145 29 Holloway's
1460 5145 126 23 Ointment
1620 5145 49 23 and
1700 5144 101 24 Pills.—

1253 5177 85 24 Whilst
1369 5178 41 23 the
1437 5177 147 24 inhabitants
1606 5176 24 24 of
1658 5183 42 18 our
1735 5179 67 28 great

1251 5211 66 24 cities
1342 5210 71 25 suffer
1445 5210 59 24 from
1529 5209 42 24 the
1593 5208 83 26 effects
1697 5209 29 24 of
1744 5217 57 17 over

1251 5244 122 27 crowding
1383 5243 47 23 and
1442 5243 32 22 all
1485 5243 7 21 i
1496 5247 7 10 f
1507 5250 11 14 s
1528 5242 126 23 attendant
1665 5242 68 24 evils,
1743 5242 58 24 both

1262 5275 106 31 physical
1382 5275 45 23 and
1442 5273 82 30 moral,
1534 5273 41 23 ihe
1587 5280 64 17 more
1669 5273 82 25 robust
1771 5282 30 15 an

1251 5309 119 27 energetic
1388 5309 120 28 emigrant
1525 5305 47 24 will
1589 5305 25 23 in
1638 5305 38 25 hi*
1704 5311 55 19 turn
1775 5307 28 23 be

1253 5340 59 24 iaMe
1324 5343 24 20 to
1364 5339 71 24 suffer
1448 5339 22 22 in
1486 5338 36 23 his
1535 5346 51 15 new
1602 5338 71 24 home
1686 5338 61 23 from
1763 5337 41 26 the

1254 5378 58 18 want
1322 5373 24 23 cf
1361 5372 72 29 ready
1446 5370 54 24 skill
1511 5370 46 23 and
1571 5369 40 25 the
1623 5372 68 28 great
1702 5370 102 25 medical

1253 5412 120 17 resources
1397 5405 25 23 of
1439 5405 37 22 his
1495 5403 79 24 native
1594 5402 57 24 laud
1669 5401 89 33 always
1780 5408 24 19 at

1253 5438 134 24 command.
1420 5436 50 23 The
1485 5434 52 25 be3t
1549 5434 85 25 advice
1648 5442 13 16 a
1672 5435 78 24 triend
1761 5443 43 17 can

1253 5471 53 29 give
1324 5471 21 23 is
1358 5471 34 23 for
1402 5469 48 25 him
1463 5472 23 20 to
1500 5466 55 24 take
1573 5474 12 16 a
1600 5467 88 31 suppiy
1699 5467 25 24 of
1740 5468 65 24 these

1253 5503 50 24 well
1317 5502 87 23 known
1415 5500 114 24 remedies
1546 5506 25 15 as
1585 5502 52 26 part
1648 5499 24 22 of
1684 5499 36 24 his
1735 5499 70 23 outfit

1253 5534 35 26 for
1313 5535 31 32 by
1362 5532 117 28 attention
1515 5534 41 22 the
1566 5529 75 32 easily
1663 5530 142 26 understood

1253 5569 46 24 and
1312 5573 40 26 jet
1373 5568 78 28 ample
1474 5563 130 26 directions
1617 5563 77 25 which
1712 5572 78 17 accom-

1252 5608 61 23 pany
1326 5600 56 25 each
1396 5600 43 23 box
1454 5597 47 25 and
1515 5600 41 26 pot
1571 5596 30 23 he
1620 5595 49 24 will
1691 5604 73 17 never
1776 5598 29 23 be

1251 5638 24 19 at
1285 5633 63 24 fault
1371 5633 70 22 when
1462 5629 72 26 taken
1551 5628 25 24 ill
1599 5636 26 16 ov
1650 5629 78 25 under
1746 5629 59 32 j[any

1251 5665 99 27 adverse
1367 5664 107 28 sanitary
1486 5659 139 28 conditions
1641 5661 26 25 ol
1693 5661 52 27 life.

1839 1933 94 51 W,
2007 1931 60 66 J.
2129 1930 265 62 Martin,

1845 2017 288 30 WATCHMAKER
2148 2016 23 28 &
2185 2016 209 28 JEWELLER

1935 2069 71 29 Ross
2027 2069 96 34 Pi,ace,
2145 2067 163 30 Lawrence.

1841 2150 141 35 Watches,
2005 2149 101 29 Clocks
2126 2148 54 28 and
2202 2148 146 37 Jewellery
2368 2148 28 29 of

1885 2191 36 28 all
1936 2189 183 39 descriptions
2132 2188 69 39 kepi
2213 2189 28 28 in
2256 2188 95 30 Stock.

1857 2241 70 28 Nice
1942 2240 139 28 Selection
2095 2240 27 27 of
2143 2240 77 34 Gem,
2234 2239 144 38 Wedding

1971 2282 54 26 and
2041 2279 109 39 Keeper
2164 2279 98 38 Rings.

1837 2360 19 20 A
1870 2359 107 21 CHOICE
1999 2358 183 22 ASSORTMENT
2204 2358 35 21 OF
2258 2358 137 21 ARTICLES

1863 2392 140 20 SUITABLE
2015 2392 56 19 FOR
2086 2391 140 20 WEDDING
2238 2390 149 21 PKESENTS.

1892 2458 156 40 Spectacles
2061 2462 28 24 to
2105 2458 60 28 Suit
2180 2458 36 28 all
2232 2458 105 38 Sights.

1852 2539 105 29 Watch
1988 2547 56 19 and
2078 2537 89 29 Clock
2206 2537 118 29 Repairs
2357 2546 18 19 a

2037 2578 157 30 Specialty.

1832 2659 114 38 Repairs
1959 2669 31 17 or
2004 2657 101 29 Orders
2124 2657 71 28 from
2212 2657 46 29 the
2272 2660 119 35 country

1880 2700 37 37 by
1940 2702 62 34 post
2025 2698 55 27 will
2103 2697 105 28 receive
2233 2700 112 35 prompt

2035 2737 146 27 attention.

1832 2812 188 59 rpEVIOT
2079 2810 310 31 DISPENSARY.

1928 2904 47 37 F.
2021 2902 265 43 JEFFREY,

1830 2961 132 27 CHEMIST,
1979 2961 189 23 BOOKSELLER,
2183 2959 204 27 TOBACCONIST,

1896 2994 82 21 NEWS
1992 2994 102 25 AGENT,
2110 2994 162 23 STATIONER,
2288 2993 36 20 kc.

1832 3074 129 28 FANCY
1992 3074 124 27 GOODS
2147 3074 55 26 and
2235 3071 150 28 PATENT

1893 3118 215 29 MEDICINES
2128 3118 29 28 of
2178 3118 35 28 all
2235 3117 94 28 kinds.

2014 3210 97 21 AGENT
2129 3206 80 24 FOR—

1833 3251 125 28 Dresden
1973 3250 85 28 Piano
2073 3249 48 28 Co.

1830 3290 91 30 North
1928 3289 171 38 Queensland
2109 3288 61 29 Fire
2176 3287 151 29 Insurance
2337 3285 47 31 Co.

1833 3331 107 36 Raglan
1955 3330 134 35 Bicycles.

1844 3405 38 27 I)
1913 3404 19 24 0
1959 3403 19 24 B
2007 3403 20 24 E
2055 3403 22 24 R
2105 3403 19 23 T
2190 3402 32 24 iV
2253 3402 22 24 K
2309 3405 20 22 A
2358 3401 29 26 Y.

1881 3470 122 24 General
2032 3469 196 25 I'raphb

1957 3511 60 23 Ross
2042 3511 67 23 Plate
2133 3510 130 24 Lawrence.

1895 3577 57 23 New
1972 3576 46 23 and
2039 3574 156 22 Fashionable
2221 3574 105 29 Drapery

1863 3608 78 30 Large
1954 3609 63 22 stock
2035 3606 78 26 Men's
2126 3607 45 22 and
2188 3607 44 28 1;0>
2239 3614 10 14 a
2260 3605 110 31 Clothing

1894 3640 86 23 Ladies
1995 3640 47 23 ai.d
2055 3645 8 16 v
2075 3639 104 23 hildrens
2191 3640 132 29 requisites.

1861 3684 75 24 Visits
1965 3683 133 30 Roxburgh
2141 3683 46 23 ani
2224 3681 162 32 surrounding

1833 3718 102 23 districts
1949 3717 107 27 monthly

1834 3807 128 57 JJER
1978 3805 59 29 BE
2053 3805 23 28 R
2090 3805 23 28 T
2159 3804 102 29 AND
2311 3803 76 37 CO.,

2024 3873 168 19 LAWRENCE.

1989 3962 152 28 Importers
2161 3969 31 20 of
2194 3978 36 4 —

1830 4009 202 38 Ironmongery

1920 4054 189 38 Agricultural
2133 4054 182 36 Implements

2096 4098 188 38 Agricultural
2303 4097 86 30 fceeds

2009 4156 214 30 GROCERIES

1855 4215 97 29 TEAS
2066 4214 95 28 TEAS
2275 4211 98 29 TEAS

1840 4261 128 38 (Ceylon)
2059 4261 121 36 (Indian)
2268 4259 121 36 (China.)

1834 4347 189 69 JOHNS
2063 4346 33 37 &
2133 4344 255 42 M'COMBE,

1832 4428 132 22 GROCERS
1979 4428 62 21 AND
2059 4427 135 22 GENERAL
2208 4425 180 25 MERCHANTS,

1974 4477 159 28 MILLEHS
2152 4477 97 27 FLAT.

1867 4556 59 29 The
1964 4556 104 38 largest
2099 4555 55 28 and
2187 4553 199 30 best-assorted

1831 4597 86 29 Stock
1931 4597 29 29 of
1974 4595 117 30 General
2106 4594 91 30 Goods
2217 4595 28 28 in
2267 4604 55 28 any
2336 4604 33 28 up-

1829 4640 116 35 country
1960 4641 74 24 store
2046 4637 29 27 in
2089 4637 99 34 Otago.

1867 4676 141 29 Groceries
2032 4675 56 29 and
2111 4675 155 29 Provisions
2286 4675 29 28 of
2336 4675 49 29 the

1831 4715 61 28 best
1902 4716 83 27 kinds
1998 4718 29 25 at
2037 4718 72 25 most
2118 4715 157 28 reasonable
2286 4715 96 36 prices.

1866 4753 149 39 Crockery,
2049 4753 160 37 Glassware,
2237 4753 127 29 Ironmon-

1828 4805 79 28 gery,
1921 4795 94 35 Boots,
2030 4795 96 33 Shoes,
2141 4793 48 30 &c.

1866 4835 159 28 Customers
2039 4835 97 28 waited
2150 4845 35 18 on
2199 4835 28 28 in
2248 4835 35 27 all
2307 4838 77 35 parts

1828 4874 29 29 of
1869 4874 47 29 the
1934 4874 118 29 district.

2030 4950 156 22 AGENCIES;

1830 4989 176 29 Manchester
2019 4988 64 29 Fire
2096 4988 148 30 Insurance
2260 4989 48 30 Co.

1829 5029 160 27 Australian
1999 5028 108 28 Mutual
2116 5028 148 29 Provident
2275 5029 112 37 Society

1830 5097 210 51 yiCTORIA
2058 5097 144 30 LIVERY
2217 5100 170 28 STABLES

1921 5162 73 22 PEEL
2005 5162 114 26 STREET,
2134 5162 168 23 LAWRENCE,

1832 5229 36 43 T.
1896 5231 120 50 Dwyer
2062 5241 7 29 :
2117 5240 7 30 :
2179 5232 206 50 Proprietor.

1870 5317 59 28 The
1941 5326 68 28 very
2021 5317 63 27 best
2098 5315 128 40 Stabling
2242 5317 145 39 provided,

1832 5356 68 29 with
1912 5366 16 19 a
1943 5355 101 30 Groom
2057 5354 100 38 always
2171 5356 28 28 in
2212 5358 175 28 attendance.

1835 5437 26 27 A
1884 5436 161 29 Handsome
2070 5435 55 27 and
2152 5435 238 41 Well-appointed

1934 5486 155 34 Hearse
2113 5495 51 25 on
2192 5487 104 36 Hire.

1874 5573 160 27 First-class
2067 5571 94 38 Single
2193 5575 55 28 and
2281 5575 109 29 Double

1836 5611 141 38 Buggies;
1998 5611 67 34 also,
2081 5610 107 32 Ladies'
2202 5614 55 30 and
2277 5614 98 30 Gentle-

1837 5651 87 28 men's
1938 5650 103 30 Saddle
2055 5650 105 30 Horses
2162 5673 8 8 r

2620 177 241 58 SCRAP
2914 177 206 57 BOOK
3172 177 205 57 ITE\I.

2516 277 226 31 SOMETHING
2762 277 76 28 FOR
2855 278 82 28 YOU
2957 277 82 29 AND
3059 277 76 29 THE
3156 277 131 29 OTHER
3307 276 164 29 PARTY—

2484 355 258 35 RESS-STUFFS,
2765 355 101 36 Prints,
2887 355 100 30 Blouse
3007 356 128 36 Muslins,
3155 356 55 29 and
3231 355 125 29 Sateens.

2497 423 89 28 Novel
2600 423 55 27 and
2667 432 61 17 new
2741 421 75 28 ideas
2830 421 29 27 in
2877 421 89 27 Prints
2978 422 55 27 and
3048 421 136 28 Galateas.

2497 462 72 28 Hats
2582 462 55 27 and
2651 461 71 28 Hats
2791 459 163 28 Something
2974 469 31 19 to
3027 460 87 28 Stare

2498 502 102 29 Orders
2615 503 36 36 by
2664 502 68 28 Post
2744 499 89 30 afford
2848 501 46 28 the
2908 500 163 29 Advertiser
3084 499 187 38 unspeakable
3282 499 118 39 delight.
3440 498 112 29 There's

2420 552 36 18 an
2469 543 177 26 unutterable
2659 542 126 32 pleasure
2798 540 29 26 in
2840 539 109 37 tearing
2960 549 71 27 open
3044 539 46 27 the
3101 539 132 37 envelope
3243 539 162 35 containing
3414 548 35 17 an
3462 539 93 27 order.

2497 581 57 30 The
2568 581 121 30 author's
2703 579 92 40 object
2808 579 28 29 in
2850 579 84 39 being
2947 579 28 28 in
2991 578 125 29 business
3130 578 22 29 is
3167 581 27 26 to
3208 578 35 29 do
3257 578 82 29 much
3353 576 43 31 for
3408 587 63 29 you,
3489 577 64 37 and,

2422 633 99 18 excuse
2535 633 53 23 me,
2605 622 159 36 something
2777 621 43 28 for
2834 620 119 29 himself.

2650 712 99 71 m.
2838 709 493 84 DIMA.NT,

2571 815 102 31 CASH
2693 814 164 36 DRAPER,
2880 813 203 37 CLOTHIER,
3102 814 82 29 AND
3205 814 209 30 IMPORTER.

2809 866 71 29 Ross
2901 865 97 37 Place,
3019 866 163 30 Lawrence.

2930 966 231 36 WHAT'S
3228 967 183 37 THIS?

2780 1063 170 54 COLONIAL
2964 1063 190 27 Tweed—Mosgiel,
3168 1065 95 26 Kaiapoi,
3274 1065 39 20 and
3325 1064 201 26 Roslyn—Trousers
3537 1065 22 19 to

2849 1097 98 18 measure,
2958 1090 52 20 from
3021 1091 39 20 15s.

2829 1124 92 20 Colonial
2931 1124 40 19 and
2981 1124 83 24 Euglish
3074 1124 72 20 Tweed
3156 1125 37 20 Sac
3203 1124 56 20 Suits
3270 1126 20 19 to
3300 1131 99 18 measure,
3418 1124 53 19 fiom
3487 1124 28 19 £3
3530 1124 29 19 3s.

3038 1189 71 29 WE
3166 1189 143 30 WANT

2780 1229 44 21 Our
2833 1236 61 19 many
2904 1229 84 20 Friends
2998 1229 40 21 and
3047 1229 36 20 the
3092 1229 69 27 public
3169 1231 21 19 to
3200 1230 59 20 know
3268 1230 47 20 that
3322 1237 30 13 we
3358 1230 52 21 have
3416 1230 44 26 just
3469 1230 87 26 opened,

2929 1263 25 14 ex
2964 1263 32 15 s.s.
3009 1256 113 27 Kaikoura,
3133 1263 38 14 our
3180 1258 93 20 Season's
3280 1257 104 26 shipment
3393 1258 21 21 of

2779 1310 96 23 GENTS'
2890 1310 73 22 HATS
2979 1310 52 27 (best
3044 1310 85 27 makes),
3146 1310 68 27 TIES,
3229 1311 133 25 COLLARS,
3377 1310 102 23 SHIRTS
3490 1310 69 28 (ready

2828 1338 59 21 made
2895 1345 23 14 or
2927 1341 21 18 to
2958 1338 73 27 order),
3042 1339 125 21 CYCLING
3175 1339 150 22 SWEATERS
3334 1339 40 22 and
3384 1339 125 22 CYCLING

3087 1366 164 22 STOCKINGS.

2831 1421 69 25 Agent
2918 1421 32 20 for
2968 1421 96 25 Tuapeka
3081 1421 110 21 for—New
3214 1421 66 26 Rapid
3302 1421 102 27 Bicycles;
3428 1421 48 26 also,
3496 1421 62 27 Cycle

2780 1448 83 26 Lamps,
2873 1448 62 24 Bells,
2946 1448 85 20 Outside
3040 1448 81 22 Covers,
3132 1448 40 20 and
3180 1448 27 20 all
3217 1448 134 26 Cyclealities.

2920 1665 95 28 ROSS
3036 1665 132 35 PLACE,
3189 1665 228 30 LAWRENCE.

2431 1837 393 84 WOOL.

3161 1836 394 83 WOOL.

2575 2025 224 61 WOOL
2852 2027 280 56 SEASON
3185 2027 226 59 1896-7.

2481 2195 150 32 ALGETY
2652 2194 81 32 AND
2756 2192 195 40 COMPANY,
2972 2194 125 39 Limited,
3118 2197 56 39 beg
3193 2201 29 26 to
3242 2197 90 39 notify
3350 2197 203 40 Woolgrowers

2424 2274 55 30 and
2493 2274 127 30 Farmers
2633 2272 60 30 that
2707 2272 65 38 they
2786 2270 54 31 will
2854 2272 65 30 hold
2932 2272 72 30 their
3024 2271 128 40 Opening
3168 2272 61 31 Sale
3243 2273 43 31 for
3300 2274 46 30 the
3360 2273 106 32 Season
3479 2286 36 19 on

2695 2348 221 37 THURSDAY,
2956 2349 71 29 17th
3064 2349 219 30 DECEMBER.

2495 2505 46 29 All
2556 2505 84 38 Clips,
2653 2505 127 29 however
2792 2504 88 35 small,
2894 2504 55 29 will
2962 2504 33 29 be
3010 2504 94 29 shown
3118 2507 28 26 to
3170 2504 62 29 best
3250 2505 165 40 advantage.
3457 2506 93 39 Every

2420 2545 40 28 lot
2479 2545 100 28 valued
2600 2546 74 36 prior
2694 2548 29 25 to
2743 2544 65 35 sale,
2830 2544 56 28 and
2905 2553 105 18 owners
3029 2543 129 29 interests
3177 2544 71 38 fully
3261 2546 153 37 protected.
3468 2546 83 31 Wool

2422 2585 88 30 Packs
2523 2584 125 40 supplied
2661 2592 29 21 at
2702 2584 96 29 lowest
2812 2586 111 27 current
2935 2586 84 27 rates.

2494 2661 193 40 Specification
2700 2660 96 29 Forms
2809 2660 55 28 and
2876 2660 101 28 Labels
2989 2660 99 37 posted
3101 2671 35 17 on
3149 2661 176 38 application.

2733 2814 125 30 Address
2876 2824 70 28 your
2966 2813 215 39 Consignments
3200 2818 29 26 to

2770 3079 219 27 DUNE
3030 3079 23 25 D
3092 3079 14 26 I
3143 3079 29 27 N

2417 3238 42 52 P
2542 3237 45 34 A.
2665 3234 303 42 MILLER,

2417 3310 133 27 BUILDER,
2564 3309 107 22 JOINER
2684 3308 62 21 AND
2765 3306 205 30 UNDERTAKER,

2511 3361 72 28 Ross
2603 3360 98 34 Place,
2721 3358 164 28 Lawrence.

2420 3451 123 29 PLANS
2556 3450 80 29 AND
2652 3445 316 33 SPECIFICATIONS

2560 3502 26 28 A
2607 3499 221 31 SPECIALTY.

2417 3593 154 38 Quantities
2586 3591 137 38 Prepared
2745 3589 55 28 and
2821 3587 149 29 Estimates

2443 3634 89 28 Given
2544 3633 43 27 for
2600 3631 36 28 all
2649 3631 100 27 classes
2762 3629 28 27 of
2804 3626 135 29 Builders'

2651 3669 98 28 Work.

2419 3743 27 55 J
2532 3741 49 38 H.
2643 3735 328 42 PEABSOH,

2519 3805 68 21 ROSS
2600 3803 97 25 PLACE,
2711 3801 167 26 LAWRENCE,

2463 3848 265 34 CONTRACTOR,
2748 3845 180 35 BUILDER,

2670 3907 55 18 AND

2557 3948 276 34 UNDERTAKER.

2421 4028 146 29 Contracts
2580 4024 84 29 taken
2675 4023 43 29 for
2732 4018 137 32 Builders'
2888 4017 84 33 Work

2539 4065 29 28 of
2581 4074 81 27 evei'y
2676 4062 176 37 description.

2482 4135 198 25 ESTIMATES
2711 4132 193 24 PREPARED.

2457 4197 24 28 A
2495 4193 197 31 well-assorted
2718 4191 85 30 Stock
2824 4190 29 29 of
2874 4188 84 29 Furni-

2420 4240 59 26 ture
2493 4236 101 37 always
2608 4244 35 19 on
2656 4232 84 30 hand.

2458 4276 133 28 Funerals
2601 4272 155 31 conducted
2768 4273 27 26 in
2806 4271 36 28 all
2855 4273 75 35 parts
2944 4268 30 29 of

2420 4317 46 27 the
2493 4316 124 27 District.
2657 4313 105 28 Hearse
2789 4309 133 39 provided
2951 4308 23 28 if

2420 4356 75 38 requi
2500 4355 56 28 red.

2591 4416 57 38 W
2713 4415 20 38 I
2800 4412 38 38 N
2904 4389 70 65 N~,

2418 4484 135 26 PAINTER,
2576 4482 131 26 GLAZfER,
2731 4480 93 21 PAPER
2844 4478 130 25 HANGER,

2492 4511 69 21 SIGxH
2581 4510 115 21 WRITER
2718 4508 62 21 AND
2803 4506 95 21 HOUSE

2608 4535 176 25 DECORATOR,

2507 4575 71 30 Ross
2599 4575 98 35 Place,
2718 4574 162 28 Lawrence.

2451 4659 42 29 On
2509 4658 63 29 Sale
2585 4668 15 17 a
2610 4657 77 39 large
2697 4656 56 29 and
2762 4655 93 30 varied
2864 4657 91 27 assort-

2414 4704 75 24 ment
2502 4699 28 28 of
2545 4697 67 35 Oils,
2628 4697 103 34 Paints,
2755 4696 98 33 Scrim,
2878 4695 89 34 Glass,

2413 4738 229 38 Paperhangings
2664 4736 56 28 and
2740 4736 134 26 Painters'
2896 4734 56 27 Sun-

2413 4778 85 31 dries.

2450 4818 69 30 New
2527 4817 55 30 and
2590 4816 171 30 fashionable
2769 4814 75 30 Wall
2855 4814 113 38 Papers,

2413 4860 72 27 from
2498 4859 37 27 5d
2557 4868 49 28 per
2627 4858 76 37 piece
2726 4855 136 38 upwards.
2904 4856 49 24 Pat-

2414 4904 75 24 terns
2503 4904 62 23 sent
2578 4908 35 17 on
2634 4896 175 39 application,
2826 4898 62 34 post
2900 4892 68 28 free.

2452 4939 147 28 Estimates
2612 4937 85 39 given
2709 4936 43 28 for
2776 4933 117 30 General
2915 4932 36 28 Re-

2415 4979 85 38 pairs,

2454 5017 163 30 Celebrated
2633 5017 129 27 Lustruss
2781 5014 91 34 Paint,
2887 5012 83 37 ready

2417 5058 101 34 mixed,
2533 5057 35 28 all
2584 5056 123 29 Colours.

2417 5131 57 52 ]y[
2478 5173 10 12 f
2576 5131 36 37 J.
2697 5129 189 38 BLO
2927 5127 47 41 Y,

2443 5194 200 26 WHITEHAVEN
2657 5195 111 27 STREET,
2784 5192 169 24 LAWRENCE.

2419 5277 130 29 BOARD
2575 5274 82 29 AND
2685 5271 221 30 RESIDENCE
2927 5270 47 29 AT

2464 5325 259 32 REASONABLE
2742 5322 188 31 CHARGES.

2530 5406 95 29 Meals
2645 5414 32 20 at
2695 5412 50 21 all
2764 5403 106 30 Hours.

2438 5488 61 28 The
2511 5488 61 27 best
2587 5483 244 30 Accommodation
2853 5482 44 28 for
2909 5481 48 28 the

2559 5524 159 38 Travelling
2732 5521 108 29 Public.

2420 5613 103 31 GOOD
2538 5608 201 33 STABLING.
2779 5606 95 30 OATS
2892 5605 82 30 AND

2532 5649 128 33 CHAFF
2681 5647 52 31 ON
2756 5646 107 32 SALE.

3022 3246 110 25 FANCY
3158 3246 109 25 GOODS
3286 3248 70 23 AND
3375 3248 164 25 DRAPERY.

3091 3309 18 24 J
3151 3308 135 25 WATKRS
3313 3310 88 25 desires
3427 3316 25 19 to
3476 3311 74 29 notify

3053 3358 6 7 .
3090 3343 53 22 tl*at
3158 3342 41 23 she
3212 3342 70 30 keeps
3292 3343 24 23 in
3325 3345 66 21 stock
3409 3344 84 24 Ladies
3505 3349 44 18 and

3006 3373 112 25 Children
3129 3382 10 16 s
3158 3373 195 33 Underclothing,
3369 3376 47 23 and
3428 3377 30 22 all
3478 3376 73 25 kinds

3006 3407 23 23 ef
3044 3407 115 29 Drapery.

3036 3450 78 31 Fancy
3128 3450 80 24 Goodi
3219 3459 14 15 a
3248 3452 136 29 Specialty*

3041 3493 132 23 Christinas
3183 3494 46 23 and
3242 3494 53 23 New
3309 3494 63 24 Year
3383 3499 137 26 presents—

3126 3533 13 15 a
3156 3532 64 23 great
3234 3532 86 24 variety
3331 3532 23 19 to
3367 3529 71 30 hand.

3125 3559 134 27 Inspection
3270 3559 94 24 Invited

3029 3589 111 30 Fainting
3153 3591 44 22 and
3209 3596 35 17 an
3269 3590 150 25 needlework
3432 3593 86 27 tau'ght

3095 3624 109 21 feurnmer
3217 3622 80 24 Goods
3313 3631 52 15 now
3379 3631 29 15 on
3426 3624 61 23 hand

3007 3664 263 25 Address—Ormoud's
3280 3666 113 31 Buiiding
3404 3667 142 31 Roxburgh.

3067 3800 32 27 H,
3147 3802 171 25 RAIN
3354 3803 75 25 HA
3461 3805 36 25 M.

3129 3873 22 21 Is
3170 3875 115 27 prepared
3310 3878 24 19 to
3361 3876 76 28 repair

3128 3939 106 26 BOOTS
3263 3949 49 17 AND
3342 3942 100 26 SHOES

3128 4016 23 20 at
3179 4012 122 24 moderate
3331 4013 107 33 charges*

3041 4080 58 23 Also
3119 4081 148 23 4ccordeons
3292 4082 47 23 and
3366 4083 165 25 Concertinas*

3071 4221 122 24 MESSRS
3220 4222 87 25 KIDD
3337 4224 69 23 AND
3431 4226 65 28 CO.,

3112 4278 109 32 Surgical
3239 4280 46 23 and
3304 4280 151 26 Mechanical

3231 4311 109 24 Dentists

3203 4355 44 30 (By
3276 4356 91 30 exam.)

3015 4527 84 64 Mr
3119 4522 86 25 K[DD
3232 4525 55 23 who
3312 4523 42 24 baa
3378 4523 46 23 had
3448 4523 110 26 fourteen

3116 4570 68 22 years
3199 4563 134 30 experience
3354 4562 54 23 with
3430 4562 37 23 Mr
3492 4562 24 23 S.
3536 4565 22 22 S.

3008 4598 79 31 Myers
3114 4603 55 23 may
3197 4596 27 22 be
3252 4595 126 24 consulted
3406 4601 23 18 at
3458 4593 99 28 Heron's

3008 4628 156 26 Commercial
3187 4628 72 25 Hotel
3272 4628 136 32 Roxburgh,
3431 4628 51 25 Oct.
3492 4629 65 29 23rd,

3006 4664 48 23 and
3070 4663 24 23 in
3109 4661 76 24 future
3196 4669 71 22 every
3278 4662 77 23 fourth
3366 4661 93 31 Friday.

3039 4700 30 18 As
3094 4702 32 16 wj
3154 4694 82 23 intend
3260 4694 93 29 visitiag
3387 4696 46 21 this
3464 4694 92 24 district

3006 4727 108 28 monthly
3126 4727 16 21 it
3155 4727 45 21 will
3217 4734 56 15 save
3292 4726 100 29 patients
3403 4727 40 22 the
3455 4734 101 22 expense

3006 4759 25 23 of
3044 4759 72 30 going
3129 4763 23 17 to
3167 4757 76 26 Town,
3272 4757 46 23 aad
3335 4765 26 15 a*
3378 4766 34 15 we
3429 4763 113 25 guarante

3007 4792 30 24 all
3049 4792 63 23 work
3130 4789 102 31 patients
3245 4798 52 22 may
3318 4790 47 30 rely
3387 4799 32 16 on
3435 4792 90 29 getting

3006 4824 128 25 first-class
3147 4823 88 23 article.

3036 4856 75 24 Teeth
3135 4855 121 23 extracted
3286 4854 48 24 and
3365 4855 109 30 replaced
3503 4855 53 23 with

3008 4894 134 22 temporary
3154 4886 108 24 artificial
3274 4894 56 15 ones
3346 4888 83 23 within
3441 4889 28 21 48
3485 4887 72 23 hours

3038 4920 105 24 Painless
3155 4920 141 23 extarctions
3310 4920 56 23 with
3379 4920 95 23 Nitrous
3484 4919 73 23 Oxide

3007 4953 48 24 Gas
3071 4952 116 24 Coeoaine
3204 4951 72 24 Ether
3292 4959 26 15 or
3332 4951 161 25 Chlorotonn.

3023 4985 116 30 Stopping
3148 4984 57 24 with
3215 4984 61 23 Gold
3288 4983 124 29 Amalgam
3424 4991 26 15 or
3459 4983 98 24 Cement

3038 5017 81 30 Single
3130 5016 34 23 To
3173 5017 35 21 »th
3222 5016 46 22 10a.
3286 5017 53 21 Seti
3352 5014 94 32 equally
3462 5016 79 22 moder-

3009 5056 55 17 ate..
3111 5050 186 27 Arrangements
3314 5047 45 23 will
3372 5047 29 23 be
3417 5047 68 23 made
3502 5047 54 23 with

3010 5084 64 23 those
3095 5080 52 24 who
3164 5086 86 18 cannot
3278 5087 45 23 piy
3348 5079 43 24 full
3414 5084 97 19 amount
3534 5082 23 21 at

3009 5122 65 15 once.
3118 5113 73 22 Teeth
3212 5113 69 22 made
3308 5113 30 27 by
3365 5111 69 23 other
3457 5113 101 21 dentists

3011 5146 98 29 proving
3120 5143 183 28 unsatisfactory
3312 5150 53 21 may
3375 5143 28 22 be
3413 5143 145 29 remodeled

3009 5183 23 18 at
3043 5177 68 23 small
3121 5178 61 22 cost.

3065 5220 35 25 Ex
3105 5219 173 25 tractions—2s
3293 5217 39 28 6i,
3366 5217 107 28 Gas—7s
3488 5217 41 25 6de

3014 5350 57 53 Y.
3147 5348 35 38 J.
3260 5348 301 46 WILLIAMS,

3032 5420 201 22 HAIRDRESSER
3252 5421 62 20 AND
3332 5422 201 27 TOBACCONIST,

3204 5459 166 32 Lawbence.

3045 5531 152 31 LADIES'
3227 5531 299 34 HAIRCOMBINGS

3090 5572 111 30 MADE
3221 5573 93 30 INTO
3334 5574 146 31 PLAITS.

3012 5644 100 32 Orders
3121 5645 38 40 by
3166 5649 65 36 post
3238 5647 141 39 promptly
3385 5647 131 31 attended
3526 5649 37 29 to,

3575 175 1 52 |
3597 177 341 50 pOMMERCIAL
3984 176 164 36 HOTEL,

3790 227 181 22 ROXBURGH.'

3662 318 37 30 H.
3722 317 36 31 H.
3780 317 109 37 Heron,
3910 316 168 41 Proprietor.

3630 422 58 28 One
3701 421 29 29 of
3743 421 47 28 the
3803 421 63 29 best
3877 421 103 29 known
4000 421 55 28 and
4074 423 74 26 most

3590 460 181 29 comfortable
3792 460 153 30 Hostelries
3967 461 30 28 in
4017 459 48 30 the
4085 459 41 38 Up-

3589 504 117 34 country
3721 501 138 29 Districts^

3628 551 80 29 Cobb
3721 551 55 28 and
3791 551 74 29 Go/s
3878 552 87 37 Royal
3987 551 67 29 Mail
4077 551 69 28 Line

3589 590 29 31 of
3642 590 121 32 Coaches
3776 591 122 40 running
3918 592 126 31 between
4068 590 59 31 Law-

3591 642 79 18 rence
3694 633 56 27 and
3772 633 185 34 Queenstown
3981 633 89 27 arrive
4089 632 56 27 and

3589 671 98 39 depart
3701 671 83 39 daily.

3590 764 117 37 Liquors
3720 765 30 28 of
3762 765 48 27 the
3825 765 62 28 best
3895 765 103 27 brands
4007 764 65 36 only
4081 764 67 35 kept

3803 804 29 27 in
3846 804 89 29 stock.

3591 906 124 39 Buggies
3729 906 55 29 and
3799 906 101 29 Saddle
3910 907 104 29 Horses
4024 917 35 19 on
4070 906 77 29 Hire.

3593 981 281 51 RAILWAY
3951 982 197 35 HOTEL,

3684 1045 67 21 ROSS
3770 1045 98 27 PLACE,
3890 1045 168 23 LAWRENCE.

3592 1112 109 33 John
3730 1111 150 42 Laffey,
3911 1112 236 43 Proprietor

3669 1167 79 37 (Late
3762 1167 29 30 of
3803 1167 145 30 Havelock
3962 1167 106 40 Hotel.)

3626 1247 62 29 J.L.
3703 1247 69 39 begs
3793 1251 28 26 to
3834 1247 126 30 intimate
3973 1249 60 28 that
4046 1249 34 29 he
4094 1249 50 29 has

3589 1287 154 39 purchased
3774 1288 48 28 the
3853 1289 88 28 above
3965 1289 178 28 well-known

3589 1328 140 38 Hostelry,
3739 1328 54 29 and
3809 1328 92 40 hopes,
3911 1329 38 37 by
3958 1328 79 30 strict
4051 1333 75 26 atten-

3588 1369 58 30 tion
3659 1371 28 26 to
3701 1369 47 29 the
3757 1369 118 30 comfort
3884 1369 29 30 of
3925 1369 152 31 Travellers
4086 1371 56 29 and

3587 1410 48 28 the
3647 1409 93 38 public
3753 1410 150 37 generally,
3917 1413 29 26 to
3960 1414 72 25 meet
4045 1412 66 28 with
4125 1422 17 17 a

3586 1449 53 28 fair
3652 1449 79 29 share
3744 1449 28 29 of
3785 1453 161 35 patronage.

3624 1489 58 28 The
3706 1488 122 39 Railway
3850 1489 23 29 is
3896 1500 52 19 one
3961 1489 29 29 of
4002 1490 47 29 the
4062 1491 60 28 best-

3586 1528 147 38 appointed
3746 1529 98 30 Hotels
3853 1529 107 30 outside
3969 1529 29 29 of
4009 1530 129 29 Dunedin

3586 1569 98 28 Under
3696 1568 86 29 J.L.'s
3797 1573 201 34 management,
4008 1570 46 27 the
4065 1580 55 18 com-

3586 1608 56 29 fort
3655 1607 30 29 of
3692 1613 112 32 patrons
3813 1608 55 28 will
3877 1609 36 28 be
3923 1609 79 28 made
4012 1620 16 17 a
4038 1610 101 37 special

3586 1647 115 35 feature,
3715 1647 54 28 and
3782 1657 35 18 no
3831 1648 81 28 effort
3922 1649 54 29 will
3991 1649 35 28 be
4040 1649 99 38 spared

3587 1690 28 25 to
3629 1687 64 38 give
3706 1696 84 27 every
3803 1686 180 31 satisfaction.

3588 1758 57 29 The
3657 1759 64 28 best
3734 1759 103 29 brands
3850 1759 30 29 of
3899 1759 107 36 Wines,
4030 1760 113 39 Spirits,

3623 1798 56 30 and
3694 1799 66 29 Ales
3772 1799 101 40 always
3892 1799 68 40 kept
3972 1800 29 29 in
4014 1801 89 29 stock.

3588 1870 128 38 Simpson
3729 1871 54 27 and
3798 1870 97 30 Hart's
3908 1872 66 28 Ales
3988 1872 102 38 always
4104 1883 35 18 on

3831 1910 67 39 Tap.

3585 1983 156 28 First-class
3753 1984 129 38 Stabling
3893 1985 246 28 Accommodation

3591 2046 280 54 MASONIC
3918 2047 216 44 HOTEL,

3680 2105 67 23 ROSS
3760 2106 96 26 PLACE,
3871 2106 167 22 LAWRENCE.

3584 2171 33 31 R.
3638 2172 112 30 WEBB
3955 2174 179 30 Proprietor,

3620 2252 58 29 The
3730 2253 122 28 Masonic
3864 2253 18 14 >}
3908 2254 100 28 affords
4030 2255 37 26 all
4087 2255 47 27 the

3583 2292 130 29 comforts
3725 2293 30 28 of
3766 2304 16 17 a
3795 2293 88 36 home,
3894 2294 55 27 and
3961 2293 23 29 is
3998 2294 132 37 provided

3582 2331 65 28 with
3661 2332 47 28 the
3729 2342 66 28 very
3814 2333 61 28 best
3889 2333 245 28 Accommodation

3581 2371 43 28 for
3649 2371 160 30 Travellers.
3848 2371 157 30 First-class
4037 2373 94 28 Table.

3581 2410 68 29 Best
3667 2410 97 29 Wines
3786 2411 54 29 and
3862 2411 99 39 Spirits
3983 2411 100 38 always
4103 2412 29 28 in

3581 2449 89 30 stock.

3703 2514 132 25 CHARGES
3853 2514 159 26 MODERATE.

3616 2569 58 31 The
3698 2570 158 41 Proprietor
3880 2571 99 30 wishes
4004 2575 29 27 to
4055 2573 89 30 draw*

3581 2610 108 38 Special
3713 2612 136 29 attention
3873 2615 29 26 to
3929 2613 47 28 the
4002 2611 130 38 Stabling

3580 2650 245 29 Accommodation
3843 2651 143 37 provided,
3999 2651 92 28 which
4108 2651 25 28 is

3580 2688 154 35 unlimited,
3748 2689 54 28 and
3815 2689 29 28 of
3857 2689 47 28 the
3916 2689 63 28 best
3991 2689 79 28 kind.

3583 2750 49 57 y
3647 2750 231 30 ICTORIA
3952 2750 183 36 HOTEL,

3669 2817 70 21 PEEL
3752 2816 111 28 STREET,
3878 2817 171 22 LAWRENCE.

3601 2905 169 34 Ronald
3798 2903 310 42 Montgomery,

3772 2959 178 30 Proprietor.

3577 3050 58 29 One
3658 3046 31 31 of
3708 3048 47 29 the
3776 3051 71 26 most
3873 3048 179 29 comfortable
4071 3049 59 28 and

3601 3088 230 28 best-conducted
3844 3086 153 28 Hostelries
4007 3097 36 17 on
4054 3089 45 26 the

3726 3125 89 36 Otago
3829 3124 157 28 Goldfields.

3679 3215 57 21 HOT
3757 3215 62 21 AND
3838 3214 73 21 COLD
3930 3214 98 21 BATHS.

3607 3283 108 28 Sample
3734 3282 96 28 Rooms
3850 3290 51 19 for
3919 3280 182 31 Travellers.

3581 3364 167 36 Passengers
3757 3362 85 28 called
3852 3362 42 29 for
3903 3362 45 28 the
3957 3362 74 38 early
4040 3362 96 29 Train,

3589 3508 60 57 D.
3697 3507 63 58 M

3792 3505 11 24 I
3835 3504 19 25 T
3884 3506 18 24 C
3936 3504 23 26 H
3991 3504 19 24 E
4042 3504 19 25 L
4091 3504 39 29 L,

3643 3646 70 25 THE
3758 3644 158 26 POPULAR
3952 3643 119 30 HOUiE,
4093 3643 4 30 1

4091 3673 1 11 '
4101 3673 4 11 J

3763 3706 197 25 LAWRENCE.

3597 3787 11 16 s
3621 3785 51 16 now
3690 3777 103 31 opening
3811 3784 30 22 up
3861 3774 38 25 his
3922 3772 62 26 First
4007 3773 127 30 Shipment

3600 3822 24 24 of
3640 3820 142 27 SUMMER
3800 3814 167 33 DRAPERY,
3984 3815 131 26 consisting

3598 3867 24 23 of
3630 3867 29 22 all
3671 3867 38 23 the
3718 3866 69 22 latest
3799 3862 116 25 novelties
3925 3862 35 23 for
3971 3860 39 25 the
4019 3860 94 29 coming

3666 3911 90 19 season,
3775 3900 47 24 and
3836 3907 75 23 pr'.ces
3925 3901 23 20 to
3966 3898 87 22 match.

3705 3940 119 29 Millinery
3838 3945 14 17 a
3876 3935 135 33 Speciality.

3781 4076 75 26 ViaWs
3889 4076 90 24 Millers
4006 4074 53 24 Flat
4099 4073 31 24 nJ

3591 4119 127 32 Roxburgh
3731 4125 71 22 every
3818 4117 35 24 six
3869 4114 86 26 weeks.

3619 4443 130 21 ROYAL

3603 4478 160 21 WARRANT
4026 4480 47 18 FME
4083 4473 86 26 OuEEN

3592 4503 3 40 1
3604 4515 38 26 AND
3647 4515 26 26 BY
3684 4514 88 28 SPECIAL
3778 4514 110 28 WARRAKT7
3890 4516 11 25 fl
4048 4513 35 29 C£?J
4132 4503 51 40 L£S.
4184 4503 1 40 i

3601 4570 216 106 SS§;I
3824 4570 74 99 '/I
3908 4570 95 106 zH.
4006 4624 18 51 i
4078 4626 11 20 :

3680 4666 10 15 v
3781 4667 43 19 wsa
3829 4671 6 3 -
3849 4660 53 28 ~s3c
3907 4660 2 28 •
3929 4660 62 25 ISsy
3999 4660 33 25 <£k
4042 4667 47 18 m■
4097 4673 5 3 -

3621 4685 72 38 M
4068 4689 54 45 !#,
4125 4687 60 47 ///£

3672 5056 46 47 IS

3651 5553 154 31 TOTHILL,
3828 5554 141 27 WATSON
3997 5558 19 23 &
4032 5556 60 32 CO.,

3692 5599 143 28 Eskißtreet,
3855 5601 164 32 Invercargill,

3610 5643 54 27 So'e
3676 5644 90 32 Ageata
3780 5643 36 27 for
3831 5645 77 31 Otago
3923 5645 47 26 and
3982 5645 143 30 Southladvi,
