4201 5853
125 191 76 28 THE
219 185 327 32 CONSTANTINOPLE

224 225 223 29 ATROCITIES.

118 305 212 26 INTERESTING
346 302 208 26 NARRATIVES.

64 372 64 20 From
141 375 45 16 the
198 370 104 21 Evening
315 367 78 22 Stab's
407 367 193 21 Correspondent

297 422 106 28 London,
420 419 131 31 September
565 419 20 22 4.

83 461 48 23 The
141 466 60 16 more
212 466 33 15 we
262 458 63 23 learn
340 458 70 22 about
426 457 40 22 the
483 462 94 23 carnage
592 457 24 19 at

55 495 186 30 Constantinople
259 495 40 23 the
313 502 62 15 more
390 493 86 23 certain
486 493 20 23 it
515 492 101 23 becomes

56 535 52 22 that
118 533 39 23 the
168 531 133 23 Armenians
317 530 135 23 themselves
462 536 59 16 were
531 527 85 30 largely

56 573 24 20 to
99 568 80 23 blame.
210 566 117 29 Certainly
343 565 12 23 I
374 566 30 22 do
422 568 41 20 not
482 563 92 24 wondfer
593 565 24 20 at

57 605 79 29 people
147 603 128 30 despairing
291 602 70 22 about
378 601 68 23 them.
479 600 71 22 What
560 598 56 23 with

57 641 60 22 their
127 638 108 24 fanatical
252 638 45 22 and
313 636 116 28 irrational
441 636 104 28 patriots,
557 634 60 23 their

57 676 120 24 shameless
195 675 93 22 traitors
304 673 44 23 and
366 673 60 22 their
436 671 108 29 venality,
558 670 58 23 their

57 713 89 29 cruelty
166 711 44 23 and
238 711 59 22 their
321 709 131 26 cowardice,
474 708 55 29 they
548 714 38 16 are
604 714 13 14 a

57 753 59 19 most
125 747 97 24 difficult
231 747 78 22 nation
325 748 23 20 to
358 745 59 29 help.
449 744 55 23 This
514 743 103 29 morning

57 793 34 15 we
108 784 57 23 have
181 784 39 21 the
237 782 125 23 narratives
379 780 23 22 of
412 780 38 22 Mr
460 779 93 26 Barker,
566 778 50 22 who

58 829 46 16 was
113 821 94 30 hostage
221 819 34 24 for
266 819 39 23 the
321 817 74 31 safety
405 816 23 24 of
445 815 39 24 the
494 814 122 23 Armenian

59 858 114 24 attackers
191 857 22 23 of
228 857 39 23 the
280 856 106 23 Ottoman
402 853 71 27 Bank,
485 852 45 22 and
544 851 23 22 of
578 851 38 22 the

59 901 105 24 manager
183 893 24 23 of
229 893 52 23 that
299 890 137 25 institution.
468 888 47 24 The
534 887 83 24 former

59 939 45 14 was
128 929 147 24 interviewed
299 928 29 30 by
354 928 39 23 the
415 928 7 11 4
429 926 67 28 Daily
516 923 100 24 News's'

57 965 91 30 special,
167 965 50 22 who
233 965 40 21 has
288 963 77 23 scored
380 962 89 29 heavily
483 961 47 22 this
544 959 70 23 week.

59 1001 35 24 He
105 1001 171 30 telegraphs:—

87 1038 73 22 When
181 1038 39 22 the
239 1036 134 24 Armenians
393 1036 50 22 who
466 1033 92 24 entered
578 1032 38 23 the

59 1068 108 23 Ottoman
186 1067 66 23 Bank
271 1074 59 15 were
349 1066 70 22 taken
438 1073 28 15 on
490 1063 69 24 board
581 1062 36 23 Sir

60 1098 76 29 Edgar
156 1097 117 23 Vincent's
297 1097 70 29 yacht
389 1096 38 22 the
451 1095 106 26 Gulnare,
583 1093 34 21 his

57 1132 122 26 secretary,
192 1127 37 23 Mr
245 1127 77 23 Prank
338 1126 93 27 Barker,
443 1132 46 16 was
506 1124 42 23 left
561 1123 56 23 with

58 1160 62 21 them
137 1167 24 14 as
177 1166 14 14 a
207 1158 99 28 hostage.
338 1157 55 22 This
408 1163 46 15 was
470 1156 31 28 by
515 1161 90 21 arrange-

59 1191 63 19 ment
138 1196 60 14 come
219 1191 23 18 to
259 1188 101 21 between
378 1186 36 22 Sir
431 1186 75 27 Edgar
523 1184 44 21 and
583 1184 31 21 M.

58 1217 124 25 Maximoff,
194 1217 38 20 the
243 1216 96 21 Russian
355 1215 121 27 dragoman
487 1220 28 14 on
526 1213 39 21 the
575 1219 41 14 one

56 1246 48 22 side
114 1245 44 23 and
177 1245 38 22 the
233 1243 87 24 leaders
337 1243 23 23 of
375 1243 39 23 the
424 1242 121 22 Armenian
556 1241 59 22 band

55 1283 29 15 on
96 1276 39 22 the
153 1275 71 22 other.
256 1274 12 22 I
283 1273 143 29 accordingly
436 1271 139 23 determined
592 1273 24 19 to

55 1313 37 16 see
103 1306 38 22 Mr
150 1305 86 23 Barker
246 1304 44 23 and
301 1304 61 23 learn
379 1303 57 23 from
448 1302 45 23 him
505 1301 61 22 what
577 1300 39 23 the

57 1337 135 21 Armenians
208 1335 44 22 bad
269 1335 49 21 said
335 1334 68 22 about
423 1333 59 22 their
497 1332 118 28 desperate

55 1366 94 27 project.
181 1365 36 21 He
233 1371 45 14 was
295 1363 86 28 willing
396 1365 23 18 to
435 1362 51 27 give
502 1367 68 21 every
581 1361 21 20 in-

54 1395 127 21 formation.

82 1424 27 22 In
129 1424 64 28 reply
214 1425 23 20 to
252 1429 38 22 my
308 1421 113 29 question,
442 1421 49 21 how
512 1420 51 28 long
586 1419 27 21 he

54 1453 44 23 had
128 1453 55 23 been
208 1452 56 23 with
288 1452 70 28 them,
388 1450 28 23 he
445 1450 63 23 said:

55 1492 46 16 was
118 1484 103 24 fourteen
237 1483 74 23 hours.
356 1482 72 24 There
445 1489 46 15 was
506 1488 28 15 no
549 1480 66 23 other

55 1515 146 29 Englishman
225 1516 99 27 present,
355 1513 44 22 and
430 1512 12 22 I
472 1519 41 15 can
538 1518 76 15 assure

55 1553 45 22 you
124 1545 20 23 it
167 1552 46 15 was
237 1548 41 19 not
301 1551 13 15 a
337 1543 105 31 pleasant
464 1542 62 23 time.
567 1541 47 22 The

55 1576 136 23 Armenians
210 1575 76 23 feared
306 1575 125 28 treachery,
453 1573 44 22 and
517 1572 45 23 had
582 1579 22 15 re-

56 1607 98 26 volvers,
165 1606 87 22 several
268 1605 65 21 small
342 1604 86 27 bombs,
440 1603 44 22 and
495 1610 41 14 one
547 1602 69 22 about

57 1637 37 22 6in
106 1637 23 22 in
139 1636 118 26 diameter,
269 1635 44 22 and
330 1635 40 21 the
389 1641 51 15 man
457 1633 24 22 in
499 1633 80 28 charge
594 1631 22 23 of

58 1668 20 22 it
88 1666 44 23 had
143 1675 13 14 a
167 1664 151 32 disagreeable
333 1664 65 23 habit
407 1664 22 23 of
440 1663 80 30 rolling
530 1662 20 23 it
560 1662 56 23 from

59 1706 42 15 one
111 1697 61 23 hand
184 1700 23 20 to
218 1697 38 23 the

88 1734 77 21 Asked
185 1741 24 14 as
229 1736 24 18 to
272 1733 62 20 what
350 1732 27 21 he
396 1730 90 23 learned
504 1730 58 22 from
579 1729 39 22 the

60 1770 51 16 men
130 1770 24 15 as
174 1766 24 18 to
217 1761 39 23 the
275 1761 72 30 origin
367 1760 45 23 and
436 1760 77 29 design
533 1758 23 23 of
579 1758 39 23 the

61 1793 87 28 attack,
170 1793 37 23 Mr
226 1791 86 24 Barker
331 1791 62 23 said:
445 1790 64 23 From
528 1789 62 23 what
607 1788 11 23 I

62 1824 65 23 could
138 1823 80 29 gather
228 1823 57 21 from
301 1829 36 21 my
348 1823 154 20 conversation
514 1820 55 22 with
580 1819 39 23 the

61 1856 118 19 seventeen
197 1859 49 14 men
263 1856 51 17 sent
330 1859 28 14 on
375 1851 68 21 board
462 1850 38 21 the
511 1850 106 25 Gulnare,

61 1883 39 21 the
110 1885 79 18 events
205 1882 23 21 of
246 1882 37 21 the
301 1882 54 21 26th
366 1888 58 13 were
434 1879 109 29 arranged
558 1886 61 14 some

59 1912 63 21 three
133 1911 89 21 months
236 1918 41 20 ago
288 1910 28 25 by
328 1910 39 21 the
377 1910 95 27 Foreign
484 1909 134 21 Committee

58 1941 23 21 of
92 1941 58 21 their
160 1940 93 27 society,
265 1939 43 21 and
321 1939 38 21 the
375 1939 70 21 chiefs
462 1938 23 22 of
501 1938 39 22 the
558 1937 59 22 band

58 1970 52 29 only
130 1977 61 15 came
210 1972 25 20 to
259 1968 186 29 Constantinople
469 1975 60 15 some
553 1967 64 23 three

57 2000 75 23 weeks
141 2000 64 23 back.
243 1999 47 23 The
307 1998 78 23 attack
402 2006 27 15 on
441 1998 38 23 the
492 1997 61 24 bank
572 2004 46 16 was

57 2038 42 16 one
114 2034 52 25 part
182 2030 23 22 of
221 2030 60 22 their
297 2036 148 22 programme,
462 2035 24 15 as
502 2028 54 28 they
567 2028 49 22 told

58 2069 35 14 me
103 2061 52 22 that
165 2061 38 21 the
214 2059 114 30 following
337 2059 77 30 points
429 2059 44 21 and
489 2059 74 28 places
573 2057 44 23 had

58 2092 55 21 been
130 2090 87 30 singled
233 2092 41 20 out
290 2090 35 22 for
342 2089 190 22 demonstrations
543 2097 5 14 :
570 2088 48 22 The

59 2122 99 24 Sublime
175 2121 68 23 Porte
261 2121 22 23 in
300 2120 117 24 Stamboul
419 2120 66 23 —the
496 2119 122 24 Armenian

59 2153 162 24 Patriarchate,
233 2152 39 21 the
289 2155 52 24 part
356 2151 23 22 of
396 2151 117 22 Stamboul
531 2150 88 27 sloping

60 2183 66 22 down
137 2181 98 23 towards
245 2181 38 22 the
294 2181 72 23 Seven
384 2180 98 27 Towers,
499 2181 38 21 the
556 2179 47 22 Mon-

61 2216 76 25 astery
156 2214 25 20 at
200 2211 120 22 Psamatia.
351 2211 33 22 At
403 2210 30 23 all
454 2210 62 23 these
535 2209 82 29 places,

61 2242 54 22 with
134 2242 38 21 the
189 2241 117 27 exception
323 2240 24 23 of
362 2241 40 22 the
417 2241 52 27 last,
481 2240 125 22 demonstra-

60 2273 60 23 tions
138 2271 74 24 failed.
244 2270 27 24 In
290 2270 83 24 Gahta
396 2271 20 22 it
440 2278 45 15 was
509 2269 110 30 arranged

61 2303 52 22 that
143 2301 189 24 demonstrations
362 2301 80 22 should
467 2301 27 22 be
518 2299 101 23 directed

61 2334 88 28 against
174 2332 38 23 the
236 2331 107 30 Imperial
367 2331 108 23 Ottoman
499 2330 65 23 Bank
589 2329 30 28 by

61 2363 122 29 occupying
198 2363 26 26 it,
245 2362 37 22 the
299 2361 78 23 Credit
393 2361 113 29 Lyonnais
526 2360 47 23 also
589 2360 30 28 by

60 2393 138 29 occupation,
229 2392 40 22 the
292 2391 103 23 Voivoda
424 2391 71 29 police
525 2391 92 25 station,

61 2423 81 24 Galata
160 2423 70 27 Serai,
250 2421 45 23 and
315 2430 13 14 a
347 2425 52 26 spot
414 2429 53 15 near
485 2421 39 22 the
545 2415 74 28 Greek

61 2454 88 23 Church
159 2453 23 22 of
193 2453 37 22 the
240 2452 90 28 Trinity
341 2452 22 22 in
379 2452 63 21 Pera.
474 2452 32 21 At
515 2451 31 22 all
556 2451 63 22 these

60 2484 74 29 places
144 2482 77 23 bombs
241 2489 57 15 were
316 2485 23 19 to
357 2481 27 22 be
402 2480 139 29 discharged.
572 2480 47 22 The

61 2513 74 31 object
145 2513 22 23 of
177 2512 123 29 stationing
311 2519 49 16 men
371 2515 25 19 at
411 2511 63 24 these
490 2510 73 31 places
575 2517 44 15 was

61 2545 30 30 by
111 2545 111 29 throwing
242 2544 78 23 bombs
339 2546 24 20 to
387 2543 96 22 distract
507 2542 113 23 attention

62 2576 58 21 from
137 2576 38 21 the
193 2575 89 22 attacks
299 2574 101 22 directed
417 2574 89 29 against
521 2573 39 22 the
575 2577 46 17 two

62 2605 72 21 banks
151 2604 134 29 sufficiently
301 2604 52 28 long
370 2606 24 19 to
414 2604 64 21 make
497 2602 85 22 certain
598 2602 23 21 of

64 2635 58 22 their
137 2635 139 28 occupation.
316 2633 63 29 They
399 2632 91 23 divided
511 2640 30 21 up
562 2632 59 22 their

64 2661 46 33 gang
122 2661 11 33 3
145 2661 46 33 into
200 2664 92 22 batches
302 2663 22 23 of
335 2666 86 26 twenty
438 2666 24 19 to
480 2661 141 31 twenty-five

64 2703 58 19 men,
140 2694 48 23 told
204 2694 32 23 off
253 2694 70 23 under
339 2693 43 23 five
396 2701 25 15 or
437 2692 44 24 five
491 2692 93 28 leaders,
597 2692 22 23 in

65 2725 126 28 companies
201 2724 22 23 of

92 2754 44 23 Did
146 2761 45 22 you
207 2754 61 22 learn
285 2753 73 23 where
375 2753 63 23 these
454 2754 167 29 arrangements

65 2785 44 22 had
134 2785 56 22 been
214 2785 82 22 made?
449 2783 48 23 told
516 2791 35 15 me
571 2783 51 23 that

64 2816 89 29 regular
164 2816 109 28 meetings
283 2815 43 22 had
338 2815 55 22 been
404 2814 52 23 held
472 2815 51 22 here
540 2814 82 28 during

65 2847 39 21 the
114 2847 44 21 last
168 2846 64 21 three
250 2845 73 21 weeks
341 2849 24 18 to
382 2850 37 23 get
436 2845 30 21 all
485 2845 39 21 the
541 2844 81 22 details

66 2875 90 22 worked
168 2879 47 22 out,
233 2875 43 21 and
290 2875 51 21 that
357 2879 64 24 great
438 2882 50 14 care
505 2874 43 21 had
568 2873 55 21 been

66 2905 68 22 taken
144 2905 23 22 in
179 2905 38 22 the
228 2905 158 27 organisation.
424 2903 47 23 The
487 2903 73 23 Turks
579 2902 43 22 had

66 2934 85 30 rightly
175 2934 118 28 suspected
318 2934 64 21 three
401 2932 56 29 days
476 2933 75 22 before
571 2932 51 22 that

62 2964 127 28 something
199 2970 45 15 was
261 2971 28 14 on
307 2963 39 22 the
364 2963 64 28 point
444 2963 24 21 of
485 2962 134 29 happening,

64 2995 41 22 but
114 2994 53 29 they
177 2993 97 29 thought
285 2993 50 23 that
344 2993 38 22 the
391 2992 155 22 Patriarchate
556 2992 65 22 alone

62 3025 75 21 would
157 3025 57 20 have
233 3023 54 22 been
309 3023 113 21 attacked.
464 3022 60 22 That
542 3022 20 21 is
582 3021 38 22 the

59 3061 77 15 reason
148 3054 52 28 why
216 3053 38 22 the
270 3055 99 25 attempt
386 3059 28 14 on
433 3051 38 22 the
489 3051 69 22 latter
573 3058 46 14 was

59 3082 158 23 unsuccessful.
250 3082 68 22 Their
335 3081 78 22 bombs
434 3089 58 14 were
513 3080 63 23 made
595 3080 23 22 in

58 3113 192 28 Constantinople,
273 3112 43 22 and
337 3112 38 22 the
395 3112 102 29 captains
517 3110 100 23 asserted

58 3144 52 23 that
130 3143 38 23 the
188 3143 125 28 explosives
332 3143 23 21 in
375 3142 62 22 them
457 3149 58 15 were
535 3143 40 21 not
595 3148 24 15 so

59 3173 111 29 powerful
180 3180 23 15 as
215 3173 54 29 they
279 3173 72 29 ought
361 3174 24 20 to
395 3172 57 22 have
462 3171 62 22 been.
556 3171 63 29 They

59 3204 46 23 had
116 3207 40 26 got
166 3204 58 22 their
235 3203 116 29 dynamite
362 3202 60 28 here,
440 3202 45 23 ard
496 3202 63 23 there
575 3208 45 15 was

59 3242 29 15 no
98 3242 60 14 more
168 3234 112 28 difficulty
297 3234 23 21 in
335 3233 117 29 obtaining
472 3233 19 21 it
510 3233 55 21 than
584 3232 34 21 for

60 3265 61 22 them
139 3267 23 19 to
177 3267 39 26 get
231 3264 48 22 into
296 3263 39 23 the
352 3267 102 24 country.
495 3262 47 23 The
560 3261 59 23 bank

61 3302 45 14 was
116 3294 106 22 attacked
233 3298 24 18 at
267 3301 48 19 one,
328 3293 44 22 and
383 3296 24 19 at
417 3294 39 20 the
466 3300 61 15 same
537 3293 55 21 time
607 3300 13 13 a

61 3324 53 22 rush
139 3331 45 14 was
208 3324 64 21 made
296 3331 28 14 on
349 3323 39 22 the
412 3322 112 22 Voivoida
548 3322 72 29 police

62 3354 92 27 station,
166 3354 23 22 in
199 3353 65 23 order
274 3357 24 19 to
306 3353 76 23 divert
391 3353 113 23 attention
515 3352 57 22 from
581 3352 38 22 the

62 3383 78 22 attack
151 3392 28 13 on
191 3383 38 22 the

92 3413 71 22 What
177 3413 39 22 did
231 3420 45 22 you
290 3413 61 21 learn
363 3420 23 15 as
401 3415 24 19 to
441 3413 38 22 the
490 3412 94 22 motives
599 3411 23 23 of

64 3444 40 23 the
114 3450 49 15 men
175 3451 5 19 ;
196 3445 25 20 at
238 3442 57 23 least
312 3443 61 22 what
387 3449 46 16 was
448 3442 59 23 their
518 3442 87 22 version
614 3444 7 20 ?

117 3474 62 28 They
189 3480 56 22 gave
256 3480 34 14 me
300 3473 85 22 several
397 3480 88 14 reasons
495 3472 33 22 for
540 3472 81 28 having

64 3503 86 30 singled
161 3507 40 18 out
212 3503 38 21 the
265 3502 106 29 Imperial
386 3503 106 22 Ottoman
503 3502 64 22 Bank
577 3502 44 21 and

64 3535 39 22 the
121 3533 78 24 Cieiit
217 3533 112 29 Lyonnais
344 3533 35 23 for
393 3533 138 29 occupation.
563 3532 59 24 That

64 3573 24 14 as
99 3566 62 21 these
177 3564 182 22 establishments
373 3563 117 23 contained
506 3564 78 28 people
599 3564 23 21 of

64 3602 68 21 many
142 3594 156 22 nationalities
308 3594 29 21 all
353 3594 38 21 the
407 3594 88 21 Powers
510 3593 74 22 would
594 3593 27 22 be

65 3624 68 28 ready
145 3628 23 18 to
179 3623 66 22 assist
260 3623 23 21 in
293 3623 133 29 supporting
441 3623 59 22 their
514 3622 107 23 demands

65 3655 58 22 from
142 3653 39 23 the
201 3653 71 23 Turks
288 3653 23 23 in
328 3653 65 23 order
410 3657 23 19 to
450 3660 52 16 save
517 3653 38 23 the
566 3653 55 23 lives

66 3685 22 22 of
107 3684 59 23 their
190 3684 104 29 subjects.
326 3684 70 28 Then,
417 3684 72 29 again,
510 3684 54 30 they
584 3691 24 15 ex-

66 3714 89 27 plained
175 3714 51 22 that
257 3714 38 22 the
324 3714 60 22 bank
408 3721 45 15 was
478 3715 38 21 the
539 3714 82 22 easiest

67 3743 103 32 building
187 3744 23 22 in
226 3743 73 23 which
316 3744 54 30 they
380 3743 66 24 could
462 3744 66 23 resist
538 3751 13 15 a
561 3743 59 31 siege

64 3776 44 23 and
132 3775 81 24 defend
238 3776 139 23 themselves.
408 3776 72 28 Apart
504 3776 57 23 from
581 3776 38 22 the

65 3807 94 20 interest
179 3806 22 21 of
226 3806 38 21 the
283 3806 119 28 European
426 3806 88 21 Powers
538 3807 23 20 in
581 3806 38 21 the

64 3835 55 22 lives
129 3834 24 22 of
170 3834 59 22 their
245 3834 106 29 subjects,
364 3834 39 23 the
417 3835 89 21 various
516 3834 103 22 financial

63 3865 105 23 interests
188 3864 74 23 would
286 3865 46 23 also
356 3865 56 23 have
431 3864 96 24 suffered
547 3865 72 28 heavy

66 3896 43 23 loss
129 3895 96 31 through
246 3895 39 23 the
304 3895 139 24 destruction
463 3895 23 24 of
506 3895 37 23 the
560 3895 58 23 bank

63 3929 107 27 property
189 3926 44 21 and
253 3926 22 22 of
294 3933 80 22 money
393 3926 23 23 in
436 3926 39 23 the
494 3926 60 22 bank
574 3926 44 22 had

64 3957 54 27 they
132 3956 54 22 been
201 3956 122 28 compelled
339 3959 23 19 to
373 3963 38 15 use
421 3956 59 22 their
495 3956 121 27 dynamite.

64 3985 62 28 They
144 3985 66 22 noted
230 3985 46 22 also
295 3986 52 21 that
366 3993 24 14 as
410 3986 38 21 the
466 3985 61 22 bank
544 3986 19 21 is
580 3985 39 22 the

64 4019 59 19 most
139 4015 127 29 prominent
283 4015 101 30 building
401 4015 23 22 in
440 4015 38 22 the
488 4018 60 19 town
560 4022 59 15 more

63 4047 112 22 attention
200 4046 73 22 would
305 4046 27 22 be
363 4046 112 22 attracted
507 4050 24 18 to
561 4046 58 22 their

62 4079 110 26 attempts
183 4079 23 19 to
216 4076 65 29 bring
292 4077 38 21 the
339 4076 120 22 Armenian
471 4083 64 15 cause
545 4076 74 22 before

64 4107 38 23 the
119 4107 68 22 lower
196 4106 82 22 classes
288 4106 22 22 of
325 4107 39 21 the
375 4106 132 22 Armenians
525 4106 54 22 than
589 4105 30 30 by

63 4144 44 22 any
122 4137 65 22 other
206 4144 81 15 means.
328 4136 26 23 In
375 4136 54 28 fact,
450 4137 17 22 if
490 4137 127 27 successful,

64 4168 54 28 they
130 4167 72 29 hoped
213 4171 24 18 to
247 4174 76 15 secure
334 4167 39 22 the
383 4167 37 22 aid
430 4167 23 22 of
463 4167 58 23 their
532 4167 87 23 weaker

64 4197 114 28 brethren,
190 4197 50 22 who
251 4197 100 22 hitherto
367 4197 43 22 had
428 4197 51 23 held
490 4197 58 23 aloof
562 4197 57 23 from

64 4227 47 23 fear
135 4227 23 23 of
187 4227 39 22 the
250 4227 79 22 Turks.
381 4227 68 23 Their
473 4234 88 16 reasons
584 4228 35 22 for

64 4257 92 29 making
165 4264 61 15 more
235 4264 39 15 use
284 4257 23 22 of
321 4257 77 24 bombs
414 4258 35 22 for
459 4258 59 22 their
527 4258 92 23 defence

64 4288 44 21 and
128 4288 47 21 also
193 4287 36 22 for
248 4287 59 22 their
326 4288 77 22 attack
422 4295 28 15 on
470 4290 39 21 the
525 4288 93 23 soldiers

64 4325 58 14 were
133 4317 51 21 that
193 4317 87 21 besides
295 4318 66 28 being
378 4325 60 15 more
447 4318 138 22 destructive
600 4319 19 22 it

64 4346 81 23 caused
170 4354 60 14 more
250 4347 165 22 consternation
435 4347 73 31 owing
532 4351 23 19 to
579 4348 38 22 the

63 4377 93 29 novelty
166 4377 23 22 of
203 4377 38 22 the
257 4377 71 31 thing.
360 4377 62 31 They
431 4378 49 23 said
499 4378 50 23 that
563 4378 54 31 they

62 4408 39 23 did
111 4410 41 21 not
168 4408 79 30 belong
264 4410 24 21 to
304 4416 45 22 any
358 4416 42 15 one
414 4409 123 29 particular
546 4413 71 19 secret

62 4439 92 28 society,
171 4439 51 21 that
238 4439 55 28 they
308 4446 58 15 were
382 4439 82 29 simply
481 4439 97 30 striving
593 4442 23 20 to

62 4475 52 15 save
131 4468 58 22 their
205 4468 229 30 fellow-countrymen
452 4469 57 22 from
527 4477 76 22 oppres-

60 4498 49 23 sion
125 4498 44 22 and
187 4505 82 23 wrong,
281 4498 43 23 and
342 4499 51 23 that
408 4500 45 21 like
471 4502 61 20 them
552 4500 63 23 there

61 4536 57 15 were
138 4529 121 22 thousands
279 4530 49 22 who
347 4530 75 22 would
441 4530 109 31 willingly
570 4531 45 22 lose

60 4560 60 24 their
150 4559 55 25 lives
236 4560 23 24 in
282 4561 86 23 similar
391 4563 116 29 attempts.
552 4561 63 31 They

59 4591 90 22 assured
169 4599 34 13 me
222 4591 52 22 that
293 4592 19 21 it
332 4592 43 21 had
394 4592 56 21 been
468 4592 79 28 agreed
563 4592 52 22 that

59 4624 41 18 not
118 4627 41 14 one
180 4620 23 21 of
232 4620 61 21 them
317 4620 80 21 should
421 4620 39 22 fall
484 4621 58 21 alive
566 4622 48 21 into

60 4650 39 22 the
128 4648 71 23 hands
222 4648 23 23 of
269 4649 39 23 the
331 4648 98 24 Turkish
453 4650 160 29 Government,

60 4679 52 28 and,
138 4679 17 24 if
183 4686 123 23 necessary,
333 4680 53 29 they
410 4681 80 23 should
519 4681 37 24 die
584 4681 30 30 by

61 4711 59 22 their
135 4718 48 14 own
199 4710 78 22 hands.
321 4710 12 22 I
349 4711 68 22 asked
440 4712 61 22 them
521 4712 28 28 if,
560 4712 55 30 they

61 4740 44 23 had
116 4740 43 23 had
176 4747 44 23 any
236 4741 122 29 particular
375 4749 77 15 reason
469 4742 35 23 for
518 4742 97 30 singling

61 4774 41 18 out
113 4771 149 28 Wednesday,
274 4773 24 19 to
315 4771 74 21 which
399 4772 54 27 they
468 4772 85 27 replied
564 4773 52 21 that

60 4801 19 21 it
90 4808 45 14 was
151 4799 38 23 the
199 4799 44 30 day
261 4800 22 22 of
299 4800 39 22 the
349 4800 91 23 Council
450 4801 23 22 of
483 4801 115 23 Ministers
608 4810 6 19 ;

61 4830 52 28 and,
126 4831 38 22 the
181 4830 81 23 Galata
276 4832 52 28 part
337 4831 23 22 of
370 4831 38 22 the
419 4834 59 20 town
489 4832 65 30 being
569 4832 46 23 free

60 4862 58 22 from
137 4861 92 27 crowds,
250 4861 59 23 their
333 4862 74 22 action
427 4862 73 23 would
524 4862 27 23 be
570 4863 44 23 less

60 4892 70 28 likely
139 4894 22 20 to
172 4892 27 21 be
209 4892 104 28 opposed.
330 4892 32 22 As
373 4895 23 19 to
407 4892 58 22 their
472 4893 142 29 nationality,

61 4922 38 22 Mr
115 4921 86 23 Barker
217 4921 101 23 believed
335 4922 51 22 that
403 4922 30 22 all
450 4930 57 15 were
518 4923 97 23 Turkish

61 4952 107 29 subjects,
185 4951 55 23 with
261 4951 38 23 the
316 4952 117 30 exception
453 4953 23 22 of
494 4953 39 23 the
553 4953 63 24 three

62 4983 75 22 chiefs.
174 4982 53 23 Two
244 4982 23 23 of
284 4982 38 23 the
332 4983 69 22 chiefs
417 4991 57 15 were
483 4986 41 20 not
538 4984 62 23 Arme-

61 5013 65 21 nians
140 5012 57 22 from
213 5012 192 29 Constantinople,
424 5013 42 23 but
480 5014 57 22 from
556 5014 58 27 Van,

61 5042 45 22 and
126 5049 57 15 were
202 5042 23 22 of
239 5043 100 28 superior
358 5043 127 27 education,
510 5043 105 30 knowing

61 5071 103 28 Russian,
177 5071 92 28 French,
286 5072 105 28 Turkish,
402 5073 45 22 and
456 5073 80 22 Greek.
568 5073 47 22 The

62 5101 62 24 third
141 5101 43 23 had
201 5102 116 30 evidently
334 5102 60 23 lived
405 5110 12 15 a
427 5103 52 29 long
489 5103 55 23 time
553 5103 61 29 here,

60 5132 44 24 and
121 5132 64 24 knew
205 5132 38 24 the
259 5132 62 31 place
336 5133 57 23 well.
430 5133 63 30 They
507 5134 30 23 all
556 5142 59 15 were

60 5166 59 21 most
136 5163 138 24 determined
292 5172 58 21 men,
362 5164 44 23 and
426 5165 130 29 repeatedly
567 5165 48 23 told

62 5201 34 16 me
107 5194 51 23 that
168 5194 54 30 they
239 5195 73 23 would
328 5198 41 21 not
379 5196 50 29 give
440 5196 134 23 themselves
584 5203 31 23 up

61 5224 71 23 under
151 5232 43 21 any
213 5226 172 22 circumstances
400 5226 120 22 whatever.
552 5226 63 29 They

61 5261 57 15 were
125 5257 58 19 most
193 5255 92 22 anxious
293 5262 24 16 as
324 5258 23 20 to
358 5255 49 23 how
415 5256 59 22 their
484 5256 131 22 ultimatum

60 5284 75 23 would
153 5284 26 23 be
194 5285 109 28 received,
320 5285 44 23 and
381 5286 102 23 whether
492 5287 39 22 the
542 5286 73 28 rights

60 5315 94 24 claimed
171 5315 34 24 for
224 5316 37 23 the
278 5316 121 24 Armenian
409 5317 79 30 people
503 5315 74 25 would
588 5316 27 24 be

60 5346 115 22 accorded.
215 5346 44 23 For
278 5347 59 23 their
358 5346 51 31 live
422 5346 37 31 3or
480 5348 35 22 for
530 5347 85 30 pardon

61 5377 55 28 they
126 5375 39 25 did
175 5379 38 21 not
225 5384 58 21 care,
294 5380 79 28 except
384 5378 114 23 insomuch
509 5386 24 15 as
548 5377 18 24 if
575 5379 41 22 not

61 5408 119 22 successful
205 5408 23 23 in
252 5407 116 31 obtaining
387 5410 39 23 the
443 5409 93 23 reforms
560 5408 55 29 they

60 5437 70 22 asked
149 5438 35 21 for
202 5438 55 28 they
272 5438 74 23 would
365 5439 27 22 be
411 5440 58 21 alive
487 5439 34 22 for
538 5446 13 14 a
566 5445 49 15 new

59 5469 106 26 attempt,
177 5467 71 23 which
260 5467 54 30 they
321 5468 103 23 declared
434 5467 75 23 would
520 5467 27 23 be
554 5474 62 15 more

60 5497 92 23 terrible
163 5497 55 24 than
224 5498 111 31 anything
343 5499 57 22 done
410 5501 45 28 yet.
480 5498 71 23 What
561 5498 55 30 they

60 5529 89 23 wanted
165 5537 45 15 wa«
225 5530 39 23 the
281 5530 94 30 English
385 5530 88 29 project
483 5530 23 22 of
523 5529 94 23 reforms

60 5563 42 25 put
112 5560 97 21 forward
226 5561 22 20 in
265 5560 61 29 May,
340 5561 61 25 1895,
413 5561 42 21 but
471 5565 23 17 to
505 5560 46 22 this
561 5560 56 27 they

60 5589 45 21 had
125 5589 73 21 added
238 5589 108 22 Freedom
365 5589 45 22 and
434 5589 84 28 liberty
535 5588 21 22 of
577 5588 40 22 the

158 5619 38 22 the
206 5619 98 22 creation
314 5619 23 22 of
353 5627 12 14 a
376 5626 48 15 new
434 5618 122 23 Armenian
567 5625 38 22 pro-

60 5649 72 27 vince,
153 5648 43 23 and
216 5652 128 26 autonomy.
380 5649 72 23 These
472 5649 55 29 they
542 5647 74 24 would

59 5679 66 27 have,
137 5679 43 22 and
191 5679 17 22 if
218 5679 55 29 they
283 5679 39 22 did
333 5681 40 21 not
383 5681 38 28 get
432 5679 62 22 them
504 5685 50 16 now
561 5678 56 29 they

60 5708 75 22 would
146 5709 29 21 do
183 5716 24 14 so
217 5712 24 18 at
252 5716 59 14 some
322 5709 76 21 future
409 5709 61 21 time.

90 5739 73 22 When
175 5738 11 23 I
196 5738 118 23 remarked
324 5742 23 19 to
359 5739 61 22 them
436 5739 51 22 that
497 5738 11 23 I
519 5738 99 30 thought

63 5768 53 25 that
134 5769 39 24 the
192 5769 113 23 initiative
325 5769 55 32 they
399 5769 44 23 had
459 5769 69 24 taken
543 5768 75 24 would

643 181 97 24 alienate
756 178 38 24 the
813 173 122 34 sympathy
951 171 23 25 of
990 170 39 24 the
1049 168 89 24 Powers
1155 167 44 24 and

645 219 64 16 cause
719 219 13 14 a
742 208 81 24 fearful
833 212 108 18 massacre
951 203 24 23 of
991 203 141 24 Armenians,
1145 201 54 26 they

645 241 84 30 replied
739 250 6 15 :
784 239 72 24 Those
873 236 50 23 who
938 234 37 23 die
984 232 46 23 will
1041 231 29 23 do
1080 238 24 15 so
1115 237 23 15 as
1149 232 50 20 true

645 274 96 27 patriots
757 271 44 23 and
819 271 104 26 martyrs,
940 264 44 24 and
1003 271 25 15 as
1047 265 24 20 to
1085 262 40 23 the
1141 267 43 23 sym-

645 304 71 27 pathy
726 300 23 25 of
764 302 39 21 the
819 299 97 25 Powers,
927 296 18 22 if
955 302 33 15 we
1003 293 44 23 bad
1057 291 100 28 thought
1166 297 33 14 we

645 333 75 25 would
737 333 45 23 lose
798 331 19 23 it
833 337 33 15 we
883 325 74 26 would
976 325 57 24 have
1049 321 75 25 forced
1140 321 60 23 their

645 366 71 23 hands
734 365 29 27 by
779 361 123 28 remaining
920 359 23 23 in
966 357 38 23 the
1020 354 67 25 bank.
1181 359 16 15 11
1197 354 3 38 *

646 395 80 23 hatred
745 394 22 22 of
791 392 39 23 the
849 390 74 23 Turks
943 394 44 16 was
1005 384 89 31 beyond
1113 384 30 21 all
1162 384 24 20 de-

645 426 117 29 scription,
787 422 44 24 and
856 421 38 24 the
918 418 100 32 gloating
1037 415 23 24 of
1084 414 40 24 the
1143 414 56 22 rank

645 457 44 22 and
714 455 36 23 file
769 461 53 16 over
842 453 38 23 the
899 450 73 23 Turks
991 449 54 27 they
1066 445 44 23 had
1129 443 69 23 killed

647 495 45 15 was
716 485 82 31 simply
817 481 98 26 horrible
939 479 42 24 and
1001 484 87 23 savage.
1129 475 71 22 These

647 525 49 15 men
729 515 87 24 seemed
845 517 24 20 to
897 513 118 28 deprecate
1041 507 43 24 and
1113 507 87 27 despise

646 549 39 21 the
713 549 84 26 system
825 545 24 22 of
876 542 101 29 workiDg
1005 540 23 21 of
1062 538 37 22 the
1128 538 58 20 Hent-

645 577 69 23 schak
725 577 98 28 Society,
832 574 73 23 which
916 572 53 28 they
981 568 101 25 declared
1093 573 44 16 was
1148 573 27 14 on
1179 580 18 13 v

646 615 13 14 a
683 610 48 19 sort
754 606 23 22 of
801 603 190 26 ransom-earning
1014 604 116 23 company,
1157 597 42 20 and

647 637 43 23 had
715 639 40 20 not
779 636 39 22 the
842 632 100 32 political
966 632 55 21 aims
1045 629 23 23 of
1094 627 39 23 the
1159 627 27 21 Ar-

647 667 100 23 menians
764 668 25 20 at
805 666 71 22 heart.
915 662 34 24 Its
965 660 109 24 members
1089 664 58 17 were
1161 657 39 21 not

646 698 69 29 ready
726 701 23 20 to
765 697 37 23 die
817 696 34 24 for
866 695 59 24 their
935 695 102 26 country,
1068 689 47 24 One
1125 688 23 23 of
1162 688 39 21 the

646 730 70 21 chiefs
732 735 46 15 was
795 727 78 27 killed,
885 725 44 23 and
948 723 31 23 all
998 723 39 22 the
1056 720 65 23 other
1138 718 63 22 three

646 757 157 23 corroborated
821 756 62 22 what
892 754 53 23 each
957 753 48 22 told
1020 758 41 15 me.
1092 749 63 28 They
1165 749 24 21 de-

646 787 75 23 clared
739 791 24 19 to
781 794 34 14 me
833 786 51 22 that
900 785 55 28 they
966 782 74 23 would
1056 782 77 21 return
1150 779 51 21 here

647 818 97 29 through
761 816 139 27 Macedonia,
916 813 44 25 and
976 820 57 16 were
1052 808 113 26 confident
1179 807 23 23 of

646 857 87 15 success
744 849 23 22 in
778 848 58 23 their
847 850 55 19 next
911 843 196 25 demonstrations.
1139 839 62 28 They

647 887 57 15 were
721 887 54 21 very
786 878 92 23 anxious
899 880 23 19 to
942 876 66 22 know
1024 873 102 23 whether
1141 870 60 23 their

647 909 254 25 fellow-revolutionists
912 906 43 24 had
967 906 57 22 done
1035 903 64 24 much
1109 902 93 29 damage

647 941 55 22 with
722 940 59 22 their
798 939 84 26 bombs,
904 936 100 23 whether
1025 940 67 21 many
1109 932 93 22 soldiera

646 970 44 23 had
708 969 56 23 been
782 968 77 27 killed,
871 967 44 22 and
936 965 100 22 whether
1056 963 38 22 the
1110 961 92 23 soldiers

647 1000 43 24 had
708 1000 55 23 been
783 999 66 30 firing
868 1005 29 15 on
913 996 40 23 the
968 993 140 24 Armenians.
1139 991 63 29 They

647 1032 46 22 also
704 1031 48 23 told
764 1037 34 16 me
809 1029 50 23 that
870 1028 19 23 it
899 1027 44 23 had
954 1026 55 22 been
1020 1024 60 23 their
1090 1022 112 24 intention

647 1065 23 20 to
689 1062 41 22 kill
747 1061 30 22 all
795 1061 38 22 the
850 1058 73 23 Turks
939 1058 23 22 in
978 1056 39 23 the
1027 1055 88 28 employ
1127 1054 21 21 of
1165 1053 38 21 the

647 1092 60 22 bank
718 1091 75 22 before
802 1090 97 28 blowing
915 1088 38 22 the
970 1087 70 22 latter
1050 1092 37 21 up,
1099 1081 42 25 but
1152 1083 51 21 that

647 1122 54 29 they
721 1121 44 23 had
785 1123 40 19 not
844 1119 57 23 done
920 1125 24 15 so
963 1124 25 15 as
1007 1116 76 28 things
1108 1111 94 24 finished

647 1160 78 16 sooner
735 1151 54 23 than
801 1152 54 27 they
864 1147 116 32 expected.

675 1183 37 22 Mr
727 1182 86 22 Barker
829 1188 45 15 was
889 1178 114 27 evidently
1014 1174 122 32 impressed
1148 1174 54 22 with

647 1212 38 22 the
696 1212 116 27 desperate
822 1212 139 19 earnestness
971 1208 23 21 of
1004 1208 39 21 the
1053 1213 57 15 men.
1141 1204 62 27 They

647 1240 128 28 manifestly
786 1239 96 23 counted
903 1238 59 23 their
983 1237 55 22 lives
1057 1243 24 14 as
1099 1235 102 26 nothing,

646 1269 108 30 provided
765 1270 54 28 they
829 1268 65 22 could
906 1268 99 21 advance
1016 1266 38 22 the
1064 1266 106 21 interests
1181 1262 22 21 of

645 1301 59 22 their
714 1299 237 28 fellow-countrymen.

737 1336 48 15 THE
800 1335 63 16 BANK
881 1327 133 23 MANAGER'S
1028 1331 80 17 STORY.

673 1360 20 21 A
711 1359 103 27 thrilling
829 1361 95 18 account
943 1357 22 20 of
983 1356 52 21 that
1049 1356 67 19 event
1128 1353 18 21 is
1157 1353 45 20 also

644 1389 66 29 given
720 1389 30 28 by
762 1388 31 22 M.
805 1388 86 22 Gaston
902 1385 138 29 Auboyncau
1058 1384 22 21 in
1091 1390 13 15 a
1115 1382 87 29 private

644 1421 68 20 letter
736 1417 118 30 published
883 1417 23 21 in
937 1415 39 22 the
1002 1416 5 10 '
1016 1412 96 30 Figaro.'
1155 1411 47 22 The

644 1448 201 30 deputy-manager
856 1446 22 23 of
889 1446 38 23 the
937 1443 68 28 bank,
1017 1443 74 23 whose
1106 1442 68 22 letter
1184 1441 18 21 is

644 1479 68 24 dated
722 1479 34 23 six
767 1478 83 23 o'clock
861 1478 22 22 in
896 1476 38 23 the
949 1475 102 29 morning
1061 1473 22 23 of
1094 1473 38 22 the
1148 1471 54 24 27th

644 1511 52 26 ult.,
716 1516 46 16 was
781 1512 40 18 not
840 1508 53 28 only
913 1515 28 14 an
961 1513 40 21 eye
1019 1506 91 21 witness
1125 1503 23 22 of
1164 1502 38 21 the

645 1541 84 26 drama,
748 1539 42 23 but
807 1546 27 14 an
850 1541 70 23 actor,
932 1536 70 23 albeit
1012 1534 124 29 unwilling.
1167 1532 36 22 He

645 1571 64 23 acted
726 1571 39 22 the
781 1572 52 27 part
848 1569 23 22 of
888 1566 150 30 providential
1049 1563 151 32 peacemaker.

645 1602 59 22 Over
714 1602 34 21 his
756 1608 49 14 own
816 1598 104 30 splendid
930 1596 105 26 conduct,
1047 1596 35 21 his
1099 1601 105 23 presence

646 1632 22 22 of
692 1630 62 23 mind
783 1629 56 23 with
873 1629 38 21 the
941 1627 129 24 mutineers,
1096 1624 44 23 and
1170 1624 34 21 his

646 1669 83 23 energy
748 1660 56 23 with
824 1659 39 24 the
882 1657 93 25 Council
994 1657 22 23 of
1036 1656 117 23 Ministers
1177 1654 28 22 he

647 1701 75 22 passes
732 1691 89 31 lightly.
852 1690 54 23 This
915 1690 18 22 is
942 1689 38 23 the
988 1687 52 30 only
1049 1685 155 31 imperfection

647 1725 22 21 in
696 1724 33 21 his
753 1724 101 23 account,
874 1721 97 22 .written
995 1727 24 14 as
1043 1718 82 28 closely
1148 1723 23 14 as
1193 1723 12 14 a

647 1753 94 26 minute,
760 1751 44 23 and
819 1750 73 22 worth
912 1749 116 28 recording
1043 1755 25 14 as
1083 1754 12 14 a
1110 1753 56 22 page
1183 1745 22 21 of

648 1783 93 28 history.

764 1812 44 22 had
828 1812 47 28 just
901 1809 94 24 finished
1021 1807 118 27 luncheon,
1179 1807 27 21 he

649 1843 83 27 writes,
774 1842 64 21 when
858 1848 33 15 we
908 1839 69 23 heard
995 1847 12 14 a
1026 1838 43 22 few
1087 1839 87 26 reports
1185 1835 22 22 of

649 1873 104 23 firearms.
800 1871 10 23 I
836 1870 98 29 thought
963 1876 50 15 men
1051 1875 58 15 were
1141 1865 65 29 firing

649 1903 112 22 revolvers
781 1902 22 21 in
821 1901 39 22 the
880 1902 78 22 street,
976 1898 44 22 and
1038 1897 109 28 curiosity
1165 1896 26 22 im-

647 1932 74 29 pelled
732 1939 34 14 me
777 1934 24 19 to
811 1930 51 23 look
879 1937 34 14 on.
945 1929 34 22 On
997 1928 90 28 passing
1105 1925 98 29 through

648 1962 39 22 the
704 1961 110 29 building,
833 1960 12 22 I
861 1959 69 23 found
946 1965 40 15 our
1004 1957 45 22 hall
1069 1956 60 23 filled
1151 1956 54 21 with

647 1992 84 27 smoke,
743 1991 43 23 and
796 1998 12 14 a
818 1997 58 23 gang
887 1990 23 22 of
919 1997 50 14 men
981 1988 65 29 firing
1057 1995 26 14 on
1096 1987 29 22 all
1136 1986 66 22 sides.

649 2023 50 21 Had
718 2030 12 13 a
746 2021 90 29 quarrel
853 2021 88 21 arisen?
977 2018 42 22 No.
1052 2017 52 21 Men
1122 2016 83 22 hidden

648 2052 82 23 behind
742 2053 38 21 the
791 2050 54 23 door
856 2050 55 28 kept
921 2049 67 28 firing
1005 2056 23 15 as
1045 2047 45 23 fast
1106 2054 24 14 as
1150 2046 55 28 they

648 2083 65 22 could
733 2090 28 14 on
783 2081 36 22 the
840 2083 76 20 street.
958 2079 46 22 Our
1023 2077 81 26 clerks,
1126 2080 68 19 terror-

647 2113 108 26 stricken,
781 2119 58 16 were
863 2110 71 31 flying
958 2110 22 23 in
1012 2108 30 24 all
1073 2107 129 23 directions.

648 2144 125 27 Somebody
784 2143 50 22 who
844 2142 88 23 seemed
947 2143 24 21 to
981 2141 28 21 be
1019 2140 38 22 the
1068 2139 66 27 chief,
1146 2137 60 23 cried

648 2177 54 20 out:
719 2173 84 23 'Don't
819 2172 27 21 be
863 2171 78 22 afraid.
975 2170 41 21 We
1036 2170 56 21 have
1112 2169 95 26 nothing

649 2205 88 29 against
746 2210 52 22 you.
829 2202 65 28 Keep
903 2200 79 31 quiet.'
1011 2199 46 23 But
1072 2198 46 23 this
1135 2205 60 15 assur-

649 2242 62 19 ance,
723 2233 85 23 backed
820 2240 30 19 up
866 2232 30 28 by
913 2231 70 25 shots,
1002 2237 45 14 was
1064 2229 98 27 scarcely
1173 2235 22 14 re-

649 2264 108 29 assuring.
789 2263 36 22 Sir
835 2262 75 29 Edgar
921 2261 98 22 Vincent
1029 2262 40 27 got
1078 2261 40 20 out
1129 2258 29 29 by
1169 2257 38 23 the

649 2295 55 27 roof,
716 2293 119 27 intending
845 2296 24 19 to
880 2292 41 22 call
938 2292 23 21 in
979 2291 38 22 the
1035 2289 71 30 police
1124 2289 28 28 by
1169 2288 38 22 the

649 2332 60 16 same
720 2331 56 22 way.
809 2323 41 22 We
861 2323 53 21 thus
924 2329 57 15 were
992 2320 41 23 left
1043 2320 23 22 in
1082 2327 13 15 a
1111 2321 59 21 state
1185 2318 23 23 of

650 2355 143 27 uncertainty
804 2353 34 23 for
848 2360 13 15 a
871 2353 61 22 time.

701 2384 47 23 The
759 2384 39 22 fire
809 2384 55 21 from
876 2383 39 22 the
930 2381 60 23 bank
1001 2388 45 15 was
1061 2387 50 15 now
1122 2381 45 20 met
1177 2379 30 28 by

649 2415 90 30 equally
750 2413 94 31 spirited
856 2412 66 29 firing
937 2412 57 23 from
1006 2411 38 22 the
1061 2414 82 24 troops.
1176 2409 32 22 At

650 2445 77 29 length
739 2452 32 14 we
782 2443 120 23 succeeded
914 2443 22 21 in
948 2442 89 28 talking
1052 2444 23 19 to
1091 2441 38 21 the
1140 2439 66 27 chief,

650 2476 50 21 who
718 2474 47 23 said
776 2482 5 14 :
805 2475 6 10 '
823 2473 40 21 We
882 2473 55 21 have
953 2479 28 14 no
997 2470 90 30 quarrel
1097 2470 56 21 with
1170 2469 38 21 the

650 2505 59 23 baDk
734 2511 25 16 or
783 2504 30 23 its
837 2503 79 23 clerks.
958 2501 43 23 We
1024 2508 38 15 are
1086 2499 121 23 Armenian

650 2537 97 30 patriots
764 2536 55 22 bent
834 2543 29 14 on
878 2541 41 16 our
1033 2531 82 24 Unless
1125 2538 33 15 we
1175 2537 22 16 re-

650 2569 61 21 ceive
722 2566 140 22 satisfaction
873 2572 33 14 we
925 2564 56 22 have
992 2564 51 21 here
1054 2560 154 25 wherewithal

650 2600 24 19 to
699 2597 57 21 blow
777 2604 30 20 up
827 2595 38 22 the
885 2594 59 22 bank
965 2593 44 22 and
1029 2593 39 21 the
1087 2591 120 27 employe?,

651 2626 65 23 much
728 2633 23 15 as
763 2633 32 14 we
805 2624 80 23 should
896 2626 74 26 regret
981 2623 45 22 this
1037 2621 93 23 course.'
1155 2616 54 26 This

650 2657 61 23 little
722 2656 88 29 speech,
823 2654 113 23 delivered
954 2654 22 21 in
987 2652 111 23 excellent
1113 2650 94 27 French,

651 2695 45 15 was
706 2685 108 25 endorsed
826 2685 30 29 by
867 2685 39 22 the
916 2684 105 29 eloquent
1031 2681 178 25 demonstration

650 2718 23 22 of
689 2725 12 14 a
719 2717 57 28 heap
794 2716 22 22 of
833 2715 78 22 bombs
927 2715 23 21 in
967 2714 39 22 the
1021 2713 52 21 hall.
1106 2712 51 21 You
1168 2718 39 15 can

652 2746 138 23 understand
802 2746 38 22 the
850 2745 85 22 mental
946 2746 59 19 state
1016 2743 22 22 of
1055 2750 41 14 our
1106 2741 90 22 unfortu-

652 2780 52 20 nate
720 2776 79 24 clerks.
831 2775 11 23 I
859 2774 82 23 offered
958 2781 40 15 our
1008 2772 118 23 assailants
1144 2774 23 19 to
1183 2778 26 22 go

652 2812 24 19 to
694 2808 38 22 the
749 2807 80 23 Palace
847 2810 24 18 to
888 2805 121 29 negotiate.
1040 2804 63 28 They
1122 2805 85 26 accept,

644 2832 1 29 I
652 2839 44 22 and
708 2840 34 21 set
752 2838 60 21 forth
831 2836 59 23 their
901 2835 107 23 demands
1026 2842 27 14 on
1064 2833 39 23 the
1114 2832 58 22 basis
1188 2832 22 22 of

654 2877 12 14 a
676 2871 53 19 note
746 2866 112 23 delivered
876 2866 30 28 by
924 2865 62 22 them
1005 2868 22 18 to
1043 2864 39 22 the
1092 2863 103 22 Ambassa-

652 2898 58 22 dors.
742 2897 11 23 I
764 2897 39 22 ask
821 2897 61 22 them
900 2898 23 20 to
940 2895 31 22 let
988 2897 45 20 two
1043 2893 73 23 clerks
1127 2899 69 16 accom-

651 2935 60 22 pany
729 2934 40 16 me.
802 2926 62 28 They
881 2926 65 22 allow
962 2932 35 15 me
1016 2924 53 28 only
1089 2931 41 15 one
1150 2930 57 20 man,

650 2958 45 21 and
706 2957 101 28 Pangiris
818 2957 134 21 volunteers.
985 2955 46 21 The
1042 2953 112 27 difficulty
1164 2960 45 14 was

650 2994 50 15 now
711 2990 23 19 to
744 2991 39 25 get
793 2989 40 20 out
843 2986 49 22 into
903 2985 38 22 the
951 2986 77 21 street,
1041 2983 103 23 crowded
1154 2981 55 23 with

649 3018 94 21 Eoldiers
759 3016 66 28 firing
842 3019 24 18 at
876 3015 100 22 random.
1009 3014 41 21 We
1061 3013 111 29 appeared
1183 3014 24 20 at

649 3054 13 14 a
678 3046 96 22 window
793 3046 24 21 in
836 3045 66 22 order
922 3047 23 19 to
962 3044 85 28 parley.
1092 3042 42 21 We
1151 3049 58 14 were

649 3075 101 23 received
781 3075 29 28 by
842 3083 12 14 a
881 3074 74 28 volley
985 3073 23 23 of
1037 3072 125 26 musketry,
1194 3079 13 15 a

649 3106 87 23 cornice
751 3105 125 29 crumbling
894 3112 53 14 over
962 3111 41 15 our
1019 3103 75 23 heads,
1133 3102 75 29 Every

649 3144 80 20 person
758 3136 101 28 showing
887 3134 91 23 himself
1014 3141 45 15 was
1088 3133 55 22 fired
1172 3134 32 21 at.

650 3167 11 22 I
690 3167 53 28 only
772 3166 78 29 passed
880 3172 74 14 across
983 3171 13 14 a
1025 3163 104 25 window,
1162 3162 44 22 and

649 3197 153 29 immediately
828 3204 13 14 a
872 3195 72 22 bullet
974 3193 104 23 smashed
1110 3192 97 29 through

650 3228 39 21 the
706 3235 64 21 pane.
815 3225 150 29 Fortunately
982 3232 33 14 we
1036 3224 43 22 had
1100 3232 13 14 a
1128 3223 80 23 Palace

650 3258 80 22 official
755 3260 24 20 at
802 3257 39 22 the
865 3255 67 24 bank.
975 3254 35 23 He
1031 3254 44 23 had
1097 3261 61 15 come
1184 3257 23 18 to

650 3296 44 21 pay
704 3296 13 14 a
727 3287 50 27 call,
797 3287 43 22 and
856 3294 45 14 was
916 3294 13 14 a
946 3286 106 27 prisoner.
1085 3284 35 23 He
1138 3287 69 19 wrote

650 3326 12 13 a
673 3318 68 22 letter
751 3318 23 21 in
784 3317 73 22 which
869 3317 27 21 he
904 3315 48 23 said
963 3316 51 22 that
1023 3315 26 22 he
1060 3315 44 21 and
1115 3314 11 22 I
1134 3314 73 22 would

650 3355 28 22 go
696 3351 23 20 to
737 3348 39 23 the
793 3347 80 23 Palace
889 3354 23 15 as
923 3345 162 24 truce-bearers
1095 3352 27 15 on
1132 3343 63 24 condi-

650 3379 48 21 tion
716 3378 88 29 nobody
815 3385 46 15 was
881 3377 53 22 hurt
950 3376 81 30 during
1049 3383 40 15 our
1106 3375 99 22 absence.

650 3408 47 22 The
708 3408 68 22 letter
793 3415 45 14 was
856 3407 31 22 let
905 3407 65 22 down
987 3406 29 29 by
1028 3414 12 13 a
1050 3406 79 29 string.
1160 3405 47 22 The

650 3439 63 29 reply
724 3446 45 14 was
786 3437 94 29 delayed
896 3437 34 22 for
948 3444 12 15 a
977 3437 72 21 whole
1066 3436 63 27 hour,
1141 3435 66 23 while

651 3469 63 22 three
724 3476 57 19 men,
800 3467 77 27 killed,
896 3468 37 28 lay
950 3467 23 22 in
991 3467 61 29 pools
1068 3466 22 22 of
1107 3465 65 22 blood
1184 3466 22 21 in

651 3500 38 21 the
699 3499 53 27 hall,
763 3498 45 23 and
820 3498 37 22 the
875 3497 109 22 wounded
1002 3496 55 30 kept
1064 3504 30 21 up
1104 3503 14 14 a
1127 3496 80 22 chorus

650 3529 23 23 of
690 3528 159 31 heartrending
866 3528 62 23 cries.
959 3527 33 23 At
1006 3527 77 30 length
1095 3526 38 24 the
1143 3526 64 30 reply

650 3568 61 15 came
721 3560 47 23 tied
779 3564 24 18 to
814 3561 38 21 the
862 3559 78 29 string.
972 3559 47 22 The
1034 3557 74 24 Turks
1119 3558 46 22 will
1176 3558 31 22 let

650 3598 25 14 us
685 3598 57 21 pass.
774 3590 47 22 The
831 3590 141 25 Armenians,
989 3589 110 25 however,
1111 3588 46 21 will
1167 3590 40 19 not

650 3627 56 22 open
716 3620 39 22 the
765 3620 54 22 door
834 3620 35 21 for
886 3619 47 22 fear
950 3619 22 22 of
990 3618 122 28 treachery.
1144 3617 63 27 They

650 3658 59 15 warn
730 3658 26 15 ua
776 3649 51 24 that
845 3651 25 21 at
890 3649 38 23 the
948 3648 49 23 first
1016 3648 51 23 shot
1087 3648 54 29 they
1161 3647 46 23 will

650 3682 103 22 retaliate
770 3683 25 20 at
812 3682 38 21 the
867 3687 96 23 expense
978 3679 24 23 of
1018 3686 40 15 our
1075 3686 50 15 own
1142 3678 62 23 lives.

650 3712 42 21 We
709 3712 63 28 jump
788 3713 40 20 out
847 3710 23 22 of
889 3718 13 13 a
922 3710 95 21 window
1033 3710 56 21 with
1107 3717 13 14 a
1137 3709 69 21 white

649 3740 48 32 flag.
729 3740 98 24 Soldiers
844 3739 110 23 surround
965 3739 44 23 and
1024 3741 87 28 protect
1123 3745 32 21 us,
1172 3738 35 23 for

648 3773 85 23 several
744 3772 42 24 Old
804 3771 74 24 Turks
895 3780 37 15 are
948 3771 109 30 prowling
1071 3770 69 24 about
1151 3769 55 24 with

648 3804 70 25 clubs,
736 3803 45 21 and
798 3804 55 26 they
864 3806 37 23 try
918 3806 22 17 to
956 3802 50 27 give
1022 3809 26 12 us
1066 3801 139 21 knockdown

648 3832 75 22 blows.
755 3831 12 22 I
777 3834 61 19 went
849 3833 22 20 to
883 3830 38 23 the
937 3833 51 26 post
998 3830 23 22 of
1035 3829 116 22 Harakeni
1162 3829 44 22 and

648 3861 92 24 notified
758 3865 23 19 to
799 3869 12 15 a
828 3860 90 31 general
938 3861 63 23 there
1019 3860 51 22 that
1087 3860 27 22 he
1131 3859 74 23 would

648 3900 86 16 answer
753 3900 59 22 upon
837 3892 34 22 his
896 3891 38 23 life
953 3891 43 23 and
1019 3891 68 23 honor
1107 3890 51 24 that
1177 3898 28 15 no

648 3924 121 22 hostilities
784 3922 75 23 would
876 3922 27 22 be
923 3921 126 30 attempted
1066 3921 82 29 during
1168 3928 37 22 my

647 3954 100 21 absence.

648 3983 6 22 i
701 3982 52 22 And
770 3982 51 22 here
841 3982 11 21 I
873 3989 34 14 am
927 3983 25 20 at
976 3981 39 22 the
1040 3980 86 23 Palace.
1158 3980 47 22 The

648 4011 61 24 First
720 4012 116 29 Secretary
852 4011 111 23 examines
974 4018 41 21 me,
1028 4010 43 23 and
1090 4010 52 31 take
1155 4010 13 31 3
1181 4010 25 31 me

649 4046 24 19 to
688 4043 38 22 the
737 4043 92 22 Council
844 4042 23 23 of
884 4042 116 23 Ministers
1014 4050 50 14 now
1075 4042 87 28 sitting.
1194 4041 11 22 I

649 4074 39 22 tell
699 4081 37 21 my
747 4076 70 26 story,
829 4072 44 23 and
883 4072 87 23 declare
981 4072 59 28 that,
1052 4072 66 23 while
1134 4072 10 22 I
1156 4079 49 15 care

649 4107 39 19 not
704 4111 12 15 a
732 4103 29 30 fig
779 4103 34 23 for
831 4103 120 23 Armenian
969 4103 135 28 grievances,
1117 4102 12 22 I
1144 4104 61 20 must

648 4135 66 22 insist
732 4142 28 15 on
780 4142 40 14 our
840 4133 72 23 clerks
931 4133 44 23 and
995 4141 40 15 our
1054 4133 61 23 bank
1139 4132 67 29 being

648 4164 74 24 saved.
759 4164 53 23 Two
835 4164 115 23 Ministers
975 4167 60 20 treat
1059 4164 38 23 the
1122 4166 84 20 matter

648 4196 76 22 rather
741 4203 24 15 as
782 4203 12 14 a
811 4194 58 28 joke.
901 4195 33 23 On
951 4195 45 22 this
1011 4194 11 23 I
1038 4194 87 23 declare
1141 4193 64 29 flatly

648 4226 51 22 that
709 4225 11 23 I
732 4225 51 23 hold
799 4225 42 23 His
852 4225 99 29 Majesty
966 4225 137 28 responsible
1118 4224 35 22 for
1164 4231 41 14 our

648 4257 61 21 lives.
741 4256 46 22 The
804 4255 76 23 Grand
897 4255 75 23 Vizier
987 4255 51 22 asks
1054 4263 34 14 me
1105 4257 24 20 to
1139 4254 52 22 with-

647 4286 61 23 draw
721 4288 6 10 '
735 4288 23 21 to
769 4285 51 24 look
830 4286 59 22 after
897 4293 37 21 my
945 4286 116 22 business.'
1090 4284 33 23 To
1131 4284 74 22 which

647 4316 11 22 I
669 4319 72 19 retort
751 4317 50 21 that
811 4316 11 22 I
834 4316 46 22 will
890 4320 40 18 not
939 4316 63 22 leave
1018 4316 38 21 the
1067 4323 61 14 room
1139 4314 52 22 with-

647 4349 40 19 out
709 4346 113 28 receiving
845 4345 80 23 formal
949 4352 136 15 assurances.
1124 4344 67 22 Fortu-

646 4377 76 29 nately
742 4376 36 25 Sir
798 4376 75 30 Edgar
893 4375 99 24 Vincent
1010 4375 92 28 arrives,
1121 4374 83 29 having

645 4408 93 28 escaped
763 4408 56 23 from
845 4407 38 23 the
908 4407 77 29 Regie,
1011 4406 74 23 where
1106 4406 28 22 he
1159 4412 46 15 was

645 4438 130 22 blockaded.
809 4438 41 21 We
868 4445 102 21 compare
988 4439 71 23 notes,
1079 4436 44 22 and
1140 4442 65 21 agree

645 4475 59 22 upon
724 4467 62 23 what,
805 4470 24 19 to
848 4467 40 22 tell
908 4467 40 22 the
967 4467 169 21 Government:
1158 4465 47 21 The

645 4505 49 15 men
706 4498 22 22 in
739 4498 38 21 the
788 4497 60 22 bank
864 4500 23 19 to
898 4497 27 22 be
935 4496 105 23 removed
1051 4495 154 28 immediately

644 4536 28 15 on
683 4536 12 15 a
706 4528 85 30 foreign
801 4528 59 30 ship,
872 4527 44 22 and
932 4527 40 22 the
981 4526 87 28 foreign
1079 4525 127 22 Embassies

645 4562 23 21 to
685 4559 80 30 pledge
783 4558 135 24 themselves
937 4558 35 23 for
989 4557 61 23 their
1069 4555 81 30 eafety.
1182 4554 25 24 It

644 4598 45 14 was
700 4598 12 14 a
723 4589 55 22 hard
789 4592 42 18 nut
847 4592 24 18 to
885 4589 75 23 crack,
972 4588 43 20 but
1029 4586 177 27 providentially

644 4618 124 27 Maximoff,
781 4617 38 22 the
831 4617 96 21 Russian
943 4615 130 28 dragoman,
1090 4620 62 14 came
1167 4620 36 20 up.

645 4648 35 24 He
700 4648 65 24 knew
785 4646 103 30 nothing,
908 4645 44 23 and
970 4651 46 16 was
1032 4643 59 23 after
1101 4642 92 23 informa-

644 4681 54 23 tion.
731 4679 36 23 He
784 4686 46 15 was
847 4676 87 31 willing
952 4678 23 21 to
991 4683 62 16 come
1069 4673 44 24 and
1129 4672 76 32 parley

644 4711 56 22 with
720 4711 39 22 the
780 4709 141 26 Armenians,
942 4707 43 22 but
1005 4707 38 21 the
1063 4705 79 23 Sultan
1162 4711 45 15 was

644 4741 47 23 still
711 4740 130 29 hesitating.
874 4739 35 22 He
930 4736 113 24 hesitated
1064 4743 28 15 an
1116 4734 89 23 endless

645 4772 73 21 while.
749 4770 47 22 The
814 4770 50 22 idea
880 4776 46 15 was
944 4768 94 29 preying
1055 4774 28 14 on
1100 4773 35 14 me
1155 4765 52 22 that

645 4801 38 22 the
702 4808 55 22 paor
776 4799 74 23 clerks
869 4805 58 16 were
947 4798 101 28 waiting,
1066 4796 52 22 that
1132 4794 12 23 I
1163 4793 43 22 had

644 4831 112 30 promised
782 4834 23 19 to
826 4832 86 25 return,
934 4827 44 24 and
1003 4827 52 23 that
1073 4826 55 29 they
1149 4831 58 16 were

644 4862 97 30 perhaps
751 4861 111 26 doubting
872 4867 38 22 my
921 4859 70 23 word.

698 4893 32 22 At
740 4892 86 29 length,
838 4893 24 21 at
875 4892 22 21 11
910 4897 64 22 p.m.,
986 4896 33 15 we
1031 4895 37 16 are
1078 4886 95 23 allowed
1182 4888 24 20 to

645 4923 114 28 negotiate
786 4929 13 15 a
822 4920 157 31 capitulation.
1025 4919 33 21 As
1082 4925 29 15 no
1135 4916 71 22 vessel

645 4952 69 23 sailed
735 4956 24 19 at
779 4952 45 23 this
844 4952 56 23 time
919 4950 23 23 of
968 4949 74 31 night,
1069 4947 35 25 Sir
1129 4946 77 29 Edgar

645 4984 82 22 offered
738 4984 34 22 his
782 4983 76 29 yacht.
889 4981 62 23 Back
968 4984 24 19 to
1010 4980 38 23 the
1058 4979 69 22 bank.
1159 4977 47 23 But

646 5014 38 21 the
703 5014 56 21 riots
779 5013 44 22 had
841 5011 135 30 apparently
1001 5010 93 22 swollen
1118 5010 24 20 to
1167 5015 26 14 un-

645 5043 108 29 expected
772 5042 152 29 proportions,
945 5040 35 22 for
1000 5047 28 14 on
1046 5039 39 21 the
1101 5037 54 23 road
1172 5043 33 14 we

645 5080 61 14 came
715 5080 74 15 across
800 5079 60 14 more
878 5071 56 22 than
950 5072 89 25 twenty
1049 5067 57 23 dead
1117 5066 85 22 bodies.

645 5102 53 23 This
716 5102 19 23 is
752 5109 41 16 our
810 5101 52 29 plan
873 5110 5 13 :
895 5098 120 25 Maximoff
1030 5097 46 23 will
1092 5098 41 21 not
1142 5097 65 21 enter

645 5133 39 23 the
694 5132 60 24 bank
765 5132 35 23 for
810 5132 47 23 fear
868 5131 22 23 of
900 5130 67 30 being
977 5129 57 30 kept
1044 5135 24 16 as
1078 5135 14 15 a
1102 5127 101 27 hostage.

644 5164 12 23 I
676 5164 47 23 will
741 5168 64 19 enter
824 5162 57 24 with
901 5169 29 15 an
946 5160 165 28 aide-de-camp
1129 5156 22 23 of
1167 5156 39 23 the

645 5194 80 24 Sultan
741 5201 24 16 as
783 5201 41 15 our
833 5192 128 28 safeguard,
974 5191 44 22 and
1029 5190 40 22 ask
1080 5195 43 17 one
1132 5187 24 23 of
1167 5187 39 22 the

645 5224 70 23 chiefs
732 5227 24 20 to
772 5231 62 15 come
851 5221 44 24 and
912 5222 115 29 negotiate
1038 5221 23 22 in
1072 5219 39 22 the
1125 5219 78 21 street.

645 5253 149 29 Fortunately
811 5260 34 15 we
859 5260 42 14 can
918 5252 79 29 parley
1007 5250 31 29 by
1048 5250 40 22 the
1099 5247 104 23 window.

645 5284 47 23 The
716 5283 55 23 road
796 5284 19 22 is
839 5282 88 23 cleared
951 5281 44 23 and
1020 5280 51 22 well
1095 5275 108 32 guarded.

645 5314 136 24 Maximoffg
791 5314 120 29 eloquence
921 5313 45 22 and
977 5310 181 32 persuasiveness
1169 5313 38 17 are

645 5345 130 22 admirable.
816 5344 48 22 The
883 5343 134 23 Armenians
1042 5339 120 26 withdraw
1182 5340 25 20 to

645 5375 132 27 delilwrate,
803 5373 44 23 and
871 5374 66 29 bring
960 5372 58 24 back
1047 5371 61 24 their
1132 5368 71 31 reply.

645 5406 64 29 They
720 5405 46 22 will
781 5407 40 20 not
830 5404 120 23 surrender
960 5403 98 23 without
1073 5403 134 28 guarantees

645 5436 23 22 of
678 5436 89 21 reform.
799 5434 120 22 Maximoff
927 5436 89 19 returns
1027 5435 23 20 to
1062 5433 39 21 the
1116 5431 87 27 charge.

646 5467 32 21 At
697 5465 52 27 last,
770 5466 25 19 at
814 5471 41 14 one
875 5462 83 23 o'clock
985 5463 23 22 in
1036 5462 39 22 the
1094 5460 111 28 morning,

646 5496 55 29 they
727 5494 85 22 deliver
837 5494 135 22 themselves
996 5499 37 23 up.
1080 5490 68 24 Their
1172 5490 34 21 six

647 5525 110 25 wounded
777 5524 44 23 and
841 5525 63 23 three
924 5523 71 23 killed
1022 5523 47 23 will
1085 5522 28 24 be
1138 5520 69 24 taken

646 5560 24 19 to
681 5557 39 22 the
730 5556 96 21 Russian
836 5554 105 29 hospital.
965 5553 47 22 The
1021 5553 54 22 door
1085 5554 19 20 is
1112 5551 93 28 opened.

646 5587 24 21 It.
680 5593 46 14 was
737 5584 131 22 barricaded
886 5584 56 21 with
952 5583 55 27 bags
1024 5582 23 22 of
1064 5581 140 29 medjidiehs.

646 5616 64 28 They
720 5614 71 27 leave,
802 5612 158 30 accompanied
977 5611 30 30 by
1018 5612 36 22 Sir
1070 5611 76 29 Edgar
1163 5609 45 24 and

647 5644 124 25 Maximoff.
803 5643 11 24 I
825 5643 65 23 cheer
901 5650 29 22 up
942 5641 38 24 the
988 5641 80 28 clerks,
1081 5641 53 23 then
1146 5641 62 22 leave

648 5677 39 22 the
696 5675 69 27 bank,
777 5673 45 23 and
832 5674 55 21 visit
901 5673 39 22 the
957 5672 85 22 cellars.
1080 5672 21 22 A
1119 5670 89 31 general

647 5706 45 23 and
702 5705 94 22 soldiers
810 5710 62 15 come
883 5703 55 21 with
956 5709 42 15 me.
1036 5701 47 22 Our
1100 5701 49 22 first
1164 5701 33 20 dis-

648 5742 82 23 covery
740 5735 19 23 is
769 5742 13 14 a
793 5734 42 29 bag
846 5732 23 23 of
883 5731 125 30 dynamite,
1020 5731 45 22 and
1080 5730 90 23 further
1180 5737 28 14 on

647 5765 85 26 bombs.
763 5764 49 25 The
822 5762 72 25 whole
899 5756 38 30 lot
947 5761 19 25 is
976 5760 114 32 conveyed
1105 5762 24 22 to
1139 5767 13 17 a
1162 5759 46 24 safe

1230 168 67 31 place.
1344 168 43 24 We
1411 174 64 23 carry
1501 174 64 23 away
1588 166 39 24 the
1655 165 58 24 dead
1744 165 44 24 and

1229 200 152 22 wounded—a
1400 199 99 23 horrible
1518 199 62 28 sight
1599 205 27 15 on
1645 205 13 14 a
1668 197 59 22 clear
1744 196 44 23 and

1228 231 68 22 silent
1306 231 72 29 night.
1417 230 47 22 The
1480 231 103 20 servants
1600 235 38 15 are
1647 231 36 19 set
1693 230 24 20 to
1727 227 62 23 wash

1229 262 43 22 and
1282 269 75 21 sweep
1367 268 64 21 away
1442 260 38 23 the
1492 262 72 21 traces
1574 259 23 23 of
1615 259 63 22 these
1689 258 96 23 horrors.

1230 292 41 21 We
1291 292 69 21 found
1381 299 12 13 a
1413 291 43 28 bag
1475 290 24 22 of
1522 290 116 28 dynamite
1658 289 131 27 containing

1228 321 58 28 251b,
1298 320 116 31 forty-five
1424 319 57 30 bomb
1481 319 29 30 3,
1522 318 141 31 twenty-five
1673 318 117 31 dynamite

1228 353 132 29 cartridges,
1378 352 43 24 and
1432 361 13 14 a
1455 352 34 23 lot
1498 352 23 23 of
1536 351 102 24 revolver
1655 349 131 30 cartridges.

1228 384 71 22 These
1310 391 58 14 were
1379 384 30 21 all
1419 384 66 28 given
1495 389 30 22 up
1537 384 23 20 to
1569 382 38 22 the
1618 380 76 23 Grand
1703 380 87 21 Master

1228 413 23 23 of
1279 413 118 30 Artillery.
1439 412 42 24 We
1506 412 43 23 had
1572 419 13 15 a
1609 410 103 24 hundred
1745 409 43 23 and

1228 445 61 28 forty
1309 444 113 29 employes
1442 444 22 22 in
1485 443 39 23 the
1543 442 60 23 bank
1623 441 45 23 and
1685 441 103 22 fourteen

1256 505 48 23 The
1330 504 180 23 Revolutionists
1540 502 128 30 (according
1698 504 23 21 to
1750 501 39 22 the

1231 535 80 29 'Daily
1332 534 81 23 News'
1433 535 85 27 report)
1538 533 123 23 numbered
1680 532 54 28 only
1754 532 24 22 be-

1230 568 72 20 tween
1313 565 74 28 thirty
1402 564 43 22 and
1463 564 68 28 forty.
1563 563 69 22 Their
1648 561 87 23 leaders
1752 568 38 16 are

1230 596 96 23 Russian
1337 594 140 23 Armenians.
1504 593 92 22 Besides
1607 592 59 23 their
1677 592 113 23 revolvers

1230 626 54 29 they
1295 624 86 24 carried
1392 624 70 22 about
1472 623 86 23 sixteen
1575 622 87 30 pounds
1680 622 23 22 of
1720 622 55 28 dyna-

1230 657 54 23 mite
1296 656 55 22 with
1364 655 69 27 them,
1445 653 86 23 several
1541 653 78 23 bombs
1629 652 23 22 of
1663 652 69 22 about
1741 652 49 22 four

1230 690 24 21 to
1264 687 33 23 six
1309 686 76 23 inches
1395 686 22 22 in
1429 685 117 27 diameter,
1561 683 44 23 and
1623 690 68 23 many
1700 682 90 23 smaller

1230 726 53 14 ones
1302 716 95 30 charged
1419 716 56 22 with
1494 715 66 22 other
1579 714 131 29 explosives.
1743 713 47 22 The

1230 748 116 28 dynamite
1357 754 45 14 was
1413 749 23 19 to
1446 746 27 22 be
1484 746 54 21 used
1550 753 23 14 as
1588 753 13 13 a
1618 745 44 21 last
1679 751 108 15 resource.

1230 779 67 21 Their
1308 777 50 22 idea
1368 784 45 14 was
1424 779 23 18 to
1459 775 52 22 hold
1522 775 30 21 all
1563 775 63 21 those
1642 774 23 22 in
1676 774 38 22 the
1729 773 59 21 bank

1231 817 23 15 as
1265 808 103 30 hostages
1378 806 34 23 for
1423 805 60 24 their
1493 805 42 28 live
1535 805 22 28 3,
1569 804 43 23 and
1624 804 61 27 then,
1703 803 17 23 if
1731 802 59 24 their

1231 839 107 23 demands
1349 845 58 15 were
1424 839 40 21 not
1480 835 103 31 granted,
1603 838 24 21 to
1642 834 59 23 blow
1719 834 56 23 them-

1231 871 71 23 selves
1313 877 37 20 up,
1365 868 104 30 together
1479 867 56 22 with
1548 867 37 21 the
1595 866 113 29 employes
1718 865 23 22 of
1752 864 38 23 the

1231 900 67 25 bank.
1330 899 62 29 They
1409 906 37 15 are
1462 897 105 31 reported
1585 899 24 21 to
1626 896 58 23 have
1701 895 89 23 handed

1231 933 22 21 in
1265 932 59 22 their
1334 929 107 24 demands
1452 931 23 20 to
1486 928 85 22 several
1581 927 23 22 of
1614 927 39 22 the
1665 927 125 21 Embassies

1231 962 43 22 and
1293 964 24 19 to
1334 960 39 22 the
1393 959 75 27 Porte,
1489 958 44 22 and
1555 956 132 23 threatened
1708 958 24 20 to
1752 963 38 14 use

1232 991 59 23 their
1301 990 125 30 explosives
1441 989 58 23 after
1510 991 45 20 two
1565 987 56 30 days
1638 986 18 23 if
1666 993 28 15 no
1705 993 86 15 answer

1233 1029 57 16 were
1300 1021 108 24 received.

1260 1053 47 22 The
1327 1052 43 22 five
1395 1050 73 23 hours'
1488 1049 81 23 mortal
1593 1048 92 29 anxiety
1705 1047 23 23 of
1752 1047 39 22 the

1233 1083 72 23 clerks
1322 1082 101 22 between
1444 1081 31 22 M.
1496 1079 157 29 Auboyneau'a
1670 1078 121 29 departure

1232 1114 57 22 from
1314 1112 44 23 and
1383 1114 76 20 return
1485 1113 23 19 to
1532 1109 39 23 the
1595 1108 60 24 bank
1680 1116 38 14 are
1741 1108 51 22 best

1233 1142 116 25 described
1374 1142 21 23 in
1420 1149 13 16 a
1457 1141 80 24 clerk's
1561 1148 50 15 own
1635 1138 80 24 words.
1756 1137 36 24 He

1233 1175 76 22 writes
1328 1176 23 20 to
1367 1181 12 14 a
1397 1172 73 23 friend
1487 1173 22 21 in
1531 1171 77 23 Paris:
1692 1177 46 14 was
1757 1169 35 22 six

1233 1204 90 22 o'clock.
1365 1203 42 21 We
1424 1201 83 22 waited
1532 1201 125 27 anxiously,
1678 1207 40 14 our
1739 1200 53 26 only

1232 1233 177 23 entertainment
1424 1231 67 28 being
1508 1231 38 21 the
1564 1229 68 22 rattle
1642 1229 23 21 of
1675 1228 117 28 musketry

1232 1263 88 22 outside
1331 1262 43 21 and
1386 1262 38 21 the
1433 1261 113 27 explosion
1556 1259 22 22 of
1588 1258 84 22 bombs.
1705 1257 88 28 During

1233 1293 45 22 this
1295 1290 97 25 interval
1410 1290 49 22 how
1476 1288 133 30 disciplined
1619 1287 44 22 and
1675 1287 117 29 desperate

1233 1330 57 15 were
1310 1330 40 14 our
1369 1323 95 25 captors.
1498 1320 60 22 Each
1578 1327 50 14 man
1649 1325 45 15 was
1713 1320 25 20 at
1758 1317 34 23 his

1232 1355 58 26 post,
1308 1351 128 22 unmindful
1451 1350 23 22 of
1491 1350 39 21 the
1545 1348 57 22 dead
1618 1348 44 21 and
1673 1348 117 21 wounded.

1233 1383 19 21 A
1263 1381 85 22 wretch
1359 1387 45 15 was
1420 1379 107 29 writhing
1543 1378 22 22 in
1583 1384 79 23 agony.
1694 1376 11 22 I
1721 1376 71 23 called

1232 1420 27 13 an
1271 1410 140 23 Armenian's
1427 1409 112 22 attention
1558 1410 23 20 to
1592 1408 39 21 the
1642 1407 118 28 sufferings
1770 1407 22 22 of

1233 1442 34 21 his
1277 1440 110 23 wounded
1405 1441 155 27 countryman.
1593 1438 5 10 '
1608 1437 70 22 What
1693 1436 99 27 matter,'

1233 1473 27 21 he
1277 1471 94 30 replied,
1392 1470 74 22 'since
1485 1477 32 15 we
1533 1476 38 15 are
1588 1468 30 22 all
1636 1471 23 19 to
1680 1467 112 30 perish.'"

1233 1503 26 22 In
1278 1504 38 21 the
1332 1509 60 15 same
1409 1501 68 22 letter
1494 1500 38 22 the
1553 1499 77 22 writer
1649 1506 52 20 says
1711 1508 5 12 :
1759 1498 33 22 Do

1233 1532 54 29 they
1304 1531 79 24 intend
1404 1534 24 19 to
1447 1530 149 22 exterminate
1616 1529 37 21 the
1668 1529 122 21 Armenian

1233 1563 78 23 nation
1322 1565 24 21 at
1356 1569 41 16 one
1408 1561 76 23 stroke
1550 1559 23 23 It
1583 1558 64 24 looks
1656 1558 47 23 like
1713 1558 25 23 it.

1324 1606 15 15 A
1353 1604 105 16 TURKISH
1474 1602 30 17 ST.
1518 1601 188 17 BARTHOLEME\V.

1262 1629 59 23 Over
1342 1629 39 22 100
1395 1627 113 23 cartloads
1527 1627 23 21 of
1569 1625 77 22 bodies
1663 1632 57 14 were
1740 1631 50 15 seen

1235 1660 98 29 crossing
1343 1659 39 23 the
1392 1657 78 31 bridge
1481 1657 57 23 from
1548 1656 82 24 Galata
1641 1657 23 21 to
1675 1654 116 25 Stamboul

1235 1691 23 23 in
1282 1698 41 15 one
1348 1689 108 30 morning.
1498 1689 32 21 At
1555 1686 124 28 Harakeni,
1705 1693 28 15 on
1754 1685 38 23 the

1235 1721 86 23 Golden
1340 1721 71 25 Horn,
1423 1722 40 19 not
1482 1726 13 14 a
1514 1718 71 28 single
1605 1717 121 22 Armenian
1747 1723 45 14 was

1235 1751 42 21 left
1288 1751 64 20 alive.
1383 1750 47 21 The
1442 1748 93 21 number
1545 1747 23 21 of
1585 1754 92 19 persons
1688 1745 69 22 killed
1769 1746 21 20 in

1236 1781 63 22 three
1319 1780 55 29 days
1391 1785 79 23 ranges
1487 1778 56 22 from
1560 1777 65 27 2,000
1635 1779 23 19 to
1670 1783 24 14 as
1705 1775 52 30 high
1769 1782 23 15 as

1237 1811 82 26 10,000.
1351 1811 27 21 In
1398 1817 42 15 one
1463 1811 112 25 cemetery
1595 1807 72 27 alone,
1693 1806 52 22 that
1769 1806 23 22 of

1236 1841 95 26 Chichli,
1341 1840 68 22 about
1418 1839 41 24 700
1468 1845 88 21 corpses
1567 1844 58 15 were
1635 1836 104 26 counted,
1751 1835 42 22 but

1236 1872 19 21 it
1263 1871 18 22 is
1293 1870 80 23 known
1386 1869 50 23 that
1447 1868 38 23 the
1496 1867 54 24 bulk
1559 1867 22 23 of
1591 1867 39 22 the
1639 1873 87 23 corpses
1735 1872 57 16 were

1237 1901 87 23 thrown
1335 1901 48 21 into
1394 1900 38 22 the
1442 1907 43 14 sea.

1263 1942 47 16 THE
1325 1941 83 17 ORHUN
1423 1942 27 15 OF
1464 1941 47 15 THE

1263 1966 47 23 The
1328 1969 76 26 report
1420 1966 22 21 of
1461 1962 4 33 '
1475 1964 46 23 The
1532 1962 86 24 Times'
1628 1964 62 28 gives
1701 1962 45 22 this
1756 1968 24 15 ex-

1236 1997 114 29 planation
1397 1996 35 22 An
1450 1995 121 23 Armenian
1582 1993 106 30 patriotic
1698 1992 93 28 society,

1235 2027 23 22 of
1269 2027 72 21 which
1352 2027 39 21 the
1406 2025 59 23 chief
1484 2025 44 21 and
1545 2025 38 21 the
1599 2023 106 28 majority
1716 2022 22 22 of
1755 2022 38 21 the

1236 2056 108 23 members
1355 2063 37 15 are
1408 2056 57 21 from
1482 2055 59 27 Van,
1553 2053 117 30 presented
1682 2060 13 14 a
1713 2059 64 15 memo-

1236 2087 41 22 rial
1298 2089 23 20 to
1342 2087 39 22 the
1401 2086 125 22 Embassies
1543 2084 44 22 and
1608 2084 38 21 the
1667 2082 78 23 Palace
1765 2089 27 14 on

1236 2117 104 30 Tuesday
1350 2122 23 18 to
1390 2117 37 23 the
1447 2117 75 22 intent
1542 2115 50 23 that
1611 2114 39 23 the
1661 2112 133 24 Armenians

1237 2157 57 13 were
1305 2148 95 22 reduced
1418 2151 24 18 to
1459 2150 62 18 utter
1536 2145 96 28 despair,
1650 2145 42 21 and
1705 2144 51 22 that
1771 2147 23 18 to

1236 2178 66 22 avoid
1312 2185 13 14 a
1340 2178 96 21 disaster
1446 2176 39 22 the
1504 2175 111 29 promised
1627 2174 92 22 reforms
1734 2175 60 19 must

1236 2208 27 22 be
1274 2208 64 22 made
1348 2207 122 29 operative,
1482 2206 39 22 the
1531 2206 90 28 present
1636 2203 126 23 conditions
1772 2203 22 22 of

1237 2239 38 21 life
1286 2238 65 28 being
1368 2236 160 22 unendurable.
1559 2235 33 22 To
1608 2234 125 28 emphasise
1749 2233 45 22 this

1237 2268 120 23 document
1367 2267 39 23 the
1416 2266 50 22 idea
1479 2272 42 16 was
1536 2268 24 20 to
1571 2264 64 30 lodge
1646 2263 116 30 dynamite
1772 2263 22 22 in

1237 2300 38 21 the
1286 2298 106 23 Ottoman
1409 2297 63 22 Bank
1483 2296 86 27 cellars,
1581 2298 23 19 to
1620 2294 116 23 introduce
1747 2294 48 21 into

1238 2329 38 22 the
1295 2328 103 29 building
1417 2335 13 14 a
1449 2326 94 23 number
1562 2326 23 21 of
1604 2324 115 30 grenades,
1741 2324 53 22 then

1237 2366 85 21 occupy
1333 2358 26 26 it,
1371 2357 44 23 and
1422 2357 104 22 threaten
1536 2360 22 18 io
1568 2356 96 28 blowup
1675 2355 39 21 the
1724 2354 72 22 whole

1237 2389 63 29 place
1317 2389 75 21 unless
1416 2387 54 29 they
1489 2385 101 24 received
1611 2385 94 22 distinct
1724 2391 60 15 assur-

1237 2426 65 15 ances
1312 2418 22 23 of
1345 2418 136 28 compliance
1491 2417 56 22 with
1555 2416 59 22 their
1625 2414 113 23 demands.

1238 2455 62 16 HELP
1312 2455 28 15 TO
1355 2455 63 15 TAKE
1432 2454 61 16 CARE
1503 2453 27 16 OF
1544 2453 47 16 THE
1607 2445 83 23 BANK'S
1705 2451 88 16 MONEY.

1265 2479 47 21 The
1333 2477 75 23 leader
1427 2477 43 21 and
1496 2479 44 19 two
1568 2476 144 25 lieutenants,
1735 2475 5 11 '
1750 2474 46 21 The

1238 2508 86 23 Times'
1341 2506 175 31 conespondent
1535 2513 59 23 says,
1611 2512 58 16 were
1686 2503 110 23 educated

1239 2547 55 16 men.
1326 2538 47 24 The
1398 2538 60 23 band
1477 2541 40 27 got
1541 2538 47 21 into
1611 2537 37 22 the
1672 2535 59 23 bank
1757 2542 26 15 un-

1238 2570 116 27 observed,
1373 2570 45 21 and
1437 2572 25 18 at
1481 2577 12 13 a
1513 2569 66 28 given
1594 2567 71 29 signal
1684 2566 112 23 revolvers

1239 2608 57 14 were
1311 2599 54 22 fired
1380 2599 29 21 all
1428 2606 53 14 over
1496 2598 39 22 the
1552 2597 66 27 bank,
1630 2596 44 22 and
1692 2596 63 22 three
1772 2603 24 14 or

1239 2630 50 22 four
1298 2629 78 22 bombs
1388 2636 57 15 were
1455 2628 87 23 thrown
1550 2627 43 22 and
1602 2625 110 29 exploded
1724 2625 22 23 in
1757 2625 39 22 the

1239 2662 64 27 great
1326 2658 120 28 vestibule,
1467 2657 127 29 shattering
1616 2657 30 22 all
1670 2655 40 24 the
1729 2655 65 29 glass,

1239 2690 67 22 while
1321 2690 76 22 others
1415 2696 58 15 were
1489 2688 89 23 thrown
1597 2688 47 21 into
1663 2687 38 22 the
1717 2688 77 20 street.

1239 2721 20 21 A
1270 2720 56 22 shell
1338 2727 45 15 was
1398 2719 54 21 then
1469 2718 55 22 fired
1542 2718 22 21 in
1581 2717 39 22 the
1637 2717 51 21 cash
1707 2716 77 28 depart-

1239 2752 69 25 ment,
1321 2749 43 22 and
1376 2749 39 22 the
1425 2747 174 31 panic-stricken
1611 2746 92 22 officials
1715 2745 81 22 rushed

1240 2780 105 28 upstairs,
1358 2779 88 29 leaving
1456 2785 60 16 some
1533 2778 95 26 £IO,OOO
1638 2780 25 19 at
1674 2777 38 22 the
1722 2783 74 21 mercy

1239 2811 23 23 of
1273 2811 38 23 the
1321 2810 111 26 invaders,
1446 2810 50 21 who
1512 2808 96 23 touched
1624 2810 40 19 not
1674 2815 12 14 a
1697 2806 99 29 farthing

1239 2842 23 22 of
1272 2842 26 26 it,
1310 2841 43 22 aud
1365 2839 160 29 subsequently
1536 2838 81 29 helped
1628 2838 38 22 the
1677 2837 85 23 cashier
1774 2839 22 19 to

1240 2871 49 22 lock
1301 2872 19 21 it
1331 2878 29 21 up
1371 2871 22 21 in
1409 2870 80 27 safety.

1411 2911 75 17 JSLOOD
1508 2910 96 17 FLOWED
1619 2909 58 17 LIKE

1268 2937 122 22 Meantime
1401 2936 85 22 similar
1496 2935 126 28 explosions
1634 2934 52 22 took
1702 2933 62 29 place
1775 2933 21 22 in

1239 2966 104 23 different
1354 2963 45 30 part
1410 2963 12 30 3
1433 2963 23 30 of
1474 2965 38 22 the
1530 2965 54 27 city,
1600 2964 43 21 and
1662 2963 38 22 the
1715 2965 81 20 streets

1238 2997 93 30 quickly
1347 2996 60 22 filled
1425 2995 56 22 with
1498 2994 75 23 armed
1594 2994 97 23 Turkish
1712 2992 83 28 rabble,

1239 3027 43 21 and
1294 3029 60 24 (says
1366 3026 60 22 'The
1442 3025 88 22 Times'
1549 3025 116 26 telegram)
1675 3024 121 21 Armenian

1238 3057 66 22 blood
1315 3055 79 23 flowed
1405 3055 45 22 like
1461 3057 77 20 water.
1693 3060 61 15 came
1769 3060 27 14 on

1239 3088 38 21 the
1301 3093 65 16 scene
1385 3085 45 22 and
1450 3084 122 23 interfered
1593 3085 54 21 with
1669 3084 38 21 the
1727 3085 69 20 street

1239 3117 79 27 traffic,
1331 3116 41 22 but
1383 3123 67 15 never
1461 3115 64 22 made
1536 3114 38 23 the
1582 3114 106 30 slightest
1698 3116 98 26 attempt

1238 3150 23 19 to
1272 3147 69 22 check
1360 3147 38 21 the
1415 3145 130 23 murderous
1561 3144 145 29 proceedings
1721 3144 23 21 of
1759 3144 37 21 the

1238 3176 150 23 Mahomedan
1427 3175 114 30 populace.
1587 3174 37 22 All
1658 3173 66 30 night
1759 3173 37 22 the

1239 3206 149 25 Mahomcdan
1406 3206 109 30 populace
1535 3205 53 23 took
1609 3205 46 22 free
1672 3210 124 22 vengeance

1237 3246 28 14 on
1291 3238 38 22 the
1354 3238 141 26 Armenians,
1521 3236 137 28 murdering,
1684 3234 112 29 wrecking

1238 3269 86 26 houses,
1351 3267 44 23 and
1427 3267 109 30 pillaging
1567 3265 74 30 shops,
1667 3265 66 22 while
1758 3264 38 22 the

1237 3299 134 21 authorities
1380 3298 111 21 exercised
1503 3304 28 15 no
1542 3297 107 21 restraint
1659 3303 28 14 on

1369 3338 143 17 SYSTEMATIC
1529 3336 149 18 MURDERING.

1265 3365 48 22 The
1325 3366 5 10 '
1341 3364 66 29 Daily
1419 3363 67 23 News
1495 3363 5 10 '
1518 3361 193 30 correspondent's
1721 3362 76 27 report

1238 3403 27 14 on
1279 3395 37 22 the
1327 3401 110 15 massacre
1448 3394 18 21 is
1477 3400 24 15 as
1511 3392 87 23 follows
1609 3391 68 26 :—Ou
1690 3391 91 21 Wednes-

1237 3425 44 30 day
1289 3425 103 24 evening,
1402 3423 99 23 towards
1507 3425 84 24 sunset,
1605 3421 61 23 mobs
1675 3420 122 28 consisting

1237 3456 23 22 of
1278 3456 73 26 Lizes,
1371 3453 85 28 Kurds,
1475 3453 44 22 and
1537 3453 39 22 the
1592 3455 68 19 worst
1671 3451 126 23 characters

1236 3488 40 26 got
1294 3486 38 22 the
1350 3491 71 23 upper
1439 3483 67 27 haud,
1525 3482 44 23 and
1584 3482 70 28 began
1666 3481 131 29 systematic

1238 3516 85 30 looting
1348 3515 43 23 and
1416 3513 137 29 murdering.
1598 3512 47 23 The
1670 3513 127 21 movement

1237 3547 90 23 became
1337 3545 98 31 general,
1446 3544 44 24 and
1501 3544 82 29 during
1594 3543 39 23 the
1643 3542 66 30 r.ight
1715 3541 82 23 fearful

1237 3585 75 15 scenes
1324 3584 57 15 were
1397 3575 102 27 enacted,
1513 3575 85 27 looting
1612 3573 44 22 and
1669 3572 128 29 murderiDg

1237 3608 67 28 going
1314 3614 34 15 on.
1388 3606 33 21 On
1439 3604 119 28 Thursday
1569 3604 38 21 the
1623 3602 50 22 mob
1685 3602 52 22 took
1749 3609 36 21 pos-

1237 3637 83 23 session
1341 3636 22 22 of
1383 3636 40 21 the
1442 3634 117 24 Stamboul
1584 3633 56 27 side,
1661 3632 43 23 and
1729 3638 68 22 every

1237 3676 79 20 person
1328 3665 119 31 Btispceted
1464 3665 23 23 of
1503 3665 66 29 being
1579 3672 28 14 an
1619 3663 120 23 Armenian
1752 3669 45 15 was

1238 3698 77 23 killed.
1347 3698 72 27 Shops
1429 3696 44 22 and
1485 3696 79 21 houses
1576 3702 57 15 were
1644 3693 84 23 broken
1739 3693 54 22 into.

1237 3728 32 22 At
1289 3728 38 22 the
1349 3728 92 28 present
1460 3728 100 19 moment
1581 3725 37 22 the
1642 3730 60 15 same
1721 3729 76 15 scenes

1236 3767 38 16 are
1303 3757 67 32 going
1402 3764 27 17 on
1464 3756 30 24 all
1528 3763 53 16 over
1611 3752 186 31 Constantinople

1236 3799 28 14 on
1289 3791 39 21 the
1353 3790 119 27 European
1497 3788 54 22 side.
1597 3786 47 23 The
1673 3785 71 29 police
1769 3785 28 21 do

1236 3822 40 19 not
1286 3821 100 25 attempt
1396 3812 27 27 to'
1430 3817 68 22 check
1511 3817 37 21 the
1560 3816 87 25 rioters,
1655 3815 41 21 but
1707 3814 50 22 look
1769 3821 28 13 on

1236 3849 44 23 and
1291 3847 149 29 occasionally
1452 3846 58 28 help.
1543 3847 19 21 A
1571 3845 114 22 moderate
1692 3843 104 22 estimate

1236 3881 23 22 of
1275 3880 37 22 the
1329 3878 70 24 killed
1416 3885 28 15 on
1467 3876 142 29 Wednesday
1629 3875 56 22 from
1706 3880 91 23 persons

1236 3910 92 30 capable
1339 3910 23 21 of
1371 3909 95 29 judging
1477 3908 18 21 is
1506 3908 64 22 three
1581 3910 23 18 to
1615 3906 49 22 four
1676 3903 117 23 thousand.

1236 3941 47 22 The
1294 3940 109 30 populace
1414 3939 19 21 is
1443 3938 63 29 quite
1520 3940 40 19 out
1577 3937 23 21 of
1616 3935 87 22 control
1720 3935 22 21 in
1758 3933 38 23 the

1237 3970 119 22 waterside
1367 3971 111 26 quarters,
1491 3967 44 22 and
1551 3969 65 26 great
1633 3966 58 21 fears
1707 3971 37 14 are
1760 3971 24 14 en-

1236 3999 113 25 tertained
1369 3998 24 23 of
1413 3999 94 21 matters
1526 3996 90 29 getting
1635 4001 70 16 worse
1723 3993 74 22 unless

1235 4038 61 16 somo
1306 4029 70 24 check
1387 4029 18 22 is
1416 4028 66 30 given
1494 4030 22 20 to
1529 4027 37 23 the
1584 4025 57 23 mob.
1673 4024 38 23 All
1728 4024 54 22 Euro-

1235 4069 69 22 peans
1315 4061 87 28 coming
1412 4060 49 21 into
1471 4057 186 27 Constantinople
1673 4063 27 14 on
1715 4055 67 22 Thurs-

1235 4093 45 28 day
1291 4098 57 15 were
1360 4089 82 24 turned
1453 4089 57 21 back
1526 4088 30 28 by
1567 4087 93 22 cordons
1671 4086 23 21 of
1711 4089 83 23 troops,

1236 4123 49 21 who
1296 4128 86 22 occupy
1392 4119 76 24 Dublic
1479 4119 74 28 places
1563 4117 44 22 and
1623 4116 94 29 bridges.
1750 4114 47 22 The

1235 4152 135 31 guardship3
1390 4157 61 16 came
1471 4149 44 22 and
1536 4147 110 23 anchored
1667 4145 32 23 off
1715 4145 82 23 Galata

1236 4184 45 21 this
1299 4182 109 28 morning.
1443 4180 47 21 The
1511 4178 72 22 whole
1602 4178 66 27 thing
1687 4175 64 23 could
1770 4175 27 22 be

1235 4211 95 30 stopped
1339 4212 23 21 in
1369 4218 27 14 an
1406 4209 77 23 hourif
1492 4209 38 22 the
1539 4208 153 23 Government
1700 4204 97 27 wished;

1235 4244 42 23 but
1287 4244 19 21 it
1316 4243 18 22 is
1346 4240 113 31 probable,
1471 4246 24 15 as
1506 4239 38 22 the
1555 4237 51 23 mob
1621 4244 47 19 say,
1682 4236 50 22 that
1743 4235 54 29 they

1236 4275 56 22 have
1302 4271 103 24 received
1416 4269 130 31 permission
1559 4268 43 22 and
1612 4267 45 23 will
1668 4267 27 22 be
1702 4265 94 23 allowed

1236 4308 23 20 to
1269 4305 47 22 loot
1327 4303 35 23 for
1371 4310 12 14 a
1394 4300 85 24 certain

1329 4345 13 15 A
1353 4340 149 19 TURCOPHILE
1514 4338 186 18 DISILLUSIONED.

1262 4370 48 22 The
1326 4364 188 30 Constantinople
1528 4362 177 31 correspondent
1720 4361 23 22 of
1758 4361 38 22 the

1237 4403 5 10 •
1252 4400 102 24 Berliner
1374 4396 134 31 Tageblatt'
1533 4403 51 21 says
1595 4396 22 31 :

1235 4439 49 14 own
1296 4437 52 19 eyes
1364 4429 11 21 I
1393 4435 45 15 saw
1457 4427 39 21 the
1511 4429 59 19 most
1579 4431 82 22 savage
1670 4422 123 29 barbarity.

1235 4461 47 22 The
1300 4458 99 23 Turkish
1417 4457 86 29 people,
1516 4455 73 22 which
1608 4455 23 21 in
1650 4460 37 21 my
1703 4453 64 21 heart
1783 4451 10 23 1

1235 4491 84 28 always
1335 4487 101 24 believed
1455 4490 23 19 to
1496 4486 26 21 be
1539 4484 64 30 good,
1617 4483 11 23 I
1643 4490 47 15 saw
1706 4488 88 23 pavage,

1235 4521 130 24 barbarous,
1377 4518 92 25 fanatic,
1479 4515 160 29 bloodthirsty.
1664 4512 133 24 Thousands

1235 4551 23 24 of
1273 4550 99 25 Turkish
1389 4547 94 25 Hamate
1500 4545 11 25 I
1529 4554 46 16 saw
1590 4544 97 30 running
1697 4542 99 31 through

1237 4584 38 20 the
1294 4584 82 19 streets
1393 4580 54 21 bent
1465 4586 28 15 on
1504 4577 96 23 murder.
1632 4576 90 27 Thirty,
1734 4575 62 27 forty

1236 4613 25 18 at
1271 4618 12 13 a
1294 4611 55 20 time
1367 4610 10 19 I
1395 4615 45 14 saw
1456 4608 121 26 crouching
1587 4608 24 19 at
1621 4607 71 20 street
1707 4610 88 15 corners

1236 4638 76 23 armed
1330 4638 56 21 with
1404 4636 63 23 clubs
1483 4638 44 19 and
1545 4634 91 30 cudgels
1652 4634 21 21 in
1692 4632 65 22 order
1772 4634 24 19 to

1236 4669 66 24 catch
1320 4676 42 15 one
1379 4667 71 30 single
1461 4665 122 24 Armenian
1593 4664 45 23 and
1656 4666 23 21 to
1694 4662 38 23 fell
1749 4661 46 23 him

1236 4701 66 22 down
1325 4699 54 22 with
1396 4698 87 27 cruelty
1494 4696 54 22 such
1566 4704 24 14 as
1607 4702 41 14 one
1663 4693 75 23 would
1756 4695 40 19 not

1236 4731 42 22 kill
1294 4738 14 14 a
1323 4728 51 24 mad
1392 4728 44 29 dog
1451 4727 63 22 with.
1555 4725 80 23 Before
1652 4731 37 21 my
1700 4730 52 22 eyes
1767 4730 27 14 au

1236 4761 122 23 Armenian
1370 4759 70 28 priest
1451 4765 45 14 was
1505 4756 85 23 hacked
1602 4756 47 21 into
1660 4762 13 13 a
1683 4752 112 30 shapeless

1236 4798 59 15 mass
1306 4789 56 23 with
1373 4787 91 23 wooden
1475 4786 71 22 sticks
1556 4785 30 28 by
1596 4792 13 14 a
1621 4783 68 23 horde
1699 4784 23 21 of
1732 4782 63 22 these

1236 4827 99 24 savages.
1367 4818 11 23 I
1394 4825 45 16 saw
1457 4816 38 23 the
1512 4815 123 30 policemen
1652 4812 67 24 stand
1737 4812 58 22 close

1236 4853 30 29 by
1277 4851 43 23 and
1332 4850 70 22 smile.
1429 4848 11 23 I
1451 4855 45 15 saw
1504 4854 12 15 a
1527 4845 74 31 patrol
1608 4845 23 22 of
1641 4843 89 29 cavalry
1739 4843 56 28 keep

1235 4882 71 30 guard
1317 4888 53 15 near
1389 4880 38 21 the
1443 4878 62 29 place
1520 4879 24 20 to
1560 4875 65 22 make
1640 4881 50 15 sure
1701 4874 51 21 that
1767 4879 28 15 no

1236 4913 52 28 help
1295 4910 80 23 should
1383 4909 27 22 bo
1417 4906 108 24 rendered
1534 4906 38 22 the
1580 4904 146 23 unfortunate
1734 4909 58 15 man.

1236 4940 142 26 Afterwards
1398 4938 12 23 I
1429 4945 46 14 saw
1499 4935 54 23 such
1574 4941 75 16 scenes
1664 4939 60 16 more
1739 4932 56 22 than

1236 4975 87 25 twenty
1334 4972 66 22 times
1410 4975 61 21 over,
1487 4966 43 23 but
1545 4968 41 21 not
1602 4972 41 15 one
1659 4963 71 30 single
1746 4970 49 15 case

1236 5005 57 21 have
1303 5002 12 22 I
1325 5008 52 15 seen
1388 4999 75 22 where
1473 4998 38 21 the
1522 4996 72 29 police
1610 5002 25 15 or
1653 4994 39 22 the
1702 4993 93 22 soldiers

1236 5031 118 24 disturbed
1366 5030 38 22 the
1416 5027 61 23 work
1489 5026 22 22 of
1522 5026 38 22 the
1570 5024 98 23 Turkish
1679 5022 113 23 assassins.

1236 5062 27 23 In
1281 5060 82 23 Galata
1380 5059 12 21 I
1408 5064 45 16 saw
1469 5057 81 21 dozens
1570 5055 23 21 of
1610 5060 88 22 corpses
1716 5052 23 22 in
1757 5052 38 22 the

1236 5093 89 21 streets.
1367 5088 26 23 In
1414 5087 38 22 the
1472 5084 97 23 Heudek
1590 5086 78 24 street,
1690 5082 74 21 where
1783 5080 12 22 I

1236 5123 52 26 live,
1310 5120 64 23 three
1391 5116 132 24 Armenians
1540 5114 50 22 who
1605 5112 79 30 passed
1696 5111 99 29 through

1235 5154 20 21 it
1279 5158 58 15 were
1362 5147 70 25 killed
1463 5146 29 27 by
1516 5144 98 24 Turkish
1645 5142 151 23 club-bearers

1236 5182 80 24 within
1327 5188 42 15 one
1379 5180 63 21 hour.
1472 5176 74 29 Going
1557 5174 97 29 through
1665 5173 39 23 the
1714 5174 82 22 streets

1236 5214 46 22 late
1301 5213 23 21 in
1344 5210 39 23 the
1403 5208 117 23 afternoon
1544 5205 12 22 I
1580 5207 47 20 met
1645 5203 34 23 six
1704 5209 92 16 manure

1236 5248 105 23 waggons
1358 5238 62 24 filled
1438 5236 55 23 with
1510 5242 95 22 corpses.
1646 5233 24 22 It
1684 5233 19 22 is
1720 5231 75 23 stated

1236 5273 52 22 that
1307 5270 82 28 during
1410 5267 38 24 the
1468 5266 44 29 day
1532 5267 63 20 alone
1615 5266 25 20 at
1656 5263 57 22 least
1732 5260 64 28 2,000

1235 5309 93 25 persons
1338 5307 58 16 were
1407 5297 76 24 killed.
1523 5295 67 24 From
1608 5293 30 24 all
1654 5293 52 23 that
1721 5291 12 24 I
1750 5298 46 16 saw

1236 5334 80 29 myself
1327 5332 47 23 this
1384 5328 94 25 number
1495 5327 53 23 does
1563 5328 41 21 not
1623 5331 83 23 appear
1722 5325 24 21 to
1762 5329 35 15 me

1236 5368 24 21 to
1280 5365 27 21 be
1326 5358 156 33 exaggerated.
1528 5356 88 29 During
1639 5361 38 22 my
1701 5353 59 22 walk
1785 5353 12 21 I

1236 5395 81 29 hardly
1337 5391 120 32 anywhere
1481 5395 46 16 saw
1551 5394 28 15 an
1599 5385 75 23 officer
1693 5384 23 23 of
1739 5384 57 22 rank

1236 5427 56 22 with
1323 5424 39 22 the
1391 5421 72 30 police
1492 5426 24 14 or
1546 5418 38 21 the
1614 5415 108 26 military.
1769 5413 28 22 In

1236 5457 39 22 the
1297 5454 119 22 afternoon
1438 5450 38 22 the
1501 5447 85 30 patrols
1610 5443 119 31 gradually
1753 5443 33 21 dis-

1236 5483 119 30 appeared.
1396 5478 106 30 Through
1522 5477 40 22 the
1581 5474 72 23 whole
1673 5473 66 29 night
1758 5471 39 23 the

1236 5516 101 28 military
1348 5520 45 17 was
1409 5514 23 20 to
1442 5510 27 24 be
1480 5515 51 17 seen
1541 5506 110 24 nowhere.
1683 5503 47 24 The
1740 5509 43 16 arm-

1236 5550 39 22 in»
1285 5547 23 23 of
1323 5546 39 22 the
1372 5541 99 26 Turkish
1488 5540 68 23 lower
1567 5537 80 23 classes
1657 5534 57 24 with
1725 5534 70 26 clubs,

1236 5578 75 23 which
1321 5582 46 16 was
1377 5576 40 20 not
1427 5571 53 29 only
1487 5567 95 25 allowed
1600 5567 43 22 but
1661 5563 95 24 assisted
1767 5563 30 28 by

1238 5608 38 23 the
1296 5606 79 29 police,
1396 5603 40 22 has
1447 5598 104 30 wrought
1570 5596 39 23 the
1626 5595 101 30 greatest

1237 5638 22 24 If
1271 5643 87 21 anyone
1369 5633 43 24 had
1423 5629 95 32 stopped
1530 5629 59 22 their
1599 5625 62 23 work
1672 5624 39 23 the
1721 5624 63 22 blood-

1237 5668 55 23 shed
1310 5666 74 23 would
1403 5665 56 21 have
1479 5662 56 21 been
1552 5665 55 22 very
1624 5655 70 24 small.
1727 5655 70 26 Many

1238 5701 114 23 strangers
1363 5702 23 15 as
1397 5693 51 22 well
1459 5699 23 15 as
1492 5689 133 31 permanent
1635 5686 110 22 residents
1755 5686 42 20 left

1238 5728 30 25 by
1280 5727 65 22 train.
1387 5724 70 28 Many
1468 5720 79 31 people
1564 5716 44 25 fled
1625 5723 27 16 on
1670 5715 70 23 board
1758 5715 39 20 the

1238 5758 62 29 ships
1320 5756 22 24 in
1362 5755 40 24 the
1421 5752 89 25 harbor.
1550 5749 48 25 The
1616 5746 109 32 pillaging
1746 5749 38 18 con-

1819 164 79 25 tinued
1915 173 55 16 even
1986 173 28 17 on
2025 165 116 29 Thursday
2152 161 108 30 morning.
2298 159 12 23 I
2330 166 45 16 saw

1820 196 56 22 from
1893 204 38 21 my
1942 198 96 22 window
2048 198 40 21 the
2102 193 116 26 miserable
2235 191 107 29 premises
2352 191 23 22 of

1819 234 28 14 an
1867 227 122 23 Armenian
2008 227 76 23 dealer
2102 227 21 22 in
2143 224 36 23 old
2199 222 86 23 clothes
2309 221 67 29 beiDg

1818 257 85 23 broken
1924 258 48 23 into
1992 258 30 30 by
2041 258 35 23 six
2095 257 128 31 policemen,
2244 251 67 24 while
2337 251 38 23 the

1818 288 151 22 club-bearers
1989 296 57 15 were
2066 285 126 29 constantly
2208 283 76 22 beside
2303 283 70 26 them,

1819 325 24 16 so
1863 325 23 16 as
1908 319 24 23 to
1959 318 108 31 despatch
2091 318 37 23 the
2152 321 82 21 owner,
2255 312 50 23 who
2330 312 45 22 had

1819 349 83 23 hidden
1924 349 90 24 himself
2034 349 85 24 within.
2159 346 34 24 On
2214 345 38 23 the
2272 351 59 27 quay
2351 343 23 23 in

1819 380 82 21 Galata
1931 380 105 29 forty-six
2062 378 130 24 Armenians
2216 382 59 16 were
2304 373 70 23 killed

1819 410 23 22 in
1859 417 42 15 one
1918 410 57 29 heap
1992 410 72 23 inside
2074 417 13 15 a
2097 408 45 24 coal
2156 406 75 30 depot.
2262 404 113 23 Fourteen

1820 441 134 22 Armenians
1964 441 50 22 who
2024 448 62 15 came
2096 439 29 23 off
2133 446 24 14 or
2168 444 57 15 were
2236 434 98 30 dragged
2345 433 32 23 off

1820 478 27 14 an
1856 470 94 30 English
1958 471 118 22 merchant
2083 471 47 28 ship
2138 474 57 17 were
2206 466 61 29 flung
2278 466 48 21 into
2335 464 40 22 the

1820 504 76 20 water.
1928 501 27 23 In
1973 502 40 28 £he
2029 509 50 14 new
2096 502 65 21 house
2176 498 23 23 of
2218 497 40 22 the
2273 495 101 24 Oriental

1820 531 122 29 Railways,
1962 533 6 11 1
1976 531 130 26 Sirkedshi,'
2121 530 30 22 all
2169 527 133 24 Armenians
2316 533 59 15 were

1820 561 83 30 caught
1918 561 44 23 and
1982 561 121 23 massacred
2124 559 55 23 with
2195 558 70 26 clubs,
2286 556 87 29 spades,

1820 591 43 22 and
1874 592 48 22 iron
1934 591 57 23 bars.
2024 592 62 22 Even
2098 598 27 15 on
2138 590 37 23 the
2185 587 108 30 platform
2303 586 23 22 of
2337 586 38 23 the

1819 622 84 22 station
1916 628 27 15 an
1954 622 122 22 Armenian
2091 620 75 23 stoker
2176 625 46 15 was
2236 617 99 29 dragged
2345 616 33 22 off

1820 652 39 22 the
1869 652 86 29 engine.
1987 652 26 22 In
2026 652 37 22 the
2077 652 75 25 street,
2164 648 75 23 before
2250 647 38 22 the
2303 646 71 31 guard

1820 689 60 15 room
1891 683 23 21 of
1924 683 38 22 the
1973 683 82 23 Galata
2065 682 75 29 police,
2150 679 64 23 stood
2226 686 27 14 an
2265 685 57 20 open
2331 678 43 22 box

1820 712 55 23 with
1894 713 124 29 cartridges
2033 713 44 22 and
2093 712 120 24 revolvers,
2227 709 73 23 which
2317 716 57 15 were

1820 742 137 23 distributed
1983 747 23 18 to
2031 743 38 22 the
2092 741 79 24 Turks.
2203 740 33 22 As
2255 740 34 21 far
2311 747 24 14 as
2356 739 19 22 i
2377 739 1 26 9

1820 772 82 22 known
1919 780 28 14 no
1959 773 121 21 Armenian
2089 770 80 24 offered
2181 770 127 22 resistance.
2340 769 34 22 Oa

1820 801 39 23 the
1870 801 78 30 briflge
1963 810 27 15 an
2002 803 119 22 Armenian
2132 808 45 16 was
2192 799 61 31 flung
2271 799 48 23 into
2336 799 38 23 the

1820 835 76 21 water.
1928 833 75 24 Turks
2023 833 69 23 threw
2111 835 76 21 stones
2211 834 22 20 at
2255 831 45 23 him
2319 830 54 23 each

1820 864 54 22 time
1885 864 27 22 he
1922 871 49 15 rose
1982 867 24 19 to
2016 864 39 22 the
2065 864 91 22 surface.

1873 894 72 24 There
1962 895 19 22 is
1996 902 29 15 no
2043 894 68 24 doubt
2128 894 59 27 that,
2205 893 34 23 for
2259 892 39 24 the
2317 893 59 21 most

1820 928 59 25 part,
1891 925 105 22 innocent
2008 932 87 22 persons
2107 926 56 21 have
2173 925 66 21 fallen
2252 924 89 21 victims
2353 926 23 18 to

1820 955 46 22 this
1883 961 49 15 new
1950 954 182 27 demonstration,
2149 954 94 21 because
2253 953 35 22 for
2303 960 13 13 a
2333 952 42 21 few

1820 984 68 23 hours
1899 984 38 23 the
1947 984 52 29 fury
2009 984 23 23 of
2048 984 38 23 the
2095 984 70 22 whole
2176 983 97 22 Turkish
2284 982 78 29 popula-

1821 1015 47 23 tion
1889 1022 45 16 was
1954 1014 100 23 directed
2074 1015 86 30 against
2180 1013 30 23 all
2234 1013 139 23 Armenians.

1821 1046 65 22 From
1898 1045 30 22 all
1938 1048 87 26 reports
2041 1045 43 22 and
2101 1053 37 21 my
2149 1052 49 15 own
2213 1043 161 27 observations,

1822 1083 121 19 moreover,
1955 1076 18 21 it
1985 1075 18 22 is
2015 1075 45 22 also
2076 1075 85 29 beyond
2177 1074 71 23 doubt
2263 1074 51 21 that
2324 1073 39 22 dur-

1820 1107 39 28 ing
1870 1106 38 22 the
1919 1104 96 30 fighting
2029 1104 38 23 the
2081 1104 96 23 Turkish
2193 1104 133 21 authorities
2337 1102 39 22 did

1822 1139 40 21 not
1880 1136 29 24 do
1929 1135 60 24 their
2007 1135 63 29 duty.
2110 1135 87 28 Among
2218 1134 37 22 the
2272 1132 105 22 cruellest

1821 1169 140 28 persecutors
1985 1167 23 22 of
2037 1167 39 21 the
2098 1165 133 22 Armenians
2255 1170 58 15 were
2338 1163 39 21 the

1823 1200 6 9 '
1837 1196 156 28 Tulumbajis,'
2016 1196 38 22 the
2077 1195 103 22 so-called
2206 1194 51 22 Fire
2281 1192 96 29 Brigade

1822 1234 56 14 men.
1910 1226 11 22 I
1933 1226 146 28 particularly
2095 1224 89 23 noticed
2202 1224 39 22 the
2257 1230 50 15 men
2326 1222 50 21 who

1822 1256 85 22 formed
1919 1256 38 22 the
1967 1255 71 30 guard
2049 1256 21 22 of
2081 1255 79 23 Galata
2171 1254 78 22 Tower
2259 1252 117 28 searching

1822 1287 39 20 the
1885 1285 147 30 neighboring
2051 1288 80 20 streets
2150 1284 56 23 with
2231 1283 78 23 knives
2333 1281 44 23 and

1822 1323 76 23 spears
1914 1316 33 23 for
1964 1316 134 23 defenceless
2116 1314 139 24 Armenians.
2294 1313 66 22 When-

1822 1354 52 14 ever
1889 1346 55 28 they
1959 1347 81 22 found,
2047 1354 13 13 a
2077 1346 55 22 dead
2152 1353 51 14 man
2223 1345 55 27 they
2295 1343 82 22 vented

1822 1375 60 23 their
1896 1382 53 23 rage
1964 1382 59 22 upon
2039 1375 44 23 him
2094 1375 29 28 by
2133 1374 106 28 stabbing
2249 1381 25 14 or
2284 1372 93 26 kicking

1822 1406 52 22 him.
1907 1406 88 28 Except
2013 1405 73 23 before
2102 1405 38 21 the
2150 1405 106 22 Ottoman
2276 1402 70 27 Bank,
2366 1401 11 23 I

1822 1436 57 21 have
1889 1438 40 19 not
1938 1442 52 15 seen
2001 1442 43 20 any
2055 1434 72 23 Turks

1909 1495 240 26 AUSTRALIAN
2168 1493 114 27 NOTES.

1850 1574 47 22 The
1907 1575 61 28 early
1979 1577 52 26 part
2048 1575 22 21 of
2088 1574 37 22 the
2141 1572 60 22 week
2213 1579 44 15 saw
2269 1571 39 23 the
2319 1570 47 23 ther-

1822 1608 108 18 mometer
1940 1606 88 27 getting
2046 1605 22 20 in
2085 1611 58 14 some
2159 1603 39 21 hot
2209 1601 61 23 work
2282 1601 22 25 ip
2316 1603 62 26 pHrts

1822 1634 23 21 of
1864 1633 57 23 New
1942 1634 71 22 South
2034 1634 81 22 Wales.
2161 1632 58 23 Such
2244 1639 13 14 a
2281 1630 53 22 heat
2354 1630 22 21 in

1822 1664 96 23 October
1949 1665 19 21 is
1998 1664 80 23 almost
2111 1660 188 33 unprecedented,
2333 1659 43 23 and

1822 1702 82 22 augurs
1921 1695 25 22 ill
1963 1695 35 22 for
2015 1695 39 22 the
2071 1702 69 22 crops.
2172 1693 20 23 A
2203 1690 175 31 correspondent

1822 1725 22 22 of
1855 1725 39 21 the
1904 1726 153 21 Government
2066 1729 144 20 astronomer,
2219 1723 91 27 writing
2320 1722 57 21 from

1822 1754 98 27 Bourke,
1932 1754 62 29 gives
2005 1761 59 14 some
2081 1753 133 28 interesting
2224 1751 152 26 information,

1822 1784 73 23 which
1905 1792 70 15 seems
1987 1787 22 20 to
2019 1784 61 22 show
2091 1784 51 22 that
2152 1790 33 15 we
2203 1789 36 15 are
2250 1788 27 15 on
2289 1780 38 23 the
2337 1787 40 15 eve

1822 1815 23 22 of
1876 1822 12 14 a
1918 1815 104 28 drougiit.
2069 1814 34 22 He
2127 1820 65 21 says:
2247 1810 130 30 September

1824 1844 104 22 heralded
1947 1844 38 21 the
2002 1844 111 28 approach
2130 1843 23 21 of
2169 1841 146 26 whirlwinds,
2327 1848 37 20 sup-

1824 1874 66 30 posed
1902 1874 80 29 locally
1993 1877 24 19 to
2028 1874 26 22 be
2065 1872 133 23 indications
2208 1871 23 22 of
2241 1879 13 14 a
2264 1870 112 29 droughty

1822 1912 84 15 season.
1944 1904 70 23 Small
2031 1903 137 23 whirlwinds
2185 1909 83 21 appear
2283 1903 23 20 to
2316 1907 61 15 come

1822 1935 57 22 from
1899 1935 39 21 the
1958 1937 49 19 east
2025 1933 44 22 and
2089 1933 71 23 travel
2177 1934 63 24 west,
2257 1930 66 22 while
2339 1930 38 22 the

1822 1965 73 29 larger
1905 1971 52 16 ones
1967 1963 125 28 invariably
2103 1963 43 22 rise
2160 1962 22 23 in
2195 1961 37 23 the
2245 1961 133 22 south-west

1822 1995 44 23 and
1884 1995 72 22 travel
1973 1995 74 22 north.
2078 1994 71 22 These
2166 2000 39 15 can
2226 1992 27 22 be
2273 1998 50 15 seen
2343 1991 34 22 for

1823 2032 66 21 many
1900 2025 63 22 miles
1979 2025 94 26 distant,
2085 2024 53 29 high
2157 2023 69 22 above
2243 2022 39 22 the
2299 2022 77 25 forest,

1822 2056 105 28 c\rrying
1936 2063 13 14 a
1959 2055 69 28 spiral
2036 2055 52 21 dust
2098 2054 86 22 column
2195 2053 22 21 in
2226 2052 59 22 their
2292 2058 83 15 course.

1823 2086 47 22 The
1880 2086 61 21 little
1951 2085 137 22 whirlwinds
2099 2091 82 22 appear
2197 2085 24 20 to
2238 2084 73 20 rotate
2322 2081 55 23 from

1823 2116 42 24 left
1876 2119 23 20 to
1910 2116 67 30 right,
1988 2116 66 22 while
2065 2116 37 22 the
2110 2115 61 30 large
2179 2121 52 16 ODea
2242 2121 37 15 are
2289 2112 89 30 exactly

1824 2147 103 22 reversed
1944 2147 44 21 and
2006 2154 82 21 appear
2104 2149 24 19 to
2145 2144 83 23 extend
2247 2147 24 19 to
2288 2152 13 14 a
2316 2145 63 27 great

1824 2176 85 29 height.
1941 2177 20 21 A
1971 2183 130 22 newspaper
2111 2182 45 15 was
2166 2173 86 23 carried
2262 2173 44 22 last
2317 2172 62 22 week

1825 2210 23 19 to
1865 2214 27 15 an
1911 2206 97 23 altitude
2026 2208 24 21 at
2067 2205 72 23 which
2156 2205 19 22 it
2192 2203 111 30 appeared
2318 2205 24 20 to
2353 2203 26 21 be

1825 2237 38 22 the
1883 2237 44 22 sizo
1953 2236 23 23 of
2003 2243 12 15 a
2040 2236 62 22 sheet
2121 2235 23 22 of
2163 2237 129 26 notepaper.
2333 2232 46 23 The

1825 2267 96 28 velocity
1948 2267 19 22 is
1996 2268 105 25 extreme,
2132 2264 158 29 accompanied
2314 2263 30 29 by
2368 2270 11 14 a

1826 2297 103 29 rustling,
1942 2297 115 28 humming
2074 2296 77 22 sound.
2189 2295 47 23 The
2247 2295 49 21 rain
2307 2293 72 23 which

1825 2330 35 20 set
1869 2328 23 22 in
1902 2335 29 14 on
1941 2326 104 30 Tuesday
2055 2333 54 23 gave
2120 2333 50 21 way
2181 2328 23 20 to
2219 2325 43 22 fine
2278 2324 42 29 dry
2331 2331 36 15 con-

1826 2358 83 22 ditions
1920 2365 12 15 a
1943 2357 78 28 couple
2031 2357 23 22 of
2064 2357 54 28 days

1854 2394 99 22 Premier
1972 2392 57 23 Reid
2050 2392 39 22 has
2108 2391 132 22 introduced
2260 2398 13 15 a
2292 2390 44 23 Bill
2357 2391 24 21 to

1826 2425 148 28 amalgamate
1985 2424 39 22 the
2034 2423 54 22 Post
2104 2422 67 23 Office
2188 2422 43 22 and
2242 2420 55 24 New
2309 2420 71 23 South

1827 2455 75 21 Wales
1919 2454 94 28 Savings
2033 2452 80 22 Banks.
2145 2451 117 28 Although
2280 2451 38 21 the
2337 2450 44 22 Bill

1826 2484 64 22 seeks
1900 2483 173 29 amalgamation
2083 2482 77 28 solely,
2172 2484 39 26 yet
2217 2481 19 23 it
2245 2481 17 21 is
2273 2479 108 30 regarded

1826 2522 24 15 as
1861 2522 12 15 a
1883 2517 50 27 step
1953 2513 22 24 in
1986 2513 40 24 the
2045 2512 108 24 direction
2164 2511 23 24 of
2206 2519 13 15 a
2238 2510 64 25 State
2313 2509 66 24 bank.

1826 2546 47 23 The
1892 2545 100 23 Premier
2012 2544 87 22 himself
2118 2544 40 22 has
2178 2551 13 14 a
2210 2542 54 23 fond
2285 2543 56 27 hope
2359 2541 24 23 of

1827 2577 61 21 what
1898 2577 19 21 it
1927 2575 47 22 will
1991 2575 28 21 do
2039 2575 22 21 in
2079 2575 37 21 the
2134 2574 76 22 future
2220 2573 23 21 of
2260 2573 39 21 the
2318 2572 65 22 State

1826 2606 59 21 issue
1895 2605 23 22 of
1928 2607 70 19 notes.
2030 2604 47 22 One
2095 2605 119 26 argument
2231 2603 34 21 for
2282 2602 39 21 the
2338 2602 45 21 Bill

1826 2636 57 22 from
1904 2635 38 22 the
1971 2634 152 23 Government
2146 2633 47 22 side
2213 2640 45 14 was
2274 2632 51 21 that
2344 2631 39 22 the

1827 2665 56 23 New
1894 2665 71 23 South
1977 2664 75 22 Wales
2061 2663 93 30 Savings
2164 2662 64 23 Bank
2240 2661 52 31 paid
2303 2661 80 30 higher

1827 2697 95 21 interest
1941 2695 55 22 than
2022 2694 38 22 the
2083 2693 55 23 Post
2157 2692 190 24 Office—because
2365 2693 18 21 it

1826 2726 49 22 lent
1884 2733 27 14 on
1930 2725 45 22 real
1995 2726 80 25 estate,
2087 2723 66 22 while
2172 2723 39 22 the
2231 2723 152 21 Government

1827 2762 93 16 concern
1932 2754 64 23 could
2008 2754 53 29 only
2076 2753 97 22 advance
2193 2760 27 15 on
2231 2753 152 22 Government

1827 2786 122 23 securities.
1982 2784 35 23 No
2028 2791 40 16 one
2079 2784 39 22 has
2133 2784 54 22 been
2205 2787 24 18 at
2240 2783 38 23 the
2296 2782 87 23 trouble

1827 2817 22 23 of
1860 2816 148 29 ascertaining
2020 2815 61 21 what
2090 2815 124 28 depositors
2226 2814 22 22 in
2259 2813 38 22 the
2305 2813 78 29 higher

1827 2846 189 29 interest-paying
2026 2845 58 22 bank
2096 2845 97 28 thought
2201 2844 23 22 of
2233 2844 39 22 the
2283 2844 84 22 Govern-

1828 2880 60 19 ment
1899 2876 103 30 proposal
2014 2878 22 19 to
2047 2876 38 21 cut
2095 2874 65 22 down
2169 2874 38 22 the
2218 2874 100 21 interest.
2336 2873 47 22 The

1828 2907 63 24 State
1902 2906 59 23 bank
1973 2906 82 23 coterie
2072 2905 22 22 in
2111 2905 38 23 the
2165 2904 111 23 Chamber
2286 2911 37 15 are
2341 2903 32 22 dis-

1827 2937 99 23 satisfied
1937 2937 92 22 because
2040 2944 13 14 a
2062 2935 64 23 State
2146 2935 59 22 bank
2221 2935 19 21 is
2256 2937 40 19 not
2311 2933 60 23 estab-

1827 2967 72 23 lished
1916 2967 62 29 right
1993 2968 47 25 out,
2052 2965 65 22 while
2132 2972 67 20 many
2210 2964 74 29 object
2299 2966 24 20 to
2340 2963 33 22 dis-

1828 2997 92 29 turbing
1943 2995 167 31 well-managed
2131 2995 141 23 institutions
2292 3001 28 16 on
2345 2994 38 22 the

1827 3027 109 29 principle
1947 3027 23 21 of
1980 3027 88 27 leaving
2079 3026 49 21 well
2138 3026 71 21 alone.
2246 3025 46 22 The
2303 3024 80 22 second

1827 3057 93 30 reading
1936 3064 53 17 was,
2009 3056 108 26 however,
2139 3054 85 23 carried
2244 3054 30 28 by
2292 3061 12 14 a
2323 3054 60 29 large

1827 3088 112 28 majority.
1981 3087 26 21 In
2047 3085 140 27 Committee,
2220 3084 109 22 members
2362 3083 21 22 of

1827 3118 145 26 Parliament,
1998 3116 54 23 with
2082 3116 38 22 the
2149 3115 118 26 exception
2292 3114 23 22 of
2346 3114 37 21 the

1827 3148 127 26 Treasurer,
1967 3154 57 15 were
2035 3146 106 22 debarred
2157 3146 57 22 from
2231 3147 59 20 seats
2306 3152 29 15 on
2346 3144 37 23 the

1826 3177 82 22 Board.

1854 3213 47 23 The
1910 3212 95 30 opening
2012 3212 23 23 of
2043 3212 37 23 the
2087 3219 49 16 new
2146 3210 70 24 Labor
2226 3210 58 24 Club
2291 3210 89 28 (which,

1826 3244 31 29 by
1868 3244 38 22 the
1917 3250 57 21 way,
1986 3243 19 22 is
2016 3243 93 22 another
2118 3242 49 29 sign
2178 3242 23 22 of
2217 3242 38 22 the
2266 3241 84 22 revival
2362 3240 21 23 of

1827 3275 39 23 the
1890 3274 73 23 Labor
1990 3273 74 24 Union
2095 3273 135 26 movement)
2260 3279 55 22 gave
2348 3271 35 23 Mr

1828 3305 126 25 M'Gowan,
1971 3304 38 22 the
2019 3304 74 22 leader
2110 3303 22 22 of
2149 3303 38 22 the
2205 3303 178 25 Parliamentary

1828 3335 73 23 Labor
1918 3337 75 26 party,
2010 3341 28 15 an
2058 3333 148 30 opportunity
2221 3332 23 22 of
2263 3332 120 29 reviewing

1828 3366 38 22 the
1877 3365 98 29 position
1986 3364 43 23 and
2040 3365 164 21 achievements
2215 3363 23 22 of
2254 3363 38 21 the
2307 3365 73 26 party.

1828 3396 118 28 Referring
1970 3397 23 20 to
2019 3395 38 21 the
2087 3393 133 29 complaints
2244 3393 23 21 of
2295 3392 88 22 outside

1828 3425 97 22 workers
1944 3425 89 28 against
2054 3424 174 28 parliamentary
2246 3426 125 24 representa-

1828 3456 64 25 tives,
1905 3456 27 21 he
1943 3454 47 23 said
2009 3454 54 29 they
2074 3454 42 22 had
2134 3453 64 22 made
2211 3452 114 28 mistakes,
2342 3452 41 23 but

1826 3494 28 14 on
1873 3485 38 23 the
1929 3485 71 22 whole
2018 3485 27 21 he
2062 3483 129 24 considered
2207 3483 54 28 they
2271 3482 44 22 had
2326 3482 57 22 done

1827 3516 59 23 their
1896 3515 69 23 work.
1997 3515 47 22 The
2054 3516 97 28 greatest
2162 3513 57 23 fault
2228 3520 45 16 was
2284 3513 50 23 that
2345 3513 38 22 the

1827 3549 67 27 party
1905 3554 45 15 was
1961 3546 143 28 numerically
2117 3549 36 19 too
2164 3544 69 23 weak.
2266 3543 52 24 Had
2329 3543 54 30 they

1827 3577 55 22 been
1900 3581 78 24 strong
1995 3576 87 25 enough
2097 3576 54 28 they
2162 3576 64 21 could
2242 3575 57 22 have
2314 3575 57 21 intro-

1827 3606 72 22 duced
1917 3613 67 22 many
1995 3613 59 15 more
2071 3605 98 23 reforms.
2202 3605 62 27 They
2276 3611 57 15 were
2344 3606 39 20 not

1826 3640 78 26 strong
1928 3635 87 30 enough
2040 3638 23 20 to
2093 3638 51 19 oust
2169 3635 38 21 the
2231 3634 152 23 Government

1828 3667 95 22 without
1950 3667 92 29 putting
2075 3674 22 14 as
2130 3665 44 22 bad
2203 3672 25 15 or
2261 3671 70 16 W)rse
2360 3664 23 22 in

1827 3698 57 22 their
1905 3697 62 28 place
1977 3705 6 19 ;
2004 3697 40 21 but
2065 3697 62 21 there
2147 3703 45 15 was
2212 3696 39 22 the
2271 3695 47 22 fact
2332 3695 51 22 that

1827 3727 119 29 principles
1962 3726 91 22 scorned
2068 3726 42 22 five
2125 3732 65 22 years
2205 3732 40 22 ago
2261 3732 57 14 were
2334 3731 49 15 now

1827 3756 155 32 incorporated
2009 3757 22 24 in
2065 3757 38 24 the
2129 3755 91 26 Statute
2248 3754 70 29 Book,
2339 3754 44 24 and

1827 3797 49 15 men
1896 3797 58 14 were
1971 3796 49 15 now
2038 3796 28 14 on
2082 3788 38 23 the
2136 3790 39 26 top
2190 3787 22 22 of
2229 3787 89 27 politics
2334 3787 49 22 who

1826 3825 57 15 were
1895 3818 97 27 wcariDg
2007 3817 38 21 the
2061 3817 85 21 clothes
2162 3817 22 20 of
2199 3816 62 21 labor
2278 3816 23 20 in
2322 3816 58 21 1891.

1826 3849 32 21 As
1870 3847 53 29 they
1934 3846 64 22 could
2016 3848 40 20 not
2071 3846 56 22 form
2137 3853 13 14 a
2160 3845 153 23 Government
2329 3845 54 27 they

1827 3878 43 22 had
1891 3881 24 19 to
1934 3877 65 22 make
2019 3884 12 15 a
2050 3876 75 23 choice
2140 3875 100 23 between
2257 3878 45 19 two
2318 3875 61 22 evils.

1826 3909 47 22 The
1884 3908 73 22 Labor
1965 3907 108 22 members
2083 3906 127 28 recognised
2220 3906 51 21 that
2281 3905 101 22 between

1827 3938 128 22 Protection
1972 3936 44 23 aud
2033 3936 120 23 Freetrade
2171 3936 19 22 it
2209 3943 45 14 was
2271 3943 13 14 a
2300 3943 49 14 case
2360 3935 23 22 of

1826 3968 79 22 Codlin
1921 3975 25 14 or
1960 3967 75 22 Short.
2066 3967 46 22 One
2127 3965 91 23 favored
2237 3965 146 28 monopolists

1827 3997 91 26 abroad,
1931 3997 38 22 the
1980 3996 64 22 other
2055 3996 145 29 monopolisms
2211 3997 24 20 at
2245 3994 80 27 Home,
2338 3994 43 22 and

1827 4031 23 20 to
1866 4027 88 24 neither
1974 4026 64 24 could
2056 4026 36 24 the
2112 4028 67 29 party
2198 4025 51 23 look
2267 4025 55 22 with
2339 4032 43 22 any

1827 4059 63 27 hope.

1854 4088 96 29 Captain
1969 4087 94 27 Mauler,
2075 4087 22 23 of
2115 4087 38 23 the
2164 4086 109 22 Austrian
2284 4085 98 28 warship

1827 4119 124 26 Albatross,
1970 4118 96 28 through
2084 4118 38 22 the
2140 4117 72 28 Press,
2231 4117 39 21 lias
2281 4115 100 23 thanked

1828 4149 141 23 Australians
1980 4148 34 23 for
2030 4148 120 30 sympathy
2161 4155 53 14 over
2224 4146 39 23 the
2274 4153 108 15 massacre

1826 4181 23 21 of
1864 4180 74 22 Baron
1954 4178 110 23 Nnrbeck.
2096 4178 95 29 Captain
2212 4176 88 22 Mauler
2316 4177 18 21 is
2353 4184 28 14 on

1828 4211 33 21 his
1877 4217 49 21 way
1937 4212 24 19 to
1971 4208 88 22 Vienna
2075 4211 22 19 to
2115 4209 76 25 report
2205 4206 127 29 personally
2343 4206 38 22 the

1826 4240 72 28 tragic
1917 4238 97 30 episode.
2045 4238 46 23 The
2110 4237 118 24 Albatross
2248 4236 95 23 remains
2358 4237 23 22 in

1826 4270 91 29 Sydney
1929 4269 35 22 till
1976 4269 33 22 his
2019 4270 82 21 return.

1854 4300 47 23 The
1925 4299 58 23 Hon.
2005 4298 76 23 James
2096 4298 95 26 Service,
2211 4297 50 22 who
2282 4296 55 23 both
2358 4304 23 15 as

1828 4330 97 22 Premier
1935 4329 44 21 and
1990 4336 12 14 a
2017 4329 87 26 private
2119 4328 80 21 citizen
2217 4327 53 21 took
2281 4334 13 13 a
2304 4329 77 26 strong

1826 4360 95 22 interest
1939 4359 21 21 in
1980 4358 76 28 trying
2074 4360 22 19 to
2112 4364 76 14 secure
2200 4355 85 23 British
2297 4362 72 23 posses-

1826 4390 47 23 sion
1883 4390 23 22 of
1922 4389 38 23 the
1970 4388 57 23 New
2045 4387 117 28 Hebrides,
2174 4386 101 29 strongly
2295 4388 86 21 resents

1826 4421 38 22 the
1875 4420 73 22 action
1960 4419 23 21 of
2000 4419 38 21 the
2049 4418 157 28 Presbyterian
2223 4416 59 29 body
2298 4417 22 21 in
2338 4416 32 23 dis-

1826 4451 89 28 placing
1925 4449 91 28 trading
2034 4451 105 19 steamers
2155 4447 30 28 by
2197 4448 81 20 vessels
2289 4446 22 22 of
2322 4446 59 22 their

1826 4487 56 16 owu.
1915 4479 35 22 He
1961 4477 144 23 unburdened
2117 4476 90 23 himself
2217 4476 22 22 in
2250 4483 13 15 a
2279 4475 68 23 letter
2357 4478 24 19 to

1827 4512 38 22 the
1885 4509 72 27 Press,
1969 4509 23 22 in
2008 4507 72 22 which
2099 4507 28 22 he
2146 4513 52 20 says
2215 4506 27 21 he
2259 4506 18 22 is
2292 4506 89 28 getting

1826 4547 74 24 weary
1924 4539 23 23 of
1971 4537 125 30 welldoing.
2217 4536 35 22 far
2277 4542 22 15 as
2324 4534 55 23 New

1826 4571 111 24 Hebrides
1957 4578 37 15 are
2014 4568 129 27 concerned,
2156 4567 38 22 the
2214 4567 74 22 action
2304 4566 22 22 of
2342 4566 38 22 the

1826 4601 159 27 Presbytcrion
2002 4599 88 22 Church
2108 4597 134 22 authorities
2259 4597 23 21 in
2294 4600 87 23 respect

1826 4633 23 20 to
1860 4630 38 22 the
1908 4635 50 16 new
1967 4630 96 20 steamer
2073 4627 18 21 is
2101 4633 24 15 so
2134 4625 128 28 manifestly
2271 4625 109 28 injurious

1826 4663 31 25 to,
1878 4658 44 24 and
1939 4658 11 24 I
1966 4665 40 22 say
2023 4661 25 19 at
2064 4664 53 16 once
2134 4655 137 24 destructive
2290 4655 30 28 of,
2341 4654 39 24 the

1825 4691 75 29 object
1914 4690 34 22 for
1959 4689 72 23 which
2042 4688 12 23 I
2064 4687 43 23 and
2123 4687 76 23 others
2216 4687 55 22 have
2287 4694 24 14 so
2329 4686 51 27 long

1825 4721 55 22 been
1890 4720 104 29 fighting,
2005 4719 52 22 that
2067 4718 11 23 I
2088 4718 57 22 have
2156 4717 63 23 made
2230 4724 30 22 up
2271 4723 37 21 my
2318 4715 61 23 mind

1825 4753 24 20 to
1859 4751 62 22 leave
1932 4750 38 23 the
1981 4749 103 29 question
2094 4751 23 19 to
2128 4748 27 22 be
2162 4746 83 24 settled
2257 4753 23 16 as
2291 4746 18 23 it
2319 4753 58 22 may.

1825 4781 11 21 I
1847 4788 35 14 am
1892 4787 68 15 never
1970 4779 59 21 tired
2047 4778 96 29 fighting
2159 4778 132 27 opponents,
2304 4776 42 22 but
2361 4777 19 21 it

1825 4811 18 22 ia
1849 4818 14 14 a
1870 4809 105 23 different
1984 4809 65 30 thing
2058 4807 95 29 entirely
2162 4807 64 22 when
2237 4813 40 15 our
2284 4806 96 22 enemies

1824 4849 38 14 are
1872 4840 22 23 of
1904 4847 40 16 our
1955 4847 49 15 own
2013 4837 129 24 household.
2175 4837 72 23 When
2258 4837 38 22 the
2304 4836 75 30 clergy

1824 4879 36 14 see
1882 4872 38 21 the
1940 4870 91 23 tricolor
2051 4868 92 29 floating
2162 4874 53 15 over
2237 4867 38 22 the
2296 4867 83 22 islands

1825 4901 43 22 and
1879 4900 46 22 find
1936 4900 133 22 themselves
2086 4897 112 23 'shunted
2216 4900 40 19 out
2272 4896 23 22 of
2312 4896 67 27 that,'

1824 4939 24 15 as
1859 4931 22 22 in
1892 4930 153 29 Madagascar,
2057 4929 55 28 they
2122 4927 46 23 will
2176 4927 96 29 perhaps
2283 4926 46 22 find
2339 4928 41 20 out

1824 4961 53 24 that
1895 4969 13 15 a
1927 4960 67 30 pinch
2012 4959 23 24 of
2052 4958 93 30 worldly
2162 4957 92 24 wisdom
2271 4956 20 23 is
2307 4958 41 21 not
2367 4963 13 15 a

1824 4992 44 22 bad
1887 4991 128 29 ingredient
2033 4992 24 21 to
2077 4989 81 29 mingle
2176 4987 56 23 with
2247 4987 132 29 missionary

1824 5021 124 29 enterprise
1958 5020 44 22 and

1852 5050 28 22 In
1899 5050 39 22 the
1957 5049 118 23 Victorian
2094 5047 118 27 Assembly
2233 5046 38 22 the
2291 5046 45 22 Bill
2355 5047 24 20 to

1824 5082 96 26 prevent
1938 5086 70 21 usury
2028 5086 45 15 was
2088 5077 53 23 read
2158 5084 14 14 a
2188 5076 50 22 first
2249 5076 62 21 time.
2343 5075 37 21 Mr

1824 5110 100 23 Outtrim
1936 5108 78 23 moved
2026 5108 38 23 the
2073 5107 80 24 second
2164 5105 92 29 reading
2271 5105 23 22 of
2308 5112 12 14 a
2336 5103 44 23 Bill

1825 5140 119 31 providing
1969 5139 50 23 that
2044 5139 63 23 when
2131 5144 45 23 any
2195 5142 99 17 measure
2315 5134 65 23 twice

1824 5170 80 31 passed
1915 5169 38 24 the
1964 5169 117 30 Assembly
2096 5169 22 23 in
2136 5166 140 25 consecutive
2286 5165 95 23 sessions

1825 5201 44 22 and
1880 5208 45 15 was
1936 5199 98 29 rejected
2049 5207 24 16 or
2090 5197 108 25 amended
2211 5197 31 28 by
2259 5196 39 23 the
2308 5196 57 23 Coun-

1825 5231 37 27 cil,
1874 5230 20 23 it
1903 5229 57 23 shall
1970 5228 27 23 be
2007 5232 51 20 sent
2068 5232 22 21 to
2107 5229 39 23 the
2162 5227 80 29 people
2257 5228 24 21 to
2295 5233 40 21 say
2350 5226 31 29 by

1825 5259 142 24 referendum
1977 5259 100 23 whether
2085 5260 21 22 it
2119 5258 58 23 shall
2193 5257 90 22 become
2298 5256 43 21 law
2355 5263 26 15 cr

1825 5295 48 19 not.
1917 5289 48 23 The
1989 5288 80 26 debate
2092 5296 46 16 was
2162 5285 130 32 adjourned.
2333 5285 47 23 The

1826 5321 93 24 Council
1934 5319 79 31 passed
2029 5320 95 30 through
2142 5318 128 25 committee
2287 5316 38 24 the
2336 5315 45 25 Bill

1826 5351 114 29 repealing
1950 5350 38 23 the
1998 5350 44 22 law
2051 5352 95 28 relating
2162 5352 23 20 to
2203 5348 39 23 the
2258 5348 123 22 interment

1826 5381 23 24 of
1859 5380 96 24 suicides
1965 5382 25 21 at
1999 5380 71 31 night.

1854 5413 32 21 As
1903 5419 14 15 a
1932 5411 128 29 prominent
2077 5411 98 24 member
2193 5409 23 24 of
2235 5409 40 23 the
2292 5408 89 23 Liberal

1827 5444 76 26 party,
1925 5441 44 22 and
1993 5448 14 15 a
2030 5441 146 23 Gladstonian
2198 5438 93 29 disciple
2306 5438 75 22 whose

1826 5470 95 23 colonial
1931 5470 164 32 Governorship
2110 5472 19 22 is
2145 5471 24 22 in
2186 5469 83 23 nowise
2286 5467 94 23 allowed

1828 5503 22 21 to
1875 5500 52 24 hide
1947 5508 13 16 a
1979 5500 85 25 British
2085 5504 122 22 statesman
2231 5498 45 24 and
2300 5498 69 29 parlia-

1827 5532 133 28 mentarian,
1972 5532 60 23 Lord
2049 5533 113 29 Brassey's
2177 5531 91 30 opinion
2283 5529 23 23 of
2321 5529 59 23 Lord

1828 5562 131 28 Rosebery's
1995 5564 134 28 resignation
2163 5562 23 22 of
2219 5561 39 22 the
2292 5559 89 23 Liberal

1826 5592 127 28 leadership
1977 5592 19 21 is
2016 5593 138 29 interesting.
2195 5590 115 29 Speaking
2329 5591 25 20 at
2369 5596 12 14 a

1826 5621 100 30 banquet
1944 5623 25 21 at
1986 5622 98 24 Mildura
2099 5623 28 23 he
2143 5618 127 26 diversified
2288 5627 29 14 an
2332 5618 39 24 irri-

1826 5652 77 30 gation
1913 5651 92 24 address
2015 5653 55 24 with
2088 5662 27 14 an
2133 5653 126 28 important
2269 5649 112 24 reference

1827 5686 23 19 to
1870 5681 99 24 Turkish
1988 5684 172 28 complications.
2202 5681 36 22 He
2262 5679 119 31 expressed

1826 5712 39 23 the
1885 5714 105 21 warmest
2006 5714 105 29 approval
2131 5713 22 23 of
2174 5711 59 24 Lord
2249 5710 133 32 Rosebery's

1840 5742 85 24 ttitude
1939 5749 29 17 on
1983 5743 38 24 the
2037 5743 92 26 Eastern
2144 5742 110 33 question.
2285 5741 37 26 He
2336 5749 47 18 was

2403 158 123 24 convinced
2542 158 59 23 Lord
2625 157 120 29 Rosebery,
2766 154 142 30 considering
2929 154 36 23 his

2403 198 73 20 years,
2507 189 92 22 evinced
2624 189 39 22 the
2692 188 91 29 highest
2806 185 106 30 qualities
2941 184 23 23 of

2403 219 183 29 statesmanship,
2603 218 44 22 and
2662 225 46 14 was
2718 216 156 29 undoubtedly
2885 215 80 28 taking

2404 250 39 23 the
2453 250 62 29 right
2525 257 77 15 course
2613 249 21 22 in
2646 248 76 28 acting
2732 255 24 15 as
2772 247 27 22 he
2814 246 46 23 did.
2888 245 76 23 While

2404 281 27 21 he
2451 280 69 26 (Lord
2536 280 105 27 Brassey)
2657 278 74 22 would
2747 277 62 28 yield
2830 280 23 18 to
2868 283 29 14 no
2912 282 51 15 man

2404 311 22 21 in
2442 310 39 22 the
2497 309 71 22 desire
2585 311 25 20 to
2625 311 42 27 put
2681 307 66 22 down
2762 305 138 31 oppression,
2916 304 49 23 still

2404 339 27 24 he
2447 338 129 32 recognised
2592 339 51 23 that
2658 338 18 23 if
2693 337 104 31 England
2813 336 54 23 took
2883 335 69 31 single-

2404 372 88 20 handed
2509 372 74 20 action
2599 377 49 14 now
2666 370 39 21 she
2721 368 73 23 would
2813 368 108 28 probably
2937 367 27 22 be

2403 400 106 24 involved
2524 398 171 31 single-handed
2713 399 22 22 in
2758 406 13 14 a
2787 405 46 15 war
2853 397 56 23 with
2925 397 40 23 the

2404 431 79 23 united
2512 431 119 28 European
2659 429 90 23 Powers
2777 436 54 15 over
2858 435 107 16 concerns

2404 462 73 22 which
2488 461 94 22 affected
2598 460 112 30 England,
2722 460 42 22 but
2778 464 40 17 not
2833 466 60 15 more
2908 459 55 22 than

2404 493 54 28 they
2474 492 94 22 affected
2584 492 40 22 the
2645 491 66 23 other
2732 490 97 24 Powers.
2867 489 35 23 He
2921 489 43 23 felt

2404 523 99 22 satisfied
2524 523 38 22 the
2587 522 116 29 Salisbury
2723 521 154 23 Government
2905 528 58 15 were

2404 554 63 28 quite
2481 555 129 27 competent
2625 554 23 21 to
2663 554 89 28 protect
2767 552 38 23 the
2820 552 106 22 interests
2941 551 23 22 of

2404 584 95 29 Europe.

2431 614 27 22 In
2484 614 39 22 the
2543 613 72 23 South
2635 613 130 22 Australian
2785 612 119 29 Assembly
2923 612 39 22 the

2405 644 106 23 Licensed
2523 643 143 23 Victuallers'
2677 643 44 23 Bill
2739 650 45 15 was
2801 643 52 22 read
2871 650 12 14 a
2901 641 60 23 third

2404 676 54 22 time
2478 675 44 22 and
2542 674 86 30 passed.
2669 674 47 23 The
2733 674 99 23 Married
2850 672 113 23 Women's

2404 706 129 23 Protection
2545 706 44 22 Bill
2601 713 44 15 was
2655 705 110 29 similarly
2775 705 62 22 dealt
2848 704 62 22 with.
2942 704 20 22 A

2404 737 85 22 motion
2509 739 24 19 to
2553 737 94 28 appoint
2665 743 14 14 a
2698 735 69 22 select
2786 734 128 23 committee
2939 736 24 20 to

2404 767 87 29 inquire
2511 767 48 21 into
2577 767 38 21 the
2634 765 97 28 hospital
2748 765 87 22 trouble
2850 763 111 30 promised

2404 797 51 23 well
2472 796 59 23 until
2547 796 38 23 the
2603 795 65 24 Chief
2683 795 118 27 Secretary
2818 801 61 15 came
2897 793 66 29 along

2404 827 56 25 with
2471 827 38 24 the
2520 829 178 21 announcement
2717 826 52 24 that
2786 825 64 23 there
2860 832 45 15 was
2915 824 48 23 still

2404 867 13 14 a
2434 859 127 29 possibility
2574 858 23 22 of
2612 857 108 29 patching
2737 864 30 22 up
2785 856 38 23 the
2841 855 118 29 difficulty.

2404 890 47 23 The
2466 889 85 22 motion
2561 895 45 16 was
2625 888 110 23 therefore
2752 886 132 30 postponed.
2916 885 47 23 The

2404 920 93 22 Council
2521 919 98 28 adopted
2640 926 28 14 an
2688 918 92 22 address
2800 917 93 28 warmly
2912 924 38 14 con-

2404 949 140 29 gratulating
2560 950 38 20 the
2615 948 75 27 Queen
2708 954 27 14 on
2754 947 38 21 the
2812 947 88 28 longest
2909 945 53 30 {and

2406 982 56 19 most
2473 979 97 29 glorious
2582 978 61 29 reign
2654 978 22 22 in
2688 976 92 30 English
2792 976 93 29 history.

2432 1009 27 23 In
2479 1008 131 24 connection
2629 1007 55 24 with
2705 1007 38 23 the
2763 1006 99 30 drought
2881 1006 23 23 in
2924 1005 39 24 the

2406 1040 106 22 northern
2529 1038 99 31 pastoral
2644 1038 101 22 districts
2756 1045 13 14 a
2785 1037 99 29 peculiar
2894 1040 57 19 state-

2406 1073 61 19 ment
2486 1071 18 21 is
2530 1069 63 23 made
2618 1069 29 28 by
2669 1069 37 21 the
2726 1074 104 21 manager
2849 1067 23 22 of
2897 1066 65 23 Leith

2405 1100 70 22 Creek
2487 1100 92 25 station,
2592 1099 49 21 who
2652 1098 125 22 forwarded
2793 1100 23 18 to
2827 1096 109 22 Adelaide
2951 1104 12 13 a

2405 1129 106 30 quantity
2531 1129 22 21 of
2578 1128 67 21 bones
2664 1127 73 22 which
2758 1127 27 20 he
2805 1127 81 27 alleges
2906 1133 57 14 were

2406 1160 70 21 taken
2486 1159 57 21 from
2554 1158 38 21 the
2604 1157 101 22 stomach
2716 1156 22 21 of
2753 1163 13 13 a
2776 1156 67 26 sheep
2855 1154 69 20 killed
2934 1154 29 27 by

2406 1196 41 15 one
2464 1189 23 21 of
2502 1188 33 22 his
2553 1194 50 15 men
2621 1194 12 14 a
2651 1186 42 22 few
2709 1186 56 28 days
2782 1191 47 22 ago.
2861 1182 36 23 He
2914 1189 51 21 says

2407 1219 51 22 that
2476 1218 45 22 this
2538 1224 62 23 gives
2617 1224 28 14 an
2664 1215 50 23 idea
2731 1215 23 21 of
2770 1214 37 22 the
2818 1215 60 21 state
2888 1212 23 22 of
2926 1209 39 25 the

2406 1248 99 29 drought
2524 1248 34 22 far
2578 1246 74 27 north,
2670 1245 74 22 where
2763 1244 39 22 the
2821 1243 68 29 sheep
2909 1242 56 22 have

2406 1278 60 23 lived
2477 1286 27 14 on
2516 1277 56 22 dead
2584 1276 92 23 rabbits.
2717 1274 35 23 He
2763 1274 55 22 adds
2829 1274 52 22 that
2891 1273 19 22 it
2921 1279 44 15 was

2408 1310 38 24 the
2469 1313 100 19 severest
2592 1306 99 29 drought
2716 1312 51 16 ever
2789 1304 89 23 known.
2919 1302 46 23 The

2406 1341 85 21 station
2502 1339 44 21 lost
2557 1338 29 21 all
2607 1338 37 20 the
2656 1336 70 23 lambs
2737 1335 43 21 last
2791 1342 85 18 season,
2888 1334 44 21 and
2947 1334 19 20 it

2408 1376 44 15 was
2472 1368 88 30 getting
2580 1370 37 18 too
2637 1366 45 21 late
2702 1367 24 19 to
2743 1367 81 26 expect
2843 1370 44 21 any
2902 1364 61 20 next.

2408 1399 83 28 Nearly
2503 1398 29 22 all
2551 1397 37 22 the
2605 1395 108 28 breeding
2730 1393 125 23 ewes—the
2872 1392 94 22 number

2407 1429 23 21 of
2446 1429 68 26 sheep
2528 1427 68 21 shorn
2613 1426 45 21 last
2675 1431 53 21 year
2740 1431 44 14 was
2800 1423 79 27 26,000
2896 1422 69 21 below

2408 1459 61 22 what
2479 1465 45 15 was
2540 1454 107 32 expected
2650 1453 71 24 —had
2739 1453 90 23 become
2839 1452 90 23 victims
2944 1451 22 23 of

2408 1490 38 23 the
2457 1488 104 30 drought.

2434 1520 106 21 Between
2559 1517 40 22 the
2618 1516 89 29 dignity
2727 1515 23 22 of
2769 1515 39 22 the
2825 1512 141 29 Queensland

2409 1549 133 30 Legislative
2559 1547 93 23 Council
2670 1545 43 23 and
2734 1545 38 22 the
2792 1544 174 23 lukewarmness

2406 1581 23 21 of
2448 1581 39 20 the
2507 1579 83 22 Nelson
2608 1578 160 24 Government,
2790 1575 63 22 there
2872 1580 95 22 appears

2408 1613 22 18 to
2451 1610 26 21 be
2497 1617 13 13 a
2529 1608 96 28 possible
2644 1608 105 27 prospect
2768 1605 23 21 of
2816 1605 38 21 the
2873 1603 95 22 Federal

2407 1639 111 29 Enabling
2528 1638 44 22 Bill
2583 1637 67 28 being
2660 1635 102 22 wrecked
2770 1633 43 22 and
2824 1631 142 29 Queensland

2406 1669 106 30 standing
2522 1670 40 21 out
2577 1668 22 22 of
2611 1667 37 22 the
2658 1665 150 29 forthcoming
2818 1662 147 25 Convention.

2406 1701 47 22 The
2464 1700 52 28 only
2528 1697 106 31 practical
2650 1696 70 24 result
2730 1696 22 22 of
2768 1704 12 14 a
2791 1694 80 23 week's
2882 1694 73 22 bicker-

2406 1732 38 26 ing
2455 1730 39 21 has
2502 1730 55 21 been
2566 1733 23 17 to
2600 1727 108 27 intensify
2719 1727 39 21 the
2766 1725 117 26 deadlock,
2893 1724 44 22 and
2944 1726 24 19 to

2406 1760 61 22 show
2479 1759 51 22 that
2541 1758 38 21 the
2591 1757 106 28 Ministry
2713 1762 37 15 are
2765 1758 40 18 not
2815 1761 23 15 so
2850 1752 117 23 enamored

2406 1790 23 22 of
2443 1788 134 24 Federation
2589 1795 23 15 as
2624 1789 22 20 to
2658 1786 64 23 make
2732 1792 45 22 any
2787 1783 98 24 sacrifice
2896 1783 34 23 for
2941 1782 25 23 it.

2406 1820 147 28 MrThynne,
2566 1818 104 21 Minister
2688 1817 22 21 in
2726 1816 81 27 charge
2822 1815 23 21 of
2860 1814 39 22 the
2914 1813 52 27 Bill,

2406 1849 108 29 speaking
2535 1851 22 19 to
2578 1848 37 21 Mr
2634 1845 119 30 Gregory's
2777 1843 144 23 amendment
2945 1845 23 19 to

2405 1880 76 22 shelve
2500 1880 26 26 it,
2546 1877 90 23 warned
2653 1875 138 24 Councillors
2809 1875 51 22 that
2878 1873 17 23 if
2914 1873 55 28 they

2406 1909 86 23 carried
2512 1909 45 22 this
2577 1908 20 22 it
2617 1910 75 19 meant
2712 1906 88 29 placing
2824 1903 89 30 beyond
2938 1903 30 22 all

2406 1939 127 30 possibility
2544 1939 38 21 the
2597 1936 178 31 representation
2790 1935 23 22 of
2827 1932 142 30 Queensland

2406 1973 24 20 at
2436 1977 43 22 any
2488 1969 84 23 federal
2580 1968 104 28 meeting.
2717 1966 37 23 Mr
2763 1965 110 24 Buzacott
2883 1964 65 29 allegr
2954 1962 15 25 d

2406 2002 52 22 that
2474 2000 75 23 undue
2566 1998 108 23 influence
2694 1997 44 23 had
2758 1997 54 22 been
2830 1995 98 30 brought
2946 2000 23 18 'o

2406 2031 52 22 bear
2467 2033 23 19 to
2501 2030 79 22 induce
2591 2028 146 27 Councillors,
2746 2027 114 29 including
2871 2026 98 29 himself,

2407 2064 23 19 to
2441 2061 67 22 climb
2518 2060 72 22 down.
2622 2059 47 23 The
2680 2058 105 27 Premier,
2798 2057 110 29 replying,
2919 2063 38 22 pre-

2408 2091 73 23 tested
2496 2090 88 30 against
2594 2097 12 14 a
2622 2090 170 29 postponement
2808 2088 23 21 of
2845 2087 112 22 considera-

2408 2123 47 22 tion
2473 2122 22 22 of
2514 2122 38 22 the
2568 2120 110 24 Council's
2697 2120 107 30 Message.
2836 2118 71 23 There
2925 2118 44 23 had

2408 2153 55 21 been
2473 2160 13 13 a
2496 2152 56 28 good
2570 2151 49 21 deal
2637 2151 22 21 of
2678 2157 148 20 unnecessary
2843 2150 54 20 heat
2914 2156 54 14 over

2409 2182 38 22 the
2458 2184 89 23 matter,
2560 2181 43 21 and
2619 2181 19 22 it
2649 2179 74 23 would
2740 2179 26 23 be
2781 2179 75 22 better
2867 2181 23 20 to
2901 2178 65 22 allow

2408 2213 55 22 time
2474 2214 23 20 to
2508 2211 81 29 calmly
2599 2210 86 23 discuss
2696 2210 65 22 much
2772 2216 60 15 more
2843 2209 125 28 important

2409 2245 94 19 matters
2514 2241 61 22 dealt
2585 2241 56 22 with
2657 2241 54 22 than
2727 2239 124 29 wrangling
2862 2239 56 22 with
2929 2238 39 22 the

2411 2272 77 30 Upper
2507 2271 83 23 House.
2631 2271 47 23 The
2698 2270 85 22 motion
2809 2272 23 20 to
2857 2271 110 28 postpone

2410 2303 163 22 consideration
2585 2309 45 14 was
2641 2301 85 22 carried
2737 2301 30 28 by
2778 2301 27 22 33
2815 2304 23 18 to
2849 2300 33 22 2-i.

2469 2367 183 27 RAILWAY
2671 2366 179 26 DISASTER
2870 2366 40 25 IN

2591 2403 181 26 AMERICA.

2438 2485 21 21 A
2470 2485 58 21 most
2543 2483 114 29 appalling
2673 2482 104 23 accident
2794 2481 54 23 took
2865 2481 64 30 place
2939 2488 28 15 on

2410 2514 56 30 July
2482 2515 26 23 30
2525 2521 28 16 on
2571 2514 38 23 the
2625 2513 165 30 Pennsylvania
2807 2511 105 28 railroad,
2925 2514 45 21 two

2412 2547 62 21 miles
2484 2546 57 22 from
2559 2546 103 22 Atlantic
2679 2545 60 30 City,
2756 2545 65 21 when
2839 2544 39 23 the
2893 2543 63 23 Phila-

2412 2577 91 28 delphia
2530 2576 44 22 and
2605 2575 103 29 Reading
2737 2582 90 21 express
2858 2582 40 14 ran
2922 2574 48 22 into

2412 2606 44 21 and
2471 2608 40 19 cut
2526 2606 22 21 in
2567 2608 45 19 two
2632 2613 28 13 an
2680 2606 117 20 excursion
2817 2605 65 21 train.
2923 2603 47 22 The

2412 2636 68 22 latest
2490 2635 81 23 details
2582 2639 23 18 to
2621 2634 60 23 hand
2697 2635 61 22 show
2776 2634 52 24 that
2843 2634 39 21 the
2899 2636 59 19 catas-

2414 2666 78 29 trophe
2510 2673 44 15 was
2570 2673 41 14 one
2629 2665 23 23 of
2671 2664 139 30 exceptional
2830 2663 138 30 magnitude,

2412 2697 44 21 and
2473 2696 105 22 involved
2595 2696 22 21 in
2633 2695 68 23 death
2717 2702 28 15 no
2755 2695 68 22 fewer
2834 2695 55 22 than
2899 2694 59 28 forty-

2413 2726 63 22 three
2493 2726 85 28 people,
2596 2726 76 21 whilst
2691 2732 53 15 over
2760 2732 13 14 a
2791 2723 101 23 hundred
2911 2731 58 15 were

2412 2756 99 28 severely
2532 2754 94 30 injured.
2668 2754 47 23 The
2739 2754 101 23 collision
2863 2753 106 24 occurred

2414 2787 96 28 through
2535 2787 38 21 the
2597 2785 165 30 engine-driver
2786 2785 23 22 of
2832 2784 39 23 the
2895 2784 62 23 Phila-

2412 2817 91 29 delphia
2513 2817 42 21 and
2572 2815 103 30 Reading
2689 2822 90 23 express
2794 2815 123 28 mistaking
2931 2813 38 23 the

2412 2847 89 29 signals.
2530 2847 49 21 The
2595 2846 84 28 danger
2694 2846 48 27 sign
2759 2853 45 14 was
2822 2852 37 21 up,
2871 2845 42 21 but
2931 2844 38 21 the

2412 2877 75 22 driver
2511 2876 56 29 kept
2590 2883 28 14 on
2643 2875 44 22 and
2711 2874 93 22 crashed
2824 2877 25 18 at
2867 2880 13 14 a
2899 2873 67 27 speed

2412 2907 23 23 of
2451 2906 76 28 nearly
2544 2914 12 14 a
2571 2905 52 23 mile
2640 2913 13 15 a
2670 2905 86 22 minute
2772 2904 48 23 into
2836 2903 39 23 the
2891 2909 64 16 excur-

2413 2939 47 21 sion
2471 2937 67 26 train,
2553 2936 70 22 which
2634 2943 44 15 was
2694 2938 24 20 at
2733 2935 38 22 the
2787 2935 98 21 moment
2899 2940 57 15 cross-

2413 2968 37 28 ing
2466 2967 38 22 the
2519 2966 53 22 rails
2582 2965 128 29 diagonally
2720 2967 24 20 at
2755 2972 12 14 a
2781 2964 109 29 junction.
2922 2962 46 22 The

2414 2998 49 23 first
2472 3005 38 15 car
2520 2996 22 23 of
2557 2996 39 23 the
2605 2996 117 23 excursion
2733 2995 58 23 train
2805 3001 45 16 was
2865 2992 102 24 shivered

2414 3029 47 21 into
2472 3030 79 24 atoms,
2563 3026 44 22 and
2617 3026 30 21 all
2665 3027 29 20 its
2711 3027 122 26 occupants
2849 3023 70 22 killed
2936 3023 21 21 in-

2413 3056 176 29 stantaneously.
2620 3055 48 22 The
2685 3062 48 15 cars
2751 3054 82 22 behind
2849 3054 47 21 this
2912 3059 57 15 were

2414 3087 133 29 telescoped,
2560 3087 63 21 three
2633 3086 23 21 of
2674 3086 60 21 them
2751 3085 65 28 being
2833 3082 136 23 overturned

2413 3118 44 22 and
2473 3117 80 22 hurled
2570 3116 66 22 dowu
2654 3116 38 22 the
2711 3114 160 23 embankment
2891 3113 48 22 into
2956 3120 13 14 a

2414 3151 84 26 watery
2515 3147 73 22 marsh
2603 3146 77 22 below.
2711 3145 27 22 In
2757 3144 45 26 thi)3
2812 3151 51 15 ooze
2881 3151 41 14 one
2932 3150 37 15 car

2414 3186 44 14 was
2489 3178 63 29 quite
2583 3175 140 30 submerged,
2753 3174 44 23 and
2827 3174 30 22 its
2886 3174 83 21 human

2414 3208 83 30 freight
2533 3206 121 24 suffocated
2691 3205 44 23 aud
2764 3203 113 25 drowned.
2922 3203 47 23 The

2413 3238 157 29 Philadelphia
2588 3237 44 22 aud
2656 3236 101 28 Reading
2779 3235 80 29 engine
2873 3234 42 22 left
2931 3234 38 21 the

2414 3269 64 23 track
2493 3268 44 22 aud
2553 3266 84 24 dashed
2653 3267 64 22 down
2741 3266 38 22 the
2801 3264 164 23 embankment.

2413 3300 47 21 The
2476 3298 166 30 engine-driver
2663 3297 65 21 stuck
2751 3299 23 19 to
2795 3296 34 22 his
2850 3298 51 26 post
2925 3294 44 22 and

2414 3337 44 15 was
2478 3328 77 28 killed,
2573 3328 34 21 his
2628 3327 59 29 body
2708 3327 67 28 being
2793 3325 69 23 borne
2882 3325 29 28 by
2931 3325 38 21 the

2413 3360 114 29 shrieking
2538 3359 79 29 engine
2628 3358 47 22 into
2686 3357 39 22 the
2736 3358 54 21 mire
2798 3356 77 22 below.
2902 3354 66 23 From

2413 3391 39 21 the
2469 3389 74 22 wreck
2559 3396 62 14 arose
2639 3388 38 22 the
2688 3388 55 21 cries
2753 3386 44 23 and
2808 3393 79 22 groans
2898 3385 22 22 of
2931 3385 38 22 the

2413 3419 109 23 wounded
2546 3419 45 22 and
2616 3417 76 30 dying,
2718 3417 44 22 and
2786 3417 54 22 then
2864 3414 105 23 occurred

2414 3450 50 23 that
2483 3449 82 23 fearful
2591 3447 190 30 accompaniment
2805 3446 23 22 of
2851 3445 118 23 American

2413 3480 96 22 railroad
2536 3479 120 22 accidents.
2697 3477 51 23 Fire
2763 3476 69 23 broke
2851 3478 48 24 out,
2925 3475 44 21 and

2413 3511 39 22 the
2478 3509 116 23 shattered
2626 3515 47 15 cars
2698 3515 57 14 were
2785 3514 53 15 soon
2863 3504 104 30 wrapped

2412 3542 23 23 in
2452 3541 81 23 flames.
2565 3539 47 24 The
2629 3538 114 24 survivors
2760 3537 64 23 stood
2842 3535 68 24 dazed
2925 3534 44 24 and

2414 3572 94 28 helpless
2526 3574 25 19 at
2568 3571 38 21 the
2622 3570 139 21 destruction
2779 3569 51 21 that
2849 3567 44 21 had
2913 3566 55 22 been

2414 3602 103 28 wrought
2532 3600 44 22 and
2594 3600 38 21 the
2649 3598 80 23 fearful
2747 3597 138 22 contortions
2896 3596 22 21 of
2929 3596 38 21 the

2413 3632 76 28 dying.
2520 3630 66 27 Soon,
2598 3629 110 25 however,
2722 3628 44 22 this
2777 3627 98 22 inaction
2883 3624 85 26 ceased,

2413 3662 43 22 and
2474 3661 52 29 help
2546 3667 45 16 was
2610 3658 145 30 telegraphed
2776 3659 33 21 for
2828 3661 22 18 to
2869 3655 101 24 Atlantic

2412 3693 61 28 City,
2485 3691 44 23 and
2540 3690 63 23 relief
2619 3690 70 22 trains
2706 3688 98 29 brought
2821 3687 147 28 fire-engines,

2413 3723 96 25 doctors,
2528 3721 44 21 and
2589 3727 85 19 nurses,
2692 3719 103 29 together
2810 3718 56 21 with
2885 3717 72 28 clergy-

2414 3760 48 16 men
2474 3755 23 21 to
2505 3751 97 31 perform
2611 3750 39 24 the
2665 3749 44 24 last
2721 3749 55 23 rites
2789 3748 22 23 of
2822 3748 39 23 the
2871 3746 96 24 victims.

2412 3785 79 22 Before
2503 3784 38 21 the
2551 3783 140 27 fire-engines
2703 3789 56 14 were
2776 3780 50 23 able
2842 3783 23 19 to
2882 3778 86 23 subdue

2412 3815 39 20 the
2480 3813 75 20 flames
2584 3812 39 21 the
2651 3811 71 20 boiier
2750 3811 22 20 of
2800 3812 39 18 the
2868 3808 102 27 Reading

2412 3843 79 28 engine
2513 3840 118 29 exploded,
2653 3839 44 22 aud
2718 3839 39 22 the
2777 3838 40 22 hot
2840 3840 71 20 water
2925 3836 44 22 and

2412 3876 70 19 steam
2502 3871 90 24 scalded
2612 3870 54 22 both
2683 3869 38 23 the
2738 3868 88 30 injured
2846 3867 44 23 and
2911 3866 59 23 their

2412 3911 106 14 rescuers.
2556 3901 136 23 Meanwhile
2712 3900 38 23 the
2771 3899 60 23 work
2852 3898 23 22 of
2894 3904 75 16 rescue

2412 3941 45 15 was
2490 3932 134 30 proceeding
2654 3930 106 29 speedily.
2806 3929 47 23 The
2884 3927 84 24 broken

2412 3963 92 22 timbers
2515 3970 57 14 were
2583 3962 109 28 carefully
2708 3960 73 23 raised
2798 3959 44 22 and
2857 3959 37 22 the
2911 3957 58 23 dead

2412 3993 44 22 and
2476 3991 88 30 injured
2581 3991 111 23 removed.
2724 3990 47 22 The
2793 3988 57 24 dead
2870 3988 44 22 and
2931 3988 38 22 the

2412 4023 89 30 injured
2522 4029 57 16 were
2603 4021 101 29 horribly
2729 4019 111 31 mangled,
2861 4018 44 23 and
2930 4017 38 23 the

2412 4057 58 18 most
2489 4052 161 30 heartrending
2669 4059 75 15 scenes
2764 4049 105 24 occurred
2886 4057 24 14 as
2930 4048 38 23 the

2411 4084 114 22 survivors
2536 4083 82 28 fcought
2628 4083 39 21 the
2678 4082 92 28 missing
2787 4081 30 29 by
2828 4080 38 23 the
2877 4080 58 28 light
2946 4079 23 22 of

2412 4114 101 22 bonfires.
2544 4113 47 23 The
2602 4113 126 29 clergymen
2739 4111 38 23 did
2793 4111 30 22 all
2838 4111 54 28 they
2903 4109 65 23 could

2412 4148 23 19 to
2459 4144 96 23 comfort
2574 4143 38 22 the
2632 4142 77 30 dying,
2730 4141 67 24 while
2817 4141 39 23 the
2880 4140 89 23 doctors

2412 4174 90 23 worked
2527 4174 56 22 hard
2613 4173 93 28 binding
2737 4181 30 20 up
2798 4171 93 23 wounds
2925 4170 43 23 and

2411 4205 117 28 operating
2548 4211 27 15 on
2596 4203 108 28 damaged
2725 4203 72 21 limbs.
2829 4202 32 22 To
2880 4200 45 24 add
2944 4204 24 19 to

2412 4236 38 21 the
2461 4235 76 22 horror
2548 4234 22 22 of
2582 4233 37 23 the
2630 4235 74 25 event,
2721 4233 86 22 thieves
2817 4239 61 16 came
2889 4238 28 16 on
2928 4231 38 23 the

2410 4273 64 14 scene
2485 4265 43 22 and
2544 4264 70 29 began
2632 4267 22 18 to
2672 4264 39 21 rob
2729 4263 38 22 the
2783 4263 64 22 dead.
2879 4261 90 24 Several

2410 4296 23 22 of
2443 4296 63 22 these
2516 4295 79 29 ghouls
2606 4301 57 14 were
2673 4292 117 30 captured,
2802 4292 45 23 and
2858 4292 111 29 narrowly

2410 4325 93 28 escaped
2522 4325 107 28 lynching
2645 4324 29 27 by
2694 4324 39 20 the
2753 4322 108 29 outraged
2881 4322 84 28 people.

2410 4355 91 22 Several
2516 4355 22 21 of
2556 4354 39 22 the
2612 4355 21 20 in
2638 4352 63 28 jured
2718 4360 37 14 are
2774 4351 108 29 violently
2892 4351 77 21 insane

2411 4386 55 22 from
2478 4385 38 23 the
2527 4383 75 24 shock.
2635 4383 64 23 Some
2716 4382 91 23 terrible
2824 4388 75 16 scenes
2911 4388 58 16 were

2411 4415 125 23 witnessed.
2568 4414 44 23 For
2636 4414 39 21 the
2700 4416 58 19 most
2781 4415 52 26 part
2858 4412 38 22 the
2920 4418 36 21 pas-

2409 4452 90 21 sengers
2523 4452 58 14 were
2605 4443 159 21 excursionists
2795 4442 88 27 coming
2911 4441 57 21 from

2410 4475 64 21 small
2491 4477 72 19 towns
2579 4473 22 21 in
2618 4472 55 22 New
2690 4471 87 28 Jersey,
2797 4471 43 20 and
2857 4470 30 21 all
2903 4470 66 27 night

2410 4504 85 23 crowds
2506 4504 22 21 of
2539 4503 77 29 people
2627 4500 82 23 waited
2719 4501 34 21 for
2764 4506 60 15 news
2834 4501 25 19 at
2872 4503 95 23 country

2409 4535 102 21 stations.
2558 4534 20 20 A
2607 4531 122 29 signalman
2755 4531 24 20 at
2803 4529 39 21 the
2865 4528 101 28 junction

2410 4565 73 22 where
2508 4564 38 22 the
2570 4562 103 23 accident
2698 4560 52 23 took
2770 4560 63 29 place
2853 4558 39 23 has
2912 4558 54 22 been

2409 4594 100 22 arrested
2520 4593 99 28 pending
2638 4591 39 22 the
2693 4591 72 21 result
2781 4590 23 21 of
2822 4590 38 21 the
2875 4588 80 23 investi-

2409 4624 77 28 gation
2497 4623 28 28 by
2538 4623 38 21 the
2587 4621 64 23 State
2661 4619 141 23 authorities.

2427 4689 101 25 FOUR
2547 4687 188 27 HUNDRED
2756 4685 71 26 PER
2847 4683 98 28 CENT.

2437 4768 75 29 Judge
2536 4768 85 21 French
2653 4766 68 22 heard
2745 4774 13 13 a
2787 4772 48 14 case
2860 4765 24 20 at
2913 4762 53 22 Bow

2409 4798 111 27 (London)
2545 4797 90 28 County
2659 4796 70 22 Court
2762 4795 23 22 in
2814 4793 74 23 which
2919 4791 47 23 Mrs

2409 4828 105 28 Stewart,
2527 4828 51 22 wife
2589 4828 22 22 of
2621 4835 13 15 a
2644 4825 68 31 ship's
2722 4827 118 27 carpenter
2855 4831 26 15 on
2898 4821 68 24 board

2410 4859 38 23 the
2463 4859 123 28 steamship
2597 4857 127 29 Himalaya,
2736 4863 45 16 was
2792 4855 54 23 sued
2856 4854 30 29 by
2897 4852 69 24 Maud

2409 4889 108 29 Copland,
2537 4896 13 15 a
2565 4889 88 26 widow,
2672 4888 35 21 for
2723 4888 30 21 £5
2769 4886 34 22 for
2820 4891 80 22 money
2910 4883 54 23 lent.

2409 4918 104 23 Plaintiff
2531 4918 48 23 said
2598 4918 39 21 she
2655 4925 45 14 was
2717 4916 105 29 carrying
2832 4922 28 15 on
2871 4915 39 21 her
2921 4913 46 23 late

2410 4948 120 23 husband's
2551 4948 100 22 business
2672 4952 24 18 at
2717 4948 26 21 24
2765 4946 89 23 Church
2886 4945 79 26 street,

2409 4979 113 23 Plaistow.
2554 4979 128 22 Defendant
2691 4977 62 23 owed
2762 4977 37 23 £5.
2831 4976 23 22 It
2862 4983 45 15 was
2916 4979 50 18 true

2409 5009 39 21 she
2455 5009 43 21 had
2509 5009 53 28 paid
2573 5009 31 21 £4
2615 5009 36 21 10a
2662 5007 36 27 6d,
2708 5008 42 21 but
2757 5007 52 21 that
2818 5013 45 15 was
2872 5005 95 22 interest

2409 5038 59 29 only,
2481 5038 44 22 and
2536 5037 39 22 did
2585 5043 40 16 not
2634 5037 66 22 affect
2707 5037 38 22 the
2753 5035 117 29 principal.
2891 5033 75 30 Judge

2409 5068 86 21 French
2506 5065 4 30 :
2531 5068 46 21 Are
2594 5075 43 20 you
2653 5067 63 28 quite
2727 5073 50 15 sure
2788 5066 18 21 it
2816 5073 46 14 was
2872 5065 95 21 interest

2409 5097 68 29 only?
2519 5096 105 24 Plaintiff
2646 5096 122 29 (smiling):
2799 5095 11 22 I
2839 5102 36 15 am
2903 5093 63 30 quite

2409 5135 57 16 sure.
2498 5127 23 23 It
2541 5134 46 16 was
2608 5127 121 27 moderate,
2746 5132 55 23 very
2816 5125 151 23 moderate.—

2409 5158 141 30 (Laughter.)
2588 5157 141 23 Defendant:
2745 5156 12 23 I
2775 5155 98 31 engaged
2889 5162 13 15 a
2917 5154 40 23 soli-

2409 5190 65 26 citor,
2486 5189 42 22 but
2538 5189 27 21 he
2576 5189 18 22 is
2605 5191 40 19 not
2655 5188 59 22 here.
2746 5187 11 23 I
2775 5187 64 22 don't
2858 5193 47 16 owe
2921 5185 46 22 this

2410 5226 86 21 money.
2527 5219 23 21 It
2561 5226 45 14 was
2620 5219 52 28 only
2690 5219 31 21 £3
2736 5217 12 23 I
2765 5216 123 27 borrowed,
2900 5215 45 22 and
2956 5214 11 23 I

2409 5250 57 21 have
2476 5249 55 22 been
2542 5249 83 29 paying
2635 5249 24 21 4s
2669 5248 27 22 6d
2708 5256 13 14 a
2731 5247 62 23 week
2804 5246 56 23 back
2870 5246 35 22 for
2915 5251 53 17 over

2409 5279 82 23 twelve
2520 5278 97 23 months.
2672 5277 127 29 (Sensation
2832 5277 23 22 in
2885 5276 80 27 court).

2409 5310 75 30 Judge
2493 5310 102 23 French:
2611 5309 61 23 That
2686 5309 18 23 is
2721 5308 78 30 nearly
2809 5308 51 23 £l2.
2891 5306 77 24 About

2409 5342 41 22 400
2460 5348 40 22 per
2510 5343 57 20 cent.
2599 5339 116 23 Plaintiff:
2731 5339 69 23 Don't
2810 5339 40 22 tell
2860 5338 47 27 lies,
2920 5337 48 23 Mrs

2411 5371 103 24 Stewart.
2547 5370 51 24 You
2622 5370 67 23 know
2713 5377 44 22 you
2782 5368 44 24 had
2851 5369 36 23 £5.
2925 5367 28 23 De-

2410 5402 94 23 fendant
2514 5411 5 14 :
2535 5402 23 23 It
2568 5409 46 15 was
2624 5401 52 29 only
2688 5402 36 22 £3.
2756 5400 64 24 Your
2829 5399 69 24 books
2907 5398 61 23 show

2410 5433 25 21 it.
2474 5432 115 23 Plaintiff:
2618 5431 12 23 I
2655 5432 56 21 have
2735 5435 40 17 not
2799 5431 56 21 been
2878 5428 53 29 paid
2955 5435 13 14 a

2410 5461 100 30 farthing
2520 5462 61 22 since
2597 5460 103 24 October.
2731 5460 75 30 Judge
2823 5457 87 25 French
2927 5457 30 27 (in-

2410 5492 128 30 dignantly)
2548 5501 5 15 :
2580 5491 50 24 You
2649 5491 58 23 have
2724 5491 44 22 had
2784 5494 38 19 too
2841 5495 66 22 many
2924 5487 33 23 far-

2411 5523 75 30 things
2497 5523 98 30 already.
2595 5518 1 35 1
2595 5521 6 10 *
2626 5522 52 24 You
2689 5522 57 24 shall
2763 5524 40 20 not
2820 5522 38 29 get
2874 5518 94 24 another

2410 5555 100 28 farthing
2526 5557 40 19 out
2580 5554 24 22 of
2619 5554 46 22 this
2682 5560 54 22 poor
2750 5559 93 15 woman.
2875 5550 43 22 She
2929 5549 39 22 has

2411 5583 51 29 paid
2471 5590 44 22 you
2526 5583 39 22 the
2581 5591 79 21 money
2677 5582 92 29 already
2786 5588 53 15 over
2854 5579 44 23 and
2916 5584 52 16 over

2411 5613 71 31 again.
2514 5612 12 25 I
2548 5613 66 23 allow
2634 5613 40 23 her
2693 5612 42 23 five
2754 5611 102 29 shillings
2876 5609 34 22 for
2929 5608 39 22 her

2410 5644 135 23 attendance
2562 5644 52 23 here
2624 5652 6 19 ;
2646 5644 52 27 and,
2710 5642 129 27 defendant,
2851 5638 53 25 take
2919 5644 49 17 care

2411 5675 51 23 that
2472 5682 44 22 you
2527 5675 28 23 do
2565 5678 41 20 not
2615 5682 44 22 pay
2670 5675 39 22 the
2719 5673 99 23 solicitor
2828 5677 43 22 any
2880 5675 87 23 money,

2411 5713 24 15 as
2445 5706 28 22 he
2482 5705 70 23 failed
2569 5708 23 21 to
2608 5711 61 17 come
2684 5704 52 23 here
2751 5703 34 22 for
2795 5698 173 34 you.—(Cheers

2411 5737 23 23 in
2444 5737 82 29 court.)

3186 150 159 27 LONDON.

3002 225 74 27 [From
3088 230 45 17 the
3147 226 103 21 Evening
3268 226 78 20 Star's
3359 226 195 21 Correspondent

3262 289 106 28 London,
3384 290 91 29 August
3489 291 33 21 28.

3180 320 99 24 bryan's
3293 326 78 18 glint.

3022 352 47 24 One
3093 351 125 30 important
3237 354 52 27 part
3308 352 22 23 in
3351 352 39 24 the
3409 351 144 31 quatrennial

2994 382 150 23 Presidential
3165 383 116 29 campaign
3301 383 23 21 in
3344 383 104 22 America
3468 383 19 21 is
3514 383 39 21 the

2994 413 58 23 hunt
3062 413 35 23 for
3131 412 43 23 bad
3185 412 43 30 boy
3259 413 80 23 stories
3356 413 23 22 in
3391 413 38 22 the
3446 412 107 30 youthful

2994 445 75 21 homes
3079 444 24 22 of
3112 444 40 22 the
3161 444 138 22 candidates.
3330 443 28 23 In
3370 444 38 22 the
3418 451 49 15 case
3478 444 22 22 of
3516 444 37 22 Mr

2993 474 76 29 Bryan
3081 475 38 23 the
3130 474 58 24 hunt
3204 474 40 23 has
3260 474 58 23 been
3334 474 23 23 in
3373 473 60 30 vain,
3452 476 41 22 not
3510 481 42 15 one

2993 505 44 23 bad
3049 508 42 26 boy
3107 505 45 23 tale
3168 506 84 29 having
3271 505 55 23 been
3344 505 131 23 unearthed.
3514 505 38 25 Mr

2992 536 95 29 Bryan's
3107 536 103 29 boyhood
3228 543 71 15 seems
3319 538 25 20 to
3361 536 56 22 have
3439 536 55 22 been
3514 543 24 15 en-

2994 567 67 29 tirely
3071 566 90 29 lacking
3172 566 22 22 in
3205 566 101 22 color—a
3316 566 77 29 period
3412 566 22 22 of
3451 568 84 20 monoto-

2992 604 56 16 nous
3058 597 75 22 virtue
3143 596 148 23 unredeemed
3302 596 30 27 by
3342 604 44 21 any
3392 596 24 23 of
3426 597 63 22 those
3499 596 51 23 falls

2992 627 57 23 from
3060 634 65 22 grace
3135 627 44 22 and
3189 627 101 29 splashes
3299 626 24 23 of
3336 626 124 23 devilment
3476 627 73 22 which

2993 657 79 24 render
3090 658 38 22 the
3148 665 94 22 average
3261 657 44 30 boy
3324 657 140 30 interesting.
3502 657 47 23 The

2992 689 77 23 search
3090 689 47 28 has,
3156 689 111 26 however,
3291 688 98 24 resulted
3410 688 22 24 in
3451 688 37 23 the
3505 688 32 24 dis-

2992 727 80 21 covery
3093 720 52 21 that
3163 720 60 20 since
3243 719 37 21 Mr
3295 719 95 28 Bryan's
3410 720 138 20 nomination

2992 749 79 29 people
3081 749 56 22 have
3147 748 55 22 been
3220 747 79 23 struck
3314 748 30 28 by
3354 755 13 14 a
3377 748 99 28 peculiar
3490 748 59 28 glint

2992 780 23 21 in
3027 779 33 21 his
3072 778 42 22 left
3123 785 47 20 eye.
3203 778 43 21 His
3262 778 96 21 enemies
3373 778 86 28 profess
3473 780 23 19 to
3513 777 24 22 be-

2992 809 58 23 lieve
3060 809 38 23 the
3109 808 58 31 glint
3177 809 24 22 to
3212 807 26 23 be
3249 807 39 23 the
3298 809 102 21 outcome
3408 807 23 23 of
3441 807 108 30 incipient

2992 841 101 29 insanity
3103 841 137 28 consequent
3251 847 27 14 on
3290 839 34 22 his
3340 838 87 23 sudden
3438 838 111 23 elevation

2993 874 23 19 to
3027 870 120 30 notoriety.
3180 870 62 28 They
3253 869 65 30 point
3327 871 41 20 out
3378 869 51 22 that
3439 869 28 22 he
3481 869 40 22 has
3536 876 13 15 a

2992 901 159 30 superstitious
3166 900 68 23 belief
3249 900 23 23 in
3290 900 34 22 his
3340 907 49 16 own
3406 900 75 23 future
3498 907 23 16 as
3537 907 12 15 a

2992 932 61 22 child
3073 931 23 22 of
3111 931 104 28 Destiny,
3234 931 44 21 and
3296 931 89 21 farther
3401 938 52 14 aver
3471 930 50 22 that
3536 938 13 14 a

3018 961 107 29 meagrim
3135 960 74 22 which
3220 960 39 21 has
3269 960 116 28 possessed
3396 959 34 22 his
3440 960 64 22 brain
3514 959 35 23 for

2993 998 68 23 many
3172 990 19 23 is
3209 990 52 23 that
3279 990 26 22 he
3322 990 40 22 has
3379 990 55 23 been

2992 1029 31 22 up
3057 1021 29 30 by
3119 1021 49 23 God
3207 1023 23 20 to
3269 1020 56 23 head
3363 1028 13 15 a
3408 1023 64 27 great
3505 1020 44 23 and

2993 1052 95 29 popular
3284 1051 47 22 The
3349 1051 58 27 hint,
3424 1051 23 23 of
3464 1058 83 20 course,

2994 1083 18 20 is
3024 1082 50 21 that
3091 1081 75 28 Bryan
3185 1081 40 21 has
3244 1089 13 13 a
3272 1081 40 21 bee
3330 1081 22 21 of
3368 1088 59 14 some
3445 1081 43 22 size
3506 1081 43 21 and

2993 1111 104 29 strength
3114 1111 22 22 in
3153 1110 34 22 his
3203 1110 92 26 bonnet,
3311 1110 44 21 and
3373 1110 35 21 his
3426 1112 124 26 opponents

2994 1142 65 26 point
3069 1143 40 19 out
3121 1140 51 22 that
3187 1140 35 21 his
3238 1140 81 25 father,
3328 1139 75 27 Judge
3413 1139 84 27 Bryan,
3507 1145 45 14 was

2994 1176 13 14 a
3027 1169 124 27 peculiarly
3175 1168 111 20 eccentric
3312 1173 58 14 man.
3412 1167 34 20 He
3468 1167 85 28 always

2994 1197 85 30 opened
3096 1197 35 20 his
3148 1198 65 19 court
3227 1195 56 21 with
3301 1202 13 14 a
3331 1195 53 28 long
3400 1195 45 22 and
3462 1195 89 22 fervent

2995 1234 91 23 prayer,
3098 1225 44 23 and
3158 1225 24 22 in
3196 1225 40 21 the
3253 1223 70 23 midst
3335 1224 23 22 of
3375 1232 13 14 a
3406 1224 82 29 knotty
3503 1232 49 16 case

2996 1256 74 23 would
3081 1256 65 22 kneel
3157 1256 21 21 in
3190 1262 56 21 open
3255 1257 65 19 court
3328 1255 43 22 and
3379 1255 81 22 iuvoke
3471 1255 81 22 Divine

2995 1287 116 30 guidance.
3156 1285 67 22 After
3243 1284 54 23 such
3321 1292 28 15 an
3373 1284 127 24 invocation
3525 1285 27 23 he

2996 1317 102 23 assumed
3114 1315 51 23 that
3185 1315 34 23 his
3239 1314 109 24 decisions
3367 1322 58 16 were
3444 1315 107 30 inspired,

2996 1348 43 21 and
3051 1347 64 21 when
3126 1346 40 21 the
3177 1345 78 28 higher
3266 1347 75 19 courts
3356 1345 54 22 took
3420 1346 39 21 the
3469 1346 83 28 liberty

2996 1376 22 23 of
3039 1375 113 28 reversing
3170 1374 62 22 them
3252 1381 28 15 on
3300 1374 180 29 appeal—which
3498 1375 55 29 they

2996 1406 39 23 did
3056 1413 54 21 very
3129 1404 233 28 frequently—Judge
3384 1404 75 29 Bryan
3479 1405 74 22 would

2996 1434 165 31 complacently
3172 1434 88 21 remark
3271 1434 4 31 :
3318 1434 66 26 Well,
3397 1434 39 22 the
3446 1434 107 30 Supreme

2996 1466 96 25 Courtis
3103 1472 77 22 wrong
3189 1463 44 23 aud
3243 1464 49 23 God
3303 1465 18 22 is

3025 1496 112 23 Whether
3160 1496 39 21 the
3223 1495 119 22 candidate
3366 1495 35 22 for
3425 1495 38 23 the
3482 1495 60 23 Presi-

2998 1526 90 28 dency's
3104 1524 58 23 faith
3182 1525 23 22 in
3216 1525 88 22 himself
3321 1528 56 19 rests
3394 1533 28 14 on
3441 1526 38 21 the
3495 1533 59 14 same

2997 1556 133 24 foundation
3142 1563 23 15 as
3175 1555 35 23 his
3227 1555 92 23 father's
3335 1556 18 22 is
3363 1558 40 20 not
3413 1556 63 29 quite
3486 1556 68 27 clear,

2998 1588 41 22 but
3050 1587 19 22 it
3086 1587 19 21 is
3121 1585 110 29 tolerably
3243 1586 85 22 certain
3345 1586 53 22 that
3407 1593 59 15 some
3477 1586 22 22 of
3517 1586 38 22 the

2999 1617 105 22 Western
3123 1615 167 29 agriculturists
3313 1622 36 14 are
3365 1615 63 26 quite
3445 1615 69 28 ready
3532 1617 24 19 to

2998 1649 79 27 accept
3087 1646 39 23 the
3255 1651 24 16 as
3290 1651 12 16 a
3312 1644 49 30 sign
3372 1644 50 23 that
3434 1644 37 23 Mr
3480 1644 76 30 Bryan

2998 1678 19 22 is
3027 1676 99 31 inspired
3137 1676 56 22 from
3202 1675 70 23 above
3280 1676 35 22 for
3323 1676 38 22 the
3368 1676 82 29 special
3460 1683 97 22 purpose

2998 1709 23 22 of
3038 1709 85 27 freeing
3141 1707 39 22 the
3200 1706 140 22 commercial
3358 1706 70 22 world
3446 1706 56 22 from
3518 1705 39 23 the

2998 1742 99 24 tyranny
3109 1737 22 21 of
3141 1736 60 28 gold.

3119 1778 47 16 TIIE
3177 1777 130 17 EMPEROR'S
3317 1777 119 17 ROMANCE.

3027 1803 47 24 One
3091 1810 51 20 may
3153 1803 27 22 be
3197 1802 102 29 forgiven
3316 1802 34 22 for
3360 1802 84 28 having
3459 1800 99 23 doubted

2999 1834 26 26 it,
3038 1834 41 21 but
3088 1834 20 21 it
3118 1839 94 23 appears
3229 1832 52 22 that
3298 1832 39 22 the
3355 1832 107 28 Emperor
3472 1831 23 22 of
3506 1831 40 22 Ger-

2999 1870 68 23 many
3077 1870 46 16 was
3139 1869 24 16 as
3180 1869 13 16 a
3210 1869 76 23 young
3304 1869 50 15 man
3371 1868 55 23 very
3436 1861 66 22 much
3513 1860 46 23 like

2999 1894 39 23 the
3048 1893 165 29 commonplace
3229 1900 76 22 young
3322 1900 50 15 men
3383 1892 23 22 of
3424 1892 45 22 this
3479 1891 78 28 world,

2999 1924 44 23 and
3053 1931 54 16 once
3118 1923 39 23 did
3167 1924 63 21 what
3239 1926 60 19 most
3309 1923 22 22 of
3349 1923 61 22 them
3420 1922 111 23 do—that
3540 1922 19 22 is

3000 1957 23 21 to
3033 1961 48 24 say,
3093 1954 27 23 he
3130 1953 40 24 fell
3180 1954 22 22 in
3213 1954 50 22 love
3272 1953 55 23 with
3335 1960 12 15 a
3358 1959 80 24 person
3448 1952 98 23 consider-

2999 1985 52 30 ably
3071 1985 34 23 his
3125 1985 73 23 senior
3217 1984 45 23 and
3285 1991 13 15 a
3536 1983 22 23 in

2999 2017 115 21 mamma's
3124 2023 52 21 eyes
3186 2015 24 22 of
3225 2015 39 22 the
3274 2017 59 20 most
3350 2014 97 30 flagrant
3461 2014 85 28 descrip-

3000 2047 53 23 tion.
3086 2045 35 24 He
3131 2053 54 20 was,
3197 2045 98 23 without
3302 2044 79 28 doubt,
3389 2044 77 30 madly
3476 2044 23 23 in
3510 2044 49 23 love

3001 2077 55 23 with
3074 2084 12 15 a
3102 2076 85 22 certain
3203 2076 87 22 famous
3307 2075 72 30 prima
3398 2074 82 28 donna,
3499 2074 58 28 who,

2999 2110 115 21 whatever
3125 2107 40 24 her
3175 2107 94 30 feelings
3283 2105 99 25 towards
3392 2105 110 30 William,
3514 2105 44 24 had

2999 2139 110 29 certainly
3129 2146 29 15 no
3180 2138 124 29 objections
3327 2140 24 21 to
3370 2137 84 30 having
3478 2145 13 15 a
3509 2144 37 22 pos-

2999 2169 56 22 sible
3084 2175 101 22 emperor
3218 2168 108 29 dangling
3359 2170 25 20 at
3417 2168 39 21 her
3490 2167 66 22 heels.

2999 2199 52 23 And
3072 2198 80 30 dangle
3176 2198 39 23 the
3239 2199 77 28 prince
3340 2197 39 23 did
3403 2199 24 21 to
3451 2197 55 23 such
3530 2204 28 15 an

2999 2232 80 20 extent
3093 2230 52 21 that
3159 2229 28 22 he
3201 2229 90 21 became
3307 2228 38 23 the
3364 2227 194 30 laughing-stock

2999 2260 23 22 of
3043 2260 39 22 the
3104 2259 97 23 German
3222 2258 77 23 Court.
3340 2258 42 23 His
3403 2258 89 23 mother
3513 2265 46 15 was

2999 2290 86 22 furious
3109 2289 43 22 and
3182 2289 115 23 Grandma
3321 2288 102 23 Victoria
3447 2288 112 30 intensely

3000 2321 65 22 irate.
3104 2319 106 23 Between
3239 2320 96 22 lectures
3363 2319 58 23 from
3450 2319 39 23 the
3518 2326 41 15 one

3000 2351 43 22 and
3054 2351 79 22 letters
3144 2351 57 21 from
3215 2350 38 22 the
3269 2350 66 22 other
3352 2350 39 22 the
3406 2349 98 23 Prince's
3520 2349 39 23 life

2999 2381 89 22 became
3099 2388 12 15 a
3122 2380 93 23 burden.
3246 2380 45 23 For
3300 2387 13 16 a
3324 2380 54 23 time
3392 2380 27 22 he
3429 2387 46 16 waß
3490 2379 55 23 obdu-

3000 2414 56 25 rate,
3074 2410 44 24 and
3133 2410 94 23 faithful
3242 2413 23 20 to
3285 2411 34 22 his
3339 2410 95 29 Trilby;
3456 2410 43 23 but
3518 2417 41 15 one

3000 2442 43 22 fine
3053 2441 52 29 day,
3122 2441 65 23 when
3203 2441 48 23 sick
3269 2443 56 21 unto
3342 2441 142 29 desperation
3502 2441 56 22 with

3001 2471 133 29 unrequited
3145 2471 49 22 love
3205 2471 43 22 and
3260 2471 96 21 lectures
3373 2478 28 14 on
3419 2471 39 21 the
3473 2471 86 21 virtues

2999 2502 23 22 of
3032 2501 90 31 eligible
3137 2501 130 30 princesses,
3288 2500 101 23 William
3406 2500 85 23 dashed
3511 2500 48 23 into

3000 2533 34 23 his
3058 2532 107 24 mother's
3193 2532 102 27 boudoir,
3320 2532 53 27 and,
3398 2532 98 30 banging
3521 2532 38 23 the

2999 2564 76 22 album
3093 2564 23 22 of
3156 2563 123 22 desirables
3314 2563 57 22 with
3382 2563 35 22 his
3434 2563 45 27 fist,
3495 2562 49 23 said
3553 2572 5 13 :

3026 2593 62 22 Look
3112 2594 60 25 here,
3198 2593 95 27 mother,
3317 2592 35 23 for
3373 2592 113 23 Heaven's
3506 2592 53 23 sake

3000 2623 52 29 pick
3062 2625 41 20 out
3113 2622 23 23 of
3146 2622 51 23 that
3207 2622 58 23 book
3283 2629 45 23 any
3344 2629 87 16 woman
3448 2629 45 23 you
3509 2629 38 16 con-

2999 2653 61 23 sider
3070 2653 26 23 fit
3106 2655 24 21 to
3140 2653 27 23 be
3177 2660 57 22 ycur
3244 2652 206 31 daughter-in-law,
3468 2652 43 24 and
3523 2652 36 24 I'll

3000 2691 74 21 marry
3085 2684 98 29 straight
3193 2683 45 28 off;
3253 2683 35 23 for
3299 2684 55 22 with
3372 2683 30 23 all
3413 2683 39 23 the
3462 2684 97 29 nagging

2999 2714 47 22 I've
3066 2714 42 22 had
3130 2714 35 22 for
3184 2714 39 22 the
3247 2716 52 26 past
3323 2714 64 22 three
3407 2714 90 22 months
3517 2713 42 23 I'm

2998 2744 90 29 getting
3107 2744 77 21 insane
3250 2744 47 21 The
3314 2743 106 30 Empress
3436 2742 122 24 Frederick

2999 2782 45 14 was
3055 2773 154 30 considerably
3220 2773 129 23 astonished
3359 2777 26 19 at
3395 2774 38 22 the
3443 2773 113 28 outburst,

2999 2805 40 22 but
3050 2807 24 20 at
3093 2805 37 22 the
3148 2812 60 14 same
3227 2805 53 21 lime
3298 2812 45 14 was
3363 2807 40 19 not
3422 2803 132 30 displeased.

2999 2834 44 23 She
3053 2834 84 28 hastily
3145 2834 112 21 convened
3269 2841 12 14 a
3292 2834 85 21 council
3389 2833 23 22 of
3422 2834 134 26 matrimony

2998 2864 55 19 with
3077 2864 39 18 her
3140 2862 109 24 husband,
3274 2862 44 18 and
3344 2862 52 18 then
3421 2860 44 19 and
3491 2861 63 18 tliore

2994 2890 99 24 selected
3104 2897 24 16 as
3138 2890 39 22 the
3187 2889 75 23 future
3275 2887 64 24 bride
3354 2887 23 24 of
3396 2886 40 24 her
3455 2893 40 16 son
3515 2886 38 23 the

2997 2925 91 26 present
3098 2921 111 29 Empress.

3187 2957 14 15 A
3217 2956 60 16 GOOD
3292 2954 79 17 STORY.

3026 2981 36 23 An
3091 2980 80 24 Indian
3202 2980 74 22 officer
3300 2979 51 23 tells
3375 2977 39 24 the
3437 2976 118 30 subjoined

2997 3013 81 25 quaint
3095 3015 71 24 story,
3184 3010 73 22 which
3275 3010 73 22 shows
3364 3009 53 22 that
3436 3009 63 21 there
3518 3014 37 15 are

2999 3041 120 23 influences
3136 3041 93 27 making
3245 3040 35 21 for
3295 3039 106 28 Imperial
3418 3038 66 28 unity
3504 3037 51 22 that

2999 3072 38 22 the
3048 3074 122 20 statesman
3182 3070 77 23 knows
3270 3071 40 20 not
3475 3074 25 16 or
3510 3069 45 21 two

2999 3101 110 23 educated
3129 3100 94 24 Natives
3244 3099 22 23 of
3290 3098 112 24 Southern
3427 3097 66 24 India
3517 3104 37 16 are

2999 3132 102 29 working
3111 3138 24 16 as
3145 3137 118 23 surveyors
3281 3130 22 22 in
3321 3129 46 23 this
3377 3130 95 27 country
3483 3128 23 22 in
3517 3128 38 22 the

2999 3162 89 29 employ
3098 3162 23 21 of
3137 3161 88 29 private
3243 3160 67 22 firms.
3349 3159 29 22 Of
3394 3166 42 17 one
3451 3158 23 22 of
3491 3158 64 22 these

3000 3192 137 23 individuals
3166 3191 38 22 the
3229 3190 115 29 following
3366 3192 64 26 story
3454 3188 18 22 is
3498 3187 55 28 told,

2999 3223 81 26 which,
3092 3223 22 21 in
3125 3222 58 29 spite
3194 3221 23 22 of
3227 3221 30 22 its
3272 3222 109 27 apparent
3391 3218 78 30 levity,
3482 3218 73 29 might

2999 3253 27 22 be
3045 3251 83 31 quoted
3149 3252 52 22 here
3220 3258 24 15 as
3263 3249 139 29 illustrating
3419 3256 41 15 one
3477 3248 23 22 of
3516 3248 38 22 the

2999 3291 66 21 many
3076 3282 71 23 bonds
3163 3281 73 23 which
3253 3280 53 23 bind
3324 3280 104 29 together
3444 3277 110 25 educated

3000 3321 49 14 men
3065 3313 23 22 of
3103 3312 30 22 all
3150 3312 71 22 colors
3238 3311 50 22 who
3307 3317 37 15 are
3361 3309 99 29 subjects
3477 3308 23 23 of
3516 3308 39 23 the

2999 3343 85 23 British
3101 3342 97 29 Empire.
3239 3340 48 24 The
3304 3340 80 23 Indian
3404 3345 108 23 surveyor
3531 3338 23 23 in

2999 3373 104 30 question
3113 3380 46 15 was
3169 3371 102 30 working
3288 3371 22 21 in
3327 3378 28 15 an
3372 3369 182 28 out-of-the-way

2999 3406 52 27 part
3070 3403 23 22 of
3111 3403 39 22 the
3171 3401 85 29 Mlanje
3273 3401 97 26 district,
3389 3399 45 23 and
3451 3402 46 19 met
3516 3399 39 22 the

2999 3434 105 22 collector
3119 3432 23 22 of
3159 3432 39 22 the
3213 3431 98 27 district,
3323 3430 73 22 whom
3413 3430 28 21 he
3457 3429 43 22 had
3516 3430 39 21 not

2999 3472 51 14 seen
3061 3463 82 25 before,
3155 3462 44 22 and
3210 3461 55 22 with
3276 3461 46 21 him
3333 3463 39 26 got
3382 3460 48 22 into
3441 3466 101 16 conversa-

3001 3495 53 21 tion.
3088 3494 5 10 '
3102 3492 54 22 Thia
3166 3492 19 22 is
3201 3491 97 27 glorious
3308 3497 68 20 news,
3388 3490 37 27 sir,
3438 3489 69 22 about
3517 3488 38 23 the

3002 3523 96 30 Empire,
3110 3524 20 21 is
3137 3522 19 23 it
3164 3524 40 20 not
3211 3521 15 23 ?'
3257 3522 5 11 '
3272 3521 70 22 What
3350 3522 81 28 ?—you
3442 3527 63 15 mean
3517 3519 38 23 the

3000 3555 119 23 formation
3130 3553 22 23 of
3163 3560 59 15 some
3230 3551 126 24 federation
3366 3551 77 29 league
3451 3550 18 24 ?'
3495 3551 7 12 '
3511 3549 43 29 No,

3000 3585 11 22 I
3022 3592 63 14 mean
3096 3583 39 22 the
3145 3582 98 22 removal
3253 3582 23 21 of
3286 3582 29 21 all
3326 3582 140 21 restrictions
3476 3580 30 29 by
3517 3580 38 22 the

3002 3613 90 24 London
3109 3613 90 28 County
3216 3610 108 24 Council.'
3359 3610 25 22 It
3402 3611 19 21 is
3440 3613 41 19 not
3500 3610 44 22 alto-

3000 3644 78 30 gether
3102 3642 119 29 unworthy
3245 3641 24 22 of
3295 3643 111 20 comment
3435 3640 52 23 that
3517 3640 38 22 the

3000 3676 101 22 fortunes
3120 3674 23 22 of
3162 3681 13 14 a
3195 3672 91 23 London
3311 3672 69 21 music
3405 3671 46 22 hall
3475 3670 80 23 Bhould

3000 3707 95 21 interest
3105 3712 12 14 a
3128 3711 50 14 man
3189 3703 22 21 of
3222 3702 72 22 Tamil
3304 3709 50 14 race
3364 3702 23 21 in
3396 3702 38 21 the
3445 3705 76 18 centre
3532 3701 23 22 of

3060 3778 47 17 THE
3121 3776 108 18 CARNAGE
3243 3775 27 17 OF
3284 3773 209 19 CONSTANTINOPLE.

3028 3804 35 19 An
3075 3802 117 26 authority
3203 3801 49 21 who
3263 3801 18 19 is
3291 3799 30 28 by
3331 3806 28 14 no
3377 3806 75 13 means
3462 3798 81 22 fanatic-

3000 3832 45 28 ally
3070 3829 113 24 favorable
3210 3832 23 19 to
3258 3828 39 22 the
3323 3827 132 22 Armenians
3484 3829 71 19 states

2999 3861 81 29 openly
3100 3860 51 23 that
3168 3858 38 25 the
3230 3857 77 24 attack
3333 3865 27 14 on
3385 3856 39 23 the
3448 3856 106 23 Ottoman

3000 3891 72 28 Bank,
3084 3890 73 24 which
3173 3888 100 24 resulted
3290 3888 23 23 in
3331 3888 39 22 the
3385 3887 105 30 frightful
3509 3894 34 15 car-

2999 3930 56 22 nage
3065 3924 25 20 at
3099 3919 184 30 Constantinople
3293 3919 45 22 last
3348 3917 62 23 week
3420 3917 51 26 end,
3483 3924 45 15 was
3543 3924 12 14 a

3000 3956 81 26 put-up
3103 3951 38 29 job
3154 3950 96 28 directly
3267 3948 116 30 organised
3403 3947 29 30 by
3478 3947 76 23 Abdul

3000 3983 38 21 the
3262 3979 86 22 believe
3368 3978 36 27 (he
3424 3978 59 27 says)
3501 3977 54 21 such

2999 4012 157 24 indiscretions
3166 4018 27 14 on
3206 4010 37 22 the
3261 4011 52 27 part
3328 4008 23 22 of
3367 4008 39 22 the
3422 4007 133 22 Armenians

3000 4044 56 22 have
3067 4043 53 22 been
3132 4042 61 22 often
3210 4039 122 30 instigated
3350 4038 44 23 and
3409 4037 52 30 paid
3477 4037 34 23 for
3526 4037 29 29 by

3000 4075 37 22 the
3048 4074 87 22 Palace.
3166 4071 62 29 They
3238 4070 52 30 give
3300 4069 38 23 the
3349 4069 79 23 Sultan
3438 4076 28 15 an
3477 4075 65 22 oppor-

2999 4104 76 29 tunity
3095 4102 22 24 of
3136 4102 104 27 ordering
3259 4100 100 30 rigorous
3377 4098 104 30 reprisals
3497 4105 58 23 upon

2999 4135 38 24 the
3065 4133 126 24 Christians
3215 4131 22 23 of
3260 4130 106 24 Armenia
3394 4136 89 23 proper,
3512 4128 43 23 and

2999 4166 45 23 also
3060 4164 93 31 provide
3171 4163 47 23 him
3237 4162 56 23 with
3312 4169 13 15 a
3340 4160 109 31 plausible
3465 4159 90 23 defence

2999 4197 22 22 of
3046 4196 34 22 his
3098 4194 115 24 atrocities
3237 4193 23 22 in
3280 4192 48 23 face
3347 4191 23 22 of
3389 4191 38 22 the
3447 4189 108 29 outraged

2999 4226 70 23 moral
3098 4232 63 16 sense
3192 4224 22 22 of
3238 4221 101 24 civilised
3363 4220 95 31 peoples.
3504 4219 51 22 And

2999 4257 51 22 look
3089 4258 24 20 at
3152 4255 38 22 the
3232 4253 172 23 circumstances
3446 4251 23 22 of
3511 4250 44 22 this

2999 4286 122 30 particular
3136 4283 117 24 outbreak.
3285 4281 66 24 Kurd
3367 4281 98 30 cavalry,
3484 4288 24 15 as
3523 4287 32 15 we

2999 4318 61 25 hear,
3081 4317 57 20 have
3156 4315 48 28 just
3222 4314 70 27 lately
3316 4312 55 23 been
3396 4311 112 29 imported
3532 4312 23 21 to

2999 4344 193 29 Constantinople,
3214 4351 23 14 as
3258 4343 17 21 if
3295 4342 22 22 in
3334 4344 105 27 prospect
3455 4340 23 23 of
3497 4347 58 15 some

2999 4376 53 23 such
3063 4377 73 21 event.
3168 4373 71 24 These
3255 4371 84 29 Kurds,
3350 4378 45 23 you
3412 4370 46 24 will
3474 4370 81 28 notice,

2999 4413 57 16 were
3067 4413 52 16 soon
3130 4412 27 15 on
3170 4405 38 22 the
3223 4405 51 27 spot
3286 4403 63 22 when
3364 4402 39 22 the
3413 4401 77 23 attack
3502 4401 53 23 took

2999 4437 68 26 place.
3108 4435 48 22 The
3179 4437 89 23 streets,
3294 4435 46 23 too,
3365 4438 59 15 were
3448 4431 107 27 carefully

2998 4464 125 22 blockaded
3154 4462 136 23 beforehand
3319 4462 30 28 by
3384 4461 38 21 the
3458 4460 97 21 Turkish

2997 4493 141 26 authorities,
3150 4491 44 23 and
3211 4492 52 20 then
3283 4490 61 22 these
3354 4490 64 21 hired
3433 4490 121 21 Armenian

2998 4523 90 22 ruffians
3100 4529 57 15 were
3168 4523 50 19 sent
3227 4521 49 21 into
3286 4519 38 23 the
3335 4519 66 22 bank.
3434 4518 46 22 The
3491 4518 63 29 point

2997 4552 11 24 I
3027 4552 56 23 wish
3101 4554 23 20 to
3140 4551 66 22 insist
3224 4557 59 22 upon
3300 4549 18 22 is
3335 4549 51 23 that
3402 4548 53 22 such
3476 4551 76 19 events

2997 4584 46 21 find
3055 4590 27 15 an
3093 4582 82 22 almost
3185 4580 128 23 immediate
3323 4578 114 23 reflection
3447 4578 24 21 in
3481 4585 12 14 a
3503 4584 49 15 new

2997 4612 110 22 outbreak
3124 4611 23 21 of
3168 4611 6 11 '
3183 4609 121 23 Armenian
3324 4607 130 23 atrocities.'
3492 4606 24 23 It
3534 4607 19 21 is

2997 4645 39 19 not
3054 4643 24 21 at
3095 4640 29 22 all
3141 4639 38 23 the
3196 4638 74 31 policy
3288 4638 22 22 of
3325 4637 39 23 the
3382 4636 80 23 Sultan
3477 4638 23 21 to
3511 4639 42 27 put

2998 4672 66 24 down
3084 4671 39 23 the
3147 4669 177 28 Revolutionary
3349 4667 139 24 Committee.
3529 4665 24 25 It

2996 4710 74 15 serves
3088 4702 34 21 his
3139 4707 96 23 purpose
3250 4698 126 28 admirably
3393 4698 22 21 in
3433 4697 119 29 providing

2997 4733 44 23 him
3060 4732 56 22 with
3132 4739 13 14 a
3164 4732 91 27 pretext
3270 4729 35 22 for
3322 4726 128 30 murdering
3465 4727 39 22 the
3515 4726 24 23 de-

2997 4763 106 23 fenceless
3114 4760 125 24 Christians
3254 4759 23 21 of
3291 4758 113 22 Armenia.
3436 4758 31 21 As
3478 4759 24 20 to
3513 4757 38 21 the

2997 4791 129 27 Heutchuk,
3140 4790 38 22 the
3194 4790 71 21 secret
3279 4787 121 22 Armenian
3416 4786 122 22 revolution-

2997 4831 40 22 ary
3056 4821 67 30 body,
3142 4820 63 23 there
3222 4826 41 15 can
3280 4817 27 23 be
3324 4824 28 15 no
3368 4815 71 24 doubt
3455 4815 51 23 that
3519 4815 32 23 its

2996 4854 83 29 strings
3090 4859 37 16 are
3136 4850 91 24 worked
3238 4849 57 23 from
3305 4848 39 23 the

3024 4883 144 30 Englishmen
3178 4888 38 15 are
3232 4878 88 24 blamed
3335 4878 35 22 for
3387 4877 59 22 their
3463 4876 86 30 apathy

2997 4914 55 23 with
3072 4911 78 31 regard
3171 4913 23 20 to
3215 4910 62 22 these
3296 4907 115 29 recurring
3427 4906 122 22 Armenian

2997 4950 127 20 massacres,
3143 4942 40 21 but
3201 4940 23 23 in
3240 4939 39 23 the
3296 4938 48 23 face
3360 4937 22 22 of
3397 4939 80 27 expert
3487 4935 52 23 testi-

2997 4982 66 22 mony
3074 4973 45 23 like
3131 4972 39 23 the
3180 4970 69 24 above
3264 4977 40 15 can
3321 4975 40 16 one
3377 4967 27 23 be
3421 4965 113 32 surprised
3542 4967 8 22 ?

2996 5006 47 21 The
3062 5003 104 23 Moslems
3182 5008 36 14 are
3234 4999 61 23 cruel
3312 4998 44 22 and
3373 4997 113 22 fanatical.
3517 4996 33 23 At

2996 5035 64 25 least,
3086 5033 110 24 however,
3219 5029 55 28 they
3293 5034 37 16 are
3349 5034 57 15 men.
3445 5026 47 22 But
3512 5026 37 22 the

2996 5063 149 25 treacherous,
3156 5059 73 27 venal,
3241 5057 43 23 and
3295 5056 112 29 cowardly
3417 5055 133 23 Armenians

2997 5100 43 23 pan
3060 5094 40 20 out
3118 5090 69 28 badly
3202 5090 25 21 at
3242 5093 67 23 every
3326 5088 60 20 turn.
3425 5085 32 22 To
3474 5084 45 23 find
3537 5091 12 15 a

2996 5120 149 30 trustworthy
3166 5118 144 24 leader—one
3335 5116 38 22 the
3397 5115 74 23 Turks
3491 5114 59 23 can't

2996 5156 45 28 buy
3044 5158 96 17 —geems
3150 5148 134 31 impossible,
3315 5146 45 23 'Tis
3370 5146 81 29 openly
3464 5144 85 31 alleged

2997 5186 51 22 that
3071 5183 39 23 the
3140 5182 45 21 late
3210 5177 115 25 Patriarch
3350 5177 125 26 Tsmirhan,
3500 5176 50 22 who

2997 5213 79 31 helped
3086 5215 24 20 to
3120 5210 121 24 distribute
3251 5209 39 22 the
3300 5207 92 29 English
3408 5207 63 22 relief
3485 5206 64 28 fund,

2997 5253 44 15 was
3065 5240 134 32 superseded
3222 5239 93 22 because
3339 5236 22 23 of
3387 5236 35 23 his
3446 5236 102 30 honesty.

2997 5276 63 23 Even
3084 5271 115 31 gratitude
3223 5268 65 24 could
3318 5268 41 21 not
3389 5268 94 27 prevent
3512 5267 39 21 the

2997 5304 120 26 Armenian
3136 5299 91 26 officials
3246 5297 150 30 endeavoring
3415 5299 24 21 to
3458 5295 39 25 rob
3512 5296 39 23 the

2997 5337 77 23 nation
3084 5334 72 24 which
3166 5339 45 16 was
3221 5329 115 29 succoring
3345 5328 66 23 them.
3443 5327 47 23 The
3497 5335 50 14 man

2997 5366 160 26 Bartolomeos,
3184 5361 50 24 who
3258 5360 40 22 has
3321 5358 69 23 taken
3414 5357 136 23 Tsmirhan's

2997 5399 70 28 place,
3086 5396 18 23 is
3119 5391 138 30 notoriously
3267 5391 23 21 in
3300 5388 98 24 Turkish
3414 5396 51 22 pay,
3477 5387 43 23 and
3531 5388 20 22 it

2997 5436 70 15 seems
3077 5424 122 28 extremely
3210 5420 104 30 probable
3324 5419 53 22 that
3390 5419 40 22 the
3467 5418 63 23 relief

2997 5465 80 20 money
3091 5454 79 31 passed
3189 5450 97 28 through
3309 5448 35 23 his
3363 5448 106 29 patriotic
3488 5455 61 21 paws

2997 5495 51 17 now
3060 5494 59 23 goes,
3138 5485 40 22 not
3194 5482 48 22 into
3258 5478 121 28 Christian,
3397 5478 43 23 but
3456 5477 94 24 Moslem

2997 5518 99 31 pockets.

3096 5554 36 16 MR
3146 5549 105 19 BALFOUR
3265 5548 29 16 AT
3309 5546 143 17 HAWARDEN.

3025 5579 47 23 The
3082 5578 47 22 fact
3138 5576 51 22 that
3199 5574 37 22 Mr
3245 5572 92 22 Balfour
3347 5571 40 22 has
3400 5571 55 22 been
3472 5569 66 30 spend-

2997 5610 39 29 ing
3045 5614 59 17 some
3114 5606 56 28 days
3180 5607 23 19 at
3213 5601 127 23 Hawarden
3350 5600 75 24 Castle
3441 5600 56 22 with
3513 5600 39 22 the

2997 5638 91 25 G.O.M.
3101 5634 79 25 should
3199 5633 27 22 be
3236 5640 12 15 a
3258 5632 73 23 lesson
3342 5634 24 20 to
3376 5631 64 24 those
3457 5630 95 24 amiable

2997 5669 77 23 Tories
3093 5668 49 21 who
3161 5666 82 21 cannot
3262 5662 99 23 mention
3385 5662 40 23 the
3448 5668 64 16 name
3530 5661 23 23 of

2997 5699 122 23 Gladstone
3135 5694 97 24 without
3250 5693 71 23 bitter
3337 5692 154 30 blasphemies.
3530 5691 23 24 It

2998 5730 18 23 is
3027 5736 12 17 a
3050 5727 111 24 felicitous
3170 5723 139 27 illustration
3319 5723 23 26 of
3352 5723 39 26 the
3401 5722 68 34 spirit
3479 5721 74 27 which

3584 150 101 24 between
3702 159 51 15 men
3770 152 23 23 of
3810 152 71 31 really
3892 151 56 25 pood
3958 150 62 25 birth
4030 150 45 24 and
4085 150 54 31 high

3583 181 107 31 breeding
3700 183 112 23 underlies
3822 183 44 23 and
3876 183 98 23 controls
3989 182 39 24 the
4042 182 97 30 warring

3584 213 105 22 instincts
3712 213 23 22 of
3759 213 100 29 political
3883 214 45 23 life.
3960 212 116 24 Homelier
4106 212 22 23 in-

3583 243 113 23 dividuals
3715 243 85 24 seldom
3819 244 73 24 attain
3907 246 56 22 unto
3978 244 26 24 it.
4035 243 22 23 A
4071 242 54 24 Glad-

3582 277 64 20 stone
3654 275 44 22 and
3706 282 13 15 a
3726 275 93 23 Balfour
3826 282 51 21 may
3885 275 89 22 hobnob
3981 282 53 15 over
4041 273 96 29 Horace,

3581 311 26 16 or
3626 304 70 30 spend
3715 312 13 15 a
3747 305 53 30 long
3825 305 44 22 and
3893 304 121 30 delightful
4036 304 102 30 morning

3583 336 103 31 together
3700 335 125 32 discussing
3839 335 104 32 religious
3957 335 123 32 questions,
4096 334 42 25 bub

3581 374 45 22 you
3634 367 68 23 won't
3711 367 47 22 find
3768 367 81 23 Brown
3861 367 38 22 the
3910 367 93 22 Radical
4012 367 45 22 and
4066 366 71 23 Jonea

3582 397 38 23 the
3638 397 60 29 Tory
3716 397 127 23 tradesman
3859 397 146 29 fraternising
4018 396 116 29 similarly.

3582 427 47 24 One
3643 427 66 24 could
3718 430 41 21 not
3769 428 49 22 talk
3835 430 24 21 to
3870 427 38 24 the
3917 428 65 23 other
3996 426 92 30 frankly
4102 427 35 22 for

3580 458 44 22 five
3635 458 98 22 minutes
3747 458 97 23 without
3850 458 87 30 coming
3947 460 24 21 to
3981 457 153 30 loggerheads.

3582 489 37 23 Mr
3642 488 131 29 Gladstone,
3798 489 24 23 of
3840 496 84 21 course,
3946 488 85 30 though
4052 495 12 15 a
4080 487 56 23 born

3579 520 90 30 fighter,
3681 520 40 23 has
3731 527 52 15 ever
3792 520 55 23 been
3858 520 39 23 the
3906 520 49 22 soul
3965 519 23 22 of
3997 520 104 27 courtesy
4112 520 24 21 to

3579 552 133 28 opponents.
3744 549 36 24 No
3790 557 41 15 one
3847 550 40 23 has
3897 550 75 23 better
3980 548 122 23 succeeded
4113 548 24 22 in

3579 580 177 31 distinguishing
3779 580 101 22 between
3899 580 40 22 the
3958 586 73 16 errors
4050 578 23 23 of
4097 578 40 22 the

3579 611 74 30 policy
3670 611 44 23 and
3732 611 39 22 the
3787 611 115 22 character
3919 609 23 23 of
3959 609 39 23 the
4009 616 58 15 man.
4098 608 38 23 Mr

3577 641 94 23 Balfour
3680 641 91 23 reaches
3788 641 39 22 the
3837 647 60 16 same
3906 647 77 23 graces
3993 639 23 23 of
4033 638 102 30 chivalry

3578 673 30 30 by
3624 672 66 24 other
3706 679 82 16 means.
3820 671 23 24 It
3858 672 20 22 is
3892 670 106 31 probable
4018 670 51 23 that
4085 676 37 24 per-

3577 704 62 22 sonal
3659 702 89 24 conflict
3768 703 64 23 bores
3852 703 46 23 him
3912 710 55 16 even
3979 708 59 16 more
4050 700 54 24 than
4114 700 21 23 it

3577 734 82 21 shocks
3677 734 35 21 his
3731 741 63 14 sense
3813 733 22 21 of
3855 733 38 21 tlie
3912 732 140 29 proprieties.
4090 730 44 22 Hia

3578 762 58 23 book
3656 769 29 15 on
3704 762 39 21 the
3762 762 105 28 religions
3887 762 104 28 question
4010 761 19 22 is
4048 767 14 15 a
4076 760 58 28 good

3578 792 110 29 specimen
3700 791 23 23 of
3739 791 35 23 his
3789 791 90 23 natural
3894 798 24 15 as
3928 790 94 23 distinct
4031 790 57 23 from
4099 790 35 22 his

3577 823 176 30 parliamentary
3765 828 97 17 manner.
3879 821 75 31 Every
3964 828 93 24 passage
4064 827 70 17 seems

3578 857 23 20 to
3619 861 40 22 say
3674 853 101 23 between
3791 853 39 22 the
3847 853 69 22 lines:
3982 853 57 29 hope
4049 851 12 23 I
4071 851 64 23 don't

3577 884 92 24 intrude
3685 891 28 16 on
3729 883 138 24 convictions
3884 882 52 24 that
3950 882 64 23 differ
4028 882 57 23 from
4096 888 38 23 my

3751 950 98 17 CONVICT
3863 950 102 16 PRISONS.

3605 974 73 24 Those
3702 973 50 24 who
3771 974 63 30 place
3852 974 64 23 small
3933 973 58 23 faith
4011 972 23 23 in
4053 971 70 31 parlia-

3578 1008 103 27 mentary
3692 1004 150 24 commissions
3859 1012 40 16 can
3916 1011 50 16 now
3977 1003 87 24 enforce
4074 1002 60 25 their

3578 1038 129 28 arguments
3718 1036 29 29 by
3757 1035 103 30 pointing
3876 1037 24 21 to
3916 1035 40 23 the
3972 1034 102 23 abortive
4084 1035 37 21 out-

3578 1074 61 15 come
3653 1067 23 22 of
3696 1066 38 23 the
3753 1065 122 30 prolonged
3894 1065 107 29 inquiries
4020 1063 23 23 of
4057 1065 77 21 recent

3579 1103 64 21 years
3653 1096 49 21 into
3712 1102 41 15 our
3763 1095 86 29 prisons
3859 1098 102 24 systems.
3993 1093 141 29 Apparently

3580 1125 76 27 thiDgs
3673 1132 38 14 are
3728 1124 47 28 just
3794 1131 23 14 as
3832 1123 44 22 bad
3893 1131 25 14 as
3932 1130 52 15 ever
3999 1123 54 28 they
4067 1129 66 16 were.

3582 1154 95 20 Neither
3692 1154 38 19 the
3749 1155 103 25 separate
3871 1152 66 28 penal
3955 1152 130 21 settlement
4101 1152 35 21 for

3581 1181 50 23 first
3645 1181 109 23 offenders
3765 1188 40 16 nor
3822 1181 39 23 the
3878 1181 65 23 other
3960 1181 175 22 much-vaunted

3582 1211 92 23 reforms
3689 1218 60 16 seem
3766 1214 23 20 to
3807 1211 57 23 have
3881 1211 127 29 materially
4024 1209 111 24 benefited

3581 1242 39 22 the
3631 1241 116 23 miserable
3761 1241 95 23 convict.
3887 1241 32 23 As
3929 1249 13 15 a
3951 1241 101 30 pendant
4062 1242 24 21 to
4096 1241 39 22 the

3582 1272 82 22 release
3684 1272 23 22 of
3726 1271 39 22 the
3785 1271 63 23 three
3870 1271 76 23 insane
3970 1270 164 29 dynamitards,

3582 1309 33 16 we
3638 1302 61 23 learn
3725 1302 51 23 that
3800 1301 38 24 the
3866 1302 57 23 ratio
3945 1302 23 23 of
3991 1301 99 29 insanity
4113 1300 24 24 in

3581 1333 87 28 prisons
3692 1333 40 21 has
3755 1333 90 28 exactly
3865 1333 96 22 doubled
3986 1333 61 21 since
4072 1331 61 24 1877.

3582 1362 47 22 The
3657 1361 112 22 admitted
3797 1362 89 28 general
3914 1362 98 21 increase
4043 1361 23 22 of
4096 1361 39 22 the

3582 1392 85 22 disease
3691 1392 19 22 is
3738 1394 41 20 not
3799 1391 112 23 sufficient
3934 1394 24 19 to
3974 1392 94 21 account
4101 1390 35 23 for

3583 1422 45 21 this
3657 1422 106 28 startling
3792 1421 53 22 fact.
3889 1421 48 21 The
3972 1420 118 28 discipline
4118 1421 19 21 is

3582 1458 61 16 more
3666 1451 136 23 mechanical
3821 1450 45 24 and
3885 1449 111 24 therefore
4020 1456 61 16 more
4101 1449 24 23 de-

3582 1482 106 30 pressing.
3726 1481 35 24 Its
3780 1489 54 21 very
3853 1482 174 28 improvements
4051 1481 23 22 in
4094 1480 45 23 this

3583 1517 88 24 respect
3705 1512 53 22 take
3768 1512 39 21 the
3817 1512 65 21 heart
3892 1513 39 20 out
3941 1510 23 23 of
3975 1510 38 23 the
4116 1509 24 23 It

3584 1542 18 22 is
3612 1541 106 30 probable
3728 1542 52 22 that
3797 1542 111 28 prisoners
3920 1547 56 16 were
3995 1540 33 23 far
4047 1540 93 29 happier

3584 1573 23 21 in
3618 1573 39 21 the
3672 1571 37 22 old
3728 1571 142 22 unreformed
3889 1571 95 28 prisons,
4003 1571 64 21 when
4087 1570 54 29 they

3585 1601 84 22 herded
3680 1601 103 28 together
3793 1601 44 21 and
3848 1600 43 21 had
3907 1600 183 29 companionship
4099 1600 22 22 of
4128 1608 13 13 a

3586 1630 62 23 kind.
3680 1630 36 22 An
3726 1632 79 26 expert
3821 1629 92 22 witness
3930 1629 50 22 who
3998 1629 43 22 had
4061 1629 80 29 passed

3586 1660 50 24 four
3646 1660 44 23 and
3706 1662 87 28 twenty
3802 1667 65 23 years
3885 1660 23 23 in
3919 1659 50 31 gaol
3979 1660 100 30 recently
4094 1659 48 24 told

3586 1691 39 24 the
3635 1691 90 23 Prisons
3735 1690 134 24 Committee
3878 1698 61 16 some
3948 1690 106 30 startling
4064 1690 77 31 things

3586 1722 57 22 from
3653 1722 40 21 the
3703 1721 106 22 convict's
3820 1721 64 28 point
3893 1721 23 22 of
3930 1721 64 22 view.
4025 1721 47 22 The
4082 1721 60 22 rules

3587 1758 37 15 arc
3634 1752 38 21 too
3688 1750 87 22 minute
3791 1750 35 22 for
3845 1750 82 22 human
3946 1750 141 27 observance,
4099 1750 43 22 and

3587 1788 60 16 some
3664 1780 73 23 minds
3753 1787 38 16 are
3808 1780 81 30 totally
3905 1780 80 23 unable
4001 1782 23 21 to
4041 1780 53 23 bear
4104 1780 38 23 the

3587 1811 72 23 Btrain
3669 1811 23 22 of
3702 1811 68 23 them.
3801 1811 21 21 A
3833 1818 50 14 man
3894 1817 50 22 may
3958 1810 28 22 be
3995 1810 104 29 reported
4109 1810 34 22 for

3588 1841 114 28 knocking
3734 1839 126 30 something
3897 1846 53 16 over
3982 1839 23 23 in
4034 1839 35 23 his
4094 1839 49 28 cell,

3588 1870 86 31 though
3695 1870 19 23 it
3735 1877 51 23 may
3801 1869 27 24 be
3847 1877 13 15 a
3876 1877 56 23 pure
3948 1869 108 24 accident.
4096 1869 47 24 The

3588 1909 64 15 name
3690 1901 35 23 for
3754 1900 47 23 this
3838 1900 83 23 offence
3958 1900 19 23 is
4040 1907 91 16 unneces-

3587 1939 52 22 sary
3779 1931 33 22 As
3831 1931 39 21 the
3888 1938 55 22 poor
3961 1930 109 23 wretches
4084 1930 60 23 walk

3589 1963 60 24 their
3659 1968 74 24 weary
3744 1960 72 25 round
3831 1961 22 23 in
3865 1960 38 24 the
3913 1961 96 23 exercise
4028 1960 64 30 yard,
4104 1968 41 15 one

3587 2001 53 23 may
3655 1993 40 24 fall
3712 1995 41 21 out
3769 1992 24 23 of
3813 1994 51 28 step
3880 1991 45 23 and
3942 1991 53 23 thus
4014 1992 73 22 throw
4106 1991 40 23 the

3588 2025 76 22 others
3674 2025 47 21 out.
3753 2022 48 23 The
3815 2022 50 22 first
3881 2021 99 23 offender
3990 2029 25 15 or
4025 2022 39 22 the
4073 2021 58 23 last-

3588 2062 44 22 any
3642 2062 50 20 one,
3703 2054 23 22 in
3737 2053 55 28 fact,
3803 2060 29 15 on
3843 2052 73 24 whom
3932 2052 39 23 the
3987 2051 106 23 warder's
4102 2058 41 23 eye

3587 2086 101 30 happens
3699 2087 24 20 to
3733 2084 88 23 fall—is
3831 2083 68 23 liable
3916 2084 24 21 to
3956 2083 146 29 punishment
4111 2082 35 23 for

3588 2117 46 24 this
3653 2115 133 25 mischance.
3817 2114 28 24 Iu
3865 2114 46 24 this
3930 2121 50 24 way
4000 2113 39 24 the
4058 2112 88 25 convict

3587 2147 119 30 gradually
3716 2147 102 28 acquires
3828 2153 29 15 an
3867 2145 128 29 expression
4013 2145 51 22 that
4078 2152 68 15 never

3587 2178 74 22 leaves
3672 2177 114 22 him—the
3805 2175 210 23 round-the-corner
4031 2173 78 31 glance
4124 2173 22 24 of

3587 2215 14 16 a
3615 2208 66 29 being
3696 2206 51 24 who
3757 2206 81 23 dreads
3847 2213 13 16 a
3871 2208 80 27 tyrant
3960 2213 28 15 on
3998 2204 40 24 the
4052 2211 93 23 pounce.

3588 2238 43 23 Let
3640 2245 27 15 us
3676 2244 57 23 pray
3742 2237 53 23 that
3805 2244 13 15 a
3827 2236 81 23 second
3920 2235 99 23 Howard
4030 2242 51 22 may
4088 2235 58 22 arise

3587 2271 25 21 to
3622 2268 54 23 take
3688 2275 41 16 our
3739 2267 76 31 prison
3830 2270 85 27 system
3932 2266 24 23 in
3972 2265 67 23 hand.
4071 2265 73 23 There

3587 2307 42 15 can
3639 2299 27 23 be
3676 2298 65 23 small
3751 2298 104 30 question
3873 2297 43 22 but
3925 2297 52 22 that
3987 2296 55 23 such
4052 2296 94 23 another

3587 2330 128 23 enthusiast
3725 2329 19 22 is
3753 2328 69 29 badly
3833 2326 97 25 wanted.

3656 2371 48 17 THE
3718 2369 179 18 INCONVENIENT
3911 2369 61 16 BABY
3987 2369 81 17 AGAIN.

3616 2395 47 24 One
3674 2395 75 23 would
3760 2395 57 22 have
3828 2393 99 30 thought
3944 2394 52 22 that
4011 2394 39 22 the

3588 2434 45 22 you
3643 2427 75 29 please
3728 2425 54 23 hold
3793 2432 38 22 my
3840 2424 60 30 baby
3918 2432 12 14 a
3948 2424 86 22 minute
4087 2423 60 24 trick

3588 2465 46 14 was
3658 2459 38 20 too
3720 2456 52 21 well
3796 2455 82 22 known
3902 2456 25 21 to
3951 2454 28 22 be
4002 2453 146 30 successfully

3588 2486 92 22 worked
3700 2484 128 30 nowadays.
3868 2484 33 23 As
3920 2491 13 16 a
3952 2485 84 22 matter
4052 2483 23 24 of
4092 2484 54 27 fact,

3588 2516 112 29 however,
3725 2515 20 25 it
3768 2515 20 24 is
3811 2514 49 25 still
3884 2522 42 17 one
3945 2514 24 24 of
3993 2514 38 24 the
4051 2514 96 24 favorite

3589 2548 103 24 methods
3702 2548 23 23 of
3742 2547 89 30 getting
3842 2546 34 24 rid
3892 2546 23 24 of
3932 2547 38 22 the
3988 2546 158 23 inconvenient

3588 2580 81 22 infant.
3700 2578 25 23 It
3741 2578 74 22 works
3832 2577 150 29 wonderfully
3992 2577 58 27 well,
4062 2577 35 22 for
4107 2576 39 23 the

3588 2609 80 29 simple
3678 2615 79 15 reason
3767 2608 52 22 that
3829 2607 20 23 it
3859 2608 19 21 is
3888 2614 54 21 very
3953 2606 96 23 difficult
4058 2606 35 23 for
4108 2606 38 23 the

3588 2646 95 23 average
3706 2645 87 16 woman
3817 2640 25 20 to
3866 2637 73 23 refuse
3962 2637 54 22 such
4036 2644 13 14 a
4067 2636 79 30 simple

3588 2672 98 28 request,
3698 2669 86 29 though
3795 2671 59 20 most
3864 2667 23 23 of
3897 2667 61 24 them
3968 2674 38 15 are
4014 2674 73 15 aware
4095 2667 51 23 that

3588 2700 85 29 danger
3689 2699 92 22 attends
3796 2698 142 30 compliance.
3970 2697 68 27 Thus,
4051 2697 64 22 when
4132 2705 14 14 a

3587 2737 76 22 young
3673 2729 53 28 lady
3737 2728 120 29 travelling
3868 2728 56 22 from
3935 2727 61 29 Sligo
4007 2729 24 20 to
4039 2726 107 30 Lisgariff

3588 2767 45 16 was
3643 2759 69 23 asked
3723 2761 25 21 at
3758 2766 42 15 one
3810 2758 23 23 of
3843 2757 39 24 the
3892 2756 144 30 intervening
4045 2757 99 23 stations

3587 2792 23 21 to
3622 2789 52 24 hold
3685 2797 12 15 a
3709 2789 57 29 baby
3777 2789 67 22 while
3854 2789 30 22 its
3892 2787 120 30 presumed
4022 2787 75 23 father
4104 2789 40 27 got

3586 2827 12 14 a
3623 2820 72 21 ticket
3719 2819 39 21 she
3782 2818 39 21 did
3845 2825 31 14 so.
3922 2817 47 22 The
3993 2824 51 14 man
4069 2817 60 28 disap-

3584 2848 81 24 peared
3677 2848 48 17 into
3735 2847 39 18 the
3789 2846 98 23 booking
3903 2846 69 18 office.
4003 2845 37 20 He
4050 2846 38 19 did
4100 2848 40 17 not

3582 2874 86 24 return,
3679 2870 43 23 but
3737 2870 48 29 just
3795 2876 24 15 as
3834 2870 39 21 the
3883 2869 59 22 train
3954 2875 44 16 was
4013 2870 98 27 starting
4125 2875 13 15 a

3582 2902 54 30 lady
3646 2900 92 24 entered
3749 2900 39 23 the
3798 2900 104 30 carriage.
3934 2898 56 24 Miss
3998 2898 109 27 Leonard,
4116 2898 23 23 of

3583 2940 85 19 course,
3680 2931 48 23 told
3746 2931 40 23 her
3803 2930 50 23 how
3863 2930 39 22 she
3913 2936 61 16 came
3991 2931 23 21 to
4032 2929 56 22 have
4099 2928 39 23 the

3583 2962 69 28 child,
3663 2962 42 22 but
3720 2961 39 22 the
3775 2963 102 26 stranger
3894 2959 52 30 only
3956 2958 88 23 seemed
4059 2958 80 29 mildly

3584 2991 129 25 interested.
3744 2991 33 23 At
3788 2990 39 24 the
3837 2992 55 21 next
3899 2989 84 24 station
3993 2989 40 22 she
4042 2990 40 28 got
4089 2991 48 25 out,

3583 3023 49 28 but,
3650 3023 76 21 before
3743 3021 90 28 leaving
3852 3020 39 23 the
3910 3019 126 26 footboard,
4050 3018 48 23 said
4115 3021 24 20 to

3584 3053 56 23 Miss
3659 3051 116 23 Leonard:
3807 3050 64 22 "It's
3886 3057 13 14 a
3916 3050 49 21 nice
3985 3048 60 22 little
4065 3048 72 29 thing,

3583 3083 53 23 isn't
3646 3083 19 22 it
3673 3084 8 21 ?
3709 3081 76 22 You'll
3796 3081 57 21 have
3863 3087 13 15 a
3886 3082 64 27 great
3960 3079 86 22 reward
4061 3077 18 23 if
4095 3085 44 22 you

3583 3121 36 15 see
3629 3113 51 22 that
3690 3112 19 23 it
3719 3112 19 22 is
3749 3110 68 24 taken
3835 3117 50 16 care
3975 3108 63 23 Then
4053 3108 39 23 she
4102 3107 25 24 de-

3584 3142 87 31 posited
3688 3150 13 14 a
3718 3140 123 24 cardboard
3861 3140 43 23 box
3925 3147 28 15 on
3973 3139 39 23 the
4031 3138 108 30 unhappy

3583 3173 61 30 girl's
3654 3173 37 28 lap
3699 3171 44 23 and
3752 3170 154 30 disappeared.
3937 3168 136 24 Half-dazed
4083 3169 57 22 with

3584 3204 38 23 the
3641 3202 107 30 calamity
3767 3201 53 24 that
3838 3200 45 24 had
3902 3199 97 24 befallen
4019 3199 47 28 her,
4083 3198 57 24 Misß

3584 3233 101 24 Leonard
3701 3232 86 29 opened
3797 3231 39 23 the
3846 3231 51 27 box,
3909 3230 44 23 and
3963 3229 70 23 found
4052 3229 87 23 therein

3583 3272 13 15 a
3607 3264 81 31 packet
3697 3264 23 22 of
3735 3261 93 24 infant's
3845 3260 52 24 food
3908 3260 43 23 and
3962 3267 13 15 a
3984 3259 122 24 document
4116 3260 23 22 in

3582 3295 74 29 pencil
3666 3293 73 23 which
3749 3292 53 22 read
3813 3292 53 22 thus
3937 3290 47 23 The
3995 3297 80 22 person
4086 3290 53 22 that

3583 3324 11 23 I
3605 3324 47 23 will
3667 3324 51 29 give
3735 3322 46 23 this
3797 3321 61 23 little
3868 3321 65 29 angel
3951 3323 23 20 to
3985 3319 46 23 will
4041 3326 36 16 see
4087 3319 53 23 that

3582 3355 40 23 she
3631 3354 28 23 be
3669 3356 42 28 put
3721 3354 23 22 in
3754 3360 60 15 some
3823 3351 63 31 place
3896 3351 23 22 of
3929 3350 133 30 protection.
4093 3349 45 24 She

3583 3386 18 22 is
3616 3385 58 23 Jano
3691 3384 81 27 Smith,
3791 3383 44 21 and
3850 3381 12 23 I
3880 3384 82 20 cannot
3977 3380 53 23 take
4052 3387 50 16 care
4116 3380 23 23 of

3584 3415 45 23 her.
3660 3414 47 23 The
3717 3420 41 16 one
3768 3413 50 22 who
3833 3411 45 23 will
3890 3411 52 23 take
3953 3418 49 15 care
4012 3410 23 22 of
4045 3410 40 22 her
4094 3410 45 22 and

3583 3453 36 15 see
3629 3444 52 23 that
3690 3444 39 23 she
3744 3443 46 23 will
3804 3443 27 22 be
3841 3444 43 28 put
3893 3442 23 22 in
3931 3448 60 16 some
4000 3441 63 29 place
4073 3442 24 21 to
4112 3440 27 22 be

3584 3475 64 23 cared
3657 3475 34 23 for
3702 3474 46 23 will
3758 3474 56 22 have
3824 3480 14 15 a
3847 3475 64 27 great
3921 3471 86 23 reward
4016 3471 56 22 from
4080 3470 56 23 God.

3584 3505 124 30 Good-bye,
3725 3504 61 23 little
3801 3503 51 30 girl,
3871 3502 44 22 and
3932 3508 38 23 my
3978 3499 100 32 blessing
4095 3500 44 23 and

3584 3537 39 23 the
3648 3535 98 31 blessing
3772 3534 23 24 of
3819 3533 50 24 God
3895 3533 28 23 be
3947 3531 55 25 with
4028 3538 44 23 you
4095 3531 44 23 and

3584 3570 89 26 protect
3687 3573 43 23 you
3746 3566 97 28 through
3958 3563 57 22 Miss
4029 3563 109 27 Leonard,

3584 3598 111 26 however,
3730 3595 45 22 had
3810 3595 59 22 fears
3897 3594 35 22 for
3961 3593 40 22 her
4029 3599 50 16 own
4107 3599 22 16 re-

3584 3627 113 30 putation,
3736 3624 45 23 and
3815 3623 80 30 placed
3923 3630 28 15 no
3988 3621 95 24 reliance
4111 3629 29 16 on

3585 3657 38 24 the
3652 3655 111 32 promised
3793 3653 92 25 reward.
3935 3652 28 25 So
3996 3651 88 25 instead
4118 3651 23 25 of

3584 3688 80 29 taking
3675 3689 38 22 the
3723 3686 61 24 little
3794 3693 41 16 one
3846 3687 23 22 to
3879 3685 39 23 her
3929 3684 64 23 home
4002 3683 40 24 she
4052 3682 88 24 handed

3584 3718 20 22 it
3618 3725 53 14 over
3687 3720 24 19 to
3728 3717 39 21 the
3787 3716 79 29 police,
3884 3714 50 23 who
3953 3714 23 22 in
3996 3717 52 19 turn
4069 3713 71 22 called

3584 3755 59 23 upon
3654 3747 39 24 the
3708 3745 132 25 workhouse
3855 3744 134 24 authorities
4000 3745 22 22 to
4033 3744 78 30 accept
4121 3742 19 23 it

3584 3787 23 15 as
3627 3787 28 14 au
3676 3780 84 21 inmate
3779 3777 77 23 whilst
3876 3777 54 28 they
3949 3775 82 30 sought
4047 3775 34 23 for
4101 3774 39 24 the

3583 3812 98 24 parents.
3713 3808 47 21 The
3770 3808 77 25 latter,
3859 3806 110 26 however,
3981 3812 59 15 seem
4050 3807 23 19 to
4083 3805 57 21 have

3584 3836 146 30 disappeared
3741 3836 102 28 entirely.

3800 3876 121 17 ZANZIBAR.

3611 3903 47 23 The
3669 3902 60 23 little
3740 3909 92 22 rumpus
3842 3904 25 19 at
3874 3900 107 23 Zanzibar
3989 3907 70 16 seems
4069 3898 69 30 likely

3585 3935 23 21 to
3628 3933 65 30 bring
3713 3932 69 23 about
3806 3939 12 15 a
3838 3930 96 23 renewal
3953 3930 23 22 of
4001 3930 37 22 the
4058 3930 80 22 hostile

3584 3964 82 28 feeling
3697 3963 101 22 between
3827 3960 105 29 England
3958 3959 45 23 and
4026 3959 112 30 Germany

3585 3993 72 23 which
3668 3999 62 16 arose
3740 3994 40 20 out
3789 3991 23 22 of
3820 3990 37 23 the
3864 3990 146 22 unfortunate
4017 3988 121 23 Transvaal

3584 4023 123 30 imbroglio.
3738 4022 47 23 The
3803 4019 139 25 discomfited
3953 4019 92 29 Khalid,
4057 4027 24 15 as
4091 4026 44 23 you

3584 4062 38 15 are
3641 4061 80 20 aware,
3742 4052 52 24 took
3815 4052 77 29 refuge
3911 4051 55 22 with
3986 4051 38 21 the
4041 4050 97 22 German

3584 4084 127 27 Consulate,
3723 4083 43 22 and
3783 4081 91 29 already
3892 4081 38 22 tho
3947 4080 95 23 German
4058 4086 80 23 papers

3584 4122 37 15 are
3631 4113 135 29 demanding
3776 4112 51 23 that
3842 4111 18 23 if
3877 4111 27 22 he
3921 4110 19 23 is
3957 4109 145 24 surrendered
4113 4111 25 21 at

3584 4145 31 23 all
3625 4145 19 23 it
3653 4146 61 21 must
3723 4143 52 30 only
3785 4142 28 23 be
3823 4142 58 23 after
3891 4149 14 15 a
3914 4140 79 24 formal
4003 4143 91 27 request
4104 4140 34 23 for

3584 4176 35 22 his
3629 4175 136 22 extradition
3782 4172 64 24 made
3861 4172 24 22 in
3901 4171 39 23 the
3959 4171 105 29 ordinary
4081 4171 57 23 form

3585 4205 44 24 and
3639 4203 156 31 accompanied
3805 4203 31 29 by
3846 4203 133 29 guarantees
3994 4201 51 23 that
4055 4201 27 23 he
4092 4201 46 23 will

3585 4236 26 23 be
3622 4235 87 24 treated
3720 4242 24 15 as
3754 4241 13 16 a
3778 4232 100 32 political
3887 4232 108 30 prisoner,
4006 4231 17 23 if
4034 4234 39 20 not
4088 4238 23 15 as
4126 4239 12 14 a

3585 4267 84 30 prince,
3681 4265 50 23 who
3742 4265 39 22 has
3791 4264 55 22 been
3857 4262 102 24 defeated
3970 4262 23 22 in
4004 4269 51 15 war.
4086 4261 25 23 It
4119 4262 19 22 iB

3587 4296 136 30 improbable
3740 4296 51 22 that
3807 4293 102 31 England
3920 4293 46 23 will
3976 4292 27 23 be
4013 4292 23 22 in
4046 4299 13 15 a
4069 4292 69 29 hurry

3587 4330 23 19 to
3627 4326 95 23 concede
3741 4324 111 30 anything
3868 4323 24 22 of
3907 4323 38 22 the
3962 4322 62 22 kind.
4055 4321 83 23 Khalid

3586 4358 18 22 is
3620 4356 23 23 of
3659 4364 29 14 no
3705 4361 148 23 consequence
3869 4353 121 27 whatever,
4003 4351 43 22 and
4063 4351 23 22 in
4101 4351 37 22 the

3585 4387 106 30 ordinary
3708 4393 77 16 course
3802 4392 33 16 we
3850 4382 80 24 should
3947 4382 27 23 be
3989 4382 74 29 happy
4074 4384 23 21 to
4107 4380 31 24 let

3585 4418 39 22 the
3634 4418 107 22 Germans
3751 4415 69 23 board
3831 4414 43 23 and
3885 4413 64 30 lodge
3963 4412 44 23 and
4022 4412 56 29 keep
4093 4411 45 23 him

3584 4450 41 19 out
3634 4447 23 22 of
3674 4446 101 23 mischief
3791 4452 23 15 as
3831 4445 52 27 long
3898 4451 24 14 as
3940 4443 54 28 they
4010 4442 52 22 like.
4093 4441 45 23 But

3585 4477 39 22 the
3634 4476 64 22 claim
3714 4475 73 22 which
3802 4472 109 30 virtually
3921 4474 71 21 erects
4003 4479 12 15 a
4025 4471 113 23 consulate

3583 4506 49 22 into
3642 4513 28 15 an
3681 4505 108 28 Embassy
3800 4504 44 22 and
3860 4505 45 20 sets
3916 4509 30 22 up
3961 4509 28 15 an
4000 4502 127 21 extra-terri-

3584 4536 101 27 toriality
3700 4535 73 21 which
3789 4535 19 20 is
3824 4533 82 28 wholly
3924 4532 112 21 unknown
4057 4533 22 20 to
4099 4531 39 22 the

3582 4565 52 22 Law
3644 4565 24 21 of
3682 4564 96 23 Nations
3789 4564 19 21 is
3817 4563 63 29 quite
3895 4562 94 22 another
4004 4562 71 28 thing,
4092 4561 45 23 and

3581 4594 112 28 Germany
3704 4593 47 22 will
3761 4593 26 21 be
3798 4593 52 20 wise
3860 4593 41 20 not
3911 4594 24 19 to
3944 4598 62 21 press
4016 4591 20 21 it
4046 4594 37 18 too
4093 4591 41 21 far.

3582 4623 47 22 The
3639 4622 127 23 immediate
3777 4622 76 21 future
3862 4620 23 23 of
3902 4620 108 22 Zanzibar
4025 4619 41 22 has
4081 4618 57 24 been

3581 4652 108 29 provided
3700 4652 35 24 for
3748 4651 30 31 by
3789 4651 39 24 the
3845 4650 137 31 recognition
3998 4649 22 23 of
4035 4649 39 24 the
4088 4656 50 16 new

3581 4685 88 26 Sultan,
3690 4683 41 23 but
3750 4683 39 22 the
3808 4683 108 22 Germans
3935 4680 115 30 evidently
4071 4680 66 24 think

3581 4713 102 30 England
3703 4719 75 16 means
3797 4712 143 27 annexation,
3960 4711 45 22 and
4020 4711 39 23 the
4072 4711 51 22 semi-

3580 4744 80 22 official
3671 4750 79 22 organs
3760 4742 24 23 of
3791 4742 39 23 the
3840 4740 137 25 Fatherland
3988 4748 37 15 are
4036 4740 101 30 warning

3580 4780 25 15 us
3616 4773 51 21 that
3677 4773 112 27 Germany
3799 4772 47 20 will
3856 4773 41 19 not
3912 4771 68 21 suffer
3990 4770 107 22 Zau/.ibar
4112 4773 25 19 to

3580 4803 26 21 be
3624 4801 81 23 turned
3722 4801 49 23 into
3781 4808 12 14 a
3807 4799 103 23 crowned
3928 4799 85 30 colony.
4044 4799 93 31 Having

3578 4832 106 23 obtained
3702 4831 29 29 by
3748 4831 108 30 purchase
3874 4830 42 22 full
3932 4829 73 30 rights
4024 4837 53 15 over
4097 4831 39 22 tho

3579 4863 114 28 territory,
3719 4862 19 22 it
3761 4862 20 21 is
3804 4860 98 29 scarcely
3926 4860 71 29 likely
4022 4860 51 23 that
4097 4860 38 23 tho

3578 4892 86 24 British
3674 4892 153 22 Government
3836 4890 47 23 will
3891 4890 41 23 ask
3942 4890 123 29 anybody's
4072 4890 63 23 leave

3578 4925 25 21 to
3617 4929 82 22 govern
3710 4922 20 22 it
3739 4921 23 23 in
3773 4921 39 23 the
3822 4920 57 24 form
3889 4927 41 15 our
3940 4920 117 22 Ministers
4071 4920 64 24 deem

3578 4953 56 24 best.
3665 4951 47 24 The
3728 4951 92 23 method
3834 4951 23 22 of
3876 4950 182 23 administration
4073 4951 19 22 is
4107 4958 29 15 no

3578 4991 60 15 more
3644 4991 14 15 a
3665 4990 93 15 concern
3765 4982 23 23 of
3798 4981 130 29 Germany's
3936 4981 55 22 than
3999 4981 18 22 if
4026 4981 109 23 Zanzibar

3578 5020 66 19 were,
3655 5020 49 21 say,
3715 5012 86 22 British
3817 5011 128 27 Honduras,
3957 5011 44 22 and
4012 5018 43 22 any
4066 5012 57 21 inter-

3578 5043 87 22 ference
3676 5042 29 29 by
3716 5042 38 22 the
3772 5041 80 22 Kaiser
3867 5040 46 22 will
3929 5040 110 29 certainly
4053 5043 42 20 not
4108 5040 28 23 be

3579 5071 110 23 tolerated
3700 5071 28 27 by
3740 5071 38 21 the
3789 5072 90 26 present
3888 5070 159 22 Government.

1695 69 233 48 MOUNT
1971 65 266 52 BENGER
2284 64 167 47 MAIL

3572 72 128 30 FRIDAY,
3716 72 139 26 OCTOBER
3871 73 33 29 30,
3922 74 59 24 1896.

3580 5567 94 24 Printed
3684 5567 44 22 and
3736 5567 119 29 published
3862 5567 31 29 by
3900 5567 115 22 William
4025 5567 112 23 Pannell

3636 5598 137 22 Matthews
3789 5597 35 22 for
3840 5597 39 22 the
3894 5598 146 29 proprietors,
4052 5596 86 24 Dunne

3636 5628 44 23 and
3704 5628 145 28 Matthews,
3874 5630 25 21 at
3927 5628 60 23 their
4015 5628 123 30 registered

3636 5659 102 30 printing
3759 5659 70 28 office,
3853 5658 107 24 Scotland
3980 5661 78 24 street,
4079 5658 45 23 Rox-

3636 5689 80 31 burgh,
3738 5689 79 30 Otago,
3840 5688 57 25 New
3919 5688 219 32 Zealand—Friday,

3636 5720 97 26 Ootober
3742 5720 108 31 30,1896,

3606 5137 21 22 A
3644 5135 91 23 terrible
3751 5135 91 30 fatality
3852 5134 105 24 occurred
3967 5142 29 16 on
4006 5135 39 23 the
4055 5136 67 22 steam-

3578 5167 51 30 ship
3639 5166 109 30 Rothsay,
3761 5166 73 23 which
3844 5165 88 24 arrived
3950 5168 24 21 at
3991 5165 104 25 Swansea
4111 5170 24 19 to

3578 5198 52 23 load
3644 5196 59 24 coals
3718 5197 35 22 for
3768 5196 91 30 Naples.
3890 5196 91 24 Several
3995 5196 24 23 of
4029 5197 38 23 the
4077 5203 58 17 crew

3580 5235 57 16 were
3646 5226 99 31 engaged
3756 5227 22 22 in
3789 5227 90 29 passing
3888 5227 108 30 paraffine
4005 5227 31 23 oil
4046 5227 65 23 down
4122 5233 13 17 a

3579 5259 52 29 pipe
3648 5258 48 22 into
3713 5257 39 22 the
3769 5257 64 22 stock
3851 5264 69 21 room,
3937 5257 73 22 where
4025 5257 39 23 the
4074 5257 63 23 third

3579 5288 111 30 engineer,
3702 5287 79 22 named
3792 5286 65 29 Lace,
3869 5294 45 16 was
3930 5287 101 31 working
4046 5288 23 21 in
4086 5294 37 16 con-

3578 5319 90 23 nection
3687 5318 56 22 with
3762 5318 39 22 the
3820 5317 72 30 filling
3911 5318 22 22 of
3952 5318 40 22 the
4010 5318 31 22 oil
4060 5317 74 24 tanks.

3579 5349 115 28 Suddenly
3713 5356 13 14 a
3745 5348 63 22 sheet
3827 5348 23 22 of
3869 5348 64 22 flame
3953 5348 52 22 shot
4029 5355 38 22 up,
4092 5348 45 22 and

3579 5379 74 24 before
3672 5378 56 23 Lace
3744 5378 64 24 could
3824 5378 27 23 be
3867 5377 91 24 rescued
3973 5378 28 23 he
4012 5386 45 15 was
4067 5377 70 25 burnt

3579 5414 24 19 to
3613 5419 13 14 a
3636 5409 82 24 cinder.
3749 5408 24 24 It
3783 5410 18 22 is
3811 5408 101 24 believed
3924 5408 51 23 that
3985 5408 39 23 the
4034 5409 103 23 accident

3579 5448 45 15 was
3643 5439 81 23 caused
3742 5439 31 29 by
3792 5447 14 14 a
3824 5438 74 24 naked
3921 5439 58 28 light
4003 5439 87 29 coming
4114 5439 23 22 in

3579 5472 90 21 contact
3693 5469 56 23 with
3773 5469 39 23 the
3835 5476 39 23 gas
3897 5468 122 31 generated
4042 5468 30 31 by
4099 5468 39 24 the

3579 5500 113 31 paraffine.
