3550 4620
165 187 69 25 THE
251 182 156 29 BANKING
428 182 144 24 REPORT.

284 224 48 25 The
354 224 98 28 People.

134 295 49 24 We
193 289 170 34 congratulate
380 287 43 25 the
443 284 151 26 Committee
610 283 18 26 oi

101 334 44 25 the
161 332 86 26 House
266 328 27 26 of
310 323 215 35 Representatives
545 329 33 18 on
600 322 28 25 its

100 374 89 30 report.
231 370 26 24 It
274 368 71 25 bears
356 364 43 25 the
411 365 81 29 stamp
512 361 28 26 of
553 360 75 33 integ-

100 414 57 31 rity,
175 411 48 25 and
233 417 37 18 we
287 405 107 33 heartily
420 404 104 26 endorse
543 403 33 24 its
596 410 32 17 re-

100 449 219 28 commendations.
354 445 77 25 These
444 443 68 25 show
524 441 56 26 that
591 440 37 26 the

100 488 169 27 Government
279 492 64 18 were
360 482 91 26 misled
473 483 27 23 m
512 481 42 25 the
576 480 52 24 first

97 530 79 28 place,
193 534 29 17 as
242 527 26 23 to
294 524 42 25 the
347 525 57 22 true
425 520 107 33 position
544 518 27 26 of
592 518 36 24 the

97 565 74 27 bank.
196 566 35 23 As
242 563 41 25 Mr
294 561 70 27 John
375 560 102 31 Murray
489 560 44 29 got
545 556 83 25 £5000

98 606 55 24 »hat
164 612 36 17 we
212 603 72 25 know
307 600 33 28 of,
357 598 50 26 and
427 596 107 33 perhaps
557 594 71 25 much

97 652 69 19 more
196 645 55 23 that
287 649 38 16 we
366 639 71 24 don't
477 636 79 28 know,
590 635 38 24 for

97 682 147 31 misleading
265 680 43 24 the
331 677 178 25 Government,
526 674 21 24 it
572 673 22 24 is
617 680 11 16 a

96 723 92 24 matter
207 719 38 25 for
265 718 81 31 regret
357 716 57 25 that
424 713 44 26 the
479 713 83 31 report
573 710 55 25 does

96 762 44 25 not
160 768 32 25 go
216 756 99 27 further
340 763 34 18 on
385 753 57 26 that
464 751 79 34 point.
578 749 50 26 The

96 801 117 26 evidence
240 801 81 23 shows
347 796 57 24 that
421 794 46 25 the
487 791 75 25 Bank
585 791 43 24 has

96 840 121 31 averaged
228 847 15 16 a
253 839 52 23 loss
316 836 26 25 ol
352 835 53 24 half
415 843 15 15 a
440 832 100 25 million
548 838 16 18 a
574 837 54 24 year

96 882 37 25 for
144 881 44 26 the
198 881 57 32 past
267 875 68 35 eight
346 883 79 26 years.
443 873 26 26 It
479 873 22 24 is
509 880 15 17 a
533 870 95 27 curious

96 920 156 26 coincidence
275 917 57 25 that
355 916 20 24 it
386 913 51 26 will
459 911 56 26 take
527 909 101 27 another

95 958 69 25 ei*ht
174 965 72 24 years
256 959 26 22 to
298 954 66 25 wind
376 961 31 22 up
418 952 43 24 the
474 951 78 23 assets
564 948 64 24 busi-

94 1005 59 19 ness
165 999 27 25 of
211 996 129 27 tbebank.
373 993 55 26 The
439 989 189 27 condemnation

94 1040 28 25 of
140 1041 44 25 the
206 1039 177 31 management
406 1033 26 26 of
452 1032 44 25 the
519 1029 109 27 Colonial

94 1077 73 27 Bank
179 1079 22 24 is
220 1078 64 30 fully
303 1073 119 35 justified,
440 1071 49 25 and
512 1069 42 25 the
576 1075 52 24 seq-

95 1124 77 17 uence
183 1112 22 28 is
225 1124 14 15 a
251 1115 67 31 right
340 1120 80 17 one—
421 1110 56 25 that
487 1116 28 16 as
539 1108 43 24 the
594 1109 34 21 of-

94 1156 60 25 fice?
166 1156 27 25 of
202 1156 42 25 the
256 1152 112 28 Colonial
388 1149 73 27 Bank
472 1155 104 24 manage
587 1146 41 24 the

94 1194 74 28 Bank
185 1196 29 26 of
231 1195 61 26 New
315 1190 120 31 Zealand,
456 1189 60 32 they
539 1186 88 26 should

93 1234 69 29 leave
174 1238 44 25 the
230 1237 91 25 service
333 1235 25 25 of
374 1233 56 26 that
441 1228 153 29 institution.

299 1282 124 17 *****

126 1319 71 25 Then
220 1318 83 32 again,
333 1317 123 30 improper
474 1311 153 33 agreements

92 1364 62 19 w«re
178 1356 129 28 disclosed,
333 1354 113 30 showing
471 1351 63 28 that,
554 1348 74 25 while

93 1395 42 27 the
146 1395 129 26 President
287 1393 51 26 and
358 1391 103 26 Auditor
480 1397 63 17 were
561 1386 66 26 Gov-

94 1438 112 23 ernment
228 1432 105 31 officers,
358 1432 95 32 private
481 1430 146 31 guarantees

93 1473 47 26 liad
151 1475 60 24 been
223 1474 72 31 given
307 1472 70 25 them
399 1471 33 30 by
449 1469 43 24 the
509 1466 74 26 Bank
602 1466 26 24 of

94 1511 59 26 New
166 1511 119 26 Zealand:
312 1510 51 25 Our
375 1508 99 32 opinion
483 1506 22 25 is
517 1505 56 26 that
584 1504 43 25 the

93 1550 79 26 whole
276 1550 66 31 bang
421 1545 28 27 of
464 1546 44 25 the
519 1543 72 26 Bank
602 1543 26 24 of

94 1589 58 27 New
174 1588 119 30 Zealand,
314 1588 118 24 directors
454 1584 49 25 and
524 1583 102 27 officers,

93 1630 54 26 who
157 1633 90 24 were>
258 1630 73 29 party
347 1629 27 23 to
386 1627 55 24 that
460 1623 90 26 double
561 1622 65 25 deal-

92 1667 50 33 ing,
159 1667 79 32 ought
260 1668 27 23 to
298 1674 32 24 go
340 1673 28 17 as
380 1663 54 26 well
453 1671 27 16 as
493 1661 42 26 the
547 1660 79 26 Presi-

93 1709 57 25 dent
157 1707 50 25 and
219 1706 111 26 General
340 1705 127 31 Manager.
494 1702 53 25 The
559 1699 68 26 weak

93 1747 69 32 point
173 1746 27 26 of
223 1745 44 26 the
278 1746 84 31 report
371 1766 3 3 .
383 1743 23 25 is
420 1743 34 24 its
474 1739 151 29 conclusion,

92 1786 79 25 where
183 1785 21 25 it
220 1785 23 24 is
255 1783 84 26 stated
353 1783 56 24 that
420 1781 22 24 if
451 1781 42 24 the
512 1779 78 32 prices
602 1778 26 24 of

92 1826 112 32 produce,
217 1833 44 16 are
266 1822 160 32 .maintained
437 1821 42 25 the
491 1819 73 26 Bank
575 1818 51 25 will

92 1864 29 27 be
132 1865 54 28 able
197 1868 27 22 to
235 1865 65 24 meet
306 1863 37 25 its
354 1861 184 33 engagements.
571 1857 56 25 The

92 1907 50 24 fact
153 1905 56 26 that
228 1905 43 24 the
287 1904 81 32 prices
384 1903 39 24 for
441 1900 106 33 produce
564 1898 63 25 have

93 1946 85 25 shown
190 1953 14 16 a
221 1945 86 31 steady
329 1943 45 26 fall
392 1943 37 25 for
440 1943 93 29 twenty
555 1946 72 30 years

93 1986 45 26 has
157 1988 63 23 been
242 1984 146 26 overlooked
414 1984 27 23 m
461 1981 52 26 this
534 1980 91 31 report.

92 2026 81 26 Prices
184 2034 41 17 are
237 2025 121 25 therefore
375 2022 86 25 bound
472 2025 27 22 to
510 2020 116 25 continue

92 2065 47 24 still
152 2072 33 17 on
204 2065 42 23 the
263 2061 174 32 downgrade,
454 2060 44 24 the
517 2059 65 32 logic
597 2058 31 26 -of

92 2103 77 24 which
183 2103 21 24 is
214 2102 56 25 that
290 2101 44 25 the
359 2099 74 26 Back
452 2098 51 26 will
528 2101 46 21 not
595 2092 31 44 b|

92 2143 54 26 able
163 2149 26 19 to
212 2143 66 24 meet
294 2141 44 25 the
360 2140 185 32 engagements.
568 2133 58 35 jW$

92 2182 58 25 have
164 2181 50 26 said
227 2180 64 26 from
304 2179 43 26 the
370 2179 56 25 first
437 2177 57 26 that
505 2177 43 25 the
559 2176 66 26 Gov*

92 2230 40 16 cm
136 2228 56 18 men
194 2221 11 24 t
216 2221 68 23 must
295 2219 57 25 take
359 2225 59 18 over
426 2217 43 25 the
478 2216 75 25 bank.
571 2215 54 25 The

92 2263 83 30 report
187 2259 116 27 confirms
315 2259 54 25 that
380 2258 69 25 view.

273 2398 167 43 BANKING.

124 2490 33 24 At
168 2496 15 16 a
195 2488 60 24 time
266 2487 71 26 when
349 2487 71 24 those
432 2486 54 25 who
507 2484 118 25 advocate

90 2536 15 16 a
117 2530 83 21 return
212 2528 27 23 to
250 2526 75 26 silver
333 2531 88 24 money
431 2523 195 25 arevdenounced

88 2575 29 16 as
129 2566 120 28 maniacs,
267 2565 20 24 it
300 2571 55 24 may
377 2563 32 25 be
420 2562 55 25 well
487 2561 139 30 to,remind

89 2606 44 25 the
145 2605 139 26 slanderers
303 2603 56 25 that
369 2601 42 26 Mr
428 2601 30 26 A.
477 2601 32 26 G.
531 2600 96 26 Sande-

88 2653 69 22 man,
167 2646 115 24 Director
293 2644 27 25 of
326 2644 42 24 the
380 2643 72 24 Bank
464 2643 27 24 of
497 2641 128 32 England,

88 2685 55 25 said
154 2693 39 16 :—
240 2683 73 26 think
323 2683 21 24 it
356 2690 48 17 wis
416 2690 15 16 a
441 2680 185 34 greattfristake

90 2723 182 30 demonetising
282 2721 74 24 silver
366 2721 28 24 m
406 2721 32 24 18
440 2722 14 16 7
456 2721 16 23 2
484 2719 50 25 and
545 2721 63 24 1873
619 2726 6 22 ;

87 2768 26 19 at
126 2763 63 24 least
209 2762 43 24 the
263 2761 45 25 fall
327 2761 26 24 m
374 2759 44 26 the
430 2767 102 23 average
546 2758 79 32 prices

88 2803 27 25 of
134 2801 168 26 commodities
323 2800 79 32 began
426 2799 60 25 then
505 2800 50 24 and
578 2798 47 26 has

86 2841 62 27 been
160 2843 92 24 almost
263 2841 148 25 continuous
423 2848 56 17 ever

122 2883 78 26 Other
212 2883 59 32 high
282 2881 113 32 banking
406 2881 156 29 authorities,
585 2880 42 26 Mr

87 2921 157 30 Lidderdale,
266 2921 130 25 Governor
407 2919 28 26 of
444 2919 42 26 the
507 2919 74 25 Bank
601 2919 25 25 of

87 2961 124 33 England,
233 2962 42 24 Mr
298 2961 97 32 Evelyn
418 2959 132 31 Hubbard,
580 2959 44 25 Di-

87 3003 80 23 rector
179 3000 27 26 of
216 3001 42 24 the
271 3006 67 18 same
349 2999 152 29 in°titution,
515 2998 51 24 and
584 2998 41 26 Sir

88 3042 103 24 Samuel
220 3041 143 31 Montague,
399 3039 28 26 cf
453 3039 44 25 the
524 3039 100 25 famous

87 3083 104 24 London
214 3081 119 32 Banking
360 3080 88 26 Houia
470 3081 27 23 of
526 3079 98 26 Samuel

87 3122 136 32 Montague
242 3120 49 26 and
310 3121 53 30 Co.,
388 3119 86 34 signed
492 3118 44 27 the
547 3126 76 18 mem-

87 3163 63 26 orial
170 3165 26 23 to
217 3162 43 25 the
282 3162 169 25 Government
468 3160 82 26 which
571 3160 52 25 said

87 3204 56 25 that
161 3204 44 25 the
216 3202 120 27 abolition
346 3202 28 24 of
383 3201 75 26 silver
469 3209 93 24 money
573 3200 50 26 had

86 3245 50 24 bad
148 3245 45 24 the
218 3243 80 25 result
418 3244 123 23 contracts
561 3242 62 24 have

86 3280 60 27 been
161 3281 100 28 broken,
280 3281 43 23 the
333 3280 93 24 bnrden
437 3279 28 25 of
476 3280 49 24 <the
536 3278 87 26 debtor

86 3321 44 26 has
141 3323 61 24 been
215 3320 135 28 increased,
369 3323 115 29 property
496 3320 48 24 has
559 3320 63 24 been

86 3361 153 32 depreciated
261 3360 52 26 and
332 3359 135 32 enterprise
487 3359 47 24 has
559 3358 64 26 been

84 3400 116 29 checked,
220 3400 59 24 with
296 3407 15 17 a
324 3396 193 33 corresponding
536 3398 51 24 loss
598 3397 27 25 of

84 3439 92 31 capital
197 3437 136 26 embarked
355 3437 28 25 m
399 3436 114 31 industry
536 3435 50 25 and
597 3435 31 26 of

84 3477 170 31 employment
265 3478 27 24 to
303 3476 44 25 the
359 3474 109 33 working

119 3516 71 25 State
202 3515 108 32 banking
320 3518 24 22 is
355 3514 137 32 attracting
503 3521 16 17 a
538 3513 38 25 lot
596 3513 28 25 of

84 3554 121 25 attention
217 3556 28 23 at
261 3554 43 26 the
325 3556 102 30 present
449 3552 71 26 time.
555 3552 66 32 Cape

85 3593 93 32 Colony
190 3602 115 24 proposes
329 3597 26 22 to
378 3601 31 25 go
432 3594 28 24 m
485 3594 39 25 for
548 3593 73 25 State

85 3631 67 24 bank
169 3640 30 16 on
223 3632 43 25 the
284 3633 66 25 lines
365 3632 135 25 advocated
519 3632 29 32 by
564 3631 56 25 The

84 3668 108 33 People,
209 3671 39 26 for
268 3671 103 33 making
393 3672 121 25 advances
534 3674 26 22 to
573 3676 46 20 set-

84 3711 59 24 tlers
155 3713 26 22 at
192 3711 48 24 low
248 3713 65 24 rates
324 3712 27 24 of
363 3712 112 25 interest.
511 3711 109 25 Victoria

86 3748 20 24 is
118 3749 75 30 going
209 3749 26 25 m
246 3749 40 24 for
296 3757 15 17 a
324 3749 69 26 State
405 3749 74 28 bank,
498 3749 50 27 and
559 3750 61 24 New

86 3787 78 25 South
178 3787 84 25 Wales
283 3788 53 25 also
353 3796 117 25 proposes
490 3796 16 18 a
524 3789 96 25 similar

86 3824 152 31 institution,
262 3828 105 30 starting
377 3828 58 24 with
448 3828 43 25 the
509 3828 110 31 amalga-

83 3865 55 25 tion
149 3867 26 23 of
186 3866 42 24 the
241 3867 105 30 Savings
368 3867 74 24 Bank
465 3867 50 24 and
538 3867 80 25 estab-

84 3900 121 28 lishment
216 3904 25 24 of
253 3912 15 16 a
280 3904 70 25 State
360 3906 60 24 note
431 3904 76 28 issue.
529 3931 5 7 s
556 3927 4 7 ..
576 3927 3 2 .

118 3933 123 42 Profvßsor
275 3942 104 25 Walker
418 3950 57 25 says
500 3943 37 25 :—'
541 3942 77 28 Some

86 3979 184 27 monometallic
295 3981 104 28 writers,
428 3981 98 29 indeed,
534 3979 7 7 *
555 3982 65 26 have

86 4017 153 29 undertaken
251 4021 26 22 to
294 4027 76 23 prove
390 4019 56 25 that
458 4020 40 24 the
516 4019 102 26 demon-

81 4057 118 26 etisation
219 4058 27 28 of
256 4059 72 26 silver
344 4059 46 26 has
407 4059 51 26 had
473 4059 108 34 nothing
593 4066 25 20 to

86 4097 32 24 do
129 4098 61 25 with
201 4099 43 25 the
254 4099 46 26 fall
316 4100 27 25 of
359 4100 57 32 gold
428 4101 87 31 prices.
552 4101 66 26 Such

86 4145 15 15 a
112 4138 149 30 proposition
281 4139 29 30 is,
329 4148 32 17 on
378 4141 34 24 its
431 4140 60 29 face,
512 4146 106 20 monstr-

86 4184 55 19 ous,
158 4176 97 27 Absurd.
290 4179 27 24 If
326 4187 16 16 a
353 4179 105 26 number
476 4181 29 24 of
519 4181 100 26 nations

86 4214 68 27 hava
169 4216 92 34 largely
279 4218 152 28 diminished
453 4221 66 25 their
538 4229 45 18 use
594 4222 27 25 of

86 4255 76 28 silver
177 4256 49 25 and
237 4257 126 26 increased
385 4259 65 25 their
460 4267 45 18 use
516 4261 26 24 of
552 4261 66 31 gold,

86 4294 52 24 this
149 4296 68 22 must
225 4295 62 34 haye
302 4296 49 25 had
364 4297 43 25 the
425 4297 72 25 effect
508 4297 28 25 of
545 4299 75 24 lower

84 4330 80 32 prices
175 4333 127 30 expressed
315 4334 25 25 m
354 4336 84 29 terms,
442 4335 28 24 of
480 4334 67 32 gold.
581 4335 42 27 To.

83 4369 64 32 deny
160 4376 6 17 I
171 4371 36 24 his
218 4372 22 25 is
252 4375 26 23 to
298 4373 64 34 deny
374 4376 54 24 that
447 4374 105 25 demand
568 4376 49 24 and

84 4407 89 34 supply
185 4409 135 28 determine
332 4412 79 26 value.
427 4436 3 4 ,

103 4447 54 26 •Mr
178 4447 29 26 F.
232 4450 38 25 W.
303 4452 150 32 Frankland,
483 4452 135 28 Insurance

82 4488 118 30 Actuary^
224 4489 42 24 lias
285 4491 116 31 prepared
423 4501 16 15 a
461 4493 97 24 scheme
580 4492 38 26 for

79 4526 114 33 insuring
204 4528 43 26 the
258 4529 59 26 liree
328 4531 27 25 of
361 4532 35 25 all
538 4532 80 26 under

665 189 12 16 a
689 180 101 36 loading
801 183 99 32 system.

698 219 54 26 The
765 221 71 26 State
845 221 74 26 Bank
926 221 53 26 Bill
992 222 117 33 prepared
1140 222 33 34 by
1182 224 9 26 t!

664 258 129 27 Victorian
805 261 166 27 Government
982 262 113 32 provides
1105 263 41 25 for
1157 264 34 26 the

664 297 76 25 union
751 299 27 23 of
787 298 43 25 the
848 299 61 24 Post
921 299 76 26 Office
1010 300 107 32 Savings
1127 301 64 26 Bank

633 330 2 16 J
663 335 50 26 and
721 336 43 25 the
776 336 214 27 Commissioner's
1003 339 104 33 Savings
1116 339 75 28 Bank.

663 375 54 26 The
736 384 55 18 new
801 377 144 27 institution
964 379 21 26 is
1006 382 26 23 to
1051 379 66 26 issue
1129 383 62 24 notes

662 417 51 25 and
724 425 71 25 carry
805 426 33 17 on
850 417 44 26 the
912 419 85 26 Credit
1016 420 105 26 Foncier
1140 422 51 32 Sys-

633 448 1 44 J
663 457 60 27 tern,
741 455 51 26 and
802 456 22 25 it
835 455 50 26 will
905 457 60 26 hold
977 458 44 25 the
1032 459 159 28 Government

633 494 1 10 '
632 527 2 8 t
662 503 111 24 moneys.
809 496 54 26 The
882 498 59 31 gold
959 506 105 22 reserve,
1085 507 28 18 as
1124 501 38 24 far
1173 509 18 17 as

633 535 1 7 '
661 535 158 32 practicable,
837 536 22 25 is
878 541 26 22 to
921 537 31 26 be
963 538 144 27 one-fourth
1118 541 29 25 of
1156 541 35 26 the

660 577 60 22 note
731 574 155 26 circulation.
928 576 76 26 Notes
1023 585 60 25 may
1105 578 30 25 be
1157 579 34 25 ad-

661 614 93 25 vanced
767 617 25 23 to
803 615 74 26 other
894 615 79 27 banks
993 617 105 26 without
1109 619 82 25 receiv-

660 655 45 30 ing
715 655 60 30 gold
786 655 39 25 for
842 655 48 26 full
914 656 81 29 value,
1012 658 117 30 provided
1141 659 50 24 that

632 687 2 8 '
660 695 45 23 not
716 694 50 24 less
788 694 63 26 than
863 695 33 25 25
915 704 46 24 per
982 702 66 21 cent,
1066 698 27 24 of
1102 697 57 33 gold
1171 697 20 26 be

632 760 2 7 ,
660 737 66 33 paid.

632 798 2 7 .
693 781 42 26 Mr
751 782 25 25 J.
790 782 40 26 W.
842 783 110 30 Gossett,
962 785 60 25 who
1032 786 44 24 has
1089 786 60 24 been
1160 786 31 25 for

632 838 2 5 .
659 822 87 25 fifteen
757 829 71 24 years
839 824 138 25 connected
989 825 60 24 with
1065 826 43 24 the
1119 826 72 24 Wan-

633 878 7 17 ,.
659 862 78 34 ganui
745 869 8 22 ;
760 862 110 31 branch/
874 863 43 31 pf;
923 864 45 29 the
988 865 75 27 Bank
1070 873 6 19 :
1085 867 27 25 of
1117 866 74 30 ::JSfew

632 918 2 6 .
661 901 117 26 Zealand,
788 902 46 25 has
845 901 62 27 been
917 904 151 26 transferred
1089 908 27 22 to
1131 906 60 25 Wel-

659 940 94 31 lington
772 941 110 31 pending
900 950 14 15 a
935 942 97 25 further
1049 944 105 24 transfer
1165 951 26 18 on

659 977 148 33 promotion.
1062 987 20 9 ■-■
1113 1000 6 7 ,

692 1017 31 25 G.
736 1016 43 26 W.
792 1017 137 31 Hamilton,
943 1020 24 24 of
979 1019 149 31 Danevirke,
1139 1021 52 26 who

658 1056 45 24 has
714 1055 101 26 become
834 1056 133 34 bankrupt,
988 1061 78 22 states
1078 1059 57 25 that
1154 1059 37 24 the

658 1093 72 25 Bank
757 1094 28 24 of
805 1094 60 25 New
889 1095 110 25 Zealand
1022 1096 90 25 offered
1140 1096 51 25 him

659 1133 114 27 £45,000
784 1140 28 18 as
823 1141 16 16 a
850 1134 65 28 loan,
927 1134 45 25 but
983 1136 50 24 two
1044 1143 77 25 years-
1130 1134 61 26 later

656 1173 59 25 took
726 1173 140 32 possession
879 1174 27 26 of
915 1174 41 26 his
967 1175 68 30 land,
1057 1175 44 26 the
1120 1176 71 26 Man-

656 1216 87 29 gatora
754 1217 88 23 estate.
877 1215 55 25 The
950 1216 73 24 Bank
1041 1216 92 25 offered
1154 1217 37 25 the

656 1254 113 31 property
780 1252 111 34 through
911 1254 43 25 the
964 1254 130 33 Registrar
1105 1255 27 25 of
1150 1256 41 24 the

658 1293 120 31 Supreme
796 1294 85 29 Court,
900 1294 50 25 and
970 1295 96 31 bought
1085 1296 22 24 it
1117 1296 27 24 m
1156 1296 35 24 for

656 1332 102 29 £5,000,
792 1330 101 34 leaving
911 1341 15 16 a
948 1332 105 32 liability
1095 1334 51 24 still
1169 1334 22 24 of

656 1371 114 29 £67,000
787 1379 32 17 on
842 1372 45 25 the
904 1374 123 31 property,
1046 1373 81 26 which
1153 1375 38 24 *he

655 1412 86 25 debtor
759 1411 82 27 stated
860 1421 52 17 was
943 1417 37 22 set
1002 1414 72 26 down
1098 1415 27 26 iv
1149 1416 42 26 the

655 1450 90 26 bank's
756 1450 76 27 books
842 1461 28 17 as
882 1452 78 26 worth
971 1453 138 31 £170,000.

658 1576 419 26 WAIMAKARIRI-ASHLEY
1077 1576 114 26 WATER

772 1625 142 24 SUPPLY
945 1616 233 33 BOARD.

689 1695 59 27 This
772 1694 84 26 Board
891 1695 59 26 held
990 1697 63 24 their
1059 1692 132 35 'ordinary

655 1735 111 33 meeting
776 1744 33 17 on
821 1736 71 35 $9th.
910 1736 61 26 inst.
1005 1736 43 26 All
1059 1736 44 26 the
1113 1745 78 17 mem-

657 1778 54 24 bers
722 1776 75 31 being
806 1779 108 28 present.
942 1789 4 17 ;
950 1785 18 12 ■*■*
1079 1783 4 19 !
1133 1789 28 15 /•■•

689 1814 185 27 MrMcDoweli
886 1815 104 25 vacated
1005 1815 40 25 his
1057 1816 54 24 seat
1122 1814 69 32 eaely

655 1855 24 25 m
691 1855 45 26 the
757 1853 57 35 day,
836 1854 81 27 which
940 1854 92 27 caused
1053 1856 138 32 important

655 1894 111 27 business
788 1894 142 26 -connected
957 1894 61 25 with
1050 1894 41 27 his
1114 1894 77 25 Ward

654 1932 75 32 being
747 1932 142 32 postponed.

688 1971 25 25 It
724 1976 50 19 was
786 1971 110 26 resolved
907 1974 26 21 to
944 1978 130 18 summons
1084 1972 40 24 for
1144 1979 46 17 un-

654 2008 143 33 paid.rates,
815 2009 25 25 m
853 2009 42 25 the
907 2009 118 32 Cooper'o
1042 2009 79 25 Creek
1133 2009 57 25 sub-

654 2049 114 28 division,
785 2047 51 26 and
853 2057 15 16 a
879 2050 104 24 number
994 2049 28 25 of
1031 2057 86 17 names
1129 2056 61 18 were

654 2088 124 26 extracted
785 2099 13 9 ■■-
805 2088 63 26 from
868 2107 6 1 -
882 2098 6 5 •
896 2089 44 25 tlie
945 2088 25 22 -■<•
979 2086 124 28 Roll^for
1116 2100 7 4 -
1132 2089 55 25 that

654 2137 110 26 purpose.

688 2169 40 26 Mr
756 2168 86 27 James
870 2169 89 27 Fisher
990 2170 99 33 applied
1112 2170 39 25 for
1176 2178 14 17 a

654 2210 94 25 branch
769 2218 57 18 race
848 2211 27 24 to
893 2211 89 31 supply
1004 2220 15 15 a
1044 2211 51 24 fish
1113 2211 76 32 pond,

654 2250 125 32 fcutveyor
790 2253 26 22 to
824 2250 119 30 jß.xamine
954 2250 44 25 the
1023 2251 47 26 site
1094 2251 62 26 with
1175 2258 16 18 a

653 2291 62 25 view
726 2290 27 26 of
762 2291 108 31 meeting
880 2290 41 25 his
933 2292 90 25 wants.
1179 2289 3 11 :

671 2326 42 29 :A:
738 2329 75 27 let'tfer
840 2336 51 19 was
917 2331 111 25 received
1056 2331 63 25 from
1148 2331 43 25 Mr

653 2371 113 26 Johnson
788 2378 28 18 re
836 2369 86 27 Water
946 2371 96 32 Supply
1065 2366 124 37 Worling-

653 2411 69 26 ham.

688 2450 186 26 Consideration
891 2450 118 26 deferred.

688 2491 53 25 The
752 2489 87 27 Board
858 2489 127 27 discussed
1004 2493 26 22 at
1052 2490 85 31 length
1149 2490 42 25 the

654 2530 54 26 best
719 2538 85 17 course
816 2531 37 24 for
865 2530 88 32 taking
964 2530 43 24 the
1024 2530 72 24 Main
1109 2530 81 24 Races

654 2571 27 23 to
692 2569 69 28 Cust,
778 2569 112 32 Eyreton
901 2569 139 26 Swananoa
1052 2568 50 26 and
1122 2568 67 25 Ran-

654 2609 77 31 giora,
749 2608 50 24 and
811 2608 42 24 the
874 2608 123 32 Surveyor
1011 2615 49 17 was
1081 2608 109 24 instruc-

655 2647 40 25 ted
708 2649 26 23 to
745 2654 31 24 go
787 2654 33 17 on
832 2646 61 25 with
902 2646 42 25 the
957 2648 75 24 work.
1042 2662 3 5 ■

689 2687 112 32 Cheques
816 2695 64 17 were
902 2687 83 25 drawn
1008 2687 27 25 m
1058 2686 87 26 favour
1166 2685 25 26 of

655 2726 42 25 the
706 2726 112 31 Cooper's
829 2725 78 26 Creek
919 2725 66 25 Race
997 2727 150 23 contractors
1159 2732 31 17 on

654 2765 149 33 completion
816 2765 27 25 of
863 2765 66 25 their
950 2764 68 26 work
1030 2766 26 24 to
1079 2764 43 25 the
1135 2772 54 17 am-

654 2807 63 23 ount
741 2803 28 27 of
788 2805 51 24 JJ62
863 2805 53 27 175..
942 2803 40 26 6d.
1006 2802 80 26 which
1107 2811 83 17 neces-

655 2843 89 26 sitated
762 2851 32 18 an
806 2842 123 27 overdraft
947 2843 155 32 consequent
1122 2849 67 25 upon

654 2883 43 24 the
708 2882 57 26 loan
787 2881 39 26 for
844 2881 44 25 the
907 2889 106 24 purpose
1035 2881 95 31 having
1149 2888 41 17 ex-

654 2922 103 33 pended,
775 2922 50 25 and
842 2921 43 26 the
902 2922 123 25 members
1044 2929 63 24 gave
1127 2921 64 26 their

653 2961 115 31 personal
794 2962 132 30 guarantee
954 2960 39 25 for
1019 2959 43 26 the
1085 2963 105 22 amount

653 2998 119 33 required.
815 2998 52 26 The
879 3005 90 25 money
989 3000 25 24 to
1025 2999 31 24 be
1068 2997 121 26 refunded

653 3037 61 26 from
728 3037 41 25 the
780 3038 66 24 rates
863 3044 58 18 now
932 3036 56 26 due.

761 3091 2 2 -
985 3084 26 17 ■•->
1034 3098 2 3 .
1045 3092 1 2 '
1067 3086 34 17 '<--\-
1110 3088 29 7 '-■■'■'
1149 3089 5 6 ■■

858 3142 121 26 NOTES.

913 3210 98 32 People.

883 3243 78 30 of/the
981 3243 74 25 Bank
1076 3243 27 24 of
1117 3243 70 31 Eng-

650 3284 69 29 land,
736 3285 23 24 is
769 3292 32 16 nn
813 3283 89 25 ardent
921 3283 154 29 bimetallism
1121 3283 67 26 Here

650 3323 22 25 is
684 3324 66 24 what
761 3323 31 24 he
804 3332 55 22 says
870 3331 5 16 :
972 3322 69 26 these
1062 3330 127 24 processes

652 3363 192 33 (demonetising
866 3363 84 33 silver)
978 3363 44 25 the
1051 3364 85 24 States
1163 3363 27 25 of

650 3404 125 32 England,
791 3404 128 32 Crermany
930 3403 50 26 and
994 3404 106 29 France,-
1123 3403 65 28 have

649 3444 99 26 created
764 3452 34 17 an
809 3444 113 25 artificial
942 3444 109 25 demand
1072 3443 37 25 for
1119 3444 67 31 gold,

650 3484 82 26 which
742 3485 47 24 has
810 3486 72 30 upset
893 3484 34 25 all
935 3484 100 31 .prices,
1057 3483 128 25 enhanced

649 3523 44 26 the
710 3524 114 32 property
843 3521 28 26 of
880 3523 33 24 all
931 3522 119 25 creditors
1062 3522 50 25 and
1123 3522 63 25 dim-

648 3562 99 26 inished
758 3562 42 25 the
812 3569 85 18 means
912 3561 29 26 of
948 3561 33 25 all

681 3601 40 25 No
731 3600 87 33 people
830 3600 24 24 m
867 3610 15 14 a
893 3601 69 30 great
974 3607 147 24 emergency
1132 3608 55 16 ever

647 3640 77 26 found
736 3648 15 17 a
762 3636 102 28 faithful
875 3638 52 33 ally
938 3638 24 25 m
975 3637 67 34 gold.
1077 3637 25 25 It
1110 3637 23 27 is
1145 3638 42 26 the

647 3681 67 23 most
725 3678 123 31 cowardly
859 3677 28 26 of
895 3677 34 25 ell
940 3676 100 26 metals.
1062 3677 26 24 It
1100 3677 86 25 makes

647 3727 34 17 no
693 3721 79 28 treaty
783 3718 20 24 it
818 3718 59 24 does
888 3719 45 24 not
945 3717 83 25 break.
1063 3717 26 24 It
1099 3717 46 24 has
1153 3725 34 16 no

647 3759 93 27 friends
751 3758 26 29 it.
789 3758 59 27 does
860 3760 45 24 not
922 3765 91 21 sooner,
1027 3765 29 17 or
1067 3757 65 27 later
1144 3756 41 26 be-

758 3796 70 26 -Sjna
832 3800 38 22 tor
893 3796 106 33 Ingails.

680 3837 145 27 Australian
836 3838 51 24 and
909 3836 62 26 New
983 3836 112 26 Zealand
1107 3836 78 26 Mort-

646 3885 62 24 gage
729 3876 149 31 Company's
900 3876 35 29 4£
957 3883 44 23 per
1011 3877 65 22 cent,
1095 3875 89 24 deben-

647 3918 68 24 tures
727 3923 42 18 are
780 3915 90 32 quoted
882 3917 27 23 at
922 3916 56 23 101.

681 3955 52 26 The
745 3955 96 24 farther
860 3953 135 32 depletions
1014 3953 28 25 of
1060 3953 42 25 the
1113 3952 74 25 Bank

646 3995 29 25 of
682 3993 120 33 England
822 4000 103 21 reserve,
948 3992 50 25 and
1018 3992 105 24 another
1138 3992 48 23 rise

646 4034 27 25 m
691 4033 43 26 the
745 4033 113 25 discount
869 4033 60 29 rate,
949 4031 46 26 has
1006 4031 76 33 again
1093 4030 93 26 caused

646 4080 34 18 an
691 4071 126 28 all-round
827 4070 46 27 fall
889 4071 27 25 m
926 4071 92 26 stocks.
1053 4070 133 32 Imperials

646 4111 108 32 dropped
764 4119 16 16 a
798 4110 56 25 half
863 4118 44 18 per
926 4111 66 23 cent;
1004 4109 51 25 and
1067 4109 43 25 the
1121 4111 65 22 next

646 4154 100 20 nearest
767 4148 57 25 falls
835 4156 43 17 are
897 4149 56 23 85s.
976 4148 28 24 m
1025 4146 160 31 Queensland

646 4187 50 26 and
722 4186 144 30 Tasmania,
890 4186 50 25 and
963 4185 28 25 of
1005 4187 54 23 80a.
1079 4184 27 26 m
1123 4184 62 26 New

647 4226 112 26 Zealand
767 4227 16 24 4
795 4234 44 25 per
850 4227 66 25 cent.

1303 187 403 28 CORRESPONDENCE.

1239 239 68 21 While
1316 245 38 15 our
1361 241 90 19 columns
1463 245 37 15 are
1516 246 51 20 open
1577 244 21 17 to
1606 241 39 24 all,
1659 246 30 15 vie
1698 241 26 20 do
1738 247 20 14 no

1200 273 1 17 5
1263 276 91 26 identify
1372 277 100 20 ourselves
1488 277 52 20 with
1559 278 94 25 opinions
1669 284 89 19 expresses

1199 311 2 16 '■
1263 314 87 23 therein:

1270 352 35 24 To
1316 353 38 24 the
1371 353 88 24 Editor
1479 354 33 30 of
1527 353 37 24 the
1587 354 148 25 'Observer.'

1270 407 51 26 MR
1338 406 116 27 REECE
1479 408 44 25 AT
1548 408 72 25 THE
1639 408 97 25 TOWN

1448 441 104 25 HALL.

1236 516 41 25 Sir

1265 561 42 24 Mr
1334 561 101 26 Recce's
1463 562 90 32 speech
1581 571 32 16 on
1655 563 103 32 Tuesdaj

1231 604 104 32 evening
1357 612 48 17 was
1427 605 52 32 just
1507 613 15 18 a
1539 606 131 31 repetition
1693 606 28 26 of
1729 606 29 25 his

1234 646 130 33 Amberley
1382 655 56 21 one,
1456 648 80 25 which
1555 648 47 25 has
1611 649 103 32 already
1725 657 33 24 ap-

1229 689 89 32 peared
1339 689 27 25 m
1378 690 44 25 the
1443 689 82 31 Press,
1543 691 51 26 and
1616 699 104 25 appears
1740 693 18 24 tc

1229 732 62 27 have
1313 733 71 27 been-
1399 734 97 33 mainly
1517 735 112 33 inspired
1656 729 102 39 by.Jn.at

1227 780 67 21 most
1305 778 170 25 conservative
1486 778 108 32 journal,
1618 780 87 24 indeed
1717 788 41 24 any

1227 822 118 24 constant
1352 844 5 6 ,
1363 821 86 25 reader
1460 821 27 25 of
1503 822 45 25 the
1566 830 76 25 paper
1653 824 26 24 m
1695 832 63 23 ques-

1227 863 54 26 tion
1292 863 72 27 could
1370 865 85 32 easily
1464 865 82 26 detect
1555 865 67 34 tbai,
1623 867 42 25 the
1676 867 82 33 speech

1226 907 66 31 right
1303 908 110 32 through
1435 917 52 17 was
1498 910 74 25 made
1594 919 34 23 up
1648 910 61 26 with
1722 919 36 17 ex-

1225 952 107 24 extracts
1339 968 6 12 v
1361 951 65 26 from
1453 952 119 31 Leaders,
1591 953 51 25 and
1649 954 109 31 j.Lett«rs

1224 994 64 25 from
1300 995 55 25 that
1367 997 68 25 most
1442 996 152 33 respectable
1608 997 110 33 journal.

1246 1037 66 28 .The
1335 1039 57 31 only
1421 1042 119 30 attempts
1568 1043 27 23 at
1620 1042 138 32 originality

1223 1088 64 17 were
1307 1082 132 25 contained
1456 1083 28 24 m
1504 1083 44 26 the
1573 1084 127 31 preamble
1713 1084 45 26 and

1223 1123 44 24 the
1278 1124 133 31 grandioso
1421 1125 141 32 peroration
1571 1126 81 26 which
1663 1127 95 26 elicited

1223 1166 61 26 both
1295 1168 97 32 lingual
1412 1169 50 26 and
1473 1169 72 33 pedal
1566 1170 120 33 applause
1697 1172 61 25 from

1222 1210 43 26 the
1277 1211 119 27 brainless
1415 1214 97 32 portion
1526 1215 26 25 of
1571 1215 44 25 the
1627 1215 130 26 audience.

1222 1254 55 28 The
1288 1255 137 27 Chairman
1446 1257 188 34 unfortunately
1651 1258 62 27 both
1724 1260 34 25 for

1222 1299 39 24 his
1272 1308 54 16 own
1344 1301 78 25 credit
1445 1302 50 25 and
1515 1302 58 26 that
1583 1303 28 25 of
1631 1303 38 26 his
1696 1305 62 25 Can-

1221 1342 82 26 didate
1314 1344 102 25 evinced
1440 1345 41 25 his
1501 1347 88 31 strong
1602 1347 156 31 predilietion

1223 1386 38 25 for
1271 1389 167 26 conservative
1449 1389 52 26 and
1521 1392 113 30 squatter
1645 1391 113 32 proclivi-

1221 1429 56 32 ties,
1295 1430 33 33 by
1347 1433 161 32 announcing
1526 1434 57 25 that
1601 1443 48 23 any
1670 1436 88 25 elector

1221 1474 98 25 outside
1329 1475 45 25 the
1394 1475 92 33 Ashley
1497 1476 107 27 District
1621 1478 84 26 would
1716 1481 42 23 not

1221 1516 31 27 be
1260 1517 132 32 permitted
1401 1521 26 23 to
1440 1520 114 32 question
1565 1521 44 25 the
1618 1521 140 31 candidate,

1221 1561 122 33 evidently
1356 1563 97 32 fearing
1464 1564 42 25 the
1522 1564 121 26 criticism
1654 1566 28 25 of
1692 1574 66 17 some

1220 1604 29 24 of
1274 1605 41 24 the
1355 1606 123 25 members
1517 1606 28 26 of
1563 1609 62 24 'the
1661 1609 97 25 Liberal

1220 1646 156 27 Association
1387 1656 34 17 on
1432 1648 51 26 this
1495 1650 54 25 side
1568 1651 28 25 of
1604 1651 42 25 the
1665 1651 59 27 line.

1255 1690 45 26 We
1319 1690 64 27 have
1394 1699 33 18 no
1439 1692 63 26 wish
1520 1696 27 23 to
1557 1702 93 25 appear
1662 1703 96 25 ungen-

1220 1742 73 18 erous
1303 1743 29 17 as
1343 1743 35 18 we
1398 1735 93 28 believe
1503 1737 41 26 Mr
1563 1738 81 26 Recce
1655 1741 27 24 to
1700 1740 32 25 be
1743 1748 15 17 a

1219 1787 16 17 a
1245 1780 140 31 gentleman
1397 1780 28 26 of
1440 1782 64 31 good
1515 1770 243 55 pal:t|^^^essingi

1221 1829 70 18 some
1301 1822 151 35 refinen^ent
1470 1825 50 26 and
1520 1834 37 17 v.a
1568 1820 152 44 #fecla)in
1732 1830 26 25 to

1218 1867 110 31 political
1348 1867 161 35 knowledge.;,
1529 1870 46 27 but
1595 1871 163 39 ia^pushing^

1218 1907 42 29 Ms
1270 1911 160 27 candidature
1446 1912 40 26 h'&
1500 1914 55 25 has'
1566 1913 191 35 been*very-tib-

1218 1954 125 26 fortunate
1362 1956 28 26 m
1408 1956 124 34 .'electing
1550 1967 15 16 a
1583 1958 137 33 Chairman
1731 1961 27 25 at

1218 1998 43 25 the
1281 1998 137 33 beginning
1439 2000 29 25 of
1483 2000 38 26 his
1544 2003 138 31 campaign,
1701 2003 56 26 who
1757 2014 2 6 ■

1218 2040 47 25 has
1275 2042 107 32 stooped
1387 2045 28 23 to
1426 2052 15 15 a
1459 2046 96 30 system
1566 2045 26 26 of
1596 2064 5 4 ,
1612 2046 58 31 gag'
1676 2045 81 26 which

1217 2092 51 17 was
1281 2093 27 17 so
1319 2087 142 33 constantly
1472 2088 108 32 adopted
1590 2089 33 32 by
1644 2090 42 28 tlie
1698 2098 58 18 con-

1218 2128 134 26 servatives
1362 2130 26 25 of
1400 2130 49 31 old,
1463 2132 49 25 and
1524 2132 32 34 by
1567 2134 82 26 which
1660 2144 96 23 means,

1218 2179 69 19 more
1298 2173 63 26 than
1373 2173 31 33 by
1422 2183 50 25 any
1483 2177 81 31 other,
1582 2179 60 33 they
1647 2180 70 26 .have
1729 2189 28 18 so

1218 2215 140 34 frequently
1390 2220 106 32 brought
1524 2222 151 27 themselves
1703 2225 53 25 into

1217 2260 132 33 disrepute.

1253 2300 45 26 We
1308 2301 65 27 have
1390 2311 16 17 a
1416 2303 77 34 lively
1503 2306 160 27 recollection
1676 2308 28 25 of
1712 2309 45 25 the

1217 2351 148 19 occurrence
1376 2346 29 25 of
1415 2347 40 25 the
1467 2356 70 17 same
1549 2348 61 26 kind
1620 2350 29 25 of
1667 2352 90 28 tactics

1217 2387 91 33 during
1328 2389 39 24 Mr
1378 2389 113 28 Brown's
1502 2392 160 29 candidature
1684 2395 72 26 when

1218 2431 115 33 anybody
1353 2433 57 25 who
1430 2434 43 25 did
1490 2438 46 22 not
1556 2445 54 17 own
1631 2439 27 24 at
1668 2439 63 25 least
1742 2448 14 16 a

1219 2474 33 25 20
1268 2483 58 17 acre
1345 2476 44 36 lot,
1409 2486 46 16 was
1474 2478 142 28 threatened
1636 2481 62 26 with
1716 2483 40 24 the

1218 2517 78 31 police
1308 2518 21 24 if
1338 2518 32 25 he
1382 2519 78 26 dared
1480 2524 25 22 to
1516 2524 56 30 give
1583 2526 61 23 vent
1669 2527 27 23 to
1715 2525 41 26 his

1218 2560 108 33 political
1350 2563 158 28 sentiments.
1561 2566 48 27 Old
1629 2568 126 28 identities

1218 2606 49 25 will
1296 2608 136 26 remember
1460 2609 43 27 the
1531 2612 124 33 principal
1682 2617 74 23 event

1218 2649 80 26 which
1315 2651 58 25 took
1385 2652 68 33 place
1465 2657 26 23 at
1503 2654 44 26 the
1558 2656 42 25 old
1615 2657 55 25 drill
1683 2658 71 31 shed,

1218 2698 26 20 at
1267 2695 80 25 which
1370 2697 40 24 Mr
1439 2698 139 27 Woodfield
1608 2701 95 32 figured
1726 2711 30 16 as

1218 2736 136 27 Chairman
1377 2739 51 25 and
1450 2740 41 25 Mr
1519 2742 107 26 Sladden
1646 2752 29 18 as
1696 2746 60 24 Dic-

1218 2782 73 23 tator.
1337 2781 85 27 Times
1437 2792 43 17 are
1491 2784 113 35 changed
1622 2795 64 24 now,
1705 2790 51 25 and

1218 2824 43 25 the
1274 2833 90 18 wearer
1374 2827 27 25 of
1411 2827 121 28 moleskin
1545 2829 47 28 has
1598 2834 44 30 got
1653 2841 28 18 as
1691 2834 65 32 good

1218 2876 16 18 a
1249 2877 44 24 say
1302 2869 24 25 m
1347 2871 42 25 the
1413 2874 90 25 matter
1520 2883 28 16 as
1564 2875 43 26 the
1627 2885 68 18 more
1707 2879 48 25 for-

1218 2914 86 25 tunate
1323 2913 99 28 elector.

1251 2957 35 25 As
1297 2965 16 17 a
1333 2958 135 26 Candidate
1480 2961 38 24 for
1535 2970 50 24 any
1596 2963 72 25 other
1686 2965 68 25 Dist-

1217 2999 47 25 rict
1272 3000 14 25 I
1296 3000 65 26 have
1380 3009 34 19 no
1425 3003 125 32 objection
1569 3008 26 23 to
1616 3007 41 25 Mr
1668 3008 86 30 Recce,

1218 3043 103 26 because
1342 3045 33 26 he
1397 3047 83 26 would
1500 3048 31 26 do
1554 3050 78 26 credit
1655 3054 26 23 to
1707 3061 49 24 any

1217 3088 173 34 constituency
1400 3090 56 26 who
1472 3099 42 18 are
1533 3092 28 26 m
1582 3097 67 23 want
1668 3095 28 26 of
1713 3096 41 25 his

1218 3132 112 31 services,
1355 3132 52 32 but,
1442 3142 38 18 we
1502 3137 63 25 have
1577 3136 62 27 been
1660 3147 28 18 so
1700 3140 58 26 welt

1218 3177 84 24 served
1323 3176 34 34 by;
1366 3177 52 31 (the
1425 3179 45 28 ,old
1488 3180 125 28 Members
1624 3182 29 26 o£
1662 3182 96 34 Ashley^

1216 3221 50 24 and
1277 3221 113 33 Kaiapoi,
1403 3222 57 26 that
1472 3231 32 18 no
1515 3224 98 33 change
1623 3227 22 24 is
1662 3228 94 25 needed

1216 3271 29 17 or
1255 3263 95 26 desired
1362 3264 33 33 by
1414 3266 42 26 the
1468 3266 61 26 bulk
1549 3269 29 24 of
1588 3269 44 25 the
1643 3270 111 31 electors,

1216 3308 49 23 and
1278 3308 14 24 I
1300 3316 75 24 guess
1387 3311 41 24 the
1445 3311 58 33 only
1515 3312 73 26 effect
1604 3313 26 26 of
1641 3315 44 25 the
1696 3323 58 18 con-

1217 3353 63 23 trast
1299 3352 52 26 will
1363 3353 29 25 to
1404 3355 127 34 .to^ke
1548 3356 77 28 them,
1637 3353 118 40 |hin&all

1216 3394 42 25 the
1275 3395 107 31 brighter
1667 3398 7 15 :
1714 3419 3 6 ,

1416 3482 14 24 I
1447 3491 42 17 am
1506 3485 52 29 (fee,

1513 3544 171 29 ELECTOR.
1726 3574 24 6 _

1282 3623 51 27 MR
1344 3624 119 27 REECE
1477 3626 46 25 AT
1536 3627 150 24 OXFORD.

1216 3657 42 26 Sir
1342 3680 1 1 .
1425 3662 1 2 ■
1522 3661 6 18 :
1544 3663 3 4 -
1667 3666 10 3 -
1691 3657 20 37 f
1728 3665 14 11 -

1248 3689 32 26 In
1291 3690 45 28 his.
1349 3691 101 26 address
1467 3695 27 22 at
1512 3693 44 24 the
1575 3694 64 25 East
1658 3693 92 28 Oxford

1213 3733 79 25 Town
1312 3733 61 26 Hall
1385 3734 40 25 Mr
1527 3735 74 27 failed
1612 3739 27 24 to
1650 3739 56 32 give
1722 3747 31 18 us

1214 3785 15 17 a
1239 3777 91 33 policy.
1366 3778 68 26 With
1445 3779 124 27 reference
1580 3786 27 21 to
1625 3782 45 26 the
1682 3783 69 27 abol-

1214 3821 63 25 ition
1288 3822 28 24 of
1325 3822 43 25 the
1391 3822 86 33 Upper
1488 3824 84 26 House
1592 3825 32 25 he
1636 3827 55 25 said
1708 3836 44 17 no-

1214 3865 81 30 thing,
1307 3865 21 24 it
1337 3865 76 32 being
1423 3868 42 23 too
1475 3867 102 25 Liberal
1596 3877 16 16 a
1627 3877 124 18 measure.

1215 3907 65 33 Why
1290 3916 104 25 propose
1406 3909 40 25 Mr
1458 3909 79 26 Recce
1555 3911 54 33 (the
1631 3912 121 28 National

1215 3952 153 26 Association
1381 3954 71 33 mau)
1463 3963 28 16 as
1502 3963 16 16 a
1525 3955 140 32 candidate,
1678 3958 74 26 when

1214 3996 41 24 Mr
1270 3996 122 28 Meredith
1415 3998 47 24 has
1484 3997 74 32 given
1580 4007 73 25 every
1676 4003 74 24 satis-

1213 4039 94 26 faction
1316 4048 28 17 as
1355 4048 16 17 a
1382 4040 113 27 Member
1504 4043 12 23 ?

1413 4113 15 25 I
1444 4121 42 17 am
1504 4115 51 29 &c,
1621 4135 3 6 ,

1513 4177 131 28 Farmer.*

1814 192 153 25 BRYAN'S
1984 193 131 25 SILVER
2130 194 196 27 PLATFORM.

1765 244 10 17 *
1994 254 55 26 (The
2060 244 85 42 jpeopJc.

1836 297 41 26 Mr
1888 297 92 33 Bryan,
2005 297 43 26 the
2070 298 164 27 Presidential
2254 301 78 25 candi-

1801 342 64 28 date,
1890 341 59 25 thus
1973 342 110 32 explains
2105 342 37 26 his
2161 351 92 26 money
2274 344 58 33 plat-

1801 386 60 26 form
1869 400 33 5 —
1999 386 77 26 suffer
2102 388 66 26 from
2196 397 16 17 a
2239 388 93 27 disease

1800 429 79 26 which
1900 429 23 25 is
1951 429 83 26 world-
2038 429 62 27 wide
2127 431 26 26 m
2181 433 34 25 its
2243 434 89 28 extent,

1799 473 108 32 namely,
1920 473 43 24 the
1971 475 165 30 appreciation
2144 476 26 25 of
2179 476 66 32 gold.
2258 477 74 25 There

1798 516 22 25 is
1844 516 44 25 but
1902 523 47 18 one
1961 517 106 32 remedy,
2088 519 43 25 the
2150 520 149 26 restoration
2311 520 21 26 of

1765 571 5 20 j
1798 559 90 30 silver;
1906 559 52 25 and
1977 560 44 25 the
2044 561 86 33 longer
2140 571 36 17 we
2199 563 72 32 delay
2292 564 40 25 the

1765 615 3 16 3
1796 605 97 30 greater
1904 603 52 26 will
1979 603 30 26 be
2032 605 42 25 the
2097 605 121 34 difficulty
2240 608 26 24 of
2291 615 41 25 ap-

1765 662 2 6 .
1795 647 88 33 plying
1899 647 29 24 it.
1965 647 82 26 When
2070 648 42 25 the
2134 649 91 26 United
2239 650 93 30 States,

1765 700 2 16 >
1796 688 106 27 without
1912 690 119 32 awaiting
2048 691 44 26 the
2103 691 42 25 aid
2156 700 28 18 or
2192 695 105 24 consent
2308 694 24 26 of

1765 740 2 20 t
1794 742 50 25 any
1855 734 73 26 other
1939 735 93 32 nation,
2055 744 76 25 opens
2151 737 34 26 its
2203 739 79 25 mints
2306 742 26 23 to

1765 788 1 5 •
1767 800 8 10 v
1794 777 44 25 the
1848 777 50 26 free
1909 779 51 23 and
1970 779 134 26 unlimited
2123 781 102 33 coinage
2236 782 28 25 of
2272 782 60 32 gold

1765 826 1 16 :
1792 821 51 24 and
1859 821 74 25 silver
1942 823 26 23 at
1987 821 45 26 the
2042 825 102 29 present
2154 824 66 33 legal
2231 825 64 25 ratio
2307 826 25 25 of

1765 876 3 15 i.
1789 864 100 28 isixteen
1909 866 26 24 to
1953 873 57 24 one,
2032 867 21 25 it
2072 868 51 25 will
2140 868 73 33 bring
2224 870 71 26 relief
2304 873 27 23 to

1792 909 33 25 its
1836 909 87 32 people
1934 909 51 25 and
1996 910 51 24 will
2057 910 55 26 lead
2125 912 41 25 the
2178 920 54 24 way
2243 916 27 22 to
2287 914 43 24 the

1764 962 2 15 i
1790 951 149 26 'reatoratiou
1951 946 207 33 ofbi-metallism
2176 955 154 33 throughout-

1791 996 42 25 the
1844 995 84 27 world.
1963 996 26 27 It
2000 997 53 26 will
2064 998 62 26 then
2138 999 28 25 be
2173 1002 120 31 prepared
2304 1003 25 24 to

1790 1040 93 31 perfect
1894 1040 34 25 its
1938 1040 120 26 financial
2069 1046 95 28 system
2175 1043 34 32 by
2217 1044 112 25 furnish-

1790 1082 44 32 ing
1845 1092 15 16 a
1871 1091 73 24 paper
1955 1092 91 21 money
2057 1085 111 26 invested
2187 1087 64 24 with
2261 1087 66 32 legal

1790 1125 86 26 tender
1895 1126 117 32 qualities
2035 1128 49 25 and
2102 1129 124 27 sufficient
2236 1130 28 26 m
2276 1132 52 25 vol-

1789 1177 59 18 ume
1865 1172 27 24 to
1904 1172 87 31 supply
2003 1171 43 27 the
2057 1174 76 25 needs
2145 1174 28 25 of
2179 1183 146 19 commerce.

1789 1213 38 26 Its
1837 1222 77 25 paper
1938 1223 88 25 money
2043 1217 51 25 will
2116 1220 45 24 not
2185 1219 30 26 be
2238 1221 88 25 loaned

1789 1257 59 26 then
1860 1260 26 23 to
1898 1258 142 32 favourites,
2053 1261 46 25 but
2110 1262 50 25 will
2169 1262 31 26 be
2212 1264 57 31 paid
2281 1268 43 23 oat

1787 1301 28 24 m
1825 1301 43 25 the
1879 1310 121 24 expenses
2011 1304 29 25 of
2048 1309 172 27 government,
2232 1316 27 16 so
2271 1308 55 26 that

1787 1344 35 26 all
1833 1352 59 25 may
1903 1346 93 26 receive
2007 1347 41 25 the
2060 1348 103 26 benefits
2174 1350 27 26 m
2213 1350 112 27 decreas-

1787 1388 32 26 ed

1787 1543 110 61 LOCA
1902 1545 43 59 L
1945 1545 87 59 an
2043 1546 34 59 d
2077 1546 244 59 GENERAL

2002 1614 11 8 ■'••
2051 1618 3 4 •
2116 1623 2 3 .
2127 1625 2 2 .
2214 1621 19 7 i■
2243 1616 16 10 s\
2279 1628 2 1 .
2301 1615 4 12 :
2331 1618 2 17 j

1820 1648 104 29 Ashler
1953 1649 244 30 Electorate.^-As
2221 1649 52 30 will
2293 1653 30 26 be

1786 1695 60 20 ?een
1849 1691 2 13 :
1868 1688 33 33 by
1920 1689 192 28 advertisement
2140 1691 42 27 Mr
2201 1693 123 27 Meredith

1786 1729 52 33 yvill
1848 1729 105 27 address
1968 1731 45 26 the
2030 1732 104 27 electors
2154 1736 27 23 at
2199 1734 43 26 the
2246 1730 15 31 '
2261 1730 64 31 East

1786 1769 95 27 Oxford
1899 1769 77 27 Town
2074 1771 64 38 |this
2138 1796 3 5 ;
2160 1773 114 32 evening,
2298 1777 26 22 at

1786 1798 99 65 j*.|.m.
1948 1805 132 48 y'":
2083 1814 4 4 '
2110 1806 28 9 "'
2174 1804 23 47 '";

1784 1879 15 33 |
1818 1875 113 26 Liberal
1965 1877 171 28 Association.
2139 1894 33 4 —
2173 1879 21 25 A
2228 1881 95 33 largely

1785 1916 118 25 attended
1914 1916 227 31 andienthusias.tic
2153 1920 108 33 meeting
2272 1929 52 18 was

1785 1951 151 33 tjeld'at'tbe
1944 1952 107 36 Library
2061 1964 33 18 on
2107 1956 132 34 Thursday
2249 1967 73 17 even-

1784 1992 53 31 ing,
1854 1992 51 25 and
1921 2001 25 17 a.
1956 2001 156 25 programme
2133 1996 121 26 ofaction
2265 1997 57 25 dur-

1774 2056 2 3 .
1783 2031 45 32 ing
1861 2032 44 25 the
1927 2032 171 34 forthccming
2125 2036 133 31 campaign
2275 2046 48 16 was

1784 2069 89 32 agrted
1885 2077 74 25 upon.
1995 2070 67 34 Very
2073 2072 142 27 favourable
2226 2077 97 29 reports

1784 2117 62 17 were
1856 2110 111 26 received
1985 2110 65 27 from
2062 2112 44 26 the
2126 2112 116 33 outlying
2261 2114 61 26 dist-

1783 2147 59 27 ricts
1860 2149 28 26 of
1903 2149 110 33 Ashley.
2018 2150 51 26 and
2091 2150 113 35 Kajapqi,
2223 2154 100 32 leaving

1783 2189 66 26 little
1857 2189 77 26 doubt
1946 2190 79 27 about
2032 2190 43 27 the
2087 2193 86 24 return
2185 2193 27 25 of
2211 2190 3 11 1
2221 2193 44 25 the
2281 2194 41 26 old

1783 2229 127 26 Members
1920 2230 28 26 m
1958 2230 63 27 both
2032 2230 127 27 Districts.
2285 2240 4 17 i

1790 2302 5 15 3
1817 2290 44 26 Mb
1879 2291 87 25 Rbece
1981 2300 32 17 at
2034 2293 77 27 West
2133 2294 111 26 Oxford.
2246 2309 33 5 —
2281 2295 41 26 Mr

1781 2334 82 26 Beece
1874 2335 63 26 read
1954 2335 42 28 fcjs
2007 2336 88 34 dreary
2117 2337 102 27 address
2230 2342 27 21 at
2278 2338 44 26 the

1783 2369 157 35 6ddfellow's
1967 2379 71 31 Hall,
2069 2380 72 26 West
2169 2382 96 25 Oxford
2288 2390 34 18 on

1785 2419 158 37 Wednesday
1965 2423 57 26 last.
2069 2424 41 26 Mr
2131 2425 32 25 G.
2186 2426 29 25 A.
2236 2426 86 26 White

1782 2465 117 33 occupied
1910 2465 43 27 the
1961 2467 83 25 Chair.
2080 2468 34 25 At
2124 2468 43 25 the
2179 2470 142 25 conclusion

1783 2509 27 25 of
1828 2509 43 25 the
1882 2510 101 25 address
2003 2511 41 24 Mr
2063 2511 81 26 Recce
2166 2514 128 24 answered
2306 2523 16 15 a

1782 2552 105 27 number
1898 2553 28 26 of
1934 2554 129 33 questions
2074 2554 28 26 m
2114 2563 15 17 a
2148 2563 70 19 more
2229 2564 28 18 or
2268 2556 53 28 leas

1783 2598 154 33 satisfactory
1981 2607 114 18 manner.
2125 2600 147 27 Resolution
2273 2616 32 5 —
2306 2610 15 17 a

1784 2644 55 23 vote
1869 2642 28 25 of
1914 2642 94 26 thanks
2030 2643 50 25 and
2098 2644 143 26 confidence
2270 2653 51 18 was

1783 2686 119 32 proposed
1921 2687 49 24 and
1994 2687 130 29 seconded,
2154 2689 50 24 and
2224 2697 34 17 an
2269 2697 52 17 am-

1782 2729 121 26 endment
1917 2730 39 24 for
1979 2730 85 26 thanks
2089 2731 69 32 only.
2204 2731 84 27 About
2305 2740 16 17 a

1782 2773 78 26 dozen
1871 2773 80 25 hands
1970 2781 63 18 were
2057 2774 59 25 held
2139 2782 34 25 up
2192 2777 39 23 for
2251 2775 70 30 each,

1783 2817 45 26 but
1839 2817 44 26 the
1894 2817 137 26 Chairman
2042 2818 101 27 decided
2155 2819 56 26 that
2223 2827 16 19 a
2258 2820 62 32 maj-

1782 2862 66 33 ority
1865 2862 28 26 of
1901 2862 72 26 three
1981 2871 28 17 or
2023 2863 57 25 four
2091 2871 51 18 was
2159 2864 27 24 m
2198 2864 86 26 favour
2296 2866 25 24 ot

1783 2905 43 26 the
1843 2906 145 26 resolution.

1816 2979 106 24 Ashley
1938 2977 176 26 Electorate.
2116 2992 33 5 —
2150 2977 41 26 Mr
2201 2979 120 25 Meredith

1782 3017 52 26 will
1845 3018 102 25 address
1966 3019 40 24 the
2017 3018 103 25 electors
2139 3021 27 22 at
2187 3018 68 26 View
2267 3019 53 25 Hill

1781 3064 33 17 on
1827 3056 109 33 Monday
1959 3056 58 25 2nd.
2040 3057 149 31 November,
2219 3057 49 26 and
2293 3060 28 23 at

1785 3099 149 27 Woodstock
1943 3099 50 26 and
2002 3099 131 27 Woodside
2144 3099 115 34 Tuesday
2267 3100 52 26 3rd.

1783 3144 67 25 Nov.
1885 3144 124 34 Meetings
2032 3151 141 19 commence
2192 3147 27 23 at
2231 3146 15 24 8
2258 3152 62 26 p.nr

1781 3190 89 30 except
1880 3192 28 22 at
1931 3189 44 26 the
1987 3189 152 26 schoolroom
2162 3188 159 29 Woodstock,

1781 3231 91 26 which.
1875 3240 157 23 commences
2044 3235 27 22 at
2082 3234 25 23 8.
2119 3234 41 23 30.
2169 3241 60 23 p.m.

1816 3292 101 26 Kaiapoi
1950 3292 174 26 Electorate.
2126 3307 33 5 —
2160 3293 41 25 Mr
2234 3293 88 26 Buddo

1781 3330 52 26 will
1844 3330 108 27 address:
1967 3330 42 27 the
2025 3331 102 28 electors
2147 3335 27 21 at
2195 3332 127 33 Rangiofa

1781 3376 34 18 on
1830 3369 120 32 Monday,
1967 3370 51 24 and
2037 3371 28 23 at
2086 3369 89 26 Ohoka
2187 3378 33 17 on
2237 3370 82 26 Tues-

1781 3417 56 32 day.
1873 3417 40 26 He
1930 3420 101 30 expects
2039 3420 26 23 to
2077 3417 30 26 be
2119 3420 27 23 at
2158 3419 171 26 Oxfordnext-

1782 3462 78 25 week.

1815 3529 86 25 Great
1920 3530 112 26 Sale.—
2032 3530 41 25 Mr
2090 3530 91 26 Brown
2197 3531 23 25 is
2232 3531 90 33 selling

1780 3573 38 24 off
1832 3574 41 24 his
1892 3574 77 24 stock'
1980 3574 27 25 of
2032 3575 70 25 l)oots
2126 3574 49 25 and
2197 3575 75 25 shoes
2294 3578 28 22 at

1780 3624 16 16 a
1812 3617 94 31 greatly
1926 3616 104 26 reduced
2049 3616 77 34 price.

1814 3676 139 28 Salvation
1966 3678 115 24 Abmy.—
2084 3677 45 26 We
2140 3687 41 17 are
2194 3678 127 27 informed

1780 3720 32 31 by
1823 3728 48 16 one
1889 3720 28 24 of
1933 3721 44 23 the
1988 3720 65 25 local
2073 3722 95 24 officers
2187 3722 56 25 that
2265 3724 55 23 £27

1779 3763 46 25 has
1849 3763 60 26 been
1936 3763 118 26 collected
2082 3765 27 24 m
2127 3765 95 26 Oxford
2242 3767 74 26 alone

1779 3807 39 25 for
1828 3807 49 25 self
1885 3807 84 25 denial
1980 3807 77 26 week.
2194 3817 53 17 was
2270 3810 51 25 this

1779 3852 77 22 waste
1866 3850 28 24 of
1911 3850 44 24 the
1974 3851 126 24 ointment
2120 3851 93 25 made?
2216 3866 31 4 —
2247 3852 74 24 Mark

1779 3891 73 27 XIV.
1862 3894 15 23 4
1889 3892 49 26 and

1813 3963 180 26 Influenza.—
1997 3965 64 36 £Jow
2079 3966 52 27 this
2159 3967 122 31 epidemic
2300 3969 22 24 is

1779 4007 132 32 becoming
1920 4007 130 33 prevalent
2058 4016 37 17 we
2107 4009 114 33 strongly
2230 4018 91 18 recom-

1781 4050 72 26 mend
1865 4051 43 26 the
1919 4051 50 26 free
1980 4059 45 19 use
2036 4052 29 26 of
2074 4052 123 33 Platypus
2204 4054 85 26 Brand
2297 4055 29 26 of

1779 4094 156 33 Eucalyptus
1948 4095 126 27 Globulus
2103 4097 113 29 Extract,
2246 4099 75 24 taken

1781 4145 68 24 upon
1871 4146 75 23 sugar
1973 4146 29 17 or
2020 4139 28 24 m
2072 4139 71 25 milk.
2178 4139 56 26 The
2256 4142 67 24 most

1781 4173 115 30 pleasant
1906 4179 54 26 way
1972 4175 26 23 to
2007 4172 58 26 tako
2075 4172 158 34 Eucalyptus
2255 4174 22 25 is
2296 4175 27 25 m

1781 4215 44 26 the
1855 4215 119 34 Platypus
1990 4236 3 6 ,
2002 4215 88 27 Brand
2117 4218 29 25 of
2167 4217 157 34 Eucalyptus

1780 4259 118 33 Jujubes.
1933 4260 71 32 They
2014 4269 45 18 are
2068 4261 27 25 m
2111 4262 63 25 such
2186 4269 16 18 a
2212 4262 112 32 portable

1780 4299 72 30 form,
1863 4300 117 32 pleasant
1992 4302 25 25 to
2029 4302 76 29 taste,
2123 4301 51 26 and
2190 4302 134 32 antiseptic

1781 4337 144 27 stimulant.
2080 4356 3 9 r

1813 4405 114 30 Pearson
1952 4409 113 26 Park.—
2065 4409 112 27 Pearson
2206 4410 67 26 Park
2301 4412 23 25 is

1780 4448 95 33 greatly
1903 4448 129 34 improved
2060 4448 69 28 aihco
2229 4450 97 28 Tennis

1781 4486 79 25 Court
1871 4487 46 25 has
1929 4487 64 29 beep
2006 4488 78 32 made,
2103 4489 84 26 which
2200 4497 53 19 was
2263 4499 61 19 oon-

1781 4526 113 26 -Btruct«d
1905 4527 33 33 by
1950 4526 42 26 Mr
2000 4527 134 32 Davi«B,of
2142 4530 123 39 Oxford,^)

2403 190 36 26 To
2451 199 50 17 the
2514 191 139 25 Electobs.
2654 204 32 5 —
2688 191 25 25 It
2724 199 58 25 may
2799 192 103 25 interest

2368 234 43 25 the
2422 235 104 25 electors
2551 234 28 26 of
2599 234 93 26 Oxford
2715 235 27 26 to
2765 235 69 26 know
2846 235 57 28 that

2368 277 59 31 they
2444 285 47 18 can
2514 277 73 34 study
2609 284 119 26 economy
2752 277 33 34 by
2808 277 95 34 buying

2367 319 66 26 their
2451 320 112 34 Drapery
2582 321 51 26 and
2645 320 121 34 Clothing
2777 324 27 24 at
2816 322 31 26 R.
2865 322 36 26 H.

2366 364 119 31 Parish's,
2497 366 69 33 High
2580 366 89 31 Street,
2683 366 80 26 where
2778 367 60 33 they
2848 367 52 27 will

2366 411 41 30 get
2419 409 117 26 Trousers
2547 411 63 25 from
2632 412 36 24 Gs.
2686 418 44 25 per
2749 410 54 32 pair
2812 417 10 24 ;
2838 411 62 26 Col-

2365 453 68 25 onial
2444 453 89 26 Tweed
2545 454 70 25 Suits
2626 454 62 25 from
2702 455 44 24 25s
2751 456 54 23 also
2817 455 82 32 splen-

2338 488 1 40 \
2364 496 43 25 did
2423 497 73 24 value
2512 497 28 25 m
2552 497 76 34 Boy's
2648 498 111 24 Knicker
2772 498 69 26 Suits
2860 500 37 29 ss,

2397 562 54 26 The
2465 565 110 25 Waikato
2595 565 76 24 Times
2690 564 80 26 learns
2790 572 34 17 on
2835 564 64 33 good

2362 606 126 32 authority
2507 607 57 25 that
2581 615 16 17 a
2617 607 168 26 considerable
2803 608 96 32 change

2361 648 47 26 has
2418 657 72 17 come
2501 657 58 18 over
2570 651 44 24 the
2625 651 112 31 political
2748 650 116 32 opinions
2874 651 28 24 of

2362 692 43 25 the
2424 692 105 27 farmers
2540 693 27 25 m
2590 701 77 19 some,
2678 693 28 26 of
2714 719 3 5 ,
2723 694 43 25 the
2784 694 114 34 outlying

2360 736 119 31 districts,
2492 745 74 23 many
2577 738 26 25 of
2613 738 73 25 them
2696 738 96 32 having
2801 738 94 33 plainly

2359 780 126 26 indicated
2507 781 64 25 their
2587 781 126 25 intention
2735 783 27 24 to
2784 784 57 23 vote
2859 782 39 27 for

2360 823 44 27 the
2415 823 172 26 Governmnnt
2599 823 138 28 candidate.
2772 825 54 26 The
2845 826 51 32 leg-

2358 867 101 27 islation
2471 869 27 24 of
2507 868 44 25 the
2562 870 101 30 present
2684 869 172 26 Government
2866 870 28 25 m

2359 911 44 25 the
2413 912 120 24 direction
2545 912 28 24 of
2582 912 44 24 the
2637 912 108 31 farming
2760 913 103 24 interest
2873 914 23 24 is

2359 954 94 33 telling.
2550 959 4 21 :
2580 964 35 14 ■■■:•:.
2620 965 40 13 .;;••■
2688 959 9 17 \
2702 973 16 12 K

2375 1091 127 25 SCRAPS
2522 1091 96 25 FROM
2642 1093 73 23 THE
2729 1093 146 24 PEOPLE.

2390 1157 62 26 Half
2462 1157 151 33 Wellington
2624 1157 23 26 is
2820 1159 73 33 judg-

2354 1196 44 34 ing
2408 1196 33 33 by
2451 1197 103 25 notices.
2596 1197 27 26 Is
2634 1197 21 26 it
2666 1198 126 25 unearned
2812 1199 80 25 incre-

2355 1239 71 22 ment
2436 1237 112 24 taxation
2559 1235 79 26 ahead
2648 1238 10 24 ?

2388 1274 55 26 The
2467 1274 111 25 Premier
2599 1278 47 28 pat
2673 1276 27 24 m
2723 1284 15 16 a
2761 1277 33 23 24
2816 1276 75 25 hour?

2354 1322 90 18 snooze
2466 1314 64 25 after
2549 1315 43 25 the
2608 1315 99 25 curtain
2727 1315 43 25 fell
2787 1324 32 16 on
2831 1316 61 25 Par-

2354 1353 113 27 liament.

2388 1392 95 33 George
2512 1392 160 26 Hutchinson
2704 1392 47 28 has
2779 1397 44 24 not
2850 1397 43 32 yet

2354 1431 76 26 taken
2442 1439 34 24 up
2493 1431 128 26 Watson's
2641 1426 139 38 challenge.

2387 1469 55 26 The
2454 1470 109 25 General
2573 1470 122 32 Manager
2702 1470 26 25 oi
2737 1470 56 27 that
2805 1472 89 33 sturdy;

2354 1512 98 32 beggar,
2488 1510 43 26 the
2556 1510 117 30 Midland.
2693 1511 120 34 Railway,
2843 1514 47 25 has

2349 1551 90 29 .drawn
2459 1552 116 28 £96,000
2596 1551 92 33 during
2709 1552 44 25 the
2764 1554 44 24 ten
2818 1561 72 25 years

2353 1591 28 26 of
2390 1591 42 26 the
2444 1591 150 28 Company's
2615 1592 130 25 existence.
2754 1611 7 8 

2387 1630 80 27 Could
2478 1631 43 25 the
2534 1631 169 26 Government
2711 1631 65 27 have
2784 1633 33 25 its
2829 1633 61 25 time

2353 1678 58 18 over
2421 1671 82 31 again,
2511 1671 21 24 it
2543 1670 80 26 would
2634 1672 44 24 not
2685 1672 73 25 touch
2766 1672 44 25 the
2817 1672 73 26 Bank

2344 1718 3 24 !
2352 1712 27 25 of
2390 1711 59 26 New
2460 1711 124 31 Zealand.,
2591 1711 60 26 with
2663 1737 2 6 ,
2673 1719 15 18 a
2705 1712 189 33 .long-handled'

2353 1760 13 17 S
2366 1751 9 14 l
2372 1752 76 25 iOVel.
2481 1777 13 3 ..
2602 1761 73 23 ',■;■.•
2725 1771 17 14 •>>
2752 1769 35 17 .;;;;.
2798 1770 3 5 •
2832 1766 9 16 ,-
2867 1771 15 13 ;r
2890 1774 7 7 •-

2386 1791 54 24 The
2451 1790 80 32 Bight
2554 1790 94 25 Hours*
2671 1791 151 31 processions
2846 1799 43 18 are

2354 1830 104 32 tending
2469 1832 42 24 too
2521 1831 77 26 much
2610 1833 33 25 ,to
2654 1831 102 26 become
2768 1831 120 27 advertis-

2352 1869 46 32 ing
2409 1870 133 25 mediums.

2387 1911 79 25 There
2478 1905 59 30 wilt
2547 1910 31 25 be
2596 1911 33 26 27
2649 1911 144 26 candidates
2804 1911 84 26 stand-

2352 1952 45 33 ing
2408 1952 38 25 for
2457 1952 127 25 Dunedin.

2386 1993 54 25 The
2456 1992 167 25 Referendum
2647 1992 24 25 is
2690 1992 45 25 the
2761 1992 54 25 best
2834 2001 54 23 pre-

2352 2031 116 33 scription
2480 2032 27 24 to
2519 2031 29 25 be
2559 2031 85 24 mixed
2662 2031 38 24 for
2712 2031 42 25 the
2766 2031 89 25 Lords.

2351 2176 72 26 THE
2441 2176 166 26 INSANITY
2625 2176 46 26 OF
2690 2176 197 27 PROPHESY.

2384 2263 23 26 A
2429 2263 132 34 Kentucky
2584 2263 81 27 editor
2692 2264 23 26 is
2738 2265 151 32 extensively

2350 2308 92 32 quoted
2453 2316 28 17 as
2500 2307 97 26 follows
2615 2308 128 32 regarding
2760 2316 70 17 some
2850 2316 38 17 re-

2350 2353 58 24 cent
2417 2351 149 33 predictions
2577 2351 34 33 by
2622 2351 43 26 the
2673 2351 215 26 Second.Adrent-

2350 2395 63 26 ists:
2416 2410 32 5 —
2448 2392 86 28 We've
2552 2395 51 26 lost
2620 2396 107 26 interest
2734 2396 102 32 enough
2860 2396 28 26 m

2350 2439 44 26 the
2404 2439 124 32 prophesy
2540 2439 120 25 business.
2688 2439 45 25 We
2753 2441 43 30 got
2807 2439 82 26 fooled

2349 2483 27 24 m
2387 2482 50 25 this
2449 2490 60 22 very
2520 2482 75 31 thing
2616 2490 62 17 once
2697 2483 85 24 before
2793 2490 6 21 ;
2819 2490 69 17 some

2349 2526 78 25 crank
2439 2524 72 26 made
2523 2533 29 16 us
2575 2524 95 26 believe
2681 2525 44 25 the
2747 2525 48 26 end
2806 2525 29 26 of
2843 2526 45 25 the

2350 2570 78 26 world
2439 2578 50 18 was
2500 2570 100 33 coming
2611 2570 27 26 m
2649 2570 136 33 February,
2810 2571 64 25 1881
2880 2589 6 7 .

2350 2615 45 25 We
2412 2615 55 25 sold
2485 2622 46 17 our
2550 2617 122 28 overcoat,
2691 2615 49 24 and
2763 2615 99 33 bought
2874 2624 14 16 a

2349 2655 38 30 lot
2397 2658 28 27 of
2432 2658 58 27 thin
2500 2658 69 27 linen
2582 2659 67 29 stuff,
2663 2659 50 25 and
2724 2658 51 26 had
2785 2659 22 26 it
2814 2660 74 25 made

2350 2711 33 24 up
2394 2704 54 23 into
2467 2702 68 25 what
2557 2702 44 26 the
2611 2702 105 31 prophet
2738 2702 80 26 called-

2349 2746 102 25 cension
2619 2745 46 26 We
2687 2747 46 31 put
2759 2754 33 17 on
2804 2754 48 17 one
2863 2745 28 26 of

2350 2791 69 24 these
2429 2789 81 31 robes,
2533 2789 51 26 and
2595 2789 90 26 looked
2697 2798 74 24 every
2790 2790 99 29 minute

2348 2835 39 25 for
2403 2834 44 26 the
2459 2834 49 26 end
2528 2836 26 24 to
2565 2843 81 21 come,
2670 2834 105 33 jabbing
2794 2843 29 17 us
2834 2835 55 25 into

2349 2879 116 32 eternity.
2500 2878 47 26 We
2558 2886 63 18 even
2639 2878 108 26 climbed
2757 2887 35 24 up
2803 2881 27 24 to
2841 2879 48 26 the

2349 2923 123 31 housetop
2482 2925 28 22 to
2532 2922 31 25 be
2573 2930 87 17 nearer
2671 2923 44 25 the
2727 2923 67 26 skies
2813 2924 75 26 when

2348 2966 21 26 it
2381 2966 43 25 did
2435 2973 79 19 come.
2549 2965 48 27 We
2613 2965 89 27 looked
2721 2966 28 26 m
2768 2966 59 26 vain
2850 2967 39 27 for

2350 3010 43 25 the
2404 3010 57 25 end.
2496 3010 52 25 Oar
2554 3010 157 32 neighbours
2728 3010 111 32 laughed
2861 3013 27 23 at

2349 3062 39 17 us.
2423 3053 47 26 We
2481 3062 63 17 were
2555 3061 33 18 on
2601 3053 72 26 earth
2684 3055 51 30 yet.
2764 3053 48 26 We
2823 3062 66 18 were

2348 3098 67 25 fined
2428 3098 39 26 for
2486 3098 108 32 wearing
2602 3097 61 26 such
2675 3097 94 26 clothes
2789 3099 27 24 m
2827 3098 61 33 day-

2349 3143 61 26 time
2421 3143 24 25 m
2453 3142 92 33 public.
2575 3142 48 26 We
2634 3141 94 34 caught
2739 3151 15 17 a
2765 3142 64 30 cold,
2838 3142 51 26 and

2350 3186 51 26 had.
2411 3195 16 17 a
2438 3195 55 17 case
2510 3186 28 25 of
2545 3186 153 32 pneumonia
2710 3186 80 25 which
2802 3191 54 21 cost
2874 3196 17 16 a

2349 3231 43 31 big
2414 3231 108 24 doctor's
2541 3229 54 26 bill.
2601 3234 28 23 ..■■;
2641 3229 48 30 No,
2707 3230 43 25 Mr
2769 3231 119 31 Prophet,

2350 3271 75 28 we've!
2449 3273 64 26 fijne
2533 3273 57 26 with
2620 3273 45 26 the
2797 3274 27 26 of
2846 3274 43 26 the

2352 3455 126 46 EVENTS
2492 3458 40 43 OF
2553 3440 69 61 THE
2639 3457 131 45 COMING
2780 3459 112 43 WEEK.

2352 3546 155 29 MONDAY,
2551 3546 41 25 Mr
2608 3546 126 26 Meredith
2760 3546 130 26 addresses

2417 3584 44 25 the
2472 3584 105 26 electors
2587 3586 26 24 at
2625 3584 72 26 View
2714 3584 65 26 Hill.

2350 3622 122 33 Tuesday,
2490 3622 106 33 Library
2613 3631 66 24 open
2690 3622 64 27 from
2768 3625 17 22 fi
2803 3624 42 25 15*
2865 3624 28 24 tb

2417 3664 24 24 8.
2453 3669 61 25 p.m.
2566 3662 42 25 Mr
2618 3661 127 29 Meredith
2756 3664 27 23 at
2797 3661 90 26 Wood-

2416 3702 62 24 side.
2512 3701 42 28 Mr
2571 3701 91 26 Buddo
2672 3704 28 23 at
2712 3701 96 26 Ohoka.

2350 3738 140 33 Thursday,
2511 3739 57 27 Sale
2579 3740 57 31 day,
2653 3739 80 27 Batik:
2740 3748 73 25 open.
2844 3739 43 26 Li-

2415 3779 75 31 brary
2500 3787 66 23 open
2578 3779 92 31 during
2678 3779 57 31 day.
2788 3804 3 3 .

2352 3818 131 32 Saturday,
2501 3818 106 32 Library
2626 3827 66 24 open
2709 3819 65 25 from
2796 3821 22 22 6.
2831 3827 61 24 p.m.

2417 3859 27 24 to
2465 3859 24 24 8.
2502 3866 63 23 p.m.

2436 4015 168 27 WHISKEY
2615 4017 77 25 AND
2711 4015 99 28 RAGS.

2385 4103 40 25 An
2438 4104 62 24 item
2511 4104 22 24 is
2545 4104 78 31 gcling
2641 4104 44 25 the
2704 4104 95 26 rounds
2810 4106 28 24 of
2848 4105 47 26 the

2352 4140 75 27 Press
2439 4143 26 24 to
2478 4141 44 26 the
2533 4141 73 26 effect
2618 4141 58 26 that
2686 4141 112 39 whiskey
2809 4142 22 26 is
2840 4151 57 18 now

2352 4181 193 27 manufactured
2555 4184 46 24 out
2609 4182 27 26 of
2645 4181 43 28 old
2699 4190 67 24 rags.
2798 4183 46 28 We
2855 4193 43 19 see

2352 4221 110 31 nothing
2471 4220 156 26 remarkable
2639 4220 78 27 about
2723 4221 61 28 this.
2801 4222 96 35 Every-
2906 4214 2 36 j

2352 4266 49 17 one
2413 4259 87 27 knows
2512 4259 61 25 that*
2580 4259 91 32 nearly,
2679 4259 40 26 alt
2732 4260 45 26 the
2784 4261 47 26 «M
2841 4269 58 26 rags

2354 4297 27 25 m
2395 4297 44 26 the
2450 4300 108 30 country
2580 4303 44 21 ate
2643 4298 194 29 manufactured
2853 4305 46 24 out

2352 4336 30 25 of
2389 4336 118 32 whiskey,
2525 4336 50 26 »nd
2598 4337 70 26 there
2681 4339 20 24 is
2722 4348 30 17 no
2778 4345 122 29 apparent

2353 4383 90 19 reason
2455 4376 54 34 why
2526 4376 45 26 the
2582 4384 101 25 process
2702 4381 29 24 of
2748 4383 149 26 conversion
2901 4396 6 12 j

2354 4414 90 26 should
2461 4419 46 22 not
2518 4415 70 27 work
2606 4424 31 19 as
2649 4419 60 26 well
2719 4427 49 19 on©
2793 4428 55 30 way
2872 4430 28 18 as

2353 4454 109 26 another
2470 4461 8 23 ;
2493 4453 69 30 Iron*
2580 4456 124 34 whiskey;
2714 4460 28 24 to
2764 4466 68 26 tags,
2850 4461 51 26 and

2354 4494 69 25 fron*
2431 4501 60 26 rags
2500 4496 26 25 to
2537 4495 121 35 whiskey.
2689 4497 78 28 What
2779 4508 15 18 a
2803 4499 97 29 beauti-

2355 4534 36 34 ful
2401 4534 113 27 business
2523 4535 21 27 it
2556 4537 127 27 m.—Mic
2694 4539 67 27 York
2774 4541 125 27 Observer.

2963 199 23 25 A
3004 199 107 26 STATE
3131 202 91 25 BANK
3250 202 184 27 OPPONENT.

3162 285 67 16 ~o;«o
3233 289 8 11 >

2968 305 22 24 A
3009 306 98 27 red-hot
3130 307 73 34 Tory,
3226 310 28 25 m
3273 310 44 26 the
3335 319 91 24 person
3444 310 27 26 of

2934 348 41 26 Mr
2997 348 116 28 Coleman
3135 346 113 40 Phillips,
3277 354 47 26 has
3343 363 67 18 come
3422 357 47 24 out

2932 394 38 24 for
2982 394 117 33 Wairapa
3121 397 89 25 South.
3245 399 61 24 This
3325 399 141 32 gentleman

2930 437 67 31 joins
3008 438 66 25 issue
3085 439 61 26 with
3368 446 28 22 at
3405 452 62 16 once

2933 489 31 16 on
2977 481 43 24 the
3032 482 71 25 State
3114 482 74 26 Bank
3210 484 121 31 question.
3365 486 40 24 He
3422 494 44 25 op-

2932 533 71 24 poses
3013 534 47 16 our
3070 527 137 32 proposals.
3240 527 62 27 Now
3325 537 33 17 we
3379 529 49 26 like
3450 538 17 18 a

2931 576 58 18 man
3001 569 57 26 who
3078 578 56 25 says
3145 571 106 32 straight
3267 573 45 24 out
3328 572 57 26 that
3404 574 30 25 he
3445 574 24 25 is

2931 613 98 31 against
3041 622 37 16 us.
3097 615 49 24 and
3166 615 68 31 gives
3257 616 37 24 his
3305 624 107 22 reasons,
3429 617 39 25 for

2930 655 63 25 then
3003 664 38 17 we
3058 660 42 29 get
3121 665 17 17 a
3160 658 94 25 chance
3269 663 26 21 to
3318 658 70 27 show
3413 660 54 25 him

2930 699 80 26 where
3020 700 33 26 he
3062 701 22 25 is
3096 709 91 24 wrong.
3217 702 25 26 It
3253 702 30 26 is.
3287 703 112 33 reported
3409 704 58 27 that

2931 743 41 25 Mr
2979 743 107 32 Phillips
3097 746 57 23 read
3167 745 100 32 lengthy
3278 749 109 23 extracts
3399 748 65 25 from

2930 786 80 26 Adam
3024 787 84 26 Smith
3123 788 50 25 and
3184 789 56 24 Mill
3250 790 100 32 against
3366 799 15 16 a
3394 791 73 25 State

2929 830 81 26 Bank.
3056 831 53 27 The
3128 833 113 25 former's
3264 834 122 32 objection
3398 837 26 23 to
3450 844 15 16 a

2930 872 70 25 State
3019 872 74 25 Bank
3113 873 118 26 advocate
3250 882 115 25 proposes
3377 877 21 24 it
3409 884 27 18 as
3448 885 17 16 a

2927 922 86 18 source
3023 915 28 25 of
3060 924 119 21 revenue..
3197 917 62 25 Now
3269 925 33 18 no
3314 919 72 25 State
3395 919 66 26 bank

2926 958 117 27 advocate
3065 968 115 24 proposes
3202 959 71 28 it^as
3293 970 15 17 a
3327 971 85 18 source
3434 964 29 25 of

2926 1011 107 18 revenue
3036 1013 57 17 -r-so
3104 1005 75 25 much
3187 1001 47 29 ioiv
3252 1006 60 29 that,
3330 1006 132 37 objection.

2959 1156 69 26 After
3039 1156 43 26 the
3094 1159 70 30 great
3183 1158 50 25 and
3254 1159 78 32 costly
3351 1158 109 34 banking

2925 1201 123 31 enquiries
3071 1201 42 24 the
3135 1203 94 24 .session
3252 1203 80 25 ended
3355 1204 105 25 without

2925 1251 48 25 any
2985 1243 44 26 bill
3039 1244 75 33 being
3135 1246 97 31 passed.
3274 1246 54 26 The
3348 1247 111 26 Govern-

2925 1290 69 22 ment
3012 1287 108 32 brought
3132 1288 71 26 down
3215 1298 16 16 a
3243 1298 111 18 measure
3366 1293 26 23 to
3403 1291 57 32 give

2924 1330 71 25 effect
3006 1331 80 26 to-tlie
3097 1334 83 30 report
3191 1332 28 25 of
3239 1332 43 26 the
3293 1335 130 24 coinmitte
3434 1334 26 26 of

2924 1374 41 25 the
2988 1375 86 24 House
3094 1375 27 26 of
3139 1376 221 32 Representatives.
3407 1378 53 26 The

2911 1432 2 17 i
2924 1418 87 25 Lower
3027 1419 86 25 House
3132 1416 45 29 sat'
3193 1422 50 23 23*
3259 1422 75 24 hours
3346 1422 50 25 and
3413 1425 47 29 put

2923 1461 108 33 through
3053 1462 44 26 the
3121 1463 59 25 Bill.
3231 1463 54 26 The
3307 1465 150 32 Legislative

2923 1505 103 27 Council
3037 1506 80 25 added
3140 1515 15 17 a
3167 1508 99 25 clause.
3271 1510 26 23 to
3307 1517 98 17 remove
3417 1510 43 25 the

2923 1549 114 26 Colonial
3059 1550 74 25 Bank
3161 1550 148 33 liquidation
3332 1552 61 25 from
3415 1554 44 24 the

2924 1590 118 30 Supreme
3053 1590 79 25 Court
3142 1592 26 23 to
3175 1590 44 25 the
3232 1591 154 31 liquidators.
3407 1593 51 24 The

2921 1632 88 26 Lower
3031 1633 86 25 House
3140 1634 95 24 refused
3259 1636 24 23 to
3306 1637 86 30 accept
3414 1636 44 25 the

2921 1674 168 25 amendment.
3135 1674 79 26 Three
3224 1675 154 26 conferences
3389 1684 62 18 were

2921 1714 58 25 held
2988 1714 3 6 '
3004 1714 50 25 and
3081 1715 61 25 each
3170 1716 143 25 conference
3335 1716 75 26 failed
3429 1719 30 23 to

2922 1761 81 24 agree,
3016 1762 27 17 so
3054 1754 152 26 Parliament
3217 1755 124 26 dissolved
3353 1757 106 25 without

2921 1792 104 33 passing
3034 1801 50 24 any
3101 1792 116 34 banking,
3223 1794 150 31 legislation.
3405 1817 2 5 ,

2967 1910 192 44 HAMILTON
3182 1910 248 44 ADVERTISER.

2954 1986 26 22 It
2989 1986 24 22 is
3023 1986 45 23 not
3081 1986 65 23 ivbat
3162 1994 35 15 we
3217 1986 59 24 read
3290 1986 45 24 but
3342 1987 68 24 what
3422 1994 36 17 we

2922 2023 138 26 remember
3070 2024 54 25 that
3144 2025 83 24 makes
3247 2033 30 16 us
3288 2025 108 26 learned.
3431 2027 26 24 It

2922 2063 21 25 is
2954 2065 45 24 not
3011 2064 65 25 what
3086 2072 37 17 we
3140 2065 87 24 intend
3237 2065 45 25 but
3297 2066 68 25 what
3376 2074 37 17 we
3424 2067 32 24 do

2922 2101 55 27 that
2988 2102 86 25 naakes
3081 2110 29 18 us
3122 2102 88 29 useful.
3374 2126 4 3 .

2954 2147 25 25 It
2990 2147 22 24 is
3022 2143 55 28 well
3096 2147 39 25 for
3154 2156 16 17 a
3191 2156 60 17 man
3274 2150 28 23 to
3324 2148 132 27 remember

2922 2186 56 25 that
2989 2194 15 17 a
3026 2185 126 33 gambling
3171 2186 50 30 life,
3244 2187 95 31 though
3351 2188 105 25 exbilat-

2922 2223 42 32 ing
2983 2224 39 25 for
3042 2232 18 17 a
3079 2225 68 28 time,
3170 2227 94 23 cannot
3279 2225 44 26 fail
3334 2229 27 22 to
3382 2225 75 34 bring

2923 2272 88 19 sorrow
3023 2273 28 17 or
3063 2265 111 32 disgrace
3185 2268 26 23 to
3222 2266 56 25 him
3288 2268 26 23 m
3326 2267 44 25 the
3382 2268 57 24 end.

3017 2433 198 37 PERSONAL
3231 2447 122 23 NOTES.

3067 2490 37 30 By
3115 2491 45 24 Dr.
3176 2491 137 24 Barr.aiilo.

2954 2556 41 26 Mr
3006 2557 41 25 W.
3059 2557 31 25 T.
3104 2557 73 26 Stead
3186 2557 45 26 has
3240 2557 121 33 surprised
3372 2563 83 27 every-

2921 2601 72 31 body,
3012 2601 48 25 and
3071 2610 65 17 none
3147 2609 70 18 more
3229 2602 64 25 than
3302 2602 98 32 myself,
3421 2602 34 32 by

2920 2644 128 33 including
3074 2645 26 25 m
3121 2644 41 26 his
3184 2646 63 31 July
3273 2646 66 24 issue
3361 2645 27 26 of
3411 2645 44 25 the

3059 2689 28 24 of
3266 2698 14 14 a

3042 2731 27 26 of
3080 2731 43 26 the
3144 2731 78 26 editor
3229 2729 46 28 'of
3405 2732 50 25 and

3049 2775 64 25 lam
3138 2775 84 25 bound
3233 2778 26 23 to
3279 2783 46 25 say
3334 2775 55 26 that
3401 2775 53 26 this

2922 2820 21 25 is
2955 2820 99 25 written
3065 2820 27 25 m
3115 2828 15 18 a
3154 2822 63 24 most
3236 2820 84 33 kindly
3340 2820 50 26 and
3412 2829 43 24 ap-

2923 2863 129 32 presiative
3073 2863 78 32 spirit.
3188 2864 50 24 But
3257 2871 30 17 as-
3307 2863 20 26 it
3345 2864 112 26 contains

2923 2915 28 18 so
2963 2908 73 25 much
3059 2908 28 25 of
3107 2909 89 31 myself
3212 2909 14 24 I
3240 2912 69 22 must
3330 2913 47 22 not
3397 2909 58 24 deal

2921 2952 98 24 further
3029 2952 61 24 with
3101 2952 44 25 the
3168 2954 103 29 matter,,
3285 2952 95 33 beyond
3391 2956 65 23 stal-

2921 2995 45 32 ing
2977 2996 55 24 that
3038 2995 71 26 there
3121 3004 42 17 are
3176 3004 73 24 many
3262 2997 126 31 portraits,
3405 2997 50 25 and

2922 3039 57 24 that
2990 3039 44 25 ibe
3057 3039 78 26 whole
3146 3039 107 26 exhibits
3275 3048 17 16 &
3301 3040 121 32 vigorous,
3440 3049 17 18 a

2922 3081 87 33 deeply
3037 3081 154 34 interesting,
3221 3082 52 26 and
3299 3091 32 17 an
3351 3084 106 33 entirely

2921 3126 68 25 fresh
3001 3126 51 25 and
3057 3126 169 33 independent
3234 3128 64 25 view
3304 3128 26 25 of
3337 3128 42 26 the
3388 3129 68 25 work

2922 3171 28 25 of
2959 3171 70 25 these
3040 3171 103 26 Homes.
3177 3171 15 25 I
3201 3173 68 24 trust
3274 3172 54 25 tliat
3337 3180 41 24 my
3383 3173 72 24 read-

2923 3222 40 17 ers
2973 3214 50 25 will
3035 3214 50 32 buy
3103 3223 15 15 a
3129 3223 62 23 copy
3208 3215 28 24 of
3255 3215 47 25 the-
3310 3215 59 31 «loly
3388 3216 69 25 issue

2923 3258 26 25 of
2956 3257 45 27 the
3151 3259 28 24 of
3365 3259 28 25 It
3410 3266 51 19 can.

2924 3301 31 26 be
2965 3302 137 32 purchased
3113 3310 27 16 or
3158 3302 105 25 ordered
3279 3305 27 22 at
3317 3311 50 24 any
3383 3303 76 26 book-

2925 3341 57 25 stall
2994 3349 28 16 or
3033 3340 109 32 through
3153 3349 49 23 any
3214 3347 161 26 ncw*-»gent,
3473 3359 3 3 .

2933 3459 4 2 .
2961 3443 1 2 '
2995 3450 3 9 .
3017 3437 3 2 '
3031 3450 41 4 —
3072 3459 2 3 .
3087 3433 1 2 '
3120 3432 1 2 '
3144 3435 2 2 '
3175 3434 2 1 '
3230 3452 1 9 :
3292 3452 35 4 —
3327 3453 27 4 —
3403 3442 3 15 :
3464 3440 11 20 \

3086 3511 186 28 RECIPES.

3074 3589 48 24 The
3139 3590 170 33 %Epiea*mfe.
3327 3601 8 12 *
3352 3591 8 27 j'

2958 3666 21 24 A
2991 3665 64 26 little
3066 3667 48 25 salt
3126 3667 78 26 added
3225 3671 29 22 to
3262 3669 132 26 lemonade
3414 3671 47 25 im-

2925 3711 87 24 proves
3031 3704 29 25 it.
3289 3717 3 15 :
3363 3718 3 2 •
3379 3713 8 12 .1'
3407 3718 5 12 :

2960 3742 149 34 Meatlnay
3129 3745 31 24 be
3186 3744 58 33 krpt
3267 3754 69 18 some
3348 3756 3 23 ;
3361 3747 60 34 day?
3434 3749 28 32 by
3462 3763 12 9 ■;

2926 3781 129 32 wrapping
3064 3782 21 24 it
3107 3782 100 37 loosely
3212 3784 27 24 m
3259 3794 15 15 n
3294 3785 67 26 cloth
3380 3795 87 24 wrung
3485 3808 3 4 .

2926 3823 53 22 out
2987 3822 30 24 of
3036 3822 101 31 vinegar
3156 3817 54 34 ap4
3233 3824 109 33 bangirig
3361 3826 21 25 it
3403 3829 27 22 m
3448 3837 16 13 a

2927 3859 67 24 draft
3004 3860 29 25 of
3046 3860 44 25 air.
3125 3862 111 25 Moisten
3259 3864 72 26 twice
3354 3873 28 18 or
3394 3866 68 26 thrw

2928 3899 73 26 times
3009 3909 16 17 a
3045 3900 56 34 day,
3119 3901 22 26 if
3149 3902 21 26 it
3178 3903 22 25 is
3210 3911 59 26 very
3280 3911 85 21 Warm.

2963 3941 110 26 Summer
3090 3943 164 34 Ptfc/Jiwy.—
3254 3945 67 26 Soak
3343 3955 16 17 a
3377 3951 89 28 teacup
3469 3949 19 21 V

2928 3981 28 24 of
2967 3980 76 26 bread
3062 3982 110 26 crumbs'
3187 3984 26 25 m
3236 3994 15 15 a
3264 3986 80 31 'quart
3365 3986 101 29 bf.new
3477 3998 4 5 •

2929 4019 62 26 milk
3010 4020 39 26 for
3071 4024 94 31 twenty
3186 4024 115 26 iniuutes.
3342 4024 63 28 Beat
3424 4026 43 26 the
3484 4048 4 3 .

2928 4060 73 33 yolks
3012 4061 28 25 of
3047 4062 55 25 four
3109 4070 62 25 eggs
3180 4065 58 24 with
3250 4073 16 17 a
3276 4073 49 24 cup
3335 4066 28 25 of
3380 4074 83 25 sugar,

2928 4099 51 26 and
3007 4100 46 25 stir
3072 4101 27 25 m
3123 4104 42 23 the
3187 4104 80 31 milk;
3301 4106 82 25 flower
3405 4107 68 25 witli

2929 4140 86 26 lemon
3032 4144 105 24 extract.
3172 4142 66 27 Pour
3257 4144 56 27 into
3323 4154 16 17 a
3358 4146 112 33 pudding
3486 4164 2 3 -

2929 4186 58 26 pun,
3006 4180 53 26 and
3069 4181 64 27 bake
3143 4182 29 25 m
3182 4192 15 16 a
3204 4184 126 26 moderate
3342 4193 61 17 oven
3412 4186 57 26 half

2930 4226 33 17 an
2986 4219 73 27 hour.
3104 4220 75 33 Whip
3207 4214 151 35 'fh^^iffiuHb
3380 4224 29 24 of
3426 4226 43 24 the

2930 4264 60 24 egc;s
3010 4258 68 25 until
3099 4259 92 31 frothy,
3208 4259 101 25 thicken
3321 4261 58 25 with
3403 4269 66 25 pow-

2929 4294 76 26 dered
3027 4304 84 24 sugar,
3136 4296 51 25 and
3211 4296 57 27 beat
3290 4298 60 26 stiff.
3384 4300 52 25 Put
3451 4311 16 14 a

2931 4332 68 34 layer
3007 4334 27 25 of
3052 4336 45 24 the
3107 4335 136 32 meringue,
3261 4335 62 26 then
3334 4346 15 15 a
3360 4338 68 32 layer
3438 4340 28 26 df

2933 4377 44 25 the
2993 4377 69 26 fresh
3085 4377 92 27 berries
3198 4380 146 26 sweetened.
3390 4382 81 27 Corel'

2933 4422 44 25 the
2986 4424 43 30 top
3041 4421 58 26 with
3116 4422 42 25 the
3179 4422 139 33 meringue,
3339 4427 39 24 set
3388 4425 28 27 m
3428 4426 44 27 the

2934 4473 64 17 oven
3010 4473 47 17 one
3069 4465 101 25 luinnte.
3213 4466 43 26 S«t
3278 4475 71 26 away
3373 4475 27 19 to
3418 4469 65 30 oodl.

2932 4516 61 18 over
3003 4507 82 32 night,
3106 4508 48 25 and
3170 4516 70 19 serve
3311 4512 89 26 dinner
3410 4513 62 27 with

2934 4550 57 26 cold
2998 4556 88 19 icream
3095 4558 81 18 sauce.
3251 4563 10 9 >.

1126 40 178 41 OXFORD
1343 40 235 41 GBSER?Ek
1621 45 237 38 SATURDAY,
1929 45 201 31 OCTOBER
2172 47 50 36 31,
2266 47 79 31 1896

647 4380 4 4 -
680 4364 83 33 Query
773 4373 5 16 :
789 4364 27 27 Is
828 4365 147 32 Opposition
987 4363 144 33 patriotism
1140 4363 45 26 but

646 4407 56 26 skin
714 4407 81 33 deep?
814 4409 59 25 Still
896 4410 58 31 they
965 4416 32 25 go
1000 4422 30 5 —
1031 4407 96 27 Duthie
1144 4408 42 25 the

646 4450 80 27 latest.
760 4450 99 27 Private
870 4452 115 25 business
1003 4449 88 35 placed
1103 4450 82 26 before

644 4494 84 33 public
740 4496 86 32 spirit..
854 4496 36 24 Or
907 4496 22 27 it
947 4496 21 25 it
983 4503 42 17 an,
1038 4494 146 26 instinctive

638 4537 131 31 throwing
778 4544 34 24 up
824 4537 28 26 of
861 4541 44 22 tne
915 4545 94 23 sponge
1018 4539 14 24 ?
1096 4547 5 9 '

1247 4300 52 25 The
1313 4309 66 23 wage
1389 4302 29 24 of
1424 4302 44 25 the
1479 4302 178 31 Agricultural-
1659 4304 95 26 worker

1212 4340 28 26 m
1252 4340 118 32 England
1383 4342 23 24 is
1428 4340 69 33 daily
1516 4341 133 34 becoming
1668 4351 83 21 worse,

1212 4378 51 26 and
1284 4378 61 26 such
1359 4386 34 18 an
1413 4379 130 33 authority,
1549 4387 29 18 as
1590 4380 44 27 the
1645 4382 107 32 agricul-

1213 4419 64 25 tural'
1290 4419 195 32 correspondent
1497 4420 27 26 of
1538 4420 44 25 tho
1593 4420 98 31 Labour
1702 4422 50 26 De-

1213 4459 126 31 partment
1368 4466 72 25 sajs:
1549 4466 68 19 some
1639 4463 70 29 parts
1728 4460 28 27 of

1213 4495 82 29 Wilts,
1307 4495 79 26 Berks
1397 4497 52 25 and
1466 4497 76 30 Kent,
1560 4497 95 34 weekly
1672 4507 82 24 wages

1213 4528 64 31 hive
1290 4533 62 27 becd
1364 4534 296 31 re4«ced.~Jß«wa«fe;,
1694 4545 25 7 ■-■
1731 4536 31 28 \'i
