3300 4360
182 116 421 153 Hot
743 116 703 153 Lakes
1586 116 1405 153 Chronicle.

454 386 214 37 -A-HsTID
721 388 504 40 TQTJH/ISTS'
2440 399 142 39 .AJLj.

470 499 451 90 Circulating
943 502 456 86 throughout
1422 501 125 70 the
1571 501 289 73 Tourist
1905 504 304 71 Resorts
2259 510 78 67 of
2373 510 126 69 the
2542 510 267 72 World.

86 652 59 20 VOL.
160 654 18 16 4.
207 652 40 18 No.
265 653 44 17 199.

1235 655 140 22 EOTOEUA,
1392 655 57 21 N.Z.,
1467 654 186 21 WEDNESDAY,
1670 654 166 19 SEPTEMBER
1850 655 30 23 23,
1899 657 47 17 189G

2865 667 280 28 EBIOE-^THHEEPESCI

86 735 24 25 BY
124 734 85 29 SPECIAL
236 736 74 41 HH
323 736 151 24 APPOINTMENT

116 783 60 26 ASK
199 783 147 26 GROCERS
373 784 55 26 FOR

117 1051 162 26 CEYLON

119 1086 134 26 INDIAN
286 1087 29 26 &

117 1122 186 25 BLENDED

197 1162 153 19 AWARDED

93 1188 71 24 GOLD
174 1189 56 23 AND
241 1189 98 24 SILVER
350 1190 110 24 MEDALS

107 1230 61 26 Why
181 1230 46 26 buy
242 1230 98 21 Inferior
354 1231 56 20 Teas
425 1232 64 20 when

63 1262 41 20 yon
118 1262 42 15 can
176 1258 35 24 get
226 1257 25 20 N.
268 1257 26 20 M.
312 1257 17 20 &
345 1258 55 19 Co.'s
414 1259 24 19 at
453 1259 37 20 the

63 1288 57 16 same
134 1284 67 25 price,
235 1283 37 20 All
286 1284 78 20 others
383 1290 40 14 are
437 1285 53 25 only

63 1310 71 24 copies
152 1310 23 19 in
195 1315 72 19 name,
282 1310 46 20 and
350 1316 39 15 are
404 1310 85 26 pushed

63 1337 32 20 for
108 1336 65 21 extra
187 1336 74 26 profit.

109 1371 13 12 A
131 1371 45 15 proof
187 1370 15 13 of
214 1371 28 13 tho
254 1371 94 16 superiority
361 1371 16 12 of
385 1371 19 14 N.
418 1371 20 14 M.
448 1371 11 13 A

93 1386 40 14 Co.'b
143 1387 38 13 Teas
187 1387 13 13 is
210 1387 27 13 tho
247 1387 32 13 fact
288 1388 35 12 that
332 1387 76 15 although
414 1388 44 12 there

92 1407 26 10 we
127 1404 78 12 hundreds
217 1404 16 12 of
244 1404 55 15 packet
310 1405 32 12 teas
354 1407 19 9 on
385 1404 27 13 tho
421 1408 29 9 mar-

93 1419 32 17 ket,
143 1420 18 13 N.
174 1420 21 13 M.
208 1420 12 13 &
235 1420 41 13 Co.'s
291 1420 39 13 Teas
345 1424 26 9 are
388 1421 15 12 in
422 1421 38 12 bucli

93 1437 65 12 demand
168 1437 34 12 that
214 1436 37 16 they
264 1437 27 12 sell
305 1437 53 15 nenrly
370 1437 90 12 one-fourth

93 1452 17 14 of
126 1453 27 13 the
170 1452 48 14 whole
236 1453 17 13 of
270 1453 26 13 the
315 1454 25 12 tea
357 1453 89 13 consumed.

63 1473 102 25 SOLD
202 1472 259 24 EVERYWHEF?
470 1472 4 26 1
474 1475 15 13 *

150 1588 48 26 Do
210 1589 57 24 not
281 1588 119 31 Forget

149 1635 249 46 CRAIG'f

113 1701 166 19 CURIOSITY
299 1700 81 19 SHOP
399 1700 47 19 and

206 1728 142 22 MUSEUM,

136 1769 113 23 Opposite
257 1768 80 20 Grand
344 1767 77 23 Hotel,

149 1933 141 17 INSURG
317 1933 92 15 MHTH

61 1969 51 16 THE
118 1967 81 17 SOUTH
207 1967 98 16 BKLTLSIT
314 1966 77 17 PIME&
400 1966 99 16 'MARINE

136 1990 42 16 Coy.
189 1989 30 16 OF
230 1989 56 15 NEW
294 1988 124 16 ZEALAND.

61 2012 74 16 Capital
393 2010 105 18 £1,900,000

107 2032 93 17 Unlimited
215 2031 76 21 liability
300 2031 19 16 of
325 2030 129 17 Shareholders.

61 2054 56 20 Being
126 2060 8 10 :i
145 2053 76 17 Colonial
235 2053 103 16 Institution
354 2052 62 18 Profits
430 2056 28 12 are
472 2052 17 15 in-

210 2075 60 15 vested
277 2074 69 21 locally.

61 2096 50 18 Head
127 2097 53 15 Office
408 2094 90 16 Auckland

61 2119 51 15 Local
122 2121 51 17 agent
354 2116 12 17 J
384 2116 26 18 W.
420 2115 78 21 Wrigley

64 2181 211 44 Rotorua
299 2176 198 48 Sawmill

151 2236 249 55 Company.

97 2324 22 17 rT
125 2324 65 18 HITE
202 2324 55 16 AND
275 2322 54 18 RED
347 2322 64 17 PINE
430 2322 21 16 of
467 2321 32 18 tlio

77 2349 9 16 y
95 2340 10 26 \
149 2347 55 18 finest
213 2346 74 22 Quality
297 2345 39 19 and
350 2345 93 23 carefully
460 2346 38 16 cut.

248 2369 65 18 ALSO

62 2399 90 27 Matai,
183 2398 129 27 Pukatea,
341 2396 53 23 and
421 2395 79 23 Tawa

101 2429 130 29 Shingles,
244 2428 117 28 Palings,
376 2427 96 22 Blocks

206 2459 52 23 and
266 2458 84 23 Posts-

86 2492 20 18 A
119 2491 54 26 good
184 2491 40 19 and
235 2489 92 20 assorted
338 2489 74 25 supply
423 2488 77 24 always

61 2526 26 12 on
96 2518 56 19 hand
161 2520 22 16 at
192 2517 35 18 the
237 2516 84 19 Timber
331 2515 64 23 Yard,

185 2549 186 17 ROTORUK,

62 2578 162 27 N.K—Special
234 2585 45 12 earo
290 2578 64 19 taken
364 2577 21 18 in
404 2576 34 19 tho
456 2582 45 12 sea>

238 2604 80 25 soning;.

62 2644 107 19 PRICES
182 2642 39 20 AT
235 2641 146 19 CURRENT
395 2639 104 24 RATES,

101 2676 39 19 W.
155 2673 169 23 HENSHAW,
335 2672 121 23 Manager.

63 2807 437 41 CABP3EHTEB,

168 2860 106 19 EENTON
291 2859 104 20 STREET,

157 2913 101 18 Opposite
308 2911 80 20 Quaxd.

88 2949 67 17 Sashes
164 2947 54 18 made
227 2949 21 15 to
257 2946 61 18 order.

64 3077 116 21 BARBER
201 3076 60 19 AND
291 3072 211 23 HAIRDRESSER,

63 3118 94 44 BEGS
167 3120 21 17 to
199 3123 106 13 announce
316 3116 45 18 that
368 3115 26 18 ho
405 3114 37 19 has
450 3119 41 12 com-

133 3143 83 21 menced
227 3143 95 19 business
332 3142 22 18 in
364 3141 35 19 the
416 3140 52 24 shop
482 3138 21 19 in

63 3175 36 19 the
115 3171 33 19 old
164 3173 60 19 town,
245 3168 98 24 formerly
363 3166 96 25 occupied
476 3164 28 25 by

64 3201 34 18 Mr
108 3197 124 24 ilcEiidyen,
242 3195 87 22 saddler,
348 3193 42 19 and
405 3192 64 25 hopes
483 3193 21 17 to

64 3225 60 20 merit
136 3231 11 12 a
157 3225 58 17 sliaro
228 3222 21 19 of
259 3222 35 18 tho
305 3220 71 26 public
386 3220 90 23 support.

150 3255 159 22 RAZORS
339 3253 77 20 SET.

89 3327 23 18 A
120 3325 84 19 Choice
214 3321 155 21 Assortment
383 3319 26 19 of
420 3318 71 19 Tobac-

66 3356 46 16 cos,
123 3349 86 24 Cigars,
220 3346 133 24 Cigarettes
360 3344 20 19 &
388 3342 117 20 Smoker's

67 3373 139 23 Requisites.

371 3425 104 20 ULEY
477 3439 5 7 '

68 3504 123 23 Plumber
208 3501 22 23 &
241 3498 114 25 General
367 3495 139 24 Mechanic

161 3561 132 19 Tutanekai
313 3557 93 20 Street,

290 3713 34 41 M.
361 3709 120 46 SIMON,

266 3766 62 25 (Late
335 3765 22 19 of
366 3762 138 23 Melbourne.)

275 3816 117 17 PRACTICAL
411 3812 83 17 TaILOK.

265 3888 106 24 Clothes
384 3885 76 24 made
479 3885 27 21 to

292 3909 75 29 order
385 3919 33 16 on
434 3911 46 22 the

319 3935 135 28 shortest

337 3965 95 24 notice.

276 4062 57 26 Style
343 4060 41 21 and
395 4058 36 21 Fit
441 4059 36 18 not
486 4059 21 17 to

204 4104 31 9 ..=.
266 4093 23 16 be
300 4086 98 28 equalled
414 4091 21 13 in
453 4086 54 18 town

243 4119 2 27 1
265 4127 113 19 AnnßEsa:
396 4119 104 21 ArawaSt

338 4150 101 19 Roiorua.

809 913 280 52 ROTORIM.
1136 915 125 45 .NEW
1298 913 273 49 ZEJJLJLND,

515 1001 155 43 EOTOE.UA.
672 1002 68 17 —This
749 1003 105 18 wonderful
862 1004 73 18 district
943 1005 15 17 is
968 1004 130 23 unparalleled
1106 1005 19 16 in
1134 1005 32 16 the
1174 1004 70 19 known
1253 1004 61 17 world
1323 1004 29 17 for
1361 1005 31 16 the
1402 1004 79 17 number
1490 1004 37 17 and
1537 1004 72 22 variety
1618 1004 21 16 of
1646 1004 24 17 its
1679 1004 86 20 Thermal
1777 1003 84 23 Springs.

555 1025 4 26 j
583 1026 26 16 As
618 1031 12 11 a
638 1025 65 17 health
713 1028 60 15 resort
781 1027 24 17 its
814 1027 109 24 popularity
931 1028 16 17 is
955 1028 76 22 rapidly
1039 1028 111 22 increasing,
1161 1027 37 17 and
1211 1027 43 18 that
1269 1027 81 22 entirely
1367 1033 23 12 on
1404 1028 25 16 its
1447 1033 42 11 own
1505 1028 70 19 merits,
1594 1032 21 12 as
1630 1027 85 17 hitherto
1731 1027 82 22 nothing
1829 1027 33 16 has

516 1049 45 16 been
571 1048 49 17 done
628 1049 21 16 in
657 1049 32 16 the
698 1054 42 17 way
748 1049 21 17 of
777 1049 122 19 advertising.

538 1072 86 17 Patients
634 1071 90 23 suffering
733 1072 48 17 from
791 1073 86 21 Chronic,
887 1074 101 18 Articular,
999 1074 37 17 and
1045 1073 98 19 Muscular
1149 1073 129 21 rheumatism,
1289 1073 57 20 Gout,
1357 1073 102 18 Rhumatic
1465 1073 56 23 Gout,
1536 1073 46 18 Skin
1590 1073 92 20 Diseases,
1700 1073 85 19 Sciatica,
1803 1073 45 16 Lum-

516 1094 55 23 bago,
591 1094 110 23 Neuralgia,
719 1095 87 19 Nervous
822 1097 125 20 Exhaustion,
966 1097 77 17 Uterine
1061 1097 98 20 Ailments,
1176 1096 39 17 and
1230 1097 57 21 tardy
1304 1098 141 16 eonvalescenso
1462 1097 48 16 from
1528 1098 54 15 acute
1599 1096 80 17 diseases
1697 1102 43 16 may
1756 1096 40 22 rely
1812 1102 51 16 upon

516 1118 99 22 obtaining
624 1118 91 17 immense
723 1118 59 21 relief,
793 1120 37 16 and
839 1121 19 16 in
865 1120 32 18 the
906 1120 91 23 majority
1006 1120 20 17 of
1035 1126 50 12 cuses
1094 1126 11 11 a
1114 1120 90 22 complete
1214 1125 50 13 cure.

843 1150 27 27 jn>
1183 1156 23 10 :o:

539 1179 53 16 THE
606 1178 111 17 PRIEST'S
727 1178 169 21 BATH.—TnT'is
905 1181 88 23 strongly
1002 1181 47 17 acid,
1064 1181 112 19 aluminous,
1192 1180 80 22 sulphur
1288 1181 65 20 water,
1371 1180 65 23 acting
1453 1186 20 13 as
1490 1186 11 11 a
1517 1179 93 24 powerful
1627 1180 42 17 skin
1685 1180 105 17 stimulant.
1823 1179 41 18 Hot

516 1202 38 17 and
562 1202 43 17 cold
614 1202 88 19 showers,
712 1202 37 17 and
759 1202 81 19 douches
849 1210 30 11 are
889 1204 91 22 provided
988 1204 39 17 and
1035 1204 126 21 comfortably
1169 1204 86 16 enclosed
1264 1204 87 22 dressing
1359 1209 62 13 rooms

540 1225 114 17 MADAME
675 1225 126 19 RACHEL'S
822 1227 145 17 RATH.—This
976 1227 106 17 celebrated
1091 1226 70 24 Spring
1169 1226 14 17 is
1192 1232 11 12 a
1218 1226 64 21 Saline
1296 1228 60 16 water
1369 1226 47 18 with
1432 1226 90 21 Silicates,
1537 1226 38 18 and
1588 1226 34 18 has
1639 1232 25 12 an
1677 1226 82 18 alkaline
1775 1226 88 17 reaction.

516 1248 39 17 The
564 1250 59 15 water
631 1247 16 19 is
656 1248 40 17 also
705 1253 22 13 us
731 1248 19 18 id
759 1249 102 23 internally
870 1250 29 18 for
907 1251 24 17 its
940 1250 98 18 beneficial
1047 1251 63 17 actioa
1118 1256 25 11 on
1151 1250 32 16 the
1192 1249 85 22 kidneys.

546 1273 15 6 ''
580 1272 1 24 '
618 1272 9 24 ''
634 1272 2 24 !
651 1272 2 24 '
729 1272 22 24 ''''
758 1272 15 7 rT
791 1273 57 17 -This
865 1273 16 18 is
897 1274 32 17 the
946 1273 72 23 largest
1034 1273 76 17 natural
1127 1273 107 21 swimming
1249 1273 47 16 bath
1311 1273 20 16 in
1347 1273 32 17 the
1396 1273 93 17 Southern
1498 1273 131 22 Hemisphere.
1655 1273 19 17 It
1683 1273 69 16 affords
1761 1273 103 18 rheumatic

783 1296 2 23 .
791 1296 4 23 [
804 1296 80 22 painless
893 1297 87 20 exercise,
990 1296 62 18 which
1062 1297 45 21 they
1115 1296 68 23 highly
1192 1296 113 21 appreciate.

540 1318 52 16 THE
602 1318 124 17 SULPHUR
735 1319 106 17 VAPOUR
849 1320 146 17 RATH.—This
1002 1320 15 16 is
1023 1326 11 10 a
1040 1319 76 17 natural
1122 1319 34 17 hot
1161 1325 78 16 vapour,
1246 1319 69 22 highly
1321 1319 83 22 charged
1409 1319 46 17 with
1462 1319 78 22 sulphur
1549 1325 60 16 gases,
1622 1319 105 20 conducted
1740 1319 41 17 into
1795 1325 11 11 a
1820 1324 33 17 pro-

517 1341 53 22 perly
580 1341 120 17 constructed
710 1341 56 19 chest,
776 1342 20 17 in
805 1343 60 17 which
872 1343 32 17 tho
912 1343 32 17 the
950 1343 73 21 patient
1032 1343 40 19 sits,
1082 1342 56 17 while
1146 1348 11 11 a
1164 1343 68 16 stream
1239 1342 19 17 of
1263 1342 89 22 palpable
1361 1342 79 22 sulphur
1446 1343 16 16 is
1467 1343 57 22 being
1530 1343 107 21 constantly
1644 1342 96 23 depositod
1747 1348 24 12 on
1779 1342 31 17 the
1817 1342 47 17 skin.

541 1364 53 17 THE
614 1364 60 17 NEW
696 1364 122 19 SULPHUR
839 1367 75 16 RATH.
917 1366 67 17 —This
997 1366 16 17 is
1026 1372 11 10 a
1048 1372 47 15 very
1107 1367 65 20 strong
1184 1365 59 17 acidic
1255 1366 59 16 water
1327 1366 20 16 of
1359 1366 47 20 high
1419 1367 131 21 temperature,
1564 1366 38 16 and
1620 1366 85 22 strongly
1723 1364 141 19 recommended

517 1387 20 17 in
554 1393 50 11 cases
621 1387 20 17 of
658 1387 123 19 rheumatism
790 1389 37 17 and
836 1389 56 18 allied
901 1389 86 17 diseases.
1013 1389 39 17 The
1060 1389 47 17 bath
1122 1388 58 18 house
1196 1388 15 18 is
1228 1388 76 20 diyided
1321 1389 40 18 into
1378 1388 67 18 Ladies
1462 1388 37 18 and
1516 1389 121 18 Gentlemcns
1654 1388 128 23 departments
1796 1388 38 17 and
1850 1388 14 17 is

518 1411 77 21 capable
604 1411 21 17 of
633 1411 163 23 accommodating
804 1414 34 14 •!()()
848 1413 76 17 bathers
933 1413 57 21 daily.

542 1433 53 17 THE
604 1433 164 20 ELECTRICAL.
776 1435 182 18 DEPARTMENT.
961 1435 69 18 —This
1040 1435 119 22 department
1173 1435 16 17 is
1206 1435 71 23 replete
1294 1435 46 17 with
1355 1435 32 18 the
1404 1436 49 16 most
1467 1435 77 19 modern
1561 1435 108 22 appliances
1685 1435 30 20 f,or
1731 1435 88 22 carrying
1833 1435 31 17 out

519 1458 75 16 various
603 1458 58 15 forms
670 1458 21 15 of
699 1458 78 17 medical
787 1458 92 17 electrical
888 1459 103 18 treatment
999 1459 21 16 in
1028 1459 49 16 their
1089 1459 86 21 entirety.

543 1480 53 16 THE
602 1480 191 18 HYDROPATHIC
801 1482 116 17 PACKING
923 1482 53 17 AND
983 1482 120 17 MASSAGE
1109 1481 225 17 DEPARTMENT.—A
1341 1482 55 16 series
1403 1482 19 16 of
1428 1487 62 11 rooms
1496 1487 31 12 arc
1537 1481 97 18 furniahed
1643 1481 38 17 and
1690 1482 27 16 set
1724 1482 55 21 apart
1785 1481 30 17 for
1821 1480 43 18 each

519 1509 38 15 sex,
565 1503 19 17 in
590 1503 56 17 order
651 1504 20 16 to
681 1510 54 16 carry
740 1506 34 16 out
782 1505 38 17 this
826 1505 103 22 important
935 1505 81 22 adjunct
1020 1506 20 16 to
1047 1505 107 21 treatment.
1162 1505 38 17 Tho
1206 1505 78 17 services
1291 1505 19 17 of
1316 1511 12 11 a
1333 1504 89 18 Qualified
1428 1505 95 17 Masseuse
1528 1505 37 17 and
1571 1505 86 17 Masseur
1665 1511 31 11 are
1705 1505 113 16 obtainable.

590 1583 117 17 CAMILLE
720 1583 132 21 MALFROY,
863 1585 45 18 Esq.

1415 1560 89 18 Resident
1513 1561 80 17 Medical
1604 1560 169 23 Superintendent:

1491 1585 103 16 ALFRED
1608 1584 120 20 GINDERS,
1743 1584 53 17 M.D.

729 1872 59 23 Two
800 1872 70 24 miles
884 1872 75 31 from
978 1872 123 27 Rotorua,
1123 1870 134 31 adjoinvig
1271 1870 151 32 interesting
1431 1871 82 24 native
1525 1870 144 25 settlement.

1045 2028 25 22 p
1089 2028 25 23 A
1138 2028 3 23 :

664 2069 54 19 Earl
743 2069 26 18 of
791 2069 107 22 Kintore,
925 2068 54 18 Earl
1005 2068 26 18 of
1054 2068 99 21 Onslow,
1176 2067 105 23 Marquis
1302 2067 27 18 of
1347 2067 128 26 Drogheda,
1499 2067 61 17 Lord
1581 2066 146 28 Carrington.

523 2101 89 20 nnHIS
626 2101 94 19 HOTEL
729 2101 37 19 Las
776 2101 90 23 recently
876 2101 52 18 been
938 2100 143 23 considerably
1091 2100 101 22 enlarged,
1204 2100 118 22 renovated,
1333 2100 41 17 and
1384 2099 129 18 refurnishod
1522 2098 116 25 regardless
1647 2099 21 18 of
1684 2105 93 18 expanse,
1797 2098 40 19 and
1853 2098 16 19 is

537 2122 8 24 I
589 2128 73 24 widely
673 2128 74 18 known
758 2128 33 18 for
800 2127 27 18 its
836 2126 100 19 excellent
946 2126 179 21 accommodation,
1137 2126 87 21 Cuisine,
1237 2126 34 19 &c.

899 2161 75 23 Here
986 2169 46 16 are
1044 2161 41 25 the
1099 2160 80 31 Chief
1187 2160 88 30 Sights
1287 2160 32 31 of
1327 2161 39 22 the
1379 2160 111 26 District
1493 2160 4 31 ■

653 2203 47 18 The
709 2203 141 19 Wonderful
859 2203 80 17 Steam
949 2201 46 19 and
1005 2201 48 19 Hot
1154 2201 130 22 Petrifying
1292 2201 100 22 Geysers
1407 2201 79 22 playing
1498 2201 66 20 noarly
1583 2201 32 15 100
1632 2200 38 16 foot
1685 2199 54 23 high.

522 2226 134 23 Petrifying
664 2227 106 22 Geysers,
782 2225 129 19 Cauldrons
921 2225 26 18 of
953 2225 92 23 Boiling
1053 2224 58 19 Mud
1119 2224 46 18 and
1174 2223 42 20 Oil.
1243 2224 76 23 Spout
1329 2224 64 22 Bath,
1405 2223 35 20 Qil
1450 2223 65 22 Bath,
1525 2223 72 18 Alum
1606 2223 60 18 Bath
1675 2222 21 19 &
1710 2222 78 19 Jack's
1802 2223 66 18 Bath.

522 2250 81 19 Known
614 2251 33 18 for
654 2250 35 19 the
696 2249 154 24 extraordinary
859 2255 57 12 cures
924 2249 20 18 of
955 2248 150 23 Rheumatism,
1115 2248 119 24 Neuralgia,
1245 2247 113 26 Lumbago,
1367 2248 91 22 Sciatica,
1467 2248 88 23 Kidney,
1568 2247 61 18 Liver
1637 2246 40 19 and
1684 2246 58 19 other
1750 2247 119 24 complaints

640 2284 42 47 C.
709 2284 40 47 E.

935 2340 104 26 Guide

1336 2338 125 33 Sophia.

1473 2281 280 56 Proprietor.

945 2497 39 25 O/t
1009 2497 40 24 the
1073 2497 90 23 Direct
1186 2497 81 24 Route
1287 2500 23 20 to
1329 2497 120 23 Rotorua-

760 2538 45 21 Ppr
822 2538 107 23 Scenery,
945 2537 110 19 Curative
1067 2537 131 23 Properties
1207 2537 26 18 of
1240 2537 40 18 the
1290 2537 73 18 Baths
1372 2537 47 18 and
1427 2536 207 25 accommodation,

668 2570 123 26 EXCEL
822 2569 70 25 ALL
926 2569 140 28 PLACES
1098 2569 46 25 OF
1174 2569 74 25 THE
1283 2569 87 26 KIND
1404 2569 31 25 IN
1468 2568 73 25 THE
1574 2568 161 25 COLONY.

550 2636 66 19 These
628 2635 92 25 Springs,
731 2634 67 19 which
808 2634 32 19 for
850 2634 53 18 their
923 2633 95 20 Curative
1029 2633 117 25 Properties
1155 2632 40 19 and
1205 2632 139 19 Comfortable
1355 2632 96 25 Fittings,
1462 2632 51 19 havo
1525 2631 49 20 been
1593 2633 130 24 pronounced
1739 2632 27 25 by
1781 2633 28 18 all
1825 2633 45 18 who

523 2662 53 19 have
595 2662 75 19 visited
690 2661 56 18 them
762 2666 76 13 second
856 2665 24 13 to
897 2665 55 14 none
968 2665 22 13 in
1007 2659 52 18 New
1076 2659 105 18 Zealand.
1209 2658 43 19 The
1266 2665 111 15 numerous
1387 2658 134 19 testimonials
1531 2658 92 19 received
1633 2665 23 12 as
1667 2661 20 16 to
1699 2658 53 19 their
1762 2665 57 13 cures
1829 2659 42 19 and

523 2688 86 19 comfort
621 2687 76 19 should
715 2686 26 19 be
758 2686 99 19 sufficient
875 2688 20 16 to
911 2686 73 18 induce
1000 2685 92 19 Tourists
1108 2685 41 19 and
1162 2684 66 21 others
1247 2687 19 17 to
1277 2685 48 19 visit
1336 2684 61 19 them.
1426 2684 33 19 No
1470 2687 57 16 extra
1537 2684 75 25 charge
1623 2684 17 19 is
1649 2684 59 20 mado
1719 2685 31 19 for
1760 2686 34 18 tho
1804 2691 36 13 use
1850 2685 21 19 of

523 2714 35 20 the
569 2714 62 19 baths
641 2716 20 16 to
671 2719 84 19 persons
765 2712 82 25 staying
857 2714 20 16 at
887 2712 35 18 the
932 2711 61 19 hotel.

844 2759 83 26 THE
953 2745 532 39 OKOROIRE~SANATORIUM

550 2803 22 19 Is
582 2801 110 21 connected
703 2800 48 20 with
762 2801 35 18 tho
807 2801 134 24 Telegraphic
952 2803 75 22 system
1038 2800 21 19 of
1069 2800 34 18 the
1113 2799 82 25 Colony,
1205 2799 35 19 tho
1248 2799 116 26 Telegraph
1376 2799 61 19 Oflico
1447 2799 108 25 adjoining
1565 2799 35 18 tho
1611 2799 69 21 Hotel.
1710 2799 36 19 All
1752 2799 119 26 Telegrams

524 2829 104 25 promptly
637 2827 79 24 roplied
725 2829 26 16 to.

551 2855 97 21 Coaches,
659 2853 99 25 Buggies,
770 2852 41 19 and
821 2851 142 26 Conveyances
972 2853 21 18 of
1003 2852 28 19 all
1040 2852 62 19 kinds
1119 2851 58 19 leave
1194 2851 41 20 this
1252 2851 64 19 Hotel
1333 2858 25 11 on
1378 2851 109 24 Tuesdays,
1509 2850 124 29 Thursdays,
1652 2851 40 21 and
1712 2851 118 25 Saturdays,
1849 2858 22 13 or

525 2881 55 24 daily
589 2881 18 18 if
617 2880 103 24 required.
763 2879 87 18 Persons
869 2884 25 13 en
912 2881 58 16 route
989 2879 32 18 for
1039 2878 92 20 Rotorua
1146 2884 33 12 aro
1198 2878 103 18 therefore
1321 2878 87 19 enabled
1428 2881 19 14 to
1467 2878 48 17 visit
1524 2877 35 18 the
1574 2877 93 18 wonders
1677 2878 21 17 of
1712 2878 102 23 Okoroiro,
1832 2878 39 19 and

525 2907 61 26 enjoy
596 2906 36 19 the
642 2905 90 20 Natural
742 2905 44 19 Hot
795 2904 66 19 Baths
870 2905 40 18 and
918 2911 12 12 a
939 2904 58 24 day's
1007 2907 41 16 rost
1057 2904 95 25 previous
1162 2907 20 15 to
1193 2904 140 24 undertaking
1343 2910 12 12 a
1364 2904 88 24 journey
1462 2906 20 16 to
1492 2904 35 18 tho
1539 2903 73 19 Lakes.

1086 2952 83 17 THIS
1193 2952 122 19 HOTEL

697 2981 46 19 Has
751 2981 90 24 recently
852 2981 49 18 boon
912 2980 85 23 erected,
1008 2980 39 19 and
1062 2981 16 18 is
1089 2980 76 25 replete
1175 2980 49 19 with
1241 2987 60 15 every
1311 2981 87 18 comfort
1408 2980 31 18 for
1449 2980 92 18 Tourists
1551 2980 39 18 and
1601 2980 99 19 Invalids.

555 3008 186 21 Xotb.—Tourists
749 3010 22 16 to
781 3006 102 25 Botorua!
912 3006 30 19 Be
953 3013 45 12 sure
1012 3010 21 15 to
1049 3006 48 19 take
1115 3013 52 18 your
1184 3007 85 24 raiiway
1288 3006 73 19 tickets
1380 3006 31 19 for
1428 3006 113 19 Okouoihe.
1579 3006 143 25 Conveyances
1737 3008 52 17 meet
1808 3006 63 20 trains

526 3036 104 22 Okoroire,
642 3034 95 24 carrying
746 3039 122 19 passengers
878 3035 20 16 to
909 3032 63 19 Hotel
982 3032 43 19 free
1041 3033 21 18 of
1071 3032 82 25 charge.

1499 3066 249 50 Manager,

787 3414 245 42 EXPRESS
1068 3414 136 39 LINE
1239 3414 70 41 OF

531 3467 227 57 Carrying
777 3466 97 46 .Her
899 3465 254 57 Majesty's
1189 3463 137 50 Mails

693 3537 274 20 TAUKANGA-ROTOHUA
979 3536 70 18 LINE,

684 3571 68 22 dopurt
799 3568 85 22 Tuesday
893 3568 38 17 and
940 3568 94 21 Saturday

795 3661 85 22 Monday
896 3660 39 17 and
951 3659 71 22 Friday

1091 3568 9 16 8
1110 3573 43 12 a.m.

1049 3591 51 18 10.30
1110 3597 42 10 a.m.

1048 3615 52 15 10.45
1109 3620 43 10 a.m.

1090 3638 10 15 (i
1107 3642 45 16 p.in.

1090 3660 9 16 7
1109 3665 43 11 a.m.

1046 3683 106 22 12.3Q.p.m.

1046 3706 51 16 12.45
1107 3711 45 16 p.m.

1056 3729 42 16 ij.ls
1107 3734 45 16 p.m.

1201 3568 85 17 liotorua

1201 3591 97 17 Ateamuri

1201 3614 94 16 Wairakei

1200 3637 71 21 Taupo,

1199 3660 72 21 Taupo,

1199 3683 95 16 Wairakei

1200 3705 103 21 Ateamuri,

1199 3728 91 20 Botorua,

1347 3414 266 41 COACHES.

1358 3477 52 39 a§
1447 3477 83 44 per
1562 3465 307 59 Time-tables,

1380 3536 218 20 KOTORUArTAUPO
1615 3536 69 18 LINE,

1342 3568 68 21 depart
1457 3567 118 22 Wednesday
1592 3568 37 17 and
1651 3568 95 22 Saturday
1809 3568 9 21 7
1828 3573 41 12 a.m.

1343 3589 68 24 depart
1505 3603 11 8 „
1684 3604 12 8 ~
1815 3596 54 12 noon,

1342 3613 68 23 depart
1504 3626 12 8 ~
1684 3626 11 8 ~
1790 3615 30 16 4.a
1826 3619 43 17 p.m.

1344 3637 60 16 arrive
1504 3650 11 6 „
1683 3650 12 6 ~
1807 3638 10 15 5
1826 3642 43 16 p.m.

1344 3659 67 22 depart
1458 3659 98 22 Thursday
1571 3659 38 17 and
1625 3659 85 22 Monday
1805 3660 9 17 7
1829 3665 40 11 a.m.

698 3786 125 36 Special
836 3785 231 31 Conveyances
1079 3783 157 32 arranged,
1249 3783 49 25 for
1310 3783 35 25 at
1357 3783 54 26 the
1425 3782 146 26 Shortest
1583 3782 122 26 Notice.

855 3820 200 29 STABLES:
1074 3820 168 26 Tutanekai
1271 3820 112 30 Street,
1407 3820 141 24 Rotorua.

694 3866 113 34 Buggies,
825 3862 117 33 ©passes
961 3861 51 24 ai-id
1029 3860 95 29 <§addle
1143 3861 93 32 %r§es
1251 3869 32 23 or?
1300 3860 52 31 f?ire
1370 3869 31 23 or?
1419 3860 45 31 tfye
1482 3860 119 31 (gfyortefct
1620 3859 94 32 s>otise.

1015 3902 130 21 TBR7UTS
1172 3901 217 17 MODERKT9.

879 3933 146 31 Telegrams
1036 3931 54 23 and
1099 3931 99 23 Letters
1206 3930 151 31 punctually
1370 3930 117 23 attended
1496 3932 28 24 to,

531 4013 29 26 N
573 4011 27 26 B
644 4006 114 28 Please
771 4002 74 26 note
858 3999 132 26 address

651 4048 61 67 e.
762 4035 460 74 ROBeRTSON
1269 4035 48 63 &
1352 4035 127 65 CO.,
1517 4043 235 47 Rotorua.

861 4115 306 48 eontraetors
1190 4107 77 51 for
1281 4107 183 50 Messrs
1483 4106 46 50 T,
1551 4106 127 51 Cook.
1699 4107 47 46 &
1766 4109 103 47 Son.

1887 761 437 60 GEYSER
2398 766 370 61 HOUSE

1915 875 341 58 Hydropathic
2279 879 158 55 Hotel,
2472 881 266 49 Wairakei.

2081 958 35 19 Six.
2127 959 58 18 miles
2194 959 53 19 from
2257 959 56 19 Lake
2324 959 70 27 Taupo
2404 961 101 24 (Rotorua
2514 962 59 25 side.)

2063 1021 180 27 SUPERIOR
2264 1023 333 32 ACCOMMODATION..

2086 1077 50 18 ALL
2150 1078 51 17 THE
2214 1078 135 19 COMFORTS
2362 1079 32 18 OF
2407 1081 16 16 A
2435 1081 76 17 HOME
2523 1082 51 17 FOR

2132 1113 148 20 TOURISTS
2296 1115 66 18 AND
2374 1115 154 24 INVALIDS,

1887 1184 65 25 Hot
1977 1184 189 32 Swimming
2188 1185 110 32 Baths,
2324 1187 184 26 Kiri-o-Kai
2529 1196 35 18 or
2590 1190 79 26 New
2694 1190 79 28 Skin

1963 1225 94 31 Bath,
2069 1225 65 26 Hot
2148 1226 130 25 Douche
2291 1228 111 30 Baths,
2424 1229 109 26 Grand
2554 1230 146 32 Climate,

2006 1267 172 27 Elevation
2199 1268 90 31 1,350
2309 1268 63 26 feet
2385 1270 101 25 above
2499 1277 53 19 sea
2564 1271 93 27 level.

1889 1315 197 23 COMPETENT
2102 1316 121 26 GUIDES
2239 1323 122 20 accompany
2376 1319 83 19 tourists
2475 1321 21 17 to
2512 1320 35 20 the
2567 1321 82 19 various
2670 1323 67 24 places
2755 1324 20 18 of

2020 1342 90 22 interest,
2120 1341 65 20 which
2197 1343 59 19 baffle
2268 1344 34 19 the
2312 1347 52 16 most
2374 1345 59 19 facilo
2444 1352 44 18 pen,
2500 1347 41 19 and
2557 1353 38 13 can
2613 1348 48 25 only
2681 1349 24 19 be
2723 1349 52 19 real-

1890 1433 197 23 C9YS6R
2107 1435 198 23 iZKLLGY
2320 1436 90 20 contains
2426 1437 34 18 the
2479 1437 104 26 following
2601 1439 123 24 unequalled
2733 1440 29 18 Na-

1969 1460 54 18 tural
2043 1460 91 18 wonders
2157 1461 157 22 :—Tuhuatajii,
2335 1469 22 11 or
2380 1462 62 19 Great
2466 1462 132 27 Champagne
2616 1464 112 25 Cauldron;
2742 1467 35 18 the

1969 1485 64 18 Great
2043 1485 106 19 Wairakei
2158 1485 78 26 Geyser
2243 1494 5 16 5
2261 1488 33 18 the
2306 1488 85 25 Donkey
2402 1488 91 26 Engine;
2507 1490 34 18 the
2552 1490 54 19 Bath
2617 1491 20 18 of
2648 1491 34 21 tho
2693 1491 83 25 Fairies;

1969 1511 35 19 the
2023 1511 114 24 Lightning
2153 1511 63 30 Pool;
2230 1513 35 19 the
2282 1514 88 19 Cascade
2386 1514 82 24 Gevser,
2486 1522 22 12 or
2526 1516 102 24 Dragon's
2646 1511 83 30 Mouth;
2743 1518 34 18 the

1969 1536 64 20 Black
2044 1536 75 25 Geyser
2127 1536 4 31 ;
2148 1538 34 19 the
2196 1538 50 19 Mud
2258 1540 87 24 Geyser;
2362 1540 33 19 tho
2415 1540 51 19 Bluo
2483 1541 56 19 Lake
2547 1536 4 31 ;
2562 1542 35 18 the
2615 1542 32 19 Oil
2665 1543 65 24 Bath;
2743 1544 35 19 tho

1969 1563 83 24 Eagle's
2061 1564 61 23 Nest;
2136 1564 35 19 the
2178 1564 78 19 Devil's
2263 1565 71 20 Lunch
2342 1566 57 19 Bowl
2408 1563 4 30 ;
2428 1567 33 18 tho
2470 1567 72 19 Prince
2550 1569 21 17 of
2580 1568 76 20 Wales'
2666 1569 98 19 Feathers
2773 1563 4 30 ;

1969 1589 35 19 tho
2024 1589 84 24 Mirror;
2124 1590 35 18 the
2179 1590 57 19 Twin
2257 1591 87 24 Geyser:
2360 1592 34 19 the
2411 1592 59 19 Coral
2487 1593 88 25 Geyser;
2590 1594 35 19 the
2635 1594 67 19 Green
2717 1589 60 29 Pool:

1972 1615 128 19 Terekerehe
2110 1622 23 13 or
2152 1615 48 20 Hell
2220 1616 87 27 Geyser;
2331 1618 34 18 the
2384 1618 68 19 Steam
2472 1618 104 21 Hammer.
2606 1620 84 22 Guide's
2707 1622 33 19 fee
2759 1624 19 17 to

1971 1641 76 25 Geyser
2057 1641 78 26 Valley,
2148 1644 21 16 5a
2178 1641 4 28 ;
2197 1643 90 19 distance
2297 1644 52 18 from
2357 1644 34 19 tho
2406 1644 61 25 hotel,
2481 1647 5 16 1
2500 1646 52 18 mile.

1892 1702 101 22 THG
2013 1702 336 24 HRGHTGHTeH
2361 1709 22 14 or
2401 1704 80 19 Ladder
2499 1704 84 26 Rapids.
2621 1705 42 19 Tho
2680 1706 100 20 Grandest

1971 1726 78 26 Rapids
2060 1728 22 18 in
2091 1728 35 19 the
2136 1728 102 20 Southern
2248 1728 147 27 Hemisphere;
2411 1730 73 25 falling
2500 1731 19 18 in
2538 1731 30 19 sir
2587 1731 82 21 distinct
2688 1733 91 20 cascades

1972 1756 95 22 amongst
2076 1754 62 19 weird
2150 1755 39 18 and
2200 1755 79 25 rugged
2296 1762 82 18 scenery
2406 1756 95 19 Distance
2519 1757 51 19 from
2590 1757 34 20 the
2641 1758 62 24 hotel,
2722 1759 58 19 three

1972 1780 64 18 miles.
2064 1780 74 19 Saddle
2148 1780 70 19 horses
2228 1784 20 15 to
2257 1782 48 17 visit
2319 1782 35 19 the
2368 1782 78 25 Rapids
2461 1784 21 19 7s
2493 1783 26 18 6d
2528 1784 55 18 each.

1896 1840 230 22 K6RHPITI
2145 1846 23 12 or
2178 1839 33 19 the
2221 1839 79 20 Devil's
2309 1841 97 24 Trumpet
2425 1841 17 19 is
2460 1842 43 18 said
2522 1844 21 16 to
2562 1843 49 18 emit
2630 1850 11 12 a
2657 1850 93 18 pressuro
2760 1844 21 18 of

1976 1866 68 18 180lbs
2056 1867 20 17 of
2086 1869 64 15 steam
2162 1869 21 15 to
2192 1866 35 18 the
2237 1867 52 22 inch,
2303 1867 51 19 from
2365 1874 25 12 an
2408 1871 93 20 aperture
2511 1869 21 17 of
2550 1868 63 19 about
2632 1869 71 19 twelve
2712 1870 68 18 inches

1973 1892 20 19 in
2005 1891 103 20 diameter.
2138 1892 96 19 Distance
2254 1892 53 20 fnm
2328 1893 53 18 hotel
2401 1893 56 20 three
2476 1895 40 19 and
2537 1901 11 13 a
2567 1895 44 19 half
2629 1895 68 24 miles;
2712 1896 68 18 saddle

1972 1919 70 18 horses
2053 1921 19 16 to
2080 1917 47 20 visit
2137 1918 35 19 tho
2182 1918 71 22 above,
2264 1920 22 17 2s
2297 1919 25 18 Gd
2333 1919 55 19 each.

1895 1978 102 22 THG
2017 1978 142 25 HUKH
2176 1978 165 27 FKL-L-gi,
2359 1978 34 18 the
2411 1978 100 20 Grandest
2528 1979 56 19 Falls
2594 1980 20 18 in
2633 1980 34 19 the
2685 1980 95 19 southern

1976 2004 135 25 hemisphere.
2140 2004 43 19 The
2194 2004 55 18 Falls
2260 2011 45 18 may
2317 2003 24 21 be
2352 2004 71 19 visited
2434 2011 24 12 on
2468 2004 34 19 tho
2515 2011 54 13 same
2588 2006 115 25 expedition
2714 2013 22 12 as
2746 2006 34 20 the

1975 2030 79 18 Devil's
2065 2031 104 24 Trumpet.
2199 2030 96 19 Distance
2305 2031 52 18 from
2367 2031 55 18 hotel
2432 2031 56 18 three
2500 2031 39 19 and
2549 2038 12 12 a
2577 2031 44 19 half
2630 2032 68 23 miles;
2712 2032 68 19 saddlo

1973 2056 59 19 horse
2042 2062 22 13 or
2065 2074 7 8 #
2073 2055 72 27 buggy
2156 2058 22 17 2s
2188 2057 26 17 Cd
2228 2057 56 18 each.

2451 2117 327 55 Proprietress.

2096 2261 59 25 Hot
2182 2262 97 25 Lakes
2298 2262 33 24 of
2348 2262 70 24 New
2437 2261 143 27 Zealand,

2199 2429 534 40 :rVi:M<Vi3i:iillkl

2035 2528 27 18 IS
2075 2528 22 18 A
2110 2527 192 22 FIRST-CLASS
2315 2528 206 18 TEMPERANCE
2534 2528 107 18 HOTEL.

1985 2596 236 25 HIN6MOK
2238 2596 197 24 STREET,
2457 2595 237 25 ROTORUH'

1895 2660 84 28 npiIIS
1992 2660 60 18 NEW
2065 2661 52 17 AND
2131 2660 190 18 COMFORTABLE
2334 2660 215 17 ESTABLISHMENT
2558 2660 15 16 is
2583 2659 81 17 situated
2673 2659 19 17 in
2702 2659 31 17 the
2742 2662 40 14 new

1901 2678 21 25 JL
1957 2683 124 24 township';of
2089 2684 91 21 Rotorua,
2190 2683 49 17 close
2248 2685 20 15 to
2277 2684 32 16 the
2318 2684 126 16 Government
2459 2683 119 17 Sanatorium
2592 2683 37 17 and
2642 2683 65 20 Baths,
2722 2681 60 18 which

2216 2707 91 22 comprise
2315 2707 32 16 the
2357 2706 104 17 celebrated

1894 2736 94 19 Priest's
1997 2736 66 22 Bath,
2073 2735 108 19 Madame
2191 2735 87 18 Rachel
2287 2735 77 21 Baths,
2376 2734 138 19 Chameleon
2524 2735 95 18 Douche
2628 2734 65 21 Bath,
2709 2733 73 23 Large

1965 2760 57 17 Blue
2032 2759 137 23 Swimming
2178 2759 66 21 Bath,
2260 2758 102 22 Sulphur
2375 2758 94 22 Vapour
2479 2758 59 21 Bath
2547 2758 47 21 and
2603 2757 110 22 Galvanic

2252 2782 96 22 Battery
2358 2781 65 22 Bath,

1894 2806 70 17 OVER
1976 2806 92 17 WHICH
2084 2805 85 17 LARGE
2187 2805 118 17 BATHING
2322 2804 139 22 PAVILIONS
2482 2805 71 19 HAVE
2574 2805 70 17 BEEN
2665 2803 117 19 ERECTED

2000 2829 45 17 with
2055 2835 100 11 numerous
2164 2828 92 24 Dressing
2272 2829 75 19 Rooms,
2358 2829 34 16 etc.
2418 2827 75 18 Besides
2501 2828 52 17 these
2562 2827 53 17 (here
2623 2827 15 18 is
2647 2827 32 17 the

1894 2852 135 19 Pain-killer
2041 2852 65 22 Bath,
2122 2851 134 22 Coffee-pot,
2272 2851 131 18 Cameron's
2416 2850 46 19 and
2477 2850 128 19 Hinemaru
2619 2850 73 18 Baths
2705 2849 24 18 in
2742 2849 40 18 the

2199 2874 150 19 Sanatorium
2366 2874 113 18 Grounds.

1894 2921 115 18 Bathgate
2028 2920 73 20 House
2117 2920 39 19 has
2172 2920 52 18 heen
2244 2919 79 25 greatly
2340 2918 96 26 enlarged
2452 2920 31 17 for
2500 2918 91 19 Tourists
2609 2925 21 12 as
2649 2917 46 20 well
2712 2924 21 12 as
2752 2918 30 18 fur

2131 2946 72 25 people
2216 2946 74 24 taking
2300 2952 12 12 a
2322 2951 69 13 course
2401 2945 21 19 of
2431 2945 34 18 tho
2477 2945 70 21 Baths,

2151 2980 133 18 TERMS
2305 2980 228 19 MODERATE.

2072 3043 52 37 S,
2173 3043 52 34 T.
2280 3043 179 36 BRe
2484 3043 120 36 NT,

2218 3088 242 16 PROFRIETOR.

1895 3114 126 21 N.B,—Most
2030 3116 21 17 of
2059 3116 53 18 thoao
2120 3116 44 18 who
2173 3116 43 19 visit
2225 3117 75 17 Brent's
2309 3117 24 18 do
2341 3124 21 10 so
2371 3118 83 23 through
2463 3119 32 16 the
2510 3119 45 16 kind
2568 3119 180 18 recommendations
2764 3120 18 17 of

2235 3141 87 19 previous
2332 3142 107 16 customers.

1989 3273 216 26 rv>UE>nr\,i
2251 3276 21 21 r
2537 3275 45 27 Ob

1935 3352 381 28 MANUFACTURERS
2352 3354 112 26 AND
2501 3355 248 31 IMPORTERS,

2090 3445 182 35 FORT
2307 3446 289 35 STR96T,

2032 3567 161 24 ROTORUA.

1917 3798 49 22 (One
1973 3799 89 17 minute's
2070 3800 49 16 walk
2129 3800 49 17 from
2185 3801 7 16 t

2047 3824 52 15 mont
2107 3822 76 24 Baths,)

2015 3923 189 26 TeR7UI3;

1921 3965 15 22 3
1938 3965 4 33 f
1943 3965 23 22 ss
1975 3972 45 23 per
2039 3967 87 27 week;
2146 3967 30 22 6s
2190 3974 46 22 per
2244 3968 58 30 day,

1922 4002 61 23 Two
1995 4003 89 26 weeks
2093 4011 28 16 or
2130 4004 100 30 longer,
2248 4006 54 23 30s.

1929 4083 28 34 C,
1991 4084 134 32 HAWKER
2154 4087 141 38 WILSON,

2022 4137 186 24 PfIOPEIETOR,

2792 731 214 48 IMPERIAL
3060 739 121 46 HOTEI

2833 788 121 24 PORT
2978 793 192 26 STREET.

2923 825 158 26 Auckland.

2818 890 94 25 Splendid
2928 894 164 21 accommodation
3104 896 30 21 for
3147 898 49 19 Tour-

2793 915 35 19 ists
2837 917 39 18 and
2886 917 113 22 Travellers,

2809 955 179 31 High-class
3006 958 107 27 Wines
3134 963 61 24 and

2902 988 111 32 Spirits
3026 991 81 33 kept.

2838 1067 38 25 W.
2912 1069 29 24 H.
2972 1070 197 31 PEARCE,

2917 1106 173 33 Proprietor.

2795 1162 46 25 W.
2855 1162 35 28 H.
2911 1163 27 26 &
2956 1164 37 26 H.
3020 1167 32 25 C.
3080 1167 133 30 Wright,

2840 1280 120 23 (fiucocssors
2970 1284 19 15 to
3000 1282 24 19 A.
3036 1283 22 21 L.

2823 1313 71 23 Notify
2902 1313 44 20 that
2956 1315 46 25 they
3012 1322 33 13 arc
3055 1319 116 25 continuing
3182 1320 33 18 tho

2798 1338 94 20 Business
2902 1342 20 16 at
2930 1340 34 19 the
2973 1341 98 20 Premises
3081 1345 33 24 top
3120 1345 20 18 of
3149 1345 57 19 Short-

2798 1364 124 21 land-street.
2950 1366 40 20 The
2999 1367 110 25 high-class
3127 1371 53 18 work
3198 1373 19 17 of

2798 1391 34 18 tlio
2841 1390 40 19 late
2892 1392 31 17 Mr
2933 1391 23 18 A.
2966 1392 22 19 L.
2999 1392 83 27 Wright
3093 1395 39 18 will
3142 1395 24 19 bo
3183 1397 24 18 ad-

2798 1416 60 19 hered
2869 1420 24 19 to,
2906 1418 39 18 and
2954 1425 39 18 any
3008 1419 37 19 left
3062 1420 113 21 unfinished
3192 1423 27 24 by

2799 1442 43 20 that
2852 1443 114 24 gentleman
2977 1444 38 19 will
3025 1446 26 18 be
3065 1447 111 25 completed
3193 1448 26 25 by

2890 1469 34 18 the
2931 1476 42 13 now
2983 1475 144 21 management.

2799 1501 113 26 Telephone
2921 1505 44 17 G57.

2834 1556 21 25 J.
2877 1557 30 24 H.
2929 1557 257 35 BUCHANAN,

2872 1606 94 26 Stone
2978 1607 170 28 Merchant.

2891 1653 172 18 ESTABLISH!-:])
3082 1656 46 18 1892.

2824 1701 114 23 Statuary,
2966 1703 157 19 Monumental
3154 1707 45 17 and

2916 1725 93 19 General
3019 1726 86 21 Mason.

2801 1759 104 18 MAEBLE
2916 1760 165 20 feFREESTOISTE
3090 1763 130 20 CHIMNEYS

2824 1783 94 19 PIECES,
2936 1784 123 22 MANTELS,
3072 1787 84 20 VASES,
3166 1788 32 17 &<-.

2829 1816 136 28 VICTORIA
2982 1819 115 27 STREET
3114 1821 80 26 EAST.

2804 1856 416 42 HUCKLRND,

2828 1917 87 26 Designs
2933 1919 39 19 and
2989 1919 65 21 Prices
3072 1921 111 20 forwarded
3202 1924 18 17 to

2803 1950 38 18 any
2851 1947 44 21 part
2905 1945 20 17 of
2935 1945 33 19 the
2978 1945 94 20 Province
3083 1953 21 12 or
3111 1947 74 26 Colony
3196 1955 24 12 on

2803 1969 125 25 application.

2852 2027 158 45 Steele
3032 2028 135 48 Bros.

2817 2126 182 44 MARAEROA
3045 2127 165 43 SAWMILL,

2803 2227 41 24 A.J
2869 2233 53 22 past
2937 2232 75 19 favors
3027 2234 44 17 and
3086 2234 43 23 beg
3148 2235 24 18 to
3186 2241 23 12 an-

2802 2260 89 13 nounce
2900 2256 51 18 that
2959 2256 85 23 having-
3052 2262 13 12 a
3079 2257 61 23 large
3156 2259 65 17 stock

2802 2278 26 18 of
2837 2278 170 19 well-seasoned
3016 2279 117 19 tirst-class
3142 2281 79 18 timber

2802 2307 30 12 on
2840 2302 60 17 hand
2911 2302 54 22 they
2973 2307 37 13 are
3020 2303 109 22 prepared
3135 2305 24 16 to
3166 2304 55 18 fulfil

2803 2324 76 18 orders
2888 2326 25 17 at
2921 2326 97 17 reduced
3027 2327 67 18 rates.

2805 2392 34 19 HP
2893 2392 47 21 IF
2994 2392 163 23 TTARRISON,
3171 2395 44 16 B.A.

2837 2455 139 18 BARRISTEK
2991 2455 50 18 AND
3052 2456 135 20 SOLICITOR,

2818 2496 34 17 lis,
2874 2495 95 20 Victoria
2990 2495 84 21 Arcade,
3096 2496 116 21 Aucklasd,

2803 2575 90 15 Barrister
2906 2574 37 17 and
2956 2575 84 16 Solicitor
3054 2575 18 16 of
3089 2575 30 17 flin
3137 2575 82 23 Supremi

2895 2597 61 20 Court,
2965 2597 80 20 Ontario,
3053 2597 79 21 Canada,

2804 2829 72 17 Losses
2885 2829 50 16 Path
3105 2828 119 20 £20,000,000

2804 2860 50 17 Fire
2866 2859 97 18 Premium
2978 2859 91 18 Exceeds
3116 2859 108 22 £1,500,000

2804 2891 147 17 Accumulated
2954 2891 49 16 Fu.vi
3007 2895 14 12 is
3026 2890 82 17 Exceed
3117 2891 13 17 £
3134 2892 90 20 1,000,000

2872 2930 37 18 W.
2931 2930 91 18 WAED
3041 2930 108 22 BAKER,

2794 2969 2 23 i
2838 2969 93 19 District
2940 2970 113 22 Manager,
3063 2970 127 18 Auckland.

2888 3009 37 18 W.
2939 3009 26 18 A.
2979 3008 161 23 WILLIAMS,

2862 3048 68 19 Local
2950 3048 80 23 Agent,
3058 3048 107 19 Rotorua.

2858 3111 106 43 DAVID
2993 3110 178 47 SHERRIFF,

2888 3185 110 19 FAMILY
3013 3184 135 22 BUTCHER.

2354 3577 33 22 TO
2402 3577 57 21 THE
2474 3577 56 18 PUB
2534 3576 44 23 WO
2593 3576 34 20 OF
2645 3576 135 20 EOTORUA.

2394 3680 55 19 BEG
2460 3682 20 17 to
2490 3679 63 20 thank
2563 3679 34 20 the
2611 3678 72 21 Public
2693 3679 20 19 of

2354 3735 46 22 past
2410 3732 68 18 fifteen
2488 3737 63 19 years,
2563 3731 41 19 and
2618 3736 20 14 to
2655 3731 64 24 notify
2739 3730 41 19 that

2354 3759 32 17 for
2396 3757 34 20 the
2441 3758 131 18 convenience
2582 3757 22 18 of
2613 3757 98 18 residents
2720 3757 21 17 in
2749 3756 31 19 the

2356 3784 49 19 JS'ew
2416 3783 114 24 Township,
2543 3782 39 18 and
2593 3789 31 18 my
2638 3783 56 19 trade
2712 3788 57 19 gener-

2354 3809 47 25 ally,
2413 3809 11 18 I
2434 3809 51 19 have
2495 3808 52 18 built

2354 3922 65 19 which
2430 3928 33 11 aie
2473 3927 44 12 now
2528 3927 50 17 open
2586 3920 33 18 for
2627 3919 99 24 business,
2742 3918 38 20 and

2354 3948 54 19 lam
2426 3946 97 26 prepared
2545 3948 20 17 to
2577 3945 75 25 supply

2492 3984 69 19 Prime
2581 3983 62 21 Meat

2354 4026 21 18 in
2386 4025 50 19 both
2446 4024 49 19 New
2507 4023 39 19 and
2556 4023 38 20 Old
2605 4023 123 24 Townships.

2380 4103 48 22 'An
2441 4101 150 30 Inspection
2606 4101 22 23 is
2643 4101 106 23 invited.

2560 4146 102 20 HENEY
2676 4145 80 21 KIBK,

2858 3235 75 20 Abaym
2959 3236 89 21 Street,
3071 3237 104 17 I-iotorua.

2832 3285 21 18 Is
2871 3291 44 11 now
2933 3283 92 25 carrying
3043 3290 25 12 on
3086 3283 34 19 the
3136 3283 91 20 business

2806 3319 61 23 lately
2887 3318 109 19 conducted
3013 3318 28 24 by
3057 3317 73 19 Messrs
3149 3318 78 19 Jeckliu

2806 3353 39 19 nnd
2855 3353 73 22 Cotter,
2941 3352 38 18 and
2989 3352 16 18 is
3015 3352 97 24 prepared
3122 3354 20 16 to
3156 3351 71 26 supply

2806 3388 34 18 the
2850 3387 67 25 public
2927 3386 46 21 with
2984 3386 62 25 prime
3055 3386 76 24 quality
3142 3386 21 19 of
3175 3389 52 16 meat

2806 3421 39 19 and
2853 3421 58 19 small
2921 3421 61 24 goods

2877 3464 35 19 AT
2926 3463 114 20 LOWEST
3055 3463 102 19 PRICES.

2832 3544 169 24 WYNYARD
3015 3544 185 28 &PUIICHAS,

2865 3596 126 19 Barristers
2999 3601 40 12 and
3050 3595 119 22 Solicitors,

2805 3650 77 21 B.N.Z.
2891 3650 115 24 Chambers,
3015 3649 68 21 Queen
3088 3650 28 23 St,
3123 3649 102 21 Auckland

2805 3744 79 21 XVTE
2898 3744 50 19 have
2958 3751 70 18 money
3037 3746 20 17 to
3067 3744 46 19 lend
3124 3750 25 12 on
3165 3743 60 19 Mort-

2821 3772 8 15 T
2839 3772 8 15 T
2893 3777 52 18 gag-o
2955 3771 21 18 of
2990 3770 97 19 Freehold
3102 3770 39 19 and
3156 3769 69 19 Lease-,

2805 3796 45 20 bold
2861 3800 93 21 property
2964 3798 21 17 at
2995 3800 78 14 current
3082 3799 58 15 rates.

2820 3846 12 16 A
2849 3845 121 18 TJCKLAi
2972 3845 8 11 T
2986 3845 17 16 D
3016 3840 208 23 ADYEETISING

2957 3862 115 26 AGENCY,,
3091 3862 2 26 .

2826 3899 97 19 Victoria
2935 3899 87 19 Arcade,
3036 3897 70 19 Queen
3121 3895 80 19 Street,

2857 3958 145 23 Advortisingin
3010 3958 25 16 all
3047 3958 23 16 its
3078 3953 92 21 fcrariolies.

2803 3983 52 20 New,
2870 3983 75 21 Unique
2960 3981 37 17 and
3010 3979 80 18 Tasteful
3106 3977 118 23 Advertising

2973 4003 87 21 Medium.

2827 4028 68 17 Orders
2903 4028 49 17 from
2960 4027 25 17 all
2993 4027 50 22 parts
3051 4023 86 19 attended
3146 4024 18 16 to
3180 4022 44 18 with

2804 4057 41 11 care
2854 4051 36 17 and
2900 4051 110 21 expedition.

2806 4150 38 19 and
2855 4149 94 25 despatch
2958 4151 20 16 at
2988 4147 32 20 t\ie
3030 4145 115 21 Chronicle
3157 4144 68 23 Office,
