3300 4360
1085 1402 125 18 VISITORS'
1223 1404 62 18 LIST.

1033 1448 89 18 B&ent's
1134 1449 113 18 Bathgate
1258 1451 78 18 House.

990 1476 107 19 Mesdames
1106 1477 22 18 E.
1138 1477 58 21 Luke,
1207 1478 87 19 Waikato
1301 1476 3 27 ;
1324 1480 78 23 Caplon,

967 1498 82 19 Hawera
1060 1498 4 26 ;
1091 1500 76 20 Gibson,
1198 1502 76 22 .Sydney
1284 1498 3 26 ;
1313 1503 88 21 Jackson,

967 1522 121 22 Greatbatch,
1108 1524 111 23 Auckland;
1241 1526 107 19 McCallum
1365 1528 37 17 and

966 1545 98 19 TaranaM.
1089 1547 68 17 Misses
1166 1547 88 23 Graham,
1269 1549 81 19 Jackson
1368 1550 32 24 (2),

966 1569 98 18 Auckland
1074 1569 3 23 ;
1092 1570 100 22 Atkinson,
1207 1572 99 18 Taranaki.
1337 1574 27 17 Dr
1379 1575 21 17 B.

965 1592 81 21 Eussell,
1061 1593 77 18 Ireland
1146 1592 3 26 ;
1171 1594 69 19 Messrs
1253 1596 83 22 Reaney,
1350 1598 39 17 Wel-

965 1615 75 22 lington
1049 1615 3 28 ;
1067 1617 78 19 Martin,
1157 1618 48 22 Fiji;
1219 1618 78 23 Caplen,
1306 1620 94 23 Hawera;

965 1639 78 20 Gibson,
1062 1639 86 26 Sydney;
1171 1641 88 21 Jackson,
1279 1643 121 22 Greatbatch,

965 1662 61 22 Kysh,
1048 1662 81 23 Maling,
1154 1662 110 27 Auckland;
1287 1663 112 26 Harrowell,

965 1684 122 28 Alfordston;
1111 1687 60 21 Bond,
1194 1688 87 19 Waikato
1291 1684 3 28 ;
1318 1690 81 22 Robson,

965 1709 101 26 England;
1092 1710 122 20 Archdeacon
1232 1712 83 23 Stoeker,
1334 1714 55 18 Inver-

965 1732 76 24 cargill;
1056 1733 46 17 llov.
1112 1734 51 20 Isitt,
1173 1735 140 19 Christchurch.

1094 1780 82 17 Geyser
1193 1781 77 19 Hotel.

988 1807 106 19 Mesdames
1101 1809 79 22 Russell,
1188 1810 95 22 Adelaide;
1294 1807 104 27 Pollexfen,

964 1830 80 18 London
1054 1830 3 28 ;
1072 1832 57 20 Giles,
1139 1830 108 28 Auckland;
1258 1835 73 23 Argall,
1341 1835 47 19 Coro-

964 1854 86 22 mandel;
1070 1856 70 20 Anson,
1159 1854 144 25 Christchurch;
1324 1859 65 18 Ritten-

964 1877 55 24 burg,
1050 1878 95 18 Dunedin.
1187 1880 69 18 Messrs
1287 1881 110 23 Maotavish,

964 1900 121 24 Rittenburg,
1111 1902 99 22 Dunedin;
1236 1904 88 21 Dawson,
1348 1906 39 18 Ade-

964 1924 47 17 laide
1021 1924 4 29 ;
1060 1925 99 23 Kennedy,
1186 1927 61 18 Gould
1271 1924 126 29 Wellington;

964 1947 67 18 Brown
1052 1948 37 18 and
1105 1950 43 19 Son,
1164 1949 55 22 Giles,
1237 1949 54 22 Hold,
1317 1952 80 20 Donald,

964 1970 97 19 Auckland
1071 1970 4 27 ;
1091 1972 64 21 Moon,
1165 1972 27 19 M.
1200 1974 21 17 P.
1231 1974 61 21 Wroe,
1303 1975 94 22 England;

963 1994 67 20 Tinker,
1040 1995 101 23 Tauranga
1149 1994 4 25 ;
1168 1996 91 22 Wendall,
1270 1998 47 18 New
1332 1998 51 18 York
1393 1994 4 25 ;

964 2016 120 23 Shoemaker,
1109 2019 37 17 San
1169 2019 99 20 Francisco
1278 2028 5 14 ;
1305 2023 45 17 Best
1372 2023 25 17 Te

964 2040 80 22 Whaiti;
1073 2042 73 23 Argall,
1177 2040 137 27 Coromandel;
1345 2046 52 20 Rich,

964 2063 91 19 Okoroire
1064 2063 4 23 ;
1082 2066 71 20 Anson,
1162 2066 140 20 Christchurch;

963 2124 56 38 THE
1038 2124 56 38 HOT
1113 2124 94 38 LAKES
1226 2124 170 38 CHRONICLE

963 2162 433 37 AND

963 2199 217 37 Tourists'
1204 2199 192 37 Journal.

963 2236 144 37 WEDNESDAY,
1121 2236 131 37 SEPTEMBER
1266 2236 44 37 23,
1324 2236 72 37 1896.

964 2311 114 18 PltOFESsofi
1085 2312 77 19 Forbes,
1176 2311 42 18 who
1233 2313 66 22 passed
1316 2315 83 21 through

964 2335 43 17 here
1016 2334 60 18 lastw
1085 2334 32 20 ick,
1128 2334 15 18 is
1152 2341 43 11 now
1204 2336 78 23 making
1291 2342 11 13 a
1308 2338 92 22 complete

964 2364 67 16 survey
1040 2359 21 16 of
1070 2359 32 17 the
1111 2357 58 19 Huka
1178 2359 51 17 Falls
1238 2360 38 16 and
1285 2360 37 18 will
1331 2361 58 22 proba-

965 2381 33 22 bly
1005 2382 73 17 remain
1086 2382 22 17 at
1114 2381 96 19 TVairakei
1218 2382 30 18 for
1261 2385 38 16 two
1313 2390 21 11 or
1348 2385 52 17 throe

964 2401 67 21 ■weeks.
1057 2406 20 16 It
1084 2405 16 17 is
1109 2405 116 18 understood
1233 2406 42 18 that
1284 2407 29 17 his
1325 2409 75 21 opinion

965 2434 19 11 us
993 2430 19 15 to
1022 2428 33 17 the
1064 2428 105 23 suitability
1178 2429 20 17 of
1211 2429 31 17 the
1258 2429 51 19 Falls
1326 2432 29 16 for
1369 2432 31 17 the

965 2452 86 21 required
1060 2456 81 18 purpose
1150 2452 15 16 is
1176 2458 11 11 :t
1204 2452 95 18 favorable
1315 2459 35 13 one
1365 2454 35 18 but

964 2475 83 23 nothing
1054 2475 76 18 definite
1139 2481 33 11 can
1183 2475 22 18 be
1212 2476 40 17 said
1259 2477 28 16 till
1294 2477 31 17 the
1333 2484 68 17 survey

965 2498 14 17 is
989 2498 111 22 completed.
1132 2498 39 17 The
1186 2499 70 22 outlay,
1272 2500 90 22 however,
1381 2502 18 17 in

965 2522 32 17 the
1007 2524 69 15 matter
1084 2522 20 17 of
1120 2521 60 23 plant,
1198 2522 39 21 &c.,
1254 2524 38 16 will
1308 2524 23 17 be
1345 2530 44 12 enor-

965 2551 59 11 mous.
1051 2545 38 19 The
1098 2545 116 23 advantages
1221 2546 62 18 which
1291 2543 64 23 would
1369 2555 21 11 ac-

965 2574 44 11 crue
1018 2567 19 18 to
1045 2569 33 17 the
1091 2568 73 17 district
1176 2569 26 21 by
1216 2569 33 17 the
1263 2571 82 17 erection
1358 2571 20 18 of
1390 2578 11 10 a

965 2592 99 21 hydraulic
1073 2592 54 22 plant
1136 2593 19 15 at
1164 2592 33 17 the
1205 2592 51 17 Falls
1265 2599 31 12 are
1305 2600 45 16 very
1362 2595 29 17 evi-

966 2614 50 21 dent,
1026 2615 38 17 and
1073 2616 16 17 if
1097 2615 32 17 the
1138 2615 73 17 scheme
1219 2616 16 17 is
1244 2618 20 15 at
1273 2617 25 17 all
1307 2617 58 23 likely
1381 2620 20 15 to

965 2638 24 17 be
997 2639 104 21 proceeded
1110 2638 46 18 with
1166 2638 16 17 it
1190 2639 15 17 is
1214 2645 97 18 necessary
1320 2642 42 16 that,
1369 2642 32 17 the

966 2661 227 23 Waiotapu-Tauporoad
1198 2662 68 18 should
1271 2663 25 18 be
1301 2664 73 22 pushed
1377 2670 23 13 on

966 2685 135 23 energetically
1110 2691 20 12 as
1134 2685 28 21 by
1167 2685 44 18 that
1216 2687 54 17 route
1279 2688 55 17 much
1341 2688 60 22 heavy

966 2708 109 23 machinery
1081 2708 62 18 would
1150 2709 47 17 have
1202 2710 19 16 to
1230 2709 126 24 beconveyed.
1362 2712 39 17 The

966 2731 112 18 Areateatea
1087 2733 69 21 rapids,
1166 2731 52 18 three
1229 2733 53 17 miles
1295 2732 60 20 below
1369 2735 32 17 the

967 2755 57 19 Falls,
1046 2761 48 11 were
1115 2753 40 20 also
1175 2755 68 18 visited
1263 2757 26 22 by
1306 2757 95 19 Professor

967 2778 70 17 Forbes
1046 2778 43 17 who
1098 2785 38 11 was
1145 2779 56 17 much
1214 2780 64 17 struck
1293 2781 45 17 with
1353 2781 48 18 their

966 2801 76 22 beauty.
1068 2800 99 25 Although
1182 2808 11 11 a
1206 2803 49 21 good
1270 2804 42 17 deal
1329 2805 19 17 of
1360 2805 41 17 rain

967 2824 37 16 had
1014 2825 57 17 fallen
1081 2826 107 21 previously
1197 2826 33 16 the
1238 2828 59 16 Water
1305 2833 38 12 was
1358 2828 20 18 of
1392 2834 9 11 a

967 2847 93 18 beautiful
1069 2848 44 17 bine
1122 2849 50 17 color
1178 2849 37 17 and
1224 2849 33 18 the
1268 2851 55 17 series
1333 2851 20 17 of
1361 2858 30 11 cas-

967 2871 54 16 cades
1029 2872 62 16 which
1101 2872 48 18 form
1160 2872 31 17 the
1200 2873 63 21 rapids
1273 2874 39 17 had
1324 2880 10 11 a
1346 2880 42 18 mag-

967 2894 75 17 nificent
1052 2895 59 16 effect.

967 3186 34 11 one
1011 3182 21 15 to
1046 3187 75 11 remove
1135 3181 33 17 the
1182 3183 81 18 remains
1277 3184 20 17 of
1313 3190 11 12 a
1341 3185 61 17 friend

967 3209 56 15 every
1032 3204 73 22 facility
1115 3205 37 17 will
1161 3205 24 17 be
1193 3205 84 19 afforded
1286 3207 36 17 and
1331 3214 11 11 a
1350 3208 53 22 place

968 3227 90 21 provided
1065 3228 19 16 in
1095 3228 31 17 ilie
1134 3235 40 10 new
1185 3230 98 22 cemetery.
1302 3231 23 16 In
1334 3232 68 17 regard

967 3250 19 17 to
997 3250 32 18 the
1033 3250 92 24 blocking
1133 3252 19 16 of
1159 3251 32 18 the
1197 3253 45 16 road
1250 3253 25 22 by
1282 3254 32 17 tiro
1322 3255 80 17 erection

967 3273 20 16 of
1005 3273 32 17 the
1051 3274 54 16 fence
1118 3280 11 11 a
1143 3280 42 12 new
1199 3276 46 21 path
1260 3271 15 23 is
1290 3283 43 11 now
1347 3278 56 23 being

967 3296 60 17 made.
1053 3297 32 17 Mr
1093 3297 62 18 Baber
1163 3298 15 17 is
1188 3304 42 11 now
1239 3300 85 23 engaged
1333 3301 19 17 in
1360 3307 32 11 sur-

967 3320 70 22 veying
1046 3320 32 17 the
1093 3326 41 11 new
1147 3323 98 21 cemetery.
1276 3323 127 23 One-quarter

967 3342 20 17 of
1002 3343 32 17 the
1049 3344 61 16 whole
1127 3349 43 13 area
1187 3345 38 17 will
1239 3346 23 17 be
1279 3346 38 18 laid
1334 3348 33 17 out
1382 3344 21 21 in

968 3372 57 15 grave
1033 3367 51 20 plots
1091 3368 21 16 to
1119 3367 31 17 the
1160 3369 80 16 number
1248 3370 20 16 of
1277 3370 39 16 300.

969 3417 35 17 Mr
1018 3418 71 19 Elsddn
1105 3420 51 20 Best,
1171 3421 63 17 whose
1247 3422 74 18 articles
1338 3422 19 18 in
1371 3424 33 17 the

969 3441 117 18 CHRONICLE
1102 3443 42 17 !'ln
1157 3443 81 18 Ancient
1253 3445 61 17 Maori

969 3470 30 11 are
1008 3471 43 10 now
1058 3465 57 23 being
1121 3466 92 23 prepared
1222 3468 30 16 for
1260 3468 115 22 publication
1384 3470 20 17 in

968 3485 99 25 pamphlet
1075 3489 54 20 form,
1140 3490 34 16 has
1183 3490 46 17 been
1240 3491 19 16 in
1274 3491 84 18 Rotorua
1375 3493 29 17 for

969 3511 32 16 the
1009 3512 44 22 past
1061 3512 51 16 week
1121 3513 50 17 after
1179 3519 25 11 an
1218 3514 87 22 eighteen
1322 3516 81 18 months'

969 3534 75 22 sojourn
1055 3535 19 16 in
1089 3535 127 18 Tiihoe-land.
1292 3538 46 17 Best
1350 3539 16 17 is
1380 3546 24 10 an

969 3557 105 18 enthusiast
1082 3558 18 16 in
1110 3559 25 16 all
1144 3560 78 17 matters
1231 3560 20 17 of
1263 3561 61 17 Maori
1336 3562 57 17 ethno-

969 3581 45 21 logy
1024 3581 38 17 and
1071 3581 99 23 philology
1176 3582 38 17 and
1221 3582 70 25 during
1296 3584 28 17 his

1107 3605 19 16 in
1139 3605 34 17 the
1186 3605 89 19 TTrewera
1289 3609 79 22 country
1381 3609 23 17 he

969 3627 34 16 has
1012 3628 85 17 amassed
1105 3634 10 11 a
1124 3628 42 17 deal
1175 3629 20 16 of
1203 3635 41 11 now
1251 3630 37 17 and
1293 3630 111 24 interesting

970 3650 122 18 information
1113 3652 103 23 regarding
1236 3652 62 18 Maori
1317 3658 87 15 manners

970 3673 38 17 and
1025 3674 82 17 customs
1115 3673 4 22 ;
1142 3675 23 17 he
1183 3675 33 17 has
1232 3675 80 19 listened
1321 3678 19 16 to
1356 3678 48 17 their

970 3701 57 17 songs
1036 3697 38 16 and
1081 3703 55 15 s;ie;as
1145 3697 38 18 and
1192 3698 47 22 duly
1251 3700 88 17 recorded
1352 3701 51 17 them

971 3725 21 10 as
1001 3720 123 22 opportunity
1134 3720 75 18 offered.
1235 3722 39 17 The
1282 3723 59 18 result
1349 3724 20 17 of
1374 3724 30 17 Mr

970 3742 61 18 Best's
1039 3743 106 17 researches
1154 3744 38 17 will
1202 3745 72 22 shortly
1283 3746 24 17 bo
1316 3746 59 18 issued
1383 3748 19 16 in

970 3765 50 17 book
1029 3766 50 16 form
1091 3767 49 17 from
1154 3767 33 17 the
1201 3768 64 17 Lands
1282 3769 37 17 and
1334 3770 70 23 Survey

971 3788 125 22 Department
1111 3789 38 18 and
1163 3791 39 17 will
1216 3791 23 17 be
1259 3791 106 19 illustrated
1379 3793 25 22 by

971 3811 131 23 photographs
1117 3813 58 17 taken
1190 3820 23 11 on
1229 3814 32 17 the
1281 3817 43 20 spot
1336 3816 25 22 by
1374 3817 30 16 Mr

971 3834 122 23 Humphries,
1104 3836 49 17 chief
1161 3842 95 17 surveyor,
1265 3838 84 18 Hawkes
1357 3840 46 22 Bay.

973 3900 102 23 LOCAL
1089 3899 97 26 NEWS
1209 3902 70 24 AND
1293 3904 109 24 NOTES.

1173 3940 26 15 -

994 3963 16 17 A
1027 3963 57 22 sliiirp
1101 3964 116 23 earthquake
1234 3966 57 18 shock
1316 3973 36 11 was
1370 3964 34 21 felt

970 3985 44 18 here
1023 3992 25 11 on
1061 3987 85 23 Monday
1154 3989 21 16 at
1183 3989 11 16 0
1203 3989 76 17 o'clock.

994 4018 40 16 The
1042 4018 46 18 time
1096 4019 30 17 for
1140 4019 81 23 lodging
1237 4021 75 17 tenders
1328 4022 29 17 for
1372 4022 33 17 the

971 4041 83 17 erection
1068 4042 20 16 of
1105 4042 88 23 huilding
1210 4045 19 15 at
1245 4043 95 19 Atiamuri
1347 4045 15 17 is
1371 4052 22 10 ex-

971 4064 68 17 tended
1048 4065 50 16 until
1114 4065 96 23 Saturday
1218 4067 20 16 at
1246 4067 10 16 9
1265 4072 46 17 p.m.

995 4095 82 18 Tenders
1086 4102 31 11 are
1125 4097 60 17 called
1202 4098 30 16 for
1249 4098 88 18 firewood
1353 4100 20 16 to
1382 4099 23 17 he

971 4117 93 18 delivered
1075 4121 20 15 at
1103 4119 52 18 Lake
1164 4120 65 18 House
1238 4126 20 12 or
1271 4128 24 10 on
1309 4122 62 17 trucks
1381 4128 24 11 on

970 4140 77 23 railway
1056 4141 43 18 lins.

1465 115 77 22 To-day
1555 117 33 16 the
1602 117 64 19 Queen
1674 118 35 18 has
1724 120 77 18 reierned
1810 121 66 22 longer

1441 139 47 16 than
1498 145 37 16 any
1543 140 54 16 other
1606 144 93 19 occupant
1715 143 21 16 of
1750 138 32 22 The
1795 143 81 23 English

1440 161 75 17 throne.

1463 192 40 17 The
1522 194 54 16 usual
1597 195 89 23 monthly
1699 197 85 23 meeting
1802 198 20 17 of
1843 199 33 17 the

1439 216 59 16 Town
1523 216 63 18 Board
1607 218 52 17 takes
1684 220 54 21 place
1764 222 112 17 to-morrow

1439 239 100 17 afternoon
1545 241 20 15 at
1574 241 41 16 2.30
1625 241 76 18 o'clock.

1462 270 39 17 The
1511 271 124 23 Prospecting
1647 273 118 19 Association
1772 277 58 16 meets
1844 277 21 16 to-

1438 293 58 22 night
1510 295 21 15 at
1546 295 33 17 the
1593 295 64 17 Grand
1665 297 60 17 Hotel
1734 299 21 16 at
1771 298 33 17 the
1820 300 55 17 usual

1438 316 53 17 hour.

1461 347 75 18 Stead's
1545 349 123 22 Mnsteifiece
1677 351 87 22 Library,
1779 351 95 21 Numbers

1438 371 16 18 1,
1465 371 10 16 2
1484 371 38 17 and
1531 373 10 14 3
1550 373 19 16 to
1583 373 57 19 hand,
1658 374 118 23 Threepence
1793 377 81 17 each-at

1437 394 118 18 Chronicle
1564 396 74 17 Office.*

1460 426 17 16 A
1486 428 74 15 concert
1569 427 37 17 and
1614 429 56 16 social
1679 429 19 17 in
1708 430 31 16 aid
1748 430 20 17 of
1776 431 32 17 ihe
1818 431 44 19 Pres-

1436 448 87 22 byterian
1532 449 74 18 Church
1616 451 91 24 Building
1719 453 55 17 Fund
1783 455 38 16 will
1830 456 43 16 take

1436 472 53 22 place
1499 473 19 16 in
1532 473 32 17 the
1581 474 117 19 schoolroom
1712 482 25 11 on
1754 477 119 23 Wednesday

1435 496 53 16 next.

1459 524 40 17 The
1515 525 63 17 native
1595 523 45 20 land
1657 529 53 15 court
1727 534 39 11 was
1783 529 89 23 formally

1436 547 72 22 opened
1518 548 37 17 this
1564 549 88 23 morning
1661 550 37 17 and
1708 550 106 24 adjourned
1822 552 30 17 for
1861 559 11 11 a,

1435 570 59 18 week.
1520 571 31 17 Mr
1560 571 98 22 Sheridan,
1667 573 52 18 clerk
1736 575 20 17 of
1769 577 53 15 court
1831 582 39 12 was

1435 594 20 16 in
1463 594 119 18 attendance

1459 625 39 18 The
1520 628 63 20 report
1605 627 21 17 of
1643 627 32 17 Mr
1691 629 83 22 Reaney,
1798 630 74 18 district

1435 648 46 17 road
1490 650 88 21 engineer
1587 650 56 17 taken
1653 651 48 18 from
1710 652 33 17 the
1753 653 76 17 Annual
1840 660 20 11 re-

1435 672 44 18 port
1496 672 20 17 of
1525 672 32 18 the
1566 673 64 17 Lands
1638 674 133 22 Department,
1782 676 37 17 will
1836 683 23 16 ap-

1435 700 45 16 pear
1489 697 47 15 next
1544 696 54 17 issue.

1458 726 68 17 Notice
1543 728 21 16 of
1571 728 116 22 application
1696 730 30 16 for
1741 730 32 17 the
1789 731 83 18 transfer

1435 750 19 16 of
1463 750 33 16 the
1505 750 67 18 license
1581 752 21 16 of
1618 751 32 17 the
1664 752 68 18 Palace
1746 754 58 17 Hotel
1821 755 49 17 from

1433 772 52 18 John
1494 773 95 17 Johnston
1597 775 21 16 to
1626 775 65 17 Frank
1705 776 73 18 Waters
1792 783 78 17 appears

1433 796 21 17 in
1463 797 80 16 another
1552 797 80 18 column.

1522 829 87 17 Windsor
1618 829 100 23 Magazine
1748 832 30 17 for
1794 832 76 23 August

1433 851 85 18 contains
1532 858 24 11 an
1572 855 80 14 account
1668 853 21 17 of
1707 854 33 17 the
1760 856 110 17 Australian

1433 874 105 18 Cricketers
1551 881 43 11 now
1607 876 20 16 in
1641 876 97 23 England,
1762 878 45 17 with
1824 885 34 16 por-

1433 898 55 17 traits
1498 898 36 17 and
1544 898 112 18 interviews.

1456 929 64 23 Judge
1537 930 43 20 Gill,
1597 930 45 18 land
1663 932 92 22 purchase
1772 935 63 21 agent,
1852 935 17 16 is

1432 953 57 22 again
1506 954 19 16 in
1539 953 106 24 Tauranga,
1664 955 38 17 and
1711 962 44 16 may
1761 956 24 17 be
1801 957 67 18 looked

1432 977 29 15 for
1470 976 19 16 in
1505 977 84 17 Rotorua
1604 978 80 22 shortly.
1709 978 32 18 Mr
1757 980 111 17 Carnaehan

1432 999 34 17 left
1477 1000 29 16 for
1515 1000 100 22 Tauranga
1624 1007 24 11 on
1657 1001 86 21 Monday
1752 1004 19 16 to
1781 1003 39 17 ioin
1836 999 32 22 Mr

1432 1022 38 17 Gill
1478 1023 59 17 there.

1454 1054 107 23 Merepeka,
1582 1061 11 11 a
1608 1056 61 17 Maori
1686 1062 74 12 woman
1778 1059 21 16 of
1820 1058 47 23 high

1431 1077 53 20 rank,
1494 1078 104 22 belonging
1606 1081 20 15 to
1635 1079 90 21 Rotorua,
1742 1081 43 17 died
1799 1083 19 15 at
1835 1083 32 17 the

1430 1100 63 19 Judea
1510 1102 108 17 settlement
1642 1109 24 11 on
1687 1103 86 23 Monday
1797 1105 19 17 of
1829 1105 38 18 last

1430 1124 57 17 week.
1515 1124 35 18 She
1565 1131 38 11 was
1622 1126 81 18 married
1721 1128 20 16 to
1766 1134 12 11 a
1801 1134 66 18 young

1430 1147 50 17 chief
1488 1148 67 17 named
1564 1149 120 17 Wharetaka.

1454 1179 33 17 Wo
1517 1182 63 19 regret
1605 1180 32 18 the
1659 1182 127 17 unavoidable
1810 1184 56 22 delay

1430 1203 61 16 which
1501 1203 33 17 has
1545 1203 56 17 taken
1610 1204 53 21 place
1669 1204 20 17 in
1698 1205 33 17 the
1748 1206 117 22 publication

1429 1226 20 17 of
1471 1226 32 17 Mr
1519 1227 60 17 Best's
1597 1227 97 23 pamphlet
1785 1231 81 17 Ancient

1431 1249 61 17 Maori
1600 1250 38 17 The
1647 1251 38 17 last
1701 1257 59 17 pages
1774 1259 32 11 are
1822 1259 43 12 now

1430 1272 57 22 being
1497 1273 75 22 printed
1581 1274 27 16 off
1615 1274 37 17 and
1661 1274 33 17 the
1703 1275 77 18 booklet
1790 1276 38 17 will
1841 1277 24 17 bo

1429 1296 64 16 issued
1503 1297 65 16 within
1578 1303 10 10 a
1598 1297 100 23 fortnight.

1451 1327 71 23 Joseph
1531 1328 106 23 Hocking's
1645 1330 48 16 New
1701 1330 68 21 Novel,
1802 1331 63 18 Fields

1428 1351 20 17 of
1463 1351 45 17 Fair
1640 1359 44 16 may
1700 1353 24 17 be
1737 1355 91 22 expected
1844 1356 19 16 in

1428 1374 32 17 the
1478 1374 87 18 Colonies
1587 1375 70 23 during
1673 1377 89 17 October.
1788 1378 74 18 Fifteen

1428 1398 96 17 thousand
1599 1399 45 17 Men
1658 1406 32 11 are
1791 1402 26 22 by
1831 1403 33 16 the

1427 1426 51 12 same
1505 1422 69 16 author
1596 1422 48 17 have
1660 1423 47 17 been
1725 1424 42 17 sold
1783 1425 19 16 in
1819 1425 44 18 nine

1427 1445 82 16 months.

1449 1476 33 17 Mr
1498 1476 80 19 Thomas
1587 1477 83 23 Honey's
1679 1479 110 17 Australian
1803 1480 59 18 Novel

1455 1500 38 17 The
1511 1500 40 17 Girl
1560 1502 20 15 at
1589 1500 103 23 Birrell's,"
1706 1502 34 17 has
1757 1505 39 16 met
1816 1504 46 17 with

1426 1528 11 12 a
1446 1529 45 16 very
1500 1523 45 17 kind
1552 1524 101 22 reception,
1663 1526 32 16 the
1705 1526 61 17 critics
1776 1528 76 21 general-

1428 1546 20 18 ly
1456 1547 120 22 recognising
1585 1548 32 16 the
1630 1549 85 17 truthful
1724 1550 37 16 am)
1778 1550 84 18 realistic

1427 1570 82 20 pictures
1528 1570 23 17 lie
1568 1568 33 20 has
1616 1571 66 18 drawn
1700 1573 21 16 of
1736 1573 72 17 station
1823 1574 39 17 and

1425 1593 49 17 bush
1484 1593 38 17 life.

1448 1625 34 17 We
1506 1631 31 11 are
1553 1625 20 17 in
1597 1626 70 22 receipt
1685 1627 20 17 of
1730 1628 32 17 the
1787 1630 75 16 current

1427 1648 83 18 month's
1519 1648 49 19 issue
1585 1649 20 16 of
1621 1650 33 17 the
1663 1650 110 18 Travellers'
1784 1652 78 17 Gazette

1424 1671 100 23 published
1533 1672 25 22 by
1574 1672 69 18 Messrs
1659 1674 20 16 T.
1696 1674 51 17 Cook
1761 1676 38 16 and
1816 1676 44 21 Son,

1427 1695 68 17 lourist
1505 1697 72 20 agents.
1604 1696 19 16 It
1632 1697 85 18 contains
1727 1698 32 17 the
1768 1698 57 18 latest
1830 1699 20 17 in-

1425 1719 104 16 formation
1538 1719 103 23 regarding
1649 1723 64 15 routes
1728 1722 21 16 of
1765 1723 60 16 travel
1841 1723 20 17 in

1423 1742 26 16 all
1458 1742 106 17 directions.

1446 1773 17 17 A
1472 1774 146 22 correspondent
1627 1775 61 17 draws
1695 1777 94 17 attention
1800 1778 20 16 to
1828 1777 33 18 the

1423 1797 39 16 fact
1479 1797 42 17 that
1536 1797 32 17 the
1582 1798 36 16 evil
1632 1799 88 22 smelling
1729 1806 73 11 carcase
1816 1801 21 17 of
1849 1807 12 11 a

1423 1821 55 16 horse
1495 1820 33 18 lies
1537 1827 23 10 on
1578 1821 32 16 the
1625 1821 75 18 Wairoa
1709 1823 45 16 road
1767 1829 45 12 near
1828 1825 32 16 the

1423 1843 47 24 edge
1476 1844 21 17 of
1505 1844 33 17 the
1549 1844 89 23 Tikitapu
1655 1845 59 17 Hush.
1749 1846 33 18 Wo
1799 1848 61 21 notify

1422 1867 33 17 the
1463 1873 51 11 same
1523 1867 18 17 in
1558 1867 32 17 the
1606 1867 49 23 hope
1671 1869 44 17 that
1731 1869 32 18 the
1780 1871 80 17 remains

1422 1897 43 15 may
1473 1891 23 16 be
1505 1891 94 17 cremated
1613 1891 80 18 without
1702 1892 37 18 loss
1749 1894 19 17 of
1776 1894 51 17 time.

1446 1922 81 17 Visitors
1536 1928 31 10 are
1573 1923 107 22 constantly
1695 1924 89 23 pointing
1796 1927 33 15 out
1839 1927 19 16 to

1422 1951 22 11 us
1458 1945 32 18 the
1508 1947 54 20 great
1577 1946 144 18 inconvenience
1738 1949 122 21 experienced

1422 1969 26 22 by
1457 1968 32 17 the
1498 1975 38 10 non
1546 1969 83 22 opening
1645 1970 20 16 of
1677 1970 33 17 the
1719 1971 56 18 baths
1792 1972 18 17 in
1827 1973 33 17 the

1423 1992 91 23 evenings
1522 1992 50 18 after
1580 1992 33 18 the
1621 1992 69 19 arrival
1708 1995 20 16 of
1745 1995 59 16 trains
1821 1996 37 17 and

1422 2011 83 22 coaches.
1531 2015 19 17 It
1559 2015 14 17 is
1582 2017 96 21 naturally
1693 2017 108 19 considered
1818 2019 42 17 that

1422 2039 33 16 the
1464 2039 57 16 baths
1530 2039 63 21 might
1601 2039 43 17 well
1653 2039 23 18 be
1685 2041 72 21 opened
1766 2043 21 15 at
1804 2042 55 23 fiigllt

1422 2062 31 17 for
1462 2062 45 17 nine
1516 2062 76 17 months
1601 2063 20 16 of
1630 2063 33 16 the
1671 2069 51 16 year,
1733 2066 20 15 at
1840 2066 20 17 in

1422 2085 54 22 place
1485 2086 20 16 of
1514 2085 34 17 six.

1446 2117 40 16 The
1499 2117 117 22 Wellington
1631 2119 147 22 correspondent
1792 2121 19 16 of
1827 2121 33 17 the

1425 2140 41 17 New
1485 2140 79 18 Zealand
1585 2140 71 18 Herald
1672 2144 59 15 states
1748 2144 43 16 that

1423 2163 128 17 Government
1566 2165 127 21 contemplate
1708 2166 81 22 sending
1804 2166 56 18 home

1423 2187 30 16 for
1462 2192 10 11 a
1481 2187 117 21 thoroughly
1607 2188 89 22 qualified
1705 2194 50 15 man,
1769 2190 43 16 who
1825 2191 35 17 has

1423 2215 11 11 a
1453 2210 36 17 full
1510 2210 112 22 knowledge
1639 2211 19 17 of
1678 2211 33 18 the
1739 2212 120 24 therapeutic

1423 2233 88 22 qualities
1526 2234 19 16 of
1562 2234 79 17 thermal
1656 2236 73 19 waters,
1740 2242 19 11 so
1769 2236 42 17 that
1828 2238 32 16 the

1423 2256 86 18 Koturua
1524 2257 37 16 and
1568 2257 54 17 other
1636 2258 75 22 springs
1725 2265 44 16 may
1782 2260 24 17 be
1821 2260 30 18 uti-

1423 2279 47 17 lised
1479 2281 20 16 to
1509 2280 31 17 the
1547 2280 42 17 best

1446 2311 32 17 Mr
1496 2311 19 17 J.
1525 2311 18 18 S.
1557 2312 54 17 Bond
1626 2314 20 15 of
1662 2313 32 17 the
1709 2313 81 19 Waikato
1802 2315 58 18 Times

1423 2334 35 17 has
1466 2334 41 23 just
1516 2334 43 23 paid
1570 2342 10 10 a
1591 2335 44 17 visit
1641 2337 20 15 to
1676 2336 85 19 Botorua
1777 2344 24 11 on
1808 2338 41 18 busi-

1423 2363 42 12 ness
1474 2358 102 17 connected
1586 2359 45 16 with
1648 2359 32 18 the
1696 2360 93 18 Almanac
1800 2362 60 17 which

1423 2380 54 18 bears
1486 2381 30 17 his
1524 2387 60 12 name.
1611 2382 87 18 Waikato
1707 2384 67 22 people
1784 2391 31 11 are
1829 2380 20 22 in-

1424 2404 69 17 debted
1507 2406 19 16 to
1541 2405 32 17 Mr
1592 2405 54 17 Bond
1662 2407 29 16 for
1709 2408 109 23 conferring
1836 2415 24 10 on

1424 2427 58 21 them,
1503 2428 33 17 the
1547 2428 118 18 inestimable
1681 2429 50 18 boon
1749 2431 20 17 of
1784 2438 12 10 a
1809 2432 51 22 daily

1423 2456 65 16 paper.
1510 2452 39 16 The
1557 2451 58 18 Times
1622 2452 19 17 in
1651 2453 31 16 the
1691 2455 70 16 matter
1768 2455 20 16 of
1816 2457 33 21 get-

1424 2479 26 17 up
1477 2474 39 17 will
1525 2474 44 18 bear
1578 2476 117 21 comparison
1703 2477 46 16 with
1757 2483 37 17 any
1801 2484 47 11 coun-

1423 2498 32 21 try
1464 2497 52 22 daily
1525 2498 19 16 in
1555 2498 30 17 the
1596 2499 72 22 colony.

1447 2529 39 17 The
1495 2529 128 18 Government
1631 2530 34 17 has
1674 2532 89 21 acquired
1776 2532 84 24 through

1424 2552 33 17 the
1465 2552 56 17 Land
1529 2552 94 18 Purchase
1632 2554 127 22 Department
1767 2556 33 17 the
1816 2563 44 11 area

1425 2575 108 23 embracing
1539 2576 32 16 the
1579 2577 34 16 hot
1622 2577 80 22 springs,
1713 2578 101 19 fuinaroles
1823 2580 37 17 and

1425 2598 435 28 solfatarasnearOralioi-borakoincludingthe

1425 2622 74 17 famous
1509 2622 55 17 Alum
1575 2623 55 17 Cave.
1664 2624 29 17 On
1709 2625 32 16 the
1750 2627 84 21 opening
1841 2628 21 15 of

1424 2645 33 17 the
1474 2645 205 24 Waiotapu-Wairakci
1693 2648 46 17 road
1754 2649 52 17 these
1823 2650 38 17 will

1425 2668 97 18 doubtless
1535 2669 23 17 be
1573 2669 73 23 largely
1655 2668 68 20 visited
1735 2672 25 21 by
1776 2673 84 17 tourists.

1425 2692 55 17 Some
1491 2695 11 5 '•
1512 2693 81 17 terraces
1623 2700 32 11 are
1669 2694 20 17 in
1705 2700 66 13 course
1788 2697 20 16 of
1822 2697 29 17 for-

1425 2715 72 17 mation
1507 2716 58 17 there.

1448 2747 41 16 Mrs
1498 2747 75 22 Wright
1583 2748 20 17 of
1611 2748 101 24 Tauranga
1721 2751 76 21 expects
1806 2752 19 16 to
1837 2751 25 18 be

1425 2770 19 17 in
1451 2770 84 18 Botorua
1542 2771 59 16 about
1607 2772 104 22 Thursday,
1719 2773 33 17 the
1758 2774 26 17 2-)
1784 2774 18 17 th
1809 2775 51 21 i.-ist.,

1425 2793 46 17 with
1492 2800 12 10 a
1525 2794 49 21 good
1591 2796 113 17 assortment
1721 2798 20 15 of
1757 2798 103 22 Millinery,

1425 2817 89 19 Mantles,
1526 2817 158 24 Underclothing,
1695 2819 80 19 Corsets.
1786 2821 74 20 Gloves,

1425 2840 64 22 Fancy
1500 2840 68 20 Goods,
1578 2841 32 18 &c.
1624 2841 32 18 Mr
1664 2842 69 23 Teasey
1744 2844 38 16 will
1787 2850 62 11 accom-

1425 2869 51 16 pany
1485 2864 41 17 Airs
1535 2864 74 22 Wright
1620 2865 45 17 with
1674 2871 12 11 a
1695 2866 36 17 full
1740 2867 28 17 set
1777 2867 20 17 of
1811 2873 38 12 sam-

1425 2886 40 22 ples
1483 2887 20 16 of
1520 2887 26 17 all
1563 2888 33 16 the
1611 2893 42 12 new
1669 2889 97 19 materials
1783 2891 30 16 for
1829 2892 33 16 the

1426 2909 70 22 Spring
1503 2916 64 11 season
1573 2911 41 21 just
1623 2913 19 15 to
1649 2912 51 17 hand
1708 2918 34 16 per
1749 2919 30 11 s.s.
1809 2914 39 17 Rua-

1425 2933 51 21 pehu
1507 2933 37 17 and
1719 2936 110 18 Showroom
1842 2939 20 16 at

1425 2956 40 17 Mrs
1474 2956 111 17 Corbctt's."

1449 2988 39 17 The
1516 2986 104 26 Wellington
1650 2990 58 17 Times
1725 2991 61 18 which
1803 2992 15 17 is
1842 2993 20 16 in

1425 3017 58 16 many
1506 3013 81 21 respects
1609 3013 32 16 the
1651 3014 130 22 mouth-piece
1797 3016 20 17 of
1830 3016 32 17 the

1427 3034 128 18 Government
1564 3036 58 17 stales
1638 3036 43 18 that
1689 3037 16 17 it
1713 3034 21 22 ha
1745 3034 10 22 3
1766 3034 43 22 been
1829 3039 22 17 de-

1427 3057 52 17 cided
1489 3058 43 16 that
1549 3064 10 11 a
1576 3059 92 22 complete
1682 3060 91 23 drainage
1789 3062 73 18 scheme

1426 3081 48 16 shall
1483 3081 24 17 be
1515 3081 90 22 provided
1615 3084 29 15 for
1657 3083 91 21 Botorua,
1766 3085 38 17 and
1820 3086 42 17 that

1427 3104 31 16 Mr
1466 3104 72 22 Napier
1552 3105 42 17 Bell
1607 3106 15 17 is
1631 3107 20 16 to
1660 3106 23 17 be
1691 3106 58 18 asked
1757 3109 20 16 to
1792 3109 58 17 under-

1426 3127 44 17 take
1491 3128 33 16 the
1540 3128 58 17 work.
1635 3129 135 24 Commenting
1786 3137 24 12 on
1824 3132 38 17 this

1427 3150 32 17 the
1469 3151 82 17 Waikato
1559 3152 62 22 Argus
1630 3158 45 17 very
1684 3153 83 23 sensibly
1780 3156 82 17 remarks

1448 3174 136 18 a.sanatorium
1589 3175 82 18 without
1686 3182 11 11 a
1714 3177 90 23 drainage
1821 3183 30 18 sys-

1426 3198 39 16 tem
1474 3197 15 17 is
1498 3203 12 11 a

1495 3236 12 9 iv
1516 3229 3 27 .
1532 3237 25 9 J.J..
1568 3229 72 21 Knock,
1651 3231 20 16 of
1686 3231 32 17 the
1728 3231 41 18 Hot
1784 3232 78 24 Springs

1426 3251 67 21 Hotel,-
1515 3252 25 17 To
1554 3252 68 22 Aroha,
1634 3254 33 17 has
1693 3254 47 17 been
1757 3255 72 18 elected
1851 3263 11 10 a

1427 3275 83 17 member
1519 3276 19 16 of
1547 3275 31 18 the
1596 3276 24 17 Te
1637 3277 64 17 Aroha
1718 3278 58 17 Town
1790 3280 68 17 Board.

1426 3298 32 16 Mr
1467 3298 73 20 Knock,
1550 3299 83 22 judging
1643 3300 47 18 from
1700 3301 33 17 the
1742 3308 57 15 many
1808 3308 44 17 prao

1426 3321 44 17 tieal
1480 3322 120 22 suggestions
1609 3323 61 18 which
1679 3324 24 17 he
1716 3325 55 17 made
1785 3327 30 15 for
1830 3327 32 16 tnc
1861 3321 1 23 1

1426 3344 62 17 better
1496 3345 82 17 conduct
1595 3346 20 16 of
1629 3346 32 17 the
1675 3347 57 17 baths
1749 3348 43 17 hero
1808 3349 54 17 when

1427 3373 24 11 on
1460 3374 11 10 a
1480 3368 44 17 visit
1533 3374 50 12 some
1600 3369 76 18 month's
1693 3376 43 17 ago,
1752 3372 38 16 will
1804 3377 57 17 prove

1427 3396 10 11 a
1446 3391 87 17 valuable
1542 3392 111 22 acquisition
1662 3394 19 16 to
1691 3394 32 16 the
1732 3394 69 18 Board.
1824 3396 38 16 The

1427 3414 55 17 other
1498 3415 92 17 members
1605 3421 31 11 are
1653 3416 70 18 Messrs
1741 3417 67 21 Gaviu,
1823 3419 26 21 By-

1427 3443 64 16 grave,
1501 3438 79 21 Mackie,
1591 3438 38 17 and
1635 3439 110 23 Gallagher.

1450 3468 39 17 The
1510 3469 54 17 usual
1584 3470 88 22 monthly
1693 3471 77 23 sittings
1791 3473 20 17 of
1830 3473 32 17 the

1427 3491 129 22 Magistrate's
1566 3492 57 17 Court
1632 3494 45 17 took
1686 3494 53 22 place
1754 3501 24 11 on
1793 3495 60 24 Friday-

1427 3514 37 18 last
1480 3515 65 17 before
1560 3515 114 19 Lieut.-Col.
1698 3517 86 18 Boberts.
1825 3520 37 16 The

1427 3537 99 23 following
1543 3539 42 16 civil
1599 3545 50 11 cases
1667 3546 45 11 -vere
1725 3541 58 17 heard
1792 3537 70 23 :—Mc-

1428 3560 75 17 Donald
1512 3562 37 16 and
1557 3562 63 17 Boord
1629 3568 17 11 v.
1656 3563 26 17 H.
1693 3563 24 18 K.
1728 3564 66 22 Tekiri,
1808 3565 54 17 claim

1427 3584 30 16 for
1465 3583 33 20 £7,
1509 3584 69 23 freight
1589 3586 20 16 of
1623 3586 86 22 sulphur.
1743 3588 46 17 Part
1805 3588 57 17 heard

1427 3607 38 16 and
1474 3607 104 22 adjourned
1587 3609 20 16 to
1616 3612 47 14 next
1677 3610 66 17 Court.
1774 3611 54 17 Same
1844 3618 17 11 v.

1427 3629 23 17 R.
1465 3629 25 18 K.
1505 3630 63 21 Tikiri,
1585 3631 54 17 claim
1653 3633 30 16 for
1700 3633 43 21 £l2,
1759 3635 71 22 freight
1843 3636 19 16 of

1427 3653 85 22 sulphur.
1538 3654 54 17 After
1601 3655 87 18 evidence
1697 3656 37 17 had
1743 3657 47 17 been
1808 3659 28 16 tali
1839 3664 23 11 en

1427 3682 12 10 a
1444 3676 73 17 verdict
1526 3683 37 11 was
1578 3678 56 22 given
1648 3679 29 16 for
1691 3678 85 23 plaintiff
1791 3681 29 16 for
1836 3681 26 18 £7

1429 3700 31 16 19s
1469 3699 37 17 and
1514 3699 25 17 £2
1550 3701 19 16 2s
1578 3702 55 16 costs.

1451 3730 38 17 The
1498 3730 60 23 slight
1564 3732 92 23 difficulty
1665 3734 63 17 which
1742 3735 88 17 occurred
1843 3736 19 17 at

1427 3753 174 19 Whakarewarewa
1609 3756 20 16 in
1646 3757 68 22 regard
1728 3758 21 16 to
1763 3758 33 17 the
1811 3759 51 16 work

1427 3782 43 11 now
1479 3777 60 22 going
1556 3784 23 11 on
1597 3779 52 17 there
1657 3779 34 17 has
1705 3780 47 17 been
1770 3781 92 23 amicably

1428 3800 74 17 settled.
1528 3801 58 17 Three
1609 3802 70 22 parties
1702 3803 19 17 of
1743 3805 72 16 natives
1832 3811 30 11 are

1428 3828 42 12 now
1481 3824 98 22 employed
1588 3824 18 17 in
1619 3825 32 17 the
1668 3826 79 23 making
1763 3828 20 16 of
1799 3828 62 21 paths,

1428 3846 32 16 &c.
1492 3846 61 18 While
1569 3849 87 21 engaged
1670 3849 19 16 in
1703 3850 114 23 excavating
1834 3852 28 16 for

1427 3868 54 17 these
1489 3875 11 11 a
1509 3869 52 23 layer
1569 3871 20 16 of
1599 3871 84 18 silicatod
1697 3873 99 22 vegetable
1813 3876 37 15 mat-

1427 3893 30 15 ter
1465 3897 38 12 was
1512 3892 91 19 disclosed
1612 3895 115 23 comprising
1733 3896 66 21 leaves,
1808 3897 54 18 limbs

1428 3915 20 17 of
1456 3915 55 21 trees,
1522 3916 39 20 &c,
1571 3916 87 24 showing
1669 3918 41 17 that
1724 3919 20 17 in
1759 3921 44 20 past
1818 3926 44 16 ages

1428 3938 53 17 there
1489 3941 51 15 must
1549 3939 47 17 have
1604 3940 47 17 been
1660 3941 54 17 fierce
1723 3948 67 16 geyser
1803 3944 50 16 activ-

1428 3961 28 22 ity
1470 3961 20 16 in
1505 3962 37 17 this
1556 3962 81 23 locality.
1669 3965 39 16 The
1723 3966 107 21 vegetation
1848 3967 14 16 is

1429 3984 112 23 completely
1561 3986 86 21 petrified
1663 3989 34 15 not
1710 3989 70 21 merely
1797 3990 65 17 coated

1429 4012 43 17 oyer
1481 4008 47 16 with
1536 4009 58 17 silica.

1509 4044 62 32 £56,
1589 4048 59 29 £lO,
1664 4049 58 29 £lO,
1739 4050 43 26 £5.

1430 4088 65 19 Given
1505 4096 56 15 away
1572 4090 32 18 for
1615 4097 11 11 a
1636 4091 66 24 single
1710 4098 66 17 gneiss.
1811 4094 51 19 Send

1430 4117 66 22 stamp
1507 4115 31 19 for
1547 4115 120 25 particulars
1677 4118 40 18 and
1733 4118 94 20 circulars
1843 4125 19 14 to

1430 4140 44 19 Box
1487 4141 42 24 176,
1541 4141 22 24 P.
1563 4141 34 24 0.,
1611 4142 131 26 Wellington.

1922 124 32 18 Mr
1962 124 49 19 Bold
2019 126 95 22 inspector
2120 126 20 17 of
2148 126 108 22 telegraphs
2264 128 66 17 visited

1899 147 85 18 Rotorua
1997 148 37 18 last
2047 149 54 17 week
2114 149 85 23 arriving
2207 156 24 11 on
2246 151 84 22 Tuesday

1899 170 37 17 and
1950 171 76 23 leaving
2038 172 27 22 by
2082 173 108 21 Thursdays
2211 173 57 17 train.
2293 175 37 16 The

1898 196 146 20 improvements
2053 201 43 11 now
2106 195 59 21 going
2174 201 23 11 on
2206 197 21 16 at
2240 196 33 17 the
2289 199 41 19 post

1898 216 52 18 office
1959 223 48 12 were
2016 218 96 23 inspected
2121 218 38 17 and
2166 219 102 22 approved.
2292 220 38 17 The

1897 241 76 20 present
1992 241 111 24 galvanised
2115 242 40 16 iron
2172 242 43 17 wire
2226 242 49 18 from
2299 243 31 17 the

1898 262 70 22 Geyser
1976 264 59 17 Hotel
2052 266 20 16 to
2085 265 33 17 the
2131 265 50 16 main
2195 265 37 17 line
2245 265 15 17 is
2273 267 21 16 to
2307 267 23 17 ho

1896 286 86 21 replaced
1990 286 27 24 by
2026 293 35 12 one
2070 288 21 17 of
2099 294 74 16 copper.
2198 289 39 16 The
2246 289 84 23 existing

1896 309 45 17 wire
1949 310 15 17 is
1973 310 55 18 much
2038 311 96 17 corroded.

1897 340 2 24 .
1919 340 26 17 As
1960 342 40 17 will
2009 342 24 17 be
2050 349 43 10 seen
2110 343 26 21 by
2152 343 94 17 reference
2262 344 21 17 to
2297 350 33 11 our

1895 362 84 20 business
1996 365 85 17 columns
2098 366 32 17 the
2139 366 67 17 Palace
2223 366 57 17 Hotel
2296 367 34 16 has

1895 392 43 11 now
1947 389 120 17 commenced
2076 394 11 11 a
2096 395 41 11 new
2148 395 31 11 era
2191 389 20 17 in
2227 389 25 18 its
2268 396 62 11 career

1895 409 60 18 under
1971 411 32 17 the
2020 414 134 20 management
2171 413 20 16 of
2214 413 32 16 Mr
2266 413 64 17 Frank

1894 432 79 19 Waters.
2014 434 40 19 The
2099 436 67 16 Palace
2209 436 34 17 has
2265 436 38 17 had
2319 444 10 9 a

1894 455 37 19 few
1956 457 60 18 vicissi
2026 458 6 13 *
2041 458 32 17 des
2089 458 21 17 in
2124 458 25 18 its
2165 458 46 18 time
2225 459 33 17 the
2280 461 50 16 most

1894 479 77 17 marked
1979 481 21 16 of
2009 481 61 17 which
2079 488 39 10 was
2126 482 25 17 its
2167 482 73 23 change
2258 483 21 17 of
2294 483 35 17 site

1893 502 49 17 from
1951 503 32 17 the
1992 504 31 17 old
2032 506 52 15 town
2093 506 20 16 to
2122 505 32 17 the
2162 511 47 11 now.
2235 505 54 18 Since
2305 506 25 17 its

1894 526 88 21 opening,
2002 527 60 17 about
2079 529 20 16 12
2116 529 77 16 months
2211 534 43 15 ago,
2272 535 58 17 many

1893 548 146 23 improvements
2055 551 49 17 have
2119 551 47 17 been
2184 552 55 17 made
2256 552 60 17 condu-

1893 571 40 18 cive
1947 574 20 16 to
1984 573 32 17 the
2030 575 82 16 comfort
2128 575 20 17 of
2162 576 70 21 guests,
2247 575 38 17 and
2301 582 28 11 we

1892 594 37 18 feel
1943 596 82 17 satisfied
2047 597 44 17 that
2107 598 60 17 under
2181 599 32 16 the
2238 602 80 16 ntanasre-

1892 620 53 15 mont
1954 619 20 17 of
1982 620 31 16 Mr
2030 621 37 16 and
2084 621 40 16 Mrs
2134 621 78 21 Waters,
2222 622 32 17 the
2270 622 59 17 house

1892 641 39 17 will
1940 643 88 17 continue
2037 644 20 16 to
2074 644 83 18 advance
2173 644 20 18 in
2211 645 54 17 favor
2281 646 46 17 with

1892 664 32 17 the
1933 665 102 23 travelling
2047 667 69 21 public.

1917 696 107 23 According
2032 698 21 17 to
2061 698 33 17 the
2103 700 63 21 report
2185 700 19 16 of
2217 699 33 18 the
2263 700 64 17 Lands

1892 718 126 23 Department
2034 722 95 17 attention
2152 722 33 17 Ims
2206 723 47 17 been
2271 723 56 22 given

1892 741 70 23 during
1971 743 31 17 the
2010 745 44 20 past
2063 750 45 16 year
2122 747 20 15 to
2151 745 32 18 the
2199 747 128 21 preservation

1892 765 20 17 of
1925 765 61 22 places
1999 767 28 20 of.
2033 768 61 17 scenic
2107 773 20 12 or
2134 768 96 19 historical
2248 770 78 17 interest

1892 789 46 16 with
1948 789 61 17 which
2022 789 15 18 is
2053 791 98 17 combined
2164 792 33 17 the
2213 794 114 16 reservation

1892 811 20 17 of
1920 812 78 17 wooded
2013 813 62 22 places
2089 815 30 16 for
2132 815 81 17 climatic
2229 821 96 17 purposes.

1891 834 30 17 An
1930 841 44 11 area
1982 836 20 16 of
2010 837 53 19 8,300
2072 843 51 12 acres
2131 838 34 17 has
2178 839 44 16 thus
2235 839 46 17 been
2297 845 20 12 re-

1891 858 65 18 served
1965 858 58 23 along
2031 860 32 17 the
2077 862 73 15 eastern
2164 862 63 17 shores
2242 863 19 16 of
2274 862 52 18 Lake

1891 881 161 22 Waikaremoaiia,
2077 890 11 10 a
2105 883 41 17 lake
2162 885 62 17 which
2241 888 85 19 presents

1891 904 82 18 features
1989 905 20 17 of
2025 907 83 21 peculiar
2123 907 71 20 beauty
2208 908 64 18 unlike
2288 915 38 16 any

1891 927 54 17 other
1961 928 19 17 in
1997 929 33 16 the
2047 930 77 22 Colony.
2158 931 39 17 The
2213 931 64 18 shores
2293 938 32 12 are

1890 950 79 18 wooded
1986 953 21 16 to
2025 952 33 18 the
2076 954 74 16 water's
2167 954 47 21 edge
2228 955 37 17 and
2280 961 46 17 very

1889 973 78 21 broken,
1972 975 77 17 hencoit
2054 976 15 17 is
2076 977 90 21 probable
2171 978 42 16 that
2220 977 31 19 the
2259 978 9 18 fi
2275 980 50 17 irests

1891 997 37 17 will
1936 998 88 17 continue
2033 1000 113 19 untouched,
2157 1006 45 11 even
2216 1001 15 17 if
2239 1001 32 18 the
2280 1002 45 17 land

1889 1021 71 16 rcniiiin
1969 1021 18 16 in
1997 1022 32 16 the
2037 1022 61 17 hands
2106 1024 20 16 of
2134 1024 32 16 the
2174 1024 79 17 natives.

1912 1051 40 18 The
1966 1052 68 19 Review
2049 1053 23 23 of
2077 1054 78 18 Reviews
2169 1055 38 17 still
2223 1056 101 19 maintains

1889 1074 24 19 its
1922 1076 82 21 prestige
2021 1081 20 13 as
2053 1083 34 11 one
2103 1077 20 17 of
2136 1077 32 18 the
2177 1081 49 14 most
2237 1079 87 19 readable

1889 1098 116 22 periodicals.
2031 1100 23 16 In
2063 1100 33 17 the
2105 1101 75 21 August
2188 1102 80 17 number
2283 1103 41 22 just

1888 1123 20 15 to
1925 1121 51 17 hand
1985 1123 33 16 the
2027 1123 81 23 Cycling
2116 1124 73 17 articles
2199 1130 31 12 are
2246 1126 63 18 contin-

1888 1145 36 16 ued
1939 1145 37 17 and
1993 1145 44 18 deal
2051 1146 47 18 with
2110 1147 33 17 the
2183 1148 52 23 reign
2257 1150 20 16 of
2291 1150 32 17 the

1888 1168 59 17 wheel
2010 1170 121 17 Queensland
2144 1171 37 16 and
2197 1171 58 18 South
2273 1173 37 17 Aus-

1887 1192 61 16 tralia.
2005 1192 39 17 The
2068 1193 48 17 New
2140 1194 83 17 Zealand
2247 1194 76 19 Labour

1976 1215 24 23 by
2009 1215 32 17 Mr
2049 1218 18 15 J.
2086 1217 22 16 L.
2119 1217 58 17 Buiek
2186 1218 98 22 acquaints
2290 1220 32 16 the

1887 1238 66 17 reader
1962 1239 45 16 with
2024 1239 32 18 the
2064 1241 76 21 present
2157 1241 80 22 position
2254 1242 21 16 of
2290 1243 32 17 the

1887 1262 61 21 party,
1961 1261 50 18 what
2020 1262 15 17 it
2049 1262 34 17 has
2092 1258 77 23 effected
2186 1264 37 17 and
2241 1265 52 17 what
2307 1266 15 17 it

1887 1285 46 16 aims
1950 1286 26 16 at.
2002 1285 52 17 Next
2070 1286 67 17 month
2144 1293 23 10 an
2177 1287 64 18 article
2250 1288 25 18 hv
2293 1288 29 19 Sir

1887 1307 71 18 Robert
1968 1308 56 17 Stout
2033 1314 24 11 on
2090 1310 38 16 The
2138 1309 87 19 Political
2239 1311 82 18 Outlook

1887 1331 19 16 in
1915 1331 47 17 New
2079 1333 37 16 will
2125 1333 23 16 be
2156 1333 43 17 road
2209 1333 44 19 with
2263 1335 48 17 inter-

1886 1356 33 15 est.
1934 1354 39 18 The
1981 1354 98 19 character
2085 1355 65 22 ske.tch
2155 1362 15 12 is

1886 1377 37 17 and
1941 1378 28 16 his
1987 1378 58 16 Work
2084 1379 36 16 and
2138 1378 31 19 the
2187 1380 48 17 book
2253 1382 19 16 of
2287 1382 33 17 the

1887 1401 65 17 month
1962 1401 15 17 is
2009 1401 57 17 Made
2075 1402 19 16 in
2105 1403 94 22 Germany
2230 1403 25 24 by
2263 1405 23 17 E.
2297 1405 22 17 E.

1886 1424 98 17 Williams.

1909 1453 26 17 At
1943 1453 33 18 the
1985 1453 36 18 last
2037 1454 85 23 meeting
2140 1455 20 16 of
2175 1455 32 17 the
2220 1456 99 18 Auckland

1886 1476 160 18 Acclimatisation
2056 1478 54 21 Socy,
2120 1478 159 21 MrCheeseman,
2289 1480 32 18 the

1885 1500 100 23 secretary,
1997 1500 63 17 stated
2076 1498 43 20 that
2135 1507 58 17 many
2209 1502 112 23 complaints

1885 1522 37 18 had
1939 1523 47 17 been
1996 1524 55 16 made
2065 1524 25 22 by
2105 1525 33 16 the
2155 1525 70 17 Maoris
2241 1528 20 15 at
2270 1526 51 17 Lake

1884 1546 85 17 Rotorua
1992 1547 43 17 that
2047 1547 33 17 the
2093 1549 53 16 trout
2162 1548 52 17 there
2230 1554 49 12 were
2301 1556 19 11 so

1884 1575 101 12 numerous
2006 1570 43 17 that
2063 1571 47 22 they
2126 1571 100 23 destroyed
2242 1573 25 16 all
2289 1573 32 17 the

1884 1592 59 18 koura
1960 1593 37 17 and
2013 1594 55 16 other
2084 1594 64 18 native
2170 1594 41 18 fish.
2246 1596 74 17 Several

1883 1622 78 16 persons
1978 1617 102 17 interested
2105 1618 19 16 in
2146 1617 32 17 the
2195 1619 73 20 matter,
2283 1620 37 17 and

1884 1639 42 18 who
1935 1645 48 11 were
1992 1639 19 18 in
2021 1646 11 11 a
2046 1639 82 23 position
2138 1642 20 16 to
2167 1642 47 17 form
2225 1648 22 11 an
2265 1643 44 22 opin-

1883 1662 37 21 ion,
1931 1663 38 16 had
1977 1663 48 17 been
2034 1664 76 17 written
2118 1666 20 15 to
2148 1664 29 17 for
2193 1665 122 18 information

1883 1686 35 17 but
1926 1686 33 17 the
1968 1688 93 21 secretary
2070 1687 38 17 had
2117 1688 83 17 received
2208 1694 25 12 no
2242 1689 53 22 reply
2300 1695 20 12 as

1883 1710 37 21 yet.
1946 1709 31 17 He
1993 1710 86 22 thought
2096 1716 50 12 some
2163 1713 50 20 steps
2298 1707 22 23 lie

1882 1733 57 16 taken
1949 1735 20 15 to
1978 1733 56 17 allow
2051 1733 33 18 the
2101 1735 77 21 capture
2187 1735 20 18 of
2214 1735 33 18 the
2263 1737 57 16 trout,

1882 1756 37 17 and
1929 1755 49 18 their
1986 1756 38 17 sahi
2033 1756 25 23 by
2067 1757 75 20 licence,
2161 1764 19 10 so
2195 1765 19 10 as
2228 1760 19 15 to
2263 1759 57 21 bring

1882 1779 19 17 in
1919 1786 10 10 a
1946 1786 80 11 revenue
2040 1782 21 15 to
2078 1780 32 18 the
2127 1781 75 22 society.
2228 1782 31 16 Mr
2276 1782 44 17 Bidl

1882 1802 40 17 said
1946 1803 33 17 the
1995 1803 36 17 fish
2048 1803 85 23 weighed
2152 1804 80 23 perhaps
2242 1805 41 18 181b
2300 1807 19 16 to

1882 1826 49 20 201b,
1941 1826 38 17 and
1987 1831 49 13 wore
2042 1827 33 17 too
2083 1827 34 23 big
2124 1827 36 18 und
2179 1829 30 16 too
2228 1829 40 16 well
2284 1829 31 17 fed

1882 1849 30 17 for
1920 1851 59 20 sport.
2012 1848 32 19 He
2051 1850 82 23 thought
2154 1853 41 14 t:..:t
2211 1852 21 16 in
2246 1852 69 17 certain

1882 1874 52 20 parts
1943 1873 21 16 of
1971 1873 31 17 the
2019 1873 49 20 lake,
2084 1874 37 17 and
2131 1875 19 16 at
2160 1874 71 18 curtain
2245 1881 74 12 seasons

1882 1895 32 18 the
1923 1896 69 22 society
2002 1897 55 16 could
2067 1897 59 21 safely
2136 1897 54 17 allow
2200 1898 32 17 the
2240 1899 76 22 netting

1882 1920 20 16 of
1918 1920 32 16 the
1962 1920 53 17 trout
2025 1920 3 24 ;
2051 1920 18 17 iri
2087 1921 44 18 fad,
2149 1920 23 19 be
2197 1921 83 23 thought
2304 1923 14 16 it

1883 1942 62 18 would
1952 1943 22 17 be
1986 1942 102 18 advisable.
2114 1944 31 17 Mr
2162 1944 119 22 Cheeseman,
2296 1946 19 16 in

1882 1971 73 12 answer
1970 1967 19 16 to
2005 1972 11 10 a
2030 1967 92 21 question,
2140 1968 39 16 said
2194 1968 32 18 the
2242 1968 65 23 regula-

1882 1989 50 18 tions
1941 1989 21 18 of
1969 1989 33 18 the
2010 1989 86 18 Rotorua
2105 1990 73 18 district
2185 1991 55 17 could
2257 1991 23 18 be
2296 1998 20 11 so

1882 2012 92 18 amended
1981 2012 27 23 by
2015 2012 34 18 fhe
2054 2012 98 19 Governor
2166 2014 18 17 in
2200 2013 83 20 Council,
2299 2021 19 12 so

1882 2042 20 10 as
1915 2037 20 15 to
1944 2036 60 17 admit
2020 2036 20 17 of
2054 2037 83 20 netting.
2171 2037 38 18 The
2226 2040 93 21 secretary

1882 2064 38 12 was
1929 2059 104 17 instructed
2047 2061 21 15 to
2086 2060 98 23 telegraph
2201 2061 29 17 for
2244 2062 73 16 further

1882 2082 127 18 information,
2020 2083 38 17 and
2066 2083 33 17 the
2108 2085 68 15 matter
2187 2085 36 16 will
2239 2085 24 17 be
2279 2085 29 17 dis-

1882 2106 65 17 cussed
1956 2107 20 15 at
1985 2107 45 16 next
2040 2107 89 22 meeting.

1906 2137 16 17 A
1932 2143 44 16 very
1986 2137 86 23 pleasant
2078 2138 102 23 gathering
2188 2139 45 17 took
2239 2140 52 21 place
2298 2141 19 16 at

1882 2160 33 17 the
1925 2160 64 17 Grand
2003 2158 60 19 Hotel
2080 2167 24 11 on
2120 2161 100 23 Thursday
2235 2163 81 23 evening

1882 2183 37 17 last
1928 2183 32 18 the
1970 2184 84 17 occasion
2064 2184 58 23 being
2131 2191 11 10 a
2152 2185 83 18 farewell
2250 2186 66 17 dinner

1882 2208 20 15 to
1920 2207 34 16 Mr
1971 2207 36 17 and
2024 2207 41 17 Mrs
2082 2208 101 21 Johnston,
2193 2208 39 18 late
2248 2210 20 16 of
2284 2210 33 17 the

1882 2230 68 17 Palace
1959 2230 65 17 Hotel.
2050 2231 29 16 Dr
2087 2231 80 17 Ginders
2180 2231 91 23 presided,
2287 2233 31 17 Mr

1882 2253 83 18 Boulton
1973 2254 88 22 ocoupied
2069 2254 32 17 the
2108 2254 39 18 vice
2157 2255 51 17 chair
2216 2255 38 18 and
2260 2256 58 17 about

1882 2277 22 17 40
1911 2276 63 18 others
1981 2278 28 16 sat
2016 2278 56 16 down
2079 2279 20 16 to
2106 2278 57 17 table.
2173 2278 38 17 The
2219 2285 55 11 menu
2280 2285 38 12 was

1883 2301 169 21 unexceptionable
2060 2301 20 16 in
2089 2307 56 16 every
2160 2301 58 18 detail
2234 2302 38 18 and
2284 2309 20 11 re-

1882 2323 66 17 flected
1959 2323 31 18 the
1999 2324 76 22 highest
2086 2324 58 18 credit
2158 2331 22 10 on
2199 2325 31 17 the
2247 2326 41 22 chef
2300 2327 19 16 of

1883 2347 19 16 of
1911 2347 32 16 the
1953 2347 70 17 Grand.
2049 2347 40 18 The
2105 2348 55 17 usual
2177 2348 67 18 formal
2260 2351 58 16 toasts

1882 2370 72 23 having
1963 2370 47 17 been
2019 2370 46 23 duly
2074 2370 85 19 honored
2167 2372 33 16 the
2217 2372 101 17 Chairman

1883 2393 57 17 asked
1962 2393 32 17 the
2013 2400 93 16 company
2129 2396 20 16 to
2171 2394 55 18 drink
2249 2397 19 16 to
2286 2396 33 17 the

1883 2416 64 18 health
1957 2417 37 16 and
2004 2417 64 17 future
2076 2418 107 22 prosperity
2197 2419 19 16 of
2233 2419 31 17 Mr
2280 2419 37 17 and

1882 2440 40 16 Mrs
1931 2439 95 19 Johnston
2036 2441 119 22 eupkigising
2164 2442 50 17 them
2225 2442 29 17 for
2270 2443 49 16 their

1884 2464 106 21 generosity
2006 2464 37 16 and
2059 2464 89 18 kindness
2169 2469 21 13 to
2206 2465 54 18 those
2275 2466 44 17 who

1884 2486 54 18 stood
1960 2487 19 16 in
1993 2487 49 17 need
2060 2488 20 16 of
2096 2488 23 16 it;
2152 2488 111 23 Personally
2287 2489 31 17 Mr

1883 2509 95 18 Johnston
1985 2509 38 18 had
2034 2511 90 17 rendered
2133 2511 38 17 him
2183 2512 35 22 (Dr
2232 2509 86 26 Ginders)

1883 2533 87 17 valuable
1979 2534 102 17 assistance
2090 2534 20 17 in
2119 2535 120 23 ministering
2253 2537 19 16 to
2287 2535 32 18 the

1884 2558 61 15 wants
1960 2556 20 18 of
1995 2557 85 20 patients
2094 2558 38 17 and
2150 2558 23 17 he
2191 2558 62 23 hoped
2277 2559 42 17 that

1882 2579 51 22 good
1942 2581 74 15 fortune
2033 2581 64 17 would
2114 2581 64 17 follow
2193 2582 39 16 him
2247 2582 60 17 whore-

1883 2608 43 11 ever
1940 2603 24 17 ho
1981 2605 54 16 went.
2061 2604 39 17 The
2112 2606 50 15 toast
2171 2610 38 12 was
2221 2605 98 23 musically

1883 2626 90 17 honored.
1999 2626 32 17 Mr
2039 2626 97 19 Johnston
2141 2633 39 12 was
2193 2629 91 17 accorded
2295 2635 24 11 an

1883 2649 124 19 enthusiastic
2023 2651 97 22 reception
2138 2652 54 16 when
2207 2652 25 17 he
2247 2657 40 12 rose
2300 2654 19 15 to

1883 2673 59 22 reply.
1968 2673 30 17 He
2011 2673 85 17 thanked
2105 2675 32 16 the
2150 2680 92 17 company
2252 2682 54 10 warm-

1883 2695 18 22 ly
1912 2697 29 16 for
1950 2696 32 17 the
1992 2697 122 22 compliment
2124 2697 45 23 they
2174 2698 38 17 had
2221 2699 43 21 paid
2273 2699 45 16 him.

1883 2719 31 16 Ho
1924 2725 38 11 was
1971 2720 61 22 proud
2041 2722 20 15 to
2070 2727 30 10 see
2109 2727 20 10 so
2146 2721 53 23 hirge
2213 2728 12 11 a
2240 2722 80 17 number

1883 2744 76 20 present
1979 2743 37 17 and
2032 2743 33 17 did
2081 2746 35 15 not
2129 2744 56 18 think
2207 2745 24 17 he
2246 2746 38 16 had
2300 2752 19 10 so

1884 2771 56 17 many
1957 2766 71 18 friends
2044 2767 20 16 in
2079 2767 90 17 Rotorua;
2203 2769 80 22 Though
2296 2769 24 17 he

1883 2795 38 11 was
1938 2789 76 23 leaving
2032 2790 32 17 the
2081 2790 53 22 place
2152 2791 24 17 ho
2195 2791 63 23 hoped
2274 2792 45 22 they

1884 2812 62 17 would
1953 2815 49 14 meet
2012 2813 56 23 again
2076 2814 38 16 and
2126 2819 62 12 renew
2203 2815 32 16 the
2249 2815 60 17 friend-

1884 2835 41 22 ship
1936 2836 60 16 which
2006 2836 45 23 they
2060 2836 39 18 had
2106 2837 79 17 formed.
2223 2838 86 23 Prosperi-

1884 2860 21 20 ty
1913 2861 20 14 to
1943 2859 31 17 Mr
1982 2859 112 18 Johnston's
2226 2867 37 11 was
2274 2862 45 16 then

1883 2882 83 22 pledged
1974 2883 44 16 with
2025 2883 295 23 enthusismandandresponded

1884 2906 19 16 to
1910 2905 26 22 by
1942 2905 32 18 Mr
1979 2906 74 17 Waters
2062 2907 43 16 who
2111 2908 61 21 hoped
2179 2908 43 17 that
2228 2908 54 17 when
2288 2908 32 17 the

1884 2929 45 17 time
1945 2935 51 11 came
2011 2930 30 16 for
2059 2930 40 17 him
2116 2932 20 16 to
2149 2930 52 18 leave
2211 2931 24 17 he
2258 2932 62 16 would

1884 2952 49 18 meet
1942 2952 46 17 with
1997 2958 21 12 as
2028 2953 57 17 much
2101 2953 89 18 kindness
2200 2960 20 12 as
2233 2955 29 17 his
2277 2960 32 17 pre-

1884 2975 91 17 decessor.
2009 2973 29 20 An
2053 2976 117 23 impromptu
2187 2979 74 16 concert
2284 2978 36 17 and

1884 2998 64 17 smoke
1955 3000 144 17 conversazione
2115 3006 38 11 was
2167 3001 45 16 then
2229 3001 91 23 iitdulge'd

1884 3022 19 16 in
1913 3021 37 17 and
1959 3022 81 22 enjoyed
2051 3023 25 22 by
2086 3023 26 17 all
2120 3025 82 20 present.

1976 3053 113 18 WOLFE'S
2099 3054 133 18 SCHNAPPS

1886 3108 94 20 Pleasant,
1996 3108 121 21 wholesome,
2132 3115 46 16 pure
2187 3109 15 17 is
2216 3110 32 16 the
2261 3110 46 17 medi-

1885 3130 40 17 cine
1934 3131 19 16 of
1962 3130 26 17 all
1996 3130 66 18 others
2068 3131 82 23 adapted
2159 3133 29 16 for
2197 3133 33 17 the
2237 3134 81 17 mariner

1885 3153 37 17 and
1931 3153 45 17 land
1989 3154 97 17 traveller.
2112 3155 42 22 Buy
2167 3155 70 18 bottles
2253 3157 65 18 intact.

1921 3217 35 17 ON
1970 3217 71 18 LAKE
2060 3218 216 18 WAIKAREMOANA.

2039 3265 32 17 By
2083 3266 78 17 Tuhoe.

1909 3295 56 17 From
1975 3295 24 17 To
2008 3292 87 22 tjmuroa
2102 3297 31 17 tlio
2144 3297 42 17 trail
2196 3299 19 16 to
2224 3298 84 18 Waikare-

1885 3323 69 12 moana
1962 3319 77 17 ascends
2048 3319 33 17 the
2090 3319 74 18 hillside
2172 3322 20 16 to
2202 3321 32 17 the
2241 3322 31 17 old
2281 3324 29 15 set-

1884 3341 80 17 tlement
1973 3342 20 17 of
2001 3342 26 17 Te
2034 3342 57 17 Mimi
2100 3349 24 11 on
2132 3344 33 16 the
2178 3349 61 18 range
2255 3346 64 17 above.

1885 3365 44 16 This
1938 3365 52 21 pkco
1999 3371 44 11 now
2054 3366 64 17 boasts
2126 3367 21 16 of
2154 3366 37 18 but
2199 3373 34 11 one
2245 3368 64 18 inhabi-

1886 3389 47 16 tant.
1959 3388 56 17 From
2025 3388 44 18 hero
2078 3395 28 11 we
2115 3389 79 18 descend
2204 3392 19 16 to
2229 3391 32 17 the
2268 3392 41 16 llua-

1884 3410 73 17 tahuna
1966 3412 70 16 stream
2048 3412 38 17 and
2095 3413 87 18 continue
2191 3419 26 17 up
2227 3414 36 17 this
2271 3415 50 17 until

1884 3434 91 23 reaching
1983 3434 82 18 Pout-ore
2074 3436 75 17 whence
2158 3436 33 17 the
2203 3437 43 17 trail
2255 3438 66 22 angles

1884 3462 26 17 up
1919 3457 32 17 the
1961 3459 51 20 steep
2020 3460 64 15 ascent
2094 3459 20 16 of
2123 3459 31 17 the
2163 3460 51 16 main
2224 3460 97 18 backbone

1885 3481 20 16 of
1913 3480 32 17 the
1954 3480 87 17 Huiurau
2049 3481 75 23 Range.
2149 3483 125 23 Throughout
2283 3485 37 17 this

1885 3503 56 17 dense
1950 3504 58 16 forest
2017 3510 31 11 are
2060 3510 44 11 seen
2118 3511 12 11 a
2144 3507 54 21 great
2213 3507 72 23 variety
2302 3508 19 17 of

1884 3532 35 11 our
1928 3528 49 15 most
1990 3526 94 18 beautiful
2099 3528 57 21 ferns,
2173 3525 104 28 including*
2288 3531 33 16 the

1884 3549 57 17 todea
1949 3550 88 22 superba,-
2046 3551 33 17 the
2095 3557 46 16 very
2157 3558 60 16 queen
2235 3554 20 16 of
2271 3554 48 16 Fern

1884 3573 61 20 Land,
1955 3579 20 10 as
1984 3573 39 17 also
2032 3573 33 17 the
2081 3573 94 23 koareare,
2190 3576 67 21 ncinei,
2274 3577 47 17 with

1884 3596 55 17 other
1947 3596 86 22 singular
2041 3596 75 19 shrubs.

1907 3619 39 17 The
1954 3619 47 17 view
2010 3619 49 17 from
2068 3620 33 17 the
2110 3622 77 16 summit
2200 3622 20 17 of
2234 3622 86 18 Huiarau

1884 3641 15 17 is
1908 3642 128 22 magnificent.
2054 3643 53 17 Lake
2115 3644 156 19 Waikaremoana
2283 3646 37 17 and

1884 3665 32 16 the
1926 3665 61 17 whole
1995 3666 20 16 of
2029 3666 33 17 the
2076 3666 59 18 lower
2148 3669 81 21 country
2241 3669 33 17 lies
2291 3669 30 17 far

1883 3688 88 21 beneath,
1982 3688 36 18 and
2028 3695 28 11 we
2065 3695 35 11 can
2109 3696 29 11 see
2145 3690 51 23 Gape
2201 3692 118 22 Kidnappers

1884 3711 30 16 far
1922 3713 20 15 to
1950 3712 33 16 the
1992 3712 63 20 south,
2065 3713 38 17 and
2112 3713 32 17 the
2157 3714 66 18 Mahia
2236 3715 33 17 lies
2283 3716 36 16 low

1884 3733 56 18 down
1949 3734 19 17 in
1977 3735 31 16 the
2017 3735 71 22 golden
2096 3736 44 18 haze
2145 3737 44 17 line.
2215 3739 43 16 This
2264 3739 55 17 noble

1884 3757 47 17 view
1940 3758 49 16 from
1997 3758 33 17 the
2039 3760 78 16 summit
2125 3760 15 17 is
2155 3761 43 17 well
2212 3761 61 18 worth
2287 3761 32 18 the

1884 3780 57 17 climb
1949 3780 79 18 thereto.
2054 3782 39 17 The
2102 3782 76 18 descent
2187 3785 19 16 to
2213 3784 32 17 the
2254 3784 42 17 lake
2304 3785 15 16 is

1884 3804 104 16 somewhat
1996 3805 62 22 rough
2067 3811 20 11 as
2097 3806 32 16 the
2140 3807 43 17 trail
2196 3807 52 17 leads
2264 3808 55 17 down

1884 3826 32 17 the
1924 3827 80 17 channel
2013 3828 20 17 of
2039 3828 33 17 the
2077 3829 167 21 Wai-horoi-bika,
2251 3837 11 10 a
2267 3831 41 22 typi-

1884 3850 30 16 cal
1922 3850 98 17 mountain
2029 3852 76 20 stream,
2114 3852 20 17 in
2145 3853 62 17 which
2221 3854 53 17 there
2288 3860 32 11 are

1884 3878 57 16 many
1948 3873 51 21 cliffs,
2008 3873 89 19 boulders
2100 3875 37 17 and
2142 3875 42 18 falls
2190 3878 20 16 to
2216 3877 102 22 negotiate.

1884 3895 16 17 A
1910 3897 49 16 most
1968 3896 99 24 charming
2074 3897 49 17 view
2131 3899 21 16 of
2159 3899 33 17 the
2199 3900 120 23 Whanganui

1884 3924 40 11 arm
1934 3920 20 15 of
1963 3920 32 16 the
2003 3920 43 17 lake
2054 3921 16 16 is
2079 3921 89 18 obtained
2177 3923 48 17 from
2234 3923 32 17 the
2274 3929 45 17 spur

1884 3942 41 21 just,
1933 3942 65 18 before
2007 3943 91 22 reaching
2107 3944 32 17 the
2147 3945 49 17 lake.

1908 3965 20 16 It
1936 3965 15 17 is
1960 3972 11 10 a
1989 3967 50 16 most
2054 3966 103 23 delightful
2174 3969 109 22 experience
2298 3970 21 16 to

1884 3987 46 18 boat
1950 3989 61 16 round
2032 3989 32 17 the
2084 3990 157 19 Waikaremoana
2260 3993 58 17 Lake.

1884 4010 39 17 The
1931 4017 76 17 scenery
2016 4012 15 17 is
2040 4013 62 21 grand
2110 4014 74 22 beyond
2199 4015 119 23 description,

1884 4034 32 16 the
1924 4034 76 18 Wairau
2009 4035 72 18 branch
2094 4036 58 23 being
2166 4038 99 23 especially
2279 4039 30 22 pic-

1885 4058 95 21 turesque.
2005 4059 39 16 The
2052 4059 44 17 lake
2110 4060 34 16 has
2159 4066 19 12 so
2192 4067 57 16 many
2262 4067 55 14 arms,

1886 4080 61 20 inlets,
1957 4081 70 21 points,
2037 4081 47 23 bays
2093 4083 37 17 and
2138 4083 76 21 islands,
2229 4085 42 16 that
2287 4085 32 17 the

1885 4104 63 20 aspect
1957 4104 16 16 is
1982 4104 116 23 continually
2108 4106 102 23 changing,
2220 4108 54 17 while
2287 4108 32 17 the

1885 4127 55 21 great
1948 4127 59 17 forest
2015 4132 69 18 ranges
2093 4128 76 23 sloping
2178 4130 71 22 steeply
2260 4132 18 16 to
2288 4130 31 18 t-hu

1886 4149 73 17 water's
1973 4150 53 22 edge,
2041 4151 33 16 the
2088 4151 50 23 liugo
2155 4153 88 17 Panekiri
2260 4153 59 17 Bluffs

2354 132 59 23 rising
2422 132 54 18 sheer
2492 139 26 16 up
2532 134 30 17 for
2575 137 34 14 800
2625 135 39 18 feet
2680 136 60 15 above
2756 136 32 16 the

2353 154 48 22 lake,
2412 156 33 16 fhe
2453 156 59 17 forest
2520 158 78 17 covered
2606 158 103 18 islets—all
2717 158 46 18 tend
2769 160 19 16 to

2353 178 49 17 form
2411 185 11 10 a
2431 180 50 15 most
2490 180 60 22 grand
2559 181 37 17 and
2603 182 120 22 picturesque
2728 187 60 12 scene.

2376 201 26 18 To
2410 202 24 17 be
2443 202 19 17 in
2475 208 55 17 camp
2544 210 24 11 on
2582 204 157 19 Wairau-moana
2751 205 37 17 and

2352 225 47 16 view
2408 225 33 17 the
2450 226 71 16 sunrise
2530 226 76 19 thereon
2616 228 15 17 is
2641 235 24 10 an
2679 228 109 22 experience

2352 249 34 16 not
2394 248 59 22 easily
2462 249 103 22 forgotten.
2595 252 25 16 As
2636 252 32 16 the
2681 258 35 10 sun
2733 251 55 22 gains

2352 276 63 16 power
2436 271 33 17 the
2489 272 57 18 white
2566 275 53 16 mists
2636 275 37 17 rise
2690 275 49 16 from
2756 275 32 17 the

2352 294 67 18 waters
2428 294 38 18 and
2474 295 46 17 melt
2528 301 54 18 away
2591 303 26 16 up
2625 298 32 17 the
2664 298 85 22 gulches,
2756 298 32 17 the

2352 322 35 12 sun
2396 318 72 17 slams
2477 324 50 16 upon
2536 320 32 17 the
2577 326 65 17 snowy
2656 321 58 22 peaks
2728 321 60 17 above

2352 340 37 17 and
2398 340 68 18 Hashes
2476 341 55 17 down
2544 349 50 16 upon
2609 344 32 17 the
2655 344 63 22 placid
2733 344 53 20 hike;

2352 363 32 16 the-
2392 364 79 17 wooded
2480 364 51 18 islets
2540 372 30 11 are
2579 367 87 16 reflected
2673 367 18 17 in
2699 367 33 17 the
2739 367 49 17 clear

2352 388 58 16 water
2429 387 21 17 in
2469 388 33 17 the
2517 390 50 16 most
2587 390 94 17 beautiful
2702 397 85 10 manner.

2351 409 51 17 Here
2418 411 16 16 is
2446 410 32 18 the
2491 411 49 18 ideal
2554 412 61 18 haunt
2631 414 31 16 for
2678 414 32 17 the
2728 419 60 16 genus

2476 433 30 19 for
2514 435 32 18 the
2555 436 54 17 shore
2617 437 38 16 line
2664 436 35 18 has
2704 442 21 12 so
2730 442 58 16 many

2351 455 62 23 lovely
2422 456 50 19 little
2484 458 46 22 bays
2544 459 36 17 and
2595 459 56 18 inlets
2664 460 44 17 that
2722 466 36 11 one
2772 459 15 19 is

2352 480 108 23 constantly
2469 481 84 22 tempted
2562 484 20 15 to
2591 489 54 16 camp
2654 483 79 17 therein.

2375 502 16 17 A
2400 502 54 23 truly
2462 503 94 22 primitive
2565 512 54 10 scene
2627 506 16 17 is
2651 506 100 17 here—for
2761 512 26 11 no

2351 525 64 17 smoke
2424 527 56 17 arises
2488 528 72 17 around
2569 529 32 17 the
2613 529 44 17 lone
2671 529 36 17 Sea
2720 529 21 17 of
2754 530 33 16 the

2351 548 92 22 Rippling
2452 548 83 27 Waters;
2546 558 23 11 no
2578 559 55 15 camp
2647 552 20 17 of
2683 552 74 23 pakeha
2766 559 21 10 or

2351 571 61 17 Maori
2420 572 68 18 breaks
2497 574 31 17 the
2539 575 97 22 enclosing
2644 576 58 17 forest
2710 576 44 17 line,
2761 582 25 10 no

2351 595 60 17 sound
2420 601 61 12 comes
2494 603 61 12 across
2568 599 33 17 the
2617 599 78 22 shining
2710 601 75 15 waters.

2351 617 37 17 Yet
2397 618 43 17 here
2450 624 38 13 was
2504 620 32 18 the
2549 621 56 18 home
2619 622 21 17 of
2655 622 33 17 the
2705 622 81 17 Ancient

2351 640 75 23 People.
2452 642 50 17 Hero
2511 643 57 18 dwelt
2576 645 32 17 the
2617 645 89 17 old-time
2718 646 68 22 people

2349 664 70 17 known
2429 670 19 13 as
2458 666 32 16 the
2499 666 102 19 Multitude
2611 668 20 17 of
2642 669 25 17 Te
2676 669 75 18 Tauira,
2766 669 19 17 in

2349 687 33 18 the
2390 688 46 17 time
2445 689 20 16 of
2478 689 71 18 Maahu
2561 691 37 17 and
2613 692 46 16 Hau
2673 692 37 16 and
2727 692 58 17 Tama

2349 711 37 16 and
2396 717 57 16 many
2462 713 79 17 another
2549 714 88 18 old-time
2643 715 45 17 hero
2694 715 20 17 of
2720 715 63 17 Tuhoc

2349 734 61 17 Land.
2436 735 50 17 Hero
2501 736 39 17 also
2553 743 31 12 are
2597 738 32 17 the
2644 738 79 20 legends
2738 739 20 16 of
2774 745 11 10 a

2349 757 38 17 still
2397 758 53 16 older
2458 759 71 22 people,
2546 760 24 18 Te
2584 759 139 22 Tini-o-Mani,
2741 762 43 16 who

2348 780 102 18 flourished
2459 783 20 16 at
2488 788 10 11 a
2507 783 44 17 time
2560 784 53 17 when
2623 785 33 16 the
2670 785 48 20 pods
2733 785 51 17 lived

2348 809 24 12 on
2382 805 53 16 earth
2444 805 37 16 and
2490 806 32 16 the
2531 806 103 19 Multitude
2643 808 20 17 of
2676 808 96 17 Kauae-ta-

2347 827 48 17 heke
2404 833 48 12 wore
2461 825 99 26 destroyed
2568 830 25 23 by
2602 831 63 17 Haere
2678 832 32 16 the
2725 831 47 17 Rain-

2347 850 43 17 bow
2400 851 43 21 god,
2455 851 31 17 the
2496 852 61 17 divine
2566 859 33 11 son
2609 854 20 17 of
2644 854 89 18 Houmea
2746 854 37 17 and

2347 873 143 25 Tautuporangi
2500 875 37 18 and
2546 877 19 16 to
2571 877 62 17 whom
2641 878 88 16 Houmea
2735 878 47 18 said.

2367 897 28 17 Go
2405 898 51 16 forth
2466 898 36 17 and
2511 905 71 16 avenge
2591 900 32 18 the
2632 901 57 17 death
2702 901 21 18 of
2735 906 49 17 your

2347 921 73 21 parent,
2430 920 36 18 but
2474 921 23 17 be
2506 922 89 21 cautious,
2605 923 37 18 lest
2650 930 38 16 you
2702 925 81 22 trample

2347 949 51 16 upon
2406 944 33 16 the
2448 945 63 16 sacred
2521 946 33 16 alio
2563 947 59 17 which
2637 947 85 18 destroys
2732 953 49 13 man,

2346 966 36 17 lest
2391 973 37 15 you
2437 967 62 22 perish
2508 968 26 21 by
2542 969 32 17 the
2666 971 43 17 And
2727 971 56 22 Kupe

2347 990 19 16 of
2375 990 32 17 the
2415 996 59 17 many
2486 991 54 18 lands
2554 992 15 17 is
2585 993 49 20 hero,
2653 995 20 16 at
2689 994 48 17 least
2754 991 28 20 his

2346 1019 57 11 canoe
2412 1014 21 19 is,
2449 1014 46 18 with
2513 1015 31 17 the
2560 1016 88 20 paddlers
2662 1018 40 16 still
2718 1017 64 17 seated

2346 1036 78 20 therein,
2435 1037 80 22 waiting
2526 1039 93 21 probably
2633 1040 29 17 for
2676 1040 43 18 that
2735 1040 42 18 stab-

2346 1061 48 16 wart
2408 1060 31 17 old
2455 1061 99 18 JrSerserker
2568 1063 20 17 to
2605 1063 64 17 return
2687 1064 48 16 from
2753 1064 29 16 his

2346 1082 100 19 wondrous
2462 1089 74 16 voyapc
2551 1086 19 16 to
2583 1086 32 17 the
2629 1086 55 17 Land
2698 1087 20 17 of
2734 1087 48 17 Tara

2345 1106 37 16 and
2399 1106 34 17 the
2450 1106 68 19 Sacred
2532 1108 34 17 Sea.
2581 1109 20 17 of
2614 1109 103 18 Raukawa.
2744 1111 38 16 But

2344 1129 54 17 those
2407 1129 32 18 old
2519 1131 75 23 guiders
2603 1133 19 16 of
2628 1133 100 22 Polynesia
2734 1134 48 16 have

2344 1152 104 18 abandons
2476 1150 42 21 ud'se
2530 1160 40 12 seas
2586 1156 37 17 and
2639 1157 32 16 the
2685 1157 38 16 fine
2740 1156 42 22 ship

2344 1176 20 16 of
2373 1176 32 16 the
2414 1176 74 21 pakeha.
2496 1177 33 17 has
2539 1178 55 17 taken
2603 1179 33 18 the
2641 1180 53 22 place
2701 1180 79 17 thereof.

2344 1198 87 23 Possibly
2452 1201 32 15 the
2500 1200 56 19 bravo
2573 1202 31 17 old
2620 1209 93 15 voyasrers
2733 1204 48 16 have

2344 1222 73 17 crossed
2434 1223 32 17 the
2483 1223 57 18 Great
2556 1225 62 17 Ocean
2635 1227 20 16 of
2671 1227 57 16 Kiwa
2744 1227 37 17 and

2344 1246 58 16 found
2412 1246 32 17 the
2454 1246 118 25 Life-giving
2580 1249 73 17 Waters
2662 1249 19 18 in
2690 1250 33 17 the
2730 1250 38 17 Con-

2344 1269 62 17 cealed
2416 1269 55 17 Land
2480 1270 20 16 of
2508 1270 55 18 Tane.
2589 1272 43 17 And
2641 1278 21 12 so
2678 1279 31 14 on,
2725 1279 56 17 every

2343 1292 37 22 bay
2390 1293 37 16 and
2436 1293 54 21 point
2504 1294 37 16 and
2555 1295 74 17 ancient
2643 1301 24 16 pa
2681 1296 73 23 having
2770 1302 10 12 a

2343 1315 38 17 tale
2391 1316 19 17 to
2419 1316 35 17 tell
2463 1317 20 16 of
2492 1322 38 11 war
2544 1317 36 17 and
2596 1324 70 16 savage
2680 1319 62 19 deeds,
2761 1320 20 16 of

2344 1338 76 23 strange
2430 1340 93 17 creatures
2532 1340 25 22 by
2566 1340 58 19 forest
2637 1342 38 17 and
2687 1343 27 22 by
2730 1343 49 20 lake,

2343 1362 20 16 of
2373 1361 87 21 god-like
2469 1362 67 23 beings
2545 1364 20 16 of
2572 1364 32 17 the
2613 1365 95 22 long-ago.

2366 1385 60 17 When
2436 1386 89 17 rendered
2535 1388 98 17 accessible
2642 1388 25 23 by
2678 1389 55 17 roads
2742 1389 38 17 this

2343 1408 43 17 lake
2394 1409 21 16 of
2424 1409 87 18 Waikare
2520 1410 36 17 will
2566 1411 91 23 certainly
2666 1412 24 17 be
2695 1418 11 11 a
2714 1413 55 17 favor-

2343 1431 25 17 ite!
2377 1433 66 17 resort,
2453 1432 98 18 inasmuch
2560 1440 19 11 as
2588 1434 32 17 the
2626 1435 69 22 superb
2703 1442 77 11 scenerv

2343 1455 15 15 is
2366 1456 34 16 not
2409 1455 20 18 to
2438 1455 24 17 be
2471 1457 103 21 surpassed.
2600 1457 61 19 While
2670 1459 32 16 the
2716 1459 62 18 artist,

2342 1477 91 19 botanist,
2445 1475 93 27 geologist
2554 1481 37 16 and
2608 1482 118 21 ethnologist
2740 1482 39 18 will

2343 1500 43 19 hero
2396 1501 38 17 find
2444 1508 11 11 a
2464 1508 41 11 new
2514 1503 37 17 and
2560 1505 48 16 most
2617 1505 113 23 interesting
2735 1506 44 16 field

2343 1524 30 17 for
2381 1525 90 17 research.

2365 1547 120 19 Waikare-iti
2495 1549 51 17 Lake
2554 1550 33 17 lies
2595 1550 93 23 probably
2697 1553 35 15 500
2740 1550 39 19 feet

2343 1571 67 21 higher
2419 1571 47 17 than
2481 1569 154 23 Waikaremoana
2648 1575 38 17 and
2703 1581 35 11 can
2756 1575 23 17 bo

2342 1594 79 17 reached
2431 1594 24 23 by
2464 1602 10 9 a
2484 1596 37 16 two
2534 1596 62 17 hours'
2613 1598 50 17 walk
2678 1599 48 17 from
2744 1599 33 17 the

2342 1614 217 27 Whanganui-o-Parua
2577 1627 40 10 arm
2631 1622 20 15 of
2664 1622 33 17 the
2713 1622 64 17 latter.

2342 1641 44 17 This
2395 1641 93 17 beautiful
2502 1642 51 18 sheet
2563 1643 19 17 of
2594 1645 59 16 water
2667 1645 16 16 is
2698 1645 80 22 entirely

2342 1665 117 16 surrounded
2476 1665 24 22 by
2518 1665 55 19 dense
2593 1667 64 21 forest,
2679 1668 32 17 the
2729 1670 49 16 trees

2342 1688 84 22 actually
2440 1688 93 22 drooping
2546 1689 39 18 into
2599 1690 32 17 the
2644 1691 43 17 lake
2702 1693 75 16 waters.

2342 1710 59 17 There
2411 1717 31 11 are
2457 1712 26 16 six
2500 1712 117 24 picturesque
2630 1714 51 17 little
2697 1715 81 17 wooded

2341 1733 52 17 islets
2403 1740 24 11 on
2436 1735 33 16 the
2482 1734 23 18 la!
2513 1740 9 12 e
2537 1736 59 17 which
2613 1737 41 18 <rive
2667 1738 16 16 it
2700 1744 11 11 a
2727 1740 52 15 most

2342 1757 99 24 charming
2456 1764 120 16 appearand',
2607 1760 37 16 lint
2659 1767 24 10 no
2697 1761 42 21 sign
2757 1762 21 16 of

2342 1781 117 22 occupation,
2473 1782 69 17 ancient
2563 1789 19 10 or
2599 1783 84 21 modern,
2700 1785 16 16 is
2733 1785 44 17 here

2342 1809 41 11 seen
2394 1804 37 17 and
2441 1811 11 10 a
2461 1807 54 18 great
2528 1806 68 17 silence
2609 1806 61 22 hangs
2684 1813 44 12 over
2744 1808 33 17 the

2341 1827 47 17 Isles
2398 1827 20 17 of
2427 1827 32 22 tlie
2468 1829 109 20 Oppressed.
2604 1830 37 16 For
2649 1830 44 18 here
2709 1830 16 18 it
2739 1837 38 11 was

2341 1850 43 17 that
2393 1850 31 18 the
2434 1851 86 23 Ruapani
2525 1852 67 22 people
2596 1846 43 27 fled,
2647 1853 54 18 when
2709 1854 65 18 driven

2341 1873 48 18 from
2398 1874 41 17 Wai
2453 1880 99 12 aremoana
2559 1875 25 23 by
2596 1876 49 17 their
2660 1877 80 18 enemies
2757 1878 21 17 of

2340 1896 110 19 Tuhoeand
2464 1893 139 26 Nga-Potil'i—
2603 1899 33 18 the
2650 1900 89 17 Children
2757 1902 20 16 of

2341 1920 32 17 the
2389 1921 113 17 Mist—wan
2518 1922 60 16 milled
2594 1922 54 17 down
2664 1924 49 17 from
2727 1924 50 17 their

2340 1944 141 18 snow-covered
2492 1945 105 17 mountains
2611 1946 20 17 of
2643 1947 65 17 Tuhoo
2721 1947 55 17 Land

2340 1968 19 15 to
2369 1973 72 16 avenge
2450 1968 13 16 ti
2511 1974 70 12 assacro
2590 1969 20 18 of
2618 1969 84 18 Tikitiki.

2365 1990 57 17 There
2430 1997 30 10 are
2467 1997 56 16 many
2528 1991 63 22 places
2596 1993 20 16 of
2622 1993 70 22 special
2698 1994 79 17 interest

2340 2013 49 19 here,
2399 2019 20 12 as
2429 2013 32 18 the
2471 2014 42 18 falls
2522 2015 19 16 of
2556 2015 70 18 Mokau
2643 2016 38 17 and
2698 2017 65 17 Aniwa-

2340 2036 54 20 niwa,
2406 2037 31 16 (lie
2446 2037 84 23 singular
2540 2039 58 16 outlet
2613 2039 20 16 of
2649 2039 32 18 the
2697 2040 42 17 lake
2756 2043 21 15 at

2340 2060 25 16 Te
2384 2060 185 24 Whangaroiriangft,
2592 2062 31 16 the
2640 2063 135 18 subterranean

2339 2084 54 19 river,
2403 2084 33 16 the
2445 2084 47 18 forts
2501 2084 19 16 of
2528 2084 32 18 the
2568 2085 75 17 ancient
2649 2086 72 23 people,
2729 2087 46 17 with

2340 2107 32 16 the
2390 2113 58 16 many
2465 2114 53 10 caves
2538 2108 36 16 and
2596 2108 85 22 singular
2702 2110 73 18 chasms

2340 2130 61 17 which
2410 2130 76 18 abound
2494 2136 24 12 on
2526 2131 33 18 the
2575 2131 101 18 cliff-lined
2690 2135 52 15 coast
2756 2133 20 17 of

2339 2153 33 17 the
2381 2153 43 17 Star
2433 2154 57 16 Lake.
2516 2154 38 17 The
2560 2155 128 22 surrounding
2695 2158 80 19 country

2339 2176 15 16 is
2364 2176 73 23 rugged
2446 2176 19 17 in
2473 2177 31 17 the
2510 2178 82 16 extreme
2598 2178 37 16 and
2644 2179 78 17 covered
2728 2180 46 16 with

2339 2205 11 11 a
2359 2199 56 17 dense
2424 2200 75 21 growth
2517 2201 20 16 of
2551 2199 63 19 forest.
2646 2197 39 21 The
2700 2202 45 17 land
2760 2203 15 17 is

2339 2229 47 15 poor
2399 2222 47 18 with
2462 2223 31 17 the
2507 2223 98 23 exception
2620 2225 20 16 of
2652 2225 33 17 the
2701 2227 74 16 eastern

2340 2244 39 19 side
2387 2246 21 17 of
2415 2246 161 18 Waikaremoana.
2603 2247 18 18 If
2627 2248 18 17 it
2652 2253 48 13 were
2713 2250 51 20 possi-

2339 2269 31 17 ble
2379 2270 20 16 to
2408 2270 28 16 set
2445 2270 51 16 aside
2513 2270 37 16 tin's
2566 2270 73 18 district
2652 2277 20 11 as
2689 2278 11 11 a
2716 2272 59 18 forest

2340 2298 77 14 reserve,
2429 2292 78 18 liberate
2515 2298 51 12 some
2575 2293 43 18 deer
2626 2294 37 18 and
2676 2295 53 17 stock
2742 2296 33 16 the

2341 2316 78 19 Streams
2429 2316 44 17 with
2484 2316 41 21 fish,
2535 2317 15 16 it
2566 2317 63 17 would
2645 2318 130 22 undoubtedly

2340 2339 75 17 become
2425 2345 35 11 one
2470 2340 19 16 of
2498 2339 32 18 the
2539 2340 88 18 foremost
2638 2343 67 16 resorts
2714 2342 20 16 of
2742 2342 33 17 the

2340 2362 79 22 Colony.
2445 2363 72 17 Should
2532 2363 86 18 however
2631 2364 32 18 the
2678 2364 58 18 forest
2751 2365 24 17 be

2340 2385 105 23 destroyed,
2457 2385 31 18 the
2498 2387 53 21 great
2560 2387 62 17 charm
2632 2387 20 17 of
2660 2388 32 16 the
2699 2394 76 16 scenery

2340 2409 38 16 will
2387 2405 23 22 be
2419 2415 11 11 a
2438 2410 55 20 tiling
2502 2409 19 17 of
2530 2410 32 16 the
2570 2410 83 22 pathetic
2662 2412 48 21 past.

2364 2432 94 21 The.road
2466 2437 42 13 now
2516 2432 58 24 being
2589 2434 71 17 formed
2678 2435 49 16 from
2744 2435 31 16 old

2340 2455 46 17 Fort
2395 2455 79 17 Galatea,
2483 2457 20 15 to
2514 2455 86 22 Oncpoto
2615 2462 23 11 on
2655 2457 33 17 the
2701 2458 75 18 further

2341 2485 20 10 or
2374 2479 72 18 eastern
2461 2479 38 16 side
2514 2479 19 17 of
2548 2479 170 22 Waikaro-moana,
2737 2481 38 17 will

2340 2507 43 17 pass
2391 2502 84 21 through
2485 2502 31 17 the
2532 2502 55 17 heart
2600 2503 20 16 of
2632 2504 65 17 Tuhoo
2713 2504 61 21 Land,

2341 2531 44 11 over
2393 2525 32 17 the
2435 2526 53 21 great
2497 2525 85 17 Iluiarau
2596 2526 66 22 Range
2671 2527 37 17 and
2717 2528 47 22 prob-

2340 2548 33 22 bly
2382 2548 84 17 between
2476 2549 31 16 the
2516 2550 38 16 two
2562 2549 57 17 lakes.
2629 2550 44 16 Tin's
2679 2551 38 17 will
2727 2556 48 17 open

2340 2578 26 16 up
2376 2578 10 10 a
2400 2573 50 16 most,
2467 2571 118 23 picturesque
2601 2574 54 16 route
2671 2573 26 21 by
2713 2574 63 17 which

2341 2595 76 17 tourists
2426 2595 38 16 will
2474 2595 23 16 be
2506 2595 78 17 enabled
2593 2597 20 16 to
2621 2596 47 17 view
2677 2597 32 17 the
2721 2599 55 20 great

2341 2618 58 18 forest
2407 2620 69 19 j'anges
2485 2618 20 18 of
2513 2618 63 18 Tuhoe
2590 2619 60 19 Land,
2669 2620 31 17 the
2714 2621 62 21 grand

2341 2646 76 17 scenery
2426 2641 19 17 of
2455 2641 85 17 HuiaraU
2555 2642 36 16 and
2609 2642 167 20 Waikare-moana

2341 2665 38 16 and
2394 2664 67 19 thence
2478 2670 42 16 pass
2534 2671 24 11 on
2573 2666 20 16 to
2607 2665 25 18 Te
2647 2665 74 19 Wairba
2738 2667 38 17 and

2342 2687 70 24 Napier
2420 2694 23 10 on
2454 2688 31 16 the
2494 2688 46 17 Fast
2549 2688 61 21 Coast,
2620 2695 11 10 a
2647 2690 66 22 fitting
2729 2690 35 17 end-

2341 2711 34 22 ing
2383 2712 20 16 to
2412 2711 32 17 the
2453 2711 51 17 Lake
2513 2712 49 21 Trip.

2344 2768 49 17 THE
2406 2767 120 18 WOMEN'S
2543 2768 139 18 SWIMMING
2698 2770 69 16 BATH.

2365 2815 23 16 Id
2398 2815 48 21 spite
2455 2815 20 16 of
2484 2815 31 16 the
2524 2814 38 18 fact
2571 2815 42 17 that
2623 2815 31 17 the
2663 2815 49 17 flood
2722 2818 54 20 gates

2341 2838 20 17 of
2369 2838 71 17 heaven
2450 2840 48 15 were'
2507 2838 70 22 opened
2586 2839 20 16 to
2613 2838 48 17 their
2670 2839 64 18 fullest
2742 2846 22 11 ex-

2341 2862 41 16 tent
2400 2867 23 11 on
2437 2860 118 23 Wednesday
2571 2861 99 17 afternoon
2685 2862 37 17 last
2738 2863 38 17 and

2341 2885 43 16 that
2393 2885 32 16 the
2435 2884 40 17 rain
2490 2883 102 19 descended
2610 2885 114 23 mercilessly
2738 2886 38 17 and

2341 2907 117 23 impartially
2467 2913 23 11 on
2500 2907 31 17 the
2540 2907 39 22 just
2588 2907 36 17 and
2634 2908 32 17 the
2675 2909 72 21 unjust,
2766 2916 10 10 a

2341 2931 53 22 large
2402 2930 80 18 number
2491 2931 19 16 of
2519 2930 65 23 people
2597 2931 104 18 assembled
2710 2933 20 16 at
2743 2933 33 17 the

2341 2960 42 11 new
2392 2953 108 23 swimming
2508 2954 45 16 Lath
2560 2954 28 16 for
2595 2959 73 12 women
2675 2956 19 16 to
2701 2956 75 17 witness

2343 2977 31 17 the
2383 2977 83 22 opening
2475 2982 102 16 ceremony.

2365 3001 32 16 Mr
2409 3000 89 22 Malfroy,
2514 3000 109 21 addressing
2637 3001 33 16 the
2686 3001 90 18 audience

2342 3023 83 23 through
2435 3024 28 17 Dr
2471 3022 84 22 Grinders,
2685 3024 48 18 have
2746 3025 20 17 in-

2342 3046 50 18 vited
2401 3053 38 16 you
2448 3048 20 16 to
2473 3046 23 17 be
2503 3048 75 19 present
2583 3046 43 17 here
2632 3047 38 17 this
2677 3048 99 17 afternoon

2342 3072 20 15 to
2371 3070 43 17 take
2423 3071 42 21 part
2475 3075 19 11 in
2504 3069 31 17 the
2549 3076 98 16 ceremony
2661 3071 20 16 of
2694 3072 83 21 opening

2341 3093 33 18 the
2383 3093 73 18 Ladies'
2467 3092 109 24 Swimming
2585 3093 50 17 Bath
2644 3093 37 18 and
2691 3094 9 17 I
2710 3095 36 16 feel
2761 3095 16 17 it

2342 3122 32 17 my
2383 3116 47 22 duty
2439 3118 20 15 to
2468 3121 33 16 say
2509 3121 12 12 a
2529 3116 36 17 few
2574 3116 60 17 words
2644 3123 23 10 on
2677 3117 32 17 the
2722 3123 44 12 occa-

2342 3140 46 17 sion.
2414 3139 39 17 The
2461 3139 46 17 bath
2519 3139 15 17 is
2549 3139 39 17 2oft
2601 3139 25 22 by
2644 3140 45 20 50ft,
2704 3141 47 17 with
2766 3147 11 11 a

2343 3162 57 23 depth
2410 3163 20 16 of
2440 3164 57 15 water
2506 3162 20 17 of
2534 3163 28 16 .'sft
2571 3162 36 18 Gin.
2617 3164 20 15 at
2653 3163 33 17 tho
2702 3163 75 18 bottom

2343 3187 19 16 of
2371 3185 32 18 the
2412 3187 56 20 steps,
2478 3185 105 21 increasing
2591 3187 20 15 to
2620 3186 29 17 -Ift
2658 3187 21 16 at
2692 3187 33 16 the
2742 3193 24 17 op-

2343 3210 60 21 posite
2413 3208 45 23 end;
2472 3208 24 17 its
2506 3208 84 23 capacity
2606 3209 15 16 is
2637 3209 59 17 about
2712 3211 65 20 25,000

2343 3232 80 21 gallons.
2460 3232 17 16 A
2494 3233 86 16 constant
2597 3236 68 14 stream
2682 3235 21 15 of
2718 3236 59 14 water

2344 3255 51 17 flows
2404 3255 83 22 through
2501 3255 21 21 it,
2538 3260 21 12 so
2567 3260 20 12 as
2595 3256 21 16 to
2630 3255 47 23 keep
2686 3256 33 17 the
2727 3257 37 16 tem-

2343 3281 87 20 perature
2439 3279 20 16 tit
2467 3278 48 17 from
2526 3279 22 16 90
2557 3279 20 16 to
2586 3279 22 16 OS
2621 3278 78 22 degrees
2715 3279 61 18 which

2342 3302 16 17 is
2374 3302 32 17 the
2423 3307 35 11 one
2479 3301 141 17 recommended
2640 3307 20 12 as
2679 3302 33 17 the
2728 3305 49 14 most

2343 3325 79 17 suitable
2438 3325 29 16 for
2484 3330 23 10 an
2524 3325 80 16 exercise
2625 3325 52 17 bath.
2711 3326 26 16 As
2757 3326 20 17 in

2343 3349 84 16 Botorua
2444 3353 26 11 we
2490 3353 31 11 are
2540 3347 19 17 in
2580 3347 32 17 the
2626 3348 55 17 habit
2697 3349 20 16 of
2736 3355 30 11 see-

2343 3372 34 22 ing
2395 3371 53 22 largo
2470 3370 101 23 quantities
2595 3371 21 16 of
2639 3371 33 17 hot
2698 3372 79 17 mineral

2343 3396 58 16 water
2409 3394 78 21 flowing
2500 3394 19 16 in
2533 3399 55 14 every
2602 3394 91 17 direction
2708 3401 28 11 we
2753 3395 24 17 do

2342 3419 34 15 not
2385 3417 54 17 value
2447 3417 39 17 this
2494 3417 37 22 gift
2540 3417 20 16 of
2567 3418 67 15 nature
2644 3419 19 15 at
2672 3418 24 16 its
2708 3424 69 17 proper

2343 3441 66 17 worth.
2435 3440 19 17 It
2463 3440 15 17 is
2486 3445 97 17 necessary
2592 3441 19 16 to
2624 3441 60 16 travel
2693 3441 37 17 and
2747 3448 30 11 see

2343 3464 51 17 what
2402 3464 16 16 is
2425 3463 59 22 being
2496 3462 49 17 done
2559 3463 99 17 elsewhere
2674 3466 20 15 to
2711 3465 66 17 realise

2343 3487 31 17 tho
2383 3486 84 22 blessing
2475 3486 20 16 of
2503 3486 71 21 having
2582 3486 34 17 hot
2625 3487 78 17 mineral
2717 3489 60 16 water

2342 3510 20 16 in
2371 3516 11 10 a
2390 3511 57 16 town.
2474 3509 23 17 In
2508 3509 63 17 18891
2584 3509 37 17 had
2635 3509 33 18 the
2681 3510 61 18 honor
2756 3512 21 16 to

2341 3533 24 17 be
2374 3532 102 23 appointed
2485 3533 20 16 to
2520 3532 44 17 visit
2577 3532 37 17 and
2627 3535 64 20 report
2705 3539 23 12 on
2744 3534 32 17 the

2342 3556 55 17 baths
2406 3556 20 17 of
2435 3556 80 21 Europe.
2541 3555 10 17 T
2560 3556 66 16 visited
2635 3556 32 17 the
2683 3557 93 22 principal

2342 3579 55 17 baths
2406 3579 18 17 in
2434 3578 95 22 England.
2538 3579 76 19 France,
2623 3579 100 22 Germany,
2731 3580 34 17 Bel-

2342 3603 52 21 gium
2404 3601 36 18 and
2450 3601 127 21 Switzerland,
2588 3601 37 18 and
2640 3602 9 17 I
2663 3608 35 11 can
2712 3608 64 12 assure

2342 3631 38 16 you
2388 3626 43 16 that
2446 3624 74 23 though
2533 3625 45 22 they
2594 3625 48 17 have
2658 3631 45 16 very
2719 3627 57 16 much

2342 3654 51 12 more
2402 3648 61 22 costly
2475 3648 91 16 erections
2580 3648 45 21 they
2642 3654 31 12 are
2690 3649 19 16 in
2726 3651 50 16 most

2341 3672 62 22 places
2408 3671 76 22 obliged
2487 3672 20 15 to
2511 3671 103 17 economise
2620 3671 48 17 their
2674 3673 58 16 water
2738 3673 37 17 and

2342 3700 45 11 even
2397 3697 47 14 have
2452 3695 20 16 to
2481 3699 57 12 warm
2547 3694 15 17 it
2571 3694 106 22 artificially
2690 3695 20 16 in
2724 3701 51 12 some

2341 3718 68 22 places.
2435 3718 54 16 None
2498 3717 20 16 of
2526 3717 53 17 those
2594 3718 93 17 countries
2700 3720 76 20 present

2342 3741 45 17 such
2395 3740 82 23 bathing
2486 3740 136 22 opportunities
2628 3746 20 11 as
2653 3746 32 12 are
2691 3741 84 18 afforded

2341 3765 19 15 in
2369 3764 91 16 Botorua.
2485 3763 51 22 They
2551 3763 48 17 have
2612 3764 52 16 what
2676 3764 46 22 they
2739 3765 37 17 call

2341 3787 83 21 running
2441 3787 59 16 water
2508 3786 56 17 baths
2577 3786 34 17 but
2627 3793 49 11 none
2693 3788 20 16 of
2729 3789 46 16 such

2341 3810 86 22 capacity
2435 3815 20 11 as
2470 3815 35 11 our
2517 3809 63 17 ladies'
2597 3810 38 17 and
2651 3810 125 21 gentlemen's

2341 3833 107 22 swimming
2456 3833 63 16 baths.
2545 3833 9 16 I
2571 3833 57 22 speak
2644 3834 53 16 these
2713 3834 62 18 words

2341 3855 96 23 advisedly
2446 3855 46 17 with
2500 3862 12 10 a
2519 3855 48 18 view
2575 3857 20 16 to
2607 3857 61 17 refute
2682 3857 33 17 the
2729 3863 34 11 con-

2341 3880 67 16 sistant
2417 3879 67 22 crying
2493 3878 55 18 down
2555 3880 20 16 of
2589 3880 32 16 the
2634 3880 85 17 Botorua
2736 3881 26 17 Go-

2340 3903 99 16 vernment
2454 3902 57 16 baths
2527 3901 25 22 by
2566 3902 127 23 incompetent
2707 3909 22 11 or
2744 3904 20 17 in-

2340 3925 81 17 terested
2430 3930 83 17 persons.
2538 3925 43 21 Yes,
2591 3925 27 22 by
2625 3926 33 16 the
2670 3926 93 23 inaugura-

2340 3949 40 16 tion
2390 3949 20 16 of
2419 3948 37 17 this
2465 3953 42 12 new
2514 3948 48 17 bath
2571 3954 27 12 we
2606 3952 33 14 are'
2645 3954 43 12 now
2697 3950 78 22 capable

2341 3972 20 16 of
2369 3972 67 22 giving
2448 3972 51 19 1,500
2514 3972 106 17 immersion
2633 3972 62 20 baths,
2711 3974 20 15 of
2739 3979 36 12 one

2341 3995 48 17 hour
2397 3995 52 19 each,
2459 3994 56 22 daily,
2526 3995 61 17 which
2595 3995 16 17 is
2622 4001 51 11 more
2682 3996 47 16 thau
2737 4002 38 17 any

2341 4018 101 22 European
2451 4017 142 17 establishment
2602 4024 32 10 can

2364 4041 28 16 Dr
2409 4041 85 19 Ginders,
2509 4041 60 17 under
2581 4041 63 17 whose
2660 4042 73 17 control
2742 4043 33 16 the

2340 4064 47 16 bath
2400 4064 15 17 is
2430 4063 71 24 placed,
2516 4064 71 22 having
2600 4064 124 18 receivedthe
2738 4065 37 23 key

2341 4087 48 17 from
2395 4087 32 16 Mr
2432 4087 90 22 Malfroy,
2529 4087 76 17 alluded
2612 4088 19 16 to
2637 4087 33 17 the
2675 4088 100 18 difference

2341 4109 84 18 between
2446 4110 33 17 the
2498 4111 75 21 present
2588 4110 81 22 bathing
2684 4117 78 17 arrange-

2341 4134 61 15 ments
2411 4132 37 17 and
2459 4132 52 17 those
2519 4133 19 16 in
2548 4139 60 16 vogue
2624 4134 21 16 10
2660 4139 54 17 years
2730 4141 43 17 ago.

2341 4156 30 16 He
2380 4155 38 17 had
2426 4155 70 22 always
2503 4155 101 23 impressed
2611 4161 24 12 on
2644 4156 32 18 the
2689 4158 75 17 authori-

2811 131 35 17 ties
2854 131 33 17 the
2895 132 116 23 expediency
3020 134 20 17 of
3044 134 102 23 providing
3153 135 29 18 for
3186 136 45 19 Rote

2811 158 34 12 rua
2853 155 63 21 amide
2927 155 79 23 bathing
3014 158 167 18 accommodation.
3217 160 25 19 He

2812 177 106 17 considered
2928 178 41 17 that
2979 179 45 18 such
3032 180 68 17 should
3109 181 23 17 be
3141 188 50 10 more
3200 183 42 19 than

2811 204 37 13 was
2857 201 84 22 actually
2950 203 87 21 required
3045 203 35 17 but
3090 204 40 18 that
3141 210 23 12 no
3180 211 44 13 mom
3233 214 9 12 y

2811 223 67 17 should
2887 224 22 16 bo
2927 227 55 19 spent
2998 231 24 11 on
3038 227 85 17 needles*
3139 228 103 20 embellish*

2810 246 57 17 inent.
2894 247 38 16 The
2946 250 81 20 country
3042 254 38 13 was
3097 254 31 12 too
3146 257 46 16 poor
3208 254 33 17 and

2811 269 54 17 could
2873 271 35 16 not
2916 270 60 17 afford
2985 271 22 18 it.
3032 273 31 17 He
3071 274 73 17 trusted
3153 275 33 17 the
3200 275 41 19 bath

2810 298 42 11 now
2860 294 74 21 opened
2942 295 63 17 would
3014 296 34 17 not
3057 296 44 22 only
3116 297 23 17 be
3155 304 9 11 a
3182 304 60 13 source

2810 315 21 17 of
2838 317 127 19 gratification
2975 320 19 15 to
3004 318 32 18 the
3041 320 60 16 ladies
3107 320 35 18 but
3149 320 91 21 beneticiaJ

2810 340 20 15 to
2838 339 49 16 their
2895 339 71 18 health.

2833 362 26 16 At.
2867 362 33 17 tho
2913 364 108 17 conclusion
3036 365 20 17 of
3070 365 28 18 Dr
3114 366 85 19 Grinders'
3216 375 18 11 re-

2810 385 62 17 marks
2881 386 32 16 Mr
2927 386 84 23 Malfroy
3026 389 72 22 opened
3114 390 34 17 the
3163 391 47 17 door
3223 394 19 16 of

2810 414 34 11 one
2853 408 20 18 of
2881 409 33 16 the
2923 409 155 24 dressing-boxes
3092 413 36 17 and
3144 413 30 17 led
3188 418 32 14 out
3232 423 9 9 a

2810 430 65 23 dainty
2884 432 49 17 little
2942 433 81 21 maiden,
3038 435 92 23 blushing
3146 442 42 17 rosy
3205 439 35 17 red.

2810 454 41 17 who
2860 460 72 17 sprang
2939 456 42 17 into
2997 457 32 17 the
3043 458 117 19 bath—with
3170 460 25 17 all
3211 462 14 16 tl
3233 468 8 11 e

2809 477 55 22 speed
2873 478 21 18 of
2902 484 11 12 a
2921 479 109 21 frightened
3037 482 62 19 naiad,
3106 483 36 16 and
3149 483 75 22 disporti
3231 484 10 18 d

2809 501 69 17 herself
2886 502 20 16 in
2914 503 32 16 the
2956 506 58 14 water
3023 510 20 11 as
3052 505 15 16 if
3075 505 15 17 it
3100 511 20 11 wi
3128 512 18 12 ra
3160 506 33 17 her
3208 513 22 12 na-

2808 524 37 17 tive
2854 524 87 19 element.
2967 527 40 16 The
3022 527 49 18 male
3088 531 93 15 creatures
3198 531 42 17 then

2808 546 92 25 solemnly
2917 548 91 23 departed
3024 551 38 16 and
3078 552 36 17 left
3130 552 32 18 the
3179 555 62 16 sacred

2808 570 64 17 edifice
2881 573 20 15 to
2911 572 46 18 Miss
2966 573 62 17 Laura
3043 574 145 19 Hawkcsworth
3205 578 34 16 and

2808 593 33 18 her
2848 595 102 17 attendant
2958 597 89 22 nymphs:

2808 654 108 19 CHURCH
2932 656 33 17 OF
2978 657 126 19 ENGLAND
3117 659 109 18 CONCERT.

2831 702 16 16 A
2855 702 106 18 well-filled
2970 704 58 17 house
3035 706 95 16 rewarded
3140 706 32 18 the
3178 706 60 20 efforts

2807 724 20 17 of
2843 725 54 17 those
2912 726 42 18 who
2971 732 20 12 so
3010 727 139 25 indefatigably
3165 731 73 17 exerted

2808 747 110 19 themselves
2925 749 19 17 in
2951 752 105 21 arranging
3062 752 33 17 the
3101 756 73 14 concert
3182 753 56 18 which

2807 771 43 17 took
2860 772 53 21 place
2921 772 19 18 in
2949 773 33 17 the
2991 773 85 20 Fukeron
3087 776 46 16 Hall
3139 782 22 10 on
3172 776 66 19 Friday

2806 795 81 22 evening
2895 795 37 18 last
2939 796 20 17 in
2968 797 32 17 aid
3008 799 20 15 of
3037 798 32 17 the
3078 798 79 23 English
3167 799 71 19 Church

2806 817 91 23 Building
2918 819 62 18 Fund.
3018 821 58 17 Great,
3093 823 93 17 attention
3203 823 35 18 had

2807 840 45 18 been
2861 840 45 23 paid
2920 844 19 15 to
2951 843 32 17 the
2998 844 108 18 decoration
3120 846 21 17 of
3153 846 33 18 the
3201 847 37 17 hall

2805 864 38 16 and
2851 870 11 11 a
2871 865 97 22 profusion
2984 867 20 17 of
3020 874 116 16 evergreens,
3155 868 81 25 drapery,

2806 887 38 20 lie,
2854 893 49 17 gave
2911 889 33 17 the
2953 891 54 21 stage
3015 896 12 12 a
3036 893 49 15 most
3094 893 98 17 attractive
3206 898 17 17 aj
3231 904 6 2 -

2805 915 91 18 pearance
2905 912 37 17 and
2951 912 33 18 hid
2992 915 56 16 much
3063 915 20 17 of
3097 915 32 18 the
3146 917 81 16 uncouth
3231 927 7 3 -

2805 939 42 12 ness
2855 934 21 18 of
2884 934 32 18 tho
2926 936 88 22 building
3023 939 103 20 generally.
3151 939 38 18 The
3200 940 36 17 first

2805 958 43 21 part
2856 957 20 17 of
2885 958 32 16 the
2926 964 120 17 programme
3057 967 37 12 was
3102 968 20 10 as
3133 962 81 18 follows:
3234 957 4 24 -

2805 980 59 18 Piano
2872 980 52 23 duet,
2953 982 113 23 Shepherd's
3072 985 87 22 Evening

2805 1004 39 16 Mrs
2854 1004 90 18 Falloona
2960 1007 37 16 and
3012 1007 45 17 Mis.;
3073 1008 89 20 Cinders;
3185 1015 51 18 song,

2826 1027 42 16 Star
2876 1028 21 17 of
3046 1030 140 24 Mi-Williams;
3197 1033 39 21 trio;

2886 1051 20 17 of
2914 1051 69 19 Orders
3069 1055 70 17 Messrs
3155 1055 82 23 Webber,

2804 1074 44 16 Earl
2858 1075 36 16 and
2905 1074 66 27 Cross;
2986 1083 54 15 song,
3058 1078 105 23 '-Whisper
3179 1079 36 17 and
3229 1080 9 17 I

2804 1096 47 18 shall
2942 1099 43 21 Mrs;
2997 1101 71 16 Wilson
3075 1096 3 29 ;
3102 1102 44 17 duet
3163 1101 74 24 (vocaPj

2958 1123 163 24 Misses-.Malfroy
3138 1125 37 18 and
3192 1126 33 17 Cin-

2803 1143 53 21 ders;
2871 1150 54 17 song,
3123 1148 32 18 Mr
3171 1149 64 21 Cross;

2803 1170 103 19 quartette,
3016 1170 38 17 and
3169 1172 67 19 Messrs

2804 1190 84 21 Webber,
2900 1191 97 22 Williams,
3008 1194 45 17 Earl
3063 1194 37 17 and
3109 1195 60 21 Cross;
3184 1201 52 15 sontr,

2866 1214 67 18 Pretty
3026 1218 31 16 Mr
3072 1218 89 19 Samson;
3184 1224 52 17 spng;

2803 1237 28 23 (in
2851 1237 110 25 character),
3083 1241 37 18 Old
3141 1242 61 17 Maids
3219 1244 18 17 of

2870 1261 41 18 Mrs
2923 1262 79 18 Wilson.
3032 1263 111 24 Regarding
3156 1265 32 17 the
3203 1265 34 19 last

2803 1284 66 17 named
2878 1285 46 17 item
2934 1286 31 16 the
2973 1286 41 17 first
3021 1287 76 22 portion
3106 1288 20 17 of
3134 1288 32 18 the
3175 1288 61 19 ballad

2803 1307 60 17 which
2873 1308 58 17 refers
2939 1310 21 16 to
2969 1310 33 16 the
3011 1310 89 22 youthful
3114 1311 46 22 days
3174 1313 19 16 of
3206 1312 30 19 the

2803 1331 31 16 old
2844 1331 60 17 maids
2913 1332 19 16 in
2947 1333 86 21 question
3048 1340 39 10 was
3101 1335 95 17 sustained
3213 1336 23 23 by

2803 1354 51 17 three
2863 1355 81 22 piquant
2953 1356 80 18 damsels
3043 1357 19 16 in
3079 1357 32 17 the
3126 1363 76 17 persons
3219 1360 18 17 of

2802 1378 66 16 Misses
2877 1378 47 22 May
2938 1379 86 21 Ginders,
3040 1380 47 22 May
3102 1381 82 22 Malfroy
3201 1383 35 18 and

2803 1401 61 16 Pattie
2874 1402 91 21 Griffiths,
2982 1403 44 17 who
3040 1403 73 18 besides
3128 1404 65 23 acting
3208 1406 19 17 bo-

2802 1424 117 23 witchingly,
2928 1432 49 16 sung
2984 1427 125 22 charmingly.
3120 1428 38 17 The-

2801 1448 47 22 ning
2857 1448 73 22 change
2957 1450 21 16 to
2986 1449 33 18 the
3028 1450 53 17 three
3088 1451 32 17 old
3128 1452 59 16 maids
3201 1458 35 12 was

2801 1471 80 22 cleverly
2898 1472 94 23 managed
3009 1473 38 17 and
3064 1474 71 17 evoked
3151 1481 51 11 roars
3219 1476 19 17 of

2801 1495 94 21 laughter.
2921 1495 40 18 Mrs
2967 1496 71 18 Wilson
3046 1496 83 18 directed
3135 1498 32 16 the
3174 1504 49 13 move-

2801 1519 61 16 ments
2879 1518 20 17 of
2912 1519 32 16 the
2961 1519 133 23 spinstorhopd
3111 1521 37 17 and
3164 1528 60 12 accom-

2801 1540 68 23 panied
2880 1541 47 18 with
2936 1541 34 18 her
2978 1543 58 17 voice.
3063 1544 25 16 As
3097 1539 25 22 all
3137 1545 31 16 the
3184 1545 51 18 items

2801 1569 47 12 were
2857 1564 44 18 well
2909 1565 91 18 rendered
3009 1566 15 16 it
3034 1567 63 16 would
3106 1568 22 16 be
3144 1568 91 19 invidious

2801 1590 19 14 to
2828 1588 135 21 particularise,
2972 1588 73 23 though
3053 1590 40 18 Mrs
3096 1590 87 19 Wilson's
3191 1592 42 21 solo,

2821 1610 85 24 Whisper
2915 1612 37 16 and
2963 1612 10 16 I
2982 1613 48 16 shall
3119 1615 44 16 with
3179 1615 54 17 violin

2800 1634 163 22 accompaniment
2970 1635 28 23 by
3005 1632 33 21 Mr
3052 1637 85 18 Samson,
3153 1638 35 17 and
3205 1639 30 17 the

2800 1658 52 16 vocal
2862 1658 46 17 duct
3073 1660 24 22 by
3107 1661 65 17 Misses
3185 1662 37 17 Mal-

2800 1681 42 21 froy
2856 1681 38 17 and
2911 1681 80 19 Ginders
3007 1689 31 10 are
3051 1684 75 21 worthy
3145 1685 20 17 of
3181 1686 54 17 much

2800 1709 50 13 more
2859 1703 47 19 than
2914 1705 80 23 passing
3003 1706 68 18 notice.
3101 1707 39 17 The
3156 1707 77 19 interval

2800 1733 38 12 was
2841 1727 3 27 _
2851 1727 109 23 pleasantly
2974 1730 54 21 spent
3048 1729 20 17 in
3083 1730 105 22 discussing
3204 1732 29 18 the

2800 1750 63 18 merits
2873 1752 20 16 of
2906 1752 32 16 the
2952 1752 75 17 various
3041 1753 113 22 performers
3171 1755 36 16 and
3224 1762 7 11 n

2800 1773 49 24 light
2854 1774 90 18 refection
2954 1775 91 22 provided
3061 1776 24 22 by
3100 1777 32 17 the
3145 1777 57 18 ladies
3216 1779 16 17 oi

2799 1797 32 17 the
2840 1797 76 18 church.
2942 1795 40 20 The
2990 1799 46 23 piece
3045 1800 20 16 <><•
3074 1801 94 17 resistance
3176 1802 20 16 of
3203 1802 31 16 the

2800 1820 59 17 whole
2868 1826 121 18 programme
2999 1829 37 10 was
3045 1823 32 16 the
3083 1821 99 25 charming
3187 1825 48 17 little

2800 1844 76 17 musical
2891 1845 68 17 morsel
2977 1846 79 17 entitled

2800 1867 22 17 In
2832 1867 37 17 this
2878 1868 47 16 Miss
2942 1869 47 22 May
3005 1869 79 17 Ginders
3101 1871 85 17 assumed
3203 1872 30 16 the

2800 1890 38 18 role
2847 1891 19 16 of
2875 1891 32 16 the
2917 1887 137 26 Fairy'Queeii,
3065 1893 34 17 hor
3105 1895 53 16 court
3167 1896 20 14 of
3195 1895 37 22 fays

2799 1914 56 21 being
2873 1915 100 21 composed
2990 1916 21 17 of
3031 1916 32 17 the
3083 1917 67 18 Misses
3172 1917 61 18 Pattie

2800 1936 90 21 Griffiths,
2906 1938 47 22 May
2970 1938 90 23 Malfroy,
3078 1940 72 17 Florrie
3170 1941 62 21 Jones,

2799 1960 89 18 Florence
2897 1961 86 23 Murray,
3000 1962 52 18 Leila
3067 1963 91 22 Douglas,
3172 1964 61 18 Laura

2798 1983 144 18 Hawkcsworth
2953 1985 36 17 and
2999 1985 51 17 Elsie
3063 1987 37 16 and
3115 1987 50 22 Lucy
3182 1988 37 17 Mur-

2799 2012 38 17 ray.
2862 2007 59 17 These
2932 2008 69 22 tricksy
3012 2009 66 22 sprites
3088 2015 47 12 wore
3142 2011 53 17 mode
3208 2012 24 17 ilv

2798 2030 97 18 costumed
2904 2031 47 17 with
2960 2038 10 10 a,
2981 2032 76 18 decided
3068 2033 76 23 leaning
3153 2034 78 18 towards

2798 2053 32 17 tho
2846 2053 40 18 robe
2901 2055 20 15 He
2937 2055 39 17 nv.it
2994 2062 20 10 as
3024 2056 82 22 opposed
3116 2058 19 16 to
3144 2058 31 16 the
3185 2057 45 23 light

2798 2077 37 16 and
2848 2077 41 27 airy
2904 2079 97 21 garments
3017 2081 20 14 of
3055 2080 30 16 ihe
3102 2081 129 17 convention.il

2798 2102 52 19 stage
2860 2100 55 22 fairy.
2941 2102 52 21 They
3003 2102 71 18 danced
3083 2102 89 24 divinely,
3187 2110 45 17 sang

2798 2123 136 24 enchantingly
2942 2125 38 17 ami
2989 2126 73 16 formed
3073 2129 63 20 pretty
3145 2127 86 18 tableaux

2798 2146 60 17 which
2875 2152 49 13 were
2939 2147 63 18 hailed
3019 2149 46 17 with
3080 2150 115 18 enthusiasm
3208 2150 23 23 by

2797 2169 131 18 theaudience.
2942 2171 40 17 The
2987 2173 178 21 accompaniments,
3174 2174 57 18 which

2798 2198 47 11 were
2853 2192 51 22 light
2912 2194 37 16 and
2960 2195 80 18 tuneful,
3051 2201 48 11 were
3108 2197 18 16 in
3137 2197 94 18 thohands

2798 2216 19 16 of
2826 2216 39 16 Mrs
2874 2217 80 16 Ginders
2964 2223 24 11 on
3003 2218 63 17 whose
3081 2220 96 16 shoulders
3194 2220 37 18 also

2797 2238 33 17 fell
2844 2241 50 16 most
2910 2241 20 16 of
2944 2241 33 16 the
2991 2241 74 17 burden
3078 2243 21 17 of
3106 2244 117 21 preparation

2796 2262 39 16 The
2851 2263 62 16 whole
2931 2264 130 22 performance
3076 2272 37 11 was
3130 2272 11 11 a
3157 2266 73 18 decided

2797 2291 71 11 success
2876 2286 38 17 and
2924 2286 34 19 has
2963 2288 82 18 resulted
3054 2289 18 16 in
3081 2296 11 9 a
3108 2290 123 18 considerable

2797 2308 84 18 addition
2896 2311 19 15 to
2930 2310 33 17 the
2977 2311 47 17 fund
3038 2312 31 17 for
3081 2312 33 18 the
3128 2312 69 19 benefit
3214 2314 18 16 of

2797 2332 60 17 which
2866 2332 16 17 it
2891 2338 39 12 was
2939 2333 82 17 devised.

2957 2391 108 24 TAUPO.

2830 2450 64 22 [l'itOM
2907 2455 41 13 ouii
2961 2457 46 13 owx
3016 2456 185 22 coi:i!i:s]'oxj.i:xt.]

2820 2481 36 16 The
2863 2481 52 16 latter
2923 2484 49 19 parti
2978 2484 19 16 of
3012 2484 29 16 the
3056 2486 98 21 paragraph
3171 2488 16 15 in
3203 2493 25 16 my

2798 2502 33 16 last
2846 2505 144 16 communication
3007 2507 102 21 concerning
3128 2509 29 15 the
3172 2514 59 16 geyser

2798 2524 93 20 fraternity
2901 2530 34 11 was
2943 2527 95 17 somewhat
3048 2528 128 22 inadvertently
3185 2531 36 16 writ-

2799 2549 34 15 ten,
2842 2550 19 11 as
2868 2546 31 16 the
2907 2547 74 21 activity
2988 2548 20 16 in
3016 2549 29 16 the
3060 2549 102 23 interesting
3178 2552 53 21 valley

2798 2567 18 15 of
2825 2566 89 18 Wairakei
2924 2569 89 17 continues
3022 2571 86 16 unabated
3115 2573 33 15 and
3157 2578 18 11 as
3185 2575 45 15 usual

2798 2589 52 15 strike
2860 2589 42 15 with
2912 2590 70 16 wonder
2989 2596 51 16 every
3052 2593 65 17 visitor.

2820 2609 88 17 Professor
2915 2611 65 17 Jborbes
2988 2612 39 17 who
3041 2613 14 16 is
3070 2615 71 20 staying
3153 2617 18 14 at
3185 2617 34 15 Wai-

2798 2631 52 20 rakei,
2860 2631 14 15 is
2883 2632 81 16 charmed
3022 2634 29 17 the
3056 2635 75 17 thermal
3137 2638 82 16 surrouad-

2798 2652 40 20 ings
2846 2653 34 16 and
2895 2654 85 21 enjoying
2994 2655 27 16 his
3034 2658 40 19 stay
3087 2660 49 17 apart
3152 2658 43 16 from
3208 2660 23 15 his

2798 2674 112 20 professional
2920 2676 62 19 duties,
3008 2677 28 16 He
3044 2678 14 15 is
3068 2680 79 18 encased
3159 2681 16 15 in
3184 2681 35 16 mak-

2798 2696 30 19 ing
2839 2701 9 10 a
2857 2696 86 21 thorough
2954 2699 88 15 extensive
3055 2702 115 15 examination
3179 2702 18 15 of
3206 2702 25 15 the

2798 2716 53 17 Huka
2870 2717 49 16 Falls
2938 2719 35 15 and
2992 2720 23 15 its
3032 2721 131 21 surroundings.
3192 2724 39 15 This

2798 2743 60 15 proves
2867 2739 29 16 tho
2904 2740 83 21 sincerity
2995 2741 19 16 of
3027 2742 28 16 the
3064 2744 83 19 proposed
3161 2745 64 16 scheme

2799 2759 54 16 which
2867 2760 15 16 is
2898 2761 66 16 viewed
2977 2763 43 15 with
3035 2769 46 10 more
3098 2764 41 16 than
3155 2766 76 21 ordinary

2799 2781 70 16 interest
2879 2782 21 20 by
2908 2782 30 16 the
2952 2782 114 23 inhabitants,
3084 2786 38 15 who
3135 2792 27 11 are
3178 2788 53 20 busily

2799 2803 78 19 engaged
2886 2803 17 15 in
2912 2803 106 22 forecasting
3027 2806 28 16 tho
3072 2807 63 17 benefit
3147 2808 38 16 that
3200 2809 31 15 will

2799 2827 60 12 accrue
2868 2826 18 13 to
2894 2825 103 16 themselves
3013 2827 17 16 in
3046 2829 94 19 particular
3156 2831 33 15 and
3204 2831 27 15 the

2799 2844 90 20 goldfields
2898 2847 34 15 and
2948 2847 30 16 the
2993 2848 67 21 Colony
3075 2851 88 20 generally
3176 2851 23 20 by
3211 2852 20 15 its

2799 2865 87 21 adoption.

2821 2886 37 17 The
2867 2889 94 16 Auckland
2970 2890 57 16 Board
3041 2893 18 14 of
3074 2892 96 17 Education
3179 2896 30 14 has
3216 2897 15 13 at

2799 2908 61 20 length
2868 2909 72 17 decided
2948 2913 19 13 to
2984 2912 48 16 build
3048 2918 10 10 a
3071 2914 57 16 school
3143 2916 88 15 here—not

2799 2930 58 16 before
2865 2931 15 15 it
2889 2937 36 10 was
2935 2933 70 16 needed.
3032 2935 18 15 It
3058 2935 14 16 is
3080 2935 55 22 hoped
3151 2937 37 15 that
3197 2939 25 13 ten-

2799 2951 39 16 ders
2846 2952 35 15 will
2890 2953 21 15 be
2926 2954 54 15 called
2989 2958 19 12 at
3021 2961 41 10 once
3070 2962 18 10 so
3095 2958 38 15 that
3141 2958 28 15 the
3178 2958 44 16 build-

2799 2977 40 15 may
2847 2973 21 15 be
2875 2974 54 21 ready
2938 2975 23 21 by
2970 2975 29 17 the
3008 2977 85 17 Autumn.

2821 2993 75 19 Rabbits
2904 3001 29 11 are
2941 3001 39 11 now
2992 2999 80 21 strongly
3084 3000 18 15 in
3110 3001 85 16 evidence.
3218 3002 13 14 A

2799 3015 35 16 few
2842 3021 44 11 were
2894 3022 39 11 seen
2950 3018 19 16 in
2987 3024 9 10 a
3005 3019 43 17 local
3063 3021 65 19 garden
3143 3022 29 16 the
3187 3022 44 16 other

2799 3036 35 21 day
2842 3038 80 19 nibbling
2931 3039 91 20 cabbages,
3033 3047 9 10 a
3053 3043 74 19 practise
3138 3044 54 15 which
3204 3044 27 14 has

2801 3058 41 15 been
2851 3058 77 18 hitherto
2936 3061 96 17 attributed
3044 3065 17 13 to
3070 3064 28 15 the
3107 3065 51 16 birds.

2822 3079 37 17 Col.
2868 3080 75 17 KobertE
2952 3082 14 15 is
2975 3088 39 10 now
3022 3083 40 17 heie
3075 3085 71 21 holding
3153 3092 9 9 a
3171 3086 50 20 magis-

2801 3100 48 17 terial
2856 3101 75 22 ihqjriry
2937 3103 39 16 into
2983 3104 30 17 the
3030 3105 73 21 charges
3120 3108 84 19 preferred
3213 3107 18 20 by

2800 3126 136 16 ex-postmaster
2943 3125 47 16 Park
2999 3130 71 17 against
3079 3128 52 16 Const
3139 3128 92 17 Berriman.

2823 3144 63 20 I'aupo,
2897 3145 48 20 Sept.
2958 3147 27 16 20.

2888 3196 82 23 What
2985 3197 94 31 People
3099 3196 56 34 Say.

2801 3246 19 18 S.
2836 3247 20 17 C;
2874 3248 106 20 KEILLY,
3013 3251 63 20 ESQ..
3107 3253 109 19 MAKEICK-

2927 3272 86 23 VILLE,
3029 3275 84 22 N.S.W.,

2799 3302 63 17 writes
2872 3302 3 26 :
2919 3303 89 20 Garner's
3024 3307 83 21 Avenue,
3126 3309 82 19 X.S.W..
3225 3311 6 15 T

2800 3332 34 11 can
2851 3326 47 17 with
2916 3328 108 18 confidence
3041 3330 45 17 bear
3099 3332 101 18 testimony
3217 3335 14 14 io

2799 3348 33 18 the
2843 3348 3 29 _
2855 3349 108 19 wonderful
2989 3352 77 23 efficacy
3097 3356 20 16 of
3144 3356 87 17 Clements

2803 3373 60 17 Tonic.
2899 3372 38 17 For
2945 3380 54 16 years
3019 3376 6 16 I
3042 3377 37 17 had
3095 3377 46 18 been
3156 3380 66 21 periodi-

2799 3396 49 21 cally
2859 3396 95 21 attacked,
2965 3396 39 19 arid
3010 3405 12 10 a
3030 3401 56 21 great
3098 3402 77 17 sufferer
3188 3406 43 15 in>m

2799 3419 100 21 neuralgia
2908 3420 38 17 and
2955 3422 79 21 general
3042 3422 85 21 debility,
3138 3426 37 17 and
3188 3433 34 10 .niv-

2800 3448 34 11 one
2850 3441 43 18 who
2918 3442 34 19 has
2970 3450 43 12 ever
3029 3442 48 22 teen
3094 3448 81 18 afflicted
3191 3445 40 22 with

2801 3467 45 15 sucii
2854 3471 82 12 nervous
2954 3467 71 23 misery
3040 3475 33 11 can
3092 3471 48 17 form
3155 3478 23 12 nn
3196 3474 35 16 id.-:

2800 3489 20 16 of
2828 3488 52 17 what
2889 3488 10 17 I
2917 3490 88 18 suffered;
3039 3492 10 17 I
3058 3493 37 16 had
3105 3494 39 17 also
3161 3497 70 16 ehn.inV

2799 3511 121 23 indigestion,
2931 3514 78 21 general
3017 3514 81 24 laAguid
3106 3518 79 19 feelings
3199 3519 32 17 and

2799 3540 24 12 an
2832 3537 52 14 utter
2903 3533 67 20 dislike
2987 3539 21 15 to
3025 3540 53 16 exert
3198 3543 31 16 T!:'

2799 3558 98 21 neuralgia
2903 3563 40 12 was
2950 3565 20 12 so
2980 3565 63 14 severe
3052 3562 43 18 that
3104 3563 10 17 I
3123 3564 47 18 have
3178 3565 53 22 paced

2799 3581 32 17 the
2840 3581 39 17 hall
2888 3580 26 17 all
2924 3582 57 23 niglit
2988 3584 39 17 and
3041 3585 32 17 the
3082 3592 63 16 agony
3161 3594 38 12 was
3215 3595 16 11 so

2799 3603 130 24 excruciating
2936 3606 42 17 that
2989 3606 8 18 I
3008 3613 39 12 was
3054 3608 69 19 almost
3130 3613 33 15 out;
3171 3612 21 17 of
3203 3618 27 11 mv

2801 3627 56 17 mind.
2883 3627 10 18 I
2909 3629 48 17 tried
2980 3630 26 17 all
3029 3632 92 18 so-called
3139 3635 91 17 remedies,

2799 3650 39 17 also
2853 3651 90 22 galvanic
2957 3653 110 21 treatment,
3085 3656 62 18 which
3163 3659 31 16 did
3209 3664 22 11 110

2799 3673 55 22 good.
2881 3676 26 16 At
2923 3675 37 17 last
2978 3682 11 11 a
3007 3677 62 18 friend
3093 3681 138 18 recommended

2799 3697 94 18 Clements
2902 3699 64 20 Tonic,
2976 3700 39 16 and
3024 3700 10 17 I
3048 3706 38 13 was
3103 3708 20 12 so
3137 3704 94 18 miserable

2798 3719 38 18 and
2860 3720 133 19 disheartened
3006 3723 44 18 that
3069 3725 10 16 I
3096 3727 103 20 pin-chased
3221 3733 9 11 a

2799 3743 54 17 small
2867 3744 61 17 bottle
2945 3745 38 17 and
3001 3746 50 17 after
3058 3747 33 18 the
3109 3751 68 17 second
3190 3751 39 17 doss

2798 3766 34 17 felt
2841 3767 58 18 relief.
2925 3768 11 17 I
2952 3769 103 18 continued
3071 3772 25 17 its
3109 3779 33 11 use
3150 3774 37 17 and
3203 3780 26 11 am

2797 3789 90 19 thankful
2905 3792 19 16 to
2942 3797 34 16 say
2989 3793 43 16 that
3047 3795 50 17 after
3108 3797 122 22 twenty-four

2797 3812 57 18 hours
2869 3814 33 17 the
2918 3815 45 21 pain
2980 3815 38 18 had
3032 3816 128 25 disappeared,
3170 3820 36 17 and
3222 3820 7 16 I

2797 3841 40 12 was
2844 3836 38 18 free
2891 3838 49 17 from
2949 3838 33 17 the
2990 3844 80 13 nervous
3079 3842 66 18 terror.
3156 3834 4 26 '
3170 3844 10 16 I
3189 3849 30 11 con-

2797 3859 66 18 tinued
2879 3860 96 18 Clements
2989 3862 58 18 Tonic
3060 3864 40 18 and
3114 3866 47 17 have
3177 3867 52 17 taken

2798 3882 43 18 four
2855 3883 71 18 bottles
2936 3882 4 27 ;
2954 3884 26 16 all
2987 3890 33 17 my
3037 3886 82 23 languor
3126 3889 16 17 is
3220 3889 8 16 I

2797 3911 30 11 am
2838 3906 38 18 free
2885 3907 50 17 from
2943 3907 115 23 indigestion
3068 3911 10 17 I
3087 3917 34 11 can
3130 3912 24 18 do
3161 3919 9 11 a
3180 3913 48 21 day's

2798 3929 53 17 work
2875 3930 48 17 with
2938 3936 37 17 any
2994 3937 49 16 man,
3062 3934 38 17 and
3116 3936 31 16 eat
3218 3941 10 10 a

2797 3951 54 19 horse
2860 3954 7 20 j
2876 3954 37 16 and
2922 3954 48 16 have
2976 3956 55 20 great
3039 3956 86 22 pleasure
3133 3959 19 16 in
3161 3965 55 12 recom-

2797 3975 92 24 mending
2906 3977 97 18 Clements
3023 3978 60 20 Tonic
3100 3982 19 16 to
3139 3987 38 17 any
3197 3986 30 13 one

2798 3998 91 24 suffering
2911 4000 50 17 from
2985 4006 81 13 nervous
3090 4005 137 22 complaints.—

2797 4021 62 19 Yours
2867 4023 59 22 truly,
2936 4024 19 16 S.
2966 4023 20 17 C.

2821 4045 60 17 When
2895 4047 69 22 people'
2978 4047 54 24 right
3053 4051 21 15 at
3087 4050 32 17 the
3133 4051 55 18 home
3210 4049 17 18 of

2797 4067 95 20 Clements
2905 4070 59 17 Tonic
2977 4071 61 21 praise
3047 4072 32 18 the
3093 4075 77 20 remedy
3177 4080 20 12 as
3204 4073 22 22 [so

2797 4097 57 17 many
2863 4092 30 21 do,
2903 4093 17 17 it
2935 4096 68 19 Jirftves
3020 4095 34 17 the'
3069 4096 55 18 value
3144 4099 20 16 of
3179 4098 15 16 it
3209 4101 16 12 to

2797 4120 54 17 every
2861 4115 57 23 body,
2928 4122 46 12 even
2983 4117 20 17 in
3013 4118 47 22 spite
3070 4120 20 16 of
3098 4120 32 17 the
3139 4121 32 17 old
3187 4125 29 16 say-

2797 4137 39 23 ing,
2869 4139 31 17 No
2909 4146 43 11 man
2962 4141 15 17 is
2994 4147 10 11 a
3013 4142 82 21 prophet
3109 4143 19 17 in
3144 4144 67 17 hisoor»n
3211 4137 3 26 r
3215 4147 10 10 »

1244 48 60 20 TIES
1331 48 58 22 HOt
1417 48 93 23 I,AI£ES
1539 51 173 28 CHRONICLE,
1741 58 189 23 WEDNESDAY,
1960 57 169 24 SEPTEMBER
2157 64 31 17 23,
2207 65 47 16 189G

134 266 122 16 WtOPOdED
267 266 160 16 DEPABIUHEi

203 298 48 15 FOR
263 298 102 15 SYDNEY.

141 371 49 15 FOR
202 370 132 16 SUUTHKIi.N
346 370 77 15 i-UKIb.

66 405 99 18 Takapuna
173 412 51 16 every
234 406 75 20 Monday

68 427 128 19 Mahtnapua
205 433 55 14 every
266 426 103 21 Thursday.

66 602 160 19 TTUDDART,
251 600 111 19 PARKER,
383 599 54 17 AND
459 599 31 17 CO

71 618 33 24 |~|
227 622 107 25 (limited),

86 670 95 24 Splendid*
191 669 162 23 WeUrappointefl
360 669 93 19 Steamers
459 668 36 18 will

63 695 21 17 be
94 693 114 24 despatched
216 694 49 16 from
274 694 118 19 AUCKLAND,
403 698 20 11 as
438 692 57 17 under

61 717 90 24 (weather
167 717 38 17 and
224 717 54 17 other
294 716 143 18 circumstances
453 720 32 18 per-

61 740 85 23 mitting)
154 746 29 11 :

60 764 43 17 Fob
108 762 137 22 GISBORNE,
252 761 104 22 NAPIER,
363 762 116 17 WELLING-

81 787 58 20 TON,
151 786 158 20 LYTTELTON,
320 785 14 18 &
343 785 129 20 DUNEDIN,

62 811 107 17 Tasjiania
209 810 102 20 Tuesday,
325 809 42 17 Oct.
381 810 17 19 <>,
410 810 21 15 12
439 814 56 12 noon.

61 833 101 21 Anglian,
169 834 102 17 Tuesday,
279 833 41 17 Oct;
327 832 28 19 20,
365 833 19 16 Yi
391 838 57 11 noon.

187 879 52 18 FOE
254 879 111 21 SYDNEY,

104 903 117 23 (Returning
233 905 20 15 to
261 902 99 17 Auckland
369 901 80 24 Direct;)

59 926 94 24 Carrying
173 926 114 23 Passengers
308 926 29 17 for
358 925 136 21 Melbourne,

69 950 56 17 other
130 950 132 17 Australian
270 949 71 19 Pouts,
348 948 37 18 and
390 949 92 20 Hojiakt,

59 978 103 19 Anglian,
168 991 27 4 ...
204 978 105 19 .Monday,
327 976 41 17 Oct.
386 978 17 18 5,
420 978 11 14 4
447 982 46 16 p.m.

59 1001 117 18 Tasmania,
183 1010 17 8 j.
207 1000 107 21 .Monday,
323 999 42 18 Oct.
380 1000 27 20 19,
422 1002 9 14 4
447 1004 45 17 pan.

82 1028 31 17 All
123 1028 75 17 Tickets
205 1033 31 13 are
245 1027 92 18 available
345 1027 39 17 also
398 1027 30 17 for
437 1026 45 23 Stop-

59 1057 45 12 over
112 1057 22 11 or
141 1051 73 18 Return
228 1051 25 22 by
265 1051 54 16 ANY
337 1050 84 17 UNION
434 1049 59 19 CO.'S

61 1075 141 20 STEAMERS,
212 1074 38 18 and
256 1073 74 18 holders
339 1073 19 18 of
367 1072 66 19 U.S.S.
451 1073 43 18 Co's

59 1096 75 19 Tickets
155 1104 44 16 may
215 1097 60 18 travel
292 1097 24 22 by
338 1096 118 17 ANGLIAN
473 1102 21 11 or

57 1121 141 17 TASMANIA.

155 1150 22 17 L.
191 1150 25 17 D.
226 1149 108 17 NATHAN
347 1149 15 17 &
375 1149 45 17 CO..

388 1173 16 17 A
405 1173 62 19 sents.

88 1319 51 17 Book
149 1319 93 21 Passages
250 1317 38 17 and
296 1322 62 12 secure
367 1316 54 17 berth
433 1315 25 23 by

57 1350 39 18 All
103 1349 76 20 Lines.
193 1348 39 19 All
238 1348 94 18 Routes.
346 1347 39 19 All
390 1347 97 19 Classes.

125 1381 40 18 AT
179 1379 122 20 LOWEST
313 1379 104 18 RATES.

55 1428 92 23 Through
155 1427 75 18 Tickets
237 1426 62 18 issued
312 1427 20 16 to
346 1425 68 18 South
426 1425 49 18 Afri-

78 1456 38 13 can
125 1451 134 20 GOLDFIELDS,
270 1449 151 23 Johannesburg,
429 1451 34 15 etc.

76 1498 39 17 Eur
123 1498 26 17 all
158 1496 121 19 information
289 1495 57 23 apply
355 1496 19 17 to

101 1526 89 17 COOK'S
203 1524 124 18 SHIPPING
341 1523 97 20 OFFICE,

98 1555 28 21 89,
320 1553 118 17 Auckland.

52 1583 85 18 Rotorua
146 1582 90 20 Agency:

206 1831 55 20 ASK
278 1830 51 19 FOR

111 1884 101 45 AN
227 1882 254 45 COCKS'

176 1955 181 22 CELEBRATED

230 2008 41 33 XX
274 2008 42 33 XX

54 2161 115 32 FINEST
196 2160 87 32 i&LT
304 2159 64 32 MS
386 2159 96 37 KOPS,

89 2251 53 14 FREE
155 2250 54 14 l-'KOM
223 2250 38 13 ALL

53 2342 138 33 CAPTAIN
215 2341 82 32 GOOK
316 2340 166 38 BREWERY,

155 2384 192 21 NEWMARKET.

52 2437 232 48 Blocker's
333 2436 149 54 Dutch]

186 2495 160 46 Cocoa.

50 2585 138 32 Highest
198 2584 125 26 awards
337 2584 32 24 at
383 2589 100 26 every

172 2624 195 28 Exhibition.

84 2668 66 25 The
162 2667 99 26 latest
272 2666 28 25 is
313 2665 54 26 the
387 2666 96 26 Cross

52 2701 33 26 of
92 2702 112 25 Honor
217 2700 33 26 at
266 2700 54 24 the
341 2699 123 25 Amster-

52 2735 73 25 dam
134 2732 188 27 Exhibition
330 2732 91 29 1895,
430 2732 54 24 the

49 2768 130 30 highest
186 2765 139 33 possible
334 2765 116 25 award.

528 110 294 47 Elifenfned
838 111 121 46 Bros

672 162 144 29 BBEWESS,

607 198 108 19 ALBERT
731 198 149 23 BREWERY,

548 229 219 25 QUEEN-sTKEET,
781 230 157 20 AUCKLAND

547 282 67 17 WINE
628 282 50 16 AND
690 282 81 16 SPIRIT
781 282 154 20 MERCHANTS,

567 310 122 15 BOTTLERS
701 310 52 16 AND
769 310 144 19 IMPORTERS,

609 333 27 17 •13,
651 336 134 12 QUEEN-i-TKEET
800 336 70 12 -ffJIAHP.

615 383 51 12 I'lilZK
678 383 60 12 MEDAI
749 384 36 11 AND
795 384 72 11 AWARDS

523 405 23 15 At
555 405 29 16 the
599 405 91 21 following
706 405 112 16 Exhibition*
834 407 27 13 tor
869 410 32 11 our
909 405 37 16 well-

618 427 62 15 known
694 426 45 16 Bulk
749 427 32 15 and
793 426 67 16 Bottled

635 447 47 16 ALE
694 447 52 16 AND
757 447 76 16 STOUT
840 447 4 16 :

522 473 70 23 Sydney
601 475 125 16 International
735 475 107 18 Exhibition,
854 476 47 16 1879.

522 495 101 18 Melbourne
633 496 127 17 International
766 496 109 19 Exhibition,
885 497 68 15 IHBO-81

522 517 42 15 New
572 517 74 16 Zealand
656 517 207 21 liuiustrinlExhibiliou,
868 515 76 24 Welling-

565 543 34 14 ton,
611 540 48 15 ISBS.

521 559 43 16 New
583 560 75 16 Zealand
673 560 33 16 ami
721 562 54 14 South
788 561 41 15 Sean
845 560 108 17 Exhibition.

564 581 86 17 Dunedin.
663 583 78 15 IHSn-90.

521 602 20 16 In
551 603 76 16 addition
637 605 17 14 to
665 604 52 14 above
727 604 42 14 have
788 604 40 15 been
844 604 80 15 awarded
937 605 18 14 at

564 624 104 16 Tasmanian
701 625 108 19 Exhibition,
838 624 115 20 Luuueestou,

565 646 78 15 lSyl-92.

606 675 58 18 FIVE
675 677 71 15 FIRST
764 677 104 17 AWARDS

720 701 33 14 r.*

530 718 68 18 BULK
609 719 110 17 BOTTLED
735 720 58 16 ALES
811 720 51 16 AND
879 721 76 17 STOUT

607 759 252 37 CHAMPIONSHIP

548 804 64 23 Gold
626 804 87 24 Medal
723 805 28 23 of
761 805 166 23 Australasia

522 875 89 23 BULK
625 876 69 23 AND
713 873 147 26 BOTTLED
874 878 64 22 ALE

611 927 73 21 Having
692 933 9 11 a
712 928 57 20 Larf:e
778 929 52 15 Stoek
839 929 18 16 of

630 960 47 15 ALE
689 960 52 16 AND
753 960 82 17 STOUT.

559 1007 114 32 MISS
705 1007 210 38 FE.ENCH,

532 1051 266 26 ANGLO-PARISIAN
830 1053 89 26 DRESS-

674 1101 114 26 MAKER.

615 1141 65 23 (Late
691 1141 26 18 of
723 1142 124 23 Dunedin.)

515 1181 91 43 I>EGS
618 1184 21 16 to
649 1181 92 21 intimate
754 1185 20 16 to
794 1183 34 19 the
844 1183 65 19 ladies
927 1185 21 17 of

535 1207 17 17 J
580 1207 92 20 Eotorua
699 1208 43 19 Unit
761 1209 36 18 site
816 1209 37 19 lias
872 1211 76 18 started

515 1233 91 20 business
628 1234 21 19 in
673 1234 158 25 Fentoii-street,
856 1237 91 24 opposite

541 1315 51 47 E.
642 1316 271 55 LYONS,

633 1375 188 38 TAIL.OB,

510 1414 35 25 (In
555 1415 34 18 tlie
603 1416 98 24 premises
717 1416 64 23 lately
803 1418 95 21 occupied
917 1418 25 25 by

616 1441 27 19 H.
654 1441 35 20 W.
699 1441 139 27 Neighbour.)

529 1474 81 20 MAIN
623 1476 90 22 ROAD,
729 1476 194 21 OHINEMUTU.

511 1521 247 50 RESPECTFULLY
767 1526 49 19 calls
825 1527 34 20 the
877 1531 55 16 atten-

584 1552 42 18 tion
637 1552 20 18 of
667 1552 109 19 Residents
785 1556 20 15 to
814 1554 31 18 liis
853 1561 41 12 new
904 1555 38 18 and

509 1603 126 24 SPRING
644 1604 22 23 &
678 1604 141 24 SUMMER
833 1606 107 24 GOODS.

164 2821 210 27 ROTORUA.

53 2883 241 45 Tarawera
317 2880 167 49 J-louse,

106 2945 185 21 TUTANEKAI
305 2945 120 19 STREET.

78 2979 82 20 Within
185 2985 45 18 easy
256 2984 66 12 access
347 2978 20 18 of
383 2977 35 19 the
437 2976 49 20 Post

53 3006 67 23 Office,
128 3005 71 22 Baths,
210 3004 39 19 and
256 3003 127 20 Sanatorium
392 3003 94 19 Grounds

52 3032 39 19 and
103 3030 141 26 commanding
259 3036 11 13 a
287 3030 131 25 magnificent
435 3029 51 19 view

51 3058 22 20 of
81 3058 35 18 the
125 3057 64 19 Lake.

80 3088 88 21 Visitors
191 3086 41 20 will
252 3086 42 20 find
312 3092 60 18 every
387 3086 99 18 attention

53 3114 50 25 paid
111 3117 21 15 to
143 3113 53 20 their
206 3114 85 17 comfort
300 3112 39 19 and
353 3114 34 16 the
397 3111 90 25 require*

54 3140 97 19 im-ntsof
160 3140 77 18 invalid
249 3140 68 24 guests
328 3137 40 19 will
378 3138 25 18 be
421 3137 55 20 assid-

52 3167 74 23 uously
137 3165 96 20 attended
242 3167 26 17 to.

167 3196 72 18 Tkkms
251 3194 121 20 Modebate.

106 3242 37 22 U»
169 3243 31 21 W
212 3236 149 28 JLJLtJL-.JLYJLU
369 3242 18 20 X
402 3244 19 18 A

385 3300 102 26 promptly

162 3385 82 23 FOE
266 3384 92 24 SALE-

57 3438 114 43 -I)LANT
186 3438 21 19 in
217 3436 93 26 working
317 3436 57 19 order
382 3436 20 19 in
411 3436 75 25 Taupo,

124 3464 123 24 comprising
256 3470 31 11 :

58 3502 10 15 2
78 3499 112 22 Launches,
203 3504 37 12 one
248 3498 62 24 large,
322 3503 37 12 one
366 3496 64 23 small,
440 3496 47 20 with

83 3524 48 24 fuel,
145 3526 24 17 ilO
179 3524 47 19 cord
237 3525 19 17 of
266 3523 63 21 wood,
342 3530 25 11 on
375 3522 61 19 hand.

78 3551 79 25 Failing
167 3550 68 23 Boats,
247 3552 38 16 two
296 3552 34 15 ton
340 3549 4 27 <
352 3549 42 18 ach.

57 3578 11 16 4
79 3576 85 25 Pulling
174 3576 63 20 Boats
247 3575 39 19 und
297 3581 54 18 gear.

58 3602 71 18 House
153 3602 40 18 and
218 3601 83 25 pardon,
328 3601 41 18 also
388 3600 99 25 goodwill,

84 3627 92 26 Leaving
186 3634 25 12 on
221 3631 82 14 account,
312 3626 20 19 of
344 3626 75 19 health.

181 3652 85 19 TERMS
280 3651 85 20 CASH.

57 3702 74 25 Apply,

84 3736 88 20 Kicejtt
183 3737 15 19 &
207 3737 78 22 Adams,
295 3736 83 25 Agents,
386 3736 77 25 Taupo.

98 3773 27 16 or,
138 3766 83 20 Geobqe
232 3766 94 23 Harpek,
337 3766 113 19 Auckland.

61 3820 79 23 NEW
154 3820 154 23 ZEALAND

112 3870 111 23 DAIRY
238 3870 214 24 ASSOCIATION

179 3912 154 23 FACTORY
352 3913 138 28 BUTTER,

193 3960 61 18 FOR
269 3961 30 21 Is,
324 3961 38 18 AT

60 4003 187 43 WILLIAMS'
267 4003 86 42 CASH
369 4006 122 40 STORE,

84 4109 73 18 Other
182 4107 79 20 Goods
288 4107 203 23 correspondingly

59 4132 84 22 Cheap.

510 1792 220 23 PIONEER
774 1794 165 26 STORE,

585 1839 102 24 Opposite
704 1839 72 20 Palace
794 1840 67 20 Hnteh

507 1890 137 25 GROCERY,

548 1923 136 19 OILMEN'S
700 1918 111 30 STORpS,

587 1950 220 27 IRONMONGERY,

692 2016 143 28 DRAPERY,
853 2022 41 22 #c,
906 2024 16 17 &
924 2030 9 11 c

553 2050 75 18 NEW
641 2050 143 20 SEASON'S
793 2051 100 20 GOODS

650 2074 46 19 Just
707 2079 20 14 to
738 2075 61 19 hand.

534 2112 14 14 A
567 2108 148 20 wpll-assorteH
733 2109 57 20 stock
809 2110 19 18 in
846 2110 26 19 all
889 2110 47 20 lines

507 2135 20 18 of
537 2135 34 19 the
580 2135 62 19 above
653 2139 20 15 at
684 2135 71 20 lowest
766 2142 71 17 price*.

507 2178 48 19 New
567 2177 87 21 Zealand
663 2178 64 26 Dairy
736 2179 147 25 Association'*
892 2180 33 20 Fac-

542 2206 45 23 tory
599 2203 74 22 Buttor
684 2205 54 20 fresh
750 2206 57 19 twice
819 2207 81 18 weekly.

581 2248 51 20 New
642 2249 49 20 Laid
704 2249 60 24 Eggs,
776 2251 42 21 Ac.,
830 2251 35 18 &c.

612 2301 216 20 TENDERS.

508 2347 143 44 TEXDEBS
659 2354 32 11 are
699 2348 72 18 invited
781 2349 30 17 for
819 2349 32 17 the
861 2349 79 18 erection

571 2372 19 16 of
600 2378 10 11 a
619 2371 120 18 ten-roomed
748 2372 87 23 building
852 2374 20 15 at
887 2373 43 18 Atia-

506 2394 54 17 mui-i.

531 2418 57 16 Elans
598 2418 37 17 and
644 2418 136 22 specifications
790 2424 33 12 can
833 2419 23 16 be
866 2425 40 11 seen
922 2420 18 16 at

508 2447 31 16 my
553 2441 58 17 office.
644 2441 76 17 Lowest
735 2448 21 11 or
772 2448 38 16 any
826 2442 67 18 tender
908 2444 32 16 not

506 2464 112 23 pecessarily
633 2464 94 23 accepted.
760 2465 82 18 Tenders
856 2465 49 18 close
918 2472 22 11 on

507 2488 44 17 26th
561 2487 114 24 September,
686 2490 19 15 at
715 2490 10 15 9
734 2494 45 17 p.m.

600 2511 63 24 (Sgd.)
680 2511 23 17 B.
720 2511 19 17 S.
750 2512 121 18 COELETT.

714 2535 103 17 Architect.
828 2536 90 16 Hotorua.

1135 112 43 19 TO
1201 112 69 20 LET

1119 189 59 19 THE
1193 190 85 19 MART.

1033 227 71 25 Apply
1113 230 21 17 to
1197 228 18 19 J.
1233 228 27 19 H.
1278 229 112 19 TAYLOR

994 282 133 20 ROTORUA
1151 284 193 21 PROSPECTING
1358 286 30 19 AS-

1119 310 158 20 SOCIATION.

995 361 14 19 A
1038 361 136 20 GENERAL
1183 363 90 25 meeting
1283 360 22 21 of
1314 363 100 20 members

980 387 43 17 -£-»-
1052 388 41 18 will
1108 388 49 19 take
1176 388 57 25 place
1252 389 21 18 in
1293 389 34 19 the
1345 389 69 19 Grand

981 413 63 19 Hotel
1054 414 110 23 To-night,
1176 414 137 26 Wednesday,
1323 416 78 24 Septem-

980 439 36 19 ber
1026 440 54 23 23rd,
1093 444 20 15 at
1128 442 44 16 8.30
1184 440 81 23 o'clock,
1275 442 40 18 and
1325 448 25 12 on
1365 442 49 18 e.<ch

979 465 99 19 alternate
1089 466 131 25 Wednesday
1230 467 21 19 in
1260 468 70 18 future
1339 470 21 16 at
1378 468 35 19 the

979 498 53 12 B;ime
1043 492 48 19 time
1101 493 40 18 and
1151 493 62 24 place.

1260 519 33 19 13y
1307 519 78 19 Order.

979 572 136 16 PUBLIC
1148 573 264 17 SCHOOLROOM,

979 615 151 27 SOCIAL
1157 600 255 43 &°CONCERT.

1003 657 25 19 In
1040 658 33 19 aid
1082 658 21 18 of
1111 658 35 19 the
1153 658 143 24 Presbyterian
1305 658 80 20 Church

1106 684 99 25 Building
1215 684 65 19 Fund.

977 715 197 33 WEDNESDAY,
1193 719 84 26 SEPT.
1289 717 38 31 30,
1343 720 69 27 1896.

976 754 43 18 Tea
1027 760 27 12 at
1061 756 10 16 6
1078 757 82 16 o'clock
1195 754 99 24 Concert,
1305 757 10 17 8
1323 755 88 19 o'clock.

1007 788 142 23 Admission,
1162 789 26 18 Is
1197 788 4 24 ;
1214 789 113 23 Children,
1338 790 37 19 6d.

976 836 90 43 JOHN
1091 837 15 18 I.
1138 838 107 18 PHILIPS
1277 839 54 17 AND
1364 840 45 20 CO.,

1085 865 76 13 MINING
1175 866 121 16 engineers,

1021 887 132 14 authorised
1168 889 76 12 mining
1257 890 42 12 and
1308 890 54 13 land

974 952 55 17 Head
1040 952 68 26 Office:
1131 954 107 22 Halyday's
1254 955 106 23 Buildings,
1379 957 29 20 20,

1044 976 178 23 Shortland-street,
1232 978 106 17 Auckland.

973 1004 46 18 P.O.
1030 1005 41 17 Box
1082 1006 40 17 332.
1252 1007 106 23 Telephone
1367 1009 41 16 956.

973 1032 57 17 Cable
1039 1033 83 18 Address
1130 1032 4 23 :
1147 1034 137 21 Theodolite,
1302 1035 105 18 Auckland.

1102 1079 76 19 Branch
1195 1081 66 17 Offices
1270 1079 3 19 :

972 1107 172 22 Wharf-street,
1155 1109 165 19 Paeroa—Mi-P.
1330 1111 22 17 A.
1360 1112 36 17 Cut-

995 1133 39 18 ten,
1047 1132 51 20 C.E.,
1109 1132 77 23 Mining
1200 1133 93 23 Surveyor
1306 1134 18 18 in
1338 1135 69 23 charge

995 1155 20 17 of
1023 1154 85 24 district;
1122 1155 32 18 Mr
1165 1157 21 17 T.
1204 1157 95 21 Whewoll,
1317 1157 91 19 Resident

995 1178 104 23 Secretary.

971 1201 169 22 BrotVn-street,
1150 1203 66 17 Tiiam:

993 1225 70 19 Allom,
1073 1225 42 18 Min
1125 1232 28 16 ii£
1162 1226 94 23 Surveyor
1264 1227 20 17 in
1301 1228 69 23 charge
1386 1228 21 18 of

993 1247 80 19 district.

970 1270 101 19 Kai'anga
1092 1272 64 22 Road,
1179 1273 139 18 Cokomandel
1358 1275 46 17 P.O.

993 1295 41 17 Box
1054 1296 26 16 17;
1106 1295 31 18 Mr
1154 1296 22 18 E:
1195 1296 24 18 11.
1238 1297 74 22 Hardy,
1329 1298 77 23 Mining

993 1317 95 23 Surveyor
1096 1319 19 17 in
1125 1319 69 24 charge
1204 1321 19 15 of
1235 1317 84 26 district;
1333 1321 32 17 Mr
1381 1322 23 17 A.

992 1341 20 16 F.
1023 1341 78 23 Billing,
1115 1342 90 19 Resident
1218 1343 103 18 Secretary.

569 2681 115 24 Rotorua
698 2680 79 24 Tcwii
792 2681 90 23 Board-

509 2733 152 43 TENDERS
672 2733 40 20 will
722 2733 26 19 be
762 2734 92 19 received
865 2733 26 26 by
910 2733 33 20 the

576 2760 108 19 Chairman
696 2760 21 17 of
726 2760 35 18 the
769 2760 61 19 Town
839 2760 66 19 Board
917 2766 26 19 up

508 2788 19 18 to
540 2786 47 21 15th
599 2786 92 21 October,
713 2787 56 22 189G,
789 2787 32 18 for
839 2786 105 26 Nightsoil

508 2813 80 18 Service
599 2812 31 20 for
641 2813 33 18 llie
685 2812 61 19 Town
759 2813 21 18 of
790 2812 98 19 Rotorua.

535 2838 152 26 Specifications
696 2840 20 17 to
727 2838 25 19 ho
762 2845 47 12 seen
824 2842 21 15 nt
855 2838 34 19 tlio
908 2838 24 19 Of-

508 2865 37 19 fice
555 2865 21 19 of
586 2865 35 18 the
631 2864 67 19 Board
715 2865 52 18 after
780 2864 91 26 Monday
888 2866 54 17 next.

534 2891 81 19 Lowest
626 2897 23 12 or
658 2897 40 18 any
708 2891 72 18 tender
790 2894 34 15 not
836 2890 98 19 necessari-

508 2918 21 24 ly
540 2916 100 26 accepted.

683 2942 22 19 C.
721 2942 143 24 MALFROY,

802 2968 28 21 Oh
833 2969 84 21 airman.

534 2997 97 23 Rotorua,
644 2995 125 24 September,
782 2997 18 21 0,
813 2997 56 17 1896.

647 3047 139 23 TENDERS-

512 3099 150 21 nHENDEES
675 3106 34 12 aro
726 3099 76 26 hereby
818 3100 77 18 invited
914 3100 29 18 for

517 3121 21 21 J-
578 3127 34 17 tlie
620 3126 87 18 erection
717 3127 21 17 of
752 3126 35 18 the
801 3126 142 25 Presbyterian

512 3151 86 24 Church,
607 3151 98 24 Rotorua,
715 3151 81 23 (labour
806 3152 66 24 only).

537 3177 63 19 Plans
611 3178 38 18 and
661 3178 145 25 specifications
818 3181 21 16 to
855 3178 26 19 bo
898 3184 45 12 seen

512 3206 21 16 at
543 3203 19 20 S.
574 3203 22 19 T.
607 3204 81 18 Brent's
698 3204 103 25 Bathgate
815 3204 76 18 House.

538 3229 80 20 Lowest
626 3236 22 13 or
654 3237 40 17 any
703 3231 71 18 tender
782 3234 35 15 not
825 3230 118 25 necessarily

512 3257 100 22 accepted.
653 3256 89 20 Tenders
766 3257 53 19 close
845 3262 26 13 on
897 3257 46 18 24th

512 3282 123 26 September.

673 3308 24 20 B.
709 3308 20 19 P.
741 3308 124 24 PENNEY,

644 3335 42 19 Sec.
701 3334 80 19 Church
794 3334 124 21 Committee'.

511 3388 58 21 BAY
592 3390 34 19 OP
651 3389 113 20 PLENTY
791 3390 154 20 LICENSING

661 3415 136 20 DISTRICT.

512 3468 83 18 Notice
610 3468 26 18 of
649 3468 152 23 Application
815 3469 36 18 for
865 3469 68 19 Trans-

635 3491 35 18 fer
683 3491 26 18 of
719 3492 103 19 License.

514 3541 22 18 T
564 3541 75 18 JOHN
649 3541 153 22 JOHNSTON,
815 3542 20 18 of
847 3542 96 24 Rotorua,

514 3563 22 19 J-
584 3567 63 24 being
656 3568 35 18 the
703 3567 70 19 holder
782 3569 21 17 of
811 3574 11 12 a
829 3568 117 20 Publican's

512 3591 84 20 Licence
604 3593 20 18 in
634 3596 79 21 respect
731 3594 21 18 of
771 3593 35 19 the
825 3594 63 19 house
906 3595 39 19 and

512 3619 97 23 premises
618 3619 74 19 situate
699 3622 20 16 at
727 3619 91 19 Rotorua
827 3621 38 17 and
873 3621 72 19 known

514 3643 26 25 by
550 3645 34 18 the
595 3645 45 23 sign
651 3646 21 18 of
688 3645 34 19 the
741 3645 73 19 Palace
834 3645 69 24 Hotel,
921 3647 25 19 do

514 3669 76 26 hereby
602 3671 45 23 give
657 3671 65 18 notice
733 3671 44 19 that
785 3672 11 18 I
807 3671 65 21 desire
882 3675 19 16 to
910 3673 24 19 ob-

514 3696 48 21 tain,
574 3697 40 18 and
631 3697 47 23 will,
696 3699 20 16 at
731 3697 35 19 the
782 3700 50 16 next
849 3698 97 25 licensing

514 3722 89 24 meeting
620 3724 21 17 to
656 3723 26 18 be
698 3723 72 21 bobjen
788 3725 21 17 at
826 3724 34 19 the
877 3724 58 20 Court-

514 3747 68 20 house,
593 3748 115 24 Tauranga,
720 3756 25 11 on
759 3749 36 19 the
811 3750 40 19 2nd
869 3750 39 25 day
927 3751 20 19 of

514 3773 118 23 December,
644 3776 56 21 1894,
710 3775 61 25 apply
781 3776 32 18 for
830 3783 11 12 a
860 3777 87 18 transfer

514 3799 21 18 of
554 3800 34 18 the
609 3800 43 19 said
672 3800 73 20 license
764 3802 52 18 from
835 3802 73 24 myself
927 3805 20 16 to

514 3825 69 19 Frank
594 3826 88 23 Waters,
699 3833 33 17 my
740 3828 114 24 appointee.

540 3851 66 20 Dated
618 3852 33 19 the
661 3852 58 19 ninth
731 3853 38 24 day
782 3854 21 18 of
823 3854 123 24 September,

517 3878 56 18 1896.

651 3904 75 19 JOHN
739 3904 154 21 JOHNSTO.Y.

662 3951 145 18 FIREWOOD.

517 3993 143 33 rpENDEiS
677 3998 38 16 will
729 3998 23 17 he
768 3998 85 18 received
869 3998 26 25 by
916 3999 30 18 the

526 4015 18 23 J_
580 4020 126 22 undersigned
715 4021 30 17 for
752 4022 22 16 50
782 4023 43 15 tons
834 4022 21 16 of
867 4022 48 18 Rata
928 4024 18 16 to

515 4042 23 18 be
548 4043 93 17 delivered
649 4045 21 16 at
677 4044 52 17 Lake
737 4044 67 17 House
814 4045 65 19 Hotel,
888 4051 20 12 or
914 4047 32 21 put

515 4071 24 13 on
550 4066 63 17 trucks
622 4068 20 15 at
658 4073 37 16 any
708 4067 54 22 point
779 4068 20 17 of
815 4068 33 17 tho
863 4068 83 24 Railway

515 4088 42 18 line.

678 4112 29 19 W.
717 4113 23 17 A.
750 4113 127 21 BOULTON,

787 4137 64 18 Grand
860 4138 64 17 Hotel.

936 4230 101 38 Ask
1065 4232 71 38 for
1163 4233 266 40 Hancock's
1461 4234 276 41 Celebratocl

1993 4240 118 40 Ales
2141 4244 96 36 and
2263 4244 150 41 Stout
