2470 3820
106 159 205 30 SERIAL
342 160 186 29 STORY.

107 233 102 22 Specially
219 233 80 19 written
308 233 32 22 for
351 234 6 8 '
364 233 41 20 The
416 233 105 19 Observer.'

127 291 70 23 THE
216 289 76 25 SICK
313 289 187 25 STOCKMAN.

127 328 49 32 »(A
188 327 81 25 Story
280 335 26 16 m
318 328 56 23 Two
385 327 97 31 Pacts.)

230 386 161 31 [Continued.)

147 446 66 24 Part
230 444 34 24 II.
266 443 149 25 —Chapter
431 442 49 25 111.

83 505 67 22 Alec
172 510 59 17 soon
250 502 120 27 returned,
393 501 99 30 looking
510 501 65 30 quite

50 536 63 24 tired
134 537 50 22 out.
256 534 71 28 Well,
474 533 32 23 he
522 533 50 23 said

50 576 27 16 as
89 569 29 23 he
130 575 68 17 came
209 567 34 27 m,
280 566 14 23 I
304 566 63 24 have
378 566 61 24 done
458 565 33 23 all
502 565 13 23 I
527 572 45 16 can

47 602 38 23 ibr
96 601 55 23 that
166 607 59 23 poor
235 599 90 27 fellow;
350 598 83 23 Auaru
445 597 48 24 and
511 597 61 24 Tom

49 634 49 23 will
110 633 31 23 sit
151 641 33 22 up
195 632 59 24 with
265 631 48 23 him

107 666 88 27 Auaru,
211 663 59 25 Alec
281 665 5 22 1
313 662 84 31 Surely
408 662 31 24 he
451 662 20 24 is
483 669 15 17 a
516 668 56 24 very

48 698 77 30 rough

158 729 46 24 has
214 728 85 31 plenty
309 727 26 23 of
345 726 116 31 strength,
480 725 91 27 Nellie,

48 762 81 25 which
139 762 22 24 is
174 761 31 24 .ill
217 761 54 23 that
282 760 21 23 is
320 759 94 24 wanted
425 760 25 21 at
466 759 104 29 present.

49 795 52 23 The
113 794 64 24 fever
187 793 22 23 is
220 800 57 21 very
292 793 81 28 strong
384 797 64 23 upon
459 790 42 23 the
512 797 60 22 poor

47 826 89 24 wretch
146 834 6 20 ;
178 825 20 24 it
209 823 57 25 took
277 831 27 15 us
322 822 34 24 all
367 825 25 21 to
403 821 59 25 hold
480 821 53 23 him
544 821 27 23 m

47 859 43 24 the
101 858 59 30 dray
170 860 27 21 at
207 856 78 27 times,
303 855 14 23 I
328 855 30 23 do
369 857 44 21 not
424 854 70 23 know
505 853 65 24 what

47 899 35 16 we
93 889 79 26 would
183 889 62 25 have
256 888 62 24 done
329 886 102 25 without

79 923 81 24 Auaru
177 929 49 17 was
245 929 15 16 a
270 920 113 31 powerful
400 926 82 24 young
492 917 79 24 Maori

45 963 49 17 —a
105 954 110 32 splendid
227 952 118 32 specimen
357 951 27 25 of
391 951 40 24 his
442 958 61 18 race.

78 987 79 25 When
169 987 38 24 Mr
219 986 87 23 Brown
324 984 49 24 had
384 983 84 25 retired
479 983 37 24 for
527 982 42 24 the

44 1020 80 31 night,
153 1019 61 23 Alec
240 1017 49 24 and
317 1016 80 24 Helen
424 1015 54 24 read
506 1014 65 25 their

43 1053 93 23 letters.

184 1082 67 28 Alec,
271 1081 66 24 what
348 1080 31 25 do
390 1088 46 23 you
456 1078 69 25 think
535 1079 32 23 ?''

45 1117 52 25 said
109 1116 87 27 Helen,
208 1114 99 31 looking
318 1121 32 23 up
370 1114 63 23 from
445 1112 41 24 the
497 1111 72 25 letter

44 1150 45 23 she
99 1157 50 16 was
160 1148 106 29 reading.
340 1145 65 24 Your
416 1145 95 23 brother
522 1143 48 24 and

43 1182 123 23 sisternre
183 1179 95 30 already
295 1185 33 17 on
346 1177 63 24 their
424 1184 64 23 way;
512 1176 57 30 they

43 1222 42 15 are
96 1213 27 24 m
134 1213 41 24 the
194 1210 58 25 mail
263 1212 111 26 steamer,
394 1209 81 25 which
485 1209 22 24 is
522 1208 47 24 due

44 1246 27 24 m
84 1246 67 23 three
162 1243 85 26 weeks.
250 1245 13 13 1'
301 1263 4 5 ,

268 1274 52 25 said
346 1273 66 29 Alec,
520 1271 49 25 will

45 1310 62 25 have
118 1310 68 24 them
197 1307 60 25 with
268 1315 29 16 us
309 1307 35 23 for

99 1343 13 23 I
122 1343 64 30 hope
205 1349 44 16 our
259 1340 93 30 patient
371 1338 47 25 will
428 1338 29 24 be
473 1338 55 24 well
538 1337 32 31 by

45 1375 68 28 then,
127 1374 73 27 Alec;
226 1372 14 24 I
250 1373 67 23 must
327 1378 75 16 nurse
412 1370 53 24 him
476 1378 41 23 up.
557 1369 13 23 I

45 1407 51 24 will
118 1415 39 16 see
179 1406 66 24 what
263 1404 13 23 I
295 1411 46 16 can
356 1403 30 24 do
406 1403 37 24 for
460 1403 53 23 him
534 1403 34 23 to-

78 1472 50 23 But
139 1470 80 24 Helen
230 1469 37 23 did
279 1470 45 22 not
335 1475 39 16 see
385 1465 43 26 the

45 1503 85 25 within
152 1503 45 24 her
334 1500 35 23 for
391 1505 65 21 mgre
475 1498 61 24 than
553 1505 17 22 fy

45 1536 66 25 week
120 1537 63 24 alter
194 1534 62 27 that,
269 1532 48 24 and
329 1528 33 28 all
381 1531 54 24 that
446 1531 59 24 time
519 1526 50 35 %b

43 1574 131 22 ni6H;were
184 1566 25 23 m
221 1566 113 23 constant
349 1563 144 25 attendance
505 1570 64 22 upon

43 1596 77 40 iarig?\
130 1599 2 24 '■■
157 1599 101 24 Auasu's
269 1599 84 28 strong
368 1603 65 17 arms
444 1603 62 16 were
518 1594 52 24 well

45 1625 190 40 t^Bdfi.iiuri^-i<
237 1631 41 22 Uflt
294 1629 70 25 .time.
415 1628 32 23 At
465 1627 48 24 last
524 1635 45 16 one

45 1661 113 34 mpriifftg
165 1656 60 41 '^fee
232 1670 67 16 came
311 1662 23 22 m
346 1660 49 24 and
403 1660 51 25 told
465 1660 38 24 his
517 1660 52 24 wife

43 1688 129 45 thft|f^h-
174 1688 4 9 i
178 1688 99 39 'patient
287 1702 50 16 was
348 1694 30 23 m.
382 1702 13 14 a
407 1693 75 24 sound
496 1692 71 31 sleep,

44 1728 50 26 and
104 1731 56 25 wat
171 1727 140 32 everything
322 1725 124 32 depended
458 1733 30 16 on
500 1724 68 24 abso-

43 1756 52 33 lute
109 1758 129 37 .^etness
265 1759 73 30 being
365 1758 58 30 kept
449 1757 72 23 while
548 1757 21 24 it

44 1791 111 35 lasted|*
166 1793 80 24 *'Now
268 1798 59 24 your
350 1792 57 23 turn
429 1789 46 24 has
494 1797 73 20 come,

273 1824 31 23 he
324 1823 70 27 said;
538 1821 29 23 m

33 1853 72 38 v^jsU
122 1865 47 21 me,
182 1865 48 23 you
248 1855 50 24 will
308 1856 30 23 do
356 1862 68 16 more
435 1855 67 30 good,
514 1862 55 15 now

33 1885 74 41 vljiaaj
117 1898 36 16 we
164 1897 57 17 men

215 1947 116 23 Chapter
348 1945 38 25 IV.

80 1988 165 33 Sofy-heartei
264 1987 81 24 Helen
367 1985 104 27 Cunliffe
499 1984 71 25 could

45 2025 45 24 not
101 2030 92 23 repress
212 2021 42 24 the
266 2021 64 23 tears
341 2018 81 25 which
440 2018 91 23 started
543 2018 25 22 to

45 2049 45 33 jier
101 2062 54 24 eyes
167 2061 26 17 as
205 2053 42 24 she
259 2052 67 24 stood
337 2044 108 41 with.^er
455 2049 114 25 husband

45 2087 82 25 beside
137 2086 42 25 the
190 2086 46 24 bed
247 2084 26 24 of
292 2084 41 24 the
337 2081 126 35 granger.
513 2081 57 24 And

39 2121 26 27 it
86 2127 50 16 was
158 2118 84 25 indeed
260 2124 15 16 a
294 2116 42 25 sad
355 2115 69 37 fight
440 2115 54 23 that
511 2114 58 30 they

43 2152 88 25 looked
142 2159 65 22 upon
217 2158 5 16 :
249 2148 15 26 a!
275 2147 65 32 m%s
351 2145 124 36 '§f?#bput
494 2147 76 29 thirty

36 2197 9 14 :J
45 2185 40 30 lay
97 2185 26 22 m
135 2192 14 15 a
161 2182 105 25 slumber
272 2188 32 30 |p
311 2190 5 12 /
323 2174 118 40 nr^fpuM
452 2180 52 23 that
523 2185 47 17 one

44 2216 72 25 could
135 2215 86 30 hardly
224 2206 230 47 ;l^lj|^^J||^Yedy
475 2218 26 17 so
520 2208 50 26 still

43 2256 51 16 was
106 2248 31 24 he
148 2247 48 24 and
207 2253 27 17 so
245 2239 72 32 wifilte
330 2238 56 44 ,p|
522 2241 47 25 His

42 2280 62 28 head
111 2279 48 25 and
167 2274 198 40 bea.rd,M^T)eeil
375 2272 99 29 shavedy
502 2274 68 27 Such

44 2322 15 17 a
82 2303 290 46 pitifuUook%4viOM^^
393 2315 50 18 was
464 2308 32 25 k®
543 2308 26 24 at

43 2354 59 26 poor
122 2345 79 24 Helen
210 2350 55 24 was;
518 2340 51 24 and

44 2378 60 28 Alec
123 2368 282 44 H^i|Bd|l^4ipi%^'
405 2381 22 19 ca
445 2373 41 38 <^c
500 2378 69 19 room

44 2410 65 25 until
120 2402 292 42 slio|^Peott^p|^.
421 2402 146 38 exposure.

44 2444 51 23 But
115 2442 42 23 she
177 2448 59 17 soon
254 2434 190 41 returh|Sj?%!|
459 2436 59 38 j#^
528 2443 41 32 p$

44 2476 45 23 her
111 2474 106 31 position
238 2472 32 30 by
287 2472 40 23 the
348 2470 52 24 side
415 2477 34 16 w.
452 2465 50 32 J&e
515 2468 52 28 sick

42 2514 70 18 man.
163 2505 40 24 All
214 2505 55 24 that
280 2503 46 31 day
343 2501 81 26 Helen
435 2496 118 40 safth;#e
556 2508 13 21 ;

44 2540 63 24 hour
119 2538 60 24 after
190 2538 62 23 hour
262 2535 88 32 passed
360 2534 40 32 by,
417 2529 153 37 and\lfcjlJ||se

44 2573 64 30 slept
119 2579 41 16 on.
210 2569 53 24 The
280 2568 47 31 day
337 2575 49 16 was
402 2564 132 40 beglftipg
545 2567 25 26 to

43 2611 67 17 wane
129 2603 71 24 when
211 2600 81 25 Helen
311 2599 85 24 looked
406 2606 33 22 up
457 2593 113 41 ft^;^Hv

44 2646 16 15 a
70 2636 53 32 pair
134 2635 26 25 of
169 2632 154 31 melancholy
339 2639 58 24 gray
409 2638 59 24 eyes.
476 2629 94 30 ;watch-

44 2670 45 30 ing
99 2669 50 24 her.
186 2667 49 24 She
246 2673 51 16 rose
308 2665 47 23 and
368 2672 60 23 gave
438 2663 54 26 him
504 2670 66 18 some

45 2702 55 24 food
111 2700 80 25 which
203 2699 44 24 she
253 2698 49 23 had
313 2696 80 32 ready.

79 2733 79 24 When
181 2732 43 24 she
242 2730 48 24 had
308 2728 105 26 finished
434 2728 32 24 he
489 2727 80 28 asked,

45 2767 90 24 almost
144 2765 27 25 m
190 2773 15 16 a
222 2763 110 30 whisper,
483 2768 39 17 am
542 2759 29 30 I;

46 2799 67 24 what
123 2798 46 24 has
184 2794 125 33 happened
317 2796 28 22 ?''

106 2830 56 24 You
174 2837 40 16 are
225 2827 60 25 with
296 2826 96 29 friends,
403 2825 35 24 let
449 2825 55 24 that
515 2831 55 17 con-

45 2865 54 23 tent
110 2870 47 24 you
168 2862 37 24 for
216 2861 43 24 the
269 2860 97 30 present
376 2866 5 20 ;
399 2865 48 24 you
454 2859 65 22 must
527 2858 45 23 not

47 2899 39 28 try
97 2898 25 21 to
226 2892 52 25 said
289 2891 88 24 Helen.

80 2928 40 24 He
147 2926 89 24 turned
262 2931 68 23 away
351 2923 49 24 and
427 2921 79 25 closed
533 2921 44 24 his.

47 2968 64 23 eyes,
134 2958 47 24 and
197 2965 48 17 was
264 2955 79 31 asleep
361 2954 72 31 again
453 2954 26 22 m
496 2961 14 15 a
513 2970 3 10 ;
526 2953 51 30 few;

47 2993 130 23 moments.
462 3001 4 5 '
482 3007 2 2 ■
495 3001 21 11 >-.
549 2993 12 20 .'
573 2997 4 15 ?•

80 3023 82 25 Helen
173 3022 60 25 then
243 3020 44 24 lei'fc
298 3020 43 24 the
358 3025 75 21 room,
447 3018 58 24 and.
513 3016 59 25 Alec

45 3064 70 18 came
127 3056 26 23 m
164 3055 49 24 and
224 3053 57 25 took
297 3053 42 23 her
349 3051 75 32 place,
438 3050 71 24 while
529 3050 42 24 she

45 3092 43 30 got
110 3089 39 25 the
171 3087 56 25 food
249 3086 48 25 and
318 3086 50 23 rest
391 3084 42 25 she
454 3091 27 17 so
498 3081 75 26 much

46 3121 101 26 needed.

79 3154 77 25 Helen
175 3161 56 16 now
251 3152 71 30 spent
341 3149 92 24 several
451 3148 74 24 hours
548 3147 26 24 of

45 3187 61 25 each
116 3187 47 31 day
175 3187 30 30 by
216 3185 41 24 the
273 3182 50 26 sick
334 3183 82 23 man's
427 3181 55 24 side.
534 3180 38 24 He

45 3220 51 25 had
115 3219 60 25 been
185 3216 105 32 brought
309 3223 27 17 so
355 3215 46 24 low
419 3213 56 26 that
484 3213 21 24 it
523 3220 51 19 was

45 3260 58 23 veiy
125 3250 111 26 doubtful
257 3249 19 24 if
294 3248 31 24 he
347 3246 77 25 would
451 3253 54 17 ever
532 3247 41 29 get

45 3286 86 28 better.
181 3283 49 24 For
240 3288 75 24 many
327 3280 59 30 days
397 3279 32 24 he
440 3277 97 25 seemed
547 3281 27 21 to

45 3319 74 23 hover
129 3316 109 24 between
252 3313 43 25 life
306 3312 49 25 and
372 3310 73 25 death
454 3318 6 21 ;
485 3311 43 26 but
548 3312 25 23 at

44 3350 49 25 last
105 3349 69 24 there
184 3355 50 17 was
245 3354 15 17 a
268 3345 102 30 change,
383 3344 48 24 and
437 3344 30 24 he
478 3342 96 24 seemed

45 3384 26 24 to
82 3382 55 31 gain
149 3389 15 16 a
174 3379 64 25 little
250 3377 108 31 strength
371 3375 72 32 daily.

78 3415 80 24 Helen
169 3413 73 24 asked
253 3411 53 24 him
318 3418 44 16 one
374 3410 46 29 day
452 3408 19 24 if
482 3408 31 24 he
525 3407 49 27 had

47 3447 62 24 been
119 3446 59 30 long
188 3444 26 24 m
226 3444 43 24 the
280 3441 92 30 colony,
389 3440 49 24 and
450 3439 65 26 what
526 3439 48 25 had

45 3479 104 23 induced
159 3477 53 24 him
221 3478 26 22 to
258 3481 69 19 come
336 3475 24 23 to
372 3473 59 24 New

106 3511 13 22 I
130 3510 63 23 have
203 3509 63 24 been
276 3509 43 21 out
329 3506 47 24 five
386 3505 59 30 long
455 3512 70 23 years
526 3519 32 3 —

103 3557 34 24 My
147 3556 85 25 parents
240 3554 36 20 bid
285 3558 33 15 me
326 3558 57 15 cross
390 3552 36 19 the
434 3551 63 24 flood,

127 3587 36 25 My
172 3585 87 21 kindred
267 3582 91 22 frowned
367 3589 28 13 on
404 3589 33 14 me
445 3589 5 18 ;

100 3618 58 25 They
167 3624 37 17 say
214 3617 11 19 I
234 3617 53 19 have
296 3613 66 21 belied
371 3619 35 19 my
416 3612 68 25 blood,

127 3648 47 20 And
182 3646 83 21 stained
274 3651 35 19 my

49 3690 61 24 Was
121 3690 41 23 the
172 3688 66 31 reply
248 3687 32 24 he
300 3693 60 24 gave
372 3684 56 24 with
445 3686 68 28 great
529 3684 43 23 bit-

49 3724 101 22 terness.
200 3720 40 24 He
252 3718 94 26 seemed
360 3719 25 22 to
396 3717 63 23 have
469 3725 33 15 no
513 3716 61 24 wish

42 3757 37 28 itq.
95 3755 40 30 get
156 3753 85 25 better.
291 3750 109 25 Another
422 3749 54 31 day,
504 3748 70 25 when

669 155 79 24 Helen
763 154 127 25 remarked
909 154 55 24 that
978 154 33 24 he
1030 162 49 16 was
1101 155 94 31 getting

669 190 117 28 stronger,
805 187 49 24 and
871 187 53 24 that
944 186 43 24 she
1007 186 79 32 hoped
1098 194 58 17 soon
1168 189 25 23 to

668 223 39 29 get
718 221 51 23 him
780 223 41 21 out
832 227 33 17 on
875 219 43 25 the
926 218 130 29 verandah,
1068 220 30 22 he
1110 219 52 25 said
1162 235 30 3 —

666 268 42 20 I've
716 267 41 21 had
768 273 36 20 my
812 267 61 20 share
882 266 23 20 of
919 266 97 26 pastime,
1032 266 42 21 and
1089 266 41 21 I've
1140 266 53 21 done

747 305 36 19 my
792 299 61 20 share
862 298 22 20 of
893 298 44 23 toil,

692 336 47 20 And
750 336 35 20 life
793 336 19 20 is
822 335 83 20 short—
908 334 35 21 the
957 334 80 25 longest
1047 333 35 20 life
1092 339 13 14 a
1113 340 53 19 span
1167 346 26 4 —

666 373 11 19 I
693 378 46 14 care
755 374 38 18 not
809 378 45 14 now
865 372 21 18 to
903 371 57 24 tarry
969 371 32 19 for
1018 370 36 20 the
1063 375 50 15 corn
1127 376 24 14 or
1159 371 33 19 for

746 403 35 21 the
792 403 34 24 oil,

692 440 28 21 Or
730 440 32 20 for
772 439 35 21 the
816 439 52 21 wine
877 438 47 21 that
934 438 84 20 maketh
1028 437 49 26 glad
1085 437 36 21 the
1130 437 60 21 heart

743 472 22 19 of
774 477 49 14 man
832 478 5 17 ;

663 508 41 19 For
717 508 54 24 good
786 507 89 23 undone,
892 505 42 21 and
950 505 50 26 gifts
1016 505 117 26 mis-spent,
1144 505 44 20 and

741 538 125 21 resolutions
875 538 56 23 vain,

689 575 42 20 Tis
753 574 113 21 somewhat
887 574 43 20 late
952 575 22 20 to
997 573 80 21 trouble
1077 584 27 3 —
1104 572 51 21 This
1174 573 11 21 I

740 607 69 23 know,

660 643 11 20 I
687 643 75 20 should
772 643 40 20 live
826 642 36 21 the
872 649 56 14 same
942 642 37 21 life
988 647 54 18 over,
1057 641 17 20 if
1082 641 12 20 I
1103 641 43 20 had
1163 642 22 20 to

739 675 40 19 live
788 675 69 24 again,

685 710 48 22 And
752 711 34 20 the
804 711 88 20 chances
912 716 35 15 are
965 710 11 20 I
993 717 29 19 go
1040 709 66 21 where
1128 709 57 20 most

739 748 47 14 men
796 747 33 19 go.

802 778 44 30 (To
863 778 26 23 be
905 778 146 30 concluded.)

710 867 247 38 CHRISTMAS
987 867 147 38 STORY.

700 935 114 26 (Specially
824 935 81 19 written
909 935 37 24 for
959 936 5 9 *
972 935 42 19 The
1025 934 120 27 Obserxer.')

731 988 25 23 A
773 987 158 24 MESSAGE
950 987 66 24 FOR
1032 986 80 25 MISS

837 1019 168 24 DARRELL.

848 1077 114 25 Chapter
978 1077 21 25 I.

842 1136 164 32 (Continued.)

692 1195 94 24 Taking
799 1195 41 25 the
852 1202 79 24 paper,
944 1194 39 24 Mr
994 1194 123 24 Tressider
1127 1194 59 24 read

659 1235 27 16 as
708 1228 91 24 follows
809 1235 5 16 :
816 1241 34 5 —
875 1227 66 24 Next
952 1227 27 24 of
997 1227 50 24 Kin
1054 1234 5 17 :
1088 1227 26 23 If
1133 1227 51 24 this

658 1260 87 24 should
762 1262 64 22 meet
837 1259 42 25 the
899 1267 40 22 eye
950 1259 27 23 of
993 1263 6 11 '
1009 1259 89 24 Esther
1117 1259 67 24 Dar-

659 1292 61 28 rell,'
733 1292 58 32 only
802 1291 67 25 child
880 1292 27 24 of
915 1292 43 24 the
977 1291 48 25 late
1036 1291 84 25 James
1136 1291 50 25 and

659 1324 126 25 Charlotte
805 1324 104 28 Darrell,
929 1328 26 21 ot
973 1324 118 31 Drayton,
1112 1324 73 28 Kent,

660 1357 121 30 Euglaild,
802 1357 44 24 she
863 1356 50 24 will
932 1356 59 24 hear
1008 1356 27 25 of
1049 1356 137 31 something

659 1389 92 31 greatly
769 1391 25 23 to
816 1389 43 24 her
879 1389 142 30 advantage,
1041 1389 21 23 if
1079 1389 42 24 she
1136 1389 49 24 will

659 1422 72 31 apply
741 1423 26 23 at
778 1422 42 24 the
830 1422 69 24 office
910 1421 28 25 of
946 1421 92 25 Messrs
1049 1420 137 26 M'Screwit

659 1455 49 22 and
731 1451 114 30 Wirihitt,
874 1453 77 24 Little
978 1453 98 24 Bourke
1103 1455 81 26 street,

659 1486 153 28 Melbourne,'
835 1493 27 16 or
891 1488 26 21 at
944 1486 48 23 224
1019 1485 64 24 Park
1110 1485 74 28 Lane,

660 1517 112 25 London.
807 1512 54 36 Aijy
872 1524 88 25 person
978 1516 145 31 forwarding
1138 1524 48 25 any

659 1549 155 25 information
829 1549 130 34 regarding
978 1550 39 25 the
1029 1549 53 24 said
1099 1549 88 24 Esther

660 1582 94 24 Darrell
771 1584 26 23 to
815 1575 130 40 bis||fficß
947 1581 66 41 l^U
1021 1603 3 5 ,
1024 1580 37 28 Me
1077 1579 109 34 liberally

661 1615 130 24 rewarded.
793 1629 33 3 —
826 1606 200 43 ifif'l^emJiMft
1035 1613 108 25 Winnitt
1145 1632 6 6 .
1154 1616 6 9 '
1163 1616 6 9 '

718 1638 338 46 A.^"^/^^^''^^)^^'^^
1066 1644 45 26 left
1122 1647 62 24 Miss

657 1672 229 45 Da^i||p^^tivine
905 1679 13 25 I
938 1674 109 44 su|ra|j|se.
1077 1679 38 25 Do
1134 1688 49 22 you

659 1706 162 42 kiT^w;^wiie'|i
823 1718 3 12 ;
827 1712 67 28 ;iMißs
913 1712 142 28 Dafreuis;
1081 1719 28 17 or
1127 1719 59 24 any-

658 1745 72 31 thing
741 1744 73 26 about
817 1744 59 29 vhe£

748 1777 150 29 woulo|*h^,ve
909 1777 70 31 given
991 1784 42 24 my
1044 1776 64 32 right
1119 1776 66 24 hand

658 1817 47 24 any
716 1810 59 25 time
786 1802 81 39 hi^ne
878 1809 49 24 last
938 1809 47 23 five
997 1817 67 22 years
1076 1811 25 22 to
1113 1809 70 24 know

659 1842 79 24 where
750 1842 43 24 she
896 1841 73 31 spoke
981 1841 78 24 Dacre
1079 1841 104 31 quickly.

714 1874 41 24 did
774 1874 78 24 knoii^
861 1872 117 33 Jier;i?ell
985 1886 3 4 •
995 1881 68 20 once,
1086 1874 47 23 and
1153 1874 33 23 all

658 1907 67 23 these
737 1913 68 23 years
818 1907 65 25 since
894 1905 14 24 I
926 1905 49 25 lost
986 1905 45 24 her
1042 1905 44 24 she
1097 1905 21 24 is
1129 1913 56 16 ever

658 1938 26 23 m
696 1945 42 24 my

718 1970 13 24 I
743 1978 38 16 see
791 1978 6 21 ;
823 1968 47 35 y6u
882 1970 61 24 wish
955 1977 39 17 me
1006 1971 26 23 to
1043 1970 102 31 enquire
1160 1971 26 23 at

660 2003 138 24 M'Screwit
808 2001 188 30 aiiidWinnitt's
1004 2003 70 23 when
1086 2003 12 22 I
1109 2010 39 16 am
1159 2001 27 24 m

660 2038 74 24 town,
746 2034 21 24 if
776 2034 57 31 they
845 2036 59 22 have
912 2034 107 24 received
1028 2034 158 24 information

660 2068 27 24 of
695 2067 52 24 her.
788 2067 56 31 May
854 2066 70 31 J-ask
935 2075 49 17 was
996 2067 44 24 she
1051 2075 15 16 a
1075 2066 110 30 relation,

659 2108 27 17 or
698 2108 59 22 your
769 2097 141 30 sweejjhjeart

718 2132 38 24 No
767 2125 117 41 l^l^ati-}
897 2150 3 2 ■
908 2133 45 26 not
971 2139 41 24 my
1032 2131 151 29 sweetheart,

658 2172 41 16 no.
734 2165 13 22 I
758 2171 73 18 never
835 2158 68 39 .lf|pi
915 2164 44 24 her
974 2164 14 25 I
999 2164 68 25 loved
1086 2164 44 24 her
1139 2171 6 21 ;
1173 2165 13 22 I

659 2197 75 30 ought
745 2198 26 22 to
782 2197 60 24 have
859 2196 51 25 told
929 2196 45 24 her
990 2196 110 31 perhaps,
1119 2194 22 38 X^
1152 2204 34 16 re-

659 2232 53 28 gret
723 2229 13 23 I
747 2229 85 27 didn't,
833 2227 31 33 jit
875 2228 77 32 might
970 2228 34 27 all
1014 2227 63 25 have
1087 2228 61 24 been
1159 2236 27 17 so

660 2260 111 25 different
795 2260 76 36 I4j^;
872 2277 19 15 v
898 2257 48 39 |^fc
967 2268 68 22 spine
1051 2260 47 32 day
1114 2260 71 25 she'll

660 2293 29 25 be
707 2293 82 29 found,
804 2293 156 30 ftndl#jant
979 2293 98 25 tasend
1096 2301 15 17 a
1122 2301 62 17 mes-

660 2334 56 24 sage
727 2328 24 22 to
762 2326 50 32 he|.
991 2325 56 29 fcake
1058 2326 20 24 it
1089 2326 37 24 for
1137 2333 47 21 me,

661 2359 40 24 Mr
712 2352 196 37 Tref&ik^fU
951 2375 3 7 :
960 2356 94 29 -'■'■.},.

719 2391 27 25 If
762 2390 109 32 possible,
1028 2390 52 25 said
1103 2390 82 25 Frank

659 2423 106 32 gravely,
812 2422 55 32 Bjif
868 2417 147 42 .^ylfc^wfcH
1037 2422 36 24 for
1094 2431 47 22 you
1159 2425 26 22 to

659 2456 75 23 excite
742 2447 203 46 yourse|f^|pf,
949 2462 109 20 manner,
1068 2455 78 24 Dacre

718 2488 13 23 I
742 2487 50 25 will
805 2490 40 31 try
855 2480 100 45 ||j^p
971 2487 73 31 quiet,
1056 2487 14 24 I
1080 2487 49 25 will
1146 2487 37 25 in-

660 2521 68 28 deed,
732 2521 104 26 '^Df^i'e
851 2519 146 36 mi^lpaured,
1110 2520 42 29 oh,
1172 2521 13 24 I

660 2553 60 24 have
738 2553 85 29 lpn»etl
826 2552 118 38 ;^o^ie,ar
958 2553 72 23 about
1049 2552 45 24 her
1110 2552 36 25 for
1157 2561 28 16 so

659 2586 65 29 long,
737 2586 49 27 a^d
945 2584 40 24 old
996 2592 74 23 paper
1081 2593 69 15 came
1157 2587 26 22 to

661 2625 42 23 my
722 2617 64 24 hand
793 2640 4 4 .
803 2610 135 41 ji|^m||s^-,
955 2616 13 24 I
987 2616 71 24 could
1079 2619 106 29 scarcely

660 2650 99 24 contain
769 2649 95 32 myself
908 2644 125 34 Someone
1053 2649 50 25 else
1113 2650 20 24 is
1145 2657 40 17 en-

659 2683 96 31 quiring
765 2683 37 23 for
819 2683 52 23 her.
917 2681 56 28 ;She
989 2681 50 25 will
1056 2681 30 25 be
1103 2682 81 29 found,

661 2715 49 24 and
721 2715 13 24 I
734 2729 33 4 —
769 2713 48 30 Ah,
835 2714 13 24 I
868 2707 64 33 slijtll
950 2713 29 25 be
991 2722 70 23 gone,
1081 2714 45 25 but
1136 2714 21 25 if
1173 2715 13 24 I

661 2747 72 25 could
754 2747 29 25 bo
804 2754 55 17 sure
873 2746 64 26 4Jjftti
940 2747 5 15 ;
958 2754 42 23 my
1027 2754 111 24 message
1164 2747 22 25 is

661 2780 120 25 delivered
790 2782 26 22 to
827 2777 45 26 her
879 2779 14 24 I
902 2779 66 24 sfiall
979 2779 38 24 die

717 2813 86 27 Dacre,
822 2812 65 24 what
906 2812 24 22 is
951 2819 59 22 your
1032 2819 109 23 message
1162 2813 26 25 to

661 2845 62 24 Miss
750 2844 94 25 Daii-ell
856 2845 11 22 ?
926 2844 71 23 Trust
1024 2851 46 21 me,
1098 2844 14 23 I
1139 2844 49 24 will

662 2878 119 24 endeavor
791 2879 24 22 to
827 2877 52 29 give
890 2876 20 24 it
922 2878 24 22 to
957 2876 52 24 her.
1059 2876 70 24 Have
1140 2884 47 22 you

660 2911 98 23 written
770 2911 9 22 ?
807 2909 32 24 do
859 2916 49 23 you
929 2907 63 25 wish
1013 2915 40 17 me
1080 2910 26 22 to
1133 2908 56 25 take

662 2942 88 30 charge
754 2963 3 3 .
762 2941 26 26 of
796 2948 61 23 your
866 2940 73 24 letter
946 2941 13 22 ?

780 2972 131 28 Tressider,
931 2972 14 22 I
963 2972 63 23 have
1049 2972 94 24 written
1162 2974 26 23 to

662 3006 51 27 her;
725 3005 46 24 but
777 3014 14 13 a
799 3005 73 23 letter
880 3012 57 29 may
945 3005 40 29 get
993 3003 47 24 lost
1049 3011 27 16 or
1086 3003 100 31 burned,

663 3046 27 17 or
701 3046 15 16 a
727 3037 77 25 dozen
815 3036 71 25 other
896 3036 82 31 things
989 3043 57 24 may
1056 3036 94 32 happen
1162 3040 26 22 to

663 3080 15 15 a
687 3071 97 28 written
793 3077 127 23 .message.
969 3067 26 25 If
1003 3076 48 24 you
1068 3078 51 20 can,
1138 3070 50 25 will

663 3111 48 25 you
722 3103 54 31 give
786 3100 21 27 it
817 3102 33 31 by
861 3102 63 23 word
935 3099 26 25 of
969 3101 87 24 mouth
1065 3102 12 23 ?

721 3136 13 23 I
745 3135 50 25 will
805 3142 6 21 ;
835 3135 12 22 I
865 3134 113 30 promise,
997 3134 21 23 if
1032 3134 113 30 possible,
1162 3137 26 23 to

663 3169 30 24 do
724 3175 33 20 so,
787 3166 49 25 and
864 3166 55 28 Uqw
952 3172 40 18 am
1021 3165 13 24 I
1062 3168 26 22 to
1118 3166 71 26 know

664 3201 60 24 Miss
736 3199 96 25 Darrell
840 3200 12 22 ?
901 3198 47 24 Are
959 3205 48 24 you
1018 3198 73 32 going
1108 3201 26 23 to
1145 3200 44 25 tell

663 3241 41 16 me
715 3240 66 17 more
793 3231 74 25 about
877 3231 44 24 her
931 3233 9 21 ?
979 3230 82 24 Frank
1072 3229 116 33 inquired.

757 3264 62 24 have
841 3263 94 25 written
957 3263 19 24 it
999 3262 31 25 all
1137 3262 53 27 said

664 3297 86 28 Dacre,
770 3296 86 31 taking
870 3303 15 16 a
904 3295 65 30 large
986 3294 68 24 thick
1069 3295 71 26 letter
1155 3304 33 23 up

663 3330 62 25 from
744 3330 39 23 the
795 3328 65 25 table
871 3327 32 32 by
913 3325 40 26 his
964 3326 106 30 bedside,
1176 3329 14 25 I

663 3364 67 23 want
747 3369 48 24 you
806 3365 25 19 to
850 3359 142 28 remeniber,
1004 3359 39 23 Mr
1057 3359 130 30 Tressider,

664 3396 54 23 that
729 3402 48 23 any
788 3393 71 24 harm
870 3391 80 26 whicli
967 3391 13 24 I
990 3400 50 16 was
1051 3392 42 25 the
1104 3401 86 17 means

664 3427 32 25 of
699 3426 112 31 bringing
828 3433 32 17 on
871 3424 44 24 her
936 3431 51 17 was
997 3424 89 24 caused
1105 3425 31 31 by
1146 3433 43 24 my

663 3453 66 34 vja.nt
750 3458 26 29 of
792 3456 120 32 thought;
938 3456 14 23 I
969 3455 78 25 would
1068 3459 44 23 not
1129 3458 59 27 have

663 3492 118 30 willingly
792 3484 113 36 bvougliir
913 3488 93 25 trouble
1016 3496 33 18 on
1068 3489 51 29 her,
1131 3497 59 23 poor

665 3524 54 31 girl,
741 3530 41 19 no,
886 3520 54 28 and,
959 3527 32 17 asr
1006 3520 31 24 he
1056 3522 96 23 noticed
1174 3529 15 16 a

665 3555 74 25 shade
758 3555 25 23 of
793 3551 157 33 disapproval'
964 3560 31 15 on
1014 3553 104 25 Frank's
1129 3554 59 27 face,

663 3588 32 24 he
704 3586 77 25 added
798 3579 105 38 quickly,
948 3583 43 26 See
1001 3584 66 30 here,
1079 3594 48 22 you
1148 3594 41 16 are

662 3622 45 21 not
719 3621 24 22 to
755 3618 71 24 think
839 3617 118 30 anything
966 3624 85 23 wrong
1061 3617 26 24 of
1096 3618 92 24 Esther

663 3650 103 25 Darrell.
817 3649 46 27 No,
880 3649 72 23 when
971 3648 14 23 I
1002 3648 69 25 knew
1088 3649 44 24 her
1144 3650 44 23 she

664 3691 49 16 was
725 3690 14 16 a
750 3682 62 31 good
819 3680 169 31 pure-hearted
996 3681 77 30 girl—
1073 3689 32 17 no
1112 3682 77 24 better

665 3724 50 15 ever
736 3714 72 28 lived,
832 3713 47 24 and
901 3713 13 23 I
934 3713 66 24 don't
1018 3713 51 24 fear
1079 3713 37 25 for
1134 3714 52 24 her.

665 3748 131 24 Wherever
807 3746 44 24 she
861 3746 29 28 is,
903 3753 27 17 or
948 3745 124 26 whatever
1082 3746 44 25 her
1143 3746 43 28 lot,

1290 155 44 24 she
1345 156 21 23 is
1378 164 15 15 a
1403 156 62 30 good
1475 159 54 22 true
1548 164 93 17 woman
1652 164 62 16 now.
1765 156 50 23 But

1289 188 44 24 she
1353 188 51 24 said
1420 188 43 24 she
1481 188 77 25 would
1576 193 82 23 never,
1677 196 74 16 never
1768 188 47 23 for-

1287 220 54 31 give
1352 228 47 21 me,
1413 221 48 23 and
1475 221 54 25 that
1541 230 25 15 as
1578 221 59 31 long
1648 229 27 16 as
1687 221 42 24 she
1748 221 65 23 lived

1287 254 41 23 she
1340 253 78 24 would
1429 254 93 30 despise
1533 261 48 20 me,
1595 253 47 24 and
1660 253 21 24 it
1692 253 70 25 rtfade
1773 260 42 17 me

1286 293 15 15 a
1312 285 123 24 miserable

1318 317 46 23 His
1376 318 66 23 voice
1454 318 61 23 sank
1532 318 50 23 into
1602 326 14 15 a
1634 317 109 31 whisper,
1763 317 48 24 and

1286 349 39 23 Mr
1337 350 128 28 Tressider,
1485 350 82 30 rising,
1586 350 59 27 said,
1743 357 68 16 inoie

1284 382 90 31 to-day,
1387 381 82 28 Dacre,
1482 390 43 23 my
1536 390 58 23 poor
1604 381 79 25 fellow
1692 390 5 20 ;
1722 381 13 24 I
1747 381 61 31 hope

1284 416 26 21 to
1325 414 50 23 find
1386 422 46 23 you
1451 414 77 25 better
1539 422 32 16 on
1588 422 42 22 my
1649 416 91 26 return,
1760 414 49 24 and

1283 446 60 24 then
1354 454 47 23 you
1413 447 61 24 shall
1486 446 48 25 talk
1552 447 26 24 of
1586 446 59 24 Miss
1664 446 97 24 Darrell
1783 448 25 23 to

1283 486 36 15 me
1331 486 27 16 as
1368 479 59 30 long
1438 487 27 16 as
1475 479 21 23 it
1507 479 90 30 pleases

1341 510 61 24 Miss
1413 510 95 25 Darrell
1510 525 32 4 —
1542 510 90 24 Esther
1775 510 32 24 he

1280 543 117 30 repeated.
1460 543 50 24 'Tis
1522 551 14 16 a
1548 545 72 22 sweet
1627 550 81 20 name,
1717 542 57 28 and,
1787 543 21 23 if

1281 574 43 25 she
1335 574 22 25 is
1367 574 84 32 living,
1463 583 37 16 we
1510 575 51 24 will
1571 575 52 24 find
1634 574 42 25 the
1691 583 81 16 owner
1783 574 26 25 of

1312 639 40 24 Mr
1364 640 120 24 Tressider
1493 640 73 31 spoke
1576 639 155 31 confidently.
1766 639 40 24 He

1280 671 49 24 had
1340 675 66 27 great
1416 672 62 24 faith
1489 672 28 24 m
1532 672 43 24 the
1585 680 80 22 power
1675 672 26 24 of
1710 680 94 23 money,

1279 704 48 23 and
1338 703 32 25 he
1381 704 115 24 intended
1507 707 25 21 to
1543 704 77 30 spend
1630 712 16 16 a
1656 704 63 30 good
1728 705 78 23 round

1280 743 56 17 sum
1347 736 24 23 m
1382 736 50 25 this
1443 736 78 31 object
1528 736 21 24 if
1557 744 134 22 necessary.

1340 768 26 24 Is
1383 768 42 24 the
1442 776 110 22 message
1566 769 97 23 written
1773 768 32 23 he

1280 799 82 28 asked,
1460 800 12 23 I
1489 808 54 22 may
1557 799 107 31 possibly
1680 799 51 24 find
1750 799 55 25 that

1279 831 43 24 the
1333 831 100 32 lawyers
1451 832 62 24 have
1524 832 139 24 discovered
1677 831 46 27 her
1733 832 71 23 when

1279 863 14 24 I
1312 865 40 29 get
1372 869 24 19 to
1416 863 148 30 Melbourne,
1583 865 49 23 and
1651 865 56 23 then
1726 864 14 24 I
1758 872 46 16 can

1280 896 88 25 deliver
1378 897 21 23 it
1410 898 25 23 at

1371 929 22 25 is
1412 931 42 23 not
1608 929 90 31 replied
1716 929 85 27 Dacre,

1305 961 73 31 Stoop
1396 961 78 28 down,
1494 961 40 24 Mr
1551 961 131 28 Tressider,
1703 961 49 24 and
1771 961 33 24 let

1278 1001 39 15 me
1327 994 105 30 whisper
1442 994 21 24 it
1474 995 26 23 to
1510 1002 56 22 you.
1613 994 50 23 The
1674 994 96 29 writing
1780 994 22 22 is

1277 1033 32 15 an
1328 1027 102 22 account
1447 1026 27 23 of
1490 1034 39 22 my
1551 1027 173 29 acquaintance
1742 1025 60 24 with

1278 1056 109 30 Esther,,
1397 1058 49 24 and
1463 1058 43 24 the
1526 1067 51 22 way
1595 1058 14 24 I
1626 1058 48 24 lost
1695 1056 74 32 sight-
1779 1056 37 25 of:

1277 1089 50 29 her,
1340 1090 47 24 and
1398 1091 62 24 what
1468 1091 14 23 I
1493 1090 72 25 think
1575 1091 22 24 is
1608 1091 40 24 the
1662 1098 86 17 reason
1759 1089 44 26 she

1277 1122 47 25 has
1333 1123 39 24 liid
1383 1123 91 24 herself
1482 1123 33 24 all
1524 1123 51 24 this
1724 1122 78 24 Dacre

1277 1155 80 24 raised
1369 1155 96 24 himself
1472 1163 33 16 on
1516 1155 36 24 his
1572 1155 76 24 elbow
1665 1155 49 24 and
1732 1154 70 24 whis-

1277 1187 73 30 pered
1369 1187 121 31 earnestly
1508 1188 36 23 for
1566 1195 65 18 some
1648 1187 107 24 minutes
1777 1188 26 23 to

1277 1219 89 25 Frank.
1475 1228 48 23 you
1534 1219 147 24 understand
1689 1227 40 16 me
1737 1228 6 20 ;
1755 1218 48 24 and

1277 1251 50 25 will
1338 1260 47 22 you
1396 1251 135 25 remember
1583 1251 33 25 he
1627 1252 60 24 said.

1336 1284 14 23 I
1371 1284 37 29 do,
1432 1284 48 24 arid
1501 1284 14 24 I
1530 1284 50 25 will
1598 1286 44 23 not
1665 1284 78 31 forget
1761 1284 40 25 the

1276 1317 84 24 words.
1412 1317 81 24 When
1510 1317 14 23 I
1543 1319 92 26 return,
1652 1317 27 24 m
1696 1317 75 24 about
1786 1324 15 16 a

1277 1349 125 31 fortnight,
1422 1349 13 23 I
1455 1350 62 30 hope
1536 1351 25 22 to
1576 1350 63 23 have
1656 1349 63 31 good
1735 1356 65 17 news

1276 1381 36 24 for
1323 1389 55 23 you.
1430 1382 57 24 You
1502 1385 67 21 must
1583 1383 38 30 try
1635 1384 26 21 to
1680 1383 41 29 get
1740 1380 62 29 well,

1277 1413 84 29 Dacre,
1373 1413 67 25 there
1451 1422 57 22 may
1526 1413 29 25 be
1567 1414 139 30 something
1714 1414 27 23 m
1758 1412 42 25 life

1277 1446 36 24 for
1324 1453 47 23 you
1382 1448 48 28 yet.

1336 1477 25 24 If
1376 1477 13 24 I
1400 1477 71 25 could
1487 1478 59 24 hear
1557 1478 55 24 that
1629 1477 93 25 Esther
1740 1477 61 25 Dar-

1277 1509 44 24 rell
1333 1510 22 23 is
1366 1518 14 15 a
1399 1509 80 31 happy
1496 1517 105 21 woman,
1614 1510 13 23 I
1638 1510 44 23 ask
1701 1510 103 30 nothing

1276 1549 68 17 more
1371 1542 63 24 from
1556 1542 53 24 said
1635 1542 40 28 he,
1705 1542 97 30 sighing
1818 1550 2 12 :

1275 1573 104 31 heavily,
1404 1574 71 24 "I've
1497 1574 48 24 had
1567 1582 42 24 my
1629 1575 103 24 chances
1755 1574 48 24 and
1818 1597 2 4 .

1275 1606 92 24 missed
1691 1607 83 13 .-...:

1571 1639 52 24 said
1634 1639 92 28 Frank,
1745 1639 55 28 and,

1276 1671 62 25 after
1348 1681 14 14 a
1374 1672 44 24 few
1428 1672 78 25 words
1521 1672 60 24 with
1592 1672 51 24 Mrs
1662 1672 88 28 Glenn,
1771 1672 31 23 he

1275 1704 58 24 rode
1355 1704 96 31 quickly
1474 1704 34 25 off
1527 1705 25 23 m
1575 1704 41 25 the
1639 1703 116 25 direction
1778 1704 25 24 of

1277 1737 150 30 Yarrabang.

1418 1770 43 31 (To
1474 1770 26 23 be
1516 1770 145 30 continued.)
1731 1777 17 9 ■■'
1775 1780 3 3 •

1328 1842 150 24 LOOKING
1495 1842 45 23 UP
1557 1841 44 24 AN
1620 1841 66 24 OLD
1704 1840 55 25 AC-

1323 1872 439 20 QUAINTANCE.

1451 1924 50 33 [By
1519 1924 111 31 Viator.]

1474 1984 143 24 (Continued)

1335 2037 59 28 But,
1416 2037 108 27 madam,
1547 2036 80 31 might
1654 2035 14 24 I
1696 2036 107 31 enquire,

1277 2070 103 25 without
1402 2069 73 31 being
1497 2068 105 31 thought
1624 2070 39 23 too
1682 2068 120 31 personal,

1277 2103 31 24 do
1319 2110 48 24 you
1378 2102 104 31 practice
1494 2101 42 24 the
1555 2100 90 31 weekly
1655 2100 45 31 pill
1712 2102 90 29 system

1277 2143 32 17 on
1317 2135 106 31 yourself
1432 2142 26 15 or
1470 2142 29 15 on
1510 2142 60 22 your
1580 2133 132 24 husband?

1311 2168 93 29 George
1423 2166 50 24 had
1489 2166 42 24 left
1549 2165 43 25 the
1609 2172 68 17 room
1693 2173 19 16 ,a
1736 2164 68 25 short

1277 2200 61 24 time
1348 2198 144 32 previously.

1334 2232 45 28 No,
1392 2232 14 23 I
1417 2230 71 25 think
1505 2230 70 24 when
1595 2237 45 16 one
1651 2229 42 24 has
1705 2229 99 24 reached

1277 2272 42 24 my
1327 2272 42 23 age
1380 2263 58 32 they
1449 2263 31 24 do
1498 2263 43 23 not
1552 2262 94 31 require
1658 2262 19 24 it
1687 2269 6 21 ;
1720 2269 47 17 one
1782 2262 22 24 is

1277 2305 67 16 more
1352 2296 89 25 careful
1452 2295 67 25 what
1530 2295 58 30 they
1673 2315 2 3 .

1310 2329 13 24 I
1338 2329 50 24 had
1404 2329 43 23 not
1469 2329 51 23 that
1538 2327 145 30 impression
1702 2326 69 24 when
1790 2326 14 24 I

1277 2369 50 17 saw
1346 2361 44 24 her
1407 2362 25 23 at
1449 2368 94 23 supper,
1564 2359 44 24 but
1630 2359 14 24 I
1660 2359 104 31 thought
1783 2358 20 25 it

1277 2394 81 25 wisest
1368 2397 44 20 not
1419 2396 25 22 to
1455 2392 88 24 inform
1554 2392 44 24 her
1604 2392 28 24 of
1640 2392 42 24 the
1691 2392 56 24 fact.

1374 2427 26 22 to
1548 2424 42 24 she
1607 2423 140 28 continued,

1279 2466 40 17 am
1331 2458 90 24 certain
1432 2458 31 23 he
1474 2456 79 25 would
1571 2456 29 24 be
1611 2456 76 23 much
1698 2455 76 25 better
1785 2455 22 24 if

1277 2490 14 25 I
1317 2489 73 26 could
1411 2491 41 30 get
1474 2489 53 24 him
1550 2491 25 23 to
1597 2488 74 32 adopt
1690 2488 34 29 it;
1753 2489 49 31 yet,

1276 2523 119 31 although
1416 2523 33 24 he
1472 2522 82 24 allows
1576 2521 14 24 I
1611 2529 42 16 am
1673 2521 74 31 right,
1771 2521 31 24 he

1276 2557 74 23 won't
1361 2555 57 24 take
1428 2554 77 25 them.
1555 2553 68 29 Now,
1642 2561 57 23 you,
1715 2552 87 24 travel-

1275 2587 53 31 ling
1338 2586 74 25 about
1423 2594 28 16 as
1461 2594 47 23 you
1520 2586 38 28 do,
1569 2587 69 23 must
1655 2588 39 22 eat
1706 2593 14 17 a
1732 2585 35 24 lot
1778 2585 27 24 of

1275 2620 50 24 dirt
1336 2619 59 25 with
1406 2619 41 25 the
1458 2618 56 25 food
1524 2618 58 31 they
1593 2618 61 25 cook
1665 2620 25 23 at
1702 2619 100 29 country

1275 2652 89 29 hotels,
1387 2652 50 24 and
1454 2652 13 23 I
1486 2651 87 25 should
1591 2650 109 31 strongly
1722 2650 81 24 advise

1276 2693 48 24 you
1336 2686 26 23 to
1373 2686 38 30 try
1425 2684 42 25 the
1484 2683 66 31 plan,
1569 2683 14 24 I
1600 2683 89 24 should
1707 2683 95 24 indeed.

1279 2717 118 31 Saturday
1407 2717 71 30 night
1488 2717 22 23 is
1520 2716 55 24 best
1582 2718 25 22 to
1619 2716 56 24 take
1686 2715 77 28 them,
1776 2723 27 16 as

1277 2759 45 16 one
1334 2758 65 16 more
1418 2749 75 31 easily
1511 2748 149 25 remembers
1674 2748 55 25 that
1748 2748 54 31 day.

1277 2783 14 23 I
1298 2783 59 23 have
1368 2790 15 16 a
1393 2782 46 24 few
1449 2781 47 24 left
1506 2781 57 23 here
1571 2781 19 23 if
1599 2788 48 23 you
1658 2780 79 24 would
1748 2780 56 30 only

1277 2815 73 30 begin
1365 2815 26 23 at
1409 2821 58 17 once
1476 2820 5 21 ;
1506 2813 14 23 I
1531 2813 73 24 think
1620 2813 37 24 six
1670 2811 79 25 would
1759 2813 45 24 not

1277 2846 31 25 be
1319 2848 40 23 too
1367 2853 75 24 many
1453 2846 38 24 for
1501 2853 16 17 a
1527 2853 59 16 man
1598 2845 27 24 of
1633 2853 60 23 your

1311 2879 13 23 I
1352 2878 101 32 politely
1479 2877 110 25 declined
1616 2877 44 24 her
1686 2876 118 32 proffered

1279 2911 122 27 kindness,
1430 2910 139 30 remarking
1595 2909 54 24 that
1686 2909 119 30 although

1279 2943 13 24 I
1314 2943 86 31 agreed
1424 2942 60 24 with
1506 2942 44 24 her
1577 2942 55 24 that
1659 2942 56 29 they
1743 2949 62 16 were

1280 2975 94 31 exactly
1386 2975 42 24 the
1440 2975 70 30 thing
1520 2975 39 24 for
1571 2974 101 30 George,
1684 2976 41 28 yet
1736 2973 14 24 I
1760 2973 45 24 felt

1278 3008 53 24 that
1354 3008 58 30 they
1433 3006 79 25 would
1535 3008 42 23 not
1600 3013 69 24 agree
1691 3006 57 24 with
1763 3013 42 24 my

1279 3041 167 24 constitution.
1481 3040 13 23 I
1506 3039 50 25 had
1566 3039 98 25 noticed
1675 3038 41 25 the
1727 3038 77 26 words

1302 3073 100 24 Female
1421 3072 60 24 Pills
1515 3079 31 17 on
1558 3071 42 26 the
1611 3071 57 29 box,
1684 3071 57 29 and,
1753 3079 27 17 as
1792 3071 13 24 I

1279 3105 86 25 looked
1386 3113 33 17 on
1442 3105 91 30 George
1555 3112 32 18 as.
1600 3113 23 15 a.
1642 3104 97 31 regular
1766 3104 41 24 old

1278 3145 105 21 woman,
1395 3138 14 23 I
1420 3137 106 31 thought
1541 3137 56 31 they
1608 3137 81 24 would
1699 3136 30 25 be
1748 3144 57 17 sure

1278 3172 25 23 to
1316 3171 49 23 suit
1376 3170 59 24 him.
1459 3170 25 24 It
1495 3170 41 24 did
1547 3171 43 23 not
1601 3169 74 25 strike
1686 3177 36 16 me
1731 3171 26 23 at
1766 3169 41 24 the

1280 3203 58 24 time
1358 3203 55 24 that
1425 3202 43 25 she
1486 3202 72 25 made
1573 3201 43 25 the
1632 3201 57 32 pills
1707 3201 99 28 herself,

1279 3236 50 23 and
1339 3235 51 23 had
1400 3236 60 22 used
1471 3243 32 15 an
1522 3234 40 25 old
1573 3234 48 24 box
1638 3234 60 24 with
1710 3243 15 15 a
1743 3234 64 24 label

1279 3267 118 31 referring
1423 3271 25 19 to
1475 3269 33 22 its
1541 3267 112 30 previous
1685 3269 121 22 contents.

1280 3298 59 25 This
1359 3307 66 16 came
1436 3300 43 23 out
1498 3299 137 24 afterwards
1653 3298 71 24 when
1735 3299 13 23 I
1760 3307 48 16 was

1279 3331 96 31 talking
1393 3333 25 22 to
1437 3338 42 23 my
1498 3331 77 24 friend
1586 3330 75 25 about
1679 3331 40 24 his
1731 3331 76 24 wife's

1280 3363 83 25 tender
1374 3363 124 25 solicitude
1506 3363 37 24 for
1551 3363 40 24 his
1602 3363 94 26 health.
1730 3363 26 24 It
1767 3363 41 24 did

1279 3398 52 26 not,
1343 3396 120 26 however,
1473 3395 62 23 alter
1546 3403 39 23 my
1592 3396 63 23 fixed
1666 3396 141 24 determina-

1280 3428 53 24 tion
1345 3430 42 22 not
1399 3430 26 22 to
1436 3428 91 24 devour
1546 3435 48 22 any
1606 3427 26 24 of
1640 3427 77 28 them,
1738 3427 45 25 but
1794 3428 13 23 I

1280 3460 114 24 returned
1416 3461 26 23 to
1463 3467 42 23 my
1527 3458 68 25 hotel
1617 3458 123 33 thanking
1765 3468 43 23 my

1280 3494 62 22 stars
1360 3492 14 23 I
1390 3500 49 16 was
1456 3493 45 22 not
1515 3492 26 22 m
1560 3491 44 24 the
1623 3499 80 24 power
1720 3492 27 24 of
1766 3500 43 23 my

1280 3524 98 23 friend's
1397 3531 87 23 spouse
1502 3531 27 15 or
1548 3531 48 23 any
1614 3523 58 31 lady
1691 3524 118 30 similarly

1281 3556 101 24 affected
1401 3555 60 25 with
1482 3554 251 33 pill-manufacturing
1753 3563 54 24 pro-

1280 3587 110 25 clivities.
1594 3593 3 3 '

1312 3620 54 23 The
1388 3621 59 22 next
1469 3619 115 30 morning
1598 3619 14 23 I
1632 3619 75 24 called
1726 3620 80 30 again,

1280 3652 49 22 and
1348 3653 24 22 to
1384 3659 42 22 my
1444 3650 91 30 delight
1546 3650 74 24 found
1640 3651 71 31 Mary
1727 3652 28 23 m
1766 3652 42 24 the

1280 3683 187 30 drawing-room
1479 3682 78 25 alone.
1609 3682 45 24 We
1665 3683 50 24 had
1726 3691 15 16 a
1752 3692 57 22 very

1280 3715 110 31 pleasant
1401 3715 65 24 chat.
1501 3714 52 25 Her
1564 3714 97 25 mother
1672 3723 48 17 was
1732 3716 75 24 indis-

1280 3748 82 31 posed,
1375 3747 49 25 and
1435 3747 49 25 had
1499 3749 44 23 not
1554 3747 72 28 risen,
1639 3749 41 22 the
1698 3747 111 25 children

1906 163 60 16 were
1978 157 25 22 at
2015 155 90 29 school,
2117 157 47 23 and
2177 156 40 23 Mr
2227 155 70 25 West
2307 155 48 24 had
2366 163 64 25 gone

1903 190 50 22 out.
1998 188 43 31 My
2051 189 137 31 previously
2199 189 124 30 expressed
2334 189 96 24 convic-

1903 220 53 24 tion
1967 220 55 24 that
2033 221 13 23 I
2065 229 49 17 was
2125 223 43 22 not
2179 221 43 24 the
2240 223 48 22 sort
2299 221 27 24 of
2338 221 90 31 elderly

1902 252 139 30 gentleman
2053 254 24 23 to
2089 253 79 24 whom
2178 261 82 23 young
2274 253 58 31 girls
2344 254 56 24 take
2411 261 16 16 a

1901 285 72 30 fancy
1989 294 45 15 was
2046 286 101 31 melting
2157 293 75 24 away.
2282 286 13 23 I
2305 286 73 24 asked
2389 292 38 18 lor

1901 317 44 24 her
1956 317 75 31 photo
2041 326 5 20 ;
2066 319 43 23 she
2120 320 64 22 went
2194 320 26 22 to
2231 318 44 24 ask
2285 326 110 16 mamma
2405 318 22 23 if

1902 349 43 24 She
1955 350 77 28 might
2043 350 54 30 give
2107 350 21 23 it
2138 359 48 19 me,
2194 350 44 23 but
2249 350 14 23 I
2274 350 47 24 had
2331 359 32 15 no
2373 350 52 24 fear

1902 381 26 24 of
1937 381 42 25 the
1990 382 84 25 result.
2111 383 49 24 She
2171 390 71 17 never
2253 383 40 23 did
2305 383 120 31 anything

1899 414 101 25 without
2022 415 87 32 asking
2135 423 109 16 mamma
2244 430 32 3 —
2277 416 54 31 sign
2358 415 26 25 of
2409 424 16 16 a

1899 447 125 28 tractable,
2036 447 76 25 docile
2122 450 91 22 nature.
2249 448 46 25 She
2302 449 120 27 returned,

1898 478 75 31 photo
1984 480 27 23 m
2029 480 73 24 hand.
2220 480 21 25 is
2378 480 45 25 she

1897 511 134 25 remarked.
2106 512 57 29 Yes,
2175 519 43 26 my
2227 513 53 25 love
2288 529 7 12 >
2314 511 50 26 attd
2373 520 49 25 you

1898 543 62 24 shall
1982 552 60 16 soon
2147 546 13 23 I
2185 546 117 30 inwardly
2328 546 91 25 vowed.

2127 578 43 24 she
2179 579 137 27 continued,
2354 578 66 25 That

1897 608 13 24 I
1926 616 56 23 may
1994 609 54 30 give
2062 618 45 22 you
2119 618 54 20 one,
2191 618 48 24 you
2250 618 40 17 are
2311 611 58 24 such
2387 620 33 15 an

1897 640 39 25 old
1953 641 79 24 friend
2050 642 26 24 of
2090 646 90 28 papa's.
2231 644 50 23 She
2298 646 72 22 won't
2385 644 35 24 let

1895 680 39 16 me
1944 677 97 27 present
2048 682 47 24 any
2105 677 26 23 to
2138 684 42 22 my
2189 684 83 23 young
2279 676 141 31 gentlemen

1895 705 97 28 friends,
2005 707 94 31 though
2110 708 13 23 I
2143 708 41 23 did
2194 708 44 30 beg
2248 708 45 24 her
2303 710 26 22 to
2347 708 72 25 allow

1896 745 46 15 one
1952 738 78 24 fellow
2046 739 27 23 m
2083 740 131 29 particular
2233 742 25 22 to
2269 741 61 23 have

1895 768 53 24 The
1958 769 98 30 pleased
2067 771 135 30 expression
2213 779 32 16 on
2256 780 42 22 my
2304 772 114 28 features,

1895 802 86 23 caused
1992 801 32 31 by
2034 802 42 24 the
2087 803 53 30 gift,
2153 803 120 24 saddened
2284 804 136 32 ominously

1895 834 26 22 at
1932 833 69 24 these
2012 834 85 25 words.
2143 835 71 25 With
2226 844 15 16 a
2250 835 57 25 look
2318 837 27 23 of
2354 845 64 23 sym-

1893 865 78 31 pathy
1989 866 38 24 for
2037 866 50 25 this
2106 868 98 30 change,
2225 868 79 25 which
2316 869 43 24 she
2370 870 50 24 had

1894 898 102 28 noticed,
2010 898 42 24 she
2062 900 84 27 added,
2184 900 50 24 But
2245 901 13 23 I
2270 901 67 25 don't
2349 902 70 24 think

1894 938 46 23 you
1952 938 27 17 so
1990 939 57 23 very
2056 931 47 30 old,
2116 933 14 22 I
2140 933 67 24 don't

1926 962 70 25 Bless
2006 964 50 28 her,
2076 966 42 22 she
2136 969 84 20 meant
2239 967 59 27 well,
2316 968 42 23 but
2376 969 42 23 she

1894 994 79 25 didn't
1984 996 73 24 mend
2069 999 101 22 matters
2181 998 83 24 much.
2298 999 14 23 I
2323 999 50 24 left.

2086 1039 54 24 The
2159 1039 64 26 End.
2267 1060 3 3 .

1894 1125 69 24 THE
1981 1126 78 25 NEW
2077 1128 71 24 GUN
2159 1129 87 25 BOAT
2257 1131 66 24 FOR
2347 1133 70 24 THE

1966 1158 213 27 AUSTRALIAN
2202 1162 140 26 STATION

1926 1230 33 25 H.
1969 1232 36 24 M.
2020 1232 25 24 S.
2064 1233 85 28 Forth,
2178 1235 80 25 which
2286 1237 21 23 is
2334 1239 25 23 to
2387 1237 30 26 be

1894 1263 84 30 placed
1989 1264 26 24 m
2028 1266 154 25 commission
2198 1267 38 25 for
2246 1268 131 31 Australia,
2391 1272 26 24 to

1893 1296 92 30 replace
1997 1297 42 24 the
2051 1298 112 31 Calliope,
2176 1300 22 24 is
2217 1308 15 16 a
2253 1303 74 24 much
2349 1310 68 18 more

1894 1329 114 29 powerful
2020 1338 49 16 war
2080 1331 54 31 ship
2146 1332 62 24 than
2219 1332 42 25 the
2273 1335 78 28 latter,
2368 1336 49 24 and

1894 1360 22 23 is
1924 1368 30 17 ne
1964 1369 37 16 •er
2012 1361 31 31 by
2054 1364 45 23 two
2109 1372 77 22 years.
2223 1366 49 24 She
2283 1367 21 23 is
2314 1370 45 22 not
2380 1368 38 24 far

1893 1391 88 26 beliiud
1992 1394 40 24 the
2039 1394 49 32 flag
2096 1395 54 32 ship
2160 1397 104 26 Orlando
2270 1399 27 24 m
2306 1401 111 29 strength

1893 1425 48 23 and
1952 1427 78 29 speed.
2065 1427 52 25 The
2142 1429 74 24 Forth
2238 1430 22 25 is
2281 1439 16 16 a
2319 1432 98 24 second-

1894 1457 61 24 class
1977 1459 144 25 twin-screw
2145 1462 97 28 cruiser,
2270 1463 58 25 with
2356 1464 61 25 deck

1893 1489 110 32 partially
2024 1493 124 28 protected
2171 1494 30 30 by
2222 1502 104 22 armour,
2350 1496 21 24 is
2392 1497 28 24 of

1893 1522 64 23 4050
1991 1524 55 23 tons
2079 1524 167 31 displacment,
2270 1528 148 25 5700-horse

1893 1560 80 24 power
1983 1554 128 31 indicated,
2124 1557 43 25 has
2179 1566 15 16 a
2204 1559 105 31 draught
2320 1561 27 24 of
2356 1562 32 23 20
2396 1561 21 25 ft

1893 1586 24 23 of
1928 1588 81 27 water,
2032 1588 21 24 is
2065 1590 47 23 300
2123 1590 21 24 ft
2154 1590 66 32 long,
2232 1592 58 24 with
2309 1601 15 15 a
2345 1593 72 25 beam

1892 1618 27 24 of
1928 1619 60 25 48ft.
2023 1620 51 24 Her
2085 1625 132 23 armament
2227 1625 22 23 is
2260 1625 26 24 of
2295 1625 42 24 the
2352 1629 66 22 most

1891 1651 98 25 modern
2000 1654 57 30 type
2068 1655 48 23 and
2127 1656 104 25 consists
2241 1658 26 23 of
2276 1660 47 23 two
2335 1659 83 24 8-inch

1895 1686 28 21 15
1936 1686 44 23 ton
1990 1684 197 35 breech-loading
2197 1689 67 24 rifled
2275 1698 69 23 guns,
2368 1693 48 23 two

1892 1716 85 24 8-inch
1990 1719 13 22 5
2015 1719 44 23 ton
2069 1718 195 34 breech-loading
2270 1722 75 29 rifled,
2368 1723 49 25 five

1892 1749 71 30 quick
1974 1750 79 30 firing,
2066 1752 46 23 and
2131 1752 59 24 nine
2212 1754 109 25 machine
2343 1764 72 23 guns,

1893 1781 56 23 and.
1952 1782 54 24 four
2017 1782 135 33 launching
2163 1793 115 23 carnages
2289 1787 37 24 for
2337 1790 80 29 torpe-

1895 1812 64 25 does.
1976 1830 3 13 ;
1996 1814 47 25 She
2055 1818 89 23 steams
2160 1818 30 23 18
2210 1818 72 25 knots
2303 1827 32 16 an
2356 1820 63 25 hour

1895 1845 49 23 and
1954 1846 46 23 has
2012 1848 92 29 storing
2111 1850 108 29 capacity
2235 1850 38 22 for
2295 1849 48 25 900
2364 1848 81 28 tons'""

1895 1876 27 23 of
1931 1877 60 28 coal,
2004 1878 79 24 which
2095 1879 49 23 will
2156 1879 68 24 allow
2232 1881 45 23 her
2296 1883 25 22 to
2340 1882 78 23 travel

1895 1916 15 16 a
1922 1908 108 25 distance
2041 1910 27 24 of
2082 1912 64 24 8759
2158 1911 73 25 knots
2243 1915 25 22 at
2279 1913 41 24 the
2331 1917 51 21 rate
2393 1914 25 24 of

1896 1942 31 22 10
1938 1940 70 26 knots
2026 1950 31 16 an
2073 1943 68 25 hour.
2176 1943 30 25 In
2217 1953 146 22 appearance
2375 1947 42 24 the

1895 1973 76 24 Forth
1983 1975 21 22 is
2015 1977 44 22 not
2071 1975 83 24 unlike
2165 1976 40 24 the
2218 1977 105 24 Orlando
2333 1978 27 24 m
2376 1978 41 25 the

1893 2005 59 29 hull,
1965 2006 41 24 the
2017 2011 62 20 stem
2090 2008 48 24 and
2150 2010 65 22 stem
2235 2017 39 17 are
2296 2010 42 25 the
2350 2018 67 18 same

1894 2037 48 25 and
1954 2039 40 24 the
2004 2039 61 25 form
2077 2040 27 25 of
2112 2041 164 24 construction
2286 2043 22 23 is
2316 2043 99 25 similar.

1893 2070 49 24 The
1953 2070 97 33 placing
2062 2072 26 25 of
2097 2073 40 24 the
2147 2081 63 23 guns
2220 2074 22 24 is
2253 2082 32 17 on
2290 2072 49 28 'the
2351 2083 66 17 same

1892 2104 123 31 principle,
2028 2112 14 17 a
2053 2105 64 31 large
2128 2114 51 23 gun
2191 2114 31 17 on
2233 2107 43 24 the
2290 2107 127 26 forecastle

1893 2136 47 23 and
1952 2138 99 22 another
2062 2145 29 17 on
2103 2138 41 23 the
2150 2146 69 23 poop.
2265 2139 51 24 The
2337 2140 78 25 Forth

1893 2167 46 24 has
1950 2168 57 31 only
2018 2177 45 16 one
2071 2170 93 28 funnel,
2177 2170 42 24 the
2242 2171 106 26 Orlando
2370 2173 47 24 has

1893 2202 56 23 two.
2001 2201 49 24 The
2062 2210 104 22 sponson
2189 2211 62 22 guns
2262 2212 41 16 are
2325 2206 92 23 carried

1893 2239 32 18 on
1937 2233 40 24 the
1991 2241 55 23 spar
2069 2234 67 28 deck,
2159 2236 49 23 and
2224 2236 47 25 .the
2289 2236 127 26 broadside

1892 2272 62 25 guns
1971 2274 31 16 on
2018 2265 42 26 the
2077 2274 75 24 upper
2169 2267 67 26 deck.
2271 2269 78 25 There
2364 2270 22 25 is
2402 2279 15 16 a

1891 2298 66 30 whig
1968 2306 100 24 passage
2079 2307 30 16 on
2121 2301 41 23 the
2173 2303 55 28 port
2236 2302 50 24 side
2290 2302 70 31 'only,
2369 2303 48 24 and

1892 2330 42 24 the
1945 2338 98 17 armour
2053 2331 60 25 deck
2124 2340 60 17 runs
2194 2333 62 25 from
2268 2335 41 24 the
2320 2337 63 22 stem
2389 2337 28 22 to

1892 2362 43 25 the
1946 2366 73 21 stern.
2055 2364 73 25 From
2138 2364 41 25 the
2194 2373 97 18 armour
2312 2367 58 24 deck
2392 2370 25 22 to

1893 2395 42 23 the
1945 2396 77 29 ship's
2032 2396 95 24 bottom
2138 2398 21 22 is
2177 2399 59 23 18ft.
2282 2399 51 25 The
2355 2400 62 24 total

1892 2429 53 22 cost
1971 2427 28 24 of
2024 2428 40 24 the
2091 2429 79 25 Forth
2204 2432 27 23 to
2267 2432 63 23 1888
2369 2440 49 17 was

1893 2459 134 28 £247,720.

1978 2535 167 24 O'CONNOR
2162 2536 42 23 AT
2221 2536 98 24 HOME

1926 2598 133 29 O'Connor,
2069 2599 42 24 the
2133 2608 123 22 oarsman,
2279 2603 94 25 arrived
2394 2606 27 24 at

1894 2632 104 24 Toronto
2009 2632 63 24 from
2084 2632 115 31 England
2209 2642 33 16 on
2251 2635 104 25 October
2362 2637 58 24 2nd.

1893 2665 40 24 He
1950 2672 54 24 says
2021 2665 32 24 he
2073 2672 48 17 was
2138 2665 70 32 fairly
2234 2667 50 24 and
2311 2669 111 32 squarely

1893 2698 83 23 beaten
1988 2696 31 32 by
2030 2697 89 25 Searle.
2153 2699 92 31 Losing
2255 2701 42 23 the
2308 2709 55 17 race
2373 2710 48 22 vyas

1893 2738 14 16 a
1916 2729 78 30 heavy
2005 2731 46 23 loss
2062 2733 26 22 to
2110 2730 61 25 him.
2219 2732 42 25 He
2275 2731 94 28 'thinks
2390 2735 33 25 he

1893 2770 50 17 was
1955 2770 14 16 a
1980 2762 64 25 little
2052 2763 71 31 light,
2137 2764 105 32 perhaps
2250 2773 57 17 over
2319 2768 102 29 trained,

1893 2794 50 24 and
1953 2794 43 24 the
2007 2791 99 29 climate
2116 2796 41 24 did
2167 2799 46 22 not
2221 2804 66 18 seem
2305 2800 24 23 to
2352 2808 70 22 agree

1893 2827 61 24 with
1965 2827 62 29 him,
2039 2827 41 25 the
2091 2827 103 26 London
2204 2832 73 23 water
2294 2831 31 24 he
2346 2832 76 26 found

1894 2859 55 24 bad.
1983 2860 38 23 Ho
2032 2860 86 24 thinks
2128 2861 81 25 Seavle
2220 2862 22 24 is
2252 2865 45 23 not
2308 2871 15 17 a
2345 2865 78 24 scien-

1895 2892 52 24 tific
1959 2892 91 28 sculler,
2060 2893 133 30 .tb.ough.he
2204 2896 52 29 gets
2267 2898 69 28 great
2352 2897 71 31 speed

1894 2924 64 24 from
1970 2924 37 25 his
2016 2924 70 31 style.
2120 2925 39 24 He
2169 2934 62 16 rows
2240 2928 58 24 with
2319 2929 103 26 crooked

1896 2964 72 21 arms,
1980 2957 98 25 reaches
2089 2966 57 25 very
2157 2958 44 29 far,
2214 2960 47 23 and
2272 2960 103 27 finishes
2385 2962 38 25 far

1894 2989 71 29 back,
1978 2997 15 16 a
2004 2990 104 30 practice
2126 2987 81 29 which
2235 2993 58 25 does
2319 2997 45 23 not
2383 2995 37 25 in-

1896 3030 82 16 crease
1989 3022 41 25 the
2042 3023 72 31 speed
2135 3025 26 23 61
2181 3033 87 17 rowers
2290 3023 132 37 generally.

1960 3055 79 24 would
2066 3055 30 26 be
2294 3060 130 26 O'Connor

1896 3087 85 29 added,
2019 3088 25 25 of
2054 3089 110 32 winning
2174 3091 94 30 against
2279 3091 53 26 him
2340 3093 28 25 hi
2374 3102 49 23 any

1896 3120 51 24 still
1958 3123 73 22 water
2041 3121 27 24 m
2079 3121 112 26 America
2201 3123 37 25 for
2249 3126 49 23 500
2308 3133 28 17 or
2358 3128 64 23 1000

1896 3152 61 25 dols.
1970 3152 25 25 iii
2007 3154 101 24 another
2129 3163 54 16 race
2194 3156 48 24 this
2264 3157 50 25 side
2335 3158 27 24 of
2381 3157 43 26 tlie

1896 3185 126 26 Atlantic
2046 3187 40 24 He
2096 3187 130 25 intimated
2237 3188 55 26 that
2302 3190 32 25 he
2345 3194 79 22 wants

1896 3220 26 23 to
1934 3218 52 31 give
1998 3227 37 16 me
2047 3227 14 16 a
2072 3227 54 16 race
2136 3220 26 23 m
2173 3220 130 31 Australia,
2316 3223 48 24 and
2372 3224 52 24 said

1897 3250 31 24 he
1955 3250 81 31 might
2064 3259 69 18 come
2160 3255 39 26 to.
2218 3254 111 25 America
2364 3250 60 30 nekt

2067 3283 128 26 O'Connor
2206 3294 48 16 was
2263 3286 71 31 given
2342 3295 15 17 a
2363 3283 60 29 ban-

1898 3314 64 31 quet,
1976 3315 124 29 lOOOdols,
2112 3317 48 23 and
2171 3325 16 16 a
2197 3317 115 27 diamond
2326 3319 44 32 pin
2391 3319 32 32 by

1898 3347 43 25 the
1952 3348 82 30 people
2045 3348 27 24 of
2086 3349 113 26 Toronto.

1931 3426 91 31 Diving
2032 3426 37 25 for
2088 3427 70 24 black
2179 3429 80 31 pearls
2280 3429 109 32 employ?
2410 3437 14 16 a

1899 3458 66 32 large
1977 3460 101 24 number
2088 3460 25 24 of
2124 3468 55 17 men
2191 3461 48 24 and
2250 3461 69 24 boats
2330 3462 33 25 off
2381 3462 43 25 the

1899 3494 67 21 coast
1989 3491 26 24 of
2034 3492 84 24 Lower
2140 3492 136 25 California.
2323 3494 101 23 Traders

1899 3523 87 31 supply
1996 3523 42 24 the
2050 3524 89 24 vessels
2151 3525 49 24 and
2206 3524 82 31 diving
2295 3527 129 29 apparatus

1899 3563 64 23 upon
1979 3555 42 24 the
2043 3556 141 31 stipulation
2207 3557 53 24 that
2280 3557 42 24 the
2344 3557 80 31 pearls

1899 3588 55 23 that
1965 3595 40 16 are
2017 3588 75 24 found
2104 3597 40 15 ara
2156 3591 25 21 to
2194 3588 28 24 be
2234 3589 52 24 sold
2308 3591 25 24 to
2354 3590 68 22 them

1899 3620 26 22 at
1937 3619 113 30 specified
2186 3620 76 24 These
2282 3620 80 31 jewels
2384 3628 40 16 are

1899 3651 25 23 of
1935 3651 73 24 much
2016 3651 88 32 beauty
2112 3652 48 24 and
2170 3652 85 31 highly
2266 3652 102 30 praised.
2402 3651 22 25 A

1900 3685 77 28 year's
1999 3684 143 30 production
2173 3684 21 24 is
2226 3684 78 24 worth
2338 3692 32 16 on
2379 3691 45 17 -an

1899 3723 100 24 average
2027 3716 64 25 from
2129 3716 73 26 about
2236 3717 125 28 £100,000
2397 3718 27 23 to

1902 3748 136 27 £200,000.

659 40 136 26 OXFORD
830 39 68 25 AND
933 39 86 24 CUST
1054 39 186 28 OBSERVER,
1276 41 185 26 SATURDAY,
1496 40 190 25 DECEMBER
1720 43 22 24 7,
1778 43 61 22 1889
