2470 3820
84 184 84 19 Sror.TS
183 183 172 19 Committee.—
357 178 18 19 A
391 176 97 23 meeting
502 173 21 20 of
539 173 36 18 the

58 221 83 20 Oxford
157 221 75 24 Sports
248 216 129 21 Committee
390 214 44 19 will
443 213 27 19 be
486 211 54 19 hold
554 209 21 20 at

55 259 40 20 the
113 256 120 22 Earewood
252 256 64 18 Arms
335 252 72 23 Hotel,
434 257 27 13 on
484 246 91 25 Monday

56 296 97 24 evening
164 294 61 22 next,
240 292 61 19 when
319 297 13 13 a
348 289 44 20 full
409 285 131 23 attendance
558 282 17 21 is

55 332 142 26 particularly
206 327 121 27 requested.

84 369 85 20 School
178 367 213 19 Entertainmet.—
392 355 183 24 -Weunderstand

55 405 49 21 that
119 411 28 14 an
160 400 172 24 entertainment
346 399 18 19 is
382 398 21 18 to
418 396 52 20 take
482 394 61 25 place
552 393 23 19 at

54 443 39 20 the
101 442 64 19 West
175 438 80 22 Oxford
265 435 78 22 School
352 441 28 14 on
390 433 83 24 Friday
481 430 94 24 evening

54 480 60 21 next,
126 478 38 19 the
171 474 102 27 proceeds
283 473 22 19 of
314 472 71 19 which
392 470 45 19 will
446 470 27 18 be
483 465 92 22 devoted

45 514 103 22 -towards
158 520 12 12 a
180 510 116 22 children's
304 509 65 20 treat.
396 506 44 19 We
443 505 55 25 hope
506 504 23 20 to
540 508 35 14 see

54 559 14 13 a
78 550 56 28 good
143 548 137 22 attendance.

78 589 37 19 Mo
119 593 29 14 as
160 586 120 21 Evidence
294 588 27 14 of
322 586 5 4 1
333 582 118 19 --Railway
464 578 107 20 Misman-

53 623 193 23 agement.—The
258 620 101 20 Malvern
374 614 168 27 correspondent
554 612 21 21 of

53 663 40 20 the
112 658 156 24 Christctutrch
289 656 73 19 'Press
370 655 6 8 3
395 653 124 20 writes:—

53 699 62 26 large
123 696 103 28 quantity
242 694 23 20 of
273 692 45 21 this
332 690 95 22 season's
436 688 55 20 wool
503 687 44 25 clip
555 686 20 19 is

52 735 68 26 being
129 734 68 19 taken
206 732 31 25 by
245 730 53 20 road
313 729 71 19 direct
392 727 23 19 to
425 726 38 20 the
474 725 69 19 stores
552 723 23 19 m

52 774 65 22 town,
136 769 113 24 including
265 772 59 15 some
345 765 25 19 of
381 764 40 19 the
437 762 73 24 larger
525 760 49 19 lots.

52 809 53 19 This
115 808 18 19 is
143 814 14 12 a
165 807 43 19 loss
215 806 23 18 to
247 804 39 20 the
293 802 89 24 railway
392 800 21 19 of
421 806 14 13 a
444 798 45 20 fair
494 803 49 14 sxun
553 795 22 21 of

52 851 84 19 money,
151 844 42 19 but
208 841 93 20 farmers
313 836 127 24 interested,
458 834 43 21 and
510 833 64 20 those

51 883 49 20 who
109 880 121 21 undertake
239 877 39 21 the
290 876 93 22 cartage,
399 873 59 20 state
471 871 50 20 that
534 869 39 20 the

51 918 139 27 competition
209 915 30 26 by
253 913 54 21 road
318 912 75 20 leaves
409 910 60 20 them
485 914 13 14 a
516 906 58 27 good

51 957 87 24 margin
147 955 23 19 of
176 952 66 28 profit
251 958 24 13 as
282 950 89 25 against
380 948 38 20 the
425 948 48 18 rate
479 943 94 27 charged

51 993 30 25 by
99 992 41 20 rail
159 990 43 21 and
220 988 64 19 extra
301 985 104 23 handling
418 984 23 19 to
456 982 45 20 and
515 981 58 19 from

50 1030 81 20 trucks.
141 1032 3 3 '
163 1026 58 21 Back
230 1025 87 22 loading
326 1018 246 24 fronxChristchurehis

51 1065 124 25 invariably
185 1061 104 23 obtained
297 1060 30 25 by
336 1059 40 20 the

108 1115 25 37 ST.
182 1126 194 31 AWTYRTSW
378 1126 7 14 J
394 1124 19 33 S
435 1122 92 35 DAY.

76 1201 86 19 While
185 1204 31 14 we
231 1197 26 19 do
269 1196 41 19 not
327 1192 95 27 pretend
439 1192 24 19 to
481 1190 25 19 be
525 1195 47 19 pro-

49 1238 80 25 phetic,
141 1243 32 13 we
182 1240 37 15 are
228 1232 96 24 heartily
336 1228 90 28 pleased
434 1229 23 18 to
467 1225 46 21 find
524 1225 49 21 that

50 1281 39 13 our
103 1274 55 20 final
170 1270 71 22 words
254 1270 44 19 last
311 1267 66 22 week,
391 1265 53 20 with
462 1263 110 21 reference

49 1313 23 18 to
89 1312 38 19 the
144 1307 133 22 celebration
296 1304 23 20 of
332 1305 31 18 St.
385 1301 112 21 Andrew's
515 1300 56 24 Day,

48 1355 6 18 1
62 1347 68 20 roved
139 1347 23 19 to
171 1346 27 19 be
205 1350 13 13 a
227 1343 50 19 true
282 1342 10 19 f
293 1341 88 20 orcast.
410 1339 42 19 We
458 1334 115 29 predicted

93 1383 39 25 big
142 1387 91 15 success,
245 1378 44 21 and
306 1384 13 13 a
329 1374 135 22 substantial
473 1374 97 18 increase

49 1422 24 18 to
85 1420 40 20 the
139 1416 86 22 Church
362 1411 45 21 and
419 1411 63 19 these
494 1409 78 25 things

48 1456 55 20 have
112 1456 56 19 been
177 1451 107 22 achieved.
313 1449 54 19 Last
374 1447 109 25 Saturday
490 1450 44 15 was
544 1449 28 15 an

48 1493 59 20 ideal
120 1492 42 25 day
175 1491 34 19 for
223 1495 13 13 a
249 1486 79 21 Parish
339 1484 97 24 festival,
452 1489 24 14 so
494 1482 35 19 far
546 1488 24 13 as

49 1529 97 19 weather
161 1533 42 12 was
221 1522 126 23 concerned,
363 1520 44 21 and
420 1520 60 24 eaily
492 1519 25 18 m
532 1518 39 19 the

48 1565 105 20 forenoon
162 1563 19 20 it
189 1567 45 15 was
244 1559 88 21 oudent
342 1559 48 19 that
396 1557 66 25 great
466 1554 104 21 numbers

47 1602 24 21 of
80 1601 76 27 people
165 1597 105 23 intended
278 1598 24 19 to
310 1597 55 23 keep
373 1594 40 21 the
421 1592 97 26 holiday.

75 1639 71 20 There
156 1637 45 20 had
209 1635 56 20 been
275 1641 12 13 a
294 1633 83 21 service
383 1632 26 19 m
418 1631 32 20 St.
460 1628 112 22 Andrew's

49 1675 87 22 Church
149 1675 32 21 at;
188 1675 26 18 10
227 1672 86 23 o'clock,
330 1670 43 19 but
388 1674 32 14 we
435 1664 137 22 understand

49 1713 51 20 that
118 1711 63 20 there
198 1715 44 14 was
261 1708 38 20 the
320 1707 80 19 merest
412 1703 95 21 handful
523 1703 23 19 of
558 1708 14 14 a

40 1754 2 2 ■
48 1747 164 27 congregation.
252 1744 98 24 Perhaps
363 1748 40 14 our
415 1740 112 26 respected
536 1740 34 18 In-

49 1785 104 21 cumbent
162 1783 71 23 lni^.ht
238 1782 54 19 have
300 1780 46 19 had
353 1785 13 14 a
374 1779 74 24 larger
457 1776 114 26 gathering

48 1823 20 19 if
82 1823 27 19 he
108 1827 3 5 1
125 1822 64 19 could
202 1820 55 20 have
273 1816 110 26 arranged
397 1815 35 19 for
444 1821 15 13 a
471 1813 101 20 minister

47 1860 58 19 from
115 1865 12 13 a
135 1858 98 19 dktanee
242 1856 23 19 to
271 1853 82 27 preach
362 1860 13 12 a
384 1858 93 14 sermon.
507 1850 64 19 How-

48 1902 58 17 ever,
120 1894 40 20 the
172 1893 51 20 rest-
233 1891 28 21 of:
264 1891 39 21 the
317 1888 143 27 proceedirgs
473 1892 57 15 were
543 1891 27 14 an

49 1930 133 27 unqualified
193 1934 90 15 success.

74 1969 18 19 A
100 1968 82 19 Bazaar
192 1964 41 21 and
244 1964 78 19 Flower
340 1962 43 20 and
400 1960 91 20 Produce
510 1959 61 20 Show

45 2011 43 14 was
97 2003 48 20 held
163 2002 22 20 m
203 2001 35 20 the
256 2001 63 19 Town
337 1998 57 24 Hall,
412 1997 52 19 East
483 1996 86 20 Oxford.

47 2041 45 20 The
101 2041 59 20 Show
172 2044 41 14 was
223 2043 27 14 an
256 2036 133 26 experiment,
399 2033 44 21 and
450 2033 75 25 proved
543 2039 28 14 an

47 2076 113 21 attraction
167 2070 141 26 contributing
315 2072 60 19 much
385 2072 22 18 to
417 2070 35 19 the
461 2075 79 14 success
550 2069 21 20 of

47 2114 35 20 the
92 2113 46 25 day.
166 2112 44 19 The
219 2110 76 23 Judges
309 2109 32 19 for
356 2108 80 19 flowers
456 2106 41 20 and
515 2111 55 19 vege-

47 2151 66 20 tables
121 2156 51 13 were
182 2149 77 19 Messrs
270 2145 102 25 Stephens
381 2143 42 21 ond
431 2145 47 23 Son,
488 2143 22 19 of
516 2143 54 19 Ran-

47 2187 69 24 giora;
134 2187 31 18 for
185 2183 93 26 produce,
296 2183 76 18 Messrs
390 2181 121 19 Waterman
529 2179 41 19 and

46 2223 60 20 Dean
114 2230 5 16 ;
129 2222 41 19 and
179 2217 32 23 for
221 2220 69 24 pastry
299 2218 42 19 and
353 2216 68 23 bread,
439 2216 53 20 Miss
510 2215 62 19 Eliza

47 2260 129 24 Thompson.

80 2296 44 19 The
142 2293 105 23 following
265 2292 17 18 is
299 2291 34 19 the
351 2290 56 25 prize
424 2290 70 19 list:—
495 2288 76 19 Messrs

47 2333 103 24 Stephens
160 2330 42 20 and
212 2329 49 22 Son,
276 2329 23 18 5s
317 2328 32 18 for
365 2331 48 15 vase
431 2326 21 19 of
467 2326 105 19 flowers-

47 2370 43 19 Mrs
97 2368 72 19 Elliot.
198 2365 31 20 Kr
240 2365 19 19 J.
270 2363 91 22 Dobson,
372 2363 23 20 5s
405 2363 31 19 for
450 2362 45 19 best
514 2361 57 19 hand

47 2406 90 24 bouquet
137 2415 28 3 —
228 2401 69 20 Elliot.
327 2399 61 27 Mr,J.
398 2399 91 24 Ingram,
498 2398 24 20 5s
530 2397 41 21 and

48 2443 23 19 2s
81 2441 27 20 fid
116 2442 33 18 for
158 2440 44 19 best
211 2437 107 20 collection
333 2436 22 19 of
372 2436 35 19 cut
422 2435 105 19 flowers—
528 2434 43 19 Mrs

47 2478 74 23 Elliot,
132 2477 10 19 1
151 2483 5 13 :
168 2476 30 19 Mr
207 2474 79 21 Foster,
294 2475 17 17 2.
339 2473 43 18 Rev
391 2472 26 19 H.
428 2470 109 24 Williams,
548 2470 23 20 5s

49 2514 42 20 and
106 2514 24 19 2s
146 2512 26 21 6d
186 2512 33 19 for
236 2510 45 20 best
297 2508 108 21 collection
424 2508 21 19 of
462 2507 111 19 fruit-Mi-

47 2550 84 23 lder,
142 2550 10 19 1
161 2556 4 17 ;
184 2549 32 19 Ms
226 2547 78 20 Foster,
311 2545 12 19 2
356 2545 33 18 Mr
403 2544 83 22 Nalder,
496 2543 24 20 5s
529 2542 43 21 and

41 2580 5 14 l
48 2589 24 19 2s
91 2587 27 19 6d
144 2586 32 19 for
202 2584 43 20 best
273 2581 106 21 collection
399 2580 137 24 vegetables—
539 2579 33 19 Mr

48 2624 79 22 Foster,
137 2622 18 19 1.
182 2621 44 18 Mrs
242 2619 13 19 J
270 2619 97 22 Pearson,
386 2618 36 19 10s
440 2617 26 20 6d
482 2616 31 19 for
527 2615 45 19 best

49 2655 107 24 coliestion
183 2655 108 27 pansies—
293 2654 44 20 Mrs
359 2653 90 25 Bayliss,
464 2653 18 20 1.
527 2651 45 20 The

49 2696 115 26 proprietor
174 2694 76 25 Oxford
259 2693 41 19 and
314 2693 48 18 Gust
381 2691 100 22 Observer,
499 2689 23 20 5s
541 2690 32 19 for

49 2733 45 22 best
103 2731 34 23 3lb
146 2731 68 20 butter
224 2730 105 24 (fancy)—
330 2728 44 18 Mrs
384 2726 18 20 J.
412 2726 66 24 Weld,
489 2726 19 19 1.
539 2726 33 18 Mr

49 2770 26 20 E.
85 2770 26 20 E.
120 2768 96 26 Allpress,
226 2773 12 13 a
248 2766 60 25 spirit
318 2765 56 19 stove
393 2763 33 21 for
443 2763 45 21 best
508 2762 64 20 dozen

49 2807 15 19 h
65 2812 36 14 enß
103 2807 5 8 '
117 2810 73 19 eggs—
192 2804 43 19 Mrs
243 2802 72 22 Elliot,
327 2801 18 19 1.
373 2801 34 19 Mr
414 2800 12 19 J
433 2799 65 22 Weld,
508 2799 23 19 5s
540 2799 34 19 for

49 2843 46 19 best
111 2841 49 23 loaf,
177 2838 131 22 home-made
325 2837 88 20 bread—
414 2836 53 19 Miss
484 2835 88 20 Winter.

44 2879 39 19 'Mr
94 2878 127 21 Waterman,
231 2875 23 19 5s
272 2874 32 20 for
320 2873 44 20 best
381 2872 47 21 dish
443 2872 61 19 home
514 2871 60 20 made

49 2914 133 21 tarts—Miss
200 2912 71 22 Elliot,
282 2911 17 19 1.
325 2915 2 3 '
341 2910 33 19 Mr
391 2909 19 19 E
433 2908 23 20 F.
476 2907 98 24 Thomas,

50 2952 23 19 5s
83 2951 32 19 for
124 2950 45 20 best
176 2948 60 25 quart
250 2945 136 26 gooseberries
391 2944 66 19 —Mrs
473 2944 72 23 Elliot,
556 2944 18 19 1.

50 2987 33 21 Mr
92 2987 24 20 R.
126 2986 22 20 F.
161 2985 92 20 Thomas
262 2983 24 19 5s
295 2983 32 18 for
336 2982 45 19 best
398 2980 68 20 bridal
483 2979 91 25 bouquet

50 3024 78 19 —Miss
137 3022 84 21 Reston,
235 3020 17 18 1.
279 3019 34 19 Mr
322 3018 22 20 C.
353 3018 67 21 Dorn,
440 3017 23 19 5s
481 3017 32 19 for
530 3016 45 19 best

50 3059 32 20 six
90 3064 56 14 roses
156 3055 110 28 (varieties)
268 3066 27 3 —
297 3055 42 19 Mrs
348 3053 73 23 Elliot,
432 3053 17 19 1.

76 3095 67 19 There
152 3099 39 13 was
197 3091 53 27 good
259 3090 134 26 competition
402 3088 23 19 m
435 3093 57 14 some
508 3088 21 19 of
539 3086 35 21 the

50 3132 84 22 classes,
144 3130 37 19 but
190 3129 43 20 Mrs
242 3127 66 20 Elliot
318 3132 40 13 was
371 3127 36 18 not
416 3126 21 18 to
456 3125 24 19 be
495 3123 78 21 denied.

49 3168 32 19 Dr
90 3166 57 21 Weld
158 3172 41 13 was
209 3164 72 25 highly
291 3161 133 22 commended
435 3161 31 19 for
474 3167 12 13 a
496 3160 78 20 beauti-

50 3205 32 19 ful
109 3202 107 22 collection
242 3201 22 19 of
280 3199 136 23 columbines,
436 3198 42 20 and
498 3197 77 20 Messrs

51 3241 102 25 Stephens
163 3239 42 21 and
216 3238 41 20 Son
266 3236 104 21 exhibited
378 3241 57 14 some
444 3235 41 19 fine
497 3239 64 14 roses.

76 3278 47 19 The
133 3277 84 19 Bazaar
226 3274 72 20 tables
308 3279 56 14 were
369 3271 103 27 presided
481 3276 53 15 over
543 3270 31 26 by

41 3314 48 21 •the
108 3313 78 20 Misses
201 3311 135 22 Dohrmann,
353 3310 131 23 Thompson,
502 3307 72 24 Weld,

50 3351 44 21 and
109 3350 115 22 Williams,
246 3347 46 20 Mrs
312 3346 93 23 Dobson,
428 3346 44 19 Mrs
491 3344 82 25 Meyer,

51 3388 45 20 and
104 3388 49 19 Mrs
162 3385 121 23 Williams;
298 3391 13 12 a
320 3384 62 24 large
391 3382 45 20 and
443 3380 134 26 beautifully

41 3434 2 2 •
51 3424 118 21 decorated
177 3422 121 21 Christmas
307 3420 55 24 tree,
374 3420 30 25 by
414 3419 47 19 Mrs
471 3419 45 19 Dee
532 3417 45 20 and

52 3462 47 19 Mrs
109 3461 94 24 Shavpe;
216 3458 66 20 while
291 3458 46 19 Mis
348 3457 60 19 John
417 3456 104 22 Pearson,
530 3460 26 14 as
565 3460 14 13 a

54 3498 62 25 gipsy
132 3496 63 25 (with
211 3502 14 13 a
238 3493 96 27 genuine
347 3492 59 26 tent)
423 3492 57 20 drew
499 3497 79 20 money

54 3534 39 19 out
106 3533 22 20 of
137 3533 39 20 the
189 3531 89 27 pockets
288 3530 23 20 of
323 3530 64 20 those
400 3530 49 19 who
462 3528 88 21 wanted
565 3534 14 14 a

54 3576 53 18 peep
116 3570 47 19 into
176 3568 38 19 the
223 3567 76 20 future
304 3575 6 15 ;
332 3567 44 19 and
388 3566 71 20 raffl.es
473 3566 35 19 for
522 3565 57 20 wed-

46 3616 2 3 ■
55 3606 54 25 ding
122 3605 59 23 cake,
199 3603 73 20 bridal
284 3603 72 26 party,
372 3603 35 19 &c.
412 3619 4 8 ,
435 3609 55 13 were
501 3603 39 24 got
549 3601 30 20 off

55 3644 28 23 by
100 3641 39 20 the
157 3641 80 19 Misses
259 3640 125 24 Thompson
409 3639 40 27 (2),
475 3638 45 21 and
543 3638 36 19 Mr

55 3679 127 20 Parkinson.

82 3716 27 18 In
118 3714 39 21 the
167 3713 117 21 meantime
292 3720 13 13 a
311 3713 103 19 Costume
419 3713 78 19 cricket
504 3711 75 20 match

57 3758 43 14 was
109 3751 67 24 being
188 3750 79 25 played
276 3750 23 20 m
309 3756 14 13 a
334 3749 98 26 paddock
441 3749 78 26 kindly
531 3748 48 20 lent

667 165 29 25 by
715 165 36 19 Mr
769 162 106 21 Mitche'l.
917 162 72 19 Greek
1012 162 39 19 did
1072 162 42 20 not
1135 163 61 20 meet

669 202 76 23 Greek,
757 202 42 19 but
808 200 123 21 Chinamen
943 199 45 20 and
997 199 133 25 harlequins,
1142 200 52 26 beg-

668 246 52 19 gars
729 238 45 21 and
788 237 136 24 Scotchmen,
943 242 90 17 women,
1048 235 44 24 &c,
1105 237 89 21 created

668 277 77 20 shouts
755 276 23 20 of
793 276 39 20 lan
842 275 53 21 .Her
909 275 34 24 by
952 275 59 19 their
1027 274 76 20 antics.
1147 275 50 19 The-

668 313 83 21 Oxford
766 313 66 19 Brass
847 311 70 25 Band,
931 311 70 20 under
1017 311 37 19 the
1069 311 124 25 leadership

668 351 23 19 of
701 351 33 19 Mr
745 350 92 22 Gordon,
849 348 30 19 ha
884 348 9 19 1
906 348 68 25 given
984 347 58 19 their
1051 347 94 20 services
1158 348 35 19 for

668 387 37 20 the
715 386 105 24 occasion,
832 385 45 19 and
889 384 80 27 played
979 383 115 21 selections
1110 383 86 26 during;

666 423 38 21 the
714 423 121 20 afternoon.

693 459 47 20 The
750 459 53 19 Hall
812 465 44 13 was
866 457 92 23 cleared,
976 456 45 20 and
1030 456 38 20 tea
1076 456 117 26 Jarranged

666 503 28 13 on
712 496 40 20 the
769 495 72 21 tables
860 493 86 26 shortly
964 493 59 20 after
1040 492 42 20 five
1102 492 90 20 o'clock.

666 533 55 20 Five
730 533 98 20 minutes
838 531 59 21 after
906 531 39 20 the
962 529 95 27 opening
1065 529 40 20 not
1114 535 14 13 a
1144 529 48 20 seat

665 570 64 20 could
738 570 31 20 be-
778 569 50 25 had,
841 568 88 26 though
944 567 62 20 there
1015 572 45 14 was
1074 571 116 15 accoinmo-

658 625 3 2 .
666 607 77 21 dation
753 607 32 20 for
794 612 50 14 over
853 606 47 20 two
907 604 102 21 hundred
1017 609 100 21 persons.
1146 603 46 20 Bttt

665 644 38 21 the
718 644 95 20 caterers
826 642 33 21 for
869 643 31 20 St.
919 640 115 21 Andrew's
1049 640 51 26 Day
1108 640 37 19 tea
1154 645 38 14 are

666 680 138 21 well-known
812 680 36 19 for
856 679 59 20 their
924 678 53 20 skill
992 677 45 21 and
1045 676 115 25 liberality
1167 676 24 19 m

666 718 92 20 matters
768 717 111 24 culinary,,
886 715 44 20 and
942 714 39 21 the
990 713 77 28 people
1075 713 28 20 of
1108 712 85 20 Oxford

665 760 37 14 are
712 754 45 19 like
766 753 40 20 the
818 752 58 20 Lord
874 757 3 9 1
889 751 96 26 Mayor's
1001 750 51 24 fool,
1067 749 47 21 and
1127 750 67 19 know

664 790 61 19 what
733 790 20 19 is
762 789 65 25 good.
855 789 47 20 The
910 788 79 23 tables,
997 786 71 21 which
1077 792 58 14 were
1142 792 49 19 pro-

664 826 67 20 vided
739 826 31 25 by
786 826 47 19 Mrs
849 825 104 23 Pearson,
975 824 47 20 Mrs
1034 821 156 26 Ehgelbrecht,

663 863 47 20 Mrs
733 863 75 24 Skurr,
834 861 45 20 and
901 861 47 20 Mrs
971 861 77 25 Meyer
1055 867 7 16 ;
1084 858 47 21 and
1151 858 39 21 the

663 899 118 21 bachelors'
790 898 66 24 table,
867 897 111 26 arranged
983 898 33 25 by
1023 896 79 20 Misses
1111 895 80 24 Lews,,

664 936 75 24 Keats,
761 936 135 24 Dohrmann,
924 934 45 19 and
990 932 127 27 Weylamdt,
1135 938 58 14 were

664 973 142 25 conspicuous
815 972 36 20 for
860 972 55 25 good
924 971 82 23 things*.

689 1009 64 20 Then
769 1015 64 14 came
849 1014 17 14 a.
882 1007 48 21 Gift
948 1006 102 24 Auction,
1071 1006 37 19 Mr
1130 1004 60 21 John

662 1046 88 20 Dobson
765 1046 68 24 being
846 1044 40 20 tine-
899 1044 133 22 auctioneer,
1048 1042 45 20 and
1105 1041 34 20 all
1149 1041 43 20 the

663 1084 82 19 entries
754 1082 96 20 realised
858 1082 47 19 fair
912 1081 82 26 prices.

689 1119 90 26 Shortly
797 1119 59 19 after
875 1117 63 26 eight
957 1115 80 21 o'clock
1051 1115 40 20 the
1107 1114 78 20 enter-

661 1156 110 20 tainment
781 1154 145 24 commenced,
936 1153 45 20 and
990 1153 39 20 the
1038 1152 58 20 East
1105 1151 84 20 Oxford

661 1192 67 20 Town
740 1192 50 19 Hall
799 1197 43 14 was
852 1190 98 24 literally
959 1188 90 26 packed.
1081 1188 47 20 The
1138 1187 54 20 first

661 1230 51 24 part
722 1228 23 21 of
754 1228 39 20 the
802 1232 139 21 programme
954 1232 41 14 con
1006 1225 58 20 Isted
1072 1223 87 26 mainly
1166 1223 23 21 of

661 1265 93 21 musical
777 1264 123 25 selections,
929 1261 141 23 contributed
1091 1261 30 25 by
1149 1261 40 19 the

661 1301 127 21 Orchestral
806 1301 90 25 Society
910 1300 45 20 and
971 1298 89 21 various
1075 1297 110 21 vocalists.

661 1339 47 20 The
731 1338 126 20 Orchestral
880 1338 72 24 pieces
979 1341 56 14 were
1058 1333 131 26 excellently

660 1375 87 26 played,
767 1374 45 20 and
830 1380 57 19 gave
904 1373 29 26 pL
940 1378 64 14 asure
1025 1372 24 20 to
1072 1375 113 20 everyone.

661 1413 36 18 Mr
716 1412 85 24 George
814 1410 83 24 Ffitch,
912 1409 23 20 of
954 1406 163 24 Christchurch,
1139 1411 50 15 con-

660 1447 102 21 tributed
780 1453 29 14 an
832 1446 116 26 agreeable
971 1444 75 21 cornet
1068 1444 46 19 solo
1133 1442 54 21 with

660 1485 55 20 with
723 1484 124 26 pianoforte
857 1481 196 27 accompaniment.
1094 1481 60 20 Most
1163 1479 24 21 of

660 1522 41 18 the
712 1526 68 19 songs
795 1526 57 14 were
868 1519 58 25 good
926 1530 28 3 —
954 1524 59 14 some
1030 1518 23 19 of
1065 1517 61 20 them
1135 1522 54 19 per-

659 1557 56 26 haps
738 1562 14 15 a
773 1557 60 19 little
855 1556 38 20 too
915 1555 58 26 good
999 1554 36 20 for
1056 1559 16 15 a
1093 1554 95 24 country

660 1595 110 20 audience.
801 1594 47 21 But
854 1594 63 20 there
926 1599 33 14 we
962 1599 20 14 re
985 1592 133 26 exceptions.
1142 1590 45 21 For

659 1632 107 23 instance,
778 1637 43 14 one
830 1630 68 21 comic
912 1636 55 19 song
978 1636 41 13 was
1029 1630 40 19 not
1078 1628 62 27 quite
1155 1634 31 19 up

659 1669 24 19 to
692 1668 40 20 the
739 1667 107 21 standard
856 1667 23 20 of
888 1673 41 14 our
935 1665 87 21 Oxford
1029 1666 101 20 concerts
1142 1665 47 20 and

660 1711 32 14 we
710 1705 66 19 think
794 1705 40 19 the
856 1703 72 26 youth
950 1703 47 19 who
1020 1708 45 14 was
1087 1701 100 25 obliging

660 1742 88 25 enough
767 1742 23 19 to
808 1741 52 25 sing
877 1741 18 18 ifc
913 1746 45 13 was
971 1738 127 21 ill-advised
1112 1738 24 19 m
1152 1737 46 20 his-

660 1778 113 20 selection.
815 1777 47 20 Our
884 1776 36 20 o'.d
938 1775 76 20 friend
1030 1775 37 19 Mr
1084 1774 104 25 Ingleson

661 1821 56 20 gave
735 1821 15 13 a
767 1815 77 24 couple
856 1813 25 20 of
894 1813 82 26 capital
993 1811 135 24 recitations,
1149 1811 39 20 the

659 1852 70 25 being
750 1851 25 19 m
797 1856 105 20 response
924 1851 25 18 to
972 1855 30 14 an
1025 1848 163 20 unmistakable

660 1895 73 14 encore.
764 1888 47 19 The
818 1886 68 21 ladies
893 1885 45 22 and
944 1886 127 26 gentlemen
1078 1884 48 20 who
1134 1890 54 20 gave

660 1924 59 21 their
724 1924 54 20 kind
783 1924 121 19 assistance
911 1924 24 19 to
938 1922 64 20 make
1007 1921 47 21 this
1060 1921 52 26 part
1116 1920 24 20 of
1148 1921 41 19 the

661 1961 174 21 entertainment
850 1966 14 14 a
878 1965 53 15 succ
942 1965 22 14 ss
976 1964 56 15 weie
1051 1958 47 20 Mrs
1116 1957 21 20 J.
1158 1957 26 20 R.

660 1998 102 24 Pearson,
783 1997 56 21 Miss
857 1997 132 25 Thompson,
1004 1994 56 21 Miss
1075 1994 110 22 Webster,

660 2036 38 19 Mr
715 2034 45 21 and
777 2035 48 20 Mrs
843 2032 122 26 Harbidge,
990 2032 83 21 Messrs
1095 2031 90 25 Searell,

661 2072 70 24 Davy,
743 2070 45 21 and
796 2070 123 20 Lawrence.
948 2069 65 20 After
1022 2074 28 14 an
1059 2067 98 21 interval
1165 2067 24 21 of

660 2107 42 21 five
713 2107 102 24 minutes,
827 2106 39 21 the
876 2105 78 21 second
960 2105 52 26 part
1017 2110 46 14 was
1068 2103 121 28 proceeded

661 2145 61 20 with.
768 2144 55 20 This
842 2142 112 22 consisted
971 2142 23 21 of
1012 2142 100 24 readings
1130 2141 58 20 from

660 2182 92 20 Charles
761 2180 104 21 Dickens'
1125 2178 62 19 illus-

660 2218 76 20 trated
744 2217 55 20 wiih
807 2217 103 19 Tableaux
919 2216 90 20 Vivants.
1039 2215 49 20 The
1095 2215 94 19 tableaux

661 2267 27 3 —
688 2255 72 21 under
768 2254 39 21 the
816 2253 109 21 direction
938 2251 23 21 of
976 2252 37 20 Mr
1027 2251 79 21 Parish
1106 2262 26 3 —
1132 2256 57 14 were

661 2291 136 25 beautifully
809 2290 115 25 managed,
940 2289 46 20 and
998 2288 100 21 afforded
1110 2293 13 14 a
1139 2293 49 14 rare

661 2330 66 19 treat.
755 2328 46 20 But
810 2333 32 15 we
852 2326 81 21 cannot
949 2325 114 21 commend
1072 2325 40 20 the
1123 2324 66 26 judg-

661 2366 61 19 ment
735 2364 22 21 of
775 2365 40 20 the
833 2363 132 21 Committee
981 2363 24 20 m
1023 2362 108 25 selecting
1148 2361 41 21 the

661 2403 54 20 Rev.
728 2403 36 19 Mr
773 2401 79 26 Wyatt
859 2406 23 15 as
891 2400 85 21 reader.
1002 2399 54 21 This
1063 2399 126 24 gentleman

660 2439 20 20 is
689 2446 14 12 a
715 2445 53 20 poor
781 2437 148 25 elocutionist,
945 2436 54 20 with
1015 2442 29 13 an
1057 2435 132 26 unpleasing

660 2477 68 23 voice,
740 2476 45 19 and
793 2475 54 20 with
856 2480 29 14 no
894 2474 51 19 idea
954 2473 23 20 of
985 2473 40 20 the
1035 2478 47 19 way
1090 2472 25 19 to
1124 2472 65 19 make

661 2512 107 21 dramatic
781 2512 83 26 points.
905 2510 45 21 The
965 2510 51 20 task
1031 2509 24 20 of
1069 2508 121 25 compiling

660 2550 38 20 the
708 2549 105 26 readings
821 2547 46 21 had
875 2548 55 20 been
944 2546 102 26 clumsily
1055 2544 132 28 performed,

661 2587 46 19 and
715 2592 31 14 we
755 2586 86 20 confess
849 2585 53 19 that
914 2590 32 14 we
958 2583 110 25 mentally
1082 2581 107 22 accorded

661 2623 39 20 the
715 2622 93 26 highest
820 2621 74 26 praise
907 2622 24 19 to
946 2620 39 19 the
1001 2619 106 20 audience
1117 2618 25 19 at
1149 2618 40 19 the

660 2660 57 20 back
731 2659 22 20 of
766 2658 38 20 the
818 2658 59 24 Hall,
895 2657 63 20 when
975 2662 33 14 we
1020 2654 113 28 perceived
1151 2654 38 20 the

662 2697 140 20 forbearance
815 2695 56 20 with
880 2695 73 19 which
961 2693 55 26 they
1029 2693 34 20 sat
1071 2691 70 21 under
1149 2691 40 21 the

663 2733 95 20 strident
770 2732 102 26 prosings
889 2731 21 20 o£
924 2731 39 20 the
978 2730 102 20 minister
1092 2728 24 21 of
1124 2728 61 20 Cust.

662 2770 30 20 At
707 2770 40 20 the
756 2769 44 20 end
816 2768 23 21 of
848 2768 47 20 this
903 2768 54 25 long
972 2766 97 25 reading,
1082 2766 37 19 the
1132 2765 53 21 Rev.

663 2807 37 20 Mr
708 2806 110 21 Williams
825 2804 100 21 thanked
931 2804 31 20 all
971 2810 91 19 persons
1069 2802 121 21 concerned

662 2843 36 21 for
706 2843 60 21 their
774 2842 56 20 kind
839 2841 52 26 help
901 2841 50 20 that
960 2841 42 25 day
1008 2849 7 16 ;
1029 2839 43 21 and
1081 2838 81 21 indeed
1171 2839 19 20 it

663 2881 61 19 must
738 2881 29 19 be
783 2878 93 21 allowed
889 2878 59 24 that,
962 2878 25 19 m
1001 2877 57 26 spite
1068 2876 23 21 of
1100 2875 39 22 the
1147 2876 43 20 few

663 2916 164 27 imperfections
835 2916 25 19 to
875 2914 73 21 which
957 2919 31 15 we
996 2914 57 20 have
1067 2913 67 20 taken
1149 2912 40 20 the

663 2954 83 25 liberty
755 2953 24 19 to
788 2951 75 21 allude
872 2958 25 14 m
906 2958 15 14 a
928 2950 78 27 purely
1011 2949 97 26 friendly
1117 2949 72 26 spirit,

663 2990 39 20 the
715 2989 113 26 parochial
837 2987 90 21 festival
935 2987 41 19 has
991 2992 68 14 never
1067 2985 57 21 been
1136 2985 54 29 kept

663 3032 31 20 up
712 3025 54 21 with
785 3031 59 14 more
862 3024 80 25 hearty
961 3022 100 26 goodwill
1083 3027 26 15 or
1130 3027 61 14 more

663 3062 87 26 general
761 3060 134 27 enjoyment.

690 3099 42 20 We
748 3104 38 14 are
795 3096 108 21 informed
917 3095 52 21 that
977 3095 39 21 the
1029 3095 50 20 nett
1086 3094 104 27 proceeds

664 3135 23 21 of
704 3135 39 21 the
754 3134 44 26 day
810 3133 46 21 will
870 3133 92 20 amount
975 3133 22 19 to
1009 3132 126 26 something
1147 3132 44 20 like

665 3173 53 19 JB6O.

830 3231 90 24 VIEW
938 3231 90 24 HILL.

691 3292 48 20 The
752 3290 96 25 monthly
857 3289 91 23 meeting
957 3288 23 20 of
989 3288 35 21 the
1032 3288 89 25 Library
1131 3286 61 21 Com-

665 3324 73 19 mittee
752 3328 43 14 was
811 3320 49 20 held
875 3320 22 19 m
910 3319 35 19 the
954 3319 132 20 Schoolroom
1097 3324 26 14 on
1133 3317 59 20 Mon-

666 3355 40 24 day
729 3353 87 24 evening
844 3351 48 20 last.
932 3350 85 20 Present
1019 3361 24 3 —
1044 3350 78 20 Messrs
1143 3349 50 19 Pole

667 3384 139 27 (Chairman),
825 3382 76 22 Smith,
929 3380 95 25 Parlane,
1052 3380 77 23 Duder,
1152 3379 42 20 and

667 3415 113 26 Harle(2).

693 3452 44 19 The
746 3451 91 19 minutes
847 3449 22 19 of
878 3448 35 19 the
929 3447 95 25 previous
1034 3447 91 24 meeting
1141 3452 51 15 were

667 3483 50 21 read
726 3482 42 21 and
777 3479 119 23 confirmed.

695 3519 45 20 The
757 3518 92 20 balance-
852 3516 58 19 Bheet
919 3520 42 15 was
970 3515 55 25 read,
1034 3514 69 20 which
1113 3513 83 21 showed

669 3557 12 14 a
698 3550 64 20 credit
771 3549 86 19 balance
873 3547 21 19 of
903 3547 28 19 £6
947 3546 43 21 10s.
1030 3545 51 21 This
1095 3550 43 16 was
1147 3550 47 15 con-

668 3581 80 20 sidered
757 3579 138 24 satisfactory.

694 3618 21 19 It
726 3622 40 14 was
776 3614 83 22 decided
869 3615 20 19 to
907 3613 51 20 hold
967 3612 88 21 another
1067 3611 91 25 meeting
1167 3617 28 14 on

669 3649 101 24 Tuesday,
782 3645 112 22 December
903 3644 63 25 17th.,
983 3645 32 20 for
1025 3644 35 21 the
1069 3649 90 20 purpose
1175 3643 22 20 of

669 3679 111 25 arranging
800 3684 13 13 a
830 3677 37 20 list
883 3676 94 25 whereby
993 3681 58 15 some
1066 3681 44 14 new
1130 3674 65 20 books

669 3711 67 24 might
754 3709 24 19 be
794 3707 104 21 obtained.
937 3707 34 19 All
982 3706 125 21 subscribers
1124 3711 34 14 are
1167 3711 30 14 re-

670 3741 86 27 quested
765 3741 22 20 to
796 3738 83 21 furnish
890 3738 35 21 the
933 3738 110 21 Librarian
1053 3737 50 21 with
1114 3743 12 14 a
1133 3737 37 21 list
1177 3742 23 17 ox

1285 161 6 18 1
1298 160 51 20 ooks
1366 161 31 22 (as
1416 166 13 13 a
1447 158 189 21 recommendation
1651 157 33 19 for
1700 157 35 19 the
1751 157 60 19 Cony

1283 193 81 25 mittee)
1375 198 26 13 on
1410 198 23 14 or
1443 191 69 20 bif>re
1521 190 111 21 December
1644 189 58 22 17th..

1309 233 44 20 The
1362 232 48 20 Rev.
1422 234 32 19 Mr
1465 231 104 25 Wa-^stafE
1578 231 99 20 delivered
1689 230 34 19 the
1733 228 76 21 second

1283 266 48 24 part
1340 264 22 20 of
1378 264 33 20 his
1425 264 122 23 interesting
1560 263 76 19 lecture
1650 261 22 19 m
1681 261 34 19 the
1726 260 83 20 School-

1282 302 65 16 room,
1364 301 27 13 on
1407 295 77 24 Friday
1500 293 92 24 evening,
1609 294 51 18 Nov.
1678 292 56 22 29th,
1749 291 59 19 when

1281 327 58 19 there
1349 332 40 14 was
1400 332 12 14 a
1422 332 47 18 very
1479 325 53 25 good
1546 324 130 20 attendance.
1704 322 43 20 The
1757 322 49 19 sub-

1281 358 41 24 ject
1338 358 21 18 of
1373 357 36 19 the
1417 357 76 19 lecture
1503 361 41 14 was
1560 357 4 8 '
1570 356 4 9 '
1582 355 18 19 A
1609 355 70 18 man's
1689 360 12 13 a
1716 358 50 14 man
1776 353 32 18 for

1281 388 18 19 a'
1314 387 69 22 that,!'
1402 387 42 20 and
1459 386 35 20 the
1503 392 40 13 rev.
1559 385 119 25 gentleman
1688 382 118 22 illnstrated

1279 418 18 20 it
1310 419 50 19 with
1378 424 56 14 some
1444 424 53 18 -very
1512 416 74 25 quaint
1600 416 83 26 sayings
1692 414 116 24 respecting

1280 449 36 20 the
1335 449 128 21 intellectual
1480 449 42 19 and
1540 447 96 25 spiritual
1651 447 48 24 part
1716 446 21 19 of
1749 450 57 17 man,

1279 480 68 19 which
1365 485 51 14 were
1439 479 45 20 well
1506 477 136 26 appreciated.
1686 476 44 19 The
1752 475 54 19 East

1279 511 78 20 Oxford
1363 511 85 25 singers,
1457 510 54 19 from
1518 510 39 19 the
1564 508 84 25 Baptist
1655 506 90 23 Church,
1755 512 50 19 gave

1279 543 78 19 several
1366 542 53 25 good
1429 541 116 20 selections.
1583 539 82 24 During
1674 538 36 20 the
1719 537 86 25 evening

1279 579 12 14 a
1301 573 109 21 collection
1420 579 40 14 was
1472 572 61 20 taken
1543 572 21 19 to
1575 571 70 24 defray
1655 570 35 20 the
1701 574 102 21 expenses.

1456 646 176 25 CARLETON.

1306 708 84 20 Messrs
1412 707 40 19 Put
1455 706 31 20 vis
1509 705 42 21 and
1575 704 68 21 Beath
1671 708 51 20 gave
1751 701 55 21 their

1280 740 13 11 11
1300 739 71 20 Grand
1382 738 76 21 Sjotch
1467 736 171 21 Entertainment
1674 735 22 19 m
1704 734 36 20 the
1749 733 57 24 Hall,

1279 769 104 24 Carleton,
1393 776 27 13 on
1429 767 131 25 Wednesday
1575 767 49 23 last,
1639 766 38 20 but
1692 766 58 19 there
1763 769 43 15 was

1278 801 72 20 rather
1359 807 12 14 a
1381 800 62 20 small
1453 798 130 21 attendance,
1596 797 68 24 owing
1674 802 28 14 no
1711 795 64 21 doubt
1785 796 21 18 to

1279 831 38 21 the
1322 831 130 24 threatening
1462 830 70 24 aspect
1542 829 22 19 of
1580 828 37 20 the
1625 828 96 19 weather.
1762 826 44 20 The

1279 862 88 22 Concert
1376 868 42 14 was
1428 861 115 23 first-class,
1553 865 61 19 every
1629 859 50 20 item
1690 858 61 24 being
1760 857 46 20 well

1279 894 101 21 received.
1406 894 33 19 Mr
1448 892 76 21 Purvis
1531 891 19 21 is
1559 897 13 14 a
1582 891 53 25 good
1644 890 87 20 vocalist
1741 889 42 19 and
1793 894 13 14 a

1279 927 56 19 most
1343 925 96 25 amusing
1449 924 79 21 reciter.
1556 922 33 21 Mr
1597 922 68 21 Beath
1678 921 19 20 is
1706 926 26 15 an
1743 920 63 20 excel-

1279 957 44 20 lent
1339 956 101 23 violinist,
1450 955 42 21 and
1506 954 34 20 his
1554 960 53 18 song
1623 955 12 10 •'
1643 952 36 21 Six
1693 952 81 20 o'clock
1782 952 23 19 m

1279 987 36 20 the
1323 988 46 24 Bay
1397 992 43 14 was
1446 986 60 25 given
1515 985 23 20 m
1547 984 77 25 capital
1634 983 59 24 style.

1305 1024 18 20 A
1341 1022 70 27 public
1430 1021 91 25 meeting
1538 1021 19 19 is
1573 1021 24 19 to.
1611 1021 26 19 ba
1656 1019 49 20 held
1724 1018 23 19 m
1771 1018 35 20 the

1279 1055 136 20 Schoolroom
1425 1060 28 13 on
1463 1051 105 26 Saturday
1577 1051 94 24 evening,
1687 1051 22 20 to
1719 1055 88 19 arrange

1278 1086 32 19 for
1320 1086 36 20 the
1364 1084 92 21 farmers'
1467 1083 79 20 annual
1556 1082 74 25 picnic.

1419 1156 254 27 HORRELVILLTS.

1372 1218 81 27 [Frost
1464 1223 16 15 a
1493 1214 217 27 Correspondent.]

1303 1257 44 20 We
1357 1257 58 20 have
1424 1256 48 26 just
1482 1254 127 21 discovered
1617 1253 52 21 that
1679 1253 36 19 Mr
1723 1251 82 21 Martin

1277 1289 19 19 is
1314 1289 69 25 agent
1398 1287 36 21 for
1703 1284 25 20 at
1743 1284 64 19 West

1277 1317 105 29 Eyreton,
1390 1319 74 20 which
1473 1319 48 19 will
1527 1318 29 20 be
1566 1324 54 18 very
1629 1316 133 20 convenient
1772 1315 33 19 for

1276 1358 27 13 us
1313 1353 25 18 at
1346 1350 140 21 Horrelvil'e.

1302 1393 41 20 We
1352 1392 58 19 have
1419 1391 47 20 had
1474 1397 14 13 a
1500 1390 106 24 wedding
1611 1390 54 19 here
1675 1388 45 19 this
1737 1388 67 19 week.

1276 1424 35 20 On
1318 1423 149 24 Wednesday,
1474 1421 123 20 November
1604 1420 59 23 20th,
1674 1420 56 19 Miss
1735 1418 71 20 Sarah

1275 1455 46 20 Cox
1336 1454 45 20 and
1390 1454 37 19 Mr
1440 1454 84 23 George
1538 1452 85 25 Hurley
1637 1456 57 15 were
1710 1449 95 21 married

1274 1486 31 26 by
1317 1486 41 21 the
1370 1486 51 19 Rev.
1441 1484 35 21 Mr
1493 1484 60 26 Gray
1569 1484 25 19 at
1609 1483 39 20 the
1658 1482 113 21 residence
1782 1481 23 20 of

1274 1518 38 20 the
1320 1517 82 20 bride's
1411 1516 80 24 father,
1503 1515 140 20 Horrelville.
1674 1514 47 19 The
1730 1519 74 19 young

1274 1549 80 25 couple
1368 1554 38 14 are
1415 1547 140 21 well-known
1566 1546 47 20 and
1620 1545 122 26 respected,
1759 1545 45 19 and

1273 1587 34 15 we
1317 1581 87 21 believe
1419 1580 47 21 this
1479 1579 19 20 is
1513 1578 53 26 only
1578 1578 39 21 the
1636 1576 124 27 beginning
1778 1576 24 21 of

1274 1613 62 27 quite
1345 1620 14 14 a
1368 1613 94 19 number
1477 1611 23 19 of
1512 1610 114 26 weddings
1639 1609 73 20 which
1730 1615 38 13 are
1780 1609 23 19 to

1274 1651 62 14 come
1343 1645 31 20 off
1383 1649 58 15 soon.
1480 1643 48 20 The
1537 1648 72 20 young
1618 1647 51 14 men
1678 1641 24 20 of
1710 1640 40 21 the
1759 1640 45 20 dis-

1272 1676 57 22 trict
1342 1675 88 21 showed
1444 1674 61 22 their
1521 1673 106 27 approval
1642 1672 32 26 by
1691 1671 112 26 sounding

1273 1709 40 20 the
1323 1708 81 20 festive
1413 1708 105 19 kerosene
1526 1706 47 20 tins
1582 1705 24 19 m
1615 1705 40 19 the
1664 1703 67 20 usual
1743 1709 55 20 way.

1301 1748 106 25 Shearing
1420 1748 20 20 is
1450 1747 94 26 general,
1563 1746 44 20 and
1617 1751 62 20 crops
1692 1750 38 15 are
1743 1744 58 20 look-

1274 1783 40 25 ing
1328 1780 52 25 well,
1399 1780 87 24 though
1502 1785 14 14 a
1525 1778 57 26 good
1592 1776 62 26 day's
1667 1776 50 20 rain
1730 1775 72 20 would

1274 1815 28 19 be
1311 1819 54 20 very
1374 1811 132 27 acceptable.

1465 1886 152 29 CUST.

1300 1948 33 21 On
1341 1946 84 26 Friday,
1434 1945 116 21 November
1559 1944 57 24 29th,
1633 1943 34 21 Mr
1676 1942 69 21 Oottle
1753 1941 50 21 held

1274 1985 13 16 a
1296 1979 91 24 clearing
1403 1978 43 19 sale
1456 1976 22 20 of
1488 1976 40 20 live
1536 1976 42 20 and
1588 1974 53 21 dead
1650 1974 66 24 stock,
1731 1974 72 24 imple-

1273 2012 76 22 ments,
1358 2011 45 22 Ac,
1409 2015 28 14 on
1446 2007 35 21 his
1487 2007 53 20 farm
1548 2008 22 18 at
1577 2005 113 25 Fairleigh,
1698 2005 104 20 Summer-

1272 2042 47 20 hill.
1359 2040 34 20 Mr
1414 2039 58 20 John
1485 2038 88 20 Dobson
1591 2037 104 20 officiated
1713 2040 24 16 as
1756 2041 48 14 auc-

1274 2072 87 24 tioneer,
1440 2075 49 18 very
1511 2068 133 24 satisfactory
1665 2066 67 26 prices
1750 2072 52 13 were

1273 2103 105 21 obtained.
1419 2101 52 20 This
1481 2099 151 21 circumstance
1638 2103 42 15 was
1690 2096 73 25 owing,
1773 2101 28 16 no

1275 2134 72 25 doubt,
1366 2134 24 20 m
1403 2134 48 25 part
1467 2133 22 19 to
1505 2131 36 20 the
1557 2131 49 19 skill
1621 2130 22 20 of
1662 2134 38 15 our
1717 2129 88 25 popular

1274 2166 112 22 salesman,
1402 2164 38 20 but
1456 2163 70 25 partly
1542 2162 45 20 also
1604 2167 49 18 may
1669 2160 25 19 be
1704 2160 69 22 taken,
1782 2159 22 19 m

1274 2196 124 21 connection
1414 2195 51 19 with
1476 2194 36 19 the
1527 2193 58 24 large
1598 2191 131 23 attendance,
1740 2192 21 17 to
1771 2190 31 19 in-

1276 2227 67 21 dicate
1359 2226 37 21 the
1411 2226 80 25 respect
1507 2224 42 20 and
1563 2225 76 19 esteem
1656 2222 23 20 m
1695 2221 68 21 which
1773 2220 32 20 Mr

1276 2258 69 21 Oottle
1353 2258 19 20 is
1382 2257 48 23 held
1440 2257 26 25 by
1476 2256 29 20 all
1514 2256 34 19 his
1557 2254 117 25 neighbors.

1303 2299 33 21 On
1350 2298 130 24 Wednesday
1486 2297 43 20 last
1538 2301 28 15 an
1583 2293 164 22 entertainment
1763 2298 41 14 was

1276 2331 60 26 given
1345 2330 23 20 m
1378 2329 35 20 the
1422 2328 101 20 Institute
1533 2327 57 24 Hall,
1600 2326 23 20 m
1632 2325 36 21 aid
1677 2325 22 20 of
1709 2324 35 21 the
1753 2324 53 20 fund

1276 2363 33 20 for
1317 2362 72 25 giving
1397 2360 68 25 prizes
1475 2360 22 19 at
1506 2358 117 21 Christmas
1634 2357 21 20 to
1668 2356 36 20 the
1713 2355 92 20 children

1276 2393 111 24 attending
1396 2391 36 21 the
1444 2390 82 21 district
1535 2389 78 21 school.
1639 2388 47 20 The
1696 2386 58 21 chair
1763 2392 42 15 was

1276 2425 64 19 taken
1349 2424 27 25 by
1384 2423 33 19 Mr
1425 2422 21 20 S.
1455 2421 67 23 Head,
1531 2420 115 21 Chairman
1655 2419 21 20 of
1686 2418 36 21 the
1730 2418 76 19 School

1268 2454 138 22 .Committee,
1430 2452 42 20 and
1494 2452 58 20 there
1573 2456 43 14 was
1637 2456 13 14 a
1672 2454 49 19 very
1749 2449 57 24 large

1276 2486 106 21 audience,
1390 2485 23 18 m
1422 2484 54 24 spite
1491 2483 21 19 of
1523 2483 34 20 the
1571 2481 116 20 Bomewhat
1702 2480 106 20 threaten-

1276 2518 37 23 ing
1324 2517 70 25 aspect
1401 2515 22 20 of
1434 2515 34 19 the
1478 2514 94 23 evening.
1612 2513 19 19 A
1641 2513 55 18 most
1705 2511 101 20 excellent

1276 2552 131 22 programme
1423 2551 42 15 was
1476 2550 52 20 gone
1542 2543 99 26 through,
1655 2543 22 19 m
1692 2541 69 21 which
1771 2541 35 20 the

1276 2579 106 23 following
1397 2577 65 20 ladies
1471 2576 43 19 and
1529 2575 117 25 gentlemen
1657 2574 49 19 took
1719 2574 47 24 part
1774 2579 6 13 :
1780 2583 27 5 —

1277 2609 75 21 Misses
1369 2609 84 23 Prouse,
1470 2606 112 26 Wayland,
1604 2604 105 24 Webster;
1728 2604 78 19 Messrs

1276 2640 64 21 Jones
1349 2639 43 22 and
1401 2639 45 21 Sail
1456 2638 130 27 (violinists),
1601 2635 104 25 Blunden,
1718 2634 88 23 Gilbert,

1277 2672 90 24 Horrell,
1375 2670 144 23 Ruddenklau,
1526 2668 43 21 and
1577 2667 103 26 Wayland
1685 2666 123 27 (vocalists.)

1277 2703 106 24 Headings
1392 2708 54 14 were
1454 2699 132 23 contributed
1596 2699 26 25 by
1632 2698 78 20 Messrs
1725 2697 83 20 Cromie

1277 2734 47 21 and-
1329 2733 90 24 Hassall,
1427 2732 43 20 and
1476 2738 12 14 a
1495 2731 110 20 recitation
1613 2730 28 25 by
1648 2729 33 19 Mr
1689 2729 20 20 S.
1721 2729 88 19 Tallott.

1279 2766 33 21 Mr
1327 2764 77 22 Searell
1418 2763 73 25 kindly
1507 2761 150 26 accompanied
1675 2760 38 21 the
1731 2766 62 19 songs
1803 2768 5 17 ;

1277 2797 43 21 and
1328 2796 64 20 much
1401 2794 133 22 satisfaction
1552 2799 43 14 was
1604 2793 37 19 felt
1651 2792 47 19 that
1708 2798 23 13 so
1740 2792 56 19 excel
1801 2799 5 2 -

1277 2829 45 20 lent
1331 2827 42 21 and
1382 2826 115 25 high-class
1514 2830 29 15 an
1554 2823 162 21 entertainment
1732 2821 76 21 should

1277 2860 54 20 have
1343 2858 51 21 been
1408 2856 104 26 produced
1526 2855 90 25 entirely
1631 2856 27 23 by
1670 2854 55 20 local
1735 2854 73 19 talent.

1278 2889 45 24 The
1328 2889 113 21 Chairman
1448 2885 123 22 announced
1579 2886 46 19 that
1632 2885 27 20 he
1667 2885 42 20 had
1717 2884 91 20 received

1278 2927 29 15 an
1316 2921 87 25 apology
1419 2919 32 19 for
1461 2918 89 20 absence
1567 2917 55 19 from
1630 2916 37 20 the
1683 2916 48 20 Rev.
1742 2915 27 20 D.
1780 2915 27 20 D.

1277 2952 88 24 Bodger,
1380 2955 28 14 on
1424 2950 89 20 account
1529 2948 21 20 of
1567 2954 68 13 severe
1649 2946 156 26 indisposition.

1277 2983 44 20 The
1328 2981 106 21 intimatio
1437 2987 12 14 a
1456 2986 42 15 was
1505 2978 92 21 received
1603 2978 50 20 with
1663 2978 61 20 muoh
1734 2980 73 22 regret,

1277 3014 33 20 for
1328 3013 36 20 the
1380 3018 42 15 rev.
1437 3009 137 27 gentlemau'd
1594 3009 73 25 kindly
1686 3014 56 20 ways
1765 3008 43 20 and

1278 3044 88 25 popular
1372 3042 97 25 readings
1478 3047 34 14 are
1520 3041 77 24 always
1606 3039 132 26 appreciated
1744 3040 22 19 at
1773 3039 35 20 the

1277 3074 173 21 entertainments
1460 3072 48 20 held
1521 3073 22 18 m
1554 3072 57 19 Oust.
1638 3072 28 19 At
1677 3070 35 21 the
1721 3070 55 20 close
1786 3070 22 19 of

1279 3105 37 21 the
1324 3105 88 23 concert,
1422 3103 36 20 the
1474 3103 115 20 Chairman
1606 3101 94 21 thanked
1711 3102 36 19 the
1763 3107 44 19 per-

1279 3137 87 20 formers
1373 3136 33 19 for
1413 3135 54 20 their
1476 3135 63 24 ready
1545 3134 56 25 help,
1612 3133 42 21 and
1664 3134 36 19 the
1710 3133 99 20 audience

1279 3168 32 20 for
1321 3168 54 20 their
1388 3166 131 23 attendance,
1528 3165 43 21 and
1587 3164 70 21 stated
1667 3165 45 19 tbat
1721 3164 28 21 £6
1766 3164 44 20 had

1279 3202 50 18 been
1339 3199 62 20 taken
1412 3199 22 19 at
1443 3197 34 21 the
1485 3197 57 21 door.
1582 3197 45 20 The
1637 3199 171 17 announcement

1279 3230 77 22 evoked
1373 3230 106 25 applause,
1497 3228 43 21 and
1556 3228 17 21 it
1590 3228 19 20 is
1625 3227 70 26 hoped
1710 3227 47 21 that
1766 3227 43 21 this

1280 3263 94 21 amount,
1390 3261 51 21 with
1451 3260 35 20 the
1500 3266 48 14 sum
1559 3260 84 24 already
1653 3258 22 20 m
1691 3259 65 23 hand,
1766 3259 43 19 will

1280 3293 25 20 be
1323 3291 102 21 sufficient
1443 3292 33 19 for
1496 3291 35 20 the
1554 3291 101 25 purchase
1675 3291 22 19 of
1719 3291 91 19 suitable

1281 3324 75 26 prizes.
1382 3323 43 19 The
1440 3323 100 20 audience
1549 3322 106 25 dispersed
1665 3322 52 20 after
1727 3322 83 25 singing

1282 3361 13 15 a
1304 3361 57 14 verse
1370 3355 21 20 of
1401 3354 35 21 the
1445 3354 104 20 National
1554 3354 90 19 Anthem
1653 3360 5 17 ;
1674 3354 42 19 and
1725 3359 13 14 a
1745 3353 65 20 dance

1281 3392 41 14 waa
1331 3388 23 18 at
1363 3392 51 14 once
1423 3385 97 21 initiated
1526 3386 26 25 by
1563 3385 35 19 the
1606 3385 64 20 ladies
1681 3385 42 21 and
1731 3385 79 24 gentle-

1282 3423 48 14 men
1340 3417 85 20 devoted
1434 3418 22 19 to
1467 3416 43 21 this
1523 3416 55 20 form
1587 3416 22 19 of
1618 3416 104 21 athletics.

1360 3495 131 25 SCHOOL
1509 3495 220 24 COMMITTEES.

1447 3569 70 19 EAST
1529 3569 111 19 OXFORD.

1311 3612 47 19 The
1373 3610 61 21 usual
1442 3610 97 25 monthly
1554 3611 92 25 meeting
1659 3611 22 20 of
1697 3611 42 20 this
1752 3611 61 21 Com-

1285 3643 73 21 mittee
1376 3648 43 15 was
1436 3642 49 20 held
1503 3643 24 19 m
1545 3641 36 21 the
1600 3643 141 24 Schoolroom,
1760 3643 54 22 East

1287 3674 84 23 Oxford,
1381 3679 27 14 on
1418 3673 95 26 Tuesday
1529 3674 87 25 evening
1625 3674 49 20 last.
1701 3674 87 21 Present
1790 3686 24 4 —

1287 3706 77 19 Messrs
1390 3704 103 26 Aldridge,
1522 3705 64 26 Corny
1589 3711 31 19 ns,
1642 3706 101 24 Mitchell,
1773 3706 41 21 and

1288 3737 93 25 Ingram.

1925 153 43 20 The
1978 153 92 19 rnihires
2080 152 21 18 of
2119 151 34 19 the
2164 150 92 25 previous
2268 150 89 23 meeting
2374 154 51 15 were

1896 185 54 20 r-eai
1956 184 41 20 and
2007 183 119 21 confirmed.

1924 221 43 20 Ihe
1978 220 93 20 Master's
2080 220 69 24 report
2159 223 42 14 was
2210 217 53 24 read,
2274 218 93 24 showing
2376 216 47 21 that

1897 253 36 19 the
1955 251 128 21 attendance,
2109 250 42 20 had
2174 249 113 20 somewhat
2315 249 108 20 decreased

1896 283 75 24 during
1981 282 35 20 the
2026 285 47 22 past
2085 282 85 19 month..

1920 319 45 19 The
1974 318 114 20 Chairman
2098 323 42 14 was
2157 317 88 19 directed
2256 317 20 19 to
2286 317 56 19 write
2353 317 21 19 to
2385 315 40 21 the-

1894 349 76 23 Board,
1981 349 41 20 and
2033 350 35 18 ask
2079 348 57 20 them
2145 350 21 18 to
2177 349 32 22 try
2219 347 41 20 and
2267 349 34 22 get
2311 348 35 20 the
2356 347 64 20 venti-

1894 380 66 19 lation
1978 380 21 20 of
2009 380 37 20 the.
2056 380 35 19 old
2100 381 48 23 part
2159 379 21 20 of
2190 379 35 20 the
2241 378 76 21 School
2327 378 97 25 building,

1893 411 112 26 improved;

1921 448 20 19 It
1952 453 41 14 was
2004 446 83 21 decided
2097 446 46 20 that
2154 446 35 21 the
2198 446 75 20 School
2282 447 54 19 close
2345 446 33 20 fou
2385 446 38 20 the-

1893 477 95 26 holidays
1999 484 26 12 on
2036 478 35 19 the
2089 478 49 19 13th
2148 478 117 23 December,
2278 477 41 19 and
2333 482 88 21 re-open=

1892 515 27 14 on
1932 510 48 19 13th
1989 510 101 25 January.

1919 546 44 19 Mrs
1973 546 82 20 Barrett
2065 545 75 26 having
2149 545 100 26 resigned,
2257 546 18 20 it
2284 552 41 14 was
2335 546 85 20 decided

1891 576 27 20 to.
1923 576 66 21 invite
1993 576 140 26 applications
2140 578 33 19 £or
2183 578 36 19 the
2227 578 57 19 work
2292 578 22 19 o£
2323 578 98 26 cleaning:

1893 608 36 20 the
1939 609 79 19 School.

1919 644 51 20 This
1986 644 61 26 being
2063 645 30 20 all
2108 645 35 20 the
2160 645 101 24 business,
2279 646 35 20 the
2328 647 93 24 meeting,

1893 675 120 25 adjourned.

2049 729 78 19 WEST
2142 729 112 19 OXFORD.

1919 764 51 19 This
1980 764 123 21 Committee
2120 765 47 21 held
2178 767 53 19 their
2240 766 99 26 ordinary
2354 768 64 19 meet-

1893 794 36 24 ing
1946 801 27 13 on
1995 795 92 26 Monday
2110 797 85 25 evening
2218 798 47 20 last.
2307 798 84 20 Present
2392 810 29 3 —

1893 826 76 20 Messrs
1987 827 100 20 Piichard
2113 828 136 26 (Chairman),
2268 829 47 20 and.
2333 829 29 20 all
2382 829 38 20 the

1892 857 107 20 members.

1919 893 44 20 The
1973 893 94 21 Master's
2077 896 69 23 report
2157 900 41 15 was
2214 895 47 21 read
2264 912 7 7 f
2279 896 94 25 showing
2383 897 37 20 the

1893 929 85 21 average
1986 925 124 20 attendance
2125 928 21 18 to
2155 926 25 20 be
2190 927 63 24 129.5,
2263 928 42 19 and
2315 928 34 19 the
2359 934 60 14 num-

1893 955 34 19 ber
1937 961 25 13 on
1974 955 35 20 the
2021 956 63 19 books
2100 957 44 21 175.

1920 985 44 20 The
1973 986 77 20 Master
2060 987 62 20 asked
2133 989 34 19 the
2176 988 121 21 Committee
2307 990 20 19 to
2336 990 85 20 furnish

1893 1022 59 19 green
1971 1017 59 20 baizs
2046 1019 93 19 curtains
2156 1022 21 17 to
2194 1023 93 22 separate
2303 1021 36 20 the
2357 1022 62 19 class-

1892 1053 67 15 room.
2000 1048 44 21 The
2051 1069 2 1 .
2063 1049 90 27 Visiting
2173 1051 127 21 Committee-
2319 1058 52 14 were
2388 1058 31 15 re-

1893 1079 84 23 quested
1988 1081 20 18 to
2018 1081 60 19 make
2087 1082 108 23 enquiries.

1919 1114 44 21 The
1973 1115 78 21 Master
2059 1118 107 23 requested
2177 1118 34 20 the
2221 1124 36 14 use
2267 1119 22 19 of
2297 1119 35 20 the
2342 1119 76 21 School

1893 1145 32 20 for
1934 1152 12 14 a
1957 1149 81 18 concert
2047 1154 27 13 on
2086 1148 34 20 the
2131 1149 49 20 lOLh
2190 1149 57 24 inst.,
2258 1151 21 19 to
2288 1150 54 20 raise
2355 1151 65 20 funds

1893 1178 33 19 for
1943 1185 12 12 a
1978 1178 116 20 Children's
2108 1180 66 20 Treaf.
2187 1192 25 3 —
2221 1182 100 19 Granted.

1919 1213 44 21 The
1972 1215 72 19 School
2054 1216 18 19 is
2084 1217 21 18 to
2112 1217 60 20 break
2183 1223 27 19 up
2220 1223 26 14 on
2258 1218 34 19 the
2300 1218 50 20 13th
2359 1218 59 25 Dec.,,

1893 1246 40 19 and
1945 1252 80 14 resume
2035 1247 54 19 work
2099 1253 27 14 on
2137 1248 35 20 the
2183 1249 50 20 IQth
2242 1250 101 26 January.

1919 1283 43 19 The
1971 1283 38 19 sub
2020 1283 122 21 Committee
2152 1286 93 23 reported
2256 1286 46 19 that
2316 1287 50 23 they
2374 1286 44 21 had

1892 1314 30 19 let
1938 1314 36 19 the
1988 1316 94 18 contract
2098 1316 33 19 for
2144 1316 36 19 the
2189 1317 90 20 erection
2296 1318 21 19 of
2327 1318 36 19 the
2375 1317 43 21 bell

1891 1346 62 18 tower
1963 1347 22 17 to
1995 1345 33 19 Mr
2037 1346 60 19 Peter
2107 1346 76 24 Smith,
2194 1349 20 18 to
2224 1348 24 20 be
2265 1349 114 24 completed
2388 1355 28 13 on

1891 1376 35 20 tho
1936 1376 37 20 9th
1987 1377 86 20 instant.

1917 1413 103 19 Accounts
2037 1413 123 26 amounting
2181 1415 23 19 to
2219 1415 29 19 £2
2265 1415 36 20 15s
2321 1416 26 20 7d
2365 1422 53 14 were

1890 1443 74 26 passed
1985 1443 33 19 for
2040 1447 105 22 payment,
2169 1446 42 19 and
2233 1446 36 19 the
2291 1447 125 20 Committee

1889 1474 120 26 adjourned.
2163 1490 3 2 .
2200 1490 3 2 .

2076 1527 91 21 CARLE
2173 1529 48 19 TON.

1915 1561 44 21 The
1974 1562 61 20 usual
2051 1564 97 25 monthly
2163 1566 90 25 meeting
2269 1566 22 20 of
2302 1566 43 21 this
2354 1566 63 21 Com*

1890 1594 72 20 mittee
1977 1601 42 13 was
2034 1595 49 20 held
2093 1601 26 14 on
2132 1597 128 25 Wednesday
2269 1599 89 26 evening
2366 1599 49 20 last.

1890 1626 113 20 Present—
2003 1627 75 19 Mtssrs
2097 1628 72 20 Carter
2189 1629 137 26 (Chairman),
2345 1631 68 24 Ivory,

1889 1656 70 25 Little,
1969 1657 90 25 Cowern,
2069 1659 42 19 and
2123 1659 87 21 Walters

1915 1693 20 20 It
1945 1699 41 15 was
1996 1694 82 21 decided
2088 1695 47 20 that
2144 1696 35 20 the
2193 1697 116 20 Christmas
2319 1699 96 26 holidays

1890 1723 75 21 should
1974 1725 24 19 be
2007 1725 36 21 the
2052 1732 57 14 same
2123 1733 23 14 as
2155 1728 41 20 last
2205 1734 55 20 year,
2271 1730 143 26 commencing

1890 1761 27 14 on
1927 1756 111 20 December
2048 1758 56 19 24th.

1916 1791 20 20 It
1945 1798 42 14 was
1998 1794 93 24 reported
2100 1794 46 20 that
2153 1794 36 21 the
2198 1795 123 22 attendance
2328 1796 23 21 of
2359 1803 58 15 some

1890 1822 21 21 of
1927 1823 36 20 the
1972 1824 92 20 scholars
2074 1831 41 14 was
2132 1826 107 26 becoming
2249 1833 47 19 very
2309 1828 105 24 irregular.

1890 1854 21 19 It
1925 1861 41 14 was
1983 1855 89 25 decided,
2090 1857 69 19 unless
2177 1857 42 20 this
2234 1859 19 19 is
2269 1859 108 24 remedied,
2393 1861 25 19 to

1890 1885 85 26 publish
1984 1886 36 20 the
2029 1893 72 14 names
2111 1888 21 19 of
2141 1888 35 20 the
2186 1888 116 21 defaulters.

1918 1921 43 20 The
1977 1923 95 23 question
2087 1924 22 18 of
2227 1925 89 19 WotkA
2322 1932 95 22 eame-ap
2417 1936 32 3 —

1891 1951 33 20 for
1933 1952 122 25 discussion,
2065 1954 42 20 and
2117 1955 35 19 the
2163 1956 85 24 opinion
2258 1958 108 24 expressed
2376 1965 42 15 was

1892 1983 47 21 that
1955 1984 35 20 the
2023 1985 69 20 Home
2108 1985 62 21 Work
2206 1987 23 20 m
2245 1993 56 15 some
2314 1989 75 21 classes
2398 1991 21 20 is

1890 2015 108 24 excessive,
2010 2017 133 25 particularly
2153 2017 22 20 m
2192 2018 35 20 the
2236 2025 47 14 case
2292 2021 22 19 of
2323 2021 94 21 children

1891 2047 47 18 who
1956 2047 53 19 have
2027 2048 51 19 such
2096 2048 48 25 long
2163 2048 103 21 distances
2283 2051 21 18 to
2323 2052 52 19 walk
2396 2054 23 19 to

1891 2076 81 21 School.

1918 2113 43 21 The
1977 2113 113 22 Chairman
2100 2116 68 20 stated
2184 2116 47 21 that
2241 2117 35 20 the
2290 2117 128 27 Inspector's

1891 2147 69 23 report
1970 2151 41 15 was
2021 2147 39 19 not
2069 2148 35 23 yet
2111 2148 95 20 received.

1919 2181 66 21 There
1997 2181 60 26 being
2071 2188 28 14 no
2115 2183 59 20 other
2189 2183 103 24 business,
2308 2184 35 21 the
2359 2185 58 21 Com-

1892 2212 73 20 mittee
1973 2212 119 26 adjourned.

1924 2279 86 24 EAST
2027 2280 134 24 OXFORD
2178 2281 99 24 TOWN
2293 2283 94 24 HALL

2073 2312 167 26 COMPANY.

2023 2377 114 20 ANNUAL
2150 2378 139 21 MEETING.

1919 2428 48 21 The
1977 2429 78 20 annual
2062 2430 83 24 general
2152 2431 90 25 meeting
2249 2431 22 20 of
2278 2431 143 22 shareholders

1893 2460 23 20 m
1926 2460 35 20 the
1971 2460 64 20 above
2044 2461 115 25 Company,
2166 2467 42 14 was
2218 2462 48 20 held
2274 2463 23 19 m
2307 2464 35 19 the
2357 2464 65 19 Town

1895 2491 57 24 Hall,
1968 2491 53 20 East
2037 2491 84 24 Oxford,
2138 2498 27 14 on
2176 2492 115 26 Thursday,
2307 2494 116 20 November

1895 2523 33 22 29,
1938 2523 58 19 when
2006 2522 57 20 there
2072 2528 42 14 was
2128 2529 13 14 a
2151 2523 52 25 good
2213 2525 130 20 attendance.

1920 2559 28 19 In
1972 2558 36 20 the
2030 2559 88 19 absence
2140 2560 26 20 'of
2189 2560 33 20 Mv
2244 2561 82 20 Wilson
2349 2561 75 21 Fisher

1895 2589 122 26 (Chairman
2027 2589 22 19 of
2057 2590 120 27 Directors),
2194 2591 31 19 Dr
2235 2592 60 20 Weld
2304 2598 41 14 was
2363 2592 61 21 voted

1895 2621 22 18 to
1927 2620 34 19 the
1971 2620 65 23 chair,
2046 2620 43 20 and
2104 2622 134 20 commenced
2246 2623 134 25 proceedings
2396 2624 27 25 by

1895 2651 86 26 reading
2004 2651 37 20 the
2064 2652 161 22 advertisement
2248 2654 116 26 convening
2387 2655 36 21 the

1895 2683 97 25 meeting.
2190 2688 3 2 '

1922 2719 44 20 The
1975 2719 112 20 Directors'
2095 2719 86 22 Annual
2195 2721 78 25 Report
2284 2728 41 14 was
2335 2723 48 19 read
2393 2723 27 24 by

1896 2750 35 22 the
1949 2751 113 24 Secretary,
2079 2756 23 15 as
2118 2751 114 22 follows:—

1895 2782 45 21 The
1955 2782 105 20 Directors
2071 2782 37 24 beg
2124 2785 22 17 to
2156 2784 35 24 lay
2201 2784 67 21 before
2284 2791 41 19 you
2337 2786 34 19 the
2385 2785 39 20 fol-

1896 2813 75 24 lowing
1987 2812 77 25 Report
2082 2813 21 19 of
2119 2813 56 21 their
2191 2815 133 26 proceedings
2340 2817 33 19 for
2388 2816 36 20 the

1896 2850 49 19 year
1954 2844 76 24 ending
2041 2844 88 20 October
2138 2836 53 29 3ist.
2202 2846 58 21 1889.
2261 2857 26 3 —
2287 2846 46 21 The
2342 2848 80 19 income

1897 2875 22 20 of
1928 2875 36 20 the
1973 2875 108 24 Company
2091 2875 39 20 has
2140 2876 51 20 been
2206 2878 42 20 £20
2257 2878 24 20 0s
2291 2878 35 22 6d,
2337 2878 43 21 and
2389 2878 35 21 the

1896 2906 133 25 expenditure
2038 2907 43 19 £12
2091 2907 22 20 7s
2131 2907 32 24 7d,
2173 2907 94 26 showing
2281 2915 28 15 an
2318 2916 70 14 excess
2403 2909 22 20 of

1897 2937 87 25 receipts
1994 2943 47 13 over
2057 2939 134 24 expenditure
2201 2940 22 19 of
2232 2941 31 20 £7
2279 2941 23 18 2s
2311 2942 46 19 lid.
2398 2941 27 20 At

1898 2968 35 21 the
1943 2969 54 19 close
2008 2968 21 20 of
2037 2968 42 21 last
2095 2975 49 19 year
2155 2970 74 26 (18S8),
2239 2971 36 20 the
2290 2972 104 20 overdraft
2403 2974 22 18 at

1898 3000 35 20 the
1948 3000 62 19 Bank
2026 3006 42 14 was
2084 3001 29 21 £7
2129 3002 35 20 17s
2180 3002 33 22 2d,
2231 3003 42 19 and
2289 3003 36 20 the
2338 3005 88 18 amount

1898 3031 97 25 overpaid
2004 3031 26 26 by
2041 3032 36 20 the
2087 3032 111 20 Treasurer
2208 3034 26 19 £1
2243 3034 41 23 19s,
2297 3034 84 25 making
2391 3034 34 19 the

1898 3062 53 20 total
1962 3062 143 20 indebtedness
2113 3064 21 19 of
2144 3064 35 19 the
2190 3064 108 26 Company
2308 3066 28 19 ±'9
2347 3065 36 20 16s
2392 3064 32 21 2d.

1898 3093 80 25 During
1990 3093 36 20 the
2042 3095 83 23 present
2140 3100 49 19 year
2199 3096 37 19 the
2251 3096 61 19 Bank
2322 3095 103 21 overdraft

1898 3125 39 19 has
1948 3125 50 19 been
2008 3125 49 25 paid
2074 3126 35 23 off,
2119 3126 42 20 and
2170 3126 36 20 the
2223 3128 128 25 Company's
2365 3128 61 18 Bank

1898 3156 53 20 book
1961 3162 46 13 now
2017 3156 67 21 shows
2095 3163 12 14 a
2116 3158 64 19 credit
2191 3158 85 21 balance
2286 3159 21 19 of
2318 3160 27 19 2s.
2374 3158 51 19 This

1898 3187 65 20 result
1972 3187 38 21 has
2021 3187 50 21 been
2088 3189 95 20 attained
2193 3189 26 26 by
2235 3190 35 20 the
2279 3189 99 28 excess^
2394 3195 29 13 re-

1898 3219 65 25 ceipts
1974 3225 47 15 over
2030 3220 134 25 expenditure
2175 3221 118 20 mentioned
2304 3222 69 21 above,
2384 3219 41 21 and

1888 3270 2 2 .
1898 3250 36 20 the
1950 3257 46 13 sum
2007 3251 21 19 of
2044 3252 29 19 £2
2084 3252 35 19 15s
2130 3252 27 19 3d
2172 3252 98 26 overpaid
2280 3253 27 24 by
2320 3253 35 19 the
2365 3252 60 19 Trea-

1899 3288 63 18 surer,
1975 3288 28 17 so.
2009 3282 46 20 that
2067 3283 34 19 the
2112 3285 82 22 present
2204 3283 143 20 indebtedness
2358 3283 22 19 of
2389 3282 35 20 the

1899 3313 109 25 Company
2018 3314 18 18 is
2047 3314 35 20 the
2093 3314 28 20 £2
2133 3316 35 18 las
2184 3314 40 20 due
2234 3316 21 18 to
2265 3314 35 20 the
2310 3314 114 21 Treasurer,

1900 3344 42 21 and
1955 3351 12 13 a
1977 3344 62 20 small
2049 3347 89 18 account
2152 3346 39 19 due
2200 3346 32 19 for

1927 3375 44 20 The
1980 3376 78 24 Keport
2070 3382 40 13 was
2120 3376 95 25 adopted,
2225 3382 23 14 as
2258 3375 54 21 read.

1889 3428 6 5 ..
1927 3412 45 20 The
1989 3412 87 19 election
2093 3412 22 19 of
2134 3413 105 20 Directors
2255 3417 42 14 was
2313 3411 50 20 then
2380 3415 45 21 pro*

1888 3462 2 3 .
1901 3443 73 20 ceeded
1984 3443 56 23 with,
2050 3443 42 20 and
2103 3444 75 20 Messrs
2191 3444 69 22 Keats,
2271 3443 80 23 Parish,
2359 3441 66 23 Weld,

1901 3474 74 25 Petrie,
1985 3474 96 26 Laming,
2091 3474 90 25 Weeber,
2200 3474 42 20 and
2258 3474 101 20 Gardiner
2375 3478 51 15 were

1902 3506 83 21 chosen.

1930 3543 33 19 Mr
1980 3543 85 24 Ingram
2088 3548 41 15 was
2152 3542 146 24 unanimously
2320 3539 107 22 re-elected

1888 3586 2 2 •
1903 3575 95 20 Auditor.
2043 3593 7 4 _

1931 3611 66 20 There
2006 3610 61 26 being
2077 3617 27 15 no
2115 3609 79 22 further
2209 3608 100 23 business,
2321 3608 34 19 the
2365 3607 60 19 meet-

1904 3643 37 25 ing
1950 3642 68 20 closed
2028 3643 50 19 with
2088 3643 56 19 votes
2161 3640 21 20 of
2192 3640 75 20 thanks
2278 3641 20 18 to
2308 3639 34 20 the
2358 3638 69 19 Direc-

1904 3676 48 21 tors,
1964 3673 93 24 Auditor,
2068 3673 111 22 Secretary,
2190 3671 40 19 and
2240 3671 109 19 Treasurer

1931 3711 28 19 At
1967 3717 11 13 a
1988 3710 88 24 meeting
2083 3709 20 19 of
2111 3708 102 20 Directors
2219 3707 48 20 held
2274 3704 151 26 subsequently,

1905 3742 33 22 Mr
1948 3742 24 21 G.
1981 3742 63 21 Keats
2054 3747 41 15 was
2104 3739 76 24 elected
2190 3738 118 22 Chairman,

612 42 72 27 EjEEE
717 39 139 30 OTCFOSD
889 40 70 26 AND
993 39 89 27 CtrST
1112 40 193 29 OBSERVE®,.
1336 38 187 29 SATBEDAT,
1557 37 188 26 DECEMBER
1778 39 23 25 T,
1836 37 65 23 IBBSF.
