2410 3804
82 125 139 25 OXFORD
248 126 90 24 ROAD
363 127 111 24 BOARD.

43 183 48 20 The
100 184 102 26 ordinary
210 186 98 25 meeting
318 186 23 19 of
349 186 39 19 the
407 187 73 20 Board
497 193 46 14 was

18 214 52 21 held
78 221 29 14 on
116 216 139 27 Wednesday
264 217 50 25 last,
330 217 31 20 all
379 217 39 21 the
436 219 108 19 members

19 247 66 26 being
94 249 94 24 present.
211 249 40 20 Mr.
263 249 20 20 J.
295 249 122 21 Grinrwood
426 250 81 20 waited
516 256 29 14 on

19 278 40 20 the
69 278 72 21 Board
150 280 45 19 and
203 280 68 20 asked
280 280 19 19 if
308 280 37 20 the
355 280 73 20 Board
437 281 71 20 would
518 281 27 20 do

21 310 122 25 something
152 312 23 18 to
184 312 39 19 the
233 311 62 20 Road
303 311 90 26 leading
403 313 25 19 to
436 312 39 20 the
485 312 56 20 Mill.

21 341 24 19 It
53 348 44 12 was
107 341 87 21 decided
204 344 24 18 to
238 343 100 19 consider
347 343 39 19 the
395 344 88 19 matter.

48 372 35 26 By
92 372 40 21 Mr.
146 373 79 21 Fisher
235 373 47 20 who
292 374 72 20 slated
373 374 51 20 that
433 374 52 26 only
497 375 14 18 4
520 381 25 13 or

22 405 13 18 5
43 404 77 20 inches
129 404 24 20 of
161 405 84 23 shingle
255 405 45 20 had
309 405 55 21 been
383 407 66 19 taken
468 407 40 19 out
525 405 23 20 of

22 435 39 20 the
70 436 84 20 bottom
164 437 23 19 of
196 437 56 19 Ellis
263 437 64 19 drain
336 438 25 19 at
371 437 37 20 the
422 437 84 20 bottom
525 437 23 19 of

22 466 35 20 his
67 467 59 24 land,
139 468 44 20 and
193 468 45 20 this
249 474 41 14 was
299 470 38 18 not
348 468 88 26 enough
445 469 23 19 to
488 468 60 20 draw

22 498 40 19 the
71 499 69 19 water
149 499 29 19 off
186 499 36 19 bis
231 499 59 20 land.
324 499 35 21 He
377 506 44 14 was
440 499 108 20 informed

23 529 51 20 that
82 529 39 21 the
130 531 178 20 Contractorhad
315 532 24 19 to
346 531 52 20 take
405 532 40 19 out
452 531 96 19 thirteen

23 561 76 20 inches
109 562 24 20 at
141 562 40 20 the
189 562 62 26 place
261 562 138 26 complained
405 562 29 24 of,
447 562 45 20 and
497 562 51 19 that

23 593 40 20 the
72 593 59 20 work
139 600 45 14 was
193 595 40 19 not
241 595 40 24 yet
288 594 87 25 passed.

52 630 109 20 Resolved
169 630 52 21 that
229 637 29 14 an
268 630 122 21 additional
399 631 32 20 £o
440 630 28 20 be
483 628 68 21 voted

23 661 36 19 for
67 661 39 20 the
113 661 108 26 pui*chase
229 661 23 21 of
259 661 62 21 birds
331 668 54 19 eggs
395 661 44 20 and
447 660 75 20 heads.

51 698 23 19 It
83 704 44 13 was
136 698 101 20 resolved
243 698 51 19 that
301 703 28 14 no
336 703 101 20 pi'ogress
445 697 105 25 payment

24 728 74 20 would
106 729 27 19 be
142 729 64 19 made
215 730 24 18 to
248 729 37 19 Mr
293 728 84 20 Marsh.

50 764 47 20 The
107 765 108 25 Surveyor
224 764 74 21 stated
307 764 51 21 that
373 765 29 19 he
419 764 45 20 had
482 764 67 19 taken

24 796 39 20 the
71 796 70 20 levels
154 797 22 19 of
194 797 39 19 the
252 796 122 25 Footpaths
392 796 23 20 m
433 796 56 20 East
506 795 42 20 and

24 828 64 20 West
97 828 83 20 Oxford
188 828 45 20 and
242 827 117 21 estimated
376 827 52 21 that
445 827 39 20 the
502 827 47 20 cost

23 859 24 19 of
55 859 89 25 put'ing
222 859 24 21 m
262 859 65 20 order
344 859 74 20 would
435 859 27 19 be
481 858 68 20 about

25 891 51 19 £60.

24 927 109 21 Resolved
139 927 50 21 that
198 928 38 19 the
245 927 118 20 Chairman
374 928 45 20 and
427 927 37 20 Mr
476 927 72 20 Booth

24 960 50 25 sign
83 959 94 26 cheques
186 959 35 20 for
231 959 40 20 the
290 959 83 20 Month.
409 960 37 19 Mr
462 959 87 26 Engel-

24 991 78 20 breeht
110 991 98 25 brought
215 997 31 19 up
252 990 40 21 the
299 991 101 25 question
410 992 21 19 of
436 991 113 25 renewing

24 1022 39 20 the
73 1022 132 25 Footbridge
216 1023 24 19 at
248 1022 109 20 Winter's
368 1022 65 25 Ford,
450 1022 42 19 but
508 1021 40 20 the

24 1054 81 19 matter
131 1059 45 14 was
203 1054 43 19 left
273 1053 25 19 m
325 1054 110 25 abeyance
456 1053 35 20 for
508 1052 40 21 the

24 1085 96 25 present.

50 1120 98 19 Tenders
156 1126 58 14 were
223 1120 53 20 then
288 1120 86 25 opened
391 1120 45 20 and
454 1120 37 20 the
508 1120 41 20 fol-

24 1150 80 26 lowing
132 1152 109 26 accepted.
265 1160 5 11 :
274 1162 27 4 —
302 1152 123 26 Supplying
449 1153 40 19 250
507 1152 42 25 dog

24 1183 93 19 Collars:
141 1183 28 19 H.
179 1183 133 25 J.TLaining,
334 1183 31 19 ,£6
382 1183 90 23 17s6d;
495 1183 54 20 Con-

24 1213 111 26 structing
148 1213 49 20 ford
207 1213 128 20 Ashworths
344 1213 73 20 Road:
440 1214 21 19 Gr
470 1214 79 24 Whyte

24 1249 130 24 <£119s0d;
168 1250 157 26 Constructing
334 1250 50 20 ford
393 1251 29 19 ori
440 1251 62 19 Road
519 1251 30 25 by

24 1280 96 21 Cross's:
143 1282 20 19 J.
184 1282 26 20 D.
232 1282 82 24 Cahon,
335 1283 32 20 ,£1
377 1284 37 18 los
432 1282 40 23 Od;
494 1282 55 20 Con-

25 1312 110 26 structing
144 1313 51 20 ford
204 1313 67 20 Salt's
281 1313 68 25 Road,
361 1313 31 20 M.
404 1314 86 26 Dalley,
516 1315 32 19 £2

24 1345 24 19 9s
57 1345 35 19 Od.

50 1380 64 20 After
130 1381 90 26 passing
238 1382 104 20 accounts
360 1381 35 20 for
412 1381 40 21 the
461 1381 87 24 Month,

24 1412 39 20 the
73 1413 72 19 Board
154 1413 121 26 adjourned
283 1413 60 20 until
353 1413 44 20 Dec
414 1413 54 19 23rd
476 1414 25 19 at
509 1413 40 20 the

24 1444 65 19 usual
101 1444 62 19 hour.
229 1456 4 2 -
271 1458 2 2 ■

146 1511 123 25 LADY'S
286 1511 141 25 LETTER.

52 1569 64 21 Dear
128 1569 101 24 Doris,—
231 1571 62 19 What
303 1576 12 14 a
325 1571 45 24 pity
383 1576 42 19 you
434 1571 62 20 could
512 1573 36 18 not

26 1605 58 16 come
100 1607 28 20 up
142 1602 22 19 to
180 1607 33 15 see
223 1602 28 20 all
268 1602 35 19 the
312 1602 38 19 fun
361 1607 27 14 on
399 1602 31 21 St.
445 1602 105 21 Andrew's

26 1632 53 25 Day,
95 1639 24 14 as
129 1633 11 19 I
149 1633 62 25 fancy
226 1639 60 19 every
294 1633 75 25 family
383 1633 23 21 m
416 1634 78 21 Oxford
510 1640 40 14 was

26 1664 135 25 represented.
190 1664 65 21 There
267 1670 41 14 was
317 1665 57 25 quite
383 1670 13 15 a
413 1665 62 21 crush
484 1665 22 21 m
516 1665 36 21 the

26 1694 52 21 Hall
94 1695 28 20 all
131 1695 35 20 the
181 1696 110 20 afternoon
307 1696 53 21 after
374 1696 35 21 the
424 1696 61 21 Band
494 1702 58 15 came

27 1725 23 21 in
53 1737 24 4 —
77 1726 43 21 talk
138 1727 64 20 about
219 1733 54 19 yonr
294 1727 105 25 Bangiora
421 1728 68 24 Band,
510 1734 42 18 you

28 1757 75 21 should
117 1758 44 25 just
176 1759 51 19 hear
246 1765 39 13 our
300 1760 78 20 Oxford
396 1760 61 20 Band
465 1766 5 17 ;
493 1759 57 26 only,

27 1789 66 25 really
101 1789 11 20 I
121 1790 28 19 do
163 1789 61 21 think
233 1790 17 20 it
259 1790 18 20 is
293 1795 13 14 a
314 1792 58 23 great
388 1791 45 26 pity
442 1791 47 20 that
503 1791 49 24 th6y

28 1825 35 15 are
80 1821 38 19 not
134 1826 56 14 more
205 1821 88 21 sensible
309 1821 23 20 m
349 1828 57 14 some
422 1827 61 20 ways,
499 1822 32 20 for
540 1821 11 20 I

28 1850 129 22 understand
171 1851 47 20 that
227 1852 49 25 they
289 1852 82 20 refused
380 1854 22 19 to
417 1853 50 26 play
475 1854 32 19 for
517 1853 35 20 the

28 1882 73 25 Sports
222 1882 69 21 Year's
302 1884 53 24 Day,
370 1884 43 20 and
427 1885 55 19 want
494 1889 58 15 more

28 1913 53 20 than
90 1913 36 21 the
134 1914 124 20 Committee
266 1919 41 15 can
316 1915 66 20 afford
391 1916 22 20 to
428 1915 51 25 give.
507 1915 45 20 The

28 1944 58 21 hand
94 1944 101 25 bouquits
204 1946 22 20 at
234 1945 34 21 the
277 1945 63 21 Show
346 1952 51 15 were
406 1947 73 26 lovely,
488 1946 43 21 and
539 1947 13 20 I

27 1976 83 21 noticed
119 1976 46 21 that
176 1977 51 20 Miss
236 1977 82 24 Elliott,
331 1979 23 19 of
361 1979 104 25 Catleton,
476 1978 76 26 gained

27 2012 13 15 a
49 2007 57 26 prize
114 2008 33 20 for
155 2013 46 16 one.
228 2009 61 20 Some
299 2009 99 21 delicious
411 2009 139 21 strawberries

27 2044 50 14 were
86 2038 78 25 shown,
175 2039 42 21 and
227 2041 43 19 Mrs
286 2039 98 27 Bradley;
391 2042 22 19 of
422 2041 57 20 West
488 2041 62 25 Eyre-

26 2070 44 23 ton,
79 2070 42 20 had
130 2075 57 15 some
197 2070 92 21 beauties
300 2072 62 20 there.
399 2072 45 21 The
453 2072 96 25 make-up

26 2100 22 20 of
56 2100 37 21 the
101 2100 98 21 Costume
209 2103 113 19 Cricketers
331 2108 42 15 was
383 2109 48 19 very
439 2103 60 25 good,
509 2104 40 18 two

26 2131 93 25 dressing
127 2137 25 15 as
160 2132 65 20 ladies
235 2133 42 20 and
293 2133 50 25 they
352 2140 51 14 were
412 2140 48 19 very
474 2134 75 25 funny,

23 2158 97 30 Jbut,~?Ss
134 2162 61 25 Dear,
213 2164 36 19 the
258 2164 63 20 skirts
337 2164 67 21 didn't
413 2164 57 25 hang
484 2164 63 24 right.

24 2192 44 21 Our
84 2194 80 19 Oxford
186 2194 62 20 belles
270 2201 52 13 were
344 2195 77 25 mostly
442 2195 23 20 m
488 2195 62 20 white

21 2223 89 21 tlresees.
150 2225 44 20 Tell
204 2225 26 21 G.
240 2225 42 21 and
291 2226 28 20 H.
329 2227 22 19 to
360 2232 58 15 come
427 2232 28 20 up
464 2226 48 21 here
521 2232 28 14 on

16 2254 57 21 Jfow
87 2255 70 20 Year's
173 2256 47 25 Day
235 2256 42 21 and
293 2262 33 15 see
340 2257 55 20 what
413 2259 69 24 pretty
500 2258 50 24 girls

23 2284 58 22 there
94 2291 35 16 are
145 2287 22 20 m
185 2288 83 20 Oxford.
308 2288 44 20 The
365 2289 33 20 tea
407 2289 91 25 meeting
508 2294 41 15 was

23 2322 48 21 very
89 2318 119 24 successful,
227 2319 43 21 and
287 2319 11 20 I
312 2319 43 21 had
371 2326 12 15 a
397 2319 96 27 splendid
508 2321 40 20 tea.

23 2348 68 21 When
106 2355 42 19 yon
157 2351 33 24 get
200 2356 23 14 as
239 2351 36 20 old
284 2357 23 14 as
321 2352 12 19 I
342 2357 41 18 am,
400 2352 69 23 Doris,
484 2352 64 25 you'll

23 2378 60 21 tbink
93 2386 56 14 more
159 2382 21 18 of
196 2387 13 14 a
218 2382 53 24 good
280 2383 34 19 tea
328 2382 52 22 than
389 2389 41 19 you
440 2383 27 21 do
474 2385 22 19 at
504 2390 43 19 pre-

23 2411 54 20 sent.
105 2411 129 26 By-the-bye,
242 2413 59 20 when
308 2419 52 20 your
368 2415 50 24 (you
427 2415 60 20 know
493 2415 55 26 who)

23 2442 54 19 talks
87 2443 22 19 to
119 2449 40 16 you
175 2444 22 19 of
206 2444 46 19 how
261 2444 54 21 little
329 2444 17 21 it
355 2446 58 20 takes
423 2448 22 18 to
461 2448 87 26 support

22 2474 39 19 two
72 2479 90 19 persons,
173 2481 43 18 you
225 2476 57 19 must
289 2475 95 21 consider
384 2487 27 4 —

96 2509 19 19 If
126 2510 35 19 the
169 2510 45 21 love
223 2510 47 21 that
279 2510 45 21 hi/d
333 2517 23 14 so
365 2512 45 21 rich
420 2514 29 23 m,

73 2539 53 22 Will
136 2541 60 21 make
205 2547 13 15 a
227 2542 36 20 fire
272 2543 22 19 m
306 2543 35 20 the

23 2575 47 22 And
75 2576 21 20 if
104 2578 38 19 not
150 2578 44 26 just
224 2579 46 20 bide
279 2585 13 14 a

230 2615 56 21 Your
293 2616 77 25 loving,

446 2649 73 22 SISSIE.

84 2720 132 26 DOCTOR
233 2723 70 24 AND
326 2724 145 26 PATIENT.

190 2782 171 25 [COMMCMCATED
369 2783 10 27 ]

44 2815 57 20 Wht
117 2816 26 20 do
152 2817 82 21 doctors
250 2824 24 14 so
283 2820 57 19 often
355 2821 61 20 make
428 2822 99 21 mistakes
533 2823 10 20 ?

21 2845 91 22 Because
120 2848 49 25 they
178 2854 35 15 are
221 2851 38 19 not
267 2850 125 26 sufficiently
401 2852 116 22 individual
522 2854 23 20 m

21 2876 55 21 their
92 2877 109 26 diagnoses
219 2886 23 15 or
258 2880 55 21 their
329 2883 117 21 treatment
487 2885 58 26 They

21 2908 54 21 class
91 2915 13 15 a
120 2910 44 20 Biok
178 2917 51 15 man
245 2912 66 21 under
324 2918 57 16 some
395 2915 59 25 given
465 2915 80 27 depart-

20 2940 59 20 ment
87 2941 23 19 of
119 2940 52 22 their
180 2944 105 26 nosology,
298 2944 90 21 whereas
397 2951 59 21 every
465 2948 82 21 invalid

21 2969 19 21 is
56 2972 64 24 really
137 2978 13 14 a
165 2974 78 25 special
258 2980 54 19 case,
328 2981 13 15 a
357 2977 77 26 unique
442 2980 101 25 example.

20 3002 53 21 How
82 3002 19 22 is
110 3003 17 24 it
137 3005 90 25 possible
235 3006 48 22 that
293 3013 24 14 so
325 3014 71 16 coarse
405 3016 13 14 a
427 3011 87 20 method
523 3012 22 20 of

20 3034 73 25 sifting
102 3035 75 22 should
182 3037 89 26 produce
279 3038 103 26 judicious
389 3040 139 28 therapeutics
534 3043 11 20 ?

20 3065 68 27 Every
103 3066 71 22 illness
185 3068 19 21 is
219 3075 13 14 a
240 3069 67 22 factor
320 3071 75 26 simple
411 3078 23 14 or
444 3074 100 26 complex,

20 3096 68 20 which
97 3097 18 20 is
125 3099 117 26 multiplied
249 3101 27 26 by
285 3107 13 15 a
307 3103 76 20 second
392 3104 66 21 factor
467 3105 78 21 invari-

20 3128 48 25 ab'y
77 3130 94 25 complex
176 3131 57 20 -the
246 3132 122 26 individual,
384 3135 47 21 that
440 3137 19 19 is
469 3137 22 20 to
500 3143 45 19 say,

20 3158 48 21 who
82 3160 19 19 is
110 3161 99 25 suffering
218 3163 54 20 from
282 3165 23 23 it,
316 3170 24 14 so
350 3165 46 21 that
406 3166 36 21 the
451 3169 66 20 result
525 3170 19 19 is

20 3195 13 15 a
43 3190 76 25 special
128 3192 92 25 problem
237 3193 125 28 demanding
372 3202 13 14 a
394 3198 78 25 special
488 3200 55 20 solu-

21 3221 52 23 tion,
90 3222 35 20 the
133 3229 57 14 more
199 3230 24 13 so
238 3225 36 20 the
282 3228 79 22 greater
370 3228 36 21 the
421 3231 125 20 remoteness

20 3253 22 20 of
61 3253 35 20 the
112 3254 82 25 patient
210 3256 54 21 from
283 3257 111 22 childhood
412 3266 23 14 or
458 3263 88 24 country

19 3284 42 21 life.
102 3285 44 21 The
154 3287 102 26 principal
264 3289 109 25 grievance
381 3290 12 20 I
402 3291 51 22 have
462 3294 84 24 against

19 3315 36 21 the
71 3315 82 22 doctors
162 3318 19 19 is
197 3318 47 22 that
253 3320 49 25 they
311 3322 79 24 neglect
404 3324 35 20 the
446 3325 45 19 real
500 3332 45 19 pro-

19 3347 62 24 blem,
98 3348 66 21 which
173 3350 19 19 is
209 3351 21 19 to
239 3351 54 21 seize
303 3352 37 21 the
355 3354 61 25 unity
431 3356 22 19 of
463 3355 35 21 the
514 3356 31 21 in-

20 3379 93 22 dividual
135 3381 47 23 who
210 3382 73 21 olaims
306 3383 54 21 their
389 3391 51 15 care.
482 3388 63 21 Their

18 3411 97 21 methods
124 3412 22 21 of
154 3413 149 27 investigation
319 3422 34 15 are
362 3417 33 20 far
404 3418 35 20 too
448 3419 97 22 element-

18 3449 38 19 ary
63 3451 5 17 ;
88 3449 13 15 a
110 3444 72 21 doctor
197 3445 46 21 who
253 3446 48 20 does
311 3449 37 19 not
363 3448 50 21 read
420 3455 41 19 you
479 3451 21 19 to
510 3451 35 21 the

18 3473 82 21 bottom
109 3475 18 20 is
136 3475 99 25 ignorant
251 3478 22 19 of
282 3478 114 21 essentials.
437 3480 45 21 The
490 3482 55 21 ideal

18 3505 73 21 doctor
108 3508 68 19 would
183 3508 33 26 Jbe
232 3515 12 14 a
260 3515 50 14 man
327 3510 97 21 endowed
439 3512 50 20 with
499 3520 45 18 pro-

18 3537 66 20 found
100 3538 117 26 knowledge
231 3540 22 19 of
262 3541 37 19 life
314 3541 42 19 and
365 3541 22 19 of
402 3542 36 20 the
446 3544 51 23 soul,
514 3545 30 19 in-

18 3568 96 26 tuitively
124 3569 94 26 divining
229 3576 42 20 any
280 3571 99 25 suffering
388 3578 25 13 or
421 3572 93 22 disorder
523 3576 22 19 of

18 3599 104 20 whatever
136 3600 57 23 kind,
203 3602 42 19 and
261 3602 102 24 restoring
375 3609 62 19 peace
446 3603 27 25 by
489 3611 56 15 mere

18 3636 104 20 presence.
162 3631 56 21 Such
228 3638 12 15 a
250 3633 71 20 doctor
329 3633 18 20 is
356 3634 95 25 possible,
462 3635 37 20 but
508 3637 36 21 the

18 3663 80 22 greater
112 3663 89 20 number
210 3664 22 19 of
247 3664 58 20 them
318 3665 47 20 lack
375 3665 35 20 the
419 3665 73 26 higher
502 3668 42 20 and

18 3692 61 21 inner
94 3694 36 19 life
138 3701 5 17 ;
167 3694 50 25 they
234 3695 60 20 know
310 3696 89 24 nothing
413 3698 22 18 of
451 3698 36 19 the
505 3700 38 19 tre-

18 3724 101 21 mendous
134 3725 136 22 laboratories
291 3727 23 20 of
326 3728 75 20 nature
409 3734 6 18 ;
430 3729 49 26 they
488 3736 55 15 seem

632 130 22 19 to
669 136 34 14 me
718 130 115 25 superficial
847 131 42 20 and
905 132 92 25 profane,
1014 134 104 26 strangers
1134 135 21 21 to

631 161 75 21 Divine
729 162 76 24 things,
827 163 98 20 destitute
947 164 22 19 of
991 164 99 22 intuition
1114 167 41 20 and

632 192 118 25 sympathy.
789 192 44 21 The
843 193 68 21 model
921 194 72 20 doctor
1008 196 76 21 should
1094 197 23 20 be
1133 198 22 20 at

630 228 51 15 once
690 230 13 13 a
711 223 79 24 genius,
800 230 13 13 a
823 224 62 23 saint,
896 225 41 20 and
946 231 13 14 a
969 231 50 16 man
1028 228 22 19 of
1059 228 52 20 God.

633 290 523 49 CORRESPONDENCE.

738 371 174 22 APPLE-TREE
936 374 106 20 BLIGHT

708 424 28 19 To
746 425 33 19 the
788 426 75 19 Editor
872 426 23 24 of
910 427 5 9 '
922 427 41 19 The
972 428 112 20 Observer.'

659 459 43 25 Sir,
704 471 24 4 —
729 460 11 19 I
755 460 50 20 hear
820 462 77 19 several
914 463 22 19 of
944 469 52 18 your
1012 464 83 20 readers
1104 470 54 14 com-

631 490 96 25 plaining
737 491 22 20 of
768 491 36 20 the
812 491 67 21 havoc
890 493 60 20 made
967 499 56 20 upon
1033 494 54 21 their
1097 495 61 26 apple

633 522 52 19 trees
695 523 26 24 by
730 522 36 20 the
776 522 73 26 blight,
859 524 49 24 and,
918 530 24 14 as
951 525 11 19 I
972 525 82 26 happen
1065 528 22 18 to
1099 527 60 20 know

633 557 13 15 a
655 557 46 15 sure
715 553 123 26 preventive,
854 554 11 20 I
881 554 76 26 hereby
972 555 58 21 hand
1046 557 57 21 them
1120 557 36 21 the

633 584 137 24 prescription
779 585 73 24 gratis.
892 587 26 18 In
930 588 51 19 186S
990 588 10 19 I
1009 588 73 24 pioked
1093 595 29 19 np
1131 595 28 14 an

634 613 34 20 old
684 614 55 25 piece
749 615 21 19 of
784 621 70 19 paper,
864 618 42 19 and
922 618 66 20 found
997 624 27 14 on
1040 618 17 21 it
1071 619 36 21 the
1122 619 38 21 fol-

633 644 76 25 lowing
716 650 33 14 :—
771 645 18 20 A
806 651 47 15 sure
862 647 82 26 specific
958 649 33 19 for
1002 649 35 21 the
1052 649 68 26 blight
1127 656 5 14 :
1134 661 27 3 —

633 675 75 20 Before
717 675 97 26 planting
823 677 38 20 the-
869 680 41 18 tree
927 680 37 24 pat
974 685 57 15 some
1040 686 63 20 scrap
1111 681 47 20 iron

633 705 23 19 m
666 705 35 20 the
817 708 77 25 Acting
903 715 28 14 on
947 710 36 20 the
992 711 127 25 suggestion,
1128 713 33 19 for

633 736 18 20 it
660 741 42 15 was
710 736 44 25 just
770 738 96 26 planting
876 740 56 24 time,
941 740 12 19 I
970 741 84 25 planted
1064 748 40 14 one
1119 745 42 18 tree

634 772 23 14 as
666 766 89 22 directed
763 769 42 20 and
823 770 56 21 three
889 771 69 20 others
974 772 71 21 minus
1055 772 35 21 the
1104 774 54 24 iron,

634 797 42 20 and
694 798 35 20 the
743 799 65 20 result
824 806 42 15 was
882 802 47 20 that
946 802 35 21 the
996 805 45 19 first
1057 805 42 20 tree
1107 810 53 20 grew

634 828 117 27 vigorously
760 830 42 21 and
812 831 48 21 bore
875 833 52 19 fruit
936 833 148 26 prodigiously,
1100 835 60 20 while

635 858 35 20 the
699 859 68 21 latter:
791 861 58 21 three
871 863 95 25 perished
990 864 169 27 ignominiously.

633 889 50 21 Five
699 896 59 19 years
768 898 39 19 ago
823 893 11 19 I
843 895 96 25 repeated
950 896 35 21 the
1001 896 127 26 experiment
1138 899 22 19 at

634 920 36 21 the
685 922 59 25 place
752 924 68 21 where
829 925 11 20 I
854 931 47 14 now
910 927 73 25 reside,
1000 927 42 21 and
1052 928 35 20 the
1096 929 65 20 result

634 952 19 19 is
666 953 36 19 the
710 959 64 20 same,
786 955 48 24 and,
845 956 102 25 although
963 959 28 19 all
1002 959 35 20 the
1044 960 53 19 trees
1113 965 47 14 con-

634 983 84 24 tiguous
725 985 23 19 to
756 984 18 21 it
790 992 35 13 are
840 987 83 27 rioh^in
939 989 67 25 blight
1007 1001 26 3 —
1033 990 52 20 both
1102 992 57 24 scaly

635 1014 42 19 and
694 1014 87 26 aphis—
782 1022 28 15 no
828 1017 60 21 harm
906 1019 40 20 has
962 1026 58 15 come
1036 1023 21 19 to
1070 1027 36 19 my
1122 1022 39 20 fer-

634 1045 100 23 ruginous
743 1047 48 19 tree.
831 1048 12 19 I
858 1049 65 20 invite
932 1050 124 26 inspection,
1070 1053 41 19 and
1122 1058 38 14 can

635 1080 62 19 prove
706 1075 34 21 the
749 1079 127 20 correctness
892 1080 22 19 of
922 1080 35 21 the
967 1081 63 20 above
1041 1083 119 23 assertions,

636 1105 42 21 and
686 1111 52 20 your
753 1108 82 21 readers
845 1115 49 21 may
910 1117 62 20 prove
981 1112 57 21 them
1054 1114 32 20 for
1096 1114 65 20 them-

636 1137 65 21 selves
711 1138 26 25 by
748 1140 164 27 experimenting
928 1143 51 21 with
989 1144 35 20 old
1031 1145 62 20 horse
1101 1145 61 21 shoes

636 1173 56 20 upon
709 1169 107 25 cabbages.
856 1172 12 19 I
883 1173 68 25 prefer
960 1180 12 14 a
988 1174 62 22 horse
1058 1176 57 23 shoe,
1124 1178 38 19 not

637 1199 46 20 that
692 1200 12 19 I
712 1201 72 19 attach
795 1201 35 20 the
838 1209 58 14 same
904 1204 131 26 importance
1051 1207 22 19 to
1082 1207 17 20 it
1115 1207 47 21 that

636 1230 100 22 Matthew
746 1229 96 29 Hopkins
852 1234 43 25 did,
905 1235 38 21 but
959 1237 56 20 what
1024 1244 13 14 a
1046 1239 31 20 lot
1086 1239 22 19 of
1123 1239 39 20 fun

636 1267 30 14 we
683 1263 68 20 would
768 1264 52 20 miss
836 1266 87 21 without
939 1273 13 15 a
967 1268 52 21 dash
1033 1270 23 20 of
1064 1270 97 25 supersti-

636 1293 46 20 tion
699 1294 23 19 m
741 1300 38 15 our
797 1297 147 25 composition,
963 1306 50 14 even
1030 1307 24 13 as
1073 1301 35 20 the
1127 1301 35 21 old

636 1324 105 22 drunkard
751 1326 44 20 told
805 1327 35 21 the
854 1329 68 25 judge,
939 1331 60 21 when
1013 1331 110 22 addressed
1138 1339 24 14 as

636 1355 92 21 follows:
835 1366 41 18 you
892 1360 54 25 here,
956 1362 39 24 Sir,
1012 1364 40 19 I'm
1068 1364 33 23 87,
1117 1364 43 19 and

636 1392 61 15 never
706 1393 42 14 was
758 1388 66 21 drunk
834 1390 22 20 m
866 1397 35 19 my
1018 1394 47 27 Lor,

636 1418 46 20 said
691 1418 36 20 the
736 1420 64 24 toper,
836 1421 63 21 What
909 1429 13 14 a
931 1423 31 21 lot
972 1425 22 19 of
1002 1425 37 20 fun
1049 1431 40 20 you
1104 1426 58 20 must

636 1448 33 20 ha'
786 1448 3 12 ;
812 1451 50 25 But,
878 1454 72 25 joking
960 1458 66 23 apart,
1038 1463 36 19 my
1083 1458 79 25 experi-

636 1480 75 24 ments,
720 1481 111 27 extending
846 1489 48 16 over
903 1487 123 25 twenty-one
1035 1494 66 19 years,
1108 1496 3 12 :
1118 1494 43 15 car-

636 1511 44 20 ried
694 1517 28 15 on
732 1514 166 27 spasmodically,
917 1517 88 23 without
1019 1524 42 21 any
1077 1520 85 21 ulterior

636 1543 77 21 motive
714 1543 34 24 /m
758 1545 57 25 view,
831 1547 56 24 quite
896 1550 109 20 convinces
1021 1557 33 14 me
1064 1552 46 20 that
1125 1552 36 21 the

636 1573 67 26 blight
713 1575 60 21 could
782 1580 23 17 be
814 1578 22 19 m
848 1579 50 20 time
908 1579 125 27 thoroughly
1043 1581 117 23 eradicated

636 1606 25 25 by
671 1606 35 21 the
716 1609 111 20 treatment
835 1609 111 23 indicated.
986 1613 12 19 I
1005 1613 62 20 know
1076 1615 50 19 next
1136 1617 22 19 to

636 1637 89 26 nothing
730 1639 22 19 of
757 1639 155 27 arboriculture,
921 1642 41 21 and
970 1649 23 15 so
998 1647 56 19 must
1061 1645 57 22 leave
1125 1646 36 21 the

635 1668 47 26 why
696 1669 42 20 and
748 1670 109 23 wherefore
867 1674 22 19 to
904 1674 106 21 scientists
1020 1676 43 21 and
1071 1679 87 24 experts,

635 1700 42 20 and
694 1706 23 14 so
733 1702 98 21 conclude
848 1705 26 24 by
889 1705 74 26 saying
973 1706 47 21 that
1033 1707 17 20 if
1065 1714 41 19 you
1116 1709 44 20 find

635 1737 36 19 my
685 1733 66 19 Arbor
754 1734 55 25 fern
823 1735 34 20 too
866 1736 50 25 long
931 1737 43 25 just
983 1743 41 15 run
1033 1738 18 21 it
1066 1739 92 27 through

633 1769 53 19 your
694 1764 104 22 Editorial
806 1766 102 22 colander.

832 1797 72 26 Yours,
921 1800 42 23 &c,

930 1830 63 22 Cjkas.
1007 1832 30 20 M.
1051 1832 83 22 Lugab.

660 1893 284 35 MOTHERS'
978 1898 147 33 PAGE

661 1960 112 21 EDITED
788 1961 42 21 BY
846 1962 167 24 "MOTHERS'

661 2013 51 20 The
718 2014 64 26 Lady
790 2015 79 21 Edit>r
877 2017 73 21 would
964 2019 45 21 like
1015 2020 24 20 to
1048 2020 28 21 be
1088 2027 15 14 a
1107 2022 51 26 help

634 2040 24 20 to
671 2040 40 20 the
724 2041 98 21 mothers
834 2043 45 19 and
892 2043 121 27 daughters
1029 2047 23 20 of
1067 2048 40 20 the
1116 2048 42 21 dis-

634 2066 60 25 trict,
706 2067 42 20 but
761 2074 60 15 more
834 2070 116 26 especially
959 2073 25 19 to
999 2073 40 19 the
1053 2074 105 25 mothers,

634 2093 45 20 and
687 2094 147 20 invitesthem
839 2097 23 18 to
869 2097 62 20 write
936 2099 23 19 to
965 2098 78 21 herfor
1048 2100 110 26 anything

634 2119 54 26 they
697 2126 51 19 may
757 2121 55 20 wish
819 2122 24 19 to
851 2122 70 21 know.
950 2125 44 19 She
999 2126 46 19 will
1049 2127 109 20 endeavor

634 2146 25 19 to
672 2147 53 24 give
738 2147 62 20 them
818 2147 38 21 the
874 2149 51 21 best
942 2157 97 15 answers
1056 2154 26 18 to
1099 2154 59 20 their

633 2172 119 25 questions,
764 2174 51 24 and,
826 2174 25 20 m
859 2176 83 22 return,
954 2178 73 20 would
1034 2179 29 20 be
1072 2179 54 26 glad
1135 2181 23 20 to

634 2199 85 20 receive
735 2205 45 20 any
794 2202 146 25 suggestions,
957 2204 58 25 good
1027 2205 83 27 recipes
1123 2207 35 20 for

634 2226 98 25 cookery,
754 2227 143 26 needlework,
917 2236 25 13 or
961 2231 122 26 otherwise,
1105 2234 53 20 that

634 2252 54 25 they
701 2252 66 20 think
776 2253 46 20 will
835 2254 28 20 be
877 2256 74 20 useful
961 2257 24 19 to
1000 2258 60 20 their
1072 2259 85 22 friends

634 2278 45 20 and
696 2278 126 27 neighbors.
850 2281 38 20 All
901 2285 183 24 coriespondence
1093 2287 24 19 to
1130 2287 28 21 be

634 2305 120 21 addressed
759 2306 25 21 to
794 2308 5 8 '
803 2308 6 9 '
816 2307 106 23 Mother's
931 2309 65 26 Help,
1015 2313 5 10 •
1025 2311 122 23 Observer
1151 2314 6 9 '

634 2332 71 24 Office,
717 2333 58 20 East

741 2385 149 23 DOMESTIC
905 2389 143 22 ECONOMY.

665 2416 119 25 Medicine
806 2420 76 24 stains
907 2429 57 23 may
991 2422 29 24 be
1046 2426 112 23 removed

632 2448 63 25 from
718 2449 72 25 silver
812 2459 86 23 spoons
921 2452 31 32 by
969 2454 102 33 rubbing
1088 2457 69 24 them

632 2481 59 23 with
708 2489 14 16 a
739 2490 44 23 rag
800 2483 86 31 dipped
904 2485 27 24 m
951 2487 125 30 sulphuric
1095 2490 61 28 acid,

633 2513 49 24 and
693 2514 109 32 washing
812 2515 20 24 it
844 2516 35 24 off
888 2517 58 25 with
958 2520 121 30 soapsuds.

665 2546 34 23 To
711 2546 102 25 Extract
825 2548 89 26 Grease
923 2549 73 32 Spots
1006 2552 63 24 from
1076 2553 81 26 Books

632 2586 27 16 or
675 2578 85 30 Paper.
762 2593 32 4 —
796 2580 88 32 Gently
903 2590 75 17 warm
997 2584 42 24 the
1056 2587 101 28 g.-eased

632 2618 27 17 or
680 2611 95 31 spotted
796 2615 63 27 part,
882 2614 60 24 then
964 2622 66 24 press
1053 2625 65 24 upon
1137 2619 20 24 it

632 2643 77 30 pieces
736 2649 25 19 oi
787 2644 105 33 blotting
918 2655 76 24 paper
1020 2657 46 18 one
1093 2651 62 25 after

632 2676 108 28 another,
753 2684 27 17 so
788 2685 28 16 as
827 2680 26 22 to
864 2679 87 25 absorb
958 2688 27 17 as
996 2683 74 23 much
1079 2683 28 24 of
1114 2683 43 25 the

632 2715 82 23 grease
724 2716 26 16 as
760 2710 112 29 possible.
922 2712 70 25 Have
1007 2715 72 30 ready
1090 2722 67 18 some

632 2740 50 24 fine
705 2740 64 25 clear
791 2742 113 25 essential
922 2744 32 25 oil
973 2745 28 25 of
1020 2748 137 30 turpentine

633 2772 88 24 heated
732 2773 86 25 almost
829 2776 26 22 to
866 2783 15 16 a
897 2775 93 34 boiling
1000 2780 71 27 state,
1083 2788 74 17 warm

632 2805 42 23 the
684 2805 101 30 greased
795 2805 48 24 leaf
854 2816 15 15 a
879 2807 71 29 little,
962 2810 49 24 and
1019 2810 67 29 then,
1098 2812 58 24 witli

632 2844 15 17 a
667 2836 47 25 soft
733 2837 69 25 clean
820 2838 83 30 brush,
924 2841 73 32 apply
1011 2843 43 24 the
1072 2843 86 26 heated

632 2869 138 31 turpentine
782 2872 26 23 to
819 2871 58 25 both
895 2873 64 24 sides
970 2874 27 24 of
1006 2875 42 24 the
1060 2878 96 28 spotted

632 2903 61 29 part.
744 2902 38 31 By
801 2904 124 32 repeating
936 2906 47 24 this
1001 2908 155 29 application,

632 2934 43 24 the
686 2941 83 24 grease
780 2935 50 25 will
842 2937 28 24 be
882 2938 131 25 extracted.
1063 2940 93 32 Lastly,

631 2965 61 25 with
703 2967 103 25 another
823 2968 76 25 brush
910 2970 88 32 dipped
1008 2972 27 24 m
1052 2973 106 26 rectified

632 3000 82 30 spirits
724 3000 26 24 of
761 3000 70 29 wine,
844 3010 31 22 go
892 3010 57 17 over
959 3003 43 25 the
1011 3004 78 31 place,
1110 3008 48 23 and

632 3031 43 25 the
702 3040 84 23 grease
812 3033 51 24 will
889 3043 33 16 no
949 3036 85 32 longer
1061 3045 96 24 appear,

632 3064 95 23 neither
738 3064 49 24 will
798 3065 43 25 the
851 3074 73 24 paper
935 3067 30 25 be
976 3069 141 27 discolored.

665 3096 35 24 To
721 3097 66 24 Take
799 3097 106 33 Writing
916 3100 48 23 Ink
975 3103 43 22 out
1029 3103 26 23 of
1070 3103 86 31 Paper.

632 3143 33 3 —
677 3129 112 24 Solution
816 3130 26 23 of
867 3132 102 24 muriate
997 3133 26 24 of
1048 3135 36 23 tin
1112 3138 46 23 two

632 3160 111 24 drachms
752 3169 5 20 ;
775 3163 81 27 water,
867 3162 53 25 four
926 3164 120 26 drachms.
1081 3168 36 23 To
1128 3168 30 25 be

632 3192 94 31 applied
757 3193 60 24 with
851 3202 16 17 a
898 3196 142 25 camel-hair
1074 3198 83 27 brush.

632 3224 69 25 After
712 3225 42 24 the
766 3226 97 31 writing
880 3226 46 26 has
936 3228 166 32 disappeared,
1114 3233 43 24 the

632 3264 73 23 paper
722 3257 87 25 should
819 3257 30 25 be
866 3260 86 30 passed
963 3261 106 32 through
1083 3267 75 22 water

632 3289 49 24 and
693 3289 75 24 dried.

759 3348 59 21 THE
830 3349 111 21 EEASON
954 3351 70 20 WHY.

665 3378 66 32 Why
740 3380 54 23 docs
804 3381 42 24 the
858 3383 106 24 marbled
973 3391 149 25 appearance
1133 3388 28 24 of

633 3410 35 25 fat
689 3412 26 23 m
734 3414 65 22 meat
817 3413 106 25 indicate
940 3416 53 24 that
1003 3417 21 24 it
1042 3418 21 24 is
1078 3427 81 24 young

632 3443 49 24 and
693 3445 84 23 tender
786 3445 11 23 ?
846 3445 109 26 Because
972 3449 25 22 m
1008 3457 80 24 young
1107 3452 52 23 ani-

632 3475 62 24 mals
722 3475 34 24 fat
783 3476 21 24 is
831 3477 123 31 dispersed
981 3481 107 32 through
1115 3484 42 24 the

632 3508 113 28 muscles,
763 3508 45 25 but
819 3509 27 23 m
857 3510 39 24 old
915 3512 103 25 animals
1036 3514 20 24 it
1067 3515 21 24 is
1108 3516 50 24 laid

632 3541 27 21 m
671 3547 90 16 masses
772 3548 30 15 on
814 3541 40 23 the
863 3543 94 24 outside
965 3545 27 23 of
1001 3545 41 25 the
1053 3547 70 25 flesh.

666 3571 62 30 Why
745 3572 21 23 is
784 3572 41 23 the
841 3573 61 25 flesh
922 3576 27 23 of
963 3577 72 31 sheep
1051 3579 55 24 that
1117 3588 40 16 are

632 3602 38 24 fed
681 3610 59 17 near
750 3603 42 25 the
811 3612 40 18 sea
862 3614 67 17 more
947 3609 132 26 nutritious
1095 3612 61 25 than

632 3635 55 24 that
698 3636 26 23 of
739 3637 82 24 others
829 3639 12 22 ?
890 3640 108 26 Because
1018 3643 42 25 the
1080 3645 77 25 saline

630 3668 113 29 particles
767 3670 50 30 (sea
840 3671 57 33 salt)
921 3674 80 25 which
1026 3676 58 32 they
1106 3678 51 24 find

631 3699 58 25 with
704 3700 64 25 their
785 3710 72 22 green
875 3704 55 25 food
948 3707 67 30 gives
1034 3710 81 29 purity
1131 3716 25 20 to

632 3732 72 25 blood
715 3734 48 23 and
774 3734 70 26 flesh.

1280 137 63 34 Why
1354 142 21 23 is
1387 151 64 16 some
1463 144 60 24 flesh
1544 146 73 24 white
1635 148 48 22 ami
1703 149 70 23 other

1247 170 61 24 flesh
1330 174 59 23 red?
1439 175 82 25 White
1544 177 62 24 flesh
1625 179 112 25 contains
1759 190 14 14 a

1246 201 80 32 larger
1342 208 139 29 proportion
1493 209 26 24 of
1537 210 113 24 albumen
1670 212 103 31 (similar

1248 236 25 23 to
1296 236 42 25 the
1360 239 72 25 white
1455 241 28 23 of
1502 249 33 16 an
1557 243 55 31 egg)
1631 243 60 25 than
1716 245 56 25 that

1248 267 78 25 which
1338 270 21 24 is
1370 271 50 24 red.
1471 273 53 24 The
1544 276 101 23 amount
1660 276 27 24 of
1703 276 70 25 blood

1248 301 107 24 retained
1360 303 28 23 m
1401 303 42 24 the
1454 304 61 24 flesh
1535 306 50 23 also
1596 307 135 25 influences
1742 309 33 24 its

1250 330 72 25 Ccloi'.
1725 344 10 16 ;:
1747 341 2 2 '

1281 363 66 33 Why
1359 366 57 25 does
1427 369 40 22 tea
1477 368 137 33 frequently
1633 379 57 17 cure
1700 373 72 23 head-

1249 395 59 24 ache
1316 398 12 21 ?
1361 399 108 25 Because
1480 400 31 31 by
1517 402 32 24 its
1557 403 129 25 stimulant
1693 405 79 24 action

1249 435 32 15 on
1300 428 42 25 the
1361 432 97 29 general
1470 433 155 29 -circulation,
1646 436 39 23 m.
1693 436 81 25 which

1249 459 41 24 the
1317 461 70 24 brain
1415 464 162 31 participates,
1606 468 41 23 the
1673 476 102 18 nervous

1249 494 152 29 congestions
1413 503 40 16 are
1465 504 132 18 overcome.

1356 552 61 21 THE
1437 554 221 23 HOUSEKEEPER.

1294 586 21 24 A
1333 588 76 24 Black
1437 590 81 25 Man's
1541 592 90 32 Eecipe
1653 596 25 23 to
1700 595 75 24 Dress

1251 617 102 25 Bice.—
1352 620 75 25 Wash
1438 622 51 23 him
1498 624 61 28 well,
1571 627 73 23 much
1663 628 66 22 wash
1748 628 27 23 m

1251 649 56 24 cold
1323 654 81 27 water,
1422 654 43 24 the
1481 655 49 25 rice
1546 657 61 24 flour
1626 658 72 24 make
1722 659 53 24 him

1252 682 69 24 stick.
1356 683 82 26 Water
1448 685 49 25 boil
1509 688 33 23 all
1553 690 74 29 ready
1641 698 57 22 very
1720 691 54 24 fast.

1252 712 88 25 Throw
1356 715 53 24 him
1421 717 34 27 m,
1468 718 49 24 rice
1534 722 64 22 can't
1615 721 69 28 burn,
1702 724 75 22 water

1253 744 75 26 shake
1339 746 52 25 him
1403 749 41 26 top
1454 751 82 24 much.
1570 752 56 25 Boil
1637 756 98 28 quarter
1752 755 25 24 of

1252 784 32 17 an
1295 777 63 25 hour
1368 788 27 16 or
1404 780 65 25 little
1479 791 76 21 more,
1567 786 45 23 rub
1620 794 46 16 one
1681 787 47 24 rice
1749 788 27 23 m

1251 809 90 25 thumb
1352 812 49 24 and
1411 813 86 31 finger,
1510 816 20 23 if
1538 817 33 23 all
1582 817 45 24 rub
1639 826 67 23 away
1723 819 52 24 him

1251 842 68 30 quite
1330 843 70 25 done.
1434 845 48 26 Put
1490 848 47 24 rice
1547 849 26 24 m
1585 850 128 29 cullender,
1732 852 44 24 hot

1251 876 75 23 water
1342 883 47 17 run
1406 885 74 24 away,
1508 888 62 23 pour
1596 890 45 24 cup
1669 883 26 25 of
1720 885 53 24 cold

1252 908 75 23 water
1333 916 32 16 on
1372 909 60 28 him,
1442 914 44 27 put
1493 913 61 24 back
1561 914 45 24 rice
1613 915 26 24 m
1648 924 127 23 saucepan,

1253 937 59 32 keep
1324 939 49 25 him
1385 944 98 23 covered
1497 953 60 16 near
1578 947 41 23 the
1641 948 52 28 fire,
1716 949 60 23 then

1253 970 49 25 rice
1313 972 34 24 all
1357 974 80 31 ready.
1471 976 50 24 Eat
1531 977 52 25 him
1595 987 32 22 up
1638 981 6 22 !

1284 1003 87 26 Potato
1385 1005 98 26 Scones.
1484 1023 33 3 —
1517 1009 73 25 Mash
1608 1010 80 26 boiled
1707 1014 68 28 pota-

1251 1035 52 23 toes
1314 1036 38 23 till
1363 1037 57 32 they
1431 1047 40 16 are
1483 1041 64 29 quite
1563 1043 106 28 smooth,
1689 1044 89 31 adding

1252 1073 15 17 a
1277 1066 63 26 little
1352 1069 47 24 salt
1406 1071 49 23 and
1462 1071 80 32 barley
1550 1074 63 23 meal
1618 1077 26 22 to
1649 1076 43 23 the
1698 1076 78 24 thick-

1251 1105 57 18 ness
1331 1101 124 31 required:
1473 1104 64 25 toast
1564 1113 33 17 on
1624 1107 43 25 the
1691 1108 84 31 girdle,

1252 1131 112 32 pricking
1373 1134 69 25 them
1452 1136 59 24 with
1524 1145 14 16 a
1557 1138 52 24 fork
1631 1141 26 22 to
1678 1143 100 27 prevent

1253 1163 68 24 them
1345 1165 130 33 blistering,
1514 1169 80 25 When
1622 1174 69 22 eaten
1717 1172 60 25 with

1252 1195 64 24 fresh
1325 1204 28 16 or
1361 1198 47 25 salt
1418 1198 82 26 butter
1519 1202 58 32 they
1599 1211 40 17 are
1662 1205 68 30 equal
1752 1207 26 23 to

1255 1231 128 29 crumpets,
1402 1240 60 16 even
1497 1242 115 23 superior,
1647 1237 49 24 and
1723 1245 55 23 very

1253 1261 138 25 nutritious.

1402 1323 212 24 NEEDLEWORK.

1304 1361 107 27 Infant's
1430 1365 103 26 Knitted
1545 1368 119 25 Drawers.
1666 1384 33 4 —
1699 1370 79 25 Three

1253 1392 109 32 knitting
1383 1397 94 25 needles
1499 1407 40 16 are
1560 1402 117 29 required.
1727 1403 51 24 The

1253 1425 50 24 size
1327 1426 28 25 of
1374 1429 96 24 needles
1488 1431 49 24 and
1564 1435 83 22 cotton
1675 1434 103 25 selected

1252 1458 129 32 according
1388 1461 26 24 to
1425 1461 41 24 the
1478 1463 47 24 size
1536 1464 27 24 of
1569 1466 111 25 drawers.
1706 1466 70 26 Com-

1252 1497 86 18 mence
1350 1495 25 20 at
1385 1492 43 25 the
1439 1496 69 24 waist
1520 1496 32 31 by
1562 1498 95 32 casting
1675 1507 33 17 on
1731 1501 47 23 120

1253 1522 107 30 stitches,
1389 1526 48 24 and
1454 1527 54 26 knit
1525 1529 68 25 three
1620 1539 64 17 rows
1701 1532 75 30 plain.

1251 1554 92 25 Fourth
1364 1565 50 17 row
1424 1566 5 16 :
1447 1558 78 33 Begin
1548 1561 31 32 by
1600 1563 106 32 knitting
1717 1572 46 16 one
1771 1572 5 17 :

1251 1587 71 32 bring
1332 1589 40 24 the
1384 1590 86 26 thread
1481 1593 109 30 forward,
1602 1596 54 24 knit
1671 1598 48 23 two
1741 1600 35 21 to-

1252 1619 86 31 gether
1345 1629 6 20 ;
1363 1625 82 28 repeat
1456 1626 26 23 to
1494 1626 47 24 end
1552 1628 27 23 of
1598 1636 56 16 row.
1699 1629 77 29 Fifth,

1252 1652 75 29 sixth,
1339 1655 47 23 and
1398 1657 101 25 seventh
1521 1666 62 18 rows
1592 1668 5 16 :
1622 1661 58 24 Two
1701 1662 75 30 plain,

1253 1685 45 24 two
1320 1686 62 31 purl.
1433 1691 47 22 104
1508 1691 65 31 plain
1600 1701 61 16 rows
1688 1694 88 24 follow.

1253 1718 45 24 105
1298 1718 31 24 th
1348 1727 66 17 row:
1435 1723 30 22 46
1478 1723 101 25 stitches
1590 1732 6 21 ;
1618 1725 69 25 leave
1708 1726 70 25 them

1251 1757 33 17 on
1296 1750 42 25 the
1348 1753 85 24 needle
1443 1762 6 20 ;
1461 1754 56 25 take
1529 1764 15 16 a
1555 1757 66 24 third
1632 1758 85 25 needle
1729 1760 47 23 and

1252 1783 113 24 continue
1377 1785 42 24 the
1437 1794 51 17 row
1510 1787 31 32 by
1563 1789 86 32 taking
1670 1792 47 23 two
1739 1793 37 23 to-

1251 1814 86 30 gether
1344 1824 6 20 ;
1362 1816 54 25 knit
1428 1818 150 31 thirty-four,
1590 1823 57 22 then
1670 1826 46 21 two
1739 1826 35 22 to-

1251 1846 85 31 gether
1345 1856 6 21 ;
1363 1847 63 26 leave
1438 1851 40 24 the
1489 1853 135 32 remaining
1633 1856 33 24 46
1675 1856 100 24 stitches

1251 1886 32 16 on
1294 1880 43 23 the
1348 1880 43 25 left
1402 1881 67 25 hand
1479 1885 93 24 needle.

1281 1911 67 25 Turn
1359 1913 41 24 the
1411 1915 72 29 work,
1504 1918 48 23 and
1574 1918 55 25 knit
1650 1920 58 24 with
1731 1920 41 25 the

1251 1943 82 26 fourth
1344 1946 84 25 needle
1447 1948 143 32 sixty-three
1605 1960 62 16 rows
1679 1960 32 17 on
1733 1953 42 25 the

1251 1976 124 33 thirty-six
1402 1979 116 31 stitches;
1546 1983 63 24 after
1632 1985 80 24 which
1734 1986 39 24 de-

1249 2016 82 17 crease
1342 2011 58 24 each
1412 2019 50 18 row
1473 2014 30 30 by
1513 2015 86 31 taking
1607 2018 47 23 two
1663 2018 112 30 together

1249 2040 81 26 before
1346 2042 42 25 the
1404 2044 48 25 last
1469 2046 74 25 stitch
1560 2056 31 16 on
1616 2049 43 25 the
1680 2051 93 28 needle,

1248 2073 65 25 until
1324 2075 43 23 the
1377 2077 66 22 work
1453 2077 22 24 is
1485 2079 106 24 finished
1605 2081 27 23 m
1654 2089 15 16 a
1690 2082 69 30 point
1767 2091 5 20 ;

1248 2105 79 24 fasten
1350 2107 35 24 off
1399 2108 49 24 and
1465 2117 139 19 commence
1619 2121 45 15 one
1681 2114 27 24 of
1733 2115 41 24 the

1247 2136 59 31 legs.
1341 2138 73 26 Work
1425 2141 78 32 thirty
1512 2150 62 17 raws
1586 2146 49 23 two
1648 2146 55 30 purl
1725 2148 48 23 two

1249 2169 76 31 plain.

1282 2202 80 25 When
1389 2202 60 27 both
1475 2207 52 31 legs
1550 2216 40 17 are
1606 2209 104 25 finished
1726 2219 48 16 sew

1249 2233 69 25 them
1329 2243 32 23 up
1367 2244 6 20 ;
1386 2236 51 25 also
1448 2237 43 26 the
1501 2240 99 30 pointed
1607 2241 67 31 piece
1682 2244 25 22 to
1715 2243 59 24 each

1249 2266 50 24 side
1310 2267 28 24 of
1346 2267 42 26 the
1399 2269 102 26 drawers
1520 2273 25 23 to
1567 2273 41 25 the
1630 2275 141 26 waistband.

1282 2299 53 25 The
1346 2308 62 24 open
1430 2303 99 26 stitches
1550 2305 63 26 have
1635 2316 31 15 an
1689 2308 84 26 elastic

1249 2331 116 26 threaded
1376 2333 107 34 through
1494 2338 77 24 them.
1616 2340 66 24 Four
1703 2341 70 32 loops

1247 2372 40 16 are
1298 2366 72 24 made
1380 2374 30 16 on
1421 2369 41 23 the
1470 2371 43 29 top
1530 2371 27 23 of
1576 2371 42 24 the
1640 2373 132 25 waistband

1249 2397 26 23 to
1281 2399 144 29 correspond
1432 2400 59 25 with
1499 2401 99 26 buttons
1603 2412 31 16 on
1639 2406 40 22 the
1684 2406 42 23 bod
1730 2407 41 28 ice,

1249 2436 27 17 so
1287 2437 28 16 as
1326 2432 24 22 to
1362 2430 59 32 keep
1428 2432 43 25 the
1480 2433 102 27 drawers
1592 2435 27 25 m
1627 2437 69 30 place
1703 2438 71 25 with-

1249 2463 43 22 out
1302 2469 117 23 pressure.

1280 2493 51 25 The
1343 2494 49 31 legs
1403 2503 41 17 are
1454 2497 115 25 trimmed
1579 2500 60 24 with
1653 2509 14 15 a
1687 2501 85 33 simple

1248 2525 88 32 edging
1343 2527 26 25 of
1376 2528 105 26 crochet.

1438 2589 142 21 EXTRACTS

1253 2651 3 2 .
1341 2627 21 25 is
1374 2628 51 25 said
1437 2630 53 25 that
1512 2639 91 25 among
1621 2634 33 24 all
1675 2636 98 24 nations

1248 2658 197 32 Englishwomen
1456 2670 40 17 are
1507 2664 42 24 the
1560 2669 66 22 most
1645 2667 127 26 beautiful.

1249 2691 48 25 Yet
1305 2691 55 25 how
1368 2693 67 24 often
1443 2695 30 23 do
1483 2703 37 16 we
1531 2696 52 25 find
1594 2698 69 25 them
1673 2700 101 31 holding

1248 2723 50 24 this
1320 2725 110 31 precious
1447 2726 46 31 gift
1508 2736 26 16 as
1554 2729 93 33 though
1668 2732 21 24 it
1710 2741 62 16 were

1247 2757 24 23 to
1283 2756 29 24 be
1323 2758 90 24 treated
1423 2759 60 24 with
1495 2762 122 30 suspicion
1628 2771 27 16 as
1671 2764 97 32 danger-

1248 2795 51 20 ous,
1309 2796 28 16 or
1345 2789 88 32 lightly
1444 2791 166 34 disregarding
1619 2796 20 23 it
1650 2804 28 16 as
1695 2785 39 36 of°
1741 2805 31 17 no

1248 2820 62 24 solid
1321 2821 70 25 value
1399 2822 83 26 J.Here
1494 2832 33 17 we
1538 2828 64 22 trace
1624 2835 16 16 a
1660 2832 114 22 remnant

1250 2852 27 24 of
1296 2856 45 21 bur
1358 2853 39 24 old
1418 2856 137 25 asceticism
1576 2861 101 23 svnotner
1698 2862 77 29 phase

1248 2884 27 24 of
1284 2884 42 25 the
1335 2888 103 29 attempt
1453 2890 25 22 to
1490 2890 73 24 crush
1574 2893 43 23 out
1628 2893 40 24 the
1680 2894 47 23 evil
1748 2895 26 24 m

1248 2924 45 16 our
1303 2917 109 31 physical
1422 2922 87 23 nature
1528 2921 31 32 by
1578 2923 140 34 destroying
1740 2927 34 24 all

1248 2949 99 31 heahhy
1363 2951 49 24 and
1428 2952 144 27 wholesome
1598 2956 125 31 pleasures
1750 2960 26 25 of

1248 2981 43 25 the
1302 2990 89 21 senses,
1403 2992 33 17 an
1443 2988 105 30 attempt
1556 2989 79 24 which
1643 2990 131 34 inevitably

1248 3014 87 25 results
1347 3015 27 24 m
1385 3024 15 16 a
1410 3017 48 26 last
1469 3020 63 24 state
1551 3029 76 17 worse
1648 3024 61 24 than
1730 3025 44 24 the

1249 3046 62 24 first.
1345 3048 63 24 How
1419 3057 45 17 can
1476 3051 20 25 it
1508 3051 29 25 be
1548 3053 127 26 otherwise
1685 3057 11 23 ?
1720 3057 54 24 God

1248 3078 69 25 made
1326 3088 29 16 us
1367 3088 26 17 as
1405 3089 36 17 we
1468 3091 41 17 are
1510 3099 32 3 —
1542 3093 15 16 a
1584 3089 139 29 compound
1749 3090 27 24 of

1248 3110 71 32 body,
1328 3112 77 28 mind,
1418 3116 47 22 and
1476 3116 103 30 spirit—
1589 3119 48 23 and
1656 3128 26 16 so
1702 3121 71 24 fitted

1248 3149 29 16 us
1284 3142 37 24 for
1332 3152 13 14 a
1351 3144 50 28 life,
1414 3145 87 33 bodily,
1513 3150 94 24 mental
1624 3152 49 23 and
1695 3154 78 30 spirit-

1250 3175 47 23 ual.
1332 3175 48 25 Yet
1391 3185 35 16 we
1438 3178 56 26 dare
1515 3183 104 30 attempt
1647 3185 26 23 to
1700 3187 74 23 crush,

1249 3208 42 23 out
1303 3207 41 24 the
1354 3210 54 29 past
1420 3210 27 24 of
1455 3211 48 25 this
1514 3215 113 28 complex

1281 3297 87 23 Thbee
1379 3305 38 16 are
1426 3300 29 23 50
1468 3300 72 31 daily,
1551 3304 30 22 2(5
1593 3304 135 32 bi-weekly,
1741 3308 29 23 17

1249 3328 140 31 tri-weekly,
1405 3331 29 23 50
1449 3333 99 31 weekly,
1560 3335 49 24 and
1621 3337 31 22 23
1663 3338 111 32 monthly

1250 3367 153 25 newspapers
1408 3363 129 31 published
1551 3367 27 24 m
1589 3368 59 26 New
1659 3370 113 26 Zealand.

1249 3392 115 26 Duneclin
1375 3396 53 29 tops
1435 3397 41 24 the
1484 3398 41 25 list
1531 3400 60 24 with
1604 3403 31 24 17
1646 3405 126 28 papers,l6

1248 3432 28 16 m
1294 3425 179 32 Christchurch,
1490 3433 29 22 15
1534 3432 27 24 m
1576 3433 128 26 Auckland
1726 3437 48 23 and

1250 3458 30 23 12
1297 3457 28 24 m
1336 3458 156 33 Wellington.

1281 3490 185 28 Henceforward
1473 3502 33 17 no
1509 3495 79 32 living
1594 3505 65 21 man,
1666 3507 105 21 woman,

1248 3530 28 15 or
1287 3522 66 24 child
1363 3524 49 23 will
1424 3533 52 16 ever
1487 3528 54 24 date
1552 3537 15 15 a
1577 3529 72 25 letter
1670 3531 103 25 without

1248 3556 26 22 at
1290 3554 62 24 least
1363 3563 47 17 one
1422 3557 58 25 nine
1490 3560 28 23 m
1539 3561 27 23 it.
1596 3561 66 25 Next
1683 3571 57 22 year
1749 3564 22 23 is

1249 3587 71 27 1890,
1330 3587 49 24 and
1389 3588 72 25 when
1473 3591 41 24 the
1536 3592 105 26 nineties
1664 3603 40 16 are
1726 3604 45 16 run

1247 3620 43 23 out
1298 3627 36 16 we
1341 3627 67 17 come
1415 3621 54 25 into
1483 3624 43 24 the
1534 3625 98 25 ninteen
1640 3627 130 26 hundreds.

1247 3650 24 25 It
1283 3652 21 23 is
1316 3655 42 21 not
1379 3653 114 30 probable
1514 3657 56 25 that
1592 3658 110 33 anybody
1721 3660 51 25 will

1247 3683 47 24 live
1306 3685 24 23 to
1342 3692 37 17 see
1390 3685 43 26 the
1441 3686 116 35 begining
1568 3691 27 23 of
1608 3691 44 25 the
1671 3693 99 31 twenty-

1247 3716 55 24 first
1312 3720 108 29 century,
1433 3719 49 25 and
1492 3723 44 23 not
1547 3723 62 24 until
1632 3725 63 24 2000
1707 3725 63 26 A.D.

1247 3748 47 25 will
1306 3749 41 25 the
1358 3751 58 24 nine
1429 3752 28 25 be
1469 3752 86 26 absent
1575 3756 63 24 from
1654 3757 43 25 the
1708 3758 63 24 date.

1894 151 30 22 In
1936 150 43 24 the
1998 151 120 34 bankrupt
2126 157 76 23 estate
2213 157 28 23 of
2249 165 15 16 a
2282 158 108 25 solicitor

1860 182 26 24 m
1908 183 41 24 the
1966 183 81 25 North
2065 185 94 30 Island,
2178 196 15 16 a
2208 189 113 25 dividend
2332 192 27 22 of
2374 200 15 16 a

1861 222 79 24 penny
1952 217 49 23 and
2013 225 14 16 a
2038 218 60 24 mite
2114 219 46 25 lias
2171 221 59 24 been
2246 222 109 25 declared

1862 247 43 24 the
1915 249 51 23 first
1978 250 49 22 and
2038 249 60 25 final
2110 251 103 25 division
2220 254 27 23 of
2253 254 39 24 his
2303 257 84 23 estate.

1896 279 87 29 Quern
1991 281 118 24 Victoria
2116 283 22 24 is
2149 285 113 24 endowed
2279 287 59 23 with
2347 287 43 24 the

1862 311 44 30 gilt
1918 312 27 23 of
1952 315 111 28 tongues;
2080 315 27 22 m
2117 315 56 28 fact,
2198 316 43 24 she
2263 317 21 24 is
2307 326 46 15 one
2364 319 28 24 of

1862 342 44 25 the
1922 343 55 25 four
1988 347 65 22 most
2075 348 178 30 accomplished
2275 349 115 32 linguists

1863 383 87 23 among
1962 377 76 31 living
2053 378 75 25 ladies
2140 386 25 17 ot
2182 380 114 31 Imperial
2317 383 71 28 rank,

1863 407 43 24 the
1915 408 68 24 other
1992 409 68 24 three
2068 409 73 32 being
2147 411 46 24 her
2198 420 55 16 own
2261 413 126 31 daughter,

1863 439 113 29 Victoria,
2000 441 43 24 the
2065 442 111 26 widowed
2199 444 106 25 German
2328 446 60 24 Em-

1862 479 68 22 press
1941 480 6 20 ;
1965 473 75 25 Marie
2051 474 165 30 Feoderovna,
2228 477 44 24 the
2282 478 106 25 Bussian

1863 503 104 25 Czarina
1978 512 7 21 ;
2008 507 48 22 and
2067 507 137 30 Elizabeth,
2216 509 43 25 the
2270 510 118 26 Austrian

1863 535 137 26 Kaiserine.
2051 539 53 24 The
2116 540 85 29 Queen
2218 542 22 24 is
2251 542 137 33 absolutely

1862 568 111 24 mistress
1981 570 25 24 of
2016 571 43 24 the
2070 571 55 24 four
2147 573 130 31 European
2298 575 85 32 langu-

1861 601 196 29 ages—French,
2078 604 115 29 German,
2214 606 101 29 Italian,
2337 609 51 23 and

1863 631 104 31 Spanish
1967 648 32 3 —
2000 634 80 24 which
2096 644 40 16 are
2157 641 68 21 most
2241 639 146 31 interesting

1861 663 63 24 from
1938 673 14 14 a
1968 665 99 32 literary
2087 668 70 30 point
2167 669 27 23 of
2202 670 66 25 view.
2292 671 95 31 Taking

1861 695 54 24 into
1926 697 174 25 consideration
2110 700 43 23 her
2164 702 85 29 strong
2269 703 115 29 predilec-

1862 726 51 24 tion
1924 728 38 23 for
1972 729 42 23 the
2058 730 71 25 Land
2140 733 22 22 o*
2173 732 80 25 Cakes
2289 736 48 23 and
2347 736 39 25 for

1861 758 43 25 the
1915 759 128 32 Highland
2054 764 93 30 people,
2154 764 20 25 it
2185 765 21 24 is
2214 765 32 32 by
2256 774 34 16 no
2300 775 85 17 means

1861 792 134 31 surprising
2006 794 52 24 that
2074 795 44 25 her
2128 796 105 32 Majesty
2244 799 89 24 should
2353 800 30 24 be

1886 824 58 24 weel
1951 829 103 27 acquent
2064 828 60 23 with
2135 830 26 22 ta
2310 831 74 26 Some

1860 863 70 23 years
1943 865 46 23 ago
2000 858 44 24 she
2055 861 155 32 successfully
2230 863 95 25 studied
2336 872 47 17 one

1860 888 26 24 of
1896 888 42 25 the
1949 889 88 26 Native
2047 891 130 33 languages
2192 895 28 24 of
2227 895 45 24 her
2293 896 90 26 Indian

1860 920 107 31 Empire.

1892 953 104 25 Brooms
2007 955 87 31 dipped
2104 956 27 25 m
2144 957 93 33 boiling
2255 961 58 24 suds
2324 969 59 17 once

1860 993 14 14 a
1882 986 66 23 week
1959 987 49 23 will
2018 987 49 24 last
2077 989 83 31 longer
2181 992 49 23 and
2251 992 31 24 do
2304 992 80 26 better

1862 1017 90 24 service
1963 1018 61 24 than
2035 1020 105 25 without

1893 1048 52 24 The
1955 1057 20 17 s.
1988 1058 19 16 s.
2031 1051 124 32 Triumph,
2175 1055 81 24 whose
2277 1058 107 23 remark-

1861 1079 54 24 able
1931 1081 144 26 adventures
2085 1084 63 25 have
2157 1085 82 27 before
2260 1088 61 24 been
2343 1090 42 24 the

1863 1112 91 31 subject
1965 1114 27 24 of
2000 1119 120 22 comment
2139 1117 27 25 m
2187 1119 43 24 the
2251 1128 87 23 papers
2358 1123 27 23 m

1862 1144 57 24 New
1947 1147 116 29 Zealand,
2102 1157 60 16 once
2188 1158 68 17 more
2282 1154 103 31 proudly

1861 1176 72 25 floats
1943 1185 64 23 upon
2018 1179 43 24 the
2071 1188 113 17 waves—
2183 1183 54 28 that
2252 1184 30 28 is,
2304 1185 82 26 unless

1861 1216 49 23 any
1920 1210 63 24 fresh
1990 1211 97 33 mishap
2096 1213 45 25 has
2152 1214 125 32 happened
2295 1220 26 21 to
2342 1218 45 25 her

1861 1241 88 32 during
1959 1243 43 25 the
2011 1246 56 28 past
2078 1245 38 24 six
2136 1247 83 24 weeks.
2265 1249 50 25 She
2336 1259 50 16 was

1862 1274 103 31 actually
1975 1276 87 24 roused
2070 1280 42 22 out
2123 1278 27 24 of
2163 1279 45 24 her
2228 1280 60 32 long
2303 1290 84 24 wpose

1861 1305 27 24 m
1899 1305 43 26 the
1953 1307 46 24 bed
2007 1309 27 22 of
2043 1309 40 24 the
2101 1310 77 32 Tyne,
2199 1312 81 32 raised,
2298 1316 26 22 to
2345 1316 42 24 the

1862 1344 93 19 suriace
1967 1340 49 24 and
2027 1342 52 23 sc'd
2089 1342 31 29 by
2131 1344 99 28 auction
2239 1345 37 24 for
2285 1353 34 17 no
2334 1347 51 24 less

1861 1378 16 16 a
1887 1378 55 16 siim
1953 1371 62 25 than
2027 1373 118 30 £10,600,
2164 1377 26 23 at
2212 1377 77 24 wliioh
2310 1378 77 32 figure

1863 1402 43 24 she
1927 1411 51 16 was
1999 1404 110 26 knocked
2130 1408 69 24 clown
2220 1410 27 24 to
2268 1410 40 24 Mr
2319 1410 23 25 J.
2354 1411 30 25 L.

1861 1434 108 30 Browne,
1993 1436 27 24 of
2046 1437 158 31 Sunderland,
2229 1441 47 24 her
2295 1443 92 25 former

1862 1474 87 17 owner.
1983 1468 65 26 Who
2059 1470 64 25 shall
2134 1479 43 25 say
2188 1472 63 26 after
2260 1474 50 26 this
2331 1475 56 26 that

1862 1500 91 24 there's
1990 1502 106 31 nothing
2123 1502 30 26 In
2180 1513 15 17 a
2213 1512 88 19 name.
2301 1522 33 4 —
2334 1508 51 25 Ex-

1861 1531 101 32 change.

1894 1564 22 24 A
1926 1567 109 23 monster
2046 1574 80 22 crane,
2145 1569 97 31 capable
2261 1570 28 25 of
2307 1571 82 33 lifting

1861 1603 34 16 no
1905 1597 49 24 less
1965 1598 62 24 than
2038 1600 49 24 250
2097 1602 64 27 tons,
2172 1601 46 25 has
2239 1603 60 24 been
2321 1612 67 21 oin,-

1861 1628 81 31 pleted
1964 1632 26 23 at
2011 1631 120 26 Chatham
2152 1634 137 32 Dockyard.
2333 1638 53 27 Tfc«

1861 1669 72 17 crane
1943 1670 124 18 measures
2079 1665 38 28 134
2117 1665 38 28 ft,
2166 1666 63 25 from
2241 1667 42 26 the
2294 1669 47 25 end
2363 1671 29 24 of

1862 1693 43 25 the
1916 1694 33 31 jib
1961 1697 26 22 to
1998 1695 42 25 the
2051 1698 103 31 ground,
2162 1700 49 23 and
2218 1699 23 25 is
2246 1700 44 25 the
2298 1704 87 29 largest

1861 1726 26 23 m
1900 1726 41 24 the
1952 1728 80 24 worlds

1894 1759 106 31 Niagara
2011 1760 68 25 Falls
2086 1770 40 15 are
2136 1763 252 35 contumnsspcs&)ta-

1860 1790 45 31 ing
1915 1792 82 30 shape,
2019 1793 79 31 owing
2109 1796 26 22 to
2149 1795 45 25 the
2213 1791 64 39 f&rce
2285 1817 3 2 .
2298 1798 27 27 pf
2343 1792 45 37 |fae

1863 1826 75 21 water
1949 1824 104 32 wearing
2063 1834 67 23 away
2141 1820 210 38 ttuayg^sed&4
2352 1829 36 27 M

1860 1855 20 24 is
1893 1856 87 24 almost
1988 1865 15 16 a
2014 1858 131 27 misnomer
2154 1862 27 22 to
2190 1855 50 30 caff
2259 1862 41 24 the
2322 1857 61 31 Ciia-

1861 1888 72 23 adian
1944 1889 95 30 portion
2051 1890 42 24 the
2140 1892 141 26 Horseshoe

1860 1920 49 24 and
1920 1928 54 17 now
1985 1929 28 17 so
2023 1921 65 33 large
2100 1932 14 16 a
2126 1925 89 24 section
2229 1923 33 27 of
2270 1921 61 30 rock
2338 1927 49 26 lias

1861 1952 118 33 suddenly
1990 1954 69 30 given
2070 1963 53 24 way
2134 1957 27 23 m
2172 1957 43 26 the
2225 1959 71 25 exact
2303 1963 82 22 ©eMire

1860 1985 27 23 of
1895 1986 40 23 the
1950 1988 106 23 cataract
2077 1989 54 24 that
2150 1989 44 24 the
2214 1982 128 35 alteration
2362 1991 23 27 is

1860 2025 56 23 very
1927 2019 155 25 remarkable.

1905 2050 76 24 There
2014 2059 40 17 are
2076 2060 67 17 more
2164 2054 65 31 daily
2251 2064 86 22 papers
2357 2058 30 25 m

1860 2081 97 25 Buenos
1975 2082 76 32 Ayres
2069 2082 60 27 than
2140 2086 26 23 m
2176 2086 105 26 London
2291 2096 29 16 or
2326 2089 61 31 Ne\y

1861 2114 65 23 York
1927 2128 33 4 —
1960 2116 91 31 twenty
2061 2118 67 22 three
2138 2118 26 23 m
2174 2119 41 23 all.

1891 2146 118 25 Florence
2027 2147 158 33 Nightingale
2206 2151 22 23 is
2250 2152 136 31 sixty-nine

1859 2186 70 22 years
1941 2179 26 22 of
1976 2187 45 23 a^e
2032 2181 48 23 and
2099 2187 32 18 an
2152 2181 99 31 invalid,
2275 2185 42 24 but
2340 2186 44 25 she

1859 2207 44 27 has
1915 2211 96 24 written
2020 2219 15 17 a
2045 2213 71 24 letter
2126 2214 28 24 of
2159 2216 130 32 sympathy
2296 2217 38 24 for
2342 2219 41 24 the

1860 2242 145 25 Jolmstown
2016 2244 112 26 sufferers
2134 2246 60 25 with
2202 2247 45 25 her
2256 2256 54 17 own
2319 2250 65 25 hand

1861 2274 49 25 She
1922 2276 91 24 seldom
2023 2277 79 25 leaves
2114 2278 47 26 her
2164 2279 77 26 house
2247 2282 138 33 nowadays,

1859 2307 44 25 but
1915 2308 43 25 she
1969 2309 70 31 keeps
2051 2318 33 23 up
2095 2319 15 16 a
2120 2311 72 33 lively
2202 2313 103 26 interest
2315 2315 25 24 m
2351 2318 33 23 all

1860 2340 52 24 that
1922 2340 21 24 is
1955 2341 75 32 going
2037 2350 40 22 on,
2089 2344 49 23 and
2150 2344 43 25 she
2204 2347 97 24 attends
2312 2351 26 21 to
2353 2357 31 16 an

1859 2380 130 18 enormous
1996 2377 205 29 correspondence
2206 2379 61 24 from
2276 2379 33 25 all
2316 2383 68 29 parts

1860 2405 26 24 of
1895 2405 43 24 the
1945 2406 81 24 world.

1858 2436 22 24 A
1893 2438 194 31 'theatrephone'
2099 2440 21 25 is
2131 2441 93 32 shortly
2230 2445 28 22 to
2262 2443 30 25 be
2300 2444 87 32 placed

1859 2477 33 16 on
1903 2470 42 23 the
1955 2470 70 25 Paris
2038 2472 156 30 Boulevards,
2213 2476 48 23 and
2284 2477 44 23 has
2344 2479 39 30 $,{-

1858 2502 73 31 --ready
1940 2502 62 25 been
2014 2503 85 25 shown
2110 2507 27 22 to
2154 2506 40 24 Mr
2213 2502 114 39 Edisdip
2336 2507 11 18 ;;
2357 2509 31 33 Ife

1858 2533 22 25 is
1891 2542 33 16 an
1932 2535 139 31 adaptation
2093 2537 29 24 of
2139 2538 44 25 the
2204 2540 136 31 telephone,
2340 2556 1 2 ■

1858 2566 80 24 which
1949 2575 93 23 anyone
2057 2577 47 16 can
2125 2570 30 24 be
2176 2573 45 29 pat
2241 2567 60 39 in^-

1858 2598 152 26 munication
2021 2601 58 24 with
2091 2610 15 15 a
2117 2603 92 25 certain
2221 2598 102 39 thet^ev
2334 2600 51 36 skd

1856 2630 74 26 listen
1964 2633 26 24 to
2021 2633 44 24 the
2091 2635 165 30 pei'forniaittfe
2274 2631 41 32 fJr
2329 2637 58 34 J^

1856 2664 108 24 minutes
1975 2673 32 15 on
2018 2666 90 31 paying
2118 2667 43 25 the
2176 2659 100 38 Isfl^desji
2293 2674 55 27 s^m,
2359 2673 28 26 os<

1856 2695 139 32 fivepence.
2174 2713 2 3 •
2183 2716 2 1 .
2197 2697 24 28 '-;
2221 2695 8 30 ;'
2232 2711 3 16 :
2239 2707 11 11 v
2256 2697 4 7 :
2260 2720 3 1 .
2267 2700 4 6 :
2275 2698 6 15 ;
2295 2695 43 21 !:^v

1906 2728 113 25 Malcolm
2063 2728 134 32 Christiafc,
2200 2740 2 23 ;
2214 2742 4 5 ■

2188 2773 15 16 a
2224 2760 93 40 v#^i^
2317 2767 5 13 ;
2334 2762 57 38 a?^

1857 2794 113 29 patentee
1991 2794 27 23 of
2030 2801 16 17 a
2074 2802 55 19 new
2150 2796 78 25 solder
2249 2797 136 34 appliaiia^

1858 2824 54 24 who
1923 2826 98 24 arrived:
2028 2828 113 24 overland
2152 2828 63 26 from
2225 2824 108 39 SoujbH^
2338 2833 46 29 few

1858 2857 59 31 days
1928 2866 54 22 ago,
1993 2866 49 17 was
2053 2859 106 32 brought
2168 2861 81 26 before
2260 2864 123 28 theTlocal

1858 2888 24 25 J.
1894 2889 37 29 P.,
1942 2891 127 32 yesterday
2080 2900 31 16 on
2122 2901 16 16 a
2156 2894 89 33 charge
2265 2896 31 25 of
2311 2897 74 33 beiag

1858 2921 80 25 drunk
1950 2923 49 23 and
2008 2923 126 32 incapable
2145 2926 41 25 the
2204 2928 111 30 previous
2337 2932 48 31 day

1858 2954 27 25 m
1897 2962 15 17 a
1922 2955 82 31 public
2022 2956 77 32 place.
2133 2958 132 28 Constable
2286 2961 96 28 Jefiries

1859 2987 76 24 found
1947 2988 42 25 the
2006 2989 134 26 illustrious
2160 2994 114 29 patentee
2282 3012 6 6 ,
2295 2995 88 33 asleep,

1859 3028 32 15 on
1911 3029 15 15 a
1934 3019 4 7 '
1952 3021 111 33 doorstep
2089 3022 28 25 m
2144 3024 78 32 Camp
2237 3048 4 3 .
2249 3028 81 29 sfcre^
2352 3037 33 17 on

1860 3052 106 33 Monday
1978 3053 136 30 afternoon,
2126 3056 48 24 and
2183 3060 45 23 not
2239 3059 71 32 beiag
2331 3062 54 25 able

1860 3086 26 22 to
1896 3085 68 24 wake
1981 3086 54 23 him
2046 3087 32 24 he
2100 3087 71 33 slung
2192 3089 54 26 him
2268 3100 56 17 over
2345 3094 40 28 his

1861 3116 115 25 shoulder
1995 3119 112 30 together
2127 3122 59 23 with
2207 3123 40 24 his
2270 3125 115 26 stock-in-

1860 3149 75 28 trade,
1948 3150 50 24 and
2008 3150 86 31 lodged
2105 3152 43 25 the
2169 3153 37 25 lot
2223 3155 28 24 m
2273 3156 43 26 the
2336 3158 49 25 Go-

1860 3185 128 21 vernment
1999 3182 116 26 Caboose.
2152 3186 40 24 He
2209 3187 118 27 admitted
2346 3191 41 25 the

1860 3212 96 33 charge,
1969 3215 92 32 stating
2068 3216 55 26 that
2138 3217 31 25 he
2180 3226 50 18 was
2251 3220 136 34 frequently

1860 3253 124 18 overcome
1994 3247 28 24 m
2033 3248 42 24 the
2087 3257 68 17 same
2165 3258 111 24 naannee,
2288 3256 45 24 not
2354 3255 33 33 by

1861 3278 42 25 the
1913 3280 112 31 strength
2036 3281 27 24 of
2072 3282 41 24 the
2123 3283 98 25 various
2232 3285 155 35 stimulating

1860 3310 88 32 liquids
1960 3313 80 24 which
2051 3313 38 25 his
2100 3316 158 26 constitution
2275 3320 111 31 required

1860 3344 26 23 to
1894 3344 86 25 enable
1987 3344 53 25 him
2049 3348 24 22 to
2085 3354 89 23 pursue
2183 3349 37 25 his
2228 3352 159 29 professional

1860 3375 86 29 labors,
1959 3376 44 25 but
2014 3377 32 32 by
2054 3387 15 15 a
2075 3379 138 37 hereditary
2223 3382 79 27 defect
2309 3386 27 23 m
2345 3386 41 25 bis

1860 3409 97 30 organic
1969 3411 148 32 machinery.
2151 3414 53 24 The
2213 3416 83 25 Bench
2312 3419 74 24 asked

1859 3440 53 24 him
1927 3441 21 23 if
1968 3442 29 24 he
2018 3443 76 25 would
2111 3444 64 25 clear
2190 3450 45 22 out
2261 3449 37 24 for
2319 3450 67 26 fresh

1858 3475 110 28 pastures
1976 3474 26 23 m
2013 3475 41 24 the
2063 3480 72 22 event
2146 3478 27 25 of
2181 3479 40 25 his
2243 3480 72 33 being
2336 3483 49 25 dis-

1859 3504 112 32 charged,
1983 3509 26 21 to
2020 3508 79 24 which
2114 3509 33 25 he
2167 3512 91 30 replied
2279 3515 55 24 that
2355 3518 9 22 1
2372 3525 15 16 c

1858 3544 50 16 was
1919 3539 116 28 prepared
2047 3541 25 22 to
2080 3541 56 25 take
2146 3543 35 23 his
2194 3544 127 31 departure
2342 3548 45 25 tLe

1858 3571 111 22 moment
1991 3570 31 24 he
2044 3571 44 25 left
2108 3574 42 24 the
2162 3577 119 28 precincts
2300 3579 28 24 of
2342 3581 20 24 tl
2371 3589 15 17 c

1859 3600 82 24 Court.
1978 3602 36 24 On
2023 3603 49 24 this
2087 3607 124 25 condition
2229 3610 30 24 he
2281 3619 50 17 was
2353 3614 34 24 let

1858 3633 40 28 off,
1911 3633 49 24 and
1970 3633 32 25 he
2013 3635 44 24 left
2068 3637 41 24 the
2120 3638 76 26 Court
2206 3640 130 28 huramin«
2343 3646 43 24 the

1860 3664 120 32 "Gipsy's
2191 3673 28 24 m
2241 3682 15 17 a
2273 3664 114 39 low°but

1858 3696 135 26 melodious
2001 3698 53 32 key.
2101 3702 82 26 When
2204 3705 49 26 last
2275 3717 58 17 seen
2355 3711 30 24 he

1859 3737 48 16 was
1919 3730 123 32 soldermg
2053 3741 15 16 a
2078 3733 91 26 leather
2179 3739 81 24 medal
2272 3748 31 17 on
2322 3744 26 23 to
2370 3751 16 16 a

1858 3762 66 30 prize
1934 3765 58 27 goat
2000 3765 26 23 at
2035 3764 157 29 Croninville.

575 16 134 24 OXFORD
744 17 68 24 AND
847 17 83 25 CUST
965 18 191 32 OBSERVER,
1193 23 186 33 SATURDAY,
1414 29 188 28 DECEMBER
1637 36 22 25 7,
1696 35 61 24 1889
