2470 3820
642 65 135 24 OXFORD
812 66 68 24 AND
915 66 86 25 CUST
1036 65 185 29 OBSERVER,
1258 66 186 32 SATURDAY,
1479 71 190 28 DECEMBER
1703 78 22 25 7,
1762 80 59 23 1889

1280 3684 100 25 Printed
1391 3685 50 24 and
1451 3685 132 25 Published
1592 3686 33 32 by
1636 3687 113 25 Richard
1759 3689 109 27 Holman
1874 3693 102 30 Parish,
1989 3698 26 23 at
2025 3697 41 26 his
2077 3699 142 31 Registered
2234 3703 112 32 Printing
2359 3704 73 26 Office

1355 3723 70 30 High
1439 3723 87 28 Street,
1538 3723 63 26 East
1614 3725 98 30 Oxford,
1726 3726 156 35 Canterbury,
1897 3730 129 35 Saturday,
2062 3735 135 28 December
2215 3742 22 26 7,
2267 3720 77 47 1889?

1327 187 213 57 Chas.
1618 179 189 68 y^m.
1870 198 502 61 TTJUJSTER.

1341 277 200 35 LAND
1573 280 727 45 ANDGEAINBBOKER

1496 324 37 28 12
1555 322 97 41 Inglis
1675 325 157 41 Buildings
1858 329 147 39 (opposite
2021 331 192 42 Tattersalls)

1548 373 613 50 CHBISTCHUEOB.

1400 450 44 24 'AH
1455 451 89 25 classes
1555 453 27 24 of
1590 453 75 24 Farm
1677 462 27 16 or
1715 455 75 32 Dairy
1801 457 104 29 produce
1915 459 136 30 purchased
2061 468 27 17 or
2103 461 112 32 disposed
2236 464 27 24 of
2282 467 26 23 at

1679 497 107 31 Highest
1802 499 96 25 Market
1920 501 82 25 Bates.

1373 533 80 32 Agent
1469 535 69 24 for—
1539 536 67 25 John
1621 538 89 32 Bridge
1727 541 19 22 &
1758 540 51 29 Co.,

1691 581 77 24 Grain
1785 583 49 23 and
1850 583 109 26 Produce
1977 585 134 30 Salesmen,

1373 649 80 32 Agent
1463 651 38 24 for
1501 666 32 3 —
1534 652 201 32 Younghusband
1747 656 19 23 &
1778 656 50 28 Co.,
1847 658 115 24 Limited.

1677 696 70 25 Wool
1764 698 48 23 and
1830 698 75 24 Grain
1922 700 105 25 Brokers

2178 736 150 26 Melbourne.

1448 777 98 25 Liberal
1557 780 119 24 advances
1687 782 71 24 made
1770 783 95 30 against
1878 783 187 32 Consignments
2082 787 21 23 if
2116 788 119 30 required.

1237 1063 2 13 i
1359 1061 1 1 ■

1494 1123 59 76 J.
1601 1124 71 75 B.
1720 1125 500 100 MANSFIELD,

1359 1371 321 47 Manchester
1709 1378 97 43 aud
1827 1378 281 47 Barbadoes
2129 1382 200 55 Streets,

1456 1468 802 69 CHRISTCHURCH.

1278 1582 340 35 Estimates
1633 1585 276 35 forward
1924 1598 82 24 on
2021 1593 402 39 application.

1282 1803 153 79 A..
1496 1806 106 79 J.
1681 1808 739 94 WHITE'S,

1442 1920 178 69 High
1654 1924 125 52 and
1816 1924 199 54 Tuam
2052 1925 258 66 Streets,

1315 2013 858 68 CHIISTCHIB
2198 2024 146 56 CH
2368 2062 21 22 .

1279 2179 104 46 The
1413 2182 225 45 Premier
1668 2185 312 59 Furnishing
2029 2191 396 49 Establishment

1618 2281 56 43 m
1707 2282 124 44 New
1859 2285 227 45 Zealand.

1755 2382 39 4 —
1794 2377 70 15 >—••
1875 2380 7 14 <
1882 2385 40 4 —

1278 2428 114 31 Parties
1407 2431 126 40 visiting
1549 2431 217 33 Christchurcli
1781 2437 101 29 would
1896 2438 40 29 do
1947 2438 69 30 well
2034 2443 33 26 to
2087 2441 122 31 observe
2225 2443 70 30 that
2314 2448 33 26 at
2371 2446 54 30 the

1277 2469 95 31 above
1383 2471 228 31 establishment
1625 2474 73 40 they
1708 2485 71 29 may
1788 2486 127 30 procure
1926 2489 92 29 every
2027 2481 105 30 article
2143 2483 68 29 that
2222 2494 55 19 can
2289 2485 136 38 possibly

1470 2513 37 28 be
1520 2514 148 37 required,
1685 2515 130 31 suitable
1830 2516 46 30 for
1901 2518 128 40 Cottage
2044 2531 33 18 or
2091 2520 150 33 Mansion.

1277 2582 159 40 Tapestry,
1461 2582 249 38 Kidderminster,
1727 2589 61 28 and
1811 2590 87 29 other
1913 2591 135 39 Carpets.
2091 2594 163 31 Furniture
2265 2596 158 39 Tapestry,

1336 2622 151 37 Curtains,
1504 2624 175 37 Cretonnes,
1697 2627 167 32 Embossed
1879 2629 132 39 Velvets,
2025 2633 59 29 and
2098 2634 42 29 all
2150 2635 52 29 the
2223 2636 91 30 latest
2328 2636 97 32 Mate-

1555 2666 72 29 rials
1648 2666 32 29 m
1694 2668 59 29 Art
1773 2669 187 40 Furnishing
1979 2671 162 33 Materials.

1279 2982 433 45 GEMBRAL
1755 2989 668 64 STORBEBBPSB,

1399 3172 295 37 DEALER
1713 3177 81 33 IN
1814 3179 147 35 ALL
1980 3181 231 37 KINDS
2231 3186 88 33 OF

1278 3226 573 71 GROCERIES,
1947 3238 452 59 DRAPERY

1607 3320 544 76 CIiOTHING/

1762 3520 88 31 ETC.
1896 3524 87 31 ETC.

1538 3566 90 33 Agent
1646 3567 41 26 for
1705 3569 46 25 the
1769 3570 99 28 Oxford
1886 3574 52 26 aud
1957 3575 64 27 Oust
2040 3577 136 27 Observer.

660 343 178 43 JOHN
901 341 269 45 INGRAM

661 407 56 19 HAS
730 407 55 19 FOR
798 406 69 21 SALE
884 406 36 20 BY
936 406 120 20 PRIVATE
1069 404 117 24 TREATY,

760 443 32 19 On
802 443 94 19 Account
904 443 22 19 of
936 442 47 19 Mbs
992 442 97 23 Agassiz,

660 478 46 20 Her
715 480 95 23 compact
819 478 55 20 little
892 478 100 25 Property
1011 479 22 18 of
1051 477 49 20 nine
1117 476 69 24 Acres,

661 504 50 20 with
727 503 144 21 four-roomed
889 504 78 23 House,
986 504 40 20 and
1044 503 53 26 good
1115 502 72 20 Stable

659 530 92 20 thereon.
764 531 17 18 A
786 531 55 24 large
847 530 92 20 Orchard
943 530 56 20 filled
1004 530 49 20 with
1058 530 128 25 well-grown

661 557 52 19 trees
722 557 22 18 m
754 557 39 18 full
802 557 92 23 bearing,
902 557 67 23 nicely
978 556 97 23 situated,
1085 556 42 19 and
1136 554 50 20 land

661 581 21 19 of
709 581 35 20 the
771 581 78 20 richest
876 581 88 25 quality.
991 581 65 24 Price,
1073 586 49 19 very
1139 581 46 19 low.

659 606 72 21 Terms
740 607 112 20 moderate.

749 659 33 20 On
791 659 89 20 account
889 659 22 19 of
921 658 34 20 the
965 659 134 25 Mortgagees,

661 694 55 20 That
721 695 98 24 Property
827 695 22 19 at
856 695 83 24 present
946 694 98 26 occupied
1055 694 27 26 by
1089 695 97 19 Richard

660 720 69 20 Keats
744 720 126 26 comprising
884 720 47 20 four
940 726 57 14 acres
1005 720 50 20 with
1066 720 52 25 good
1128 719 59 21 dwel*

661 747 68 24 ling—
731 747 65 19 house
812 747 17 19 &
846 746 76 20 Stable.
950 747 53 25 Very
1019 747 89 20 suitable
1125 747 33 18 for
1176 752 12 13 a

662 774 72 21 carter,
752 773 93 24 fronting
858 772 38 20 the
904 773 58 19 main
971 773 50 20 road
1032 773 21 19 to
1069 772 36 20 the
1131 771 56 20 mills

661 799 36 18 but
707 804 57 14 more
773 804 24 13 so
805 799 33 18 for
847 804 12 12 a
868 798 126 24 fellmonger,
1011 804 23 14 as
1052 798 58 19 three
1118 803 69 13 never-

661 823 74 25 failing
744 825 88 18 streams
841 828 39 14 run
899 825 48 24 past
965 824 57 20 three
1040 823 54 20 sides
1112 823 21 19 of
1152 822 36 20 the

661 851 103 24 property.
791 849 58 21 Price
858 854 48 21 very
916 850 46 20 low.

661 902 56 20 That
734 903 96 24 property
849 903 74 19 known
942 908 23 13 as
984 902 96 25 Skippers
1098 901 91 20 situated

662 928 94 25 opposite
764 928 90 20 Pearson
864 929 54 19 Park
928 928 50 19 with
994 928 45 20 half
1058 934 27 13 an
1103 933 47 14 acre
1167 927 22 19 of

661 954 50 19 land
721 960 26 13 on
758 954 67 20 which
835 954 57 20 there
901 954 18 19 is
927 960 12 13 a
947 954 57 25 Shop
1011 954 101 24 Dwelling
1118 953 71 20 House

662 980 71 20 Stable
742 980 42 20 and
793 987 12 13 a
815 981 51 23 good
877 980 43 20 well
931 981 17 18 &
957 980 99 20 Orohard.

661 1031 56 20 That
726 1032 100 25 Property
835 1032 75 19 known
920 1037 23 15 as
952 1030 112 21 Fenwick's
1082 1030 107 26 adjoining

661 1057 34 20 Mr
703 1057 74 20 Aliens
786 1058 128 20 Blacksmith
925 1057 64 25 Shop,
999 1057 126 25 comprising
1143 1056 46 20 half

662 1089 27 14 an
699 1089 53 18 acre,
762 1084 50 19 with
830 1084 54 25 good
903 1083 95 25 dwelling
1015 1082 66 21 house
1099 1082 18 21 &
1133 1082 57 26 large

664 1108 56 22 Shed
729 1110 17 20 &
755 1110 76 20 Stable.

661 1160 56 21 That
734 1161 131 20 two-storied
881 1161 99 25 Building
998 1166 28 15 on
1044 1161 36 21 the
1096 1161 93 24 Terrace,

662 1187 107 25 adjoining
778 1187 34 20 Mr
820 1187 121 21 Pritchards
950 1188 61 20 store.

754 1239 32 21 On
796 1241 88 19 account
894 1241 21 19 of
925 1240 34 20 Mr
968 1241 30 21 H.
1007 1240 95 21 Heaene.

661 1275 40 21 His
710 1281 49 21 very
774 1280 86 22 compac
888 1276 55 20 little
959 1276 100 27 Property
1077 1276 23 20 m
1119 1275 69 25 Queen

661 1302 71 23 Street,
743 1302 122 25 containing
873 1302 64 20 about
945 1302 27 27 4|
980 1303 63 19 Acres
1052 1302 22 19 of
1080 1301 45 21 rich
1132 1302 56 24 land,

663 1328 121 19 subdivided
793 1328 47 20 into
850 1329 78 19 several
938 1329 62 19 small
1009 1328 112 26 paddocks,
1138 1328 50 20 with

661 1354 54 24 good
732 1354 72 19 House
822 1354 92 24 thereon,
932 1354 58 20 brick
1007 1354 53 19 well.
1084 1354 51 19 Cost
1153 1353 36 21 the

662 1385 69 14 owner
740 1380 61 19 £250.
828 1379 50 20 Will
888 1380 25 19 be
922 1380 45 20 sold
976 1382 23 18 at
1008 1386 13 14 a
1030 1385 49 19 very
1087 1379 101 20 consider-

659 1404 47 21 able
714 1404 107 22 reduction
831 1411 27 15 on
868 1405 43 20 this
920 1406 61 26 price.

747 1457 32 20 On
790 1458 88 19 account
888 1458 22 19 of
918 1458 33 19 Mr
961 1457 135 21 Wooldrige.

662 1493 39 21 His
710 1493 45 20 nice
764 1492 55 22 little
828 1494 106 25 Property,
944 1493 91 21 situated
1045 1496 21 18 at
1075 1493 35 21 the
1116 1498 72 16 corner

662 1520 22 20 of
692 1519 84 21 Church
783 1519 67 21 Street
857 1521 18 18 &
881 1520 46 25 Bay
934 1520 57 22 road,
998 1520 126 25 comprising
1131 1519 58 21 three

661 1547 62 19 Acres
733 1546 21 19 of
764 1545 45 20 rich
817 1545 58 24 land,
887 1545 57 21 filled
952 1546 50 20 with
1012 1546 51 20 fruit
1078 1545 42 21 and
1129 1545 59 21 other

660 1573 58 19 trees.
749 1571 46 21 The
804 1571 109 26 Buildings
923 1572 102 25 comprise
1034 1572 78 24 House,
1123 1571 62 25 Shop.

616 1609 2 19 I
660 1598 43 20 and
717 1598 62 26 large
791 1597 56 21 Shed
862 1598 51 20 with
925 1599 47 19 iron
988 1598 52 21 roof.
1074 1598 59 20 Price
1141 1603 47 20 very

660 1625 45 19 low.

753 1676 33 20 On
796 1677 88 19 account
894 1677 21 19 of
925 1676 33 20 Mr
967 1676 132 20 Bbettargh.

661 1712 113 25 Fifty-four
784 1712 63 20 Acres
856 1712 22 19 of
886 1712 53 24 good
948 1712 57 24 land,
1016 1710 122 21 subdivided
1143 1710 47 21 into

661 1740 41 18 two
708 1738 104 25 paddocks
819 1738 28 20 all
854 1738 71 20 fenced
932 1738 42 19 and
979 1738 44 20 laid
1029 1738 58 19 down
1095 1737 22 20 m
1124 1743 64 18 grass,

616 1771 2 23 I
661 1764 90 20 situated
760 1764 94 25 opposite
870 1764 36 20 the
920 1763 147 26 Immigration
1080 1763 108 20 Barracks.

659 1790 59 20 Price
727 1796 47 19 very
781 1790 44 20 low.
837 1790 70 20 Terms
916 1796 56 19 eaßy.

661 1842 89 25 Seventy
758 1843 61 20 Acres
828 1842 135 25 unimproved
972 1841 51 21 land
1030 1848 26 14 on
1066 1841 61 21 Ellis'
1134 1842 56 25 Flat,

661 1867 108 26 adjoining
777 1869 34 19 Mr
820 1869 71 19 James
899 1869 101 19 Wilson's
1009 1869 69 19 Farm.

659 1919 78 26 Eighty
746 1920 61 21 Acres
817 1919 108 26 adjoining
932 1919 35 19 Mr
973 1919 145 21 O'Halloran's
1127 1919 61 20 farm;

781 1973 32 20 On
823 1974 87 19 account
920 1973 22 19 of
952 1973 34 19 Mr
994 1972 69 20 Rows.

661 2004 38 19 116
717 2004 62 19 Acres
798 2003 22 19 of
838 2003 56 22 land,
913 2003 115 26 adjoining
1042 2003 36 19 Mr
1094 2003 95 20 Dueler's

659 2029 60 24 land,
731 2030 23 19 at
763 2029 55 19 View
829 2029 52 20 Hill,
887 2029 94 24 fronting
985 2029 58 19 Four
1047 2029 68 19 Chain
1123 2029 65 19 Road.

659 2055 72 21 Water
739 2060 47 15 race
795 2054 92 25 running
896 2055 106 24 alongside
1009 2055 21 19 of
1039 2055 35 19 the
1083 2055 106 24 Property.

741 2107 31 19 On
783 2107 87 19 account
880 2107 22 19 of
911 2107 35 19 Mr
954 2106 27 20 H.
994 2105 105 26 Dudding.

660 2138 53 20 2529
724 2138 61 19 Acres
798 2138 22 19 of
828 2137 52 25 good
888 2137 86 24 grazing
982 2137 55 23 land,
1045 2143 50 14 near
1102 2137 86 20 Master-

660 2166 44 21 ton,
718 2163 76 26 (North
804 2163 87 25 Island),
909 2163 51 20 with
969 2163 54 20 2000
1031 2163 67 25 sheep.
1129 2163 59 19 Good

659 2189 113 25 Buildings
791 2189 42 19 and
852 2188 63 26 sheep
932 2189 61 24 yards
1012 2188 91 22 thereon.
1127 2188 61 20 Land

661 2215 70 26 partly
740 2215 114 25 improved.

752 2267 32 21 On
796 2268 88 20 account
893 2269 22 18 of
925 2268 32 20 Mr
966 2268 13 20 J
989 2268 22 19 M
1020 2267 69 21 Booth

660 2298 138 25 Ninty-seven
809 2300 61 18 Acres
878 2298 59 20 Bush
945 2298 57 25 land,
1012 2298 61 21 West
1083 2298 83 20 Oxford.

660 2330 50 19 Also
720 2335 12 14 a
741 2330 89 19 number
839 2330 22 19 of
870 2330 59 19 other
936 2329 123 25 Properties,
1078 2329 50 20 with
1146 2330 43 19 and

661 2354 87 21 without
757 2355 111 25 buildings,
877 2356 42 19 and
929 2361 12 14 a
951 2355 88 20 number
1055 2356 22 19 of
1095 2355 93 25 building

660 2380 90 21 sections
757 2381 21 20 m
788 2381 83 20 various
878 2382 58 24 parts
945 2382 22 18 of
976 2381 36 20 the
1019 2381 110 25 township.

811 2432 36 20 TO
863 2432 54 21 LET
924 2433 38 20 OR
976 2432 69 21 SELL

748 2464 33 19 On
790 2464 88 19 account
887 2463 22 20 of
918 2463 33 20 Mr
959 2463 26 20 D.
997 2463 101 20 Sladden.

659 2494 40 22 His
720 2493 43 21 late
772 2493 120 25 Residence,
910 2494 67 25 nicely
992 2493 97 25 situated,
1099 2500 23 14 so
1132 2500 25 14 as
1165 2495 22 19 to

660 2519 112 22 command
781 2525 12 14 a
802 2520 50 20 view
862 2520 22 19 of
893 2519 36 21 the
938 2519 140 25 surrounding
1093 2521 93 24 country,

660 2546 126 25 comprising
795 2547 36 18 ten
840 2551 64 17 acres,
912 2545 51 20 with
973 2547 34 19 ten
1014 2545 86 21 roomed
1106 2545 79 26 House,

659 2572 52 21 with
720 2573 63 19 water
792 2572 44 20 laid
845 2577 35 19 on,
886 2572 54 25 good
947 2572 52 20 bath
1005 2577 66 18 room,
1078 2572 43 20 and
1127 2578 60 20 every

660 2598 143 21 convenience.
838 2598 44 19 The
895 2598 50 20 land
954 2598 18 19 is
986 2598 82 20 divided
1077 2598 45 20 into
1129 2598 58 21 three

660 2624 111 26 paddocks,
781 2629 12 15 a
803 2624 95 25 splendid
907 2624 77 25 garden
991 2623 43 22 and
1041 2623 88 21 orohard
1141 2624 45 21 well

658 2650 59 21 filled
726 2650 51 21 with
786 2650 51 21 fruit
846 2650 43 21 and
898 2649 132 22 ornamental
1038 2650 60 21 trees.

879 2703 54 20 Also
933 2714 28 4 —

659 2739 65 25 Forty
741 2738 62 20 Acres
817 2738 22 20 of
855 2738 70 25 partly
940 2737 81 21 worked
1037 2739 36 19 out
1092 2737 60 21 bush.
1168 2738 18 20 A

657 2770 48 19 very
715 2765 57 24 early
790 2764 104 22 selection,
904 2764 42 19 and
955 2765 40 19 300
1004 2765 62 18 Acres
1075 2764 22 19 of
1105 2764 81 20 worked

658 2791 37 20 out
703 2790 55 20 bush
766 2790 64 25 lately
838 2789 98 25 occupied
944 2789 28 25 by
980 2789 33 21 Mr
1021 2789 132 25 Youngman.

868 2841 36 21 TO
913 2841 55 21 LET

657 2895 88 25 Cottage
758 2894 94 26 opposite
866 2893 33 21 Mr
911 2893 137 26 Weylaudt's.
1084 2893 62 26 Bent,
1160 2894 25 20 4s

657 2927 36 20 per
701 2921 61 20 week.

657 2953 118 20 Furnished
783 2953 87 24 Cottage
879 2952 107 25 adjoining
997 2952 35 20 the
1041 2951 48 21 Sale
1098 2951 73 21 Tards.

751 3011 33 20 On
794 3012 88 19 account
891 3011 22 19 of
923 3010 37 19 Mb
968 3010 84 19 Fbohm.

658 3046 57 20 Four
725 3047 63 20 Acres
797 3046 22 20 of
827 3045 61 21 Land
897 3045 51 21 with
957 3046 73 20 House
1037 3045 149 20 andOutbuid-

659 3073 48 24 ings
717 3073 92 22 thereon,
829 3078 48 19 very
896 3072 45 20 rich
959 3071 52 21 land
1025 3071 93 25 fronting
1127 3071 58 20 main

657 3098 53 21 road
718 3098 54 21 East
785 3097 85 21 Oxford.

764 3129 33 20 On
807 3130 89 19 account
905 3129 22 20 of
936 3133 58 16 same
1004 3133 69 16 owner

658 3156 26 21 20
694 3155 63 20 Acres
765 3156 23 19 of
796 3155 128 20 worked-out
940 3154 55 21 bush
1011 3154 50 21 land
1077 3153 108 27 adjoining

659 3183 35 20 Mr
702 3181 72 21 Friaiß
781 3182 60 19 West
851 3181 85 20 Oxford.

739 3234 33 21 On
781 3234 89 20 account
879 3234 22 19 of
910 3234 34 19 Mr
952 3233 58 20 John
1019 3232 87 21 Fishee.

659 3270 43 21 His
711 3269 96 21 valuable
816 3269 65 21 Stone
891 3269 80 25 Quarry
981 3269 22 19 at
1011 3268 57 20 View
1077 3268 45 20 Hill
1138 3274 47 14 con-

660 3297 83 24 taining
752 3295 36 21 the
798 3295 44 21 best
852 3295 94 25 building
957 3295 59 19 stone
1025 3294 22 20 m
1057 3294 129 26 Canterbury

659 3323 51 21 with
720 3324 25 20 20
754 3323 63 20 Acres
827 3323 21 19 of
856 3322 61 20 Land
927 3328 28 14 on
973 3320 68 22 which
1060 3321 57 21 there
1135 3321 19 20 is
1172 3327 13 15 a

660 3355 57 15 seam
727 3349 21 21 of
757 3349 125 22 Limestone.

662 3425 188 33 JOHN
880 3425 303 34 INGRAM

805 3494 235 29 AUCTIONEER,

741 3553 365 31 OXFORD.

76 211 277 53 Illlllliltl
382 211 165 48 fSHUui

141 282 341 28 GENERAL'jCARRIERS

261 333 92 19 between

80 367 287 29 CHRISTCHI/RCH
384 367 21 25 &
424 362 148 28 OXFORD

47 510 103 26 Parcels
168 508 51 27 and
238 507 85 26 Goods
341 506 83 34 safely
438 503 132 28 delivered

141 555 38 19 AT
193 553 83 21 VERT
289 552 66 21 LOW
370 550 101 21 RATES.

142 656 76 42 W.
258 651 213 50 MUNN,

69 731 164 32 WEST
280 726 249 34 OXFORD.

51 833 64 30 The
129 832 126 39 Largest
265 830 149 38 Cheapest
425 827 60 29 and
499 825 72 29 Best

256 885 69 15 STOCK
339 884 27 15 OF

129 918 134 22 ENGLISH
277 916 62 20 AND
354 912 149 23 COLONIAL

50 964 179 49 BOOTS
248 962 115 47 MB
383 957 187 51 SHOIS.

115 1030 47 31 IN
183 1029 86 31 THE
291 1024 205 34 DISTRICT.

165 1147 323 84 SADDLERY.

47 1263 79 52 H.
153 1260 59 54 J.
229 1251 343 60 LAMING

137 1353 340 39 SADDLER

273 1420 63 22 AND

47 1479 281 44 HARNESS
361 1474 208 41 MAKER

189 1556 70 24 Near
276 1553 146 25 Saleyards,

79 1633 45 40 o
148 1632 64 39 s;
235 1627 113 56 f_o
373 1627 53 38 r
454 1625 44 39 d
517 1651 13 11 .

44 1700 88 24 Orders
144 1698 48 25 and
203 1695 101 31 Eepairs
318 1691 122 33 promptly
452 1689 117 25 executed

200 1742 25 21 at
236 1738 84 23 lowest
330 1737 73 22 rates.

94 1777 432 55 BIOTEITCMVASES

45 1844 98 39 made
165 1843 37 37 to
222 1839 96 39 order
333 1837 68 39 and
414 1834 155 49 repaired

158 1949 105 28 COALS
272 1950 6 23 !
312 1945 107 28 COALS
428 1947 5 23 1
448 1947 6 23 !

45 2017 141 27 Newcastle,
219 2013 131 31 Westport,
391 2008 176 32 Coalpitheath,

214 2046 118 26 Malvern,
350 2043 49 24 and

76 2079 174 26 Blacksmiths'
269 2077 112 23 Brunner
397 2074 63 24 Nuts
470 2072 65 25 Coal.

45 2145 150 22 FIREWOOD
209 2143 23 20 m
245 2141 92 25 Lengths
350 2140 22 19 to
385 2137 48 22 Suit
452 2135 116 22 CLIENTS

113 2203 86 24 I^P°At
212 2201 92 20 Lowest,
311 2199 101 20 Current
426 2196 76 19 Rates.

46 2264 20 23 A
73 2262 158 30 Conveyance
238 2259 75 24 meets
321 2264 69 22 every
396 2253 72 26 train.
487 2251 82 25 Goods

57 2293 120 31 conveyed
187 2295 27 21 to
224 2298 70 22 every
300 2291 54 29 part
365 2288 26 24 of
400 2287 43 24 the
453 2284 104 25 district.

103 2325 99 26 Booked
212 2322 91 32 parcels
313 2319 120 26 delivered
443 2318 61 24 Free

159 2357 84 23 within
260 2354 42 24 the
318 2351 121 31 Borough.

47 2389 156 28 Commercial
229 2385 142 26 Travellers'
400 2382 170 31 requirements

72 2423 50 24 will
132 2421 92 25 receive
233 2418 32 25 all
276 2423 124 23 necessary
411 2413 130 25 attention.

216 2460 55 34 A^
297 2455 207 36 BTTRT.

142 2503 166 26 GENERAL
326 2499 160 27 CARRIER,

45 2549 91 26 COAL
151 2549 18 23 &
180 2543 180 28 FIREWOOD
371 2538 196 29 MERCHANT,

238 2588 131 24 Rangiora.

44 2666 86 26 Orders
139 2673 56 23 may
207 2664 30 24 be
245 2662 43 25 left
296 2664 25 22 at
332 2660 39 25 Mr
379 2659 26 26 C.
416 2659 22 24 I.
447 2657 121 31 Jennings

157 2697 129 26 Stationer*
308 2693 129 31 Rangiora.

42 2805 55 77 P.
126 2803 50 79 C.
205 2793 360 95 JOHNANSEN,

273 2987 59 22 AND

62 3034 496 47 PERAMBULATOR

43 3107 522 48 MANUFACTURER,

87 3183 169 34 QUEEN
309 3177 214 31 STREET,

42 3245 186 35 E^IST
269 3242 301 35 OXFORD-

88 3378 440 53 PHOTB6IIFIT,

43 3483 44 33 J.
118 3482 98 33 S:P
231 3480 28 33 I
276 3480 40 31 L
334 3480 39 32 L
388 3480 44 33 E
445 3480 50 32 IR

41 3560 114 26 removed
165 3559 62 23 from
243 3556 114 25 Colombo
375 3557 36 24 St.
431 3558 25 23 to
477 3556 91 25 Oxford

52 3603 101 25 Terrace
165 3601 64 24 close
240 3600 26 22 to
278 3598 87 24 Cashel
377 3599 79 25 Street
468 3599 89 31 Bridge

166 3641 273 27 CHRISTCHURCH.

76 3723 116 24 Cabinets
209 3721 32 23 10
252 3718 113 31 shillings
376 3726 42 23 per
430 3719 84 23 dozen.
