2529 4029
1898 3896 73 17 Printed
1983 3897 37 16 and
2033 3897 96 20 published
2145 3903 56 16 every
2218 3899 113 21 Wednesday
2348 3900 35 15 and
2391 3898 89 20 Saturday

1915 3917 90 21 morning,
2019 3918 25 20 by
2062 3918 84 17 Samubl
2159 3919 91 20 Revans,
2266 3922 20 15 at
2299 3920 33 16 the
2349 3920 54 16 Office
2417 3919 20 17 of
2447 3919 32 16 the

1915 3938 51 17 New
1978 3938 99 17 Zealand
2088 3940 92 17 Gazette
2190 3945 43 12 and
2246 3941 136 17 Wellington
2398 3940 82 17 Specta-

1915 3962 44 16 tor
1970 3959 156 23 Manners-street,
2135 3961 117 22 Wellington,
2263 3962 43 18 Port
2319 3961 104 20 Nicholson,
2436 3959 44 19 New

1916 3979 86 15 Zealand.

557 36 99 46 STljc
825 35 208 42 Zcalanfc
1058 36 193 46 (S^cttc
1274 35 94 41 attir
1392 34 300 48 WBtUinqton
1715 31 255 50 £ptctatoi\

828 123 90 26 Maps,
929 123 105 25 Charts,
1045 123 55 24 &c,
1117 135 5 3 -

672 149 92 49 THE
774 149 157 27 -undersigned
945 148 41 23 has
998 149 49 27 just
1062 149 105 21 received
1183 156 14 15 a
1206 157 53 14 con-

717 194 3 4 .
746 177 113 26 signment
879 174 24 23 of
918 182 65 21 maps
1000 175 46 22 and
1059 175 80 24 .charts
1157 175 59 23 from
1235 176 23 22 J.

670 202 94 28 Wyld's,
789 203 97 26 Charing
908 203 72 26 Cross,
1006 202 145 27 Geographer
1167 205 30 19 -to
1220 202 39 23 the

670 229 86 27 Queen,
767 229 37 21 viz
811 238 5 14 :
817 241 29 4 —

696 255 73 28 Large
779 259 44 19 two
833 256 63 22 sheet
905 263 53 22 map
968 255 25 22 of
999 255 57 21 New
1064 255 109 27 Zealand,

697 282 51 22 One
758 281 64 23 sheet
830 290 52 19 map
893 282 25 22 of
925 278 57 26 New
991 281 106 27 Zealand,

696 308 108 22 Chaffers'
822 309 69 22 chart'
900 309 26 21 of
941 308 78 22 Cook's
1039 308 86 27 Straits,
1143 307 56 23 with
1215 307 42 23 the

666 335 70 21 latest
746 335 117 27 additions,

696 361 107 23 Chaffers'
814 362 63 22 chart
887 361 24 22 of
917 362 55 22 Port
981 360 130 28 Nicholson,
1244 361 9 19 1

696 389 132 21 Mercator's
839 389 63 21 chart
911 388 25 22 of
948 387 38 22 the
995 387 76 27 world,
1083 388 41 21 &c.
1136 387 40 22 &c.
1188 389 40 21 &c.
1237 400 12 3 -

1026 414 112 22 William
1154 414 74 22 Lyon:

668 442 85 22 Corner
762 441 26 22 of
793 441 157 22 Willis-street'
955 441 44 21 and
1009 441 192 28 Lambton-quay.
1235 441 5 7 '

842 468 57 21 June
909 469 34 26 21,
955 469 60 20 1842.

897 513 41 20 On
959 512 67 25 Sale,

668 546 92 48 THE
775 546 77 22 BEST
866 546 76 21 CASE
958 545 63 27 GIN,
1037 545 24 21 in
1072 552 61 14 cases
1146 546 47 21 and
1209 546 52 22 half

744 580 68 14 cases.

983 598 82 22 Waitt
1081 598 46 22 and
1136 598 92 23 Tyser.

694 626 59 21 June
764 627 33 25 24,
810 627 61 20 1842.

893 671 53 19 For
960 670 69 25 Sale,

666 702 138 34 rpEGG'S
820 702 101 23 SHEET
935 702 198 23 ALMANACKS
1150 703 34 22 for
1194 705 60 26 1842,

672 725 31 26 JL
741 730 82 26 Tegg's
832 729 109 28 Washing
952 730 69 26 Book,

691 756 82 27 Tegg's
784 756 147 22 Commercial
941 756 84 22 Pocket
1034 756 95 23 Diaries.

666 790 87 20 Gazette
764 789 78 27 Office,
849 789 64 22 June
922 791 35 25 25,
969 791 59 21 1842.

905 834 106 21 Notice.

903 868 136 27 Wellington
1049 868 61 22 June
1119 868 34 27 27,
1166 871 60 21 1842.

666 902 93 33 rjIHE
935 902 97 21 hitherto
1048 902 125 21 conducted
1182 903 74 22 under

672 923 30 28 JL
741 928 37 23 the
795 928 51 21 firm
855 928 27 22 of
895 928 60 22 John
967 928 42 21 and
1019 929 87 25 George
1120 929 73 22 Wade
1202 930 51 27 will,

664 956 58 21 after
732 956 37 21 the
787 956 33 20 Ist
830 956 43 26 day
891 955 25 21 of
930 954 60 27 July,
1005 956 60 26 1842,
1080 956 29 21 be
1125 956 86 22 carried
1227 965 27 14 on

663 982 75 21 under
747 982 37 21 the
792 989 65 14 name
868 982 25 21 of
901 982 60 21 John
970 982 67 21 Wade
1049 983 44 20 and
1105 983 38 21 Co.
1152 991 6 17 ;
1171 984 45 21 and
1226 984 28 21 all

662 1016 93 20 persons
762 1008 107 22 indebted
877 1011 23 18 to
910 1008 37 22 the
955 1008 49 22 firm
1013 1009 26 21 of
1046 1008 60 22 John
1115 1009 45 22 and
1167 1010 87 27 George

664 1035 79 27 Wade,
755 1042 37 15 are
805 1035 119 28 requested
938 1035 113 22 forthwith
1061 1039 22 18 to
1093 1043 45 20 pay
1148 1036 59 23 their
1219 1045 35 14 re-

663 1062 99 28 spective
772 1066 107 18 accounts
891 1066 21 17 to
924 1062 37 21 the
971 1062 155 27 undersigned,
1138 1064 116 22 otherwise

663 1089 53 27 they
727 1089 45 22 will
781 1089 29 22 be
823 1088 90 23 handed
922 1092 49 19 to.a
986 1089 100 22 Solicitor
1095 1090 34 21 for
1138 1097 115 21 recoveiy.

1063 1123 64 23 John
1142 1123 82 23 Wade.

765 1168 75 21 John
854 1168 137 25 Medares,
1007 1168 142 21 deceased.

662 1201 205 49 WHEREAS,
885 1201 87 23 Letters
991 1201 25 21 of
1029 1201 187 23 Administration
1232 1202 24 22 of

760 1228 37 22 the
808 1232 69 18 estate
888 1229 44 21 and
943 1228 73 22 effects
1026 1228 26 22 of
1059 1228 63 22 John
1129 1231 4 3 '
1139 1229 112 27 Medares,

662 1255 46 21 late
725 1255 27 21 of
764 1255 85 27 Kapiti,
859 1255 58 22 New
927 1255 106 27 Zealand,
1051 1262 13 14 a
1079 1255 81 21 citizen
1179 1257 26 21 of
1216 1257 37 21 the

663 1281 85 22 United
759 1283 72 21 States
841 1282 25 22 of
878 1282 112 26 America,
1001 1281 116 28 deceased,
1128 1282 58 22 have
1196 1283 57 22 been

662 1308 95 27 granted
773 1312 23 18 to
812 1309 100 21 William
926 1309 111 26 Mayhew,
1054 1309 151 23 Vice-Consul
1219 1311 34 20 for

662 1335 38 22 the
717 1335 85 22 United
821 1337 72 21 States
912 1336 26 21 of
953 1336 113 21 America.
1103 1335 40 22 All
1159 1344 94 17 persons

662 1362 84 27 having
764 1370 44 19 any
827 1362 65 22 claim
910 1370 24 14 or
954 1362 97 22 demand
1070 1370 60 19 upon
1152 1363 36 22 the
1206 1364 47 21 said

663 1391 76 24 estate,
758 1396 37 14 are
809 1389 118 28 requested
941 1393 21 17 to
974 1389 54 22 send
1037 1389 38 22 the
1089 1390 131 26 particulars
1229 1393 24 19 to

662 1415 37 22 the
714 1416 151 27 undersigned
873 1424 5 19 ;
896 1416 43 21 and
956 1416 28 21 all
1000 1424 91 19 persons
1107 1417 108 22 indebted
1229 1421 23 18 to

662 1442 37 22 the
710 1443 49 21 said
769 1446 75 23 estate,
857 1450 37 14 are
905 1443 116 27 requested
1030 1447 23 17 to
1068 1451 44 20 pay
1122 1444 56 21 such
1189 1444 64 22 debts

663 1473 23 19 at
693 1469 41 22 ±he
745 1469 62 22 office
820 1471 25 20 of

716 1503 91 22 Messrs.
824 1504 78 21 Evans
916 1503 46 22 and
976 1504 124 26 Chetham,

1021 1530 120 27 Solicitors,

1076 1558 146 27 Wellington.

662 1591 32 22 Or
709 1593 23 19 to
751 1591 91 26 Captain
859 1591 100 21 William
976 1591 110 27 Mayhew,
1099 1592 152 22 Vice-Consul

662 1619 25 21 of
694 1618 37 22 the
739 1618 86 22 United
835 1619 71 21 States
912 1619 26 20 of
945 1619 111 26 America,
1066 1619 48 26 Bay
1121 1618 23 22 of
1154 1619 95 22 Islands.

690 1652 145 27 Wellington,
847 1653 59 21 J\me
917 1654 34 25 29,
963 1654 59 21 1842.

833 1699 78 19 Land
924 1698 31 20 in
969 1698 106 21 Karori.

660 1731 180 50 WANTED
872 1732 40 21 TO
941 1731 172 27 PURCHASE,
1143 1732 56 22 land
1225 1733 24 21 in

759 1758 80 22 Karori
849 1758 91 22 district.
971 1758 75 28 Apply
1056 1761 21 18 to

1058 1785 66 22 John
1137 1786 84 22 Wade.

688 1811 31 22 Te
731 1812 54 25 Aro,
799 1812 60 21 June
870 1813 24 25 1,.
901 1814 60 20 1842.

789 1856 133 27 Building
942 1857 177 21 Allotments.

661 1889 90 49 FOR
773 1890 86 27 SALE,
884 1890 101 27 building
1009 1890 132 27 allotments,
1166 1891 85 26 having

734 1917 113 26 frontages
858 1925 28 14 on
898 1917 73 22 Willis
980 1917 42 22 and
1035 1916 111 23 Ghuzhce*
1156 1918 92 26 Streets,

659 1946 42 19 two
719 1944 27 21 of
756 1944 37 21 the
805 1944 110 28 principal
931 1947 78 18 streets
1023 1944 26 22 of
1061 1944 36 21 the
1109 1948 65 18 town.
1205 1944 45 23 For

659 1970 63 28 plans
733 1970 45 22 and
787 1970 137 28 particulars,
936 1971 66 27 apply
1011 1975 22 18 to

1068 1998 28 20 A.
1113 1998 108 21 Ludlam.

856 2031 74 14 TERMS
946 2031 105 14 EIBERAL.

686 2049 147 28 Wellington,
846 2050 58 21 June
913 2052 35 24 28,
960 2052 59 20 1842.

659 2095 173 27 Wellington
853 2096 55 20 and
926 2096 156 26 Wanganui
1083 2106 29 5 —
1112 2096 92 21 Lands
1219 2097 28 19 to

900 2123 32 20 be
948 2123 58 20 Let.

659 2155 122 35 rpOWN
805 2155 212 22 ALLOTMENTS
1040 2156 23 21 in
1089 2156 30 21 all
1141 2160 62 24 parts
1227 2157 25 20 of

666 2177 28 26 JL
734 2182 137 27 Wellington
889 2183 43 20 and
944 2183 131 27 Wanganui,
1089 2183 45 21 and
1150 2184 99 26 Country

658 2209 98 22 Sections
770 2209 23 21 in
810 2209 55 22 both
881 2209 103 27 districts,
1001 2213 22 18 to
1039 2210 26 21 be
1080 2210 33 21 let
1122 2217 28 14 on
1169 2210 78 22 leases.

658 2236 43 21 For
711 2236 63 27 plans
784 2236 46 21 and
839 2237 139 27 particutars,
990 2237 66 27 apply
1066 2239 22 19 to

992 2264 85 21 Henry
1094 2264 36 21 St.
1146 2264 74 22 Hill.

684 2289 55 28 July
750 2292 17 25 1,
780 2291 61 20 1842.
865 2303 5 5 -

807 2336 39 20 To
862 2336 34 20 be
911 2336 50 20 Let
977 2341 29 15 or
1023 2336 73 21 Sold.

656 2369 50 48 A
723 2368 107 22 SMALL
846 2369 91 21 FARM
952 2368 26 22 of
984 2369 25 21 25
1020 2376 62 15 acres
1093 2377 28 14 on
1132 2369 37 22 the
1181 2369 65 26 Hutt,

736 2395 38 22 the
781 2395 71 22 whole
864 2395 95 28 cleared,
967 2395 110 28 stumped,
1082 2397 109 26 inclosed,
1204 2397 45 22 and

656 2422 25 22 fit
691 2422 34 22 for
736 2422 36 22 the
788 2422 84 28 plough
879 2430 5 19 ;
899 2426 51 23 part
964 2423 70 21 under
1046 2430 60 19 crop.
1136 2423 113 28 Together

656 2449 52 21 with
727 2456 14 14 a
761 2449 131 22 substantial
911 2450 44 21 and
974 2450 145 22 comfortable
1138 2451 109 22 weather-

654 2475 101 23 boarded
769 2476 44 22 and
829 2476 72 22 slated
915 2476 78 27 house,
1006 2477 123 22 three-stall
1138 2478 109 21 weather-

654 2503 101 21 boarded
764 2503 77 27 stable,
849 2503 45 22 and
903 2503 62 22 other
971 2504 167 22 conveniences.
1167 2505 80 22 Terms

655 2529 86 28 liberal,
753 2529 67 28 apply
829 2534 23 18 at
861 2530 44 21 this
916 2531 78 21 Office.

683 2564 56 27 May
749 2566 32 25 24,
794 2566 60 20 1842.

656 2611 87 20 Town
767 2611 55 20 and
846 2611 123 25 Country
988 2612 77 19 Land
1086 2613 31 18 to
1138 2612 51 21 Let
1210 2619 36 15 on

846 2638 79 27 Long
945 2638 108 21 Leases.

655 2671 100 50 NOS.
772 2671 26 22 of
813 2671 38 22 the
870 2674 60 19 town
950 2678 61 16 acres
1030 2679 29 14 on
1077 2671 38 23 the
1135 2673 112 28 Surveyor

856 2698 118 22 General's
985 2699 61 27 Plan,

764 2726 42 21 224
931 2726 42 20 510
1095 2727 41 21 263

656 2752 43 21 For
708 2752 140 27 particulars,
860 2752 67 27 apply
937 2755 22 19 to

819 2786 125 28 Wallace,
955 2786 93 28 White,
1061 2787 45 22 and
1120 2786 126 24 Wallace.

682 2812 57 28 May
748 2814 34 26 31,
794 2814 60 21 1842.

657 2864 67 49 TO
743 2864 40 21 BE
804 2864 87 25 SOLD,
907 2865 23 21 in
945 2865 43 21 lots
1003 2868 22 19 to
1044 2866 45 21 suit
1106 2866 140 28 purchasers,

722 2891 39 21 the
776 2891 71 21 whole
866 2887 26 25 of
902 2894 60 19 town
978 2899 48 14 acre
1043 2892 44 22 No.
1099 2895 46 24 134,
1164 2901 28 14 on
1209 2894 38 22 the

655 2918 51 27 plan
719 2918 26 21 of
748 2918 37 21 the
790 2918 68 21 Town
866 2917 25 22 of
894 2918 142 28 Wellington,
1042 2919 85 27 having
1133 2920 114 28 frontages

656 2948 21 18 to
686 2945 194 22 Taranaki-street
889 2945 251 27 and-Ingestrie-street.
1169 2948 79 22 Terms

654 2971 85 22 liberal.
769 2971 77 28 Apply
854 2976 25 17 to
908 2980 7 5 -
930 2987 11 5 ..

995 2999 35 22 W.
1042 2999 28 22 V.
1082 3000 109 28 Brewer,

1052 3026 195 24 Manners-street.

683 3052 60 22 June
753 3052 32 24 17,
797 3053 61 21 1842.
1235 3065 14 5 -

731 3098 134 26 Building
879 3098 170 21 Allotments
1056 3100 38 19 -to
1109 3100 59 22 Let,

657 3130 91 34 rpHE
767 3130 202 23 ADVERTISER
984 3131 64 22 offers
1063 3139 62 20 upon
1140 3133 110 28 Building

663 3153 29 26 X
706 3164 6 2 ■
731 3157 90 27 Leases,
833 3165 14 14 a
855 3158 96 21 number
962 3158 26 21 of
998 3159 69 21 Town
1075 3159 139 23 Allotments
1223 3160 25 23 in

650 3184 42 22 ,the
702 3187 61 19 most
772 3184 108 22 desirable
889 3188 61 23 parts
960 3185 27 21 of
997 3185 43 22 this
1051 3186 141 23 Settlement.

682 3211 49 22 The
750 3212 111 21 attention
878 3212 26 21 of
918 3211 41 22 the
975 3212 76 27 public
1067 3213 19 21 is
1102 3214 147 28 particularly

656 3238 72 22 called
746 3241 24 19 to
788 3238 39 22 the
846 3238 125 28 advantage
990 3239 26 22 of
1032 3239 108 28 Building
1155 3240 92 29 Leases,

654 3265 74 21 which
738 3265 38 22 the
785 3265 153 27 undersigned
945 3273 21 14 is
976 3266 96 22 enabled
1080 3270 23 18 to
1113 3271 73 23 grant,
1195 3269 52 27 viz.,

654 3291 59 22 from
722 3298 68 15 seven
801 3294 25 19 to
842 3294 140 25 twenty-one
997 3300 73 20 years,
1087 3294 123 28 according
1225 3298 23 19 to

655 3319 38 21 the
710 3319 68 21 value
797 3319 26 21 of
843 3319 39 21 the
904 3319 114 28 buildings
1038 3320 112 28 proposed
1173 3324 23 19 to
1219 3323 29 22 be

656 3345 97 22 erected.
781 3345 78 28 Apply
868 3348 24 19 to
983 3353 3 4 ■
1134 3358 9 4 -

820 3379 30 22 A.
866 3379 106 27 Ludlam,
985 3387 24 14 or
1065 3378 4 9 1

735 3413 4 4 •
819 3406 36 22 W.
871 3406 30 21 V.
914 3406 108 27 Brewer,
1036 3407 198 25 Manners-street.

657 3450 117 48 LAND
790 3449 61 23 to>be
862 3449 54 23 Sold
925 3458 25 14 or
960 3450 44 22 Let
1016 3458 29 15 on
1060 3451 104 28 building
1176 3453 72 22 leases

732 3477 26 21 in
767 3476 30 22 all
805 3480 63 24 partß
877 3477 26 22 of
910 3477 37 22 the
957 3477 76 23 Town.
1063 3479 77 28 Apply
1150 3484 22 17 to

767 3510 91 23 Messrs.
873 3510 79 23 Evans
967 3510 44 22 and
1023 3512 124 31 Phetham,

964 3538 118 27 Solicitors^

1028 3565 192 29 Lambton-quay.

686 3590 57 26 May
751 3592 34 24 23,
797 3592 61 21 1842.
1140 3604 2 3 ■

824 3636 91 21 Beach
931 3637 146 27 Frontage.

661 3668 65 47 TO
741 3668 40 22 BE
795 3668 65 29 LET,
876 3669 72 23 beach
957 3670 101 28 frontage
1072 3670 45 23 lots
1127 3672 24 21 in
1161 3675 87 20 section

715 3703 7 5 -
731 3696 43 20 490
783 3702 29 15 on
829 3696 37 22 the
877 3696 92 23 Plan-of
976 3697 38 22 the
1023 3698 68 22 Town
1106 3699 27 21 of
1140 3698 108 29 Welling-

658 3724 45 23 ton,
715 3721 117 27 adjoining
840 3723 44 22 Mr.
892 3723 90 22 Taine's
990 3728 66 24 store;
1073 3725 46 22 and
1127 3726 24 21 in
1161 3726 86 22 section

659 3748 46 26 616,
713 3747 102 22 between
823 3749 76 28 Major
906 3750 91 23 Baker's
1008 3752 43 21 and
1059 3752 46 22 Mr.
1112 3752 136 24 Swainson's

658 3773 88 23 houses.
988 3785 5 14 j

685 3801 56 21 Also
751 3801 38 21 the
797 3801 116 29 following
921 3804 96 23 sections
1026 3812 30 15 on
1065 3804 39 23 the
1110 3806 58 22 Plan
1176 3806 27 22 of
1210 3807 37 22 the

658 3827 135 27 Totyn,'viz:
795 3839 29 5 —

762 3855 27 21 55
926 3858 41 20 319
1115 3861 42 20 922

749 3882 43 21 240
926 3883 41 22 718
1103 3887 54 21 1079

684 3907 79 28 Apply
776 3912 23 18 to

837 3935 26 22 E.
879 3935 23 21 J.
917 3935 149 28 Wakefield,
1082 3945 25 14 or

798 3969 14 7 -
837 3961 80 25 W..V.
931 3961 107 27 Brewer,
1053 3963 194 25 Manners-street.

727 3994 2 3 •

246 124 27 20 J.
289 124 38 20 M.
343 124 108 26 Taylor,

70 157 151 22 LICENSED
246 156 239 23 CUSTOM-HOUSE
506 156 120 27 AGENT,

302 191 29 15 TE
345 191 53 15 ARO.

54 225 200 51 JSUTTON
275 228 21 22 is
315 235 50 15 now
387 227 106 28 prepared
511 230 23 18 to
554 226 85 27 supply,

94 266 11 10 •
135 254 126 27 wholesale,
270 255 37 21 the
320 255 120 27 profession
452 254 26 21 of
484 254 54 22 Port
548 252 92 23 Nichol-

54 288 47 19 son,'
111 281 93 27 Nelson,
222 281 128 26 Auckland,
367 281 46 21 and
430 280 38 22 the
486 280 64 22 other
566 279 75 22 settle-

53 311 74 18 ments
137 308 25 21 of
175 308 56 23 New
245 308 106 26 Zealand,
362 307 54 23 with
428 307 72 27 drugs,
513 305 125 27 chemicals,

53 334 74 27 stop'd
143 335 83 27 bottles,
244 337 55 25 pots,
317 335 40 21 &c.
372 335 48 25 &c,
437 333 43 22 and
498 340 60 19 upon
578 339 61 15 more

53 360 164 28 advantageous
226 365 69 18 terms
304 361 55 21 than
369 361 37 21 the
417 359 89 28 Sydney
514 359 107 21 markets.

78 394 21 19 A
109 394 123 25 respectable
240 394 66 25 youth
315 394 83 19 wanted
406 399 22 14 as
439 398 27 15 an
475 392 136 26 Apprentice.

52 427 99 21 Medical
160 426 62 27 Hall,
235 426 140 27 Wellington,
384 426 60 21 June
454 427 33 25 10,
499 426 63 20 1842.

50 472 46 30 rp
99 471 45 21 HE
163 471 155 21 PREMISES
338 470 69 27 lately
422 469 106 26 occupied
548 469 31 28 by
597 469 40 21 Dr.

57 492 30 27 _I_
127 497 93 26 Gilbert,
231 500 23 18 at
265 497 38 21 the
313 504 77 14 corner
401 496 25 22 of
433 496 152 22 Willis-street
595 496 44 21 and

49 523 38 22 the
96 523 78 27 beach,
186 524 43 21 will
245 523 30 21 be
291 523 84 27 shortly
384 522 87 28 opened
486 522 53 22 with
550 530 14 14 a
577 522 61 22 stock

49 550 25 22 of
87 551 94 25 genuine
197 550 67 26 drugs
280 550 45 22 and
341 549 107 22 chemical
465 550 57 21 from
536 549 102 28 Apothe-

49 577 70 21 caries
130 576 60 27 Hall,
202 576 103 22 London.

74 610 37 21 An
132 610 150 27 experienced
298 610 112 22 Assistant
424 610 95 26 wanted,
538 610 68 27 apply
616 611 21 19 to

46 636 24 22 J.
81 637 88 25 Sutton,
182 636 100 22 Medical
291 637 62 22 Hall.

75 668 61 22 June
146 670 32 25 10,
191 671 60 19 1842.

49 713 187 36 Tj^OR.SALE,
247 713 31 27 by
290 713 37 22 the
338 713 175 26 undersigned-

75 766 104 27 Superior
187 770 51 24 port
247 766 46 22 and
304 766 76 27 sherry
390 766 24 21 in
425 773 66 21 cases,

73 793 144 27 Champagne
227 794 24 21 in
263 794 63 26 ditto,

73 819 91 28 Brandy
174 820 23 21 in
208 824 92 23 quarter
308 819 70 28 casks,

74 847 45 21 Gin
129 847 24 21 in
162 847 64 22 hhds.

372 873 26 22 T.
412 873 32 22 M.
460 873 146 22 Partridge.

44 899 81 22 March
135 900 32 27 25,
180 901 61 20 1842.

282 946 38 20 To
336 946 59 24 Let,

45 980 52 48 A
125 978 258 22 SUBSTANTIALLY
406 978 93 23 BUILT
522 979 113 26 HOUSE,

113 1005 120 27 consisting
251 1005 27 21 of
293 1005 51 21 four
358 1012 82 19 rooms,
450 1005 53 22 with
518 1012 13 14 a
549 1005 55 22 roof
614 1005 26 21 of

43 1033 54 21 Van
117 1033 115 21 Dieman's
257 1032 68 21 Land
348 1031 109 28 shingles,'
474 1031 43 23 and
536 1039 14 14 a
572 1031 63 23 brick

44 1059 111 27 chimney,
167 1059 102 26 together
284 1058 53 22 with
352 1059 78 26 nearly
440 1066 40 15 one
491 1066 50 15 acre
551 1059 28 21 of
589 1058 46 22 cul-

44 1086 86 21 tivated
140 1085 43 22 and
191 1086 50 21 well
251 1085 82 21 fenced
341 1085 63 22 land.

71 1120 47 21 The
128 1120 70 21 house
207 1120 19 21 is
234 1118 126 28 pleasantly
371 1119 94 22 situated
471 1119 23 22 in
504 1127 12 14 a
524 1119 112 23 sheltered

43 1149 56 26 spot,
109 1146 24 21 in
142 1146 223 27 Majoribank-street

71 1180 44 21 For
129 1179 139 28 particulars,
281 1179 68 28 apply
364 1182 21 18 to
404 1179 48 22 Mr.
464 1179 109 28 Brewer,
585 1180 49 22 Mr.

43 1208 74 25 Park,
129 1214 25 14 or
163 1207 49 21 Mr.
224 1207 97 21 Robert
332 1206 120 22 Langdon.

247 1259 41 20 To
307 1259 34 20 be
356 1259 74 24 Sold,

46 1294 73 49 ON
142 1294 83 22 MOST
245 1293 260 22 ADVANTAGEOUS
521 1294 112 26 TERMS,

125 1328 28 14 an
171 1320 112 22 excellent
301 1320 64 21 retail
381 1323 59 18 store
459 1320 105 26 business,
583 1321 24 21 in
622 1328 13 14 a

42 1348 109 26 populous
158 1348 46 20 and
212 1348 43 20 fast
265 1347 127 26 increasing
398 1349 51 26 part
459 1347 25 21 of
491 1346 142 28 Wellington.

43 1374 48 22 The
101 1374 105 27 premises
216 1381 36 14 are
259 1373 26 21 of
293 1381 23 14 so
325 1373 60 27 good
395 1374 45 21 and
445 1381 76 19 roomy
528 1381 13 14 a
547 1378 86 23 nature,

42 1401 50 21 that
102 1401 109 21 sufficient
222 1407 41 15 can
272 1400 30 21 be
310 1400 114 21 under-let
439 1403 23 18 to
480 1401 60 21 clear
557 1401 78 27 nearly

42 1428 39 22 the
100 1431 57 18 rent.
194 1427 74 21 Three
285 1426 96 27 months,
406 1429 48 19 rent
472 1427 54 27 free,
546 1427 47 22 will
607 1428 27 21 be

42 1454 146 28 guaranteed.

71 1481 81 28 Apply,
162 1480 30 28 by
198 1480 73 27 letter,
284 1483 22 18 to
316 1480 68 27 X.Z.,
396 1482 25 19 at
429 1480 37 21 the
477 1480 69 22 Office
558 1481 28 21 of
591 1480 43 23 this

43 1515 77 20 paper.

70 1541 55 28 July
134 1544 19 24 8,
164 1542 60 21 1842.

228 1587 116 20 Gazette
360 1587 88 20 Office.

43 1620 200 23 STATIONERY
257 1619 197 23 WHOLESALE
470 1621 21 21 &
506 1620 126 23 RETAIL.

40 1655 90 48 WE
154 1655 43 26 beg
220 1657 21 19 to
266 1661 116 15 announce
402 1654 37 22 the
462 1655 86 26 arrival,
574 1655 59 21 from

139 1681 110 27 England,
261 1681 26 21 of
296 1681 36 21 the
349 1680 47 22 first
405 1684 49 24 part
463 1682 26 20 of
498 1689 40 13 our
554 1685 79 18 exten-

41 1708 48 21 sive
99 1708 74 22 orders
182 1708 24 21 in
216 1708 44 21 this
271 1708 143 27 department
424 1708 24 21 of
455 1708 108 22 business.
588 1709 46 21 Our

40 1735 65 21 stock
116 1734 89 28 already
216 1734 93 22 consists
325 1735 26 21 of
362 1742 67 19 every
438 1736 75 20 article
529 1736 104 27 required

39 1762 37 21 for
90 1762 97 26 Schools,
205 1762 83 26 Banks,
305 1762 85 26 Courts,
410 1762 53 22 Law
480 1762 88 27 Offices,
588 1762 45 22 and

40 1788 92 27 Artists,
144 1789 39 21 &c.
192 1796 6 19 ;
213 1788 76 22 whilst
297 1788 37 22 the
353 1789 136 21 ornamental
501 1789 44 21 and
562 1789 71 21 draw-

39 1816 41 26 ing
92 1822 62 14 room
170 1815 124 27 stationery
309 1815 40 21 lias
364 1819 40 17 not
416 1816 58 20 been
491 1816 140 22 overlooked.

39 1842 50 21 The
100 1842 126 21 difficulties
236 1842 118 27 attending
362 1842 38 21 the
411 1842 47 22 first
466 1842 167 22 establishment

37 1868 86 28 liaving
131 1869 58 21 been
204 1876 125 20 overcome,
341 1869 44 21 and
397 1876 66 20 every
479 1869 81 22 arrival
575 1870 57 21 from

40 1896 106 25 England
164 1896 83 26 adding
261 1896 63 21 fresh
341 1896 109 22 additions
465 1899 23 18 to
504 1903 39 15 our
559 1897 71 26 stock,

39 1922 46 22 will
104 1922 77 22 enable
197 1930 26 14 us
233 1925 23 19 to
273 1922 81 22 reduce
372 1930 40 14 our
427 1923 91 27 charges
529 1931 29 14 on
574 1927 59 19 most

38 1949 89 21 articles
137 1953 23 17 at
167 1949 58 21 least
233 1949 28 21 50
271 1956 40 20 per
320 1953 59 17 cent.

67 1983 155 26 Storekeepers
240 1983 45 20 and
304 1983 119 20 wholesale
442 1983 84 22 dealers
546 1992 42 13 can
604 1984 28 22 be

38 2009 103 27 supplied
157 2012 21 18 to
193 2016 44 20 any
247 2012 85 23 extent,
352 2009 43 21 and
412 2016 28 15 on
458 2014 66 17 terms
543 2011 89 27 equally

40 2036 165 27 advantageous
215 2038 22 19 to
248 2043 46 20 any
301 2036 106 21 obtained
416 2036 22 21 in
451 2037 95 27 Sydney,

41 2088 93 49 THE
158 2089 79 19 Nelson
258 2089 120 19 Examiner
400 2090 43 20 and
463 2090 52 20 New
538 2091 94 20 Zealand

118 2116 107 20 Chronicle
240 2115 127 28 (published
378 2118 23 19 at
411 2116 100 28 Nelson,)
527 2117 19 21 is
564 2125 66 20 regu-

37 2142 59 27 larly
114 2141 140 22 transmitted
271 2145 23 18 to
311 2142 145 28 Wellington,
476 2143 43 22 and
535 2151 53 21 may
602 2145 28 21 be

35 2169 49 21 vhad
94 2171 23 19 at
125 2169 38 21 the
173 2169 63 21 office
246 2169 27 21 of
284 2169 43 22 this
336 2176 76 21 paper.

66 2202 48 22 The
125 2204 77 20 Nelson
211 2205 118 19 Examiner
344 2204 44 21 will
397 2205 29 21 be
435 2205 70 22 found
514 2212 29 15 an
555 2206 75 22 excel-

35 2230 50 22 lent
93 2231 102 21 medium
205 2231 33 21 for
250 2230 138 22 advertisers.

66 2264 78 21 Terms
154 2264 33 21 for
197 2264 37 21 the
243 2271 75 21 paper,
330 2268 37 18 ten
376 2264 101 28 shillings
491 2273 38 20 per
538 2270 92 24 quarter

36 2290 96 28 payable
141 2291 23 22 in
174 2290 109 23 advance.

66 2325 82 23 Orders
169 2326 35 21 for
224 2327 37 21 the
285 2333 68 21 paper
376 2327 45 21 and
444 2327 184 23 advertisements

40 2352 104 22 received
153 2355 23 20 at
184 2353 39 22 the
233 2353 72 23 Office
316 2353 25 23 of
353 2353 43 22 this
405 2360 77 21 paper.

90 2405 54 21 For
164 2406 59 21 Sale
244 2408 31 19 at
296 2407 45 20 the
365 2407 106 20 Nelson
490 2407 83 26 Dairy

320 2434 30 20 at

217 2459 107 22 Nelson
339 2460 102 21 Haven.

41 2497 67 26 QA
125 2492 83 23 cows
223 2493 35 22 IN
275 2493 87 27 CALF,

37 2515 71 31 O\j
137 2522 28 20 30
173 2520 82 21 heifers
263 2520 25 21 in
299 2520 51 27 calf,

137 2548 28 20 50
172 2554 76 20 young
257 2546 91 28 heifers,

71 2574 15 21 4
93 2573 115 23 half-bred
217 2573 103 24 Durham
332 2574 65 27 bulls,

64 2603 26 20 11
101 2605 74 25 steers,

91 2631 15 20 6
115 2630 99 27 working
223 2629 110 27 bullocks,

90 2658 15 20 4
115 2657 62 21 stock
184 2657 85 27 horses,

91 2685 43 20 100
143 2691 63 20 ewes,

90 2712 29 20 50
129 2710 101 27 wethers,

64 2737 47 23 The
127 2738 70 21 above
211 2745 37 13 are
263 2737 68 22 from'
337 2737 41 21 Dr.
389 2737 93 27 Imlay's
499 2738 128 22 celebrated

33 2764 66 22 stock
110 2767 22 19 at
141 2764 100 23 Twofold
254 2764 58 26 Bay.
340 2764 48 22 The
400 2765 65 21 cattle
481 2772 36 14 are
526 2765 39 21 the
578 2765 50 21 best

36 2791 62 27 bred,
110 2791 57 23 have
177 2792 59 20 been
244 2791 87 21 landed
340 2791 24 21 in
377 2791 38 21 the
426 2791 65 22 finest
501 2792 70 26 order,
583 2792 44 22 and

35 2819 59 21 from
104 2818 38 22 the
156 2818 49 21 best
215 2818 107 22 selection
331 2818 26 21 of
363 2825 42 20 any
412 2818 32 21 lot
453 2822 38 23 yet
499 2819 98 27 brought
606 2823 21 17 to

36 2845 56 22 New
103 2845 106 22 Zealand.
240 2845 45 22 For
292 2844 138 28 particulars,
441 2845 64 27 apply
515 2849 23 17 to

228 2880 20 21 S.
265 2879 103 27 Revans,
383 2878 144 27 Wellington,
541 2886 24 15 or
576 2887 5 4 -

226 2912 30 21 D.
266 2912 149 26 Drummond,
427 2911 84 22 Nelson
523 2912 90 22 Haven.

37 2964 89 50 FOR
135 2964 85 26 SALE,
233 2971 26 15 ex
269 2965 95 23 London,
374 2964 31 27 by
415 2964 36 21 the
462 2964 164 27 Undersigned,

110 2990 102 28 previous
221 2994 23 18 to
252 2991 92 27 leaving
353 2992 35 20 for
397 2990 92 22 Nelson.

64 3018 53 22 Port
126 3018 66 21 Wine
202 3018 22 21 in
235 3018 71 22 wood.

64 3045 44 23 Do,
120 3044 35 22 do.
165 3044 23 21 in
197 3044 78 22 bottle.

66 3071 82 27 Sherry
156 3071 23 22 in
189 3072 70 26 wood,

63 3098 45 22 Do.
120 3098 36 22 do.
165 3097 24 22 in
199 3098 77 22 bottle.

64 3124 93 28 Brandy

66 3152 61 22 Rum
180 3157 12 16 >
209 3152 25 21 in
242 3152 68 22 hhds.

67 3178 93 21 Geneva
174 3173 10 31 J

66 3204 58 23 Irish
134 3205 54 21 beef
194 3206 25 20 in
228 3205 87 21 tierces.

66 3231 128 27 Archangel
202 3232 55 26 pork
267 3232 25 21 in
301 3232 90 22 barrels.

66 3259 77 21 Crates
151 3258 25 22 of
183 3258 160 22 earthenware.

66 3286 134 22 Puncheons
211 3285 25 21 of
242 3284 66 28 glass.

66 3313 22 21 A
98 3312 102 28 quantity
211 3312 26 21 of
242 3313 65 20 boots
317 3311 45 22 and
371 3312 70 22 shoes.

65 3340 23 21 A
98 3339 66 23 small
172 3339 103 28 quantity
286 3338 25 21 of
318 3338 79 28 kersey
405 3339 126 23 moleskins.

274 3370 108 22 Charles
393 3371 101 27 Empson,
506 3371 43 24 and
558 3372 40 21 Co.
622 3391 4 7 ,

68 3405 111 22 Lambton
190 3405 73 27 Quay,
274 3404 60 21 Jnne
344 3403 33 27 17,
389 3405 62 22 1842.

190 3457 43 20 Ex

40 3491 203 50 BLANKETS,

117 3517 64 23 Dark
190 3516 87 28 ground
286 3515 79 29 prints,

66 3544 107 27 Calicoes,
183 3544 67 22 white
263 3543 47 23 and
318 3549 61 21 grey,
573 3556 4 10 ,

63 3571 96 23 Printed
168 3571 84 21 merino
264 3570 93 25 dresses,

66 3598 92 22 Fustian
169 3601 61 19 coats
240 3597 46 23 and
295 3600 102 23 trousers,

66 3625 84 21 Mould
159 3625 90 22 candles
261 3623 89 28 (good),

64 3651 77 23 Tacks
150 3651 25 22 of
181 3651 63 27 sizes,
254 3651 52 22 iron
314 3649 46 23 and
366 3649 40 28 tin,

66 3678 66 23 Land
142 3677 45 23 and
191 3678 58 22 .boat
257 3677 67 27 nails,
592 3686 5 7 '

67 3705 58 23 Sho.e
132 3705 66 26 nails,
210 3707 3 7 '
219 3713 3 5 •

67 3731 102 27 Oranges
175 3731 25 21 in
212 3731 65 23 small
287 3731 68 22 cedar
364 3730 79 26 chests,

66 3758 24 22 A
99 3758 42 22 few
150 3757 90 23 bushels
249 3758 109 22 Derwent
368 3757 54 22 seed
431 3756 77 22 wheat.

66 3785 87 27 Copper
161 3785 53 21 boat
221 3785 58 23 nails
290 3785 46 22 and
344 3791 84 20 reeves,
462 3792 4 4 -

65 3811 79 22 Dutch
153 3811 86 28 cheese,

67 3837 144 28 Champagne
219 3839 26 21 in
253 3837 74 23 dozen
337 3844 69 21 cases,

66 3863 105 23 Woollen
180 3864 72 29 shirts,

66 3891 98 22 Flannel
173 3890 102 24 drawers.

327 3924 108 23 Johnson
449 3924 45 23 and
508 3924 96 23 Moore.

69 3957 55 30 July
134 3959 19 27 1,
165 3958 59 24 1842.

2126 123 54 19 For
2194 123 69 20 Sale.
2279 140 5 4 .

1903 154 122 49 SEEDS,
2036 154 144 26 the.produce
2195 156 32 20 of-
2232 156 38 21 the
2288 155 94 27 Colony,
2392 154 35 22 for
2443 154 46 23 sale

1967 184 24 19 at
2001 180 38 22 the
2074 181 94 21 Gazette
2199 182 82 21 Office.-
2446 210 43 5 ___

1901 224 89 48 FOR
2004 224 78 22 SALE
2095 227 22 19 at
2133 224 45 22 this
2194 224 69 29 office,
2281 225 81 27 Hymn
2375 225 75 21 Books
2462 225 25 21 in

1972 251 39 21 the
2021 252 74 21 native
2104 251 119 27 language.

1928 283 126 22 December
2062 285 34 25 28,
2108 285 61 20 1841.

1995 328 155 26 Stationery
2166 329 61 27 just
2240 330 151 25 unpacked.

1902 361 70 48 ON
1988 361 86 26 SALE,
2089 364 23 18 at
2121 361 38 22 the
2171 363 86 19 Gazette
2272 361 78 27 Office,
2368 368 29 15 an
2408 365 80 19 exten-

1977 387 48 22 sive
2035 387 44 21 and
2088 388 77 22 varied
2174 391 135 20 assortment
2325 389 25 21 of
2367 389 122 26 stationery

1900 415 26 21 of
1937 421 67 20 every
2015 413 141 28 description.
2243 422 3 6 '
2307 422 5 8 »

1928 446 102 28 January
2039 447 19 26 7,
2073 448 60 21 1842.

1899 509 220 24 WHOLESALE
2149 510 125 24 PRICES
2309 511 178 24 CURRENT.

2000 554 131 16 CORRECTED
2147 556 29 14 UP
2192 556 28 14 TO
2234 556 55 14 LAST
2307 556 80 15 NIGHT.

2240 582 16 17 £
2278 587 16 12 S.
2320 582 18 17 d.
2392 582 16 18 £
2430 587 16 12 S.
2471 584 18 17 d.

1899 609 63 22 Ale:
1979 609 29 22 In
2017 610 77 28 bottle,
2109 610 114 28 perdoz..
2243 613 21 19 0'
2284 613 14 20 0
2326 613 13 20 0
2356 626 19 6 ..
2393 613 13 20 0
2434 614 14 19 0
2476 613 13 20 0

2000 636 89 28 Alsop's
2096 645 39 20 per
2141 637 55 22 hhd.
2206 652 5 6 .
2218 652 6 6 .
2243 639 13 20 0
2284 639 14 20 0
2326 639 37 20 0.
2370 652 5 6 .
2393 640 14 19 0
2434 640 14 20 0
2476 640 13 20 0

1900 662 113 23 Arrack-:
2029 663 43 22 Per
2080 664 43 26 gal.
2133 664 26 22 in
2168 664 62 22 bond
2244 667 13 19 0
2286 666 10 20 1
2327 666 13 19 9
2357 679 6 6 .
2371 679 5 6 .
2394 667 13 19 0
2433 667 15 19 2
2476 670 13 19 0

1898 689 79 22 Bread
1987 698 5 13 :
2009 690 42 22 Per
2060 691 43 22 21b.
2245 693 13 20 0
2285 693 13 20 0
2327 692 80 21 7..0
2434 694 14 19 0
2476 693 13 20 0

1899 716 61 21 Beef
1967 714 10 23 :'
1988 717 78 27 Fresh,
2085 725 90 15 carcase
2190 725 40 21 per

2017 743 31 22 lb.
2067 743 17 21 .:
2176 747 45 18 :...
2240 747 13 19 o
2281 746 12 19 o
2311 746 27 20 io
2354 760 19 5 ..
2392 747 14 19 o
2433 746 11 20 l
2474 747 13 19 o

2008 770 53 27 Salt,
2072 778 39 20 per
2123 772 69 21 tierce
2206 786 19 6 ..
2243 774 13 20 6
2272 774 26 20 10
2326 773 14 20 0
2356 786 19 6 ..
2394 774 14 20 0
2434 773 14 20 0
2477 773 12 20 0

1993 813 5 4 .
2009 796 43 21 Do.
2061 805 40 18 per
2114 798 75 22 barrel
2206 813 5 6 .
2219 813 5 6 .
2242 801 56 19 410
2326 800 14 20 0
2356 813 6 6 .
2370 813 5 6 .
2392 801 14 19 0
2433 800 14 20 0
2475 800 14 19 0

1899 822 106 22 Butter:
2023 822 65 28 Irish,
2096 825 80 27 perlb.
2208 828 50 19 ..0
2285 828 14 19 0
2328 827 48 20 0..
2394 827 14 20 0
2436 827 13 20 0
2477 827 12 20 0

2022 849 68 23 Fresh
2245 850 22 24 0~
2284 855 14 19 3
2327 853 81 21 3..0
2435 853 54 21 0-0

1898 881 111 16 Brands:
2025 876 59 22 First
2090 877 92 27 quality,
2190 886 40 20 per
2345 876 4 7 (

2050 904 74 26 gallon
2134 904 23 21 in
2169 905 61 21 bond
2244 907 13 20 0
2284 907 14 20 6
2327 907 13 20 0
2357 921 6 6 .
2370 920 5 7 .
2394 908 13 20 0
2434 908 14 20 9
2476 907 13 21 0

1899 930 87 21 Brown
2006 930 87 22 Stout:
2117 938 40 20 per
2171 931 83 22 hhd.O
2281 934 14 19 0
2324 934 13 20 0
2354 947 19 6 ..
2392 935 14 19 6
2432 935 14 19 0
2474 935 14 19 0

1899 958 100 21 Cigars:
2011 956 102 28 Manilla,
2122 965 39 19 per
2167 960 61 26 1000,
2243 960 13 20 3
2284 961 14 19 0
2326 961 14 19 0
2356 974 19 6 ..
2392 961 15 20 4
2433 961 14 20 0
2476 962 12 19 0

2008 984 97 22 Inferior
2244 987 54 20 118
2326 987 49 20 0..
2392 988 14 20 2
2433 988 14 20 0
2476 989 13 19 0

1981 1028 3 3 .
2009 1010 134 28 Havannah,
2150 1019 40 20 per
2197 1012 31 21 lb.
2243 1014 53 20 016
2326 1014 13 20 0
2355 1027 5 6 .
2368 1027 5 6 .
2393 1015 10 19 1
2432 1015 14 19 0
2474 1015 13 19 0

2008 1037 124 22 Chinsurah
2136 1046 42 19 per
2183 1040 70 21 10001
2270 1041 26 20 10
2326 1041 12 20 0
2355 1054 18 6 ..
2392 1042 12 19 0
2431 1042 14 19 0
2473 1043 13 18 0

2009 1064 155 23 Alexandrian
2178 1081 45 6 ....
2243 1068 10 20 1
2270 1068 26 20 10
2324 1069 81 19 0..0
2431 1068 15 20 0
2474 1069 14 19 0

1899 1091 88 22 Coffee
1994 1099 5 13 :
2011 1091 64 27 Java,
2086 1099 38 20 per
2133 1092 23 22 lb
2242 1095 13 20 0
2283 1095 12 20 1
2325 1095 35 19 0.
2368 1109 5 5 .
2392 1095 12 20 0
2432 1095 11 19 1
2474 1095 14 19 3

1899 1118 90 22 Cheese
1997 1126 5 13 :
2020 1118 103 22 Cheshire
2243 1123 13 19 0
2284 1122 10 19 1
2325 1122 81 20 6..0
2432 1122 14 20 0
2474 1122 14 20 0

2017 1144 55 22 Pine
2082 1146 74 26 Apple
2243 1149 13 19 0
2283 1149 13 19 0
2326 1149 79 19 0..0
2433 1148 11 20 1
2474 1148 14 20 2

1987 1181 4 5 -
2017 1171 76 22 Dutch
2244 1175 13 19 0
2284 1175 13 19 0
2326 1175 14 19 0
2356 1188 19 6 ..
2393 1175 13 20 0
2434 1175 11 19 1
2476 1175 13 20 0

1899 1198 106 22 Candles
2013 1205 5 14 :
2026 1198 93 26 English
2126 1206 57 20 wax,
2190 1207 40 19 per

2043 1224 24 21 lb
2243 1228 13 20 0
2283 1228 13 20 3
2325 1228 14 20 6
2356 1241 19 6 ..
2393 1229 13 19 0
2433 1229 14 19 0
2476 1230 12 19 0

2030 1251 80 22 Mould
2218 1254 37 21 ;o
2283 1255 13 19 o
2326 1255 80 20 0..0
2433 1256 14 20 o
2475 1257 14 19 o

2030 1278 57 28 Dips
2241 1282 13 20 0
2281 1282 14 20 0
2323 1282 13 19 0
2353 1295 20 6 ..
2391 1283 13 19 0
2431 1283 14 19 0
2474 1283 13 19 0

1898 1305 82 22 Flour
1987 1313 5 14 :
2002 1307 35 19 Ist
2041 1306 90 27 quality,
2143 1313 40 20 per
2188 1310 39 18 ton

2022 1332 133 22 of2ooolbs
2225 1335 28 20 22
2280 1335 13 20 0
2322 1336 82 20 0..28
2430 1337 15 19 0
2474 1337 13 19 0

1997 1358 47 22 2nd
2054 1359 54 22 ditto
2229 1362 26 20 18
2281 1363 14 19 0
2323 1363 14 19 0
2354 1376 5 6 .
2366 1377 6 5 .
2378 1363 26 19 20
2430 1363 14 20 0
2473 1364 14 19 0

1899 1386 61 21 Gin:
1979 1386 55 21 Pale
2050 1386 24 21 in
2084 1386 59 21 bond
2240 1390 13 19 0
2280 1389 13 20 3
2323 1389 13 20 0
2352 1403 19 6 ..
2390 1390 13 20 0
2429 1389 15 20 4
2472 1390 14 20 6

1948 1412 61 27 Case,
2019 1414 13 19 4
2039 1413 36 26 gal
2084 1415 37 19 4-s
2128 1414 25 21 in
2162 1414 63 21 bond
2240 1416 10 20 1
2279 1415 13 21 2
2321 1417 50 19 0..
2390 1417 11 19 1
2429 1417 14 19 6
2472 1418 14 19 0

1898 1438 82 23 Hams:
1996 1440 128 27 Yorkshire,
2139 1441 86 27 perlb.
2241 1443 14 19 0
2282 1443 13 19 0
2324 1443 14 19 0
2354 1457 19 6 ..
2392 1445 12 18 0
2431 1445 14 19 0
2474 1445 14 19 0

1898 1466 115 22 Mustard
2021 1474 6 13 :
2041 1466 43 22 Per
2093 1467 71 21 dozen
2177 1471 78 18 ....0
2270 1469 25 20 18
2324 1471 81 19 0..0
2432 1471 14 19 0
2474 1472 14 19 0

1897 1492 116 23 Mutton:
2034 1493 92 22 Carcase
2136 1501 41 20 per
2185 1494 24 22 lb
2220 1511 5 5 .
2241 1497 14 19 0
2281 1497 14 19 0
2324 1497 13 19 9
2354 1511 19 5 ..
2391 1497 13 20 0
2431 1498 14 19 0
2461 1498 23 20 11

1898 1519 111 22 Muskets
2016 1528 6 13 :
2037 1519 92 23 Walnut
2135 1522 94 21 stocked
2242 1523 13 20 0
2282 1523 13 20 0
2324 1523 14 20 0
2354 1537 5 5 .
2368 1538 5 6 .
2392 1523 53 21 015
2474 1525 14 19 0

1898 1546 67 22 Milk
1971 1554 4 14 :
1992 1547 44 21 Per
2042 1547 49 27 pint
2241 1551 14 19 0
2282 1551 13 19 0
2323 1548 50 22 3..
2392 1552 13 19 0
2431 1551 14 20 0
2472 1551 16 20 4

1898 1574 44 21 Oil
1950 1581 5 13 :
1970 1574 105 25 Linseed,
2085 1581 39 20 per
2132 1575 77 26 gallon
2220 1591 5 5 .
2281 1577 12 19 5
2323 1578 14 19 0
2354 1591 5 6 .
2367 1592 6 5 .
2391 1579 13 19 0
2431 1576 14 22 7
2475 1579 13 19 0

1971 1600 79 27 Black,
2054 1600 25 22 in
2083 1601 173 28 cask,pertonl6
2283 1605 13 19 0
2325 1605 13 19 0
2355 1619 19 6 ..
2392 1605 13 19 0
2432 1605 14 19 0
2474 1606 13 19 0

2010 1628 78 26 Sperm
2225 1631 26 20 75
2280 1631 11 19 0
2322 1631 13 19 0
2352 1645 19 6 ..
2390 1631 11 19 0
2430 1631 13 19 0
2473 1632 12 18 0

1898 1654 76 22 Pork:
1989 1654 78 27 Fresh,
2084 1661 88 16 carcase
2188 1663 41 20 per

2015 1681 23 21 lb
2240 1685 13 19 0
2281 1685 12 20 0
2322 1684 13 20 5
2354 1699 18 6 ..
2390 1687 13 19 0
2430 1687 14 19 0
2472 1685 14 22 7

1898 1708 77 21 Pork:
1992 1708 66 27 Irish,
2068 1716 40 17 per
2117 1709 73 22 barrel
2204 1712 50 19 ..0
2281 1712 13 20 0
2324 1713 13 19 0
2354 1726 19 6 ..
2390 1713 13 19 5
2420 1713 26 20 10
2474 1714 13 19 0

1898 1734 131 22 Potatoes:
2049 1735 56 21 New
2119 1736 108 28 Zealand,

2074 1770 40 19 per
2122 1766 39 18 ton
2239 1765 16 21 4
2281 1766 13 20 0
2323 1767 14 19 0
2354 1780 5 6 .
2367 1780 6 6 .
2391 1767 13 20 0
2430 1767 14 20 0
2472 1768 14 19 0

1898 1788 94 22 Porter
2001 1796 5 14 :
2035 1788 102 28 Dunbar,
2148 1790 25 22 in
2180 1791 46 21 bot.

2055 1812 101 31 'perdoz
2241 1820 13 19 0
2281 1820 14 20 0
2323 1821 13 19 0
2354 1834 18 6 ..
2391 1821 13 20 0
2431 1821 14 20 0
2473 1822 13 19 0

2006 1842 87 27 Bryant
2102 1843 43 21 and
2155 1845 71 21 Davis
2241 1847 13 19 0
2281 1847 13 20 0
2323 1847 13 20 0
2354 1861 5 5 .
2367 1861 6 5 .
2391 1848 27 25 0_
2431 1849 14 19 0
2472 1849 14 19 0

1898 1868 97 22 Pickles
2008 1877 5 13 :
2044 1870 115 27 Assoi>>ed,
2189 1879 40 20 per

2070 1897 57 26 doz.,
2152 1901 76 24 quarts
2243 1900 50 20 11
2324 1901 14 19 0
2356 1915 18 5 ..
2392 1903 14 18 0
2432 1903 14 19 0
2474 1902 13 18 0

1898 1922 72 23 Pitch
1982 1930 6 14 :
2022 1923 135 28 Stockholm,
2188 1932 41 20 per

2047 1950 71 22 barrel
2242 1955 13 19 0
2282 1955 13 19 0
2324 1955 13 19 0
2355 1969 18 5 ..
2392 1955 10 19 1
2420 1955 25 20 15
2476 1957 13 19 0

1897 1975 79 22 Plank
1984 1983 6 13 :
2019 1976 54 21 Port
2094 1977 132 28 Nicholson,
2250 1986 6 5 •

2046 2009 38 20 per
2095 2004 38 20 100
2142 2003 47 21 feet
2202 2019 5 4 .
2215 2019 5 5 .
2240 2007 13 19 0
2281 2007 13 19 0
2323 2007 13 19 0
2354 2020 4 6 .
2366 2020 5 6 .
2391 2007 10 19 1
2431 2008 11 20 1
2472 2010 14 18 0

1896 2028 58 21 Rice
1961 2036 5 13 :
1978 2029 110 21 Common
2098 2036 38 20 per
2142 2033 50 19 cwt.
2204 2045 5 5 .
2217 2045 5 6 .
2241 2033 14 19 0
2282 2035 13 18 0
2323 2034 13 19 0
2354 2047 5 5 .
2367 2047 6 6 .
2391 2035 13 19 0
2430 2035 14 19 0
2472 2036 14 19 0

1978 2056 67 21 Good
2241 2059 11 20 l
2268 2060 25 20 io
2323 2061 13 19 0
2353 2074 18 6 ..
2390 2061 13 20 0
2429 2062 14 20 0
2472 2064 12 18 0

1896 2082 55 21 Rum
1959 2089 5 14 :
1980 2082 26 22 P.
2016 2082 26 21 B.
2054 2082 32 26 P.,
2102 2090 39 20 per
2150 2084 77 26 gallon

2017 2110 24 20 in
2056 2110 60 21 bond
2240 2114 13 19 0
2279 2114 15 20 4
2323 2114 12 18 0
2353 2127 18 7 ..
2390 2115 13 20 0
2429 2115 13 20 5
2472 2117 13 19 0

1896 2136 87 22 Sugar:
2000 2136 119 22 Mauritius
2129 2144 40 19 per
2177 2142 48 18 cwt.
2241 2141 13 19 0
2281 2141 14 20 0
2323 2142 13 19 0
2354 2155 18 5 ..
2390 2144 13 18 0
2430 2143 13 19 0
2473 2144 13 19 0

2004 2163 82 22 Brown
2100 2164 54 22 ditto
2239 2167 52 21 114
2320 2169 80 19 0..2
2429 2170 12 19 0
2470 2172 13 18 0

2004 2190 97 22 Refined
2116 2191 52 28 loaf,
2187 2200 40 19 per

2031 2217 22 21 lb
2240 2222 13 19 0
2280 2222 13 20 0
2323 2223 13 19 9
2354 2236 17 6 ..
2390 2223 13 19 0
2430 2224 14 20 0
2472 2224 14 20 0

2006 2244 96 22 Manilla
2120 2253 39 20 per
2174 2250 48 18 cwt.
2239 2249 12 19 0
2279 2250 13 19 0
2321 2250 14 19 0
2352 2263 18 6 ..
2389 2250 12 20 3
2430 2252 13 19 0
2471 2252 13 18 0

1896 2270 59 22 Salt
1963 2278 5 14 :
1983 2271 127 28 Liverpool,
2120 2280 41 19 per
2169 2277 40 18 ton
2217 2275 34 20 .3
2280 2277 13 19 0
2321 2277 14 19 0
2353 2290 4 6 .
2365 2290 6 6 .
2390 2277 13 19 4
2430 2278 13 19 0
2472 2278 12 19 0

1896 2297 59 22 Soap
1964 2305 5 14 :
1996 2298 102 22 Hawes's
2120 2299 105 29 London-,

2022 2333 40 20 per
2069 2329 38 19 ton
2225 2329 27 20 30
2279 2330 13 20 0
2321 2330 15 20 0
2352 2344 5 6 .
2365 2344 6 6 .
2390 2330 12 19 0
2431 2332 13 19 0
2473 2332 13 20 0

2015 2352 117 28 Liverpool
2225 2357 27 20 20
2280 2358 13 19 0
2321 2358 15 19 0
2353 2371 17 5 ..
2389 2358 13 19 0
2430 2354 30 23 o~^
2472 2360 13 19 0

1896 2378 90 22 Starch
1994 2386 5 14 :
2015 2379 45 21 Per
2066 2380 23 22 lb
2240 2384 13 20 0
2281 2385 12 19 0
2321 2385 15 19 9
2354 2397 4 7 .
2366 2398 5 6 .
2390 2384 28 21 0^
2430 2387 13 18 0
2472 2386 14 19 0

1896 2405 144 23 Scantling:
2056 2407 42 21 Per
2105 2409 39 20 100
2153 2408 69 22 feet..
2241 2411 14 19 0
2281 2411 14 20 0
2323 2412 14 19 0
2354 2424 18 7 ..
2392 2412 9 19 1
2430 2414 14 19 0
2472 2414 14 19 0

1896 2432 115 23 Shingles
2019 2441 5 14 :
2041 2433 43 22 Per
2090 2436 60 26 1000,
2159 2435 30 22 N.
2198 2435 26 22 Z.
2241 2437 9 20 1
2281 2437 12 22 7
2322 2438 14 20 0
2354 2451 4 6 .
2366 2452 5 5 .
2390 2439 13 20 2
2430 2440 14 19 2
2472 2440 14 20 0

2026 2460 70 28 Ditto,
2117 2461 28 22 V.
2156 2462 31 22 D.
2197 2462 26 22 L.
2238 2464 13 20 2
2279 2464 12 20 5
2321 2466 15 19 0
2353 2478 4 6 .
2365 2479 6 5 .
2390 2466 13 19 0
2430 2468 13 19 0
2472 2468 13 19 0

1895 2487 63 21 Tar:
1973 2487 56 22 Coal
2241 2491 53 21 110
2323 2492 14 20 0
2354 2505 18 6 ..
2392 2493 12 20 0
2432 2494 13 19 0
2474 2494 13 19 0

1977 2514 130 22 Stockholm
2243 2518 51 21 115
2324 2520 49 19 0..
2392 2520 12 20 0
2432 2521 13 20 0
2474 2521 13 20 0

1896 2540 48 22 Tea
1952 2548 6 14 :
1968 2541 81 27 Hyson
2054 2541 55 28 skin,
2115 2549 40 20 per
2165 2543 64 22 chest
2242 2546 13 19 0
2282 2546 13 20 0
2323 2546 15 19 0
2354 2546 51 21 ..10
2432 2548 13 19 0
2474 2548 13 19 0

1971 2569 94 26 Congou
2229 2572 26 20 12
2283 2573 13 20 0
2324 2573 14 20 0
2355 2586 5 6 .
2367 2587 6 6 .
2392 2574 12 19 0
2431 2575 13 20 0
2473 2575 13 20 0

1895 2594 105 22 Tobacco
2009 2603 5 13 :
2028 2595 141 28 Negrohead,
2187 2604 41 20 per

2053 2622 31 21 lb.
2097 2623 24 21 in
2137 2622 61 23 bond
2239 2626 14 19 0
2281 2626 8 20 1
2322 2627 49 19 0..
2390 2627 13 20 0
2430 2628 13 20 0
2473 2629 14 20 0

1894 2647 165 23 Turpentine:
2074 2649 147 26 Pergallon..
2240 2652 13 19 0
2281 2654 12 19 8
2323 2654 14 19 0
2354 2666 18 7 ..
2392 2654 12 19 0
2431 2656 13 19 0
2474 2656 13 19 0

1895 2674 162 22 Whalebone:
2073 2675 44 22 Per
2125 2680 96 18 t0n....
2227 2678 26 21 85
2281 2680 14 20 0
2323 2680 14 20 0
2354 2680 50 20 ..90
2431 2682 13 19 0
2473 2682 14 20 0

1895 2701 82 22 Wine:
1993 2700 89 29 Sherry,
2093 2710 40 20 per
2140 2703 53 28 pipe
2204 2706 50 20 ..28
2282 2707 13 20 0
2323 2708 15 19 0
2355 2708 50 19 ..40
2432 2709 13 20 0
2474 2709 14 20 0

1903 2743 4 9 ,
2004 2729 71 28 Ditto,
2091 2737 40 20 per
2145 2730 80 23 dozen.
2241 2733 11 20 1
2280 2734 15 19 4
2323 2734 14 20 0
2354 2747 18 8 ..
2389 2734 15 21 2
2431 2736 13 21 0
2474 2736 14 20 0

1895 2782 123 23 Poultry:
2033 2783 79 29 Fowls,
2119 2792 40 20 per
2165 2786 50 26 pair
2222 2802 5 5 .
2243 2788 12 19 0
2283 2788 12 21 8
2324 2789 15 20 0
2356 2802 17 7 ..
2392 2790 13 20 0
2420 2790 25 20 16
2474 2791 14 20 0

2031 2811 85 28 Ducks,
2127 2812 56 22 ditto
2204 2827 5 6 .
2216 2828 6 5 .
2242 2815 9 20 1
2281 2816 14 20 0
2323 2816 14 20 0
2355 2830 5 5 .
2366 2830 6 5 .
2391 2817 13 20 0
2431 2818 14 19 0
2473 2818 13 20 0

2034 2837 78 29 Geese,
2124 2839 56 22 each
2203 2854 6 6 .
2216 2854 6 7 .
2242 2842 11 20 1
2281 2843 13 20 0
2322 2844 14 19 0
2354 2856 5 6 .
2366 2857 6 6 .
2390 2844 14 19 0
2430 2844 14 20 0
2472 2845 14 20 0

2031 2865 108 28 Turkeys,
2150 2867 58 21 each
2243 2869 10 20 1
2283 2870 13 20 0
2324 2870 13 21 0
2356 2884 17 6 ..
2392 2871 14 20 0
2432 2872 14 19 0
2474 2872 13 20 0

2022 2892 113 28 .Pigeons,
2145 2894 80 27 (wild,)

2028 2931 8 3 -
2057 2927 41 19 per
2106 2920 49 28 pair
2176 2936 46 6 ....
2241 2924 54 20 0-0
2323 2924 50 21 0..
2392 2925 13 20 0
2430 2925 13 20 2
2473 2925 14 20 0

2031 2946 85 28 Ducks,
2124 2947 36 22 do.
2172 2948 51 22 do..
2243 2951 12 19 0
2283 2950 12 21 5
2324 2952 14 19 0
2356 2965 17 6 ..
2392 2953 13 19 0
2432 2953 13 19 0
2474 2952 14 20 0

1895 2972 62 21 Eggs
1965 2979 5 14 :
1985 2972 45 23 Per
2040 2972 72 24 dozen
2243 2978 13 19 0
2283 2978 14 20 4
2324 2979 49 20 0..
2392 2979 13 20 0
2432 2980 13 20 0
2474 2979 14 21 0

1895 3026 64 22 Cows
1968 3034 5 14 :
1986 3026 74 23 Milch
2229 3032 27 20 20
2283 3033 12 20 0
2323 3033 15 19 0
2355 3046 5 6 .
2366 3046 6 6 .
2378 3033 27 20 30
2430 3033 14 20 0
2473 3034 14 20 0

1895 3053 95 23 Mares:
2006 3054 77 23 Brood
2160 3056 93 24 .'...,.50
2281 3060 13 20 0
2322 3059 82 21 0>..90
2430 3060 13 20 0
2472 3061 14 19 0

1895 3080 117 23 Working
2029 3082 132 23 Bullocks:
2183 3084 45 22 Per

1921 3108 50 27 pair
2228 3113 28 20 40
2283 3114 13 20 0
2323 3114 14 20 0
2356 3113 50 21 ..60
2432 3115 13 19 0
2474 3114 14 20 0

1895 3134 64 22 Hire
1971 3143 24 14 of
2007 3143 68 15 ditto
2082 3145 6 13 :
2104 3137 42 22 Per
2153 3138 52 28 day,
2215 3146 13 14 a

1922 3165 60 18 team
1991 3162 48 23 and
2045 3162 73 24 driver
2242 3167 10 19 1
2282 3167 13 20 0
2323 3167 83 20 0..2
2430 3169 14 19 0
2473 3169 13 20 0

1895 3188 87 23 Sheep:
1998 3190 63 21 Each
2223 3194 29 20 »1
2279 3194 13 20 3
2320 3194 14 20 0
2352 3207 18 6 ..
2390 3194 11 20 1
2429 3195 13 21 8
2472 3196 12 20 0

1895 3215 64 22 Boat
1969 3216 74 23 Hire:
2058 3218 169 28 Perday^with-

1933 3266 3 9 (
2055 3256 5 4 •
2086 3249 40 18 out
2134 3246 73 22 hands
2216 3247 35 20 .0
2266 3247 26 21 10
2320 3248 14 19 0
2352 3260 5 6 .
2364 3261 6 6 .
2390 3247 9 21 1
2417 3258 4 3 ■
2429 3250 13 20 0
2471 3250 13 20 0

1895 3296 86 23 Wages
1987 3305 5 14 :
2022 3298 139 28 Mechanics,
2185 3306 42 21 per

2049 3326 172 21 week...:....
2239 3327 14 20 2
2281 3329 12 19 0
2321 3329 15 19 0
2354 3342 17 6 ..
2390 3329 13 21 3
2430 3331 13 20 0
2471 3331 13 20 0

2031 3351 126 23 Labourers
2174 3367 46 6 ....
2239 3354 11 20 1
2267 3355 26 20 10
2321 3356 14 20 0
2353 3369 18 7 ..
2390 3357 11 20 1
2417 3358 26 20 16
2470 3358 14 20 0

1915 3411 40 17 The
1966 3412 49 16 New
2025 3412 97 17 Zealand
2134 3413 92 17 Gazette
2232 3414 37 16 and
2281 3414 135 19 Wellington
2429 3418 55 15 Spec-

1895 3435 64 14 xatob
1964 3432 16 17 is
1986 3433 98 20 published
2090 3437 53 17 every
2149 3433 115 23 Wednesday
2274 3435 36 17 and
2321 3436 95 22 Saturday.
2437 3439 45 15 Sub-

1893 3453 62 20 joined
1961 3458 30 12 are
1998 3454 32 16 the
2037 3456 87 15 terms:—

1915 3474 64 16 Price
1985 3479 25 12 ojf
2018 3479 40 12 the
2065 3473 96 18 Paper.—F
2161 3475 56 19 orty
2222 3476 84 22 shillings
2312 3482 35 16 per
2356 3483 74 17 annum,
2441 3484 43 16 pay-

1895 3494 40 18 able
1940 3494 20 16 in
1967 3495 81 17 advance
2052 3501 4 14 ;
2068 3500 20 12 or
2094 3500 34 12 one
2135 3496 76 21 shilling
2216 3498 29 16 for
2251 3498 58 21 single
2316 3500 93 17 numbers.

1914 3516 212 17 Advertisements.—
2126 3517 32 16 Six
2167 3517 49 17 lines
2226 3519 37 16 and
2273 3520 65 20 under,
2350 3522 25 16 Ss.
2383 3521 28 17 6d.
2418 3522 26 16 for
2450 3522 32 16 the

1894 3535 41 18 first
1943 3536 96 21 insertion,
2049 3538 37 16 and
2096 3542 34 12 one
2141 3538 77 22 shilling
2223 3540 29 16 for
2257 3541 45 16 each
2308 3542 112 20 subsequent
2426 3543 57 16 inser-

1894 3557 40 17 tion
1938 3562 5 15 j
1954 3557 47 17 from
2008 3559 30 15 Bix
2044 3559 19 15 to
2070 3559 30 15 ten
2108 3559 53 20 lines,
2168 3560 36 17 five
2211 3560 84 22 shillings
2306 3562 30 16 for
2346 3563 31 17 the
2389 3563 43 20 first,
2443 3562 37 18 and

1895 3582 34 12 one
1939 3578 76 21 shilling
2025 3579 37 16 and
2072 3580 85 21 sixpence
2167 3581 30 17 for
2207 3582 45 16 each
2262 3583 113 20 subsequent
2384 3583 97 19 insertion;

1895 3599 55 17 above
1961 3601 31 15 ten
2001 3600 55 18 lines,
2067 3600 35 16 five
2112 3601 85 21 shillings
2208 3603 28 16 for
2247 3602 32 18 the
2288 3604 40 17 first
2340 3606 30 15 ten
2380 3602 54 22 lines^
2444 3604 37 17 and

1894 3620 96 21 fourpence
1996 3625 34 16 per
2035 3620 37 17 line
2078 3621 29 16 for
2113 3621 31 17 the
2150 3627 66 13 excess
2222 3624 21 16 of
2251 3624 40 17 that
2298 3625 77 17 number
2380 3631 4 15 ;
2396 3626 36 16 and
2437 3627 44 15 two-

1894 3645 56 16 pence
1957 3645 31 16 per
1993 3641 39 17 line
2039 3642 28 16 for
2072 3642 45 17 each
2124 3644 113 21 subsequent
2241 3645 97 17 insertion.

1915 3661 157 18 Advertisements
2078 3663 38 17 will
2122 3665 32 15 not
2160 3669 67 17 appear
2236 3666 21 16 in
2268 3667 30 16 the
2309 3667 80 20 ensuing
2399 3667 84 20 number^

1895 3682 17 17 if
1919 3682 83 18 received
2008 3683 47 17 later
2061 3684 45 17 than
2117 3685 20 16 10
2144 3685 74 20 o'clock,
2226 3691 48 16 a.m.,
2282 3691 23 13 on
2312 3687 33 16 the
2352 3687 90 21 mornings
2449 3688 31 15 be-

1895 3704 37 16 fore
1945 3703 119 21 publication.
2085 3705 158 19 Advertisements
2256 3708 38 16 will
2304 3708 22 16 be
2338 3708 97 17 continued
2442 3707 37 17 and

1895 3724 77 21 charged
1982 3725 49 16 until
2041 3728 165 20 counter-ordered;
2218 3729 46 16 such
2270 3729 53 16 order
2329 3731 51 14 must
2386 3729 21 16 be
2414 3731 39 14 sent
2461 3730 18 15 to

1895 3745 31 17 the
1936 3745 54 17 Oflice
2002 3747 37 15 two
2058 3747 43 21 days
2119 3748 61 18 before
2190 3750 119 20 publication,
2320 3750 38 16 and
2368 3752 49 15 must
2427 3751 19 15 be
2458 3749 20 17 in

1895 3766 78 21 writing.
1995 3767 157 18 Advertisements
2166 3770 84 17 received
2267 3771 52 21 after
2337 3771 22 17 10
2373 3770 66 17 o'clock
2453 3774 24 12 on

1895 3787 83 21 Tuesday
1989 3788 38 16 and
2038 3788 65 22 Friday
2113 3790 95 22 mornings
2218 3791 39 17 will
2267 3792 22 17 be
2299 3792 79 20 charged
2389 3791 50 17 twice
2447 3791 32 16 the

1895 3808 53 16 usual
1954 3809 53 16 rates.

1915 3828 31 17 All
1953 3829 67 20 orders,
2030 3830 157 21 advertisements,
2199 3832 37 17 and
2247 3833 163 16 communications
2421 3834 18 15 to
2450 3832 31 16 the

1895 3849 69 20 Editor,
1971 3855 29 12 are
2007 3852 98 18 requested
2110 3854 18 14 to
2135 3853 22 16 be
2163 3854 100 16 addressed
2269 3856 18 14 to
2293 3854 38 16 this
2338 3854 62 16 Oflice.

1287 123 123 24 Country
1424 121 123 23 Sections
1557 131 3 2 -
1566 122 42 21 for
1628 122 61 21 Sale
1710 128 37 14 on
1766 121 108 22 Liberal

1531 149 101 21 Terms.

1287 179 166 49 SEVERAL
1487 180 99 22 Sections
1613 180 28 21 of
1670 180 101 27 Country
1799 180 73 27 Land,

1352 206 90 28 already
1453 206 81 23 chosen
1542 208 25 21 in
1576 207 37 22 the
1627 207 95 24 Porirua
1736 206 91 28 district,
1837 206 37 22 for

1286 232 58 27 Sale,
1355 239 75 16 terms
1439 241 104 14 liberal.
1573 234 76 27 Apply
1658 236 23 19 to

1380 265 26 22 F.
1421 265 29 23 A.
1464 266 170 27 Molesworth,
1651 267 185 27 Murphy-street,
1848 273 24 15 or

1380 292 35 22 W.
1431 293 28 21 V.
1475 293 111 27 Brewer,-
1590 294 195 24 Manpers-street.

1442 352 3 3 .
1453 338 88 20 Beach
1554 339 146 26 Frontage.
1723 356 2 3 ,

1274 368 80 23 ►rriO
1359 370 45 23 JBE
1418 370 86 26 SOLD,
1512 371 24 21 in
1544 371 43 21 lots
1597 372 26 21 of
1628 375 40 18 not
1668 372 3 9 1
1677 372 45 22 less
1729 372 53 21 than
1792 373 27 20 20
1825 372 47 21 feet

1291 393 31 25 X
1373 397 24 21 in
1414 393 103 31 breadth,
1536 397 37 22 the
1591 398 72 22 whole
1683 398 25 24 of
1729 398 38 22 the
1785 398 86 22 section

1284 422 44 22 No.
1336 424 40 21 485
1387 429 29 15 on
1427 423 37 22 the
1472 423 55 22 Plan
1534 425 28 20 of
1566 424 37 21 the
1612 425 70 21 Town
1692 425 27 21 of
1724 424 146 28 Wellington,

1284 449 84 27 having
1376 450 114 26 frontages
1499 457 59 21 upon
1569 450 182 29 Lambton-quay
1757 451 45 22 and
1810 459 61 20 upon

1284 475 242 28 Wellington-terrace.
1554 477 111 22 One-half
1677 479 23 20 of
1716 478 38 22 the
1762 478 110 28 purchase

1285 509 84 21 money-
1374 502 44 22 will
1427 503 28 25 be
1461 502 94 23 allowed
1564 507 21 18 to
1590 505 87 21 remain
1686 512 61 19 upon
1756 509 116 23 mortgage

1284 529 35 21 for
1327 528 46 26 five,
1381 537 72 19 years,
1468 532 25 19 at
1508 532 26 19 10
1548 537 39 19 per
1601 533 59 20 cent.
1674 551 3 3 .
1688 531 80 22 Terms
1776 539 52 20 may
1843 532 29 24 be

1284 552 92 25 learned
1387 563 28 14 on
1425 556 134 27 application
1570 559 22 19 to

1552 590 99 23 Hanson
1666 591 46 21 and
1726 591 116 22 Alzdorf.

1420 634 87 21 Town
1521 635 75 20 Land
1608 635 43 31 fq*
1665 636 70 20 Sale.
1805 641 3 9 •

1284 667 93 49 THE
1392 667 71 21 whole
1482 667 25 22 of
1521 671 57 19 town
1588 657 101 36 sections.
1700 668 54 22 Nos.
1763 669 47 27 285,
1821 671 48 25 106,

1359 693 46 23 and
1420 694 47 27 878,
1480 694 44 22 and
1538 697 48 24 part
1595 695 26 21 of
1635 698 60 18 town
1710 695 97 22 sections
1820 697 49 25 204,

1282 721 49 26 248,
1343 721 44 21 and
1402 721 40 21 528
1460 728 36 14 are
1510 721 80 21 offered
1600 721 35 21 for
1644 721 54 21 sale.
1727 721 58 22 Half
1797 723 24 20 of
1833 722 38 22 the

1282 747 109 28 purchase
1408 755 83 20 money
1500 751 22 18 to
1533 747 83 22 remain
1628 755 28 14 on
1672 752 123 23 mortgage,
1807 752 23 18 at
1845 751 27 19 10

1282 781 40 20 per
1332 778 58 18 cent.
1419 774 44 22 For
1471 775 137 28 particulars,
1618 773 68 29 apply
1695 778 24 18 to

1554 807 98 22 Hanson
1667 808 45 21 and
1727 808 116 22 Alzdorf.

1399 858 122 26 Country
1536 859 75 21 Land
1627 859 42 20 for
1684 859 68 21 Sale.

1284 891 68 48 TO
1366 891 40 22 BE
1420 892 80 22 SOLD
1517 892 33 22 IN
1567 892 82 28 LOTS,
1664 895 24 18 to
1705 893 43 21 suit
1763 892 38 22 the
1818 900 54 14 con-

1358 918 109 22 venience
1478 920 26 20 of
1510 919 136 27 purchasers,
1655 919 45 21 No.
1707 921 13 20 3
1730 920 23 21 in
1764 920 37 21 the
1811 923 59 18 town

1283 944 91 27 district,
1386 945 43 21 No.
1439 947 29 20 44
1476 946 24 21 in
1510 946 36 21 the
1561 946 59 21 Hutt
1630 946 93 26 district,
1736 946 42 22 and
1789 947 43 21 No.
1844 948 26 20 68

1281 971 24 21 in
1323 971 36 21 the
1380 972 92 21 Porirua
1491 972 84 22 district
1583 980 5 14 :
1603 973 51 21 half
1665 973 26 21 of
1707 973 38 21 the
1761 974 109 26 purchase

1282 1005 82 21 money
1374 998 45 22 will
1434 999 27 21 be
1471 999 92 21 allowed
1578 1003 22 17 to
1609 1000 87 22 remain
1707 1007 29 14 on
1746 1004 122 23 mortgage,

1282 1028 23 18 at
1315 1026 27 20 10
1350 1032 40 20 per
1400 1029 58 18 cent.
1487 1025 45 22 For
1540 1027 137 27 particulars,
1690 1027 65 27 apply
1766 1031 21 17 to

1554 1060 97 21 Hanson
1665 1060 54 21 and-
1726 1061 116 22 Alzdorf.

1283 1104 68 48 TO
1366 1104 39 21 BE
1420 1104 68 27 LET,
1504 1104 37 22 the
1559 1109 61 18 town
1639 1113 52 14 acre
1707 1106 46 22 No.
1764 1107 50 27 210,
1840 1113 28 15 on

1357 1130 103 28 building
1468 1131 67 27 lease,
1544 1132 35 21 for
1588 1132 103 22 fourteen
1702 1139 71 20 years.

1308 1158 34 21 To
1351 1158 29 21 be
1390 1158 31 21 let
1428 1165 25 14 or
1463 1158 54 27 sold,
1529 1158 37 22 the
1577 1162 58 19 town
1644 1167 50 14 acre
1705 1160 43 21 No.
1760 1161 48 21 642.

1607 1193 30 21 A.
1652 1192 107 27 Ludlam,

1682 1219 72 22 Willis
1764 1221 78 20 Street.

1300 1264 88 20 Town
1404 1264 54 20 and
1473 1264 121 26 Country
1609 1266 77 19 Land
1701 1267 29 19 to
1746 1266 33 20 be
1795 1267 58 20 Let.

1283 1297 168 49 SECTIONS
1468 1297 46 22 and
1528 1298 99 27 portions
1644 1298 26 22 of
1683 1299 102 21 Sections
1799 1299 24 21 in
1839 1299 30 21 all

1352 1327 61 24 parts
1430 1325 26 21 of
1470 1324 38 22 the
1527 1325 67 21 Town
1614 1325 27 21 of
1656 1325 146 28 Wellington,
1821 1325 47 22 also

1281 1351 100 26 Country
1392 1351 100 21 Sections
1507 1351 24 21 in
1541 1351 37 23 the
1594 1351 97 23 districts
1708 1353 26 21 of
1747 1352 36 22 the
1801 1352 66 27 Hutt,

1280 1377 39 21 the
1332 1377 89 27 Karori,
1435 1378 35 22 the
1482 1377 75 28 Ohifo,
1570 1378 44 22 and
1626 1379 38 21 the
1675 1379 99 22 Porirua.
1803 1379 66 27 Long

1280 1405 72 21 leases
1362 1405 26 20 of
1395 1404 36 22 the
1448 1408 95 23 country
1552 1405 54 22 land
1621 1405 46 22 will
1682 1406 29 21 be
1726 1406 94 27 granted
1839 1413 29 15 on

1280 1431 132 22 reasonable
1423 1435 74 18 terms.
1526 1431 44 23 For
1578 1432 132 27 particulars
1719 1433 67 27 apply
1796 1436 22 18 to

1307 1464 99 23 Hanson
1418 1465 45 22 and
1477 1465 115 26 Alzdorf,
1601 1466 201 28 Thorndon-quay,
1812 1475 24 13 or
1846 1469 22 19 to

1307 1496 95 22 Robert
1414 1496 93 27 Stokes,
1518 1497 64 22 Land
1596 1498 112 26 Surveyor
1725 1498 44 22 and
1784 1498 83 27 Agent,

1465 1523 217 23 Woolcomb-street.

1279 1567 82 23 PORT
1382 1568 181 22 NICHOLSON
1592 1569 68 22 AND
1684 1570 184 21 WANGANUI.

1394 1596 91 20 Lands
1495 1597 29 19 to
1534 1596 32 21 be
1577 1597 49 20 Let
1637 1603 30 14 or
1677 1598 73 19 Sold.

1281 1629 164 49 SEVERAL
1467 1630 69 21 Town
1553 1630 44 22 and
1612 1631 100 26 Country
1731 1631 95 22 sections
1844 1631 24 21 in

1346 1656 37 22 the
1397 1656 52 22 Port
1460 1656 122 22 Nicholson
1598 1657 91 27 district,
1706 1658 44 21 and
1770 1658 99 27 Country

1279 1683 95 21 sections
1382 1684 23 21 in
1416 1683 37 21 the
1463 1683 127 27 Wanganui
1598 1683 93 27 district,
1702 1685 53 21 with
1764 1684 37 22 the
1810 1684 60 27 right

1280 1711 25 20 of
1326 1710 61 27 early
1406 1710 88 22 choices
1514 1710 79 26 (under
1609 1711 35 26 14)
1663 1712 25 20 of
1709 1711 38 22 the
1761 1711 109 22 intended

1279 1736 186 28 townshipthere,
1474 1741 22 17 to
1503 1737 27 21 be
1536 1737 48 22 sold
1591 1745 24 13 or
1621 1737 39 22 let.
1688 1738 45 22 For
1740 1739 129 26 particulars

1279 1763 45 22 and
1333 1767 75 23 terms,
1420 1764 67 27 apply
1498 1767 21 17 to

1269 1799 2 17 ;
1465 1791 94 21 Robert
1573 1791 27 21 R.
1616 1791 101 28 Strang,
1732 1791 117 23 Solicitor.'

1295 1817 156 27 .Wellington,
1463 1818 58 20 Nov.
1531 1819 33 25 25,
1576 1819 50 20 1841
1706 1821 4 10 '

1423 1863 52 20 For
1491 1864 68 24 Sale,
1575 1866 28 18 at
1617 1864 107 21 Karori.
1747 1883 6 7 ,

1277 1896 159 48 APIECE
1447 1897 39 21 OF
1496 1897 93 26 LAND,
1601 1898 129 27 containing
1739 1899 13 20 5
1763 1905 67 21 acres,
1843 1899 24 21 in

1358 1923 44 22 this
1419 1923 95 28 district;
1536 1927 49 25 part
1599 1925 24 21 of
1636 1925 37 21 the
1691 1925 88 21 Section
1799 1925 69 26 lately

1278 1950 45 24 Mr.
1344 1950 83 22 Yule's.
1463 1951 76 21 Terms
1557 1951 84 22 liberal.
1676 1952 45 21 For
1738 1953 129 26 particulars

1279 1977 66 26 t<pply
1355 1981 21 16 to
1387 1977 27 21 R.
1425 1977 66 25 Park,
1507 1977 58 26 Esq.,
1811 2001 3 8 t

1488 2022 166 21 Manewatu.

1279 2054 89 49 FOR
1384 2054 84 26 SALE,
1488 2061 13 14 a
1515 2054 101 22 valuable
1632 2056 87 21 section
1736 2056 25 21 of
1774 2056 52 22 land
1844 2059 23 18 at

1353 2081 137 27 Manewatu,
1509 2081 95 22 selected
1614 2082 70 22 under
1699 2082 42 22 No.
1753 2082 24 22 of
1790 2083 76 21 choice

1277 2109 49 20 420.
1364 2108 45 21 Mr.
1430 2108 85 27 Kettle,
1537 2109 116 27 Surveyor,
1674 2109 47 21 will
1745 2109 59 22 shew
1827 2110 38 21 the

1278 2134 96 27 ground.

1305 2161 46 22 For
1362 2165 73 23 terjns,
1448 2162 68 28 apply
1527 2165 21 19 to
1559 2163 36 21 the
1604 2163 131 28 proprietor,

1653 2197 29 20 A.
1700 2196 34 21 W.
1750 2196 86 22 Shand.

1434 2240 78 20 Land
1527 2245 35 15 on
1577 2240 43 21 the
1636 2241 78 20 Hutt.

1279 2272 68 48 TO
1362 2272 39 22 BE
1417 2273 87 26 SOLD,
1515 2280 14 14 a
1538 2273 57 22 lease
1606 2274 24 21 of
1637 2274 38 21 the
1686 2275 90 21 Section
1786 2275 45 22 No;
1838 2276 28 20 24

1354 2306 27 14 on
1392 2299 36 21 the
1437 2299 65 26 Hutt,
1511 2301 52 21 with
1573 2308 13 14 a
1595 2301 73 27 newly
1676 2301 88 22 erected
1773 2302 92 22 wooden

1278 2328 93 25 cottage,
1390 2325 38 23 the
1446 2330 88 23 potatoe
1552 2335 50 20 crop
1620 2335 29 14 on
1663 2327 38 22 the
1717 2328 92 27 ground,
1822 2329 45 21 and

1277 2353 63 21 other
1346 2353 180 28 improvements.
1556 2354 43 22 For
1606 2357 68 19 terms
1681 2355 27 21 of
1712 2355 52 26 sale,
1772 2355 65 28 apply
1843 2360 22 17 to

1508 2388 75 27 Hort,
1599 2388 124 27 Mocatta,
1740 2389 44 22 and
1799 2390 38 21 Co.

1427 2433 40 19 To
1481 2433 34 21 be
1530 2433 64 21 Sold
1614 2440 30 14 or
1658 2435 57 19 Let.

1275 2464 11 13 rTTWOr
1287 2464 82 21 TTWO
1382 2464 102 22 Wooden
1496 2464 94 27 Houses,
1601 2473 28 14 on
1637 2466 38 21 the
1681 2466 184 28 Tinakore-road,

1286 2487 23 24 A
1332 2506 4 6 ,
1354 2491 37 21 the
1409 2492 85 21 second
1505 2499 56 18 .acre
1579 2493 65 23 from.
1656 2493 95 27 Captain
1768 2494 97 27 Smith's,

1321 2518 130 27 containing
1465 2518 51 22 four
1524 2526 73 15 rooms
1607 2519 46 22 and
1667 2527 14 13 a
1693 2527 100 20 passage,
1810 2521 56 22 each

1276 2544 53 22 with
1348 2546 50 21 zinc
1416 2545 68 26 roofs,
1511 2546 44 21 and
1578 2546 23 21 in
1625 2553 68 19 every
1710 2551 88 23 respect
1816 2548 50 22 well

1276 2571 100 22 finished.
1406 2572 78 22 Terms
1486 2583 28 5 —
1514 2572 24 21 If
1545 2572 54 27 sold,
1609 2572 61 23 £150
1681 2573 35 22 for
1722 2574 56 22 each
1783 2574 69 23 house
1859 2583 6 19 ;

1275 2598 19 22 if
1305 2599 39 27 let,
1356 2599 31 22 £1
1399 2606 40 20 per
1449 2599 63 22 week
1521 2600 33 21 for
1564 2599 55 22 each
1627 2600 79 22 house.
1734 2601 77 27 Apply
1820 2605 22 18 to

1668 2634 76 22 James
1758 2635 79 23 Watt.

1287 2659 145 28 Wellington,
1440 2659 60 22 Nov.
1510 2660 34 27 27,
1554 2661 58 21 1841.

1370 2705 93 21 Union
1477 2706 80 20 Bank
1571 2706 30 21 of
1618 2707 151 21 Australia.

1277 2739 95 21 London
1391 2739 91 26 Office,
1500 2739 43 21 No.
1557 2741 36 24 33,
1611 2740 52 22 Old
1679 2740 186 24 Broad-street.

1331 2771 94 27 Capital,
1435 2771 122 27 £800,000;
1578 2772 51 27 paid
1637 2779 39 21 up,
1691 2772 120 28 £500,000.

1512 2803 109 13 DIRECTORS
1625 2805 5 11 :

1383 2819 68 20 George
1458 2819 40 17 Fife
1505 2819 66 21 Angas,
1580 2820 48 20 Esq.,

1381 2840 70 16 Robert
1456 2840 77 20 Brooks,
1542 2841 48 20 Esq.,

1381 2861 63 16 James
1452 2861 48 16 Johri
1508 2861 98 20 Cummins,
1614 2862 50 20 Esq.,

1381 2882 70 16 Robert
1457 2882 97 20 Gardener,
1565 2884 48 19 Esq.,
1625 2883 125 21 Manchester,

1381 2903 49 16 John
1439 2903 45 16 Gore
1501 2903 48 21 Esq.,

1381 2924 49 16 John
1437 2924 80 16 William
1524 2924 75 19 Buckle,
1604 2924 49 21 Esq.,

1284 2953 7 7 .-
1381 2945 96 20 Benjamin
1486 2945 21 17 E.
1514 2945 62 20 Lindo,
1585 2945 47 21 Esq.,

1383 2966 72 16 Charles
1464 2966 77 17 Edward
1548 2966 86 20 Mangles,
1642 2967 49 19 Esq.,

1382 2986 117 21 Christopher
1505 2987 82 20 Rawson,
1596 2987 49 21 Esq.,
1656 2988 83 20 Halifax,

1381 3008 79 16 Thomas
1468 3008 64 20 Sands,
1540 3009 47 19 Esq.,
1595 3008 101 21 Liverpool,

1382 3029 62 16 James
1451 3028 56 21 Bogle
1515 3029 63 19 Smith,
1585 3029 48 20 Esq.,

1381 3049 63 17 James
1451 3049 81 17 Ruddell
1538 3050 55 19 Todd,
1601 3050 43 20 Esq.

1276 3079 86 17 Trustees
1368 3082 5 12 :
1388 3078 82 16 George
1481 3077 57 17 Cami
1550 3078 58 19 Gltn,
1621 3078 49 20 Esq.,
1681 3078 54 16 John
1747 3079 60 19 Gore,
1816 3079 51 21 Esq.,

1425 3098 35 17 and
1467 3098 67 17 James
1541 3099 16 16 J.
1564 3099 101 20 Cummins,
1674 3099 44 20 Esq.

1303 3127 83 17 Bankers
1392 3132 4 11 :
1408 3126 76 17 Messrs.
1491 3126 61 20 Glyn,
1562 3126 115 20 Hallifax,
1685 3126 72 20 Mills,
1764 3127 37 17 and
1808 3127 29 18 Co.

1397 3154 102 21 Secretary:
1511 3154 82 17 Samuel
1599 3154 94 20 JacksoX,
1702 3155 43 21 Esq.

1368 3182 81 17 Colonial
1454 3182 95 21 Inspector
1554 3186 3 12 :
1569 3182 18 16 J.
1594 3181 18 17 C.
1619 3182 105 20 M'Laren,
1731 3183 44 20 Esq.

1399 3230 69 21 New
1486 3230 122 21 Zealand
1627 3230 116 21 Branch.

1275 3264 56 18 Local
1336 3265 94 17 Directors
1435 3268 4 12 :
1455 3263 47 17 Geo.
1514 3263 17 16 S.
1542 3263 71 19 Evans,
1626 3264 49 21 Esq.,
1688 3264 65 18 D.C.L.
1770 3266 37 17 and
1818 3267 48 17 Geo.

1498 3284 90 19 Hunter,
1601 3285 43 20 Esq.

1276 3314 98 20 Manager:
1385 3312 49 17 John
1441 3313 73 18 Smith,
1522 3312 47 21 Esq.,
1577 3312 36 17 late
1621 3313 20 16 of
1649 3313 32 16 the
1688 3313 118 18 Commercial
1811 3315 56 17 Bank

1445 3333 21 17 of
1474 3333 88 20 England,
1574 3333 122 17 Manchester.

1386 3360 115 23 Branches
1511 3363 24 18 at
1550 3361 96 27 Sydney,

1550 3388 88 22 Hobart
1646 3388 78 28 Town,

1551 3415 148 28 Launceston,
1712 3416 46 23 and

1550 3442 54 22 Port
1613 3442 80 28 Philip.

1276 3470 55 21 Port
1340 3468 131 28 Nicholson,
1482 3468 80 23 March
1571 3470 35 26 24,
1616 3470 63 21 1840.

1277 3522 93 35 rjIHE
1385 3522 116 23 Directors
1518 3522 26 22 of
1558 3522 39 23 (he
1612 3522 58 23 New
1686 3523 101 24 Zealand
1801 3526 66 22 Land

1284 3544 29 28 X
1351 3550 118 28 Company
1482 3549 84 28 hereby
1583 3549 49 27 give
1649 3548 83 35 noiicej
1749 3551 50 23 that
1812 3553 55 28 they

1276 3576 58 23 have
1341 3583 114 16 EFFECTED
1463 3584 32 14 AN
1505 3583 172 16 ARRANGEMENT
1684 3578 55 25 WJth
1745 3578 38 23 the
1790 3580 76 27 UnJDU

1276 3603 67 22 Bank
1357 3604 26 21 of
1398 3603 121 27 Australia,
1536 3603 43 22 No.
1595 3604 34 26 38,
1644 3604 45 22 Old
1705 3604 160 30 Broad-street,

1276 3630 103 28 London,
1390 3630 36 21 for
1434 3630 38 22 the
1485 3630 168 23 establishment
1666 3631 26 22 of
1705 3639 14 14 a
1735 3632 131 24 BRANCH

1276 3657 91 22 BANK
1380 3656 36 23 IN
1430 3656 73 23 NEW
1517 3656 157 30 ZEALAND,
1687 3658 98 29 through
1794 3660 74 22 which

1277 3684 37 22 the
1323 3684 104 22 business
1437 3684 28 21 of
1477 3684 39 21 the
1533 3684 56 23 New
1599 3684 108 23 -Zealand
1719 3686 66 22 Land
1801 3687 66 22 Com-

1272 3718 66 26 pany
1346 3711 46 22 will
1400 3711 29 22 be
1438 3711 133 22 transacted.
1599 3710 48 23 The
1662 3712 116 23 Directors
1794 3714 73 22 there-

1276 3740 48 20 fore
1333 3738 148 23 recommend
1487 3741 24 19 to
1528 3738 109 23 Colonists
1653 3738 38 23 the
1710 3740 76 22 Union
1802 3741 66 22 Bank

1277 3766 27 21 of
1321 3764 116 23 Australia
1454 3772 25 15 as
1496 3772 30 15 an
1551 3765 169 23 establishment
1741 3769 127 26 possessing

1277 3791 57 23 their
1350 3792 72 22 entire
1444 3792 137 28 confidence,
1601 3792 45 22 and
1665 3792 50 23 able
1733 3796 24 20 to
1775 3795 92 26 provide

1277 3818 127 28 effectually
1419 3819 35 22 for
1468 3819 40 22 the
1522 3819 106 23 financial
1639 3823 73 19 wants
1729 3821 26 21 of
1765 3821 39 23 the
1818 3821 50 23 first

1269 3858 2 21 I
1277 3845 136 23 settlement.

1269 3875 2 22 1
1386 3890 2 8 ,
1445 3872 36 28 By
1491 3873 66 22 order
1564 3874 28 21 of
1601 3873 37 23 the
1648 3874 81 27 Board,

1269 3907 2 31 \
1393 3922 7 4 ~
1523 3907 85 22 JOHN
1621 3907 105 28 WARD,
1743 3909 123 29 Secretary.

1269 3933 2 28 I
1277 3939 58 22 New
1344 3939 176 23 Zealarid.Land
1529 3938 134 31 Company's
1672 3942 79 28 Office,

1305 3971 19 26 1,
1336 3969 161 27 Adam-street,
1508 3970 103 28 Adelphi,
1616 3972 59 27 ,27th
1684 3972 61 27 Aug.
1764 3975 61 22 1839.
