2458 3839
64 391 2380 39 THE

64 430 952 30 OXFORD
1175 430 1269 30 OBSERVER

64 460 298 29 AND
461 460 992 29 CANTERBURY
1552 460 892 29 DEMOCRAT,

64 489 1190 30 CIRCULATING
1362 489 1082 30 THROUGHOUT

64 519 700 29 NORTH
904 519 1540 29 CANTERBURY.

1064 572 223 29 Established
1330 572 90 29 1889.
2093 588 178 5 ...

43 691 66 31 Vol
131 691 70 29 4—
201 688 59 31 No.
306 679 85 39 190.1

777 682 105 30 EAST
932 680 182 35 OXFORD,
1159 675 237 39 SATURDAY,
1445 675 130 31 APRIL
1618 675 29 32 8,
1676 675 77 30 J893

1985 677 133 31 Price—
2120 678 85 30 ONE
2242 677 144 31 PENNY

437 791 57 41 <T.
532 791 59 41 S.
617 791 228 47 COOK,

613 844 42 20 The
676 843 84 27 People'
760 842 123 28 s^Gliemht,

726 880 93 26 washel
836 880 96 33 Street,

868 919 276 26 CHRISTCHUECH.

787 973 127 32 (Opposite
925 973 42 25 the
987 974 56 25 A.I.
1057 974 87 33 Hotel)

86 1047 12 20 I
107 1047 54 20 have
170 1045 97 27 pleasure
275 1044 23 21 m
309 1042 104 28 thanking
422 1049 36 21 nay
468 1043 80 21 friends
558 1044 43 20 and
610 1045 121 25 supporters
741 1044 34 19 for
784 1043 37 20 the
837 1043 119 21 confidence
1036 1050 49 19 very
1102 1044 74 21 liberal
1194 1046 38 24 pat

59 1079 83 29 Tonage'
157 1076 69 27 which
236 1081 40 20 has
284 1081 53 20 been
344 1080 101 21 extended
454 1081 21 20 to
483 1086 33 15 me
523 1081 33 20 for
566 1080 35 21 the
610 1082 49 25 past
667 1086 68 20 years,
744 1081 12 19 I
766 1081 55 20 trust
831 1080 47 21 that
895 1081 13 20 I
926 1080 56 21 shall
998 1081 61 20 merit
1078 1081 36 21 the
1132 1081 113 21 continued

60 1121 114 24 patronage
183 1119 23 20 of
214 1124 37 20 my.
259 1117 79 23 friends
348 1117 43 21 and
400 1117 36 21 the
445 1117 71 26 public
523 1117 113 26 generally,
662 1117 83 25 During
755 1116 36 22 the
800 1123 59 20 years
868 1117 12 20 I
894 1117 53 21 have
961 1117 52 22 been
1022 1117 23 21 m
1062 1118 151 21 Ghrietchurch
1226 1119 12 20 I

60 1155 54 21 have
123 1154 111 28 dispensed
241 1160 65 20 many
314 1154 117 21 thousands
440 1154 22 21 of
471 1153 150 28 prescriptions
631 1151 45 27 and!
683 1153 136 27 successfully
829 1154 79 22 treated
919 1154 78 21 several
1017 1154 120 22 thousands
1165 1155 22 21 of
1204 1161 37 20 my

59 1192 98 27 patients.
185 1192 56 23 lam
251 1192 53 26 fully
313 1191 126 26 acquainted
447 1192 51 20 with
508 1192 36 22 the
558 1191 96 21 business
661 1192 23 20 m
694 1191 29 20 ah
732 1191 29 21 its
770 1190 108 26 branches,
888 1191 44 22 and
940 1192 82 27 itismy
1031 1192 118 22 endeavour
1166 1194 79 25 always

93 1230 121 26 personally
227 1229 74 22 attend
311 1230 22 19 to
343 1229 33 20 the
384 1228 151 26 requirements
544 1228 43 21 and
594 1228 73 21 obtain
678 1228 36 21 the
723 1228 120 21 confidence
859 1229 21 20 of
899 1229 28 20 all
946 1228 46 22 who
1011 1230 73 26 kindly
1102 1230 74 21 favour
1208 1237 35 15 me

59 1266 52 21 with
121 1267 56 21 their
186 1267 123 26 patronage.

60 1305 64 21 TRY
144 1305 49 22 MY
218 1304 93 24 CURE
330 1303 145 27 FOR|ALL
493 1301 164 29 KINDS|OF
674 1305 80 21 SKIN
784 1305 172 22 DISEASE—

222 1341 14 21 I
245 1347 36 15 am
290 1341 134 26 exceedingly
434 1341 114 21 successful
558 1340 23 21 m
591 1346 36 20 my
632 1340 101 22 remedies
742 1341 33 20 for
785 1340 43 22 this
836 1341 122 27 complaint,
968 1342 52 22 have
1031 1350 12 14 a
1047 1343 58 27 large
1121 1344 91 21 number
1227 1346 23 21 of

265 1378 150 20 testimonials.

62 1422 64 27 l'ry
145 1424 49 22 my
214 1423 75 23 new
307 1423 143 21 remedy
469 1423 63 21 for
552 1422 96 22 liver
661 1422 220 23 complaints
898 1424 68 22 and
986 1425 252 24 indigestion—

224 1458 114 23 Hundreds
347 1458 23 21 of
379 1463 36 22 my
424 1458 94 27 patients
528 1458 54 21 have
591 1458 79 27 proved
678 1458 18 22 it
706 1458 74 28 highly
794 1459 141 28 satisfactory.
947 1468 4 14 ;

206 1507 85 31 Jjarge
304 1506 75 26 Stock
396 1506 27 25 of
432 1506 33 25 all
476 1505 73 26 kinds
560 1507 25 24 of
596 1507 88 24 Patent
705 1507 133 25 Medicines
860 1510 26 23 at
914 1508 70 25 Store
1000 1509 92 26 Prices.

295 1561 22 23 A
328 1559 129 35 complete^
469 1560 149 25 Assortment
638 1561 26 24 of
683 1561 174 30 Honioepathic
885 1561 139 26 Medicines.

130 1612 42 26 All
189 1611 126 26 DRUGS
331 1611 195 25 Guaranteed
540 1611 83 31 Pure,
639 1611 74 24 Best
734 1610 128 36 Quality,
882 1611 55 26 and
954 1612 117 27 Lowest
1097 1613 90 26 Price.

264 1657 301 26 PRESCRIPTIONS
581 1658 118 33 carefully
717 1658 56 24 and'
785 1660 110 31 correctly
919 1661 130 30 dispensed.
1093 1672 4 3 ■
1109 1683 2 2 .

400 1694 601 53 COTSrSTJIiT^LTIOTSrS
1040 1714 191 35 FRliJli]

493 1766 114 31 JOHN
629 1766 28 31 S.
683 1766 145 38 COOKB,

465 1827 143 33 Kegisterei
640 1827 206 27 Pharmaceutical
864 1830 116 30 Chemist,

798 1876 108 26 Cashel
932 1878 114 32 Street,

925 1924 275 28 OHRISTCHURGH.

1308 840 180 49 JOHN
1553 844 289 57 INGRAM,

1306 927 59 24 HAS
1379 930 56 21 FOR
1449 931 71 22 SALE
1536 933 38 21 BY
1590 934 123 23 PUIVATE
1726 936 116 21 TREATI.

1415 1078 32 20 On
1458 1082 90 19 accourt
1558 1082 22 19 of
1590 1082 35 19 Mr
1634 1083 106 20 Johnson.

1310 1139 59 28 Shop
1375 1141 43 21 and
1431 1141 104 31 dwelling,
1545 1145 99 27 fronting
1653 1146 38 21 the
1701 1146 59 21 Main
1774 1146 68 24 Road,

1308 1168 98 25 opposite
1415 1169 93 24 Pearson
1529 1173 58 20 Park
1609 1180 28 14 on
1656 1174 47 20 half
1712 1180 28 15 an
1760 1174 52 21 Acre
1822 1173 20 22 of

1307 1193 59 23 land.

1294 1360 70 25 .That
1383 1364 132 24 two-storied
1532 1367 100 27 Building
1650 1375 29 15 on
1698 1369 36 21 the
1750 1368 92 25 Terrace,

1294 1391 9 32 |
1310 1390 95 25 opposite
1415 1391 44 21 Mrs
1468 1393 80 21 Leurs'.

1298 1423 11 52 I
1513 1450 2 2 '
1769 1458 3 18 ;

1301 1489 11 37 |
1405 1498 32 21 On
1447 1501 90 20 account
1546 1501 23 21 of
1577 1502 36 21 Mr
1626 1503 30 21 H.
1666 1503 81 21 Heakn.

1303 1540 102 31 fiisvery
1421 1545 98 28 compact
1546 1550 56 21 little
1611 1551 101 26 Property
1729 1552 24 19 m
1772 1552 70 24 Queen

1303 1571 76 24 Street,
1390 1574 123 27 containing
1522 1575 64 22 about
1595 1577 27 27 4£
1631 1578 63 21 Acres
1703 1577 24 21 of
1731 1578 31 21 ris
1768 1576 74 24 aland,

1303 1598 127 22 Subdivided
1440 1599 47 22 into
1496 1603 80 20 several
1586 1604 63 20 sniall
1658 1604 114 25 paddocks,
1790 1604 52 20 with

1301 1623 59 21 *ood
1378 1625 73 22 House
1468 1628 95 26 thereonj
1581 1630 59 21 brick
1658 1631 53 20 well.
1735 1632 52 19 Cost
1806 1630 36 21 the

1302 1650 74 22 lowiier
1385 1653 61 21 £250.
1475 1655 50 22 Will
1536 1656 24 21 be
1569 1657 46 20 sold
1625 1658 22 21 at
1657 1663 13 16 a
1680 1663 49 21 very
1738 1656 102 23 consider-

1304 1678 45 19 ab'e
1357 1679 109 22 reduction
1476 1688 28 15 on
1512 1683 71 22 above
1592 1684 61 26 price.

1298 1773 5 10 ;
1360 1758 61 21 ■On
1435 1764 89 19 account
1534 1764 22 19 of
1564 1763 43 21 Rev
1626 1764 31 21 M.
1673 1765 84 22 Baxter.

1284 1838 50 25 '"■96
1341 1843 78 23 -Acres
1442 1847 22 20 of
1486 1847 62 23 Land
1564 1850 73 25 nearly
1669 1846 95 31 opposite
1800 1853 35 20 the

1387 1882 119 27 Saleyards.

1305 1956 27 20 87
1344 1957 63 21 Acres
1416 1960 23 18 at
1449 1959 57 22 West
1515 1961 87 27 Oxford,
1614 1968 47 16 now
1673 1964 25 21 m
1708 1964 127 26 occupation

1387 1995 24 21 of
1424 1995 33 22 Mr
1465 1997 78 26 Meyer.

1364 2069 38 21 750
1414 2070 64 22 Acres
1491 2073 23 20 m
1527 2074 153 27 Rampaddook

1310 2143 66 27 Large
1388 2146 61 22 Store
1457 2148 96 26 opposite
1562 2149 91 27 Church,
1674 2151 54 21 East
1748 2151 86 22 Oxford.

1304 2218 104 28 Dwelling
1430 2221 72 23 Hoitse
1524 2224 111 27 adjoining
1660 2226 83 27 OraDge
1771 2227 59 21 Hall-

1512 2408 36 21 TO
1560 2409 63 22 LET.

1461 2455 26 21 In
1505 2456 81 21 Horn's
1595 2458 82 21 Estate.

1305 2489 61 21 Good
1374 2490 97 28 dwelling
1480 2492 50 22 with
1540 2494 43 21 Ten
1592 2501 57 15 acres
1660 2496 23 21 of
1689 2496 58 21 land.

1307 2657 189 37 JOHN
1527 2662 306 37 INGRAM

1453 2772 236 34 AUCTIONEER,

1388 2916 367 35 OXFORD.

1310 3090 137 47 MltS
1461 3093 371 61 MITCHELL,

1368 3157 272 44 BOARDINGHOUSE
1664 3164 120 40 KEEPER

1310 3211 192 39 EAST
1533 3220 304 40 OXFORD

1423 3277 103 23 TERMS
1547 3280 174 25 MODERATE

1310 3317 116 27 EVERY
1434 3319 187 29 ATTENTION
1634 3324 26 25 to
1670 3324 171 28 BOARDERS

1364 3442 73 39 O-.

1317 3514 85 45 ZINC,
1425 3516 68 41 TIN,
1517 3519 64 39 AND
1604 3522 113 40 SHEET,
1743 3525 99 37 STEEL

1518 3584 135 24 WOIIKEK

1350 3628 86 42 High
1459 3631 109 41 Street,
1592 3635 78 31 Eagt
1693 3637 123 32 Oxford.

1316 3729 41 25 All
1369 3731 70 25 kinds
1452 3733 27 24 of
1493 3735 93 31 Pumps
1599 3737 74 24 Fixed
1685 3740 22 22 &
1724 3740 118 31 Ecpaired

1428 3778 25 22 at
1466 3777 42 24 the
1522 3778 107 26 shortest
1641 3782 88 24 notice.

2041 844 115 27 GREAT
2187 846 87 27 SALE

2145 893 30 17 OF
2186 888 3 3 '
2228 895 5 4 '

1898 918 206 34 TEWELLRY,
2140 923 176 28 WATCHES.
2351 925 70 26 DIA-

1891 955 23 21 O
2054 955 97 26 MOND
2170 956 120 32 GOODS,

1893 990 125 28 SILTER
2036 992 71 27 AND
2130 995 294 36 ELECTRO-PLATE)

1891 1029 47 24 AT
1956 1030 21 24 A
1995 1030 171 27 DISCOUNT
2191 1034 43 24 OF
2251 1035 28 24 4s
2296 1035 37 24 IN
2351 1035 70 25 THE

1990 1069 125 30 POUND,
2128 1072 67 25 FOR
2207 1073 22 25 A
2246 1075 77 24 FEW

2041 1110 123 26 WEEKS
2173 1113 99 25 ONLY.

1924 1152 113 29 £10,000
2055 1154 72 25 value
2140 1157 25 24 to
2177 1157 76 25 select
2276 1158 66 25 from
2361 1161 26 23 at

1893 1211 77 46 M:
2022 1214 401 52 SANDSTEIN

1903 1289 107 22 DIRECT
2024 1290 152 30 IMPORTER,
2178 1292 230 30 RWATCHfifAKER

2036 1330 59 21 AND
2110 1332 162 27 JEWELLER,

1848 1385 2 7 ,
1887 1364 112 22 CASHEL
2015 1367 38 20 ST.
2074 1367 85 26 WEST,
2182 1369 236 26 OHRIBTCHUBQH.

2032 1469 161 28 Established
2206 1475 73 24 1862.

1911 1541 31 21 M.
1954 1543 160 24 SANDSTEIN
2123 1546 40 21 has
2178 1548 114 26 appointed
2301 1549 44 22 Mb.
2354 1550 25 21 R.
2389 1551 30 21 H.

1884 1574 81 23 Pabish
1981 1583 24 14 as
2021 1578 35 21 his
2071 1579 79 22 Oxford
2163 1581 104 26 AGENT,
2282 1583 48 21 who
2345 1585 42 20 will
2397 1591 13 15 a

1884 1613 43 19 any
1936 1608 52 22 time
1997 1615 94 20 procure,
2105 1618 28 14 on
2149 1613 146 27 approbation,
2314 1616 108 25 Watches,

1884 1640 82 27 Clocks,
1977 1642 43 23 and
2029 1644 115 27 Jewellery,
2152 1646 35 21 for
2202 1646 37 22 hia
2250 1645 79 25 Oxford
2337 1639 83 32 Clients

1886 1675 21 20 to
1917 1676 65 22 select
1994 1677 65 26 from,
2069 1680 23 19 at
2102 1680 36 21 the
2156 1686 60 15 same
2224 1682 58 26 price
2297 1689 25 15 as
2329 1684 95 26 charged

1881 1707 23 21 at
1914 1706 36 23 the
1959 1708 152 25 Christchurch
2120 1706 183 30 Establishment/

1925 1761 58 42 M,
2028 1760 363 60 SANDSTEIN^

1884 1820 39 27 ..;
1982 1820 3 3 '
2003 1815 135 31 :^OASMI
2147 1824 142 26 STREKFr---
2301 1840 40 5 -—
2352 1846 4 7 ,
2363 1808 52 45 if
2440 1850 4 4 .

1971 1865 355 31 CHRISTCHURCH.

1921 1933 2 2 '
2105 1974 11 9 ,
2147 1969 1 2 ■
2191 1953 21 32 /
2241 1947 56 38 *;i
2312 1957 6 23 \
2337 1947 16 41 \

1886 2084 176 59 All.
2092 2087 320 63 lla^all

2003 2180 288 40 SADDLER

2114 2243 59 22 and
2223 2254 15 6 •■
2265 2237 3 7 :
2335 2250 99 24 ..;.-.;

1879 2287 279 44 HARDWARE
2173 2292 227 43 IMPORTER
2432 2302 4 12 '

2020 2352 93 26 high
2131 2350 142 35 street;

1962 2404 362 59 GUST.

1883 2492 166 57 DESIRES
2067 2496 26 25 to
2104 2504 129 19 announce
2245 2499 57 27 that
2312 2500 28 24 m
2351 2500 61 26 view

1956 2527 28 25 of
1996 2527 43 25 the
2062 2530 166 33 approaching
2249 2532 106 32 harvest,
2379 2533 33 26 he

1881 2564 47 25 has
1950 2566 73 24 made
2046 2574 32 18 an
2102 2569 123 26 extensive
2246 2571 121 31 purchase
2387 2573 28 24 of

1879 2602 134 25 BINDER
2036 2604 113 26 TWINE
2175 2608 49 24 and
2246 2609 162 25 MACHINE

1880 2639 77 27 OILS
1975 2642 80 25 which
2066 2643 32 25 he
2109 2644 22 25 is
2142 2646 117 31 prepared
2272 2648 26 23 to
2321 2649 91 31 supply,

1880 2680 25 23 at
1917 2679 42 24 the
1971 2680 86 26 lowest
2068 2683 181 27 remunerative
2271 2685 87 32 prices.

1881 2752 53 25 The
1945 2752 125 35 following
2077 2754 91 28 brands
2177 2765 41 17 are
2226 2757 58 33 kept
2295 2758 26 25 m
2331 2759 79 25 stock:

1915 2796 131 33 Donaghy,
2064 2798 114 31 Manilla,
2191 2801 84 27 Mixed
2287 2802 50 25 and
2349 2803 64 25 Flax

1882 2836 105 29 Twines,
2006 2838 134 26 Auckland
2153 2841 73 25 Fibre
2239 2842 53 29 Cos,
2306 2843 105 26 Manilla

1883 2874 57 24 Star
1949 2875 48 24 and
2009 2875 70 30 Flax,
2101 2877 50 25 and
2170 2879 90 26 Mason
2281 2881 127 26 Struthera

1882 2912 56 25 well
1949 2913 90 25 known
2051 2914 104 27 Lurline
2168 2917 83 33 Hemp
2269 2919 93 26 Twine.

1917 2950 53 26 The
1982 2952 75 24 Stock
2069 2953 26 24 of
2106 2954 61 24 Oils
2178 2955 23 25 is
2213 2957 120 31 complete
2356 2966 56 17 con-

1884 2988 90 33 sisting
1997 2990 27 25 of
2051 2990 74 32 Lard,
2151 2993 91 30 Castor,
2274 2996 141 29 Valvohrie,

1884 3027 97 25 Golden
1999 3028 155 34 Machinery..
2178 3032 83 30 Colza,
2282 3033 52 26 Pea
2353 3035 62 30 Nut,
2452 3050 2 12 *

1883 3067 135 29 Neatsfoot,
2036 3070 60 25 Raw
2119 3072 49 24 and
2191 3073 88 26 Boiled
2298 3072 120 29 Linseed
2431 3083 3 4 '

1883 3106 109 32 Aprons,
2004 3109 49 24 and
2069 3109 128 27 Elevators
2214 3113 72 25 made
2307 3114 49 24 and
2378 3123 37 17 re-

1882 3147 84 32 paired
1980 3150 33 23 .at
2052 3149 109 27 shortest
2194 3152 92 26 notice.
2322 3154 93 26 Binder

1883 3185 79 32 whips
1974 3186 97 26 Canvas
2081 3187 99 31 batons,
2192 3190 76 33 rivets
2280 3193 50 24 and
2342 3193 75 26 Pole-

1886 3227 87 30 straps,
1987 3226 58 32 kept
2053 3227 26 24 m
2100 3229 103 32 variety.
2218 3236 3 14 :

1901 3265 22 24 A
1934 3265 67 32 large
2012 3267 114 33 quantity
2138 3269 27 24 of
2175 3270 90 25 House
2274 3272 144 26 Mkotctnks

1886 3305 92 32 always
1989 3314 33 17 on
2044 3307 68 26 hand
2134 3309 131 35 including
2285 3312 135 27 EHiinan's

1888 3345 125 32 Slesinger
2034 3347 50 25 and
2106 3348 149 34 Abilga&vds
2282 3352 136 28 Embroca-

1887 3383 61 28 tion,
1973 3384 144 32 Slesingcrs'
2147 3387 143 34 Leemings,
2325 3392 93 25 James'

1888 3423 50 24 and
1948 3423 111 26 Stevens'
2073 3425 154 33 Blisterings,
2244 3429 95 33 Fryer's
2359 3431 79 26 Bal-'

1888 3469 61 20 sain,
1975 3461 80 26 Sweet
2067 3463 78 29 Nitre,
2161 3465 93 32 Spavin
2265 3467 83 27 bruis«
2359 3477 54 18 con-

1888 3501 87 30 dition,
1996 3504 48 23 and
2069 3504 88 25 Worm
2178 3506 124 30 Powders,
2323 3509 52 25 also
2404 3518 14 16 a

1888 3539 83 24 varied
1994 3540 69 27 stock
2084 3542 27 24 of
2134 3543 121 33 Saddlery
2271 3545 27 25 m
2322 3547 34 24 all
2385 3548 33 25 its

1888 3577 130 26 branches.

1922 3615 149 26 Horse-hair
2080 3618 50 25 and
2142 3618 119 27 Baeswax
2271 3622 146 31 purctased.

1891 3655 96 25 Second
1998 3657 67 24 hand
2075 3658 96 26 saddles
2182 3659 101 32 .bought
2305 3662 49 24 and
2377 3671 40 15 ex-

1890 3694 111 32 changed
2031 3697 38 24 foi
2101 3705 62 18 new.
2198 3702 91 28 Agent,
2306 3702 39 24 for
2377 3702 47 24 the-

1889 3732 125 32 Lyttelton
2027 3735 79 24 Times
2119 3737 133 31 Company,
2270 3739 49 23 and
2337 3739 87 26 Souths

1889 3771 95 23 British
1996 3772 134 24 Insurance
2139 3773 41 24 Co.
2217 3775 89 23 Orders
2319 3776 30 29 by
2361 3778 67 28 post.,

1889 3815 27 17 or
1928 3808 118 26 telegram
2054 3810 123 24 promptly
2189 3812 118 22 attended,
2316 3815 33 19 to.

83 2040 37 52 T.
164 2040 46 61 J.
252 2038 353 58 WEEBER,

158 2102 72 33 High
243 2102 89 28 Street,
344 2102 64 24 East
428 2101 102 25 Oxford;

156 2163 124 28 PICTURE
300 2162 100 27 FRAME
422 2161 103 27 MAKER

77 2217 102 24 Picture
191 2217 93 24 Frame
294 2215 146 31 Mouldings
454 2223 28 17 or
506 2215 59 24 sale.

75 2257 83 31 Agent
165 2257 39 25 for
214 2255 40 26 W.
266 2255 142 26 Bainbow's
425 2255 185 31 Preparations.

128 2316 16 10 „
211 2294 136 26 Ellisdon's
358 2295 133 32 Neuralgic
502 2295 91 31 Drops.

128 2354 15 12 
211 2335 93 26 United
322 2335 136 26 Insurance
482 2335 131 32 Company

73 2377 28 26 of
111 2376 109 32 Sydney.

79 2487 22 25 A
111 2494 55 18 new
178 2486 37 27 lot
226 2485 27 26 of
264 2485 213 33 Paperliangings,
501 2486 51 31 just
574 2494 36 17 re-

81 2525 92 29 ceived,
185 2525 65 25 from
262 2523 113 33 sixpence
393 2531 43 24 per
455 2523 76 32 piece.

262 2646 309 46 STOCKS,

82 2709 341 32 MONUMENTAL
444 2709 172 37 MASON,

207 2761 130 30 Madras
360 2760 124 37 Street,

127 2813 447 32 CHRISTCHURCH.

90 2905 159 60 WISHES
267 2907 25 22 to
309 2906 86 24 inform
406 2914 99 23 persons
523 2907 23 23 m
555 2909 63 21 want

179 2939 26 24 of
220 2939 161 24 Monumental
406 2939 74 25 Work
508 2940 52 23 that
588 2940 30 23 lie

87 2973 95 23 intends
204 2975 24 21 to
250 2972 88 25 SELL
365 2973 61 25 HIS
460 2972 158 26 PEESENT

88 3005 116 24 LARGE
224 3005 117 29 STOCK,
359 3006 130 30 consisting
506 3006 24 23 of
543 3005 75 24 Gran-

89 3039 33 23 ite
140 3038 100 30 Marble,
266 3038 47 24 and
339 3040 66 22 other
433 3038 73 25 Stone
534 3038 86 24 Monu-

89 3074 85 25 ments,
204 3074 25 21 at
258 3071 158 32 considerably
451 3072 167 25 EEDUCED

89 3104 130 24 PRICES.
253 3104 56 25 Iron
327 3105 98 30 Fences,
445 3106 111 24 Concrete
573 3106 46 23 and

91 3138 73 25 Stone
181 3137 123 31 Iveroings,
324 3139 98 23 mli/ced
433 3139 24 23 m
475 3139 69 31 ]rice.
579 3139 40 24 In-

90 3170 124 32 scriptions
233 3171 47 24 and
298 3171 32 24 all
348 3171 64 24 work
430 3172 24 24 m
482 3172 139 24 connection

91 3203 56 24 with
167 3204 40 23 the
223 3204 68 24 trade
303 3205 60 23 done
373 3205 25 23 m
410 3205 129 24 firnt-elnss
553 3207 67 29 style.

94 3236 74 30 Early
182 3236 135 32 inspection
335 3238 97 24 invited.
470 3238 94 26 Several
572 3247 51 15 new

92 3270 61 23 lines
170 3270 73 29 lately
271 3271 100 23 arrived.
406 3272 53 29 Any
487 3272 135 23 reasonable

92 3302 59 24 offer
167 3302 37 23 for
221 3302 39 24 the
278 3308 91 26 present
386 3304 68 24 stock
472 3304 48 25 will
547 3304 76 25 result

91 3335 24 24 m
132 3344 14 14 a
164 3335 57 25 sale.
258 3335 74 25 Want
355 3339 25 23 to
398 3337 90 25 realise.

92 3452 47 46 J.
162 3452 52 46 T.
243 3454 197 53 Brown,
461 3456 41 43 &
524 3456 95 45 Son

148 3520 109 21 TIMBER
266 3521 18 21 &
294 3521 71 21 COAL
378 3522 182 23 MERCHANTS.

267 3559 162 22 IMPORTERS

95 3595 35 29 Of
160 3595 139 29 TIMBER
328 3599 53 25 and
410 3599 48 27 All
488 3600 86 26 Kinds
599 3600 27 27 of

149 3643 185 28 BUILDING
358 3645 218 28 MATERIALS.

283 3690 148 28 CORNER

94 3739 162 27 COLOMBO
296 3741 19 23 &
343 3740 96 25 TUAM
475 3742 152 26 STREETS

253 3784 191 24 Cfbi^tohurch

713 2015 220 61 ROBERT
1014 2018 225 73 FISHER,

751 2093 175 28 GENERAL
947 2095 260 28 STOREKEEPER

727 2142 94 45 Teas,
862 2140 130 47 Coffees,
1031 2143 126 46 Cocoas,
1192 2154 21 28 a

812 2193 141 39 General
975 2194 180 40 Groceries-

762 2244 141 32 WEST
965 2245 220 33 OXFORD.

751 2344 436 45 SADDLERY.

709 2415 79 52 H.
814 2415 61 54 J.
893 2416 344 57 LAMING

802 2494 342 36 saddler

939 2539 63 21 AND

712 2575 283 41 HARNESS
1030 2578 207 41 MAKER

856 2628 70 25 Neap.
944 2629 147 30 Saleyakds,

745 2671 459 45 OXFORD.

712 2746 85 25 Orders
809 2746 49 25 and
875 2746 103 32 Repairs
988 2748 124 32 promptly
1123 2749 117 24 executed

872 2793 25 22 at
908 2790 84 25 lowest
1004 2794 73 22 rates.

814 2857 141 40 HORSE
978 2857 160 41 COVERS

690 2915 8 7 *'
712 2908 98 40 made
822 2909 37 39 to
875 2909 102 40 Order,
990 2910 68 39 and
1072 2910 168 51 Repaired

771 3024 254 26 CALEDONIAN
1042 3026 143 26 HOUSE.

713 3086 215 45 JAMES

794 3143 81 26 BOOT.
893 3143 83 27 SHOE.
992 3145 25 25 &
1032 3144 122 28 SLIPPER

846 3175 257 33 Manufacturer.

816 3221 115 32 WEST
965 3223 177 32 OXFORD.

716 3273 48 21 Has
774 3279 29 15 on
811 3273 61 20 hand
882 3279 12 14 a
903 3274 103 25 splendid
1013 3276 130 19 assortment
1150 3275 23 20 of
1178 3276 68 20 Boots

717 3306 43 19 and
771 3304 68 21 Shoes
849 3305 64 21 made
933 3311 29 14 on
971 3306 38 20 the
1018 3306 104 26 premises
1141 3308 25 20 at
1176 3307 68 26 prioes

717 3336 52 21 that
779 3336 51 27 defy
839 3337 149 26 competition.
1016 3338 59 26 Boys
1083 3339 80 21 School
1188 3340 54 25 oots,

717 3369 56 22 back
783 3375 71 15 seams
863 3368 45 22 and
917 3369 62 21 front
988 3369 61 22 hand
1056 3376 65 19 Bewn,
1129 3372 82 20 cannot
1218 3372 28 21 be

717 3401 125 26 surpassed.
873 3402 66 20 Men's
949 3402 50 20 beßt
1004 3403 147 26 watertights,
1160 3404 86 25 pegged

718 3433 49 27 15/-.
806 3433 97 26 Bespoke
926 3433 139 26 department
1087 3434 103 26 carefully
1214 3436 33 19 at-

717 3465 68 21 tende
815 3467 29 19 to.
873 3466 39 20 Fit
930 3466 45 19 and
993 3465 167 28 Workmanship
1180 3467 67 21 Guar-

717 3497 86 21 anteed.
832 3489 91 40 Repairs
932 3497 76 25 neatly
1018 3497 44 22 and
1070 3499 112 28 promptly
1192 3499 56 22 done

717 3531 26 20 at
750 3528 129 23 reajouable
903 3530 56 21 rices

748 3584 58 21 anch
820 3584 178 21 Establishment
1006 3593 5 12 :
1026 3585 59 20 Near
1103 3585 66 21 Town
1188 3585 61 26 Hall,

903 3611 56 21 Esst
969 3612 89 21 Oxford.

743 3687 48 38 G.
819 3686 46 39 E.
897 3687 337 46 WEYLANDT,

853 3750 109 27 FAMILY
979 3751 143 28 BUTCHER.

766 3786 153 38 EAST
950 3788 257 39 OXFORD,
