2472 3868
32 155 110 26 Poulson
154 157 42 29 got
208 154 43 24 the
263 153 51 25 ball
326 151 49 25 and
388 151 84 24 scored
482 158 15 16 a
508 156 58 23 very

30 200 82 30 pretty
123 200 39 29 try
173 198 110 24 between
297 197 41 24 the
350 197 77 29 posts.
446 192 119 25 Malcolm

29 242 50 24 had
95 250 33 16 no
147 240 120 31 difficulty
290 240 26 24 m
339 238 100 31 placing
460 236 105 25 another

30 285 65 32 goal.
131 284 101 31 Shortly
243 284 63 24 after
335 281 50 24 this
403 280 43 25 the
465 278 99 26 whistle

29 328 63 25 blew
114 327 37 24 for
173 327 134 24 half-time.
354 324 69 24 View
452 323 57 24 Hill
533 323 30 22 12

29 371 83 31 points
123 370 92 24 Oxford
226 369 46 24 nil.
307 369 30 23 In
350 367 43 24 the
401 365 90 25 second
502 364 61 33 spell

29 416 68 23 want
107 414 28 24 of
143 413 108 31 practice
261 412 81 31 began
354 412 25 22 to
400 409 45 25 tell
465 417 32 16 on
520 407 44 26 the

109 456 56 25 Hill
180 456 68 31 boys,
262 455 84 24 whilst
359 452 93 25 Oxford
474 451 89 32 played

29 508 14 17 a
55 501 38 24 far
105 499 110 32 superior
227 506 71 25 game
312 500 25 22 to
359 496 68 24 what
450 495 59 31 they
521 493 43 24 did

29 543 28 25 m
67 543 42 26 the
121 543 63 24 first.
222 541 100 31 Shortly
335 539 63 25 after
406 538 44 26 the
462 537 101 25 kick-oli

3 608 5 13 t
29 588 43 24 the
83 586 99 33 yellows
194 594 63 16 were
269 585 27 24 hi
307 583 150 27 difficulties,
468 581 46 24 but
523 580 40 24 de-

30 631 103 31 fending
144 630 65 24 their
220 630 51 24 line
283 626 153 32 desperately
448 626 114 31 prevent-

31 675 30 25 ed
72 675 74 28 what,
159 673 63 25 from
236 673 59 24 time
307 673 26 23 to
346 670 60 24 time
417 668 89 26 looked
514 667 50 25 like

31 727 15 16 a
64 718 94 25 certain
178 724 75 17 score.
289 715 33 24 At
344 713 49 25 last
414 721 15 16 a
453 710 111 34 splendid

30 761 106 27 forward
147 761 60 24 rush
219 760 32 32 by
264 760 42 25 the
318 758 64 25 reds,
404 756 94 25 carried
521 755 43 25 the
592 774 4 7 .

30 805 53 26 ball
100 812 64 21 over,
177 804 87 24 White
277 801 106 31 scoring,
396 800 101 24 Hunter
506 797 59 26 took

32 850 42 25 the
86 848 56 26 kick
154 848 49 24 and
215 845 120 32 although
349 846 25 22 at
398 851 32 17 an
443 840 122 26 awkward

32 894 80 30 angle,
133 891 85 32 placed
230 899 14 16 a
266 890 82 30 pretty
360 887 65 31 goal.
460 885 22 24 A
500 884 64 32 good

32 936 56 25 deal
96 936 27 25 of
130 932 181 32 uninteresting
319 931 58 32 play
386 937 55 17 now
451 927 114 26 followed

32 979 76 25 untill
120 978 42 25 the
173 977 43 25 red
238 973 126 29 forwards,
388 972 102 32 playing
510 970 55 25 well

33 1023 113 31 together
157 1020 92 26 rushed
262 1019 42 25 the
315 1018 52 25 ball
380 1025 58 16 over
460 1015 43 25 the
515 1014 50 24 line

32 1066 82 32 Kyder
126 1064 98 31 scoring
267 1063 53 23 The
344 1059 55 25 kick
411 1058 42 25 did
471 1059 44 23 not
526 1056 38 24 in-

32 1117 83 17 crease
127 1108 43 25 the
182 1114 76 17 score.
294 1105 54 24 The
360 1110 73 24 game
445 1109 55 16 now
523 1099 42 25 be.

2 1173 2 4 .
32 1161 70 17 came
120 1159 57 23 very
189 1149 115 30 exciting,
324 1146 74 31 again
420 1144 50 25 and
490 1143 74 31 again

32 1196 44 25 the
88 1194 98 34 yellows
197 1193 32 32 by
241 1200 15 17 a
264 1192 126 31 desperate
400 1188 71 25 effort
483 1186 81 27 would

3 1240 6 6 *
33 1239 90 25 relieve
135 1237 43 24 the
189 1243 113 25 pressure
314 1241 32 18 on
359 1232 65 25 their
436 1232 59 29 line,
516 1230 49 25 and

34 1282 75 33 again
121 1281 49 25 and
182 1280 73 32 again
264 1278 41 26 the
314 1277 56 26 reds
383 1276 31 32 by
424 1284 15 16 a
446 1276 50 24 fine
504 1273 62 26 rush

35 1327 50 25 and
97 1325 113 32 carrying
221 1324 43 24 the
275 1323 51 24 ball
338 1320 67 31 right
417 1327 82 17 across
522 1317 43 25 the

3 1375 10 9 *
36 1369 95 33 ground
149 1369 41 30 got
212 1374 57 17 over
288 1372 61 18 near
371 1364 42 24 the
434 1369 94 21 corner,
541 1360 24 24 J.

36 1414 43 25 Me
90 1412 82 26 Grath
184 1411 105 29 scoring.
324 1407 53 25 The
389 1406 56 24 kick
457 1406 41 23 did
521 1405 45 24 not

37 1458 65 24 raise
113 1456 43 26 the
168 1463 75 17 score,
253 1452 94 31 shortly
360 1451 62 24 after
434 1451 60 23 time
518 1455 50 17 was

38 1501 122 26 called.—
170 1499 69 25 View
267 1496 54 26 Hill
351 1496 29 23 U
427 1493 93 25 Oxford
542 1494 24 22 7.

38 1546 54 24 The
104 1552 71 25 game
186 1550 50 17 was
248 1540 88 33 played
347 1538 61 25 with
417 1537 43 25 the
472 1537 94 24 utmost

39 1589 63 32 good
130 1586 90 30 feeling
247 1585 32 31 by
302 1582 61 25 both
391 1583 88 27 teams,
506 1579 62 26 with

39 1633 43 25 the
110 1630 127 32 exception
262 1628 26 25 of
323 1633 46 18 one
404 1623 92 33 player.
547 1622 25 25 It

39 1684 80 18 seems
128 1682 15 17 a
154 1674 52 32 pity
218 1672 56 26 that
294 1677 46 19 one
356 1675 61 18 man
428 1667 88 26 should
539 1665 31 25 be

39 1718 105 28 allowed
155 1719 26 24 to
192 1724 55 17 mar
258 1724 15 16 a
284 1713 63 34 good
354 1719 73 25 game
436 1711 26 25 of
469 1709 103 27 football

40 1764 50 24 and
100 1764 14 24 I
137 1760 121 31 sincerely
275 1759 64 31 hope
351 1756 57 25 that
430 1754 43 26 the
496 1754 76 25 above

39 1805 145 29 mentioned
194 1804 93 25 ruffian
298 1801 52 27 will
361 1801 46 24 not
417 1798 30 26 be
471 1797 102 26 allowed

41 1853 26 23 to
76 1851 54 31 give
138 1848 106 26 another
255 1841 138 30 exhibition
411 1842 27 25 of
453 1841 40 26 his
511 1848 61 18 cow-

41 1893 71 33 ardly
123 1890 149 34 proclivities
283 1896 33 18 on
326 1887 43 25 tbe
391 1883 103 27 football
505 1883 67 26 field.

42 1936 65 23 Nine
112 1933 117 24 matches
239 1933 70 21 -have
397 1929 63 23 been
482 1926 90 31 played

41 1976 113 25 between
164 1971 93 28 Oxford
266 1971 50 25 and
326 1968 68 27 View
406 1968 63 30 Hill,
482 1967 92 26 Oxford

41 2020 48 25 has
108 2025 55 19 won
175 2018 24 29 8,
211 2016 69 25 View
302 2012 56 27 Hill
368 2014 25 27 2,
405 2012 48 25 and
476 2012 15 24 4
511 2011 64 25 have

42 2063 63 26 been
116 2061 84 26 drawn
217 2059 106 25 without
343 2064 15 17 a
379 2062 75 19 score.
488 2055 87 25 Scores

41 2107 69 28 View
121 2104 56 27 Hill
189 2105 31 23 25
231 2102 83 33 points
337 2098 92 26 Oxford
439 2100 31 24 18
481 2098 94 33 points.

157 2197 305 32 ENTERTAINMENT.

72 2301 33 26 At
131 2300 44 26 the
194 2295 76 26 Town
299 2294 61 26 Hall
389 2293 90 24 Messrs
505 2290 68 26 Moss

39 2345 85 30 Levoi,
144 2343 97 30 George
258 2338 77 27 Ward
362 2336 50 26 and
437 2335 135 33 Company,

39 2387 106 29 assisted
156 2387 33 32 by
201 2384 64 27 Miss
281 2380 85 28 Carrie
378 2379 96 30 Fisher,
487 2386 60 25 gave
559 2385 15 18 a

39 2434 170 33 performance
220 2428 28 25 of
266 2427 45 25 the
331 2424 112 33 pleasing
466 2422 105 31 Comedy

41 2477 76 25 ••The
134 2472 115 34 Rightful
372 2467 50 25 and
443 2465 44 28 the
509 2466 66 25 farce

41 2526 16 11 «
64 2516 133 36 Cupboard
206 2538 4 3 .
216 2515 56 26 love
338 2511 26 26 It
382 2510 64 26 need
469 2508 107 32 scarcely

41 2565 31 25 be
84 2561 54 28 said
149 2561 55 26 that
216 2559 43 26 the
272 2557 62 26 Hall
356 2561 50 19 was
418 2552 111 27 crowded
547 2559 28 18 as

41 2609 21 25 it
73 2604 126 35 generally
218 2603 23 24 is
251 2601 74 26 when
335 2599 21 25 it
375 2598 23 26 is
409 2597 91 26 known
519 2595 56 27 that

42 2651 62 27 Miss
116 2648 83 26 Carrie
222 2644 89 26 Fisher
321 2641 51 28 will
383 2640 57 27 take
451 2648 16 17 a
478 2639 62 33 part,
557 2637 21 26 if

3 2704 14 22 y
43 2693 121 33 anything
177 2698 61 18 were
250 2687 111 30 wanting
380 2686 26 25 to
428 2691 74 25 prove
525 2681 51 26 this

41 2736 122 27 assertion
185 2742 36 17 we
238 2730 82 28 would
337 2728 48 26 cite
413 2727 43 26 the
472 2727 51 25 fact
551 2724 27 26 of

40 2781 46 26 the
114 2775 183 29 unmistakable
328 2771 87 32 hearty
443 2768 80 28 round
551 2766 27 27 of

39 2824 119 33 applause
172 2821 56 25 that
248 2817 98 34 greeted
368 2815 43 26 the
432 2813 66 27 little
516 2811 58 33 lady

40 2878 34 17 on
96 2868 45 25 her
158 2870 178 27 reappearance
361 2867 33 18 on
422 2858 44 26 the
483 2854 92 29 Oxford

41 2909 84 31 Stage.
161 2905 54 26 The
232 2902 107 33 Comedy
347 2907 52 19 was
410 2898 57 27 well
477 2895 96 36 played,

41 2958 120 26 everyone
189 2948 101 33 playing
306 2946 41 25 his
365 2952 28 18 or
414 2943 46 25 her
476 2942 55 33 part
548 2940 27 25 m

38 2992 57 39 J^st
112 2994 65 26 class
196 2992 69 32 style,
280 2987 136 29 and'iaken
429 2994 27 18 as
469 2994 15 18 a
495 2984 79 38 \siole

40 3041 44 25 the
112 3037 170 34 performance
312 3034 48 25 has
399 3038 74 19 never
512 3029 62 27 been

40 3081 132 33 surpassed
192 3080 27 24 m
242 3077 100 28 Oxford,
366 3074 122 32 although
510 3073 64 25 from

39 3128 63 25 lime
114 3128 26 23 to
152 3125 60 24 time
224 3131 36 17 we
272 3123 63 24 have
356 3120 50 24 had
426 3126 69 18 some
516 3124 59 25 very

39 3170 65 31 good
114 3166 129 26 Dramatic
255 3165 182 31 performances
448 3161 73 32 given
541 3167 32 18 on

39 3222 46 17 our
102 3212 65 26 local
186 3212 67 29 =tage
270 3209 32 32 by
319 3206 99 27 various
436 3204 136 27 combinat-

18 3259 85 24 ions.
138 3255 97 27 Huffin,
264 3253 41 24 Mr
333 3251 58 32 Guy
425 3249 148 27 Stevenson,

39 3309 51 17 was
102 3307 32 18 an
147 3295 122 28 excellant
283 3296 68 32 piece
374 3294 27 24 of
418 3293 84 32 acting
524 3290 50 26 and

39 3344 44 26 the
94 3342 73 26 make
180 3349 33 23 up
234 3348 50 17 was
301 3339 117 25 firstrate.
453 3336 40 25 Mr
505 3335 69 25 Moss

11 3411 12 9 „
39 3387 78 26 Levoi
138 3394 27 17 as
185 3385 40 25 Mr
248 3381 112 28 Bernard
382 3379 135 34 Keynolds,
534 3377 40 27 Mr

39 3431 109 28 Walker,
179 3429 75 28 Biles,
284 3427 49 25 and
361 3426 40 23 Mr
430 3424 79 24 Ward
544 3429 28 17 as

37 3474 119 31 Scumley
169 3472 49 25 and
229 3471 90 26 Daniel
330 3469 72 31 being
413 3466 160 34 particularly

37 3519 73 32 good,
124 3517 49 25 and
190 3516 27 24 m
234 3516 42 24 the
288 3514 58 25 dual
358 3514 55 30 part
425 3511 27 26 of
460 3511 43 25 the
514 3509 58 27 wild

39 3562 68 25 Irish
127 3561 100 24 servant
239 3559 50 25 and
300 3558 43 25 the
356 3556 87 25 villian
456 3554 117 30 Scumley

38 3606 42 25 Mr
98 3605 78 25 Ward
205 3602 102 26 scoured
333 3608 14 17 a
375 3600 70 31 great
465 3604 106 22 success,

37 3650 113 30 showing
199 3643 185 31 unmistakably
434 3643 56 24 that
539 3640 33 23 he

38 3700 125 26 possesses
185 3688 121 26 dramatic
324 3686 79 26 talent
420 3685 26 26 of
472 3693 15 16 a
515 3690 58 24 very

36 3737 62 31 high
116 3735 78 26 order.
230 3733 63 26 Miss
311 3732 59 30 May
392 3728 135 26 Edwardes
544 3734 28 17 as

38 3779 53 23 Mrs
104 3780 69 28 Kaby
185 3787 51 16 was
248 3786 59 23 very
318 3774 64 34 good
393 3773 60 25 both
465 3773 27 23 m
505 3770 68 26 voice

40 3818 50 23 and
102 3826 158 22 appearance,
274 3821 42 24 she
328 3819 56 25 bids
396 3817 46 25 fair
464 3818 24 23 to
500 3813 73 27 make
609 3807 9 43 J

658 167 15 16 a
685 160 130 30 charming
827 162 100 26 actress,
941 160 49 24 and
1001 161 27 23 m
1040 160 45 23 her
1097 160 97 24 render-

660 201 45 32 ing
716 202 27 24 of
761 202 42 24 the
824 205 55 28 part
892 204 25 24 of
928 203 43 25 the
994 203 115 31 Lodging
1120 202 76 24 house

659 244 95 32 keeper,
769 244 44 24 she
826 254 50 16 was
889 246 50 24 free
951 246 27 24 of
998 245 56 25 that
1078 245 118 32 staginess

658 288 81 23 •which
752 287 22 24 is
797 288 176 25 charicturstin
995 289 27 24 of
1032 290 66 23 most
1118 287 78 25 ladies

641 352 5 4 .
660 331 55 24 who
735 330 96 32 usnaliy
844 331 56 25 take
914 331 96 25 similar
1029 333 77 29 parts.
1144 330 52 24 The

658 374 65 24 farce
747 377 65 21 went
826 375 61 23 v.ith
898 384 14 14 a
925 375 79 30 swing
1015 384 28 15 as
1067 374 32 24 all
1120 374 76 24 farces

660 417 97 25 should.
794 417 45 25 Wo
850 425 42 17 are
904 417 136 32 requested,
1060 425 32 17 on
1113 416 83 26 behalf

658 461 27 24 of
695 461 43 23 the
758 468 128 24 manager,
911 463 26 22 to
948 463 86 22 return
1056 461 92 24 thanks
1171 461 25 23 to

660 504 42 23 the
723 503 93 25 Oxford
838 504 83 30 public
944 506 45 23 not
1000 504 60 31 only
1081 504 37 26 for
1130 503 64 26 their

658 546 90 25 liberal
781 549 137 30 patronage
956 547 46 25 but
1036 548 37 24 for
1132 546 64 25 their

658 590 92 31 perfect
777 590 70 24 order
876 591 49 24 and
953 591 124 25 attention
1106 590 89 31 during

658 633 43 25 the
712 641 113 23 progress
845 633 27 25 of
881 633 43 25 the
944 634 66 31 play,
1024 634 47 24 and
1085 633 107 32 particu-

660 677 63 31 larly
752 676 32 25 do
802 676 70 25 these
889 676 111 25 remarks
1019 678 73 31 apply
1112 679 25 23 to
1154 676 42 25 the

658 722 101 29 patrons
794 720 26 24 of
847 720 43 24 the
914 719 63 26 back
1012 722 74 28 seats,
1115 720 78 26 who's

658 762 75 26 silent
745 762 124 25 attention
886 763 92 31 proved
990 763 65 25 their
1073 763 121 32 superior-

658 806 35 31 ity
705 814 58 16 over
775 805 42 25 the
829 806 73 24 usual
919 806 63 25 back
999 809 54 23 seat
1078 807 118 25 audience

659 851 26 22 at
702 857 15 16 a
735 849 113 31 Country
866 849 60 24 Hall
955 849 73 25 when
1057 858 33 17 no
1118 849 78 33 police

658 892 83 24 officer
780 892 22 24 is
831 892 27 24 m
886 892 157 30 attendance,
1074 896 51 22 and
1153 892 43 25 the

659 935 128 32 Company
799 934 64 33 hope
875 939 25 21 to
912 943 48 24 pay
973 936 92 25 Oxford
1079 945 14 17 a
1106 936 90 26 second

658 979 58 24 visit
739 981 26 22 at
793 987 33 16 an
855 979 66 32 early
950 979 64 25 date.
1051 979 54 25 The
1125 979 71 32 day's

655 1022 171 31 jollifications
838 1023 148 24 terminated
998 1023 61 25 with
1073 1032 15 16 a
1101 1023 95 31 largely

658 1065 117 25 attended
798 1065 81 26 Social
902 1065 93 31 Dance,
1020 1066 50 25 and
1093 1066 37 25 for
1151 1066 43 25 the

658 1108 55 25 first
725 1108 60 24 time
803 1108 27 24 m
854 1108 92 25 Oxford
963 1108 43 25 the
1029 1108 78 26 ladies
1130 1116 64 18 were

658 1152 94 24 invited
765 1153 25 23 to
811 1152 89 31 supply
911 1160 15 16 a
937 1152 85 31 pound
1042 1152 27 25 of
1086 1152 107 24 refresh-

658 1199 70 21 ment
757 1195 69 30 each,
855 1203 27 17 as
911 1195 50 25 this
991 1204 50 16 wa3
1071 1195 85 26 rather
1180 1204 16 16 a

659 1239 72 24 novel
743 1239 127 24 inovation
892 1239 41 24 the
958 1241 161 29 arrangraent
1142 1246 52 17 was

659 1282 38 24 far
719 1282 64 24 from
803 1282 99 31 perfect,
938 1282 43 25 the
1017 1282 178 26 refreshments

660 1334 32 16 on
704 1326 51 24 this
777 1326 114 24 occasion
903 1326 125 25 consisted
1045 1326 149 32 exclusively

660 1370 26 23 of
696 1369 60 24 cake
768 1369 49 24 and
839 1369 119 29 buscuits,
971 1369 45 25 but
1027 1370 21 25 it
1071 1369 22 26 is
1114 1369 82 32 hoped

660 1413 56 24 that
733 1415 26 22 at
785 1413 43 24 the
855 1416 61 22 next
946 1413 81 25 Social
1056 1421 15 18 a
1100 1415 96 31 greater

660 1458 94 30 variety
765 1456 27 25 of
799 1456 101 26 eatibles
913 1457 49 25 will
975 1457 30 25 be
1016 1456 177 33 forthcoming.

731 1595 141 25 OXFORD
891 1595 91 25 ROAD
1000 1595 125 26 BOARD.

697 1679 61 27 This
791 1681 83 25 Board
901 1681 59 26 held
988 1681 65 26 their
1082 1682 116 32 ordinary

664 1719 109 32 meeting
800 1728 32 17 on
862 1720 155 32 Wednesday
1046 1721 53 24 3rd.
1128 1721 69 28 mat.,

664 1760 91 25 Messrs
767 1761 34 23 A.
814 1760 100 32 Wright
940 1760 149 34 (chairman)
1103 1761 50 25 and
1164 1761 34 24 all

663 1798 44 25 the
718 1798 122 25 members
854 1798 75 32 being
940 1801 108 29 present.

698 1836 53 24 The
769 1836 109 24 minutes
895 1837 27 24 of
937 1836 49 29 la^t
1011 1838 110 31 meeting
1138 1845 60 16 were

664 1874 58 24 read
740 1874 48 24 and
806 1874 142 24 confirmed.
984 1875 24 24 It
1028 1883 52 17 was
1098 1874 100 26 decided

665 1912 57 25 that
739 1911 43 25 the
799 1912 83 24 Board
909 1912 170 26 nominations
1108 1912 90 26 should

667 1949 54 24 take
741 1950 69 29 place
827 1957 33 16 on
878 1949 69 31 April
964 1950 79 28 27th.,
1074 1951 49 24 and
1141 1949 56 25 that

625 1999 2 16 i
666 1986 42 26 the
719 1986 50 32 poll
779 1987 89 25 should
878 1987 56 26 take
943 1989 77 29 place,
1030 1989 21 24 if
1057 1996 140 24 necessary,

667 2033 32 16 on
716 2025 57 30 May
791 2025 63 28 4th.,
872 2026 50 24 and
950 2025 56 25 that
1034 2026 43 25 the
1103 2026 95 25 annual

666 2065 109 32 meeting
808 2065 57 25 take
892 2066 70 31 place
990 2074 33 16 on
1051 2066 59 33 May
1145 2066 52 24 3rd.

664 2104 91 24 Messrs
772 2103 115 32 Aldridge
904 2104 49 24 and
971 2104 71 25 Dean
1059 2104 75 32 being
1152 2104 42 25 the

665 2144 102 31 retiring
795 2144 131 28 members,
955 2143 45 25 but
1028 2144 99 31 eligible
1161 2144 37 24 for

665 2182 151 24 re-election.

700 2222 92 24 Clerk's
813 2224 89 29 report.
904 2236 32 3 —
937 2221 66 25 That
1030 2222 43 24 the
1090 2222 54 24 ford
1172 2224 26 22 at

667 2262 66 26 View
747 2262 55 25 Hill
820 2262 72 24 could
912 2263 43 23 not
976 2261 29 25 be
1017 2261 137 32 completed
1166 2269 32 17 on

667 2302 102 23 account
781 2300 27 25 of
818 2300 42 25 the
872 2300 78 30 rising
962 2299 25 25 of
998 2300 42 25 the
1051 2300 72 25 river.
1158 2300 40 24 Mr

667 2341 87 25 Purvis
771 2342 73 23 wrote
863 2340 55 25 that
936 2340 42 25 the
995 2340 95 32 Village
1108 2341 89 24 Settle-

666 2381 70 24 ment
748 2379 69 24 Main
829 2379 70 24 Koad
910 2386 50 17 was
983 2378 120 32 complete
1119 2379 49 24 and
1183 2387 15 16 a

665 2419 85 31 bridge
773 2426 50 17 was
839 2417 113 31 required
980 2425 56 16 over
1065 2417 42 24 the
1132 2425 64 16 race.

667 2459 90 31 Bridge
769 2460 25 23 to
806 2458 30 25 be
848 2457 71 26 built.

700 2496 198 25 Becommended
920 2494 140 32 Dumphy's
1088 2494 59 26 road
1173 2495 25 24 to

667 2534 29 26 be
708 2534 75 25 taken
794 2534 26 24 m
832 2533 68 25 hand
900 2547 32 4 —
933 2532 88 32 agreed
1031 2535 32 21 to.

684 2573 52 25 The
748 2572 125 31 following
883 2570 72 26 roads
967 2570 92 25 needed
1070 2570 92 32 repairs
1164 2586 33 3 —

667 2613 120 25 Valance
800 2613 4 25 3
818 2612 72 24 Bush
919 2611 73 28 road,.
1014 2611 70 23 Main
1118 2611 77 27 Road,

667 2651 137 31 foot-paths
837 2650 50 24 and
921 2648 172 26 siuechannels
1132 2648 64 25 from

625 2695 2 20 !
666 2691 109 25 Parish's
788 2693 25 22 to
825 2690 97 31 Pagets,
936 2688 99 32 Ashley,
1053 2688 144 30 Harewood,

667 2732 108 26 Carlton,
812 2730 70 24 Sales
916 2729 49 24 and
999 2728 104 25 Powells
1136 2728 60 25 road

667 2768 111 33 required
797 2767 92 33 repairs
914 2767 48 24 and
983 2766 54 25 that
1061 2766 42 25 the
1126 2765 71 26 drain

667 2810 26 23 at
715 2808 42 25 the
774 2807 74 24 lower
877 2807 47 24 end
952 2805 27 25 of
1005 2805 104 24 Powells
1137 2805 60 24 road

666 2845 112 33 required
806 2845 114 30 cleaning
944 2843 48 24 and
1021 2843 54 24 that
1104 2843 93 24 several

667 2887 72 25 small
750 2885 96 31 bridges
863 2884 48 24 and
928 2883 66 24 fords
1011 2891 32 16 on
1062 2882 41 25 the
1121 2881 76 26 above

665 2925 71 26 roads
754 2922 111 33 required
883 2921 130 25 attention.
1057 2919 72 26 Clerk
1147 2928 49 16 was

665 2963 143 30 instructed,
834 2965 25 23 to
876 2961 64 33 push
957 2968 31 17 on
1007 2961 35 24 all
1059 2961 43 24 the
1119 2960 76 25 above

665 3004 141 27 mentioned
841 3003 78 25 works
955 3001 82 25 before
1071 3001 43 25 the
1147 3000 48 25 bad

665 3043 108 37 weather
785 3043 49 26 sets
847 3042 35 26 m,

700 3083 104 30 Coopers
828 3079 77 26 Creek
922 3078 85 25 Water
1024 3078 65 25 Race
1091 3092 31 3 —
1124 3076 72 26 Clerk

665 3120 130 28 estimated
808 3119 41 23 the
869 3119 53 23 cost
941 3118 25 22 at
989 3116 69 24 £217
1072 3115 123 24 exclusive

665 3161 27 25 of
708 3156 115 35 probable
836 3156 86 24 claims
941 3155 37 23 for
1001 3153 193 31 compensation.

665 3198 69 25 After
773 3192 168 29 considerable
981 3191 136 25 discussion
1154 3190 41 25 the

665 3238 82 26 Board
770 3234 119 34 agveeded
912 3233 55 25 that
990 3231 58 32 they
1068 3240 61 16 were
1152 3232 45 23 not

665 3277 111 34 justified
799 3276 26 23 m
856 3274 101 30 moving
979 3272 94 25 further
1096 3271 26 23 m
1154 3271 43 23 the

665 3320 91 24 matter
779 3315 65 24 until
867 3322 68 16 more
962 3312 159 24 information
1148 3310 50 29 had.

665 3358 62 24 been
739 3353 123 27 obtained.

700 3395 245 32 Correspondence—
946 3393 74 24 From
1048 3391 40 24 Mr
1110 3389 87 32 Doody

666 3438 88 33 asking
773 3436 37 25 for
831 3435 107 24 advance
957 3441 33 16 on
1012 3431 39 25 his
1074 3431 119 29 contract,

667 3476 101 26 allowed
781 3475 47 27 £7,
864 3473 74 29 From
951 3470 132 32 Rangiora,
1102 3468 94 28 Ohoka,

667 3516 111 32 Eyreton
801 3512 48 25 and
874 3511 61 25 Cust
958 3509 69 30 ftoad
1049 3507 95 29 Boards
1172 3514 26 16 re

666 3554 166 33 ca-opevatjon
846 3553 27 26 m
882 3558 70 25 gorse
973 3548 224 26 extermination—

663 3595 117 32 receive^.
804 3587 75 37 jVora
891 3592 70 24 Loan
974 3589 47 25 and
1034 3587 163 27 Merchantile

664 3642 93 26 agency
769 3631 134 30 informing
916 3629 42 25 the
971 3627 81 25 Board
1063 3626 56 24 that
1131 3627 66 22 rates

663 3683 32 16 on
708 3673 59 26 land
779 3671 115 30 formerly
917 3668 58 29 held
987 3667 31 31 by
1032 3667 39 23 Mr
1089 3666 109 24 Pearson

662 3723 63 18 were
736 3720 56 17 now
803 3708 145 34 chargeable
961 3709 22 26 to,
998 3707 39 23 Mr
1060 3706 25 24 M
1088 3724 5 13 r
1106 3705 90 31 Dljpn.

661 3756 75 25 From
749 3753 39 24 Mr
799 3752 24 24 J.
838 3751 30 23 EL
882 3750 95 27 Gorton
997 3746 134 33 informing
1154 3744 42 28 the

663 3792 82 26 Board
782 3791 55 25 that
865 3788 32 24 he
914 3786 49 26 had
980 3785 71 25 made
1068 3792 57 17 over
1153 3783 42 24 the

1286 160 128 31 following
1436 160 59 25 land
1519 163 25 23 to
1556 162 40 23 Mr
1619 161 73 25 Fitch
1716 161 106 25 sections

1287 201 88 27 281)10,
1389 202 80 23 17224
1482 202 49 24 and
1541 203 89 27 80057,
1643 202 102 24 total-96
1754 209 68 16 acres

1288 243 72 23 value
1389 245 76 23 £550.
1501 245 75 25 From
1605 245 94 32 Ashlpy
1739 244 82 24 Board

1287 283 123 31 notifying
1422 284 56 24 that
1490 285 39 23 Mr
1541 285 172 31 Youngman's
1734 284 86 24 tender

1288 321 49 24 had
1349 321 60 25 been
1423 324 115 29 accepted
1560 323 38 23 for
1621 323 92 31 Ashley
1730 322 90 31 Bridge

1287 360 98 26 timber.
1420 362 76 24 From
1520 363 40 23 Mr
1589 362 112 25 Plaskett
1732 362 89 31 asking

1287 398 81 25 Board
1381 402 25 21 to
1426 400 68 31 place
1507 401 41 23 Mr
1568 401 110 24 Fitches
1690 409 75 16 name
1785 409 33 16 on

1285 438 47 24 roll
1349 437 38 24 for
1405 438 105 25 sections
1539 440 81 23 21363
1650 439 49 24 and
1728 440 89 23 34713.

1285 478 75 24 From
1374 478 39 23 Mr
1429 478 68 32 Ryde
1521 479 141 31 expressing
1685 479 132 25 contrition

1284 518 37 24 for
1341 518 126 32 pulluting
1478 519 71 24 creek
1562 519 60 24 with
1635 520 120 23 saw-dust
1767 519 50 24 and

1284 556 103 32 offering
1399 557 80 31 abject
1491 557 104 31 apology
1607 557 38 24 for
1655 557 101 32 putting
1774 556 43 25 the

1285 605 82 25 Board
1391 607 25 23 to
1434 605 42 25 the
1494 605 95 26 trouble
1618 605 26 25 of
1670 605 94 32 having
1792 607 25 23 to

1283 653 100 24 reprove
1416 645 51 25 him
1496 646 48 24 and
1578 646 143 31 expressing
1755 645 60 32 deep

1282 684 117 32 humility
1411 684 37 25 for
1463 685 40 25 his
1526 686 119 31 apparent
1657 684 45 25 but
1725 691 89 24 unpre-

1282 724 134 26 meditated
1427 725 93 25 offence
1543 726 26 24 to
1588 733 27 17 so
1800 732 15 16 a

1283 767 63 32 body
1357 776 28 16 as
1399 768 42 25 the
1457 768 90 25 Oxford
1559 767 89 26 Board.

1316 811 53 26 The
1386 812 82 25 Board
1490 812 45 25 felt
1558 812 67 32 quite
1653 811 114 25 flattered
1788 811 27 24 m

1283 852 69 26 short
1363 851 68 31 quite
1443 850 180 25 overwhelmed
1634 850 33 31 by
1679 850 42 24 the
1734 850 80 24 honor

1282 889 126 26 conferred
1419 897 33 16 on
1469 889 69 24 them
1550 887 31 32 by
1605 888 40 24 Mr
1669 888 76 31 Ryde,
1770 887 44 25 but

1281 927 82 26 feared
1383 927 57 25 that
1467 927 21 24 if
1513 927 43 25 the
1584 926 107 31 practice
1713 925 101 25 became

1282 973 116 19 common
1409 966 27 24 of
1445 965 144 31 addressing
1600 964 44 25 the
1655 964 83 25 Board
1749 964 26 24 m
1786 971 27 17 so

1281 1006 93 26 refined
1386 1006 49 24 and
1446 1006 86 24 classic
1544 1013 15 16 a
1574 1012 104 17 manner
1689 1005 21 24 it
1732 1004 81 25 would

1281 1047 30 25 be
1323 1053 129 25 necessary
1464 1047 25 23 to
1500 1047 46 30 put
1557 1045 43 24 the
1623 1046 140 30 ratepayers
1786 1046 26 22 to

1281 1086 44 24 the
1337 1092 103 23 expense
1452 1084 27 24 of
1488 1092 15 16 a
1518 1083 145 31 dictionary.
1850 1094 2 23 |

1315 1124 172 32 Deputations.
1489 1138 33 4 —
1530 1123 92 25 Messrs
1662 1122 66 33 Lilly
1763 1121 49 25 and

1281 1164 86 25 Marsh
1379 1164 75 24 asked
1476 1164 55 24 that
1551 1162 43 25 the
1615 1162 106 31 Coopers
1739 1162 73 24 creek

1281 1207 75 23 water
1365 1213 55 16 race
1431 1204 90 25 should
1542 1203 32 25 be
1596 1202 77 25 taken
1694 1202 27 24 hi
1743 1201 68 25 hand

1283 1244 46 24 See
1341 1243 95 24 Boards
1447 1242 135 25 resolution
1594 1240 84 25 above.

1314 1282 40 26 Mr
1366 1282 94 26 Carson
1482 1281 74 26 asked
1579 1281 37 25 for
1640 1280 123 26 diversion
1786 1280 27 25 of

1281 1330 55 17 race
1347 1329 33 17 on
1391 1321 40 24 his
1441 1321 64 24 farm
1517 1320 50 25 and
1578 1319 90 25 offered
1680 1320 25 23 to
1725 1319 31 24 do
1768 1318 43 25 the
1840 1343 3 2 .

1281 1362 66 25 work
1359 1362 26 24 at
1396 1361 40 25 his
1448 1369 55 17 own
1515 1367 114 25 expense.
1664 1359 73 25 Clerk
1760 1359 50 24 will

1281 1402 40 30 lay
1333 1400 35 25 off
1379 1400 42 25 the
1433 1408 63 17 race.

1315 1440 40 25 Mr
1364 1440 88 32 Finlay
1462 1439 89 33 agreed
1560 1440 25 24 to
1596 1440 84 30 accept
1692 1439 35 25 £7
1739 1439 28 23 49
1779 1437 33 26 Od

1281 1482 28 25 m
1331 1481 46 25 full
1405 1480 127 32 discharge
1560 1480 26 24 of
1603 1479 36 25 all
1661 1479 40 25 his
1724 1478 88 25 claims

1282 1520 97 33 against
1389 1519 42 26 the
1440 1519 81 26 Board
1532 1526 31 24 up
1576 1519 25 24 to
1613 1518 65 25 date.

1316 1560 52 25 The
1380 1559 124 31 following
1515 1558 99 26 tenders
1622 1566 66 17 were,
1697 1556 115 32 accepted

1283 1599 104 31 Carting
1398 1598 115 25 boulders
1529 1599 58 27 412,
1610 1597 30 24 A.
1652 1597 75 23 Bunn
1741 1597 16 30 £
1768 1603 16 24 V
1786 1603 26 17 er
1850 1615 2 13 i

1285 1637 67 33 yard.

1286 1675 132 33 Shingling
1435 1676 56 29 413,
1509 1674 35 25 H.
1557 1674 87 24 Askew
1655 1674 86 33 l/9per
1751 1671 61 34 yard

1285 1714 114 32 Clearing
1410 1714 71 24 drain
1492 1715 57 26 415,
1561 1712 31 25 R.
1605 1712 87 31 Henry
1704 1713 42 23 £G.
1768 1712 44 23 18s

1283 1755 99 26 Culvert
1405 1755 47 23 416
1500 1754 29 24 A.
1558 1753 75 24 Bunn
1669 1751 35 25 £2
1732 1752 28 24 5s
1778 1750 32 26 6d

1282 1795 65 26 Ford
1379 1796 48 25 417
1467 1794 40 24 Mr
1530 1794 110 24 Pearson
1679 1794 34 23 £2
1731 1794 30 24 9s
1780 1791 31 24 6d
1835 1807 3 6 .

1284 1835 91 27 Oxford
1408 1835 89 25 Pound
1535 1834 91 31 receipt
1676 1833 53 32 10/*

1283 1877 70 25 View
1365 1875 54 26 Hill
1559 1893 27 6 ...
1687 1873 42 32 6/6

1316 1915 123 25 Accounts
1451 1915 25 23 to
1489 1913 42 25 the
1543 1913 102 24 amount
1654 1911 26 25 of
1687 1911 66 24 £121
1768 1910 44 24 10s

1283 1961 62 18 were
1356 1952 87 32 passed
1450 1952 37 25 for
1495 1952 117 31 payment
1621 1949 50 26 and
1680 1948 41 26 the
1729 1947 82 26 Board

1283 1990 142 34 adjourned.

1301 2105 138 27 OXFORD
1450 2104 176 26 DEBATING
1644 2102 151 28 SOCIETY.

1317 2189 21 24 A
1360 2188 110 32 meeting
1486 2188 27 25 of
1531 2187 43 25 the
1590 2185 122 26 members
1730 2185 26 26 of
1771 2184 44 26 the

1284 2229 93 24 Oxford
1388 2227 125 32 Debating
1526 2227 95 31 Society
1630 2234 50 18 was
1692 2225 78 26 called
1781 2225 32 32 by

1284 2266 175 26 advertisment
1479 2266 37 25 for
1529 2265 153 31 Wednesday
1693 2265 61 28 last;
1767 2263 45 25 but
1823 2276 4 3 •

1283 2308 58 31 only
1352 2306 69 25 three
1444 2305 123 26 members
1586 2304 90 26 turned
1687 2312 33 24 up
1732 2305 26 23 at
1769 2302 43 26 the

1284 2347 137 26 advertised
1432 2347 68 24 time.
1519 2346 52 25 The
1583 2347 120 30 secretary
1716 2343 96 27 tender-

1284 2386 30 25 ed
1325 2385 40 25 his
1385 2384 151 33 resignation
1552 2384 61 24 with
1624 2383 103 25 balance
1740 2382 69 25 sheet

1284 2425 111 32 showing
1412 2425 60 25 cash
1499 2425 28 24 m
1550 2424 69 24 hand
1646 2424 63 33 36/-.
1744 2422 69 25 After

1283 2465 102 32 waiting
1429 2467 32 23 20
1510 2465 110 25 minutes
1664 2464 43 25 the
1745 2463 68 25 three

1283 2503 119 26 aforesaid
1414 2503 122 25 members
1548 2502 99 25 decided
1663 2504 25 23 to
1708 2500 105 30 adjourn

1283 2544 43 24 the
1336 2543 110 31 meeting
1468 2542 65 25 until
1545 2542 113 31 Tuesday
1669 2543 69 27 next,
1752 2540 60 25 then

1281 2584 21 24 if
1317 2592 32 16 no
1366 2585 96 30 greater
1478 2584 104 24 interest
1599 2582 21 24 is
1637 2581 131 32 desplayed
1784 2581 27 24 m

1282 2623 42 24 the
1339 2622 163 24 continuance
1518 2620 27 26 of
1560 2620 42 25 the
1614 2620 97 31 Society
1722 2620 21 25 it
1762 2618 51 26 will

1282 2662 132 31 inevitably
1426 2662 100 31 collaps.
1557 2660 73 26 Some
1647 2660 73 25 think
1732 2660 28 24 if.
1770 2660 43 25 the

1281 2702 107 24 Debates
1400 2709 63 17 were
1476 2701 58 25 held
1553 2709 32 15 on
1606 2700 101 31 Sunday
1727 2700 86 31 nights

1282 2742 57 31 they
1362 2741 82 24 would
1459 2740 31 25 be
1518 2740 91 31 largely
1626 2739 117 25 attended
1763 2738 50 26 and
1850 2750 1 12 :

1281 2789 15 16 a
1324 2781 95 30 greater
1446 2778 84 32 public
1555 2778 103 25 interest
1686 2777 73 26 taken
1785 2777 27 25 m

1282 2821 76 28 them,
1372 2821 66 24 most
1449 2819 70 25 could
1531 2819 54 24 find
1595 2819 21 24 it
1627 2818 147 25 convenient
1787 2820 25 23 to

1282 2860 85 25 attend
1391 2868 30 16 on
1443 2859 100 32 Sunday
1560 2859 81 31 night.
1676 2858 53 25 The
1747 2858 66 25 draw

1282 2898 62 25 back
1355 2900 26 22 to
1399 2898 120 32 anyother
1529 2897 73 32 night
1619 2897 22 24 is
1658 2897 56 24 that
1731 2904 82 24 young

1281 2947 58 16 men
1362 2938 62 25 after
1442 2946 14 16 a
1472 2937 63 25 hard
1552 2937 60 31 days
1628 2937 68 25 work
1721 2937 31 25 do
1769 2938 45 23 not

1282 2977 47 25 feel
1341 2976 72 32 equal
1425 2978 24 23 to
1461 2984 15 17 a
1487 2977 59 31 long
1557 2975 64 26 walk
1633 2976 49 25 and
1694 2984 14 17 a
1717 2975 96 29 debate,

1282 3013 112 28 however
1419 3014 75 25 much
1526 3014 56 32 they
1611 3022 57 24 may
1696 3013 63 26 wish
1787 3016 26 23 to

1282 3056 110 31 improve
1404 3055 64 24 their
1480 3054 83 24 minds
1576 3055 49 23 and
1637 3055 78 24 desire
1736 3057 26 22 to
1774 3062 40 16 see

1282 3096 42 25 the
1353 3094 125 31 Debating
1507 3093 98 31 Society
1621 3102 109 23 prosper,
1748 3094 66 24 their

1282 3133 110 32 physical
1404 3133 111 30 energies
1537 3140 41 16 are
1589 3133 45 23 not
1650 3132 72 32 equal
1734 3134 26 23 to
1771 3132 43 25 the

1284 3173 54 24 task
1360 3172 26 24 of
1396 3172 110 31 working
1517 3171 34 25 all
1571 3172 47 31 day
1638 3172 49 24 and
1698 3172 118 32 debating

1282 3212 26 23 m
1326 3211 41 24 the
1388 3210 111 32 evening.
1536 3210 32 24 At
1582 3210 43 24 the
1641 3213 101 28 present
1754 3211 60 25 time

1284 3253 25 23 to
1329 3250 70 26 those
1423 3250 56 24 who
1501 3250 31 24 do
1554 3251 45 23 not
1621 3251 127 30 patronize
1772 3251 43 25 the

1284 3288 126 26 Churches
1428 3296 26 17 or
1484 3288 123 31 Chappies
1625 3288 48 24 and
1693 3296 41 17 are
1752 3288 64 25 tired

1283 3328 26 23 of
1336 3326 97 31 staying
1451 3328 25 23 at
1493 3326 74 24 home
1584 3333 27 17 or
1639 3326 108 32 walking
1771 3326 44 25 the

1282 3364 79 29 roads,
1375 3365 42 24 the
1437 3364 59 32 only
1515 3364 72 26 doors
1604 3372 65 24 open
1689 3365 37 24 fov
1743 3364 70 26 them

1282 3405 21 23 is
1322 3403 42 24 the
1375 3403 62 24 back
1453 3403 60 24 door
1525 3403 27 24 of
1572 3411 14 15 a
1597 3402 83 31 public
1696 3403 78 24 house
1786 3411 28 16 or

1282 3444 66 24 front
1360 3443 59 25 door
1431 3443 26 24 of
1467 3443 43 24 the
1534 3443 128 25 Salvation
1675 3442 84 32 Army,
1780 3443 34 24 all
1850 3446 2 6 '

1282 3483 50 24 will
1350 3482 78 24 admit
1445 3481 56 25 that
1518 3490 15 16 a
1562 3480 125 32 Debating
1717 3481 97 33 Society

1282 3529 57 24 may
1362 3520 105 36 produce
1479 3527 67 20 more
1565 3518 93 33 las.tiqg
1669 3519 71 33 good,
1764 3520 50 26 and

1282 3561 110 30 improve
1410 3558 41 26 the
1464 3557 82 26 minds
1558 3556 27 24 of
1594 3565 45 15 our
1655 3564 84 24 young
1755 3564 59 18 men

1282 3602 26 23 to
1320 3609 14 15 a
1346 3601 96 30 greater
1461 3599 85 24 extent
1559 3597 61 24 than
1632 3597 80 25 either
1731 3597 27 25 of
1771 3598 43 25 the

1282 3638 76 24 above
1369 3637 90 24 named
1472 3635 163 25 institutions.

1366 3704 19 25 is
1397 3704 45 25 but
1453 3712 15 15 a
1475 3703 80 28 ••Uttto
1574 3701 72 29 fntfetl
1772 3700 43 28 the

1280 3746 77 28 baker
1368 3753 69 22 sang,
1453 3743 72 25 when
1545 3742 43 25 his.
1605 3744 124 22 customer
1747 3748 66 17 com-

1277 3783 99 34 plained
1385 3783 55 25 that
1454 3782 38 27 his
1505 3780 74 27 bread
1592 3788 48 17 was
1653 3781 94 31 musty.

1981 145 399 35 CORRESPONDENCE.

1916 249 66 21 While
1992 255 37 13 our
2038 249 89 20 columns
2137 255 36 14 are
2180 254 50 20 open
2241 249 20 20 to
2271 249 32 19 all
2321 254 29 14 tec
2369 248 26 19 do
2415 250 37 17 not

1940 281 90 26 identify
2034 282 101 19 ourselves
2140 281 97 27 withany
2242 281 96 26 opinions
2342 277 110 29 expressed

1939 313 86 21 therein.

1962 382 263 26 FREETHOUGHT
2246 392 22 16 v.
2281 382 114 27 CHRIS-

2105 423 148 26 TIANITY.

1963 517 33 24 To
2009 518 36 25 the
2061 519 89 23 Editor
2161 519 31 29 of
2198 518 56 25 the'
2267 518 120 25 Observer.
2391 519 6 9 1

1945 569 51 30 Sin,
1998 585 33 3 —
2031 570 35 25 As
2081 580 15 16 a
2109 573 102 24 convert
2228 573 26 23 to
2277 571 171 32 Freethought

1910 607 13 25 I
1935 610 92 23 cannot
2046 609 72 26 allow
2130 609 41 26 Mr
2181 609 137 32 Pendray's
2335 609 112 25 remarks

1910 649 26 23 to
1947 655 58 24 pass
2016 649 107 25 without
2143 651 127 24 comment
2284 648 162 32 particularly

1911 686 74 25 when
1996 686 32 26 he
2038 687 58 25 asks
2108 696 15 16 a
2134 687 115 33 question
2260 687 83 26 which
2350 686 99 26 reflects

1908 732 67 25 upon
1997 726 44 26 the
2058 727 188 26 humanitarian
2263 726 129 27 character
2420 727 27 26 6f

1910 765 43 26 the
1996 766 172 26 Freethinker.
2214 767 72 26 Now.
2309 769 59 24 note
2402 767 44 25 the

1908 804 124 31 question.
2067 806 14 23 I
2094 806 65 25 have
2179 806 85 31 copied
2282 806 21 25 it
2324 806 122 25 verbatim

1997 842 21 25 it
2029 842 31 25 be
2074 844 87 24 shewn
2172 843 82 27 where
2265 842 181 33 .Freethougkt

1908 881 47 26 has
1965 882 128 25 sustained
2110 882 50 26 and
2171 882 91 33 helped
2273 891 15 17 a
2298 890 62 18 man
2371 882 76 25 when

1908 919 40 25 his
1965 919 95 33 family,
2086 920 114 25 business
2225 920 50 25 and
2301 920 43 26 the
2368 920 77 25 world

1909 965 66 17 seem
1999 959 98 31 against
2117 959 54 25 him
2241 960 14 23 I
2279 966 95 19 answer
2393 959 52 25 this

1908 995 115 32 question
2046 996 32 32 by
2091 997 89 31 asking
2199 997 113 26 another.
2347 997 54 26 Can

1908 1034 30 26 be
1957 1035 85 26 shewn
2058 1037 27 24 m
2105 1045 51 24 any,
2182 1046 57 16 case
2267 1039 116 31 amongst
2413 1045 29 17 us

1907 1075 81 25 which
1999 1077 81 26 called
2090 1077 40 24 for
2141 1077 44 24 the
2192 1077 42 24 aid
2245 1077 27 24 of
2279 1077 164 25 benevolence

1907 1114 80 26 where
2014 1115 51 26 the'
2094 1117 73 25 Saint
2195 1115 143 26 subscribed
2374 1124 69 18 more

1865 1176 3 3 .
1906 1152 112 33 liberally
2030 1154 63 25 than
2105 1155 43 24 the
2164 1154 107 26 Sinner?
2379 1155 65 25 their

1906 1192 79 26 works
2006 1201 31 24 ye
2056 1193 68 26 shall
2148 1194 72 25 know
2351 1194 57 25 And
2430 1195 14 24 I

1907 1232 102 23 venture
2037 1234 26 22 to
2092 1239 44 25 say
2166 1232 55 24 that
2249 1232 42 24 did
2328 1232 115 25 occasion

1907 1268 95 33 require
2030 1277 16 18 a
2074 1269 73 33 quick
2171 1272 41 23 act
2240 1270 27 26 of
2281 1270 163 26 benovelence

1907 1310 142 25 to-morrow
2061 1310 56 25 that
2129 1318 15 17 a
2155 1310 84 31 pound
2255 1310 82 25 would
2348 1310 30 25 be
2401 1312 43 30 got

1908 1348 64 26 from
1995 1349 43 25 the
2049 1350 155 32 frequenters
2227 1350 27 25 of
2275 1350 43 25 the
2339 1350 63 32 pubs
2418 1352 26 24 to

1907 1397 71 25 every
1999 1389 104 33 shilling
2114 1387 5 35 [
2127 1389 143 27 subscribed
2291 1392 27 24 at
2341 1390 101 27 Church

1907 1427 50 26 and
1968 1427 94 33 Chapel
2074 1428 144 26 offertories.
2359 1448 103 14 ....,,

1940 1469 26 24 It
1981 1468 22 25 is
2020 1469 130 28 admitted,
2171 1469 14 25 I
2202 1469 82 30 think,
2313 1470 56 27 that
2397 1469 45 26 the

1907 1508 76 27 world
2000 1509 22 24 is
2039 1509 140 32 composed,
2197 1510 132 33 according
2345 1512 26 25 to.
2394 1510 48 29 the.
2456 1534 6 7 ,

1907 1549 90 29 creeds,
2010 1549 27 26 of
2046 1551 49 24 two
2107 1549 92 26 classes
2212 1550 59 33 (viz)
2285 1551 89 25 Saints
2378 1567 3 5 •
2385 1551 53 26 and

1907 1589 111 26 Sinners.
2053 1589 54 25 The
2132 1590 72 25 Saint
2220 1589 47 25 has
2296 1590 73 32 given
2383 1590 54 28 .the

1906 1627 74 25 Devil
1991 1627 43 28 the
2045 1627 48 32 slip
2105 1629 27 23 at
2140 1627 43 26 the
2192 1628 116 32 penitent
2316 1628 65 25 form
2392 1629 51 25 and
2467 1654 1 2 .

1906 1665 47 25 has
1965 1662 136 28 succeeded
2118 1665 32 33 by
2162 1665 132 33 chicanery
2308 1666 135 33 insetting
2467 1689 2 6 .

1907 1712 15 17 a
1933 1703 76 26 ticket
2032 1706 26 27 $o
2070 1703 47 33 slip
2129 1704 54 25 into
2197 1703 96 27 heaven
2304 1704 32 33 by
2353 1712 15 17 a
2390 1704 65 33 sj,de.

1906 1743 67 28 door,
1986 1742 50 26 and
2047 1742 33 26 he
2088 1751 59 24 goes
2159 1742 123 33 smirking
2293 1743 76 32 along
2381 1743 61 28 with

1905 1780 41 26 his
1962 1780 139 33 imaginary
2112 1781 4 7 '
2124 1780 76 26 white
2214 1781 68 25 rules
2304 1782 50 24 and
2371 1782 71 28 clean

1905 1818 73 26 heart
1999 1819 50 24 and
2071 1819 130 32 abrogates
2224 1820 27 24 to
2273 1818 105 28 himself
2398 1819 44 25 the

1906 1856 125 32 authority
2042 1857 28 24 of
2079 1857 148 32 consigning
2239 1856 35 25 all
2285 1857 50 24 and
2345 1857 113 33 sundry.

1869 1915 4 2 .
1905 1895 54 25 that
1971 1898 63 22 have
2045 1896 45 23 not
2101 1902 65 24 gone
2183 1895 113 31 through
2315 1895 44 28 the
2371 1903 69 17 same

1905 1943 97 23 process
2011 1936 26 23 to
2049 1935 94 24 eternal
2154 1935 125 31 perdition
2289 1935 49 24 and
2343 1934 95 31 .would,
2453 1953 3 11 ;

1905 1975 21 25 if
1948 1975 32 25 he
2001 1974 52 26 had
2063 1974 54 26 'the
2124 1975 84 25 "same'
2227 1978 99 29 'powers
2338 1974 106 34 .to-day.,,
2443 1971 16 33 \
2467 2002 1 3 .

1905 2013 56 26 that
1972 2013 42 25 the
2025 2013 42 25 old
2091 2012 108 32 Spanish
2210 2013 150 31 Inquisitors
2363 2029 4 8 ;
2378 2012 61 31 iiad,
2462 2038 6 7 >(

1905 2053 99 23 reenact
2034 2050 42 26 the
2110 2058 69 18 same
2208 2050 231 33 thumb*screwing,

1905 2091 93 33 flaying
2031 2091 70 26 alive,
2131 2090 217 33 disemboweling,.
2365 2091 74 26 Blow.-?
2455 2112 4 7 ,
2465 2118 3 10 ;

1905 2132 118 31 roasting,
2030 2124 213 39 jjprie-cl'acklihgi
2271 2131 177 32 rope-pulling.
2451 2150 4 14 ,
2462 2154 5 12 (
2467 2156 2 3 .

1905 2178 28 17 as
1945 2169 58 30 they
2016 2170 51 24 did.
2101 2170 40 24 He
2154 2169 86 25 woulct
2256 2177 49 17 use
2319 2170 43 27 the
2373 2169 73 28 bible.
2464 2193 3 6 ,

1905 2208 43 25 the
1960 2216 68 16 same
2049 2216 27 16 as
2096 2207 58 31 they
2176 2206 43 25 did
2240 2213 28 19 as
2278 2228 3 3 .
2291 2215 26 18 at,
2327 2206 67 31 feoqk
2408 2206 60 37 .cjf.^

1905 2246 123 25 reference
2044 2247 26 24 to
2078 2244 88 33 justify
2179 2244 65 25 their
2394 2246 54 33 put.

1906 2286 56 25 that
1972 2286 27 24 m
2010 2286 81 25 italics
2102 2286 97 31 pleasi'.'
2249 2293 4 4 •
2307 2295 32 18 :■,■..,
2369 2302 3 14 ;
2381 2304 3 5 .
2393 2307 16 10 i;i
2436 2301 13 4 ■■•
2459 2309 6 6 ,

1938 2323 118 32 England
2074 2323 60 26 with
2145 2323 35 25 all
2190 2323 46 24 her
2246 2323 151 31 professions
2413 2323 28 26 of

1907 2362 161 31 Christianity
2079 2362 47 25 has
2150 2361 117 26 enslaved
2289 2361 43 26 the
2338 2369 115 27 .masses^

1905 2403 38 26 for
1954 2402 123 27 centuries
2100 2402 61 25 with
2180 2401 95 26 chains,
2291 2401 93 27 riveted
2393 2401 45 37 ..by

1905 2443 43 25 the
1960 2441 155 33 inspiration,
2136 2441 59 33 they
2208 2450 56 24 say,'
2281 2442 28 25 o£
2317 2442 49 25 the,
2371 2441 78 33 Holy,,

1906 2483 138 31 Scriptures
2053 2483 45 23 her
2107 2481 95 25 Priests
2214 2490 41 16 are
2267 2481 100 26 clothed
2371 2481 74 33 iWijth,

1905 2523 86 31 purple
2003 2522 49 24 and
2063 2523 51 24 fine
2133 2522 88 27 lirienV
2223 2522 74 25 while
2308 2530 16 16 a
2332 2523 107 33 peasant

1905 2561 22 25 is
1943 2561 73 24 made
2034 2568 14 17 a
2065 2561 65 24 felon
2156 2560 38 25 for
2211 2560 185 32 appropriating
2423 2568 16 17 a

1904 2601 92 31 turnip.
2236 2605 82 13 ■■-■-■■:

1922 2641 38 24 No
1973 2640 168 32 Englishman
2153 2646 48 19 can
2212 2640 58 25 read
2281 2639 43 26 the
2335 2639 104 33 History

1906 2681 75 25 ofliis
2004 2683 104 22 country
2114 2705 3 6 ,
2127 2681 63 24 from
2213 2680 43 25 the
2268 2680 130 25 accession-
2413 2680 29 25 of

1906 2722 86 30 Henry
2005 2721 42 24 the
2063 2721 92 25 second
2165 2722 63 22 1132
2250 2722 26 23 to
2288 2720 42 25 the
2342 2720 60 25 time
2414 2720 27 26 of

1905 2759 102 25 Charles
2030 2759 43 25 the
2091 2758 89 26 second
2199 2759 64 23 1630
2290 2758 106 25 without
2424 2765 15 18 a

1905 2799 73 27 blush
1991 2799 50 25 and
2058 2808 14 16 a
2096 2798 128 26 sorrowful
2247 2798 133 33 sympathy
2401 2798 39 26 for

1905 2838 43 25 the
1970 2838 132 31 sufferings
2126 2837 26 25 of
2176 2837 44 25 the
2240 2845 62 24 poor
2323 2837 118 32 ignorant

1905 2877 163 32 priestridden
2091 2885 95 17 masses
2198 2876 91 33 during
2307 2876 72 26 those
2392 2878 48 24 500

1905 2925 79 24 years.
2020 2914 172 33 Freethought
2209 2924 51 16 was
2278 2915 73 32 penal
2380 2914 62 26 then

1905 2954 50 26 and
1967 2963 27 16 so
2006 2954 19 25 it
2037 2954 85 25 would'
2129 2954 32 25 be
2173 2954 82 32 again,
2270 2954 21 25 if
2300 2961 50 25 any
2362 2954 26 25 of
2397 2953 44 26 the

1905 2993 129 25 Christian
2068 2995 65 23 sects
2167 2993 118 25 obtained
2326 3000 116 24 supreme

1905 3041 89 25 power,
2013 3033 62 25 such
2092 3041 29 18 as
2141 3033 43 25 the
2199 3033 108 25 Church-
2320 3033 27 25 of
2362 3032 80 27 Rome

1905 3081 60 18 once
1976 3073 51 24 had
2044 3072 49 25 and
2107 3071 82 26 which
2201 3080 51 17 was
2265 3071 134 26 succeeded
2409 3071 33 33 by

1905 3113 43 26 the
1966 3111 127 33 Anglican'
2113 3110 101 27 Church
2237 3112 28 24 in
2275 3117 3 4 '
2288 3120 14 17 a
2324 3111 119 26 modified

1904 3151 73 24 form.
2017 3149 34 26 As
2086 3152 25 23 to
2146 3149 43 26 the
2223 3149 221 27 cdmmandments

1905 3190 82 26 which
2002 3190 20 25 it
2036 3190 22 25 is
2075 3189 102 33 alleged'
2187 3197 64 18 were
2267 3189 127 33 produced
2409 3188 33 32 by

1892 3253 4 5 ,
1905 3232 83 25 Moses
2016 3231 28 24 m
2071 3230 41 26 his
2140 3227 113 36 capacity
2263 3236 4 9 1
2287 3231 27 25 of
2343 3231 100 25 Private

1906 3273 136 29 Secretary,
2065 3271 59 31 they
2146 3269 75 27 iriean
2237 3271 115 32 'nothing
2374 3278 70 18 more

1905 3312 61 25 than
1976 3311 52 24 this
2051 3311 56 25 that
2119 3309 43 27 the'
2182 3311 123 30 libertine,
2319 3311 66 25 thief
2394 3311 50 25 and

1904 3349 127 25 murderer
2047 3349 67 26 shall
2129 3349 101 25 'receive
2250 3349 41 25 his
2313 3349 56 30 due,
2394 3348 50 26 and

1904 3386 70 27 these
1985 3388 134 31 principles
2131 3396 63 18 were
2206 3388 90 26 known
2310 3387 51 27 and
2372 3387 72 26 acted

1905 3434 66 24 upon
1983 3426 138 25 thousands
2134 3426 27 26 of
2178 3434 72 24 years
2263 3426 84 26 before
2359 3426 85 26 Moses

1904 3474 51 16 was
2074 3466 66 32 Why
2152 3472 35 18 fco
2194 3466 110 26 --Nation
2315 3467 47 25 not
2381 3474 63 17 even

1904 3514 15 17 a
1931 3514 90 25 savage
2037 3507 89 29 nitiqn
2137 3506 74 25 could
2227 3507 65 24 exist
2303 3506 107 26 without
2427 3514 17 17 a

1904 3544 80 25 moral
1996 3552 59 16 coce
2067 3544 49 24 and
2130 3546 26 22 to
2171 3552 43 23 say
2228 3544 57 25 that
2301 3545 43 24 the
2361 3544 83 24 moral

1904 3582 59 24 code
1973 3582 26 24 of
2006 3582 43 24 the
2060 3580 66 27 bible
2134 3582 49 25 has
2190 3580 110 35 brdughji
2308 3589 15 18 a
2330 3581 114 32 blessing

1868 3636 4 7 ,
1905 3622 24 21 to
1942 3619 42 24 the
1997 3619 107 27 Nations
2115 3620 52 23 afar
2180 3619 35 24 off
2224 3619 22 24 is
2259 3619 109 31 scarcely
2378 3618 64 25 born

1905 3659 44 25 put
1960 3656 72 26 when
2043 3655 75 25 taken
2129 3656 28 24 m
2166 3656 149 25 connection
2324 3655 62 25 with
2398 3655 45 25 the

1903 3694 193 24 extermination
2105 3696 3 4 '
2147 3693 27 24 of
2218 3693 43 25 the
2307 3693 136 25 American

1903 3730 111 28 Indians,
2028 3730 43 25 the
2081 3730 144 26 Australian
2237 3730 92 26 Blacks
2338 3730 50 25 and
2397 3730 45 25 the

1901 3772 60 26 slow
1983 3770 45 28 but
2039 3779 57 19 sure
2108 3770 153 27 destruction
2274 3770 27 26 of
2318 3770 43 28 the
2380 3770 62 29 New

565 26 167 33 OXFORD
775 27 91 30 AND
911 27 106 32 OUST
1062 23 228 34 OBSERVER
1334 23 236 37 SATURDAY,
1614 24 127 32 APRIL
1784 26 29 34 8,
1850 25 88 31 1893.
