2456 3894
22 153 157 25 Zealanders.
214 149 24 25 If
254 149 41 25 the
318 147 65 25 bible
411 146 21 24 is
449 146 55 23 true
531 143 20 24 it

23 191 88 26 should
132 190 63 24 have
205 185 123 34 produced
340 192 68 17 some
421 181 131 32 delightful
600 190 2 11 i

23 229 75 25 social
123 227 123 25 influence
270 224 26 24 m
321 224 49 23 less
398 222 62 24 than
489 220 63 23 1893

23 276 78 25 years,
118 268 45 24 but
181 264 97 25 instead
301 263 26 25 of
336 262 55 25 that
402 262 20 23 it
433 261 46 24 has
499 266 55 17 ever

24 306 106 26 checked
141 311 113 25 progress
268 301 50 25 and
337 301 44 24 left
402 297 151 33 everything,

24 348 78 24 worth
110 366 3 4 .
122 344 110 30 (having,
262 344 25 23 to
317 341 28 25 be
373 337 117 28 achieved
524 336 31 33 by

26 386 119 26 scientific
161 382 121 26 research.
337 392 3 17 :

59 426 40 25 Mr
113 423 113 32 Pendray
238 422 58 25 asks
306 421 56 25 how
381 420 21 25 it
412 419 23 25 is
448 418 55 25 that
513 416 44 25 the

25 464 65 26 bible
102 464 22 25 is
138 464 45 24 not
194 461 60 24 used
266 468 27 17 as
306 468 14 16 a
331 458 64 25 book
404 457 26 26 of
436 457 122 25 reference

26 506 27 24 m
65 504 93 25 certain
167 509 69 17 cases
245 501 55 24 that
308 500 33 23 he
349 499 46 24 has
404 495 153 27 mentioned?

26 539 66 29 Well
110 549 27 18 so
154 541 21 24 it
191 540 23 24 is
231 539 49 24 and
297 538 21 24 it
335 544 47 18 can
400 536 29 24 bo
446 534 48 25 and
511 533 47 23 has

28 583 62 25 been
103 581 59 26 used
175 581 26 23 to
209 579 89 31 justify
310 577 34 25 all
356 578 63 24 sorts
431 576 27 24 of
466 573 93 30 viiiany

29 629 56 18 ever
96 623 67 23 since
181 621 42 22 it's
245 617 159 31 compilation
416 615 45 24 but
480 617 26 20 at
518 612 42 24 the

29 664 99 30 present
147 661 48 29 day
211 659 20 24 it
248 658 28 24 is:
287 657 94 30 mainly
398 654 60 24 used
473 654 27 22 m
518 651 43 24 the

26 699 164 33 justification
202 696 26 25 of
238 693 150 27 Priestcraft.
411 699 3 5 '
423 692 83 24 There'
513 690 22 24 is
546 697 16 16 a

29 739 36 24 lot
77 739 26 24 of
113 736 63 32 good
188 734 83 32 things
284 732 81 26 intbe
382 730 65 26 bible
459 729 14 25 I
484 728 78 25 admit

31 777 49 25 and
93 776 69 24 tkerc
174 774 21 24 is
207 781 15 16 a
233 773 36 24 lot
280 772 26 24 of
315 777 123 18 nonsense
450 767 46 26 and
511 767 52 24 also
615 779 3 5 •

33 826 13 16 a
59 816 62 33 good
125 813 70 26 -deal
208 811 93 26 tbabis-
316 809 131 33 positively
464 809 98 24 untrue,
616 809 3 27 ]

33 857 45 25 but
89 856 20 24 if
130 856 20 24 it
161 854 22 24 is
194 850 117 33 inspired',
323 851 20 24 it
355 856 86 25 proves
454 855 32 17 an
505 845 59 32 ugly
617 859 4 19 ;

33 896 57 26 look
101 897 45 23 out
157 894 38 24 for
206 893 65 24 most
287 891 27 25 of
323 887 70 28 those
405 888 56 26 who
472 885 97 33 profess

34 937 26 23 to
71 934 94 25 believe
176 932 29 23 it;
228 927 6 20 ]
297 933 134 32 '.'.'''.

90 979 4 5 •
127 973 3 10 !
232 968 82 23 Yours
327 967 40 28 &c,

252 1014 3 7 •
336 1005 130 23 Agnostic.
621 1004 1 19 i

71 1111 18 28 S
89 1120 25 17 lß
117 1108 109 28 ._Your
237 1104 190 33 correspondent
442 1101 124 32 Enquirer

38 1151 62 26 asks,
113 1158 16 17 a
150 1155 98 29 curpus
270 1143 123 34 question,
402 1141 60 36 (viz)
471 1135 36 29 'If
524 1139 52 30 the,

39 1190 100 32 parents
151 1186 26 26 of
186 1186 43 25 the
242 1184 95 25 human
355 1190 62 21 race,
439 1187 62 18 were
524 1179 44 23 not

39 1231 55 23 first
105 1226 102 27 formed-,
226 1223 51 26 and
299 1222 84 32 placed
399 1221 88 28 .where
508 1219 60 30 they

41 1266 139 32 cpuldlive,
198 1271 28 17 as
251 1270 38 17 we
315 1260 59 25 read
400 1267 28 17 m
456 1256 111 27 Genesis.

42 1306 65 26 Who
118 1313 33 19 on
169 1301 72 26 earth
251 1299 92 26 nursed
354 1299 43 25 the
407 1298 55 25 first
473 1294 96 26 babies?

121 1345 13 24 I
143 1342 93 35 .should
248 1348 44 24 say
303 1339 64 26 their
388 1338 108 26 mothers
519 1334 50 30 did,

42 1385 38 24 for
91 1383 43 25 the
146 1379 135 28 admission
304 1378 27 24 of
339 1376 186 26 the-existence
547 1372 27 26 of

43 1422 94 28 babies.
144 1416 167 36 presupposes.'
327 1412 43 28 the
383 1414 132 28 .existence
548 1411 26 25 of

43 1459 155 32 fatherland
205 1458 119 25 mothers.
358 1454 143 30 Reasoning
508 1452 64 25 from

44 1499 149 33 analogy.it
216 1496 119 31 certainly
358 1502 113 24 appears.
475 1492 61 25 -that
558 1499 15 16 a

43 1540 98 25 human
163 1536 75 31 being
257 1533 100 27 evolved
375 1532 27 25 m
423 1531 65 31 baby
510 1530 64 24 form

46 1578 73 26 could
141 1576 45 25 not
209 1573 79 26 attain
321 1570 119 33 maturity
469 1568 105 25 without

43 1624 124 23 nursnig,.
180 1612 84 26 which
286 1611 13 25 I
313 1609 89 29 'think,
412 1609 57 25 tells
491 1605 84 26 rather

47 1654 63 26 hard
122 1647 97 39 against
230 1651 43 24 the
284 1649 109 25 doctrine
405 1647 26 26 of
441 1644 133 29 evolution,

48 1693 122 35 although
180 1689 20 28 it
212 1691 61 26 adds
283 1689 106 31 nothing
400 1689 26 24 to
437 1695 45 18 our
494 1685 80 25 know-

47 1734 71 32 ledge
141 1732 26 26 of
188 1730 42 25 the
252 1727 94 26 Mosaic
369 1727 95 30 history
487 1724 26 25 of
533 1724 44 24 the

49 1765 116 32 creation'
169 1767 80 26 which
249 1765 123 27 .learned
398 1764 94 24 divines
514 1760 71 25 have'

50 1811 63 24 been
125 1804 82 37 trying
218 1808 26 23 to
256 1804 98 35 explain
374 1803 37 25 for
428 1809 57 18 over
513 1800 64 24 1800

50 1837 72 45 y^ars
134 1845 50 27 arid
195 1853 42 17 are
252 1842 98 33 obliged
360 1843 26 23 to
409 1837 169 32 acknowledge

51 1889 27 23 at
89 1887 49 24 last
149 1883 56 26 that
216 1882 59 31 they
287 1881 59 33 dpnt
365 1879 72 25 know
459 1875 121 33 anything

52 1926 75 26 about
141 1924 28 26 it.
173 1919 77 28 'We
283 1921 91 25 cannot
396 1916 112 30 conceive
538 1913 43 27 the

52 1965 192 28 boundlessness
282 1961 35 25 of,
343 1967 79 25 space,
463 1964 45 19 nor
520 1980 3 7 ,
539 1957 42 24 the

52 1999 263 31 iinmeasureableness
346 1995 26 28 of
381 1992 17 16 *'
404 1996 106 32 eternity
532 1993 49 27 and

53 2039 73 29 when
138 2048 36 18 we
186 2037 101 33 enquire
298 2036 76 26 about
383 2035 43 26 the
447 2033 142 33 beginning,

54 2084 27 24 of
99 2080 114 28 material
232 2077 109 27 creation
363 2084 37 17 we
422 2083 41 18 are
483 2073 53 34 just
555 2081 27 17 as

54 2123 77 25 much
143 2122 87 29 lpstas
240 2119 22 24 if
276 2126 36 17 we
334 2116 80 34 began
436 2118 37 23 to*,
484 2111 101 34 enquire

55 2161 73 26 whtn
139 2160 43 25 tbe
191 2157 48 26 end
250 2156 50 34 wip
311 2155 38 25 bo.
383 2152 110 34 Perhaps
515 2150 70 26 there

56 2209 74 24 nejer
141 2207 50 18 was
203 2206 15 16 a
229 2197 55 24 first
295 2204 60 16 man
366 2203 27 17 or
405 2203 15 16 a
426 2194 55 24 first
490 2200 94 17 woman

56 2249 28 16 or
96 2247 61 18 even
168 2245 15 17 a
195 2237 55 24 first
262 2234 64 32 baby
338 2232 50 27 arid
398 2232 106 33 perhaps
515 2231 70 25 there

57 2278 51 25 will
118 2284 75 18 never
204 2275 30 25 be
252 2282 16 16 a
278 2274 50 24 last
339 2280 54 18 one.
428 2273 26 23 It
463 2271 22 24 is
492 2270 54 32 just
558 2278 27 16 as

57 2314 146 27 reasonable
214 2314 30 27 to.
259 2319 105 24 suppose
376 2310 58 32 they
456 2317 42 17 are
520 2316 65 17 ever-

57 2355 93 32 lasting
162 2362 27 17 as
198 2353 20 25 it
230 2352 20 25 is
263 2354 26 22 to
300 2358 105 25 suppose
416 2350 43 25 the
469 2378 3 3 ,
479 2349 107 24 endless-

58 2402 59 18 ness
127 2393 26 29 pf
163 2390 105 33 eternity
277 2389 50 26 and
339 2397 78 24 space.
451 2381 14 32 1
476 2387 60 25 dont
547 2387 40 25 be-

58 2434 64 26 lteve
133 2434 27 24 m
172 2431 125 25 evolution
309 2430 103 24 because
423 2434 36 19 We
482 2435 41 17 are
544 2428 45 24 not

59 2470 124 28 informed
195 2469 55 25 that
259 2470 85 28 stoats,
357 2466 101 26 weasels
477 2463 48 27 arid
537 2467 52 23 cats

60 2510 64 26 have
146 2508 143 32 undergone
299 2514 55 24 any:;
359 2505 94 32 change
475 2502 37 27 for
534 2512 57 17 cen-

61 2550 77 25 turies
150 2547 50 26 arid
211 2555 15 16 a
226 2555 12 16 S
250 2543 37 27 for
299 2545 42 24 the
363 2542 79 34 lively'
459 2536 64 32 little
534 2541 55 32 flea,

61 2591 15 24 I
87 2590 70 26 have,
162 2588 90 24 known
263 2585 54 25 him
328 2585 37 25 for
386 2584 69 25 these
482 2583 49 25 last
560 2582 31 26 50

62 2638 70 25 years
144 2627 50 27 and
205 2626 14 25 I
229 2627 64 24 have
310 2633 71 23 every
403 2632 88 18 reason
514 2625 25 23 to
550 2623 40 25 be-

61 2668 62 26 lieve
135 2668 56 25 tnat
202 2674 43 24 my
257 2664 127 25 aricestors
393 2672 63 16 were
468 2671 27 17 aa
506 2662 84 26 niurd-
600 2663 2 5 '
621 2671 2 8 •

62 2701 98 37 erbusTy
163 2698 117 32 inicimed
293 2702 107 26 towards
406 2699 54 27 him
466 2701 127 25 hundreds

62 2747 27 25 of
97 2747 72 32 yearij
182 2752 47 24 ago
240 2752 28 16 as
279 2743 67 25 lam
355 2744 26 24 to
389 2742 56 33 day.
479 2741 13 25 I
504 2740 90 26 should

63 2783 58 28 take
131 2784 54 25 him
197 2785 26 23 to
233 2782 31 25 be
276 2790 15 17 a
306 2781 70 26 short
387 2777 65 29 lived
463 2780 64 28 little
538 2788 56 17 cuss

64 2825 50 26 and
125 2825 21 24 if
155 2825 32 24 he
205 2823 91 25 should
319 2813 90 39 evolve,
433 2822 14 24 I
470 2821 64 31 hope
555 2820 40 25 his

63 2862 147 27 locomotive
230 2869 95 24 powers
346 2860 52 24 will
419 2860 31 24 be
473 2858 121 28 consider-

67 2902 60 33 ably
138 2897 138 38 weakened^
290 2907 27 17 so
329 2897 55 27 that
395 2907 37 17 we
443 2906 58 24 may
523 2897 74 32 bring

62 2938 55 30 hini
131 2943 26 25 to
176 2940 148 32 judgeriient
336 2937 60 27 with
416 2939 48 27 less
477 2938 118 25 exertion.

64 2978 54 30 Tlie
136 2981 60 35 pplj.
207 2979 142 30 conclusion
373 2980 40 24 Sir
433 2979 55 25 that
516 2979 13 25 I
549 2987 48 19 can

65 3021 80 25 arrive
156 3020 27 25 at
193 3019 30 29 is,
237 3018 55 25 that
304 3018 13 24 I
334 3018 61 24 dont
407 3017 72 25 know
491 3018 106 30 nothing

64 3060 81 26 about,
154 3058 20 26 it
186 3058 50 25 and
258 3058 64 30 that,
343 3052 97 37 riotcdy
466 3058 49 25 else
538 3056 60 26 dont

65 3100 72 28 know
146 3098 108 31 nothing
260 3095 105 29 neither.
490 3120 3 7 ,

133 3163 3 3 .
249 3168 3 2 .
265 3142 134 34 yoiirsj&c.

141 3204 23 3 ..
209 3203 3 3 .
270 3185 114 30 ...;....'
411 3208 3 4 .
456 3183 142 25 iGrNORAMDS
612 3189 10 13 a

98 3328 52 25 Jim
159 3328 89 31 Burge,
264 3327 42 26 the
326 3328 143 25 Australian
487 3328 109 31 pugilist,

64 3368 48 24 and
126 3369 61 24 Sani
203 3366 159 34 Pitzpaiiriclc,
366 3370 36 23 '6f
407 3368 137 27 'Australia,
559 3376 36 15 re-

63 3409 84 32 cently
159 3408 49 25 had
220 3417 16 16 a
258 3409 45 24 bar
327 3415 71 18 room
422 3416 49 17 row
494 3408 27 23 m
546 3409 52 22 £an

64 3447 143 25 Francisco.'
241 3445 84 33 Burge
340 3452 59 19 'was
423 3446 120 30 seriously
560 3446 39 23 in-

62 3485 143 33 ju'rodrand
217 3492 33 18 an
259 3485 128 33 operation'
398 3485 54 24 had'
458 3486 27 23 to
497 3484 28 24 be
545 3492 53 24 per-

64 3527 94 24 formed
171 3528 25 23 to
205 3527 56 30 stop
274 3523 73 27 Mood
359 3525 139 31 poisoning.

98 3566 116 25 William'
238 3564 97 34 Lynch,
365 3565 27 26 of
413 3565 106 28 Omaha,
549 3572 50 17 was

66 3605 109 25 knocked
187 3601 83 29 oufe.jh
284 3603 57 26 four
363 3604 94 25 rounds
478 3603 31 32 by
535 3604 63 31 iiilly

66 3640 95 34 Mailer,
175 3643 26 25 of
211 3638 127 30 Australia
347 3644 26 24 at
382 3639 63 29 Ja^k
453 3642 147 32 Deixipscy's

65 3685 56 24 club
131 3685 26 25 m
169 3681 121 33 Portraujil
303 3685 56 28 Ore,
361 3683 1 1 '
372 3683 125 32 rqcenrjy.*,
618 3706 5 12 r

99 3723 53 26 Tbe
181 3723 62 26 Ne\v
263 3713 3 12 '
271 3723 69 25 York
375 3715 84 39 Ppiice
495 3721 105 26 Gazette

66 3761 76 32 styles
154 3760 68 32 Billy
235 3756 118 37 Muirpby,
368 3761 40 24 the
418 3760 61 25 New
489 3760 112 24 Zealand

65 3800 110 32 pugilist,
213 3799 42 25 the
265 3799 93 25 broken
371 3798 72 26 down
457 3798 143 25 Australian

60 3840 102 28 ieather
175 3839 99 34 wei-jht.

645 139 186 60 LOCAL
850 139 34 57 and
902 138 271 60 GENERAL

674 280 105 24 Baptist
814 279 111 25 Church.
928 294 31 3 —
963 279 37 24 An
1043 278 132 33 unusually

642 323 308 32 successfulanniversary
964 323 50 25 Tea
1026 323 49 25 arid
1094 322 83 33 public

642 367 111 31 meeting
764 368 27 23 m
804 367 148 24 connection
963 367 60 24 with
1035 367 44 24 the
1098 366 76 24 above

645 410 94 26 church
764 417 62 18 were
856 410 59 24 held
935 418 34 16 on
991 409 184 31 'Good-Friday.

642 454 53 25 The
707 455 50 24 Tea
769 454 50 24 and
843 454 43 24 the
906 461 77 24 many
1006 454 62 31 good
1091 452 85 31 things

642 498 60 24 with
715 498 80 24 which
810 497 42 25 the
863 497 77 24 tables
950 506 64 15 were
1023 497 75 27 filled,
1112 504 63 16 were

643 541 75 32 freely
731 541 71 32 given
816 541 29 30 by
870 541 43 24 the
935 540 86 29 ladies,
1046 539 49 25 and
1115 547 61 16 were

646 585 119 24 attended
788 583 32 33 by
843 584 113 31 upwards
979 584 27 24 of
1027 591 15 17 a
1063 583 115 24 hundred

645 628 108 24 visitors.
788 628 53 24 The
860 627 88 31 chapel
960 627 48 24 and
1032 627 84 24 school
1134 626 41 24 be-

645 671 44 31 ing
704 690 13 6 ,:
722 670 157 31 beautifully.,
905 670 127 24 decoratpd
1062 669 39 25 for
1134 669 54 28 the,

646 715 112 24 occasion
789 715 30 30 by
838 722 76 24 many
942 713 93 32 willing
1062 712 126 29 workers.,.

649 758 33 25 At
693 759 43 24 the
752 758 83 32 public
863 758 110 31 meeting
1001 758 43 24 the
1066 756 113 32 building

649 810 51 17 was
712 802 111 25 crowded
842 803 26 23 to
897 809 83 17 excess
1008 801 73 25 while
1103 808 75 23 many
1188 818 3 6 ,

649 845 50 25 had
722 847 25 23 to
769 852 31 23 go
819 852 68 23 away
903 844 76 24 much
1000 843 177 32 disappointed.
1190 861 3 6 ,

650 889 138 24 Addresses
809 896 62 17 were
894 887 73 32 given
989 887 32 32 by
1039 887 90 24 Messrs
1148 887 30 24 R.
1238 897 4 18 ;

651 932 126 26 Meridith,
813 931 33 24 H.
861 931 106 30 Wright,
997 930 28 25 A'
1037 930 83 29 Bunn,
1148 930 30 23 A.

652 975 106 31 Wright,
788 974 50 24 and
860 974 43 24 the
931 974 61 24 Rev.
1005 974 32 24 E.
1066 973 112 31 Mayson.
1239 983 3 21 ;

652 1019 53 25 The
727 1018 89 25 Pastor
845 1017 28 25 T.
901 1016 118 33 Wagstaft
1046 1016 133 31 presiding.

652 1062 106 31 During.
762 1063 42 23 the
826 1061 111 31 meeting
959 1061 43 24 the
1030 1061 69 24 choir
1113 1068 66 23 .gave,

652 1105 94 26 several
756 1104 131 26 selections
899 1101 82 28 which
992 1104 53 24 met
1055 1102 67 26 with,
1127 1103 54 26 well

652 1150 103 25 merited
763 1149 89 32 praise.
864 1174 2 3 .

630 1233 2 2 ■
689 1221 150 26 Sermons.—
847 1220 38 25 On
897 1220 96 25 .Easter
1016 1219 101 31 Sunday
1139 1218 43 29 tlje

630 1273 2 21 ;
654 1265 159 31 anniversary
834 1271 112 18 sermons
968 1271 62 18 were
1052 1263 129 33 preached.

630 1320 2 13 :
654 1310 32 24 In
698 1309 43 25 the
753 1308 116 33 morning
880 1308 43 24 the
943 1308 90 27 service
1055 1315 51 17 was
1126 1315 57 17 con-

656 1353 90 25 ducted
758 1353 32 32 by
801 1353 43 25 the
856 1352 96 29 Pastor,
966 1351 49 25 and
1023 1352 27 24 m
1062 1351 43 25 the
1113 1359 72 17 even-;

656 1398 44 32 ing
710 1397 33 33 by
754 1397 40 24 Mr
806 1396 109 25 Richard
925 1397 94 24 Twose.
1038 1395 53 25 The
1099 1395 86 31 chapel

637 1449 5 3 ■
657 1442 74 31 being
743 1440 118 30 crowded,
875 1440 50 25 and
939 1440 44 25 the
1005 1440 141 25 collections
1158 1439 27 24 in
1186 1445 15 16 /'

631 1489 3 22 I
658 1485 108 25 advance
786 1485 28 24 oi-
832 1483 102 25 former'
950 1492 78 23 years.
1062 1483 124 25 Warmest

632 1538 2 14 :
658 1528 91 25 thanks
762 1536 41 17 are
815 1527 48 25 due
882 1529 26 23 to
930 1526 43 26 the
996 1534 76 24 many
1095 1525 92 25 friends

658 1572 56 26 who
726 1572 71 25 made
809 1571 124 33 provision
945 1571 36 25 for
993 1571 43 24 the
1045 1569 51 30 'tea,
1108 1569 28 25 m
1159 1577 27 17 as

659 1616 76 26 much
747 1625 27 17 as
791 1614 59 34 t^ey
870 1625 60 23 gave
952 1615 76 36 freely
1044 1614 50 26 and
1115 1613 71 26 with-

661 1663 44 24 out
716 1674 3 6 ■
726 1661 116 32 personal
853 1659 156 26 solicitation.

635 1744 3 6 <
663 1727 101 26 Sudden
776 1725 183 25 DEATH.-^-The
971 1725 119 30 daughter
1107 1724 27 26 of
1149 1724 40 25 Mr

634 1786 6 12 ■i
661 1769 94 26 Arnold
783 1769 95 25 Lassen
903 1769 61 31 aged
992 1771 15 24 7
1036 1776 70 24 years
1134 1766 56 27 died

637 1810 3 28 I
663 1811 118 31 suddenly
798 1809 128 32 Thursday
939 1809 79 32 night,
1032 1810 26 24 at
1071 1809 41 25 the
1131 1809 59 24 resi-
1201 1834 3 8 ,

637 1850 4 25 !
664 1849 76 25 dence
758 1848 27 25 of
811 1848 52 24 Mrs
889 1848 83 25 Twose
1000 1847 63 25 East
1092 1847 99 25 Oxford.

637 1898 5 15 i
654 1888 63 25 *The
737 1887 67 26 child
832 1895 50 17 was
906 1883 145 36 apparently
1063 1886 42 27 .m
1130 1887 63 31 good

639 1933 4 19 !
664 1927 85 26 health
770 1926 72 25 when
854 1925 43 25 the
908 1925 85 32 family
1020 1933 63 17 were
1094 1927 26 23 at
1142 1933 48 20 tea,

641 1978 1 2 ■
664 1965 45 25 but
722 1964 94 31 shortly
828 1964 61 25 after
900 1963 155 32 complained
1066 1963 27 25 Pf
1101 1959 91 36 feeling

640 2009 3 19 :
665 2003 99 25 unwell.
799 2001 37 25 Dr
955 2010 50 16 was
1023 1999 166 34 immediately

640 2057 4 18 i
666 2040 146 26 summoned
825 2040 44 25 but
880 2040 82 25 before
989 2040 32 25 he
1050 2039 93 26 arrived
1167 2041 25 24 at

641 2095 3 6 •
667 2082 43 25 the
720 2082 78 25 house
811 2081 43 24 the
864 2080 67 25 child
941 2088 50 17 was
1008 2078 71 27 deacU

642 2113 3 15 ;
854 2115 59 15 -r.'A'-
926 2112 27 20 iX
957 2116 24 18 ;■■■)*
992 2109 40 16 ■■■'■■

689 2155 4 4 ■
700 2141 38 25 Ro
740 2147 30 19 Ap
777 2141 91 25 Board.
870 2155 33 4 —
903 2140 45 26 We
957 2148 40 17 are
1003 2138 57 34 glad
1068 2141 26 23 to
1101 2138 31 26 be
1138 2138 55 26 able

644 2195 2 14 :
668 2187 31 24 to-
706 2187 63 24 state
779 2185 57 24 that
847 2184 43 25 the
896 2206 2 2 .
901 2183 91 33 apathy
1002 2183 82 26 which
1096 2183 45 25 has
1153 2192 40 16 ex-

666 2229 65 26 isted
741 2230 26 24 m
778 2227 70 27 Road
859 2226 80 27 Board
950 2229 102 24 matters
1063 2227 38 25 for
1122 2227 71 25 these
1198 2241 9 2 ■■
1212 2239 4 7 •

645 2276 3 24 '.
667 2275 49 25 last
727 2275 49 23 two
787 2280 70 24 years
866 2272 46 24 has
918 2272 56 24 died
981 2273 51 23 out.
1069 2270 72 26 Some
1167 2271 27 25 of
1212 2274 3 11 :

669 2317 43 24 the
722 2316 54 25 best
787 2324 58 16 men
856 2315 27 25 m
894 2315 42 25 the
944 2314 104 25 District
1060 2321 41 18 are
1120 2314 74 31 going

646 2373 3 3 ■
670 2362 26 24 to
707 2361 96 30 contest
814 2359 43 27 the
877 2359 89 24 vacant
978 2359 64 23 seats
1053 2357 50 25 and
1111 2365 36 17 we
1155 2365 42 16 ex-

671 2399 55 32 pect
735 2400 25 24 to
772 2406 40 17 see
823 2406 16 17 a
860 2404 76 19 warm
946 2396 103 25 interest
1071 2395 75 26 taken
1164 2395 33 33 by

672 2442 43 26 the
734 2443 139 29 ratepayers
884 2441 28 23 m
923 2439 43 25 the
979 2442 4 3 '
993 2439 99 31 coming
1106 2440 91 23 .events

672 2484 130 33 especially
814 2492 26 17 as
852 2491 15 17 a
878 2485 74 23 most,
965 2483 135 32 important
1127 2482 70 32 point

672 2524 48 25 has
728 2526 25 22 to
762 2521 31 27 be
804 2522 99 25 decided
914 2518 81 29 which
1003 2520 51 27 will
1061 2521 138 32 materially

674 2564 71 40 effect
755 2566 43 25 the
811 2566 81 24 future
909 2565 79 32 policy
997 2564 27 25 of
1040 2565 43 24 the
1108 2564 90 25 Board.

677 2639 33 28 St
741 2638 171 26 Andrew's.-—
915 2636 28 27 St
955 2636 127 32 ..Andrews
1110 2633 103 28 church'

652 2683 3 15 :
675 2684 64 24 East
751 2682 93 26 Oxford
856 2681 49 25 and
918 2681 29 25 St
969 2681 94 31 Mary's-

653 2724 4 21 •
677 2728 54 26 ford
739 2735 68 18 were,
814 2726 68 26 both.
886 2725 26 25 of
922 2724 68 25 them
1002 2726 66 24 most
1079 2724 125 32 tastefully

655 2784 3 4 •
678 2771 129 27 decorated
815 2771 37 25 for
862 2770 90 27 Easter
959 2769 46 35 day
1008 2788 6 9 ,
1033 2792 4 4 .
1059 2769 80 35 Large
1148 2776 56 18 con»
1212 2778 2 14 :

655 2827 3 14 :
678 2816 140 32 gregations
841 2814 116 26 attended
979 2814 42 25 the
1055 2813 103 26 services
1180 2816 26 23 at

656 2865 3 15 :
679 2859 62 30 bpth
752 2858 127 26 churches.
915 2857 51 25 The
986 2857 68 25 choir
1066 2858 26 24 at
1105 2856 29 25 St
1157 2856 50 25 An-

680 2903 87 25 drew's
778 2900 94 26 church
884 2900 77 25 under
973 2901 41 25 the
1034 2896 145 35 leadership,
1183 2900 27 24 of

637 2937 7 38 /
680 2947 40 24 Mr
732 2947 70 24 Dorri
814 2953 61 23 sang
896 2944 42 25 the
961 2944 109 24 anthem.
1144 2943 62 25 How
1226 2951 2 22 ;

659 3004 4 7 <
681 2990 107 26 amiable
800 2997 40 17 are
861 2988 44 32 thy
1111 2987 27 24 m
1160 2987 50 25 fine

660 3041 3 12 :
682 3034 71 32 stylo,
766 3032 50 28 and
828 3027 55 34 fcbft^
892 3033 26 23 at
930 3032 29 24 St
971 3031 92 33 Mary's
1075 3030 82 31 under,
1169 3031 51 25 Mi\

683 3077 126 31 Harbidge
821 3076 42 25 the
883 3077 122 24 anthems.
1041 3079 15 15 '*
1067 3075 69 32 They
1147 3076 62 25 have

661 3124 2 19 i
682 3122 75 27 taken
769 3121 68 34 awivy
849 3128 41 24 my
902 3119 88 25 Lord
1014 3119 49 24 and
1077 3119 133 26 '"Holiest

661 3167 3 15 1
683 3157 110 36 brWlie.
805 3172 40 17 an,
858 3163 104 31 evening
1159 3163 64 27 The.

663 3227 1 2 •
683 3210 81 27 choU's
800 3208 49 28 and
882 3208 176 26 .choirmaster's.
1087 3206 38 26 :of
1150 3206 60 26 both

662 3265 4 19 ;
682 3253 121 27 cliurclias
815 3252 98 25 dasar-ve
930 3253 69 32 great
1011 3252 81 31 qre^iV
1110 3251 39 35 fef
1168 3252 43 27 t.he

682 3307 52 26 way
746 3300 25 26 m
784 3296 80 27 which
875 3296 43 27 the
929 3294 104 29 musical
1054 3295 110 32 portions
1186 3296 37 27 of.

684 3344 43 28 tiie
737 3343 112 27 Borviogg
863 3349 59 20 were
934 3337 117 30 reifcad
1075 3338 30 34 by
1134 3340 76 25 them.

684 3412 168 25 Aocioext.^—
854 3408 45 27 Wo
911 3409 79 33 regret
1004 3409 24 25 to
1040 3415 42 26 say
1104 3407 54 26 that
1171 3407 42 25 tha

684 3456 78 25 eldest
774 3462 53 22 son;
846 3453 61 33 aged
919 3455 75 28 abput
1007 3455 30 24 10
1050 3460 78 26 years,
1141 3451 26 26 of
1174 3451 40 26 Mr

684 3486 163 53 J:^|t|r]|ige
860 3499 93 25 Master
964 3498 33 30 of,
1012 3498 42 27 the
1077 3497 68 26 West
1155 3488 3 16 :
1166 3497 74 31 Ox-/

683 3543 53 23 ford
750 3539 97 31 School,
858 3542 42 24 fell
910 3542 63 24 from
986 3550 16 16 a
1013 3544 52 22 tree
1089 3541 49 23 and
1161 3549 52 15 sus-

683 3587 85 24 taiued
780 3594 15 16 a
807 3593 83 17 severe
913 3585 115 27 fracture.
1032 3585 27 25 of
1085 3584 42 24 the
1141 3584 75 31 .right
1232 3607 2 3 .

684 3639 62 20 arm,
760 3637 32 19 on
806 3629 154 32 Wednesday
971 3630 67 27 .last,
1062 3629 32 25 he
1106 3637 50 17 was
1179 3630 36 25 at-

684 3675 90 26 tended
788 3677 29 29 by
829 3674 37 25 Dr
877 3670 146 31 Volcknittri,

658 3759 7 10 v
688 3771 3 8 ..
717 3757 99 24 Daxcjb.-
833 3756 58 24 -We
906 3755 79 25 'iearii
1014 3757 55 23 that
1089 3764 23 16 .a
1139 3756 78 24 darioo
1244 3768 3 3 -

684 3799 47 25 will
746 3799 56 25 tako
818 3799 69 31 place
896 3801 26 21 at
934 3799 43 24 the
990 3799 146 26 Oddfellows
1149 3800 67 27 Hall,

685 3843 70 26 West
768 3841 100 30 Oxford,
883 3845 6 21 t
894 3842 25 23 III
926 3850 7 16 3
946 3843 111 29 cveijjqn-.

1332 142 147 25 AUTUMN
1491 142 131 27 CATTLE
1634 144 94 26 SALE.

1302 221 118 31 Splendid
1459 221 108 24 weather
1606 222 116 26 favoured
1755 224 42 24 the

1268 258 80 25 Cattle
1369 258 56 25 Sale
1454 260 25 22 at
1508 259 42 24 the
1578 260 63 24 local
1668 261 73 32 yards
1764 269 33 17 on

1266 299 131 31 Thursday
1419 299 56 29 last,
1500 299 72 24 when
1600 300 70 25 there
1692 309 50 17 was
1764 310 32 16 an

1266 339 71 30 entry
1347 337 26 25 of
1378 336 63 32 fully
1454 337 64 25 1000
1529 337 72 26 head.
1637 339 52 25 The
1701 340 94 32 quality

1266 377 27 24 of
1302 377 43 24 the
1356 378 71 29 entry
1438 384 51 17 was
1501 377 33 23 all
1553 378 54 24 that
1619 379 72 24 could
1702 379 31 24 be
1755 380 40 24 de-

1266 414 72 26 sired.
1374 414 51 24 The
1437 415 148 25 attendance
1597 416 26 24 of
1641 417 93 25 dealers
1746 418 60 25 and'

1265 455 83 25 others
1371 462 50 18 was
1444 463 58 24 very
1536 456 71 32 good,
1638 457 55 25 but'
1715 457 79 32 prices

1265 495 104 24 realised
1380 495 89 32 hardly
1480 496 155 31 comparable
1642 496 60 26 with
1711 501 83 22 recent

1266 533 68 28 ssles,
1352 533 167 25 nevertheless
1530 542 59 24 very
1600 535 46 24 few
1655 544 138 23 werepass-

1266 572 30 25 ed
1306 573 27 24 m
1345 573 97 25 unsold.
1478 574 52 24 The
1541 574 80 26 whole
1630 576 27 24 of
1666 576 42 24 the
1721 578 71 31 entry

1264 621 51 16 was
1337 614 126 24 mustered
1494 616 46 27 put
1567 614 27 24 of
1608 616 55 29 .the.
1686 616 104 24 district.

1265 652 80 24 Three
1357 652 50 24 and
1418 653 55 23 four
1484 661 58 24 year
1554 654 41 24 old
1603 655 74 24 cattle
1686 654 108 33 brought
1805 677 3 6 ,

1264 691 64 25 from
1337 691 43 25 Mi.
1398 693 26 23 to
1441 693 33 25 £6
1494 685 51 32 iss.
1560 715 2 2 .
1592 694 57 24 Two
1672 702 58 25 year
1753 695 42 28 pld

1265 731 64 25 from
1347 733 42 23 £3.
1408 734 37 22 3s.
1474 734 26 24 to
1522 734 43 24 £i.
1585 735 27 23 2s
1631 734 39 25 Gd.
1692 759 2 8 ,
1716 735 67 32 Eigh
1785 751 9 15 :

1265 771 57 23 teen
1333 770 100 25 months
1457 770 41 25 old
1520 771 49 24 and
1588 767 124 38 yearlings
1731 774 64 24 from

1266 808 53 33 35/-
1331 810 26 23 to
1380 810 42 23 £3.
1458 809 87 24 Calves
1562 810 63 25 from
1638 812 13 23 2
1656 812 34 31 1/.-
1703 807 33 28 to'
1741 812 53 33 33/-

1266 845 79 30 Cows,
1357 846 28 24 m
1407 847 34 23 all
1461 847 63 24 sorts
1536 847 26 24 of
1582 849 126 24 condition
1731 849 64 24 from

1334 955 267 28 ADISGRACIEFUL
1612 956 119 26 SCENE.

1303 1041 52 25 The
1378 1041 92 32 boxing
1488 1043 85 24 match
1578 1043 124 28 .between.
1719 1044 78 25 Griffo

1270 1079 137 33 (Griffiths)
1420 1080 50 23 and
1481 1080 121 24 Marshall
1613 1082 36 24 for
1661 1080 46 26 the
1723 1083 74 31 light-

1269 1117 93 33 weight
1373 1117 193 36 championship^
1575 1120 27 24 of
1611 1120 43 24 the
1665 1121 82 29 world,
1773 1123 26 23 at

1270 1157 43 23 the
1326 1156 177 30 Darlinghurst
1514 1155 75 31 Eihk,
1602 1166 49 16 was
1668 1155 66 35 (say's
1756 1160 43 24 the

1273 1195 98 33 Sydney
1382 1195 118 33 Morning
1508 1195 105 34 Herald)
1625 1198 101 25 marked
1738 1198 31 32 by
1785 1207 16 17 a

1272 1236 147 31 disgraceful
1435 1245 79 17 scenes
1536 1242 3 3 '
1549 1238 81 24 There
1651 1246 50 17 was
1717 1238 87 25 'about

1273 1278 63 23 3000
1359 1284 102 24 persons
1483 1280 107 28 present.
1625 1278 54 25 The
1700 1279 99 30 referee,

1272 1317 28 24 m
1311 1317 42 24 the
1362 1316 71 29 ithird
1445 1318 87 29 round,
1545 1318 110 25 declared
1682 1318 73 25 iriffo
1774 1321 27 23 to

1272 1356 31 25 be
1315 1357 43 24 the
1369 1357 94 24 winner
1474 1365 33 17 on
1514 1381 3 5 ,
1529 1365 14 17 a
1555 1358 58 25 foul.
1647 1359 53 24 The
1722 1360 80 31 rough

1273 1397 98 32 portion
1383 1397 33 25 of,
1414 1411 3 14 ;
1420 1397 42 25 the
1474 1398 136 29 onlookers,
1620 1398 56 25 who
1683 1398 50 25 had
1741 1398 62 26 been
1816 1413 2 5 •

1273 1437 103 33 making
1387 1437 85 33 things
1484 1438 75 32 lively
1570 1438 34 25 all
1624 1439 116 31 through,
1761 1439 41 26 be-

1260 1484 3 3 '
1275 1480 87 29 gan.to
1374 1477 70 26 show
1469 1478 65 24 their
1561 1478 125 25 intention
1702 1478 29 25 m
1752 1480 52 24 real

1279 1518 108 23 earnest.
1421 1517 129 24 Partisans
1559 1518 26 23 of
1596 1517 63 30 both,
1665 1525 58 17 men
1734 1519 72 24 rush-

1251 1564 2 18 :
1277 1557 30 24 ed
1322 1557 44 25 the
1387 1557 64 31 ring;
1473 1557 49 24 and
1540 1557 109 32 engaged
1670 1558 28 24 m
1754 1558 51 25 free

1251 1608 2 18 :
1275 1597 73 32 fight.
1385 1597 102 26 Outside
1498 1598 43 25 the
1549 1598 57 32 ring
1614 1599 71 25 other
1694 1600 112 30 support-

1279 1645 39 18 ers
1330 1639 27 24 of
1366 1638 43 25 the
1420 1639 39 24 art
1471 1638 27 25 of
1507 1639 116 31 pugilism
1635 1636 57 33 also.'
1699 1639 109 32 engaged

1278 1679 27 24 in
1308 1679 8 12 r
1314 1678 129 26 cdinbatSi'
1470 1679 52 24 The
1544 1679 81 25 chairs
1648 1679 81 26 which
1743 1682 79 33 werej

1278 1719 28 26 m
1317 1719 42 26 the
1380 1719 53 25 hall
1456 1727 61 17 were
1520 1719 3 16 1
1540 1715 99 36 quickly
1660 1719 94 26 availed
1773 1716 44 32 of^'

1279 1759 50 25 and
1340 1759 27 26 a's
1379 1759 58 31 they
1447 1759 101 25 became
1571 1758 89 26 broken
1686 1759 42 25 the
1751 1757 53 35 legs

1280 1800 63 25 Were
1365 1799 96 25 further
1483 1798 145 26 distributed
1652 1807 91 26 among
1765 1800 43 25 the

1280 1837 89 26 crowd.
1383 1842 11 9 '■'
1404 1837 68 25 With
1481 1834 33 28 dll
1526 1837 72 25 haste
1608 1837 41 25 the
1658 1838 150 31 respectable

1280 1876 97 31 portion
1390 1875 35 24 of-
1436 1875 43 24 the
1491 1875 71 24 those
1573 1875 55 24 who
1639 1875 116 24 attended
1768 1875 41 24 the
1823 1888 4 3 ■

1279 1915 64 32 fight
1347 1912 4 16 j
1355 1914 43 25 left
1409 1913 44 26 the
1463 1912 119 33 building,
1595 1908 46 30 tut
1649 1908 167 38 W.esc'aped.
1820 1906 3 10 1

1254 1979 2 3 .
1280 1953 154 28 scratchte'ss.
1444 1980 3 2 .
1458 1953 2 9 !
1479 1953 136 27 Fortunate
1628 1954 3 6 '
1653 1962 63 18 were
1727 1952 4 6 '
1750 1954 59 32 they

1279 1996 55 25 who
1342 1997 43 30 got
1396 2001 68 25 away
1475 1993 60 26 with
1545 1996 55 23 torn
1607 1994 104 25 clothes.
1729 1994 78 31 Many

1279 2043 62 18 were
1353 2035 88 25 briised
1450 2034 74 26 about
1532 2034 42 25 the
1581 2034 136 29 shoulders,
1728 2034 85 30 chest,,

1281 2073 50 27 arid
1341 2075 53 27 face
1397 2075 10 30 i,
1415 2075 45 25 buii
1474 2096 5 4 .
1487 2070 101 38 happily
1616 2082 66 18 none
1705 2073 104 26 suffered

1294 2124 49 24 any
1355 2115 92 25 serious
1454 2114 91 32 injury.

1317 2184 100 32 Shortly
1426 2185 61 25 after
1498 2183 61 26 dark
1570 2192 32 17 on
1614 2185 18 24 a'
1641 2185 82 25 recent
1735 2192 71 18 even-

1282 2225 44 31 ing
1353 2232 16 16 a
1395 2222 166 26 considerable
1581 2223 112 26 'nuhlber
1721 2223 27 26 of
1768 2221 43 28 the

1283 2263 121 24 residents
1432 2261 26 26 of
1489 2261 124 26 Mediridie
1641 2261 49 26 arid
1729 2261 82 26 North

1423 2300 130 25 witnessed
1563 2300 43 25 the
1625 2301 73 25 novel
1710 2301 66 31 sight
1788 2301 26 25 of

1286 2348 15 17 a
1323 2340 68 31 large
1407 2339 51 25 ball
1474 2340 27 24 of
1514 2340 45 24 fire
1576 2340 79 25 which
1673 2340 97 25 seemed
1786 2341 27 25 to

1286 2381 61 26 emit
1366 2374 61 33 botU
1432 2383 4 10 ;
1449 2379 43 26 red
1514 2379 46 26 and
1572 2380 87 31 yellow
1677 2388 64 24 rays,
1764 2380 50 25 and

1288 2418 121 32 appeared
1420 2420 26 22 to
1462 2418 30 24 be
1514 2418 144 32 practically
1680 2418 137 31 susperided
1826 2417 3 10 ;

1277 2453 147 36 -ininid'ajr
1436 2458 25 24 at
1473 2465 33 17 an
1524 2457 122 25 elevation
1657 2458 27 25 of
1693 2457 48 28 riot!
1748 2466 68 17 more

1288 2496 63 25 than
1374 2503 68 18 some
1463 2496 47 25 few
1529 2495 113 26 hundred
1648 2509 4 5 •
1663 2496 81 33 yards,
1768 2497 49 27 and

1265 2534 3 29 \
1288 2534 82 28 which
1383 2534 126 25 remained
1520 2534 69 25 there
1601 2534 38 28 for
1649 2534 63 32 fully
1731 2534 85 26 fifteen

1290 2575 117 26 minutes.
1437 2574 61 26 This
1509 2572 125 28 ldinirioiis
1645 2575 63 31 body
1721 2575 97 26 seemed

1253 2627 2 7 «
1264 2621 6 25 ';
1289 2616 27 24 to
1327 2615 63 24 have
1403 2622 15 17 a
1429 2615 94 24 motion
1533 2615 109 31 peculiar
1654 2616 25 24 to
1686 2609 73 36 itself,
1769 2615 50 25 and

1268 2663 3 16 ;
1291 2657 26 24 to
1337 2654 87 34 tdt'ally
1435 2654 124 32 disregard
1570 2649 36 32 all
1623 2653 89 35 know^n
1723 2656 60 26 laws
1794 2656 27 26 of
1821 2658 12 28 /

1292 2695 155 33 gravitation,
1461 2696 140 32 spnietimes
1622 2696 115 37 receding
1755 2693 65 32 ixom

1270 2754 2 2 ■
1293 2736 49 25 and
1375 2736 60 25 then
1469 2736 138 32 advftn.cin.g-
1639 2734 118 28 towards'
1777 2737 43 26 the

1294 2775 91 26 earth's
1398 2774 63 25 orbit
1482 2775 61 25 with
1555 2782 14 17 a
1587 2774 101 27 distinct
1710 2776 107 26 oscillat-

1294 2817 43 31 ing
1348 2817 146 24 movement.
1517 2816 53 25 The
1582 2818 99 31 strange
1691 2819 132 28 nocturnal

1280 2879 3 5 ,
1294 2855 102 25 visitant
1407 2855 119 34 appeared
1541 2856 25 30 tp
1580 2855 76 35 lioyey
1677 2863 57 18 over
1754 2856 67 25 Robe

1280 2916 2 2 .
1295 2894 99 28 terrao.e,
1577 2893 49 24 and
1653 2893 117 26 numbers
1799 2894 26 26 of

1294 2933 86 31 people
1413 2940 69 17 came
1607 2935 24 24 a'
1655 2934 168 27 considerable

1259 2975 7 8 *
1297 2971 109 25 distance
1418 2972 25 24 to
1454 2970 84 26 obtain
1551 2981 15 16 a
1577 2971 79 27 better
1667 2973 59 26 view
1739 2973 26 25 of
1782 2974 43 25 the

1299 3010 88 24 erratic
1430 3012 101 24 meteor.
1567 3012 52 24 One
1665 3012 161 30 epfchusfostie

1275 3062 2 22 ;
1298 3052 160 31 astv'OWQiner,
1489 3052 113 32 parking-
1623 3062 15 16 a
1663 3054 68 30 large
1748 3053 80 31 tripod

1299 3089 129 32 telescope,
1449 3098 69 17 came
1527 3116 2 2 .
1540 3090 15 24 h
1559 3091 34 25 alt
1595 3099 52 25 way
1676 3099 81 18 across
1787 3092 42 25 the

1299 3128 64 25 Park
1387 3128 72 25 lands
1486 3129 63 25 from
1573 3128 128 28 "Lefevre's
1728 3128 119 37 terrace,/

1301 3168 60 26 and*
1367 3168 114 33 planting
1501 3169 40 25 his
1559 3167 153 34 instriin.ian.fc
1732 3171 35 25 ori
1787 3171 42 26 tlie
1843 3172 5 3 *

1300 3209 42 32 top
1354 3208 26 24 of
1391 3215 15 17 a
1418 3207 89 32 hj.l\ock
1520 3208 115 25 obtained
1645 3218 15 16 a
1667 3211 66 23 moat
1740 3210 91 32 perfect

1300 3247 62 24 view
1385 3246 26 24 of
1437 3246 42 24 the
1496 3246 108 25 celestial
1622 3248 110 35 visitant,
1750 3249 49 24 and
1816 3258 12 16 a
1828 3253 22 21 ,'■

1301 3284 121 31 complete
1456 3284 106 25 solution
1590 3285 27 25 of
1620 3285 3 4 '
1643 3286 42 25 the
1686 3279 14 15 7
1714 3290 124 34 mystery,/

1302 3324 81 25 which
1395 3324 90 32 proved
1498 3326 24 23 to
1532 3324 30 25 be
1573 3326 106 31 nothing
1691 3335 69 21 mo^o
1770 3325 62 29 ihan
1844 3330 5 3 '

1281 3381 6 20 f
1303 3373 15 16 a
1343 3366 67 33 large
1439 3357 106 37 Ciungse
1571 3365 97 26 lantern
1686 3363 147 36 'suspended

1303 3406 63 23 from
1379 3401 42 28 the
1434 3404 43 25 tail
1489 3404 27 25 of
1533 3413 20 21 a,
1559 3405 67 32 boy's
1649 3403 59 34 kite,
1742 3407 25 25 It
1784 3405 23 28 is
1818 3418 16 16 a
1849 3411 2 4 '

1303 3444 92 24 matter,
1418 3441 4 4 '
1432 3442 38 25 for
1500 3443 105 24 extreme
1633 3445 81 30 regret
1736 3444 55 26 that
1820 3455 14 17 a

1304 3481 105 28 numbor
1421 3481 25 27 jf
1456 3474 106 41 geri'tiem
1583 3481 54 28 wl»o
1649 3491 78 18 came,
1734 3486 101 35 seeking
1844 3482 4 7 '

1252 3540 2 4 •
1305 3523 141 35 knowledge
1458 3525 64 24 went
1534 3531 67 28 away
1606 3524 86 37 .-usiag
1709 3517 125 47 .jaq^ge

1302 3568 66 14 most
1385 3561 233 21 unDai'liamentain'.
1656 3581 2 2 .

511 24 170 35 OXFOBD
723 24 88 33 AND
855 24 107 31 (TOST
1005 24 228 38 OBSERVER
1298 20 234 38 SATURDAY,
1575 24 127 31 APRIL
1745 26 29 41 8,
1821 28 88 30 1893;

1922 3662 101 25 Pointed
2047 3661 50 26 ac'l
2121 3679 3 8 ,
2133 3662 121 33 Piiblis]^e
2254 3687 4 9 (
2255 3664 16 23 d
2282 3664 31 31 Ly
2340 3663 111 26 lijcHAniJ

1956 3716 107 25 llolman
2084 3716 100 29 PARisHi
2209 3718 26 23 at
2251 3716 42 26 Jiis
2308 3716 143 32 .ilegistdred

1957 3770 114 33 Priulis^
2082 3770 91 30 Oficei'
2187 3770 71 32 -Flig^
2283 3769 90 27 Strediii

1957 3824 99 24 Oct'o'-d.
2068 3825 151 24 i'artebuiTv

1972 151 55 49 F.
2049 155 55 46 B.
2136 158 198 51 LANE,

1990 237 91 39 (Late
2096 241 35 30 E.
2148 242 164 44 Butcher.)

1896 292 249 45 Watchmaker,
2161 303 182 40 Jeweller,
2361 306 44 33 &c

1884 351 122 32 Importer
2034 357 27 22 of
2097 358 106 37 MusicaJ
2241 363 173 32 Instruments,

1983 393 108 28 Victoria
2109 397 38 30 St,
2181 400 134 34 Rangiora:
2440 409 11 27 f

1885 473 97 32 Special
1992 477 73 26 value
2075 478 36 30 m.
2126 480 80 26 Extra
2228 485 87 31 strong
2336 479 79 32 Casecl

1882 507 87 32 highly
1973 509 108 26 finished
2089 512 108 34 English
2204 515 78 26 Lever
2290 518 123 26 Watches.

1884 540 188 28 Manufactured
2094 547 27 24 to
2141 555 42 24 my
2206 550 70 24 order
2298 550 32 32 by
2361 551 54 27 best

1884 572 104 27 London
2000 576 108 27 makers:
2143 580 161 33 Unequalled,
2314 584 38 25 for
2351 583 3 9 1
2372 579 39 37 ex-

1884 607 90 24 cellent
1987 608 176 36 Timekeeping
2174 614 54 24 and,
2235 615 134 34 durability
2376 628 12 8 -

1901 662 7 11 ,
1917 639 30 24 F.
1959 640 31 24 B.
2002 640 91 26 LANE
2111 648 142 29 personally
2271 643 70 35 visits
2350 651 63 24 'Ox-

1885 672 54 23 ford
1960 674 123 32 monthly,
2107 678 113 32 carrying
2241 689 15 16 a
2270 682 72 31 .large
2364 684 51 24 and

1873 703 96 26 .choice
1998 706 69 25 stock
2095 707 27 26 of
2149 710 123 33 Watches,
2311 713 101 33 Cliains,

1885 737 133 41 Brooches,
2030 740 87 32 Rings,
2133 743 222 30 Stads.iPeridants
2366 750 47 30 etc,

1887 771 140 31 Spectacles
2039 774 123 31 (Pebbles,
2186 778 169 34 Pantoscopic.
2364 781 49 26 arid

1886 804 116 35 Crystal)',
2011 806 96 32 Clocks,
2121 808 106 33 (Marble
2249 814 49 24 and
2322 814 90 33 Wood)

1925 847 15 31 ■^
1984 838 154 28 Accordeons
2150 843 49 23 and
2211 843 124 27 Vidlihd."'

1919 870 82 26 Exact
2007 871 60 25 date
2077 873 28 25 of
2110 874 59 25 each
2179 876 58 26 visit
2248 877 22 26 is
2280 878 102 27 notified
2416 887 4 9 •

1861 912 54 19 :■i
1920 922 3 11 :
1936 928 3 2 .
2319 929 3 5 .
2376 926 23 15 ;:
2406 934 3 4 ,

1887 934 114 26 Repairs.
2005 952 32 3 —
2037 938 44 25 All
2093 941 93 30 repairs
2197 950 42 17 are
2250 946 116 23 executed
2376 935 39 42 !by

1886 969 91 30 myself
1981 977 28 16 or
2020 971 76 24 under
2107 980 42 25 my
2157 971 218 35 superintendence
2387 987 27 17 so

1887 1000 58 25 that
1953 1004 101 29 patrons
2066 1012 47 17 can
2124 1007 52 32 rely
2188 1016 32 16 on
2231 1004 102 40 getting;
2343 1011 80 26 satis-/

1859 1038 8 31 1
1886 1033 106 30 Action,
2001 1044 17 21 a^
2035 1037 55 24 the.
2100 1040 80 30 ve,ry^
2185 1037 228 38 lowest^cjarges.

1919 1067 102 32 Repairs
2030 1078 28 16 or
2069 1071 83 26 orders
2159 1081 57 25 may
2226 1075 28 25 be
2266 1072 115 36 leffc^at—
2385 1100 7 8 ,

1930 1112 131 33 Weeber's,
2095 1115 64 27 East
2182 1118 99 31 Qxford.
2303 1117 52 26 ''•■!

1887 1143 143 33 Mitchell's,
2051 1148 36 25 W.
2098 1150 35 24 Mi
2144 1151 36 30 C.,
2199 1152 62 26 East
2270 1146 3 11 '
2281 1152 121 27 Oxford.'

1887 1177 25 23 J.
1924 1178 97 30 Brown;
2034 1180 163 32 Bootmaker,'
2210 1184 74 32 Wfesf

1887 1209 40 33 Wj
1945 1212 25 25 J.
1988 1212 146 29 Crothers.&
2143 1216 58 30 0p...
2199 1220 2 14 :
2213 1212 76 32 GiisC
2307 1222 22 20 1;
2344 1237 3 3 .
2388 1223 5 16 :

1920 1245 49 23 and
1980 1246 50 24 will
2041 1246 31 25 be
2082 1249 123 33 promptly
2218 1251 116 32 attended
2345 1253 35 26 to.

1866 1329 2 2 ■
1916 1325 4 4 ■
1927 1313 18 16 It'
1952 1315 69 15 .'*•':•■■•'
2028 1318 28 10 •■■'>-
2083 1320 11 9 .-.
2103 1315 5 12 <
2131 1317 10 12 ';
2147 1318 7 11 :.
2161 1315 26 16 'ij.!
2216 1322 3 4 •
2234 1322 1 2 ■
2242 1317 6 13 i
2253 1317 5 5 f
2260 1316 5 13 \
2293 1315 12 15 \\
2325 1320 3 2 ■
2350 1317 62 11 ':•<,■'■.■

1866 1361 2 5 '
1919 1352 13 20 i<
1937 1360 19 12 ';•
1985 1351 19 20 i.ri
2021 1366 2 1 ■
2046 1358 2 9 :
2054 1362 2 1 '
2062 1359 10 14 'I
2078 1353 11 20 A
2103 1357 19 15 .■'
2127 1360 6 14 i-
2141 1353 6 20 i
2160 1357 44 10 '■''
2217 1366 4 5 >
2235 1361 4 11 i
2248 1354 173 20 ■■''•-'■'■''''■.)

1872 2015 1 1 ■
1919 2008 64 15 ;•.>'.".;'■
2030 2000 71 24 •.&:-]^
2102 1997 3 7 :
2101 1997 37 27 :i-\
2138 2009 5 8 s
2145 2000 172 29 i/sV'!:i\h'rlTi;,
2317 2003 5 13 i
2322 2001 53 22 .'r;tXi
2388 1995 28 29 ':?:■
2437 2009 7 4 ■'

2017 2086 285 40 and-guarfflQteed'f
2307 2107 11 2 -

1859 2310 1 4 .
1897 2281 407 44 the.'ge'n&fai^P-üblicWa^^^^^
2446 2288 3 18 :

1900 2327 104 25 business
2012 2327 45 25 has
2065 2324 159 32 iifcreased'tb
2235 2328 65 29 s'ucff
2305 2341 31 16 an
2335 2328 2 20 ;
2347 2336 81 23 extent

1898 2367 52 25 that
1961 2366 81 26 I'shall
2052 2368 125 27 beiinable
2185 2372 92 25 toivisit
2285 2373 91 26 Oxford
2383 2382 46 17 un-

1877 2416 3 13 ;
1898 2406 39 24 till
1947 2406 183 29 furjbherinotiee.
2147 2415 14 8 -•■
2175 2423 1 7 :
2184 2415 3 21 ;
2197 2409 39 26 All
2252 2412 73 29 Jwpyk
2336 2415 52 22 sent
2395 2413 34 31 -by

1880 2461 1 2 ■

1873 2536 11 11 ■>
1899 2524 48 43 at^i
2139 2520 73 43 W^.
2221 2553 2 4 ,
2236 2523 137 36 ..Traveller
2392 2531 38 28 for

1881 2599 4 33 i
1927 2599 52 47 ';.;;
1988 2595 12 16 f;
2004 2595 118 53 *;;-G^
2390 2633 18 17 v
2423 2600 7 11 '''

1888 2826 3 18 i
1995 2813 223 52 'E^abltshed
2221 2818 3 14 1
2237 2818 107 42 1862..;
2371 2831 2 1 •
2386 2821 19 6 "''
2434 2824 1 1 '

1889 2864 4 34 \
1905 2872 126 30 FLQUR;
2039 2873 57 31 bjest
2105 2874 80 25 brand
2195 2876 65 32 only:
2265 2858 72 50 kepi{

1885 2904 15 44 |
1908 2900 195 58 SHAR^,;to
2112 2917 26 25 A
2145 2903 170 56 i^EAJii,,;;'
2323 2919 51 26 BB
2378 2919 73 27 AN*

1889 2951 3 20 1
1908 2953 33 39 ■<]
1943 2952 12 36 .'.'
1966 2946 323 56 ;^CHI^KEN^Ei^
2305 2965 42 26 &o.
2350 2952 7 23 ;
2376 2954 2 2 '
2384 2981 3 10 :
2392 2952 6 36 ':
2431 2966 20 23 r

1912 3119 70 49 MIS
1989 3119 52 21 SIN
2049 3120 19 20 G
2082 3121 94 20 WORD
2176 3121 16 7 "'
2201 3114 243 30 GOMpfeTITiON.

1941 3162 44 10 .
2015 3155 31 13 ■:....,
2070 3147 38 21 See
2110 3149 40 28 ;,/,'•
2158 3145 173 28 OBSERYJtR«V;
2358 3164 16 6 ...
2380 3157 45 14 ...;.•

1912 3184 95 25 NEXT
2025 3185 57 25 WE
2084 3171 211 53 ;^!;'v-/..l^xi.
2297 3214 3 10 i
2300 3175 125 42 '%islEl
2427 3189 5 13 ;
2432 3189 11 25 .E

1920 3389 173 58 WANTED
2110 3391 40 23 the
2161 3391 117 24 residents
2294 3390 26 25 of
2333 3391 44 24 -the
2400 3389 49 26 Ox-

1978 3429 22 15 ■•-.
2009 3422 51 27 fprd
2073 3422 93 24 district
2168 3430 3 6 1
2176 3425 25 22 to
2201 3418 78 30 'k-nbw
2291 3424 53 23 that
2415 3424 33 24 P.

1892 3476 11 7 ■•
1921 3464 179 30 Hnssail.Cuist,
2114 3467 42 23 has
2165 3466 131 31 purchased
2308 3466 74 32 heavy
2391 3467 60 25 lines

1919 3506 25 24 of
1959 3506 102 24 /Binder;
2074 3506 80 24 Tivine
2176 3507 45 23 and
2256 3507 110 24 Machine
2401 3507 50 24 Oils

1920 3543 81 24 which,-
2006 3543 31 23 he
2055 3544 34 23 is..
2089 3559 2 4 •
2094 3545 110 30 prepared
2215 3554 6 13 t-
2225 3547 43 24 to.:;
2273 3544 41 26 sell
2329 3549 34 20 -at
2387 3548 64 22 town

1878 3574 6 41 j
1901 3599 4 9 :
1920 3585 83 30 prices.
2030 3593 52 17 ,•■.:.
2112 3594 1 1 ■
2136 3596 3 3 ■
2142 3606 3 6 ;
2147 3589 38 30 _:.;,
2187 3605 4 7 :
2204 3591 2 14 :
2213 3599 4 11 i
2224 3596 10 10 :>
2252 3591 39 21 ;,.,.
2305 3598 10 12 .-.
2342 3586 2 1 '
2392 3599 2 2 •
2404 3586 2 23 ;
2418 3601 9 9 ,,

1325 3632 90 44 v.;
1444 3628 410 57 NOTICE,:::;.';;

1274 3752 14 24 '..
1307 3745 95 32 Calhe
1414 3747 105 35 astray
1523 3747 3 13 1
1533 3745 31 28 m
1583 3756 49 28 my
1655 3745 142 39 paddock
1823 3749 31 26 a'

1311 3796 64 21 ram
1385 3786 98 29 brand
1493 3788 54 26 not
1557 3786 118 29 visible.

1455 3832 40 29 11.
1514 3831 242 33 SOHuFltft/D.
