2540 3989
1926 1178 50 24 The
1987 1178 73 24 result
2072 1178 26 23 of
2111 1177 39 24 the
2162 1179 141 30 comparison
2317 1178 28 28 is,
2356 1186 36 15 we
2404 1178 72 31 think,

1891 1210 50 24 that
1950 1211 40 24 the
2001 1210 179 32 agriculturalist
2188 1219 53 23 may
2252 1210 96 32 proceed
2359 1210 56 25 here
2425 1213 54 23 with

1891 1243 39 24 the
1941 1249 116 26 strongest
2068 1244 127 23 conviction
2206 1243 50 23 that
2263 1243 37 23 his
2310 1245 115 23 exertions
2433 1246 46 23 will

1890 1277 29 23 be
1931 1277 104 31 liberally
2046 1277 123 23 rewarded.
2205 1277 48 23 But
2263 1277 29 23 he
2303 1281 63 19 must
2382 1279 96 29 proceed

1891 1310 25 23 in
1926 1310 40 23 the
1976 1310 63 31 right
2046 1318 57 23 way.
2140 1310 76 23 There
2222 1314 61 19 must
2289 1310 30 23 be
2325 1318 30 15 no
2363 1310 116 33 meddling

1891 1343 56 23 with
1957 1348 96 26 stumps,
2067 1347 81 27 except
2159 1343 65 23 those
2234 1343 25 23 in
2274 1343 39 23 the
2329 1350 51 24 way
2399 1344 26 23 of
2442 1344 35 24 his

1890 1376 73 23 house
1974 1376 45 23 and
2030 1377 25 22 in
2066 1384 14 15 a
2090 1376 49 31 plot
2150 1376 99 23 selected
2259 1376 34 23 for
2306 1384 14 15 a
2330 1376 78 23 flower
2425 1384 52 23 gar-

1891 1409 52 24 den.
1979 1409 25 23 It
2016 1409 82 23 should
2108 1409 28 23 be
2149 1417 13 14 a
2173 1410 85 22 maxim
2271 1417 29 15 on
2312 1417 13 14 a
2342 1409 67 29 farm,
2428 1410 48 23 that

1890 1447 81 19 nature
1983 1442 44 23 and
2035 1447 40 19 not
2082 1450 53 15 man
2141 1442 21 23 is
2169 1446 23 19 to
2201 1442 90 31 destroy
2298 1442 45 23 this
2352 1443 110 24 nuisance
2468 1453 6 20 ;

1891 1475 45 23 and
1947 1475 38 24 the
1996 1475 106 23 labourer
2120 1475 49 24 who
2188 1475 133 31 persevered
2338 1475 26 23 in
2382 1477 95 31 wasting

1890 1508 37 23 his
1940 1509 54 23 time
2004 1510 26 21 in
2041 1508 57 24 such
2112 1517 14 14 a
2142 1508 114 31 profitless
2274 1515 103 22 manner,
2397 1509 80 24 should

1889 1541 30 23 be
1931 1541 69 24 cured
2011 1541 26 24 of
2050 1541 37 24 his
2099 1542 67 30 fancy
2178 1541 30 31 by
2218 1541 46 24 fine
2275 1549 26 15 or
2313 1541 122 24 dismissal.

725 1588 169 24 SHIPPING
913 1588 275 24 INTELLIGENCE.

884 1638 144 21 ARRIVED.

689 1666 35 21 No
733 1666 78 21 vessels
819 1666 53 20 have
882 1666 82 20 arrived
974 1666 77 25 during
1061 1665 35 20 the
1105 1666 65 20 week.

899 1711 117 20 SAILED.

689 1739 57 21 June
755 1740 35 24 20,
800 1739 47 25 brig
863 1739 110 23 Portenia,
985 1738 90 22 Frasier,
1086 1738 34 20 for
1129 1738 36 20 the
1175 1738 44 26 Bay
1228 1738 23 20 of

664 1766 88 25 Islands,
760 1766 42 20 and
812 1766 85 25 Sidney.
927 1765 115 26 Passenger
1052 1765 42 20 Mr.
1107 1765 92 20 Connin.

885 1811 33 20 IN
934 1811 86 20 PORT.

718 1838 108 21 Schooner
839 1839 80 25 Bailey,
932 1838 98 20 Sinclair.

717 1866 83 26 Barque
814 1867 59 24 Jane,
885 1866 74 19 Stobo.

717 1893 52 26 Ship
777 1894 72 24 Mary,
861 1893 78 25 Kemp.

717 1920 83 26 Barque
809 1921 116 20 Katherine
935 1920 93 20 Stewart
1038 1920 82 26 Forbes,
1132 1918 82 22 Hobbs.

717 1948 51 25 Brig
780 1948 117 23 Ullswater,
909 1946 89 21 Gibson.

717 1974 121 26 Brigantine
848 1974 142 26 Harrington,
1001 1973 91 21 Mercer.

718 2002 107 19 Schooner
834 2002 104 21 Minerva,
951 2001 61 18 Reid.
1091 2007 8 9 ■>

717 2028 83 25 Barque
811 2028 36 19 Sir
856 2028 57 20 John
921 2026 98 25 Falstaff,
1032 2026 95 21 Gordon.

687 2084 124 24 Passengers
821 2088 37 20 per
869 2084 39 18 Sir
913 2084 56 17 John
978 2084 95 21 Falstaff,
1082 2084 55 17 from
1148 2084 97 21 London,

664 2110 30 19 via
711 2110 83 26 Sydney
802 2117 6 12 :
809 2120 29 4 —
838 2109 88 20 Messrs.
938 2108 26 21 E.
979 2108 89 24 Bowler,
1080 2108 26 20 G.
1126 2108 76 26 Smith,
1210 2104 37 23 -3\T

664 2137 80 25 Taylor,
755 2137 42 20 and
808 2136 37 21 Dr.
861 2136 121 20 Matthews.
1176 2144 12 11 *-
1186 2137 12 12 J
1197 2131 36 27 Js-'-

687 2164 114 26 Passenger
809 2170 38 20 per
863 2164 117 20 Katherine
996 2163 93 20 Stewart
1106 2163 84 24 Forbes,
1201 2162 43 21 Mr.

664 2191 89 20 Benson.

754 2242 278 21 METEOROLOGICAL
1045 2242 103 20 TABLE.

681 2271 43 20 For
733 2271 34 20 the
776 2270 55 20 week
840 2270 75 25 ending
927 2270 116 25 Thursday,
1054 2270 54 20 June
1120 2269 34 24 24,
1167 2269 61 21 1841.

681 3775 39 18 The
727 3775 97 19 following
830 3780 33 12 are
870 3775 34 17 the
912 3777 78 17 quarter
1000 3775 48 19 days
1056 3777 21 17 of
1087 3777 40 17 this
1134 3782 58 12 paper
1199 3785 26 9 :—

1924 1606 59 24 Last
1994 1606 65 24 week
2069 1614 34 16 we
2115 1605 99 25 referred
2225 1610 23 19 to
2260 1605 38 24 the
2314 1605 121 25 formation
2453 1607 23 24 in

1891 1639 105 29 London,
2008 1640 74 23 under
2095 1640 36 23 the
2144 1640 103 30 auspices
2260 1640 24 23 of
2298 1638 40 24 the
2349 1639 59 24 New
2419 1640 57 23 Zea-

1889 1673 55 23 land
1957 1673 125 31 Company,
2100 1673 25 23 of
2140 1680 14 16 a
2171 1672 61 24 third
2249 1671 138 30 settlement,
2409 1677 21 19 to
2449 1673 27 23 be

1890 1706 139 23 established
2040 1705 140 24 somewhere
2190 1706 24 22 in
2227 1713 40 16 our
2279 1705 195 31 neighbourhood.

1891 1739 51 23 The
1954 1739 117 31 proposals
2083 1739 36 23 for
2129 1739 30 22 its
2175 1738 121 24 formation
2306 1738 70 31 being
2387 1743 24 19 at
2422 1746 53 16 con-

1891 1772 111 23 siderable
2013 1772 88 31 length,
2114 1779 33 16 we
2154 1771 45 23 will
2210 1772 51 30 give
2270 1771 59 23 their
2336 1776 103 19 contents
2451 1780 24 15 as

1889 1805 82 30 briefly
1983 1813 25 15 as
2019 1805 109 30 possible.

1271 464 6 5 -
1313 447 110 24 Hitherto
1435 455 41 16 our
1487 448 106 30 thoughts
1604 448 59 23 have
1679 448 59 23 been
1754 448 110 31 occupied

1279 480 55 24 with
1345 481 95 30 making
1451 481 57 23 Port
1519 481 127 25 Nicholson
1653 481 38 23 the
1702 485 48 19 seat
1759 481 26 23 of
1800 488 63 20 Qom-

1279 521 74 16 merce
1365 514 25 23 in
1407 514 65 23 these
1625 514 50 23 The
1694 514 127 23 excellence
1840 514 26 23 of

1280 546 156 31 the-pTTsition,
1447 547 123 31 supported
1578 548 30 29 by
1618 547 38 23 the
1662 547 112 23 influence
1786 547 26 23 of
1820 555 43 15 our

1272 579 93 24 ■friends
1374 580 26 23 in
1412 579 115 31 England,
1539 579 56 24 have
1606 579 109 24 rendered
1726 588 27 15 us
1765 588 50 15 now
1825 588 38 15 se-

1280 619 52 21 cure
1344 613 24 23 in
1378 612 48 23 this
1442 617 96 27 respect,
1539 625 32 4 —
1574 612 86 31 though
1675 614 18 22 it
1711 613 46 23 will
1774 613 29 23 be
1821 621 43 15 our

1279 645 56 31 duty
1346 650 23 18 to
1381 646 106 23 continue
1499 650 21 18 to
1533 653 55 23 urge
1599 653 68 23 every
1679 645 64 31 thing
1755 645 72 31 likely
1839 649 24 20 to

1279 678 44 23 add
1333 682 24 20 to
1374 678 40 24 the
1431 678 141 24 commercial
1590 680 169 22 attractiveness
1778 678 26 23 of
1825 678 39 24 the

1278 711 73 31 place.
1385 711 46 23 We
1447 711 59 23 have
1523 719 14 15 a
1553 711 63 31 large
1633 711 84 31 supply
1735 711 24 24 of
1781 711 84 24 almost

1279 751 67 23 every
1357 744 79 23 article
1446 744 50 23 that
1508 751 42 16 can
1559 744 29 23 be
1598 744 112 31 required,
1720 752 28 15 on
1757 748 71 19 terms
1838 752 26 15 as

1278 776 80 24 liberal
1369 785 26 15 as
1406 777 65 23 those
1489 777 94 31 granted
1599 777 26 22 in
1640 777 125 23 Australia.
1802 777 24 23 It
1843 777 21 23 is

1279 809 97 30 evident,
1388 810 120 28 therefore,
1516 810 19 23 it
1546 809 74 24 would
1629 809 29 24 be
1669 810 84 23 absurd
1763 810 37 23 for
1809 817 55 23 per-

1279 850 53 16 sons
1344 843 102 30 residing
1456 843 24 23 in
1491 842 64 24 these
1563 842 91 24 Islands
1661 842 167 24 henceforward
1840 847 24 18 to

1270 873 2 36 j
1278 875 98 32 proceed
1386 880 23 19 to
1423 876 92 31 Sydney
1529 883 24 16 or
1562 875 91 24 Hobart
1660 875 80 29 Town,
1750 879 23 19 to
1783 875 82 31 satisfy

1279 909 60 23 their
1349 916 123 16 numerous
1484 913 80 19 wants.

1312 942 59 23 Now
1383 942 50 23 that
1444 950 13 15 a
1468 942 63 30 large
1543 942 103 30 quantity
1658 941 24 24 of
1694 941 55 23 land
1755 941 43 23 has
1805 941 59 24 been

1279 975 158 31 appropriated
1454 975 31 30 by
1502 976 145 30 proprietors,
1668 974 137 31 agriculture
1823 974 41 24 de-

1278 1008 81 23 mands
1371 1008 38 23 the
1421 1009 110 22 attention
1542 1012 23 19 to
1576 1008 81 29 which,
1674 1007 60 24 from
1750 1009 31 22 its
1799 1012 65 26 great

1279 1042 147 29 importance,
1438 1042 18 22 it
1467 1042 20 22 is
1499 1041 100 23 entitled.

1313 1074 76 23 There
1396 1074 46 23 will
1448 1075 29 22 be
1484 1074 70 23 found
1560 1075 25 22 in
1592 1074 99 30 to-day's
1698 1082 77 23 paper,
1785 1074 79 31 copied

1278 1107 59 23 from
1353 1107 39 23 the
1408 1107 98 23 London
1522 1106 58 24 New
1597 1108 104 22 Zealand
1717 1107 105 29 Journal,
1840 1108 26 22 of

1279 1140 38 23 the
1329 1140 59 24 30th
1399 1140 109 30 January,
1518 1148 28 15 an
1559 1140 110 23 excellent
1680 1140 76 23 article
1769 1141 95 23 entitled

1306 1173 68 23 Land
1399 1174 107 29 Clearing
1506 1185 33 4 —
1539 1172 62 24 First
1738 1173 73 23 which
1829 1181 34 16 we

1271 1207 68 23 '"most
1355 1206 103 31 strongly
1476 1214 57 23 urge
1550 1206 64 23 those
1630 1206 50 23 who
1696 1214 38 15 are
1752 1206 69 23 about
1839 1210 24 20 to

1279 1240 106 23 cultivate
1396 1239 61 29 land,
1471 1239 44 23 and
1526 1246 38 15 are
1574 1238 167 31 unacquainted
1753 1239 54 23 with
1823 1239 40 24 the

1278 1271 66 25 mode
1354 1272 100 31 pursued
1465 1273 24 22 in
1506 1279 49 15 new
1571 1273 121 27 countries,
1711 1275 40 19 not
1767 1272 54 31 only
1839 1277 24 19 to

1277 1305 62 29 read,
1345 1305 41 23 but
1393 1305 109 31 carefully
1509 1308 22 20 to
1539 1306 95 30 impress
1644 1313 59 23 upon
1713 1305 58 23 their
1776 1305 85 24 minds.

1279 1337 25 24 If
1319 1338 62 23 there
1392 1338 30 23 be
1433 1346 44 22 any
1493 1345 101 23 persons,
1614 1337 57 23 after
1688 1339 111 30 perusing
1816 1339 47 23 this

1278 1371 86 29 article,
1383 1370 139 24 determined
1539 1375 24 18 to
1580 1371 59 23 farm
1657 1379 24 15 as
1700 1370 161 32 Englishmen,

1277 1404 39 23 the
1326 1404 47 23 loss
1385 1404 55 30 they
1449 1404 48 23 will
1509 1404 76 29 suffer,
1604 1404 21 22 if
1642 1404 52 31 they
1713 1404 28 23 do
1759 1408 41 19 not
1820 1412 42 15 ex-

1277 1438 104 30 perience
1393 1437 56 23 total
1460 1438 59 28 ruin,
1532 1437 44 23 will
1589 1437 29 22 be
1629 1445 26 16 so
1666 1437 34 23 far
1712 1437 83 29 useful,
1807 1445 25 15 as
1844 1438 19 23 it

1277 1470 46 23 will
1335 1470 79 24 enable
1425 1478 68 23 many
1505 1470 83 31 having
1598 1470 39 23 the
1649 1478 61 15 same
1720 1470 141 29 inclination,

1277 1508 22 18 to
1311 1504 93 22 witness
1416 1504 38 22 the
1465 1503 108 31 practical
1589 1510 164 24 consequences
1766 1503 26 23 of
1806 1511 56 23 pur-

1278 1537 68 30 suing
1361 1536 57 24 such
1437 1544 12 15 a
1468 1544 85 21 course,
1572 1537 24 22 in
1614 1537 55 23 time
1686 1540 24 19 to
1729 1544 52 15 save
1800 1536 63 24 them

1277 1570 58 22 from
1347 1569 81 30 falling
1439 1570 47 22 into
1498 1569 47 24 like
1557 1577 68 16 error.

1308 1602 46 23 We
1366 1610 38 16 are
1414 1607 61 19 most
1486 1604 93 21 anxious
1592 1606 22 19 to
1621 1602 48 24 find
1677 1611 40 15 our
1724 1603 138 30 proprietors

1278 1635 134 31 cultivating
1428 1636 38 23 the
1485 1635 42 23 soil
1545 1635 53 23 with
1617 1636 49 23 that
1684 1644 83 22 energy
1788 1636 74 23 which

1277 1668 45 23 will
1334 1668 54 31 only
1399 1669 29 22 be
1439 1668 56 24 used
1502 1668 64 23 when
1573 1668 38 23 the
1620 1670 127 22 conviction
1753 1669 20 22 is
1781 1673 81 26 strong

1277 1701 49 23 that
1338 1701 38 24 the
1388 1701 71 23 result
1470 1701 46 24 will
1527 1701 28 23 be
1574 1701 24 24 of
1619 1710 13 15 a
1649 1701 80 31 highly
1747 1701 115 24 favorable

1277 1739 88 19 nature.
1409 1734 77 24 There
1508 1742 38 15 are
1567 1743 68 22 many
1658 1735 48 23 who
1731 1734 69 24 doubt
1823 1735 39 23 the

1275 1767 130 31 possibility
1416 1767 26 24 of
1455 1768 68 30 profit
1534 1768 96 30 ensuing
1637 1776 61 22 upon
1705 1767 39 23 the
1751 1768 110 30 expendi-

1277 1805 50 19 ture
1339 1800 73 23 which
1423 1805 62 19 must
1495 1801 28 22 be
1539 1801 105 23 incurred
1661 1801 23 23 in
1702 1801 101 30 clearing
1820 1809 42 16 our

1275 1833 92 29 forests,
1379 1833 56 23 with
1445 1833 39 23 the
1495 1841 74 24 wages
1578 1833 73 31 likely
1659 1833 168 24 henceforward
1839 1838 22 19 to

1277 1867 59 23 exist
1347 1867 25 23 in
1383 1866 31 24 all
1426 1866 38 23 the
1479 1866 105 24 Colonies
1600 1867 26 22 in
1644 1866 45 24 this
1707 1871 51 27 part
1776 1866 26 24 of
1822 1866 39 25 the

1275 1899 79 24 world.
1389 1899 36 24 At
1435 1908 29 14 no
1476 1899 84 24 distant
1576 1899 52 24 date
1639 1900 38 23 the
1689 1899 116 24 Colonists
1815 1900 47 24 will

1275 1932 28 24 he
1315 1933 123 31 possessed
1448 1933 26 24 of
1489 1933 37 23 the
1538 1934 132 30 experience
1688 1932 26 24 of
1728 1933 72 23 those'
1811 1933 50 24 who

1275 1965 58 24 have
1345 1974 59 23 gone
1415 1971 24 18 to
1449 1965 64 24 work
1524 1965 54 24 with
1592 1974 104 23 courage,
1708 1966 26 22 in
1749 1966 39 23 the
1800 1967 62 30 right

1276 2006 56 22 way.
1369 1999 48 22 But
1426 1999 33 22 for
1471 1999 38 22 the
1519 2003 92 25 present
1616 2007 38 14 .we
1665 2003 63 18 must
1734 1999 128 23 endeavour

1277 2033 21 19 to
1311 2034 75 18 create
1398 2030 39 22 the
1448 2037 121 22 necessary
1588 2030 136 28 confidence,
1743 2030 30 30 by
1790 2038 14 14 a
1823 2038 38 15 re-

1275 2063 90 22 ference
1376 2067 24 18 to
1412 2062 64 23 other
1489 2063 104 23 Colonies
1602 2072 6 19 ;
1628 2063 49 22 that
1687 2064 28 27 is,
1733 2063 30 30 by
1774 2067 87 19 resort-

1275 2096 41 30 ing
1327 2100 23 19 to
1363 2096 150 31 comparison.

1310 2128 30 24 In
1360 2129 99 28 Canada,
1480 2129 136 31 agriculture
1638 2129 20 23 is
1680 2128 104 24 followed
1806 2129 56 23 with

1275 2162 119 30 profitable
1406 2162 91 28 results,
1510 2162 43 23 and
1564 2162 35 23 the
1607 2162 132 31 population
1746 2170 37 15 are
1791 2169 70 24 gene-

1275 2195 59 30 rally
1356 2196 22 22 in
1403 2195 111 23 excellent
1536 2196 174 23 circumstances
1719 2204 6 20 ;
1754 2203 34 16 we
1806 2195 55 29 will,

1276 2228 121 29 therefore,
1409 2236 104 23 compare
1526 2236 40 16 our
1576 2233 117 26 prospects
1704 2228 55 24 with
1771 2228 64 24 what
1841 2229 20 22 is

1275 2260 85 24 known
1371 2266 24 18 to
1406 2261 29 24 be
1446 2261 38 24 the
1495 2262 71 23 result
1576 2263 24 21 in
1612 2261 49 24 that
1673 2261 95 31 Colony.

518 44 99 32 THE
637 43 112 32 NEW
765 43 229 32 ZEALAND
1015 43 225 32 GAZETTE
1260 42 101 32 AND
1379 40 327 34 WELLINGTON
1728 40 293 34 SPECTATOR.

1452 123 118 21 LATEST
1583 123 108 21 DATES.

1280 152 98 24 London
1644 152 57 24 Feb.
1740 154 23 26 8,
1789 153 73 23 1841.

1280 186 94 30 Sydney
1643 185 57 31 May
1723 186 40 28 27,
1789 187 73 22 1841.

1280 219 53 25 Van
1344 218 122 24 Dieman's
1477 218 68 23 Land
1565 234 56 8 ....
1644 218 57 29 May
1722 218 41 28 27,
1789 219 73 23 1841.

1275 276 94 63 New
1400 276 219 63 Zealand
1650 276 218 63 Gazette

1325 339 69 22 AND
1408 339 211 22 WELLINGTON
1633 339 185 23 SPECTATOR.

1410 392 129 28 Saturday,
1555 393 60 22 June
1629 395 35 24 26,
1679 394 61 20 1841.

1926 125 31 24 In
1974 126 115 28 America,
2110 133 42 16 one
2170 133 53 24 cup
2239 127 20 22 is
2277 126 106 24 obtained
2397 128 25 23 in
2437 128 38 26 the

1891 166 63 22 year,
1967 158 44 23 and
2023 158 49 23 that
2082 159 21 22 is
2114 163 37 19 too
2164 158 61 24 often
2235 158 155 29 deteriorated,
2403 161 20 23 if
2436 168 39 19 not

1893 191 127 31 destroyed,
2043 191 31 30 by
2098 191 61 31 early
2168 215 5 6 ,
2181 191 77 24 frosts.
2303 191 64 24 Here
2387 200 35 15 we
2438 202 37 17 are

1893 224 61 30 quite
1967 224 84 23 certain
2063 224 26 23 of
2104 228 43 19 two
2160 231 65 24 crops
2242 224 25 23 in
2279 223 40 24 the
2328 231 54 23 year
2392 233 7 21 ;
2418 226 57 25 their

1893 257 104 30 quantity
2007 264 53 23 may
2072 256 64 24 differ
2148 257 58 23 from
2218 264 80 16 season
2307 261 24 19 to
2339 264 88 23 season,
2434 259 41 24 but

1893 288 62 24 there
1967 290 20 21 is
1999 296 29 16 no
2041 289 84 30 danger
2136 289 26 23 of
2178 297 12 16 a
2201 289 57 24 total
2267 288 89 30 failure,
2376 297 26 16 so
2414 299 60 16 com-

1892 329 54 15 mon
1957 322 23 22 in
1994 321 125 28 Australia,
2131 321 46 24 and
2187 330 24 16 so
2223 323 94 22 ruinous
2333 322 24 23 in
2373 323 31 23 its
2422 331 53 17 con-

1892 361 111 23 sequence
2015 358 23 19 to
2049 354 40 23 the
2099 354 91 25 farmer.

1925 386 51 24 The
1988 387 83 30 selling
2081 388 64 30 price
2155 395 30 15 on
2196 387 38 23 the
2246 395 95 22 average
2350 388 26 22 in
2385 388 90 26 Canada

1891 420 20 22 is
1923 419 70 24 about
2004 427 42 16 one
2058 420 51 23 half
2122 420 26 23 of
2162 420 39 23 the
2211 421 61 30 price
2287 428 34 15 we
2331 428 55 23 may
2397 428 78 24 expect

1891 457 23 18 to
1934 452 77 23 obtain
2029 453 34 23 for
2085 461 15 15 a
2116 452 55 31 long
2188 453 86 30 period.
2311 453 50 23 The
2382 461 93 25 average

1891 486 62 30 price
1966 485 26 23 of
2004 485 75 24 wheat
2089 485 64 24 there
2165 487 20 21 is
2195 485 59 24 from
2270 486 52 23 four
2336 486 105 31 shillings
2453 493 22 19 to

1891 518 52 23 four
1954 518 106 31 shillings
2072 518 46 23 and
2128 519 115 30 sixpence.
2285 518 65 24 Here
2361 520 20 22 it
2392 520 46 23 will
2448 521 27 23 be

1891 551 59 23 from
1962 559 69 15 seven
2043 555 22 19 to
2077 556 40 18 ten
2128 551 105 30 shillings
2244 559 40 22 per
2294 551 91 24 bushel.

1926 584 25 23 It
1962 584 74 23 would
2047 592 90 23 appear,
2147 584 61 28 then,
2218 584 50 23 that
2274 584 63 23 there
2344 584 20 23 is
2375 592 25 16 as
2409 586 68 24 much

1891 617 64 23 wood
1968 625 29 16 on
2008 625 30 15 an
2049 625 51 15 acre
2113 617 23 23 of
2151 617 54 23 land
2216 617 25 23 in
2248 617 106 23 America
2363 625 26 15 as
2397 619 25 21 in
2432 619 45 23 this

1893 654 102 26 country,
2007 650 42 23 but
2060 650 50 23 that
2121 650 38 23 the
2170 654 62 19 roots
2244 657 37 16 are
2288 654 41 19 not
2336 658 25 15 so
2371 650 52 24 well
2431 651 46 24 dis-

1891 683 73 30 posed
1973 687 24 19 to
2016 683 133 31 experience
2167 683 39 23 the
2225 683 76 23 effects
2320 683 25 23 of
2362 683 56 23 heat
2434 685 45 23 and

1891 716 110 23 moisture
2010 725 6 19 ;
2037 716 44 23 and
2092 716 49 23 that
2152 716 66 23 while
2227 716 39 23 the
2272 723 93 23 process
2375 716 26 23 of
2410 716 69 33 decay

1892 749 20 22 is
1924 749 24 22 in
1959 749 43 22 full
2013 749 92 30 activity
2118 753 23 19 at
2152 749 31 23 all
2194 756 91 16 seasons
2296 749 62 28 here,
2369 749 19 23 it
2395 750 21 22 is
2427 751 52 31 only

1893 789 24 15 so
1929 781 37 23 for
1975 781 51 23 half
2041 781 38 23 the
2090 789 54 23 year
2155 782 26 23 in
2200 781 99 24 Canada.
2336 781 63 24 That
2416 782 63 25 there

1892 821 75 23 wages
1980 822 37 15 are
2030 814 75 23 rather
2117 822 63 15 more
2190 814 54 24 than
2250 814 50 24 half
2308 814 39 24 the
2354 815 64 31 price
2426 815 53 33 they

1893 854 38 15 are
1942 847 72 30 likely
2026 851 22 18 to
2060 847 29 23 be
2101 847 61 28 here,
2174 847 41 23 but
2230 847 48 24 that
2297 848 39 23 the
2353 848 126 25 labourers'

1893 880 98 23 services
2003 887 38 16 are
2052 880 111 23 rendered
2180 880 81 23 almost
2271 880 88 24 useless
2370 881 36 23 for
2417 889 62 17 more

1892 913 56 23 than
1954 912 51 24 half
2014 913 38 23 the
2060 921 64 22 year.
2160 913 62 23 That
2233 921 41 15 one
2282 921 54 23 crop
2345 914 20 22 is
2374 913 105 26 obtained

1892 945 65 24 there
1968 946 55 23 with
2032 946 111 31 difficulty
2150 946 44 23 and
2202 946 76 29 doubt,
2286 946 66 23 while
2362 951 45 19 two
2415 955 64 24 crops

1893 986 43 16 can
1947 979 27 23 be
1986 979 95 24 secured
2096 979 54 23 here
2168 979 55 24 with
2241 987 59 21 ease,
2319 980 45 23 and
2382 988 53 23 may
2450 981 28 24 be

1891 1012 73 23 relied
1974 1020 61 23 upon
2044 1021 5 20 ;
2070 1012 45 23 and
2126 1012 50 23 that
2187 1013 73 31 prices
2271 1012 54 24 here
2333 1021 46 21 are,
2388 1014 44 22 and
2441 1022 36 16 are

1891 1045 73 31 likely
1981 1050 23 19 to
2022 1046 96 29 remain,
2135 1045 59 31 fully
2211 1047 64 22 twice
2293 1054 26 15 as
2337 1045 57 31 high
2413 1054 24 15 as
2455 1048 24 23 in

1891 1078 117 25 America.
2044 1078 45 24 We
2100 1078 57 24 have
2168 1078 66 24 made
2244 1087 30 15 no
2284 1078 117 24 reference
2410 1083 22 20 to
2441 1080 36 24 the

1891 1111 61 32 yield
1964 1113 26 22 of
2004 1120 14 16 a
2029 1112 73 31 single
2115 1120 61 23 crop,
2188 1111 87 32 though
2286 1119 33 16 we
2330 1111 89 25 believe
2428 1113 49 24 that

1891 1145 76 24 would
1977 1145 49 23 also
2037 1153 69 23 prove
2118 1149 22 19 to
2147 1145 29 23 be
2183 1145 25 23 in
2215 1144 62 24 favor
2285 1144 27 24 of
2319 1144 46 24 this
2373 1150 102 26 country.

681 2350 46 16 1841.

766 2329 52 16 Time
824 2329 20 16 of

762 2350 87 16 Observa-

781 2370 45 16 tion.

878 2338 55 17 Baro-

873 2361 63 14 meter.

954 2338 86 17 Thermo-

964 2361 65 15 meter.
1040 2355 4 21 I

1067 2315 37 20 ■£?-S
1113 2320 12 18 2

1065 2383 59 22 OSS;

1167 2348 58 18 Wind.

662 2428 82 21 Friday...

662 2491 28 16 Sat

662 2552 82 21 Sunday..

662 2614 82 20 Monday.

784 2428 10 16 8

783 2449 54 19 Ip.m.

783 2470 10 15 5

784 2490 9 15 8

784 2511 52 20 Ip.m.

784 2532 9 15 5

784 2552 10 16 8

784 2573 53 20 Ip.m.

783 2594 10 15 5

784 2615 9 15 8

785 2635 52 20 Ip.m.

783 2656 10 15 5

784 2676 10 15 8

783 2697 55 20 Ip.m.

784 2717 9 16 5

784 2738 11 16 8

785 2759 53 19 Ip.m.

784 2780 10 15 5

785 2800 10 16 8

785 2820 53 21 Ip.m.

785 2841 10 15 5

878 2427 58 16 30.230

877 2448 59 16 30.266

877 2469 59 16 30.304

877 2490 60 15 30.424

878 2510 58 16 30.406

878 2531 56 16 30.371

878 2552 59 16 30.243

878 2573 59 15 30.052

878 2594 59 15 29.882

878 2614 57 16 29.531

878 2635 59 16 29.380

878 2655 59 16 29.380

878 2676 59 16 29.408

879 2696 58 16 29.332

879 2717 60 16 29.304

879 2738 59 16 29.206

879 2759 59 16 29.270

878 2780 61 15 29.294

879 2800 59 16 29.248

878 2821 59 15 29.031

878 2841 60 16 29.050

979 2427 27 16 54.

980 2448 27 15 57.

980 2469 27 15 56.

979 2489 28 16 46.

979 2510 28 16 57.

979 2530 27 17 57.

979 2550 27 17 47.

979 2573 28 15 52.

979 2593 38 16 53.5

980 2614 27 15 54.

980 2634 27 17 57.

979 2655 28 16 57.

980 2676 27 16 53.

981 2696 26 17 57.

981 2717 27 16 56.

981 2738 27 16 51.

981 2759 27 16 55.

981 2780 27 15 55.

981 2801 27 15 50.

981 2822 27 15 50.

981 2842 27 16 50.

1061 2449 59 17 None.

1075 2512 37 16 0.06

1061 2573 59 17 None.

1075 2636 37 17 0.26

1144 2427 64 19 North.

1144 2448 65 18 North.

1144 2469 58 17 North

1144 2489 64 19 North.

1144 2511 63 18 North.

1144 2532 63 17 South.

1143 2552 65 18 North.

1144 2573 63 18 North.

1144 2594 63 17 North.

1144 2615 64 17 North.

1144 2635 93 23 Westerly.

1144 2656 57 19 West.

1144 2677 56 18 West.

1144 2698 58 18 West.

1146 2719 56 18 West.

1145 2740 57 18 West.

1145 2761 56 18 West.
1230 2760 5 3 '

1145 2782 57 17 West.

1145 2802 63 18 North.

1144 2823 63 17 South.

1144 2844 23 16 N.
1174 2845 24 19 by
1205 2844 20 18 E.

662 2675 82 21 Tuesday

1075 2698 38 17 0.16

663 2737 43 17 Wed

1077 2760 38 16 0.10

663 2799 58 17 Thurs
727 2811 16 5 ...

1076 2823 37 16 0.35

672 126 158 48 MESSRS.
844 125 25 22 F.
885 126 28 21 V.
929 125 127 22 MARTIN
1070 125 46 22 and
1129 124 54 27 CO.,
1199 125 53 22 offer

760 153 35 21 for
805 153 58 26 Sale,
867 159 36 16 .ex
911 153 117 20 Katherine
1037 152 90 20 Stewart
1139 152 85 25 Forbet,

696 179 109 26 Madeira,
817 179 84 27 sherry,
911 179 119 26 Teneriffe,
1038 178 45 22 and
1091 178 146 27 champagne,

698 205 81 22 Mould
789 204 97 28 candles,
1160 223 5 3 .
1192 221 4 5 .

696 231 112 27 Windsor,
819 231 70 27 toilet,
900 231 46 22 and
951 231 80 27 yellow
1042 230 66 28 soapf

697 258 44 21 Cut
749 257 45 22 and
803 257 61 26 plain
873 258 66 27 glass,
950 260 123 24 decanters,
1084 257 41 21 &c.

697 284 68 21 Boots
774 285 45 20 and
827 283 65 23 shoes
901 284 26 22 of
934 291 68 20 every
1011 283 141 28 description,

696 309 97 23 Brushes
803 310 44 22 and
857 311 77 21 combs
943 311 45 26 do.,

697 336 63 22 West
769 336 26 22 of
801 337 105 26 England
913 337 72 21 broad
994 336 77 22 cloths.

697 362 70 26 Pitch,
777 365 42 24 tar,
828 363 83 27 paints,
921 363 37 27 oil,
966 363 46 21 and
1022 361 135 29 turpentine,

697 389 89 22 Lucifer
795 389 107 26 matches,
913 390 40 21 &c.

696 415 48 22 The
760 415 71 22 above
847 416 70 26 goods
932 422 39 15 are
985 423 29 14 on
1030 415 61 22 show
1106 417 25 19 at
1136 414 38 22 the
1190 415 61 21 Store

671 441 25 22 of
715 441 91 23 Messrs.
823 442 127 27 Ridgways,
965 441 100 28 Guyton,
1081 441 46 23 and
1140 441 67 27 Earp,
1219 441 32 21 Te

671 469 54 21 Aro.
1162 486 3 3 .
1202 478 13 12 -;

677 512 85 22 TUST
785 511 165 27 RECEIVED,
966 515 32 19 .at
1021 511 38 23 the
1077 513 75 21 Stores
1171 512 26 21 of
1214 511 38 22 the

670 533 26 27 O
718 538 159 27 undersigned,
888 539 72 21 men's
970 542 78 24 strong
1056 538 64 22 boots
1130 537 44 22 and
1180 537 71 28 shoes,

671 565 98 26 superior
777 568 23 18 to
817 572 45 19 any
878 565 65 26 thing
960 572 52 14 ever
1025 568 38 23 yet
1079 565 83 21 offered
1177 564 24 22 in
1214 564 38 22 the

670 591 95 27 Colony;
776 591 108 22 women's
894 591 44 21 and
944 591 121 22 children's
1072 591 62 26 ditto,
1141 590 61 27 plain
1209 590 43 22 and

669 617 86 27 figured
770 618 104 26 merinos,
886 617 60 27 silks,
964 617 45 22 and
1026 617 75 27 satins,
1117 624 14 14 a
1145 618 60 26 large
1218 624 34 15 as-

669 647 107 19 sortment
786 644 26 22 of
818 644 264 26 mousseline-de-laines,
1093 644 45 21 and
1148 644 77 27 prints.

1027 671 29 21 A.
1071 670 153 22 Hornbrook.

694 697 203 27 Mulgrave-street,
908 697 59 21 June
978 698 34 25 19,
1023 698 61 21 1841.

668 742 174 49 WANTED
866 742 40 21 TO
929 742 184 27 EXCHANGE,
1123 746 129 24 —country

762 768 65 22 lands
837 769 34 21 for
881 772 59 18 town
951 776 70 14 acres.
1050 769 99 27 Enquire
1159 769 26 21 of

896 796 35 21 W.
942 795 29 22 V.
982 796 107 26 Brewer,

1032 822 193 22 Manners-street.

670 860 14 14 *
859 863 58 25 £20
932 867 126 20 Reward.

669 892 89 22 rFIHE
768 892 150 27 undersigned
927 893 45 22 will
982 893 51 27 give
1043 892 37 23 the
1091 894 71 21 above
1169 893 83 22 reward

675 914 29 26 J.
741 923 23 17 to
774 926 45 20 any
830 927 81 19 person
927 927 26 14 or
967 927 94 19 persons
1076 920 50 21 who
1141 920 45 21 will
1202 921 50 26 give

668 944 54 23 such
730 945 144 22 information
885 953 24 14 as
918 946 45 22 will
972 946 51 22 lead
1037 949 22 18 to
1073 946 39 22 the
1127 947 124 21 conviction

668 972 25 21 of
703 979 45 20 any
757 979 81 20 person
848 979 25 15 or
882 979 92 21 persons
983 973 134 27 feloniously
1125 973 77 27 taking
1209 973 43 22 and

667 998 79 26 killing
755 1005 44 21 any
809 999 37 27 pig
856 1006 26 15 or
891 1000 48 26 pigs
948 999 103 22 branded
1060 1000 21 21 G
1091 998 29 23 D.

1030 1026 95 22 George
1136 1026 87 23 Duppa.

823 1064 127 22 Servants
964 1065 126 20 Wanted.

667 1090 50 48 A
727 1090 103 21 HOUSE
845 1091 46 21 and
906 1091 247 27 NURSERY-MAID,
1174 1091 46 22 also
1234 1087 24 26 V

745 1116 82 27 Young
842 1117 90 22 Female
948 1118 58 22 from
1026 1120 27 19 12
1068 1122 24 17 to
1109 1119 25 20 15
1150 1125 64 20 years
1230 1118 25 21 of

667 1150 47 19 age,
725 1143 33 21 for
767 1150 14 14 a
790 1144 137 26 respectable
937 1145 62 27 quiet
1007 1144 84 27 family.
1121 1145 65 21 None
1195 1144 56 22 need

668 1170 66 32 appty
743 1169 74 22 whose
827 1170 125 23 characters
962 1171 44 22 will
1021 1176 40 17 not
1075 1172 54 21 bear
1143 1171 59 22 close
1216 1172 46 21 in-

667 1196 105 27 spection.
774 1207 28 4 —
803 1197 76 27 Apply
892 1201 23 18 to
932 1198 91 21 Messrs.
1040 1198 25 21 T.
1081 1197 46 23 and
1141 1198 22 21 S.
1181 1198 69 27 Cook,

667 1230 54 13 near
731 1223 36 20 the
777 1223 135 28 Company's
921 1225 96 27 Agent's
1026 1224 76 22 houae.

809 1269 54 20 For
876 1270 124 24 Bombay
1015 1270 93 19 direct.

791 1296 29 19 To
830 1296 40 20 sail
879 1302 27 14 on
915 1297 35 19 the
959 1296 60 20 First
1033 1296 26 24 of
1065 1296 59 25 July.

805 1322 91 22 rriHE
914 1322 45 22 fine
976 1323 49 21 first
1042 1322 56 22 class
1115 1322 49 28 ship
1178 1323 71 27 Mary,

686 1343 91 40 j^jHSt
811 1343 29 28 JL
878 1349 97 21 burthen
985 1349 39 22 705
1035 1352 56 24 tons,
1100 1349 60 21 John
1167 1350 81 27 Kemp,

667 1373 133 31 ifgjpgqfey
804 1375 149 21 commander.
983 1376 48 21 The
1046 1376 203 22 accommodations

666 1405 25 19 of
697 1404 44 20 this
750 1404 49 27 ship
810 1409 36 15 are
857 1402 27 22 of
891 1402 36 22 the
938 1405 59 19 most
1005 1402 100 27 superior
1113 1402 56 21 kind
1176 1410 5 20 ;
1198 1402 50 28 and,

664 1429 58 21 from
731 1430 40 21 her
781 1429 50 23 well
840 1429 82 21 known
933 1429 81 27 sailing
1031 1428 107 28 qualities,
1157 1429 61 21 there
1232 1429 18 21 is

666 1463 66 19 every
741 1455 134 29 probability
885 1456 26 21 of
917 1455 41 22 her
965 1455 107 27 reaching
1082 1455 66 22 India
1157 1456 24 21 in
1196 1456 51 21 time

665 1483 34 21 for
715 1482 36 22 the
770 1484 130 26 September
916 1482 109 21 overland
1043 1482 134 27 expedition.
1206 1482 43 22 For

664 1510 82 26 freight
756 1517 25 14 or
790 1516 93 21 passage
892 1508 67 28 apply
967 1512 23 18 to

835 1536 130 26 Ridgways,
983 1535 104 27 Guyton,
1104 1535 46 22 and
1163 1535 70 22 Earp.

84 128 91 21 Union
193 128 90 20 Steam
303 128 61 20 Saw
381 127 59 21 and'
453 128 84 20 Flour
555 126 64 21 Mill

275 154 148 26 Company.

62 180 90 23 rTIHE
161 180 113 22 Directors
283 180 51 26 give
350 180 74 22 notice
440 180 49 21 that
501 179 36 22 the
547 179 63 22 Deed
620 179 27 21 of

68 201 28 27 JL
121 207 138 26 Settlement,
275 214 24 13 as
308 207 94 26 revised,
416 206 45 22 will
479 206 29 21 be
525 205 68 28 ready
608 206 35 21 for

61 233 110 27 signature
187 236 24 18 at
228 233 42 21 Mr.
286 233 107 21 Brewer's
407 233 71 26 office,
497 239 29 15 on
542 231 100 28 Monday

61 263 59 18 next.

85 285 53 22 25th
147 285 67 27 June,
226 287 60 20 1841.

82 324 177 22 Commercial
274 324 138 21 Wharf.—
414 325 108 27 Capital
536 321 82 25 £250.

199 357 149 16 PROVISIONAL
363 358 138 16 COMMITTEE.

84 377 74 27 Major
167 377 79 27 Baker,
377 378 73 27 Major
460 377 142 28 Hombrook,

85 405 43 20 Mr.
140 405 92 26 Couper,
376 405 41 21 Mr.
430 405 26 22 U.
468 405 71 25 Hunt,

85 430 60 22 John
156 431 86 26 Dorset,
254 431 52 28 Esq.
377 431 59 22 John
447 431 78 27 Wade,
536 431 52 27 Esq.

85 457 94 27 Captain
190 457 59 27 Hay,

60 490 87 48 THE
156 490 81 21 Wharf
250 490 22 21 in
285 497 77 15 course
373 490 25 21 of
405 490 97 22 erection
517 490 24 22 in
550 490 60 21 front
619 489 27 22 of

117 516 97 23 Medical
221 516 53 22 Hall
279 516 84 28 having
368 517 65 26 given
442 518 41 20 rise
492 520 23 18 to
523 523 119 15 numerous

59 544 120 26 objections
189 551 28 13 on
235 544 37 21 the
289 547 49 23 part
348 544 26 20 of
384 543 37 22 the
433 542 86 28 Public,
529 544 24 21 in
563 550 78 15 conse-

59 577 83 20 quence
153 570 26 21 of
191 570 27 21 its
234 570 68 26 being
318 570 96 21 hitherto
424 569 38 22 the
477 570 46 21 sole
537 572 104 29 property

59 596 43 22 and
118 596 71 22 under
202 596 36 21 the
255 599 157 23 management
429 596 25 21 of
469 603 14 14 a
498 596 42 21 few
555 599 85 24 private

57 622 141 26 individuals,
209 623 18 20 it
237 622 19 21 is
266 622 138 22 determined
413 622 31 28 by
452 622 62 21 them
524 625 22 18 to
557 629 56 20 open
623 622 19 22 it

58 653 21 18 to
89 648 38 23 the
143 649 77 22 Public
232 649 24 21 in
266 648 37 22 the
313 648 68 28 shape
391 649 26 21 of
430 656 13 14 a
457 656 64 14 more
531 649 110 22 extended

57 676 63 21 Joint
130 676 66 21 Stock
212 676 122 31 Company,
345 675 53 22 with
407 675 75 22 shares
493 676 26 21 of
530 675 37 22 the
577 675 63 22 small

58 709 48 14 sum
123 702 26 21 of
164 702 34 22 £2
214 702 61 27 each,
292 702 73 21 which
382 701 44 22 will
441 702 51 27 give
511 702 37 21 the
566 702 74 22 future

57 729 136 27 Proprietors
203 728 36 21 the
252 729 86 20 benefit
353 728 26 21 of
390 728 37 21 the
442 728 87 21 monies
543 728 97 22 hitherto

57 755 115 26 expended
183 755 30 27 by
223 755 62 21 those
294 755 87 27 private
390 755 142 21 individuals.

82 782 48 21 The
146 782 70 21 above
233 784 157 24 arrangement
402 781 85 27 having
501 781 58 22 been
574 781 65 22 made

54 809 24 21 in
97 815 153 20 consequence
265 809 26 20 of
304 809 39 20 the
360 808 108 27 supposed
482 808 122 27 monopoly
617 809 27 20 of

55 835 39 21 the
111 838 91 24 present
216 835 136 26 Proprietors
371 835 26 21 of
417 842 29 14 an
459 835 139 21 investment
614 842 25 14 so

55 861 109 27 valuable,
176 862 17 20 it
203 861 72 22 would
285 862 27 21 be
323 861 92 22 deemed
424 861 77 27 unjust
511 864 23 18 to
546 861 60 22 them
616 864 23 19 to

55 887 56 28 keep
122 888 36 21 the
173 887 67 22 Share
252 888 47 21 List
308 895 66 20 open,
383 887 24 21 in
416 887 29 22 its
458 890 92 26 present
561 887 85 22 liberal*

55 914 74 27 shape,
140 915 34 21 for
183 922 44 19 any
233 914 81 27 length
322 915 26 21 of
355 915 59 25 time,
423 916 45 19 and
473 914 20 21 it
501 914 19 21 is
530 914 108 22 therefore

55 941 139 22 determined
207 941 49 21 that
264 941 37 22 the
311 941 49 21 List
369 940 26 22 of
402 940 78 22 Shares
491 940 57 23 shall
553 941 85 22 remain

56 974 57 21 open
128 970 22 19 to
159 967 39 22 the
212 967 77 22 Public
305 968 35 21 for
353 968 96 24 fourteen
461 968 52 25 days
524 967 57 22 from
595 967 44 22 this

57 994 56 27 date,
131 998 23 18 at
167 994 39 22 the
221 995 80 21 houses
320 995 27 21 of
362 994 38 21 the
417 995 140 21 Provisional
574 995 65 21 Com-

54 1021 83 26 mittee,
146 1021 71 21 where
228 1028 45 19 any
282 1021 142 21 information
435 1028 43 15 can
487 1021 29 21 be
528 1021 109 22 obtained.

83 1047 143 28 Wellington,
236 1047 53 22 26th
299 1047 67 27 June,
378 1049 58 20 1841.

81 1093 56 20 The
151 1092 171 27 Wellington
336 1092 109 27 Baking
463 1093 147 25 Company.

55 1118 86 28 Capital
155 1119 81 26 £1200,
247 1120 22 20 in
286 1121 41 20 600
344 1119 80 22 Shares
440 1119 26 21 of
477 1119 35 22 £2
522 1119 61 27 each,
595 1118 44 22 and

174 1145 87 22 limited
271 1148 22 19 to
304 1145 54 22 calls
367 1146 23 21 of
400 1147 43 20 10*.
454 1146 63 21 each.

55 1179 91 33 rpHE
155 1179 145 28 proceedings
309 1179 27 21 of
342 1179 39 21 the
388 1179 115 28 Company
513 1179 68 28 being
588 1186 50 15 now

62 1201 28 27 _L
127 1206 24 21 in
169 1213 14 13 a
205 1205 94 22 forward
323 1209 56 18 state
402 1209 22 18 to
448 1213 129 15 commence
601 1206 37 22 the

55 1233 84 26 objects
157 1232 26 21 of
202 1233 28 20 its
254 1232 126 27 formation,
405 1240 13 14 a
441 1233 100 26 meeting
560 1233 26 21 of
600 1232 38 22 the

55 1258 157 22 Shareholders
221 1259 44 21 will
275 1258 28 22 be
316 1259 54 21 held
379 1266 28 14 on
417 1259 105 27 Tuesday
530 1263 61 23 next,
601 1259 37 22 the

53 1285 53 22 29th
121 1285 59 27 inst.,
191 1289 24 17 at
229 1286 12 20 7
256 1285 87 21 o'clock
359 1286 23 21 in
393 1285 37 22 the
443 1286 103 27 evening,
557 1289 23 18 at
595 1287 42 20 Mr.

54 1312 88 22 Wade's
161 1313 70 25 Store,
253 1312 32 21 Te
306 1312 56 26 Aro,
381 1313 35 21 for
435 1312 37 22 the
497 1313 96 21 election
615 1313 27 21 of

53 1338 109 27 Trustees,
176 1339 120 26 Directors,
313 1338 45 22 and
369 1339 92 22 Officers
476 1339 25 22 in
516 1339 37 22 the
567 1339 70 23 above

54 1365 121 28 Company.

259 1409 96 21 Public
367 1410 66 20 Sale.

53 1436 153 51 MESSRS.
223 1435 148 22 BETHUNE
387 1436 44 21 and
447 1435 136 28 HUNTER,
593 1436 44 22 will

124 1462 41 22 sell
184 1462 92 22 without
295 1470 95 19 reserve,
410 1470 29 14 on
457 1463 108 27 Monday,
584 1463 53 21 28th

110 1489 67 26 June,
188 1492 24 18 at
221 1491 25 19 12
262 1489 93 26 o'clock,
365 1492 23 18 to
403 1489 58 22 close
471 1489 166 28 consignments

53 1522 27 15 ex
92 1517 110 20 Ullswater
209 1524 6 12 :

79 1543 91 27 Cheese,
181 1543 70 26 fruits,
263 1545 41 24 tea,
315 1549 73 20 sugar,

78 1569 97 28 Brandy,
185 1569 99 26 Geneva,
295 1569 77 27 wines,
380 1569 85 22 bottled
475 1569 36 22 ale
518 1569 45 22 and
569 1572 65 24 stout,

78 1596 80 27 Prints,
180 1596 86 27 shawls,
288 1595 110 28 blankets,
416 1597 45 21 and
480 1604 14 14 a
511 1597 86 27 variety
614 1597 26 21 of

52 1622 63 23 other
123 1623 77 27 goods.

78 1649 63 28 Also,
158 1653 44 18 two
217 1649 101 26 working
335 1649 108 27 bullocks,
461 1649 45 22 and
523 1657 42 14 one
581 1649 55 22 milk

52 1683 53 20 cow,

76 1704 15 20 4
99 1703 70 26 prime
179 1702 33 23 fat
221 1702 102 22 bullocks
338 1703 25 21 in
372 1703 45 22 fine
429 1702 115 23 condition
554 1703 36 22 for
598 1703 37 22 the

50 1729 100 22 butcher.

52 1774 90 47 MR.
158 1774 30 21 A.
200 1774 87 21 HORT
299 1774 40 22 has
349 1774 101 22 received
459 1774 144 22 instructions
613 1778 22 18 to

142 1800 40 22 sell
205 1801 30 27 by
254 1800 78 22 Public
351 1801 104 26 Auction,
480 1808 31 15 on
534 1801 101 29 Tuesday

51 1830 60 22 next,
123 1830 23 18 at
155 1827 34 22 his
200 1828 80 25 Stores,
290 1828 33 21 Te
333 1828 54 26 Aro,
399 1830 24 19 at
431 1829 26 20 12
467 1828 86 21 o'clock
560 1837 5 13 :
567 1839 29 5 —

77 1853 89 22 Bottled
176 1854 35 21 ale
220 1853 45 22 and
274 1857 82 23 porter,

77 1880 56 21 Fine
151 1880 37 22 old
205 1880 87 22 crusted
308 1884 51 24 port
375 1881 43 22 and
433 1880 78 23 brown
520 1881 78 28 sherry
610 1882 23 22 in

49 1906 77 26 bottle,
141 1914 54 20 very
204 1907 104 27 superior,

76 1932 56 23 Fine
142 1934 81 21 Italian
232 1933 123 22 vermicelli
363 1934 44 22 and
419 1935 134 27 maccaroni,

76 1959 136 27 Negrohead
221 1960 99 26 tobacco,

78 1986 96 26 Smyrna
182 1986 45 21 and
242 1986 94 21 Chesme
346 1987 87 26 raisins,
445 1987 72 22 Zante
527 1992 106 23 currants,

77 2011 88 22 Double
175 2012 85 21 refined
269 2012 49 21 loaf
325 2019 73 20 sugar,
409 2014 125 21 Barcelona
541 2018 59 23 nuts,

77 2038 97 27 Hosiery
188 2039 26 21 of
226 2039 30 21 all
270 2038 72 27 kinds,
363 2039 49 27 viz.,
431 2043 84 23 cotton,
532 2040 100 28 worsted,

49 2065 45 21 and
111 2065 80 22 lamb's
207 2065 57 22 wool
281 2065 112 27 stockings
409 2066 45 21 and
472 2066 72 27 socks,
563 2068 71 21 men's

50 2091 45 22 and
112 2091 62 28 boys'
193 2092 84 26 braces,
292 2091 85 28 gloves,
395 2093 71 20 men's
490 2096 75 19 cotton
590 2094 44 22 and

49 2118 80 21 lamb's
136 2119 55 21 wool
201 2119 72 21 xmder
282 2119 66 20 shirts
358 2119 45 21 and
412 2119 140 27 pantaloons,

76 2146 58 26 10-4,
151 2146 56 26 11-4,
224 2146 57 26 12-4,
298 2145 46 21 and
361 2147 49 20 13-4
424 2146 104 22 blankets
538 2146 26 22 of
576 2146 58 23 first-

48 2174 47 19 rate
106 2172 107 27 qualities,

75 2199 43 26 8-4,
130 2200 44 25 9-4,
186 2200 50 20 10-4
244 2201 74 19 cotton
330 2198 46 21 and
384 2199 94 22 woollen
489 2199 76 27 diaper
573 2207 58 21 rugs,

76 2225 80 22 Cotton
174 2225 81 27 sheets,
273 2225 128 27 moleskins,
421 2226 78 27 prints,
520 2226 43 22 and
579 2234 54 20 very

49 2252 99 26 superior
156 2251 67 28 slops,

76 2278 140 27 Glass-ware,
233 2278 113 27 crockery,
362 2278 85 23 Poland
463 2279 81 28 starch,
555 2280 78 22 thumb

47 2305 59 28 blue,

75 2331 108 28 Muskets,
195 2331 80 22 double
352 2331 70 28 single
435 2332 75 22 barrel
525 2333 50 22 flint
588 2334 45 21 and

47 2359 127 27 percussion
189 2358 92 27 fowling
294 2359 81 27 pieces,
392 2358 42 23 fish
450 2359 79 27 hooks,
546 2360 87 22 waiters

48 2385 45 22 and
108 2388 68 24 trays,
189 2385 116 22 Britannia
318 2385 69 22 metal
403 2389 103 24 tea-pots,
518 2386 63 27 tools,
591 2387 42 22 im-

47 2411 116 28 plements,
182 2412 44 21 and
241 2412 94 21 utensils
353 2413 26 20 of
393 2420 66 20 every
475 2413 62 27 kind,
557 2413 45 22 and
619 2421 14 14 a

47 2439 87 26 variety
143 2434 26 26 of
176 2439 63 21 other
249 2439 96 21 articles.

179 2472 75 15 LUNCH
269 2473 57 14 WILL
341 2473 28 14 BE
383 2473 120 15 PROVIDED.

47 2509 184 48 WILLIAM
242 2510 85 21 LYON
336 2510 54 26 begs
406 2513 22 19 to
439 2518 119 15 announce
567 2514 24 19 to
599 2512 34 22 his

130 2536 82 22 friends
221 2536 45 22 and
275 2536 38 22 the
323 2538 81 26 public,
415 2538 49 21 that
478 2538 30 22 he
522 2538 45 22 will
576 2546 57 20 open

47 2562 35 22 his
96 2570 50 15 new
160 2563 69 27 Store,
248 2570 79 15 corner
343 2564 26 21 of
385 2571 79 16 willis
482 2572 85 15 street
587 2566 45 21 and

48 2596 106 15 lambton
168 2597 68 19 quay,
253 2597 28 14 on
297 2590 108 28 Monday,
421 2591 38 22 the
473 2591 56 22 28th
541 2592 90 26 instant,

47 2615 73 22 where
137 2616 23 21 in
176 2616 99 22 addition
292 2620 23 17 to
332 2616 34 23 his
376 2618 81 22 former
472 2618 64 21 stock
551 2618 28 22 he
589 2619 44 22 will

48 2642 57 21 have
114 2643 35 22 for
156 2643 46 22 sale
212 2643 37 22 the
258 2643 116 27 following
381 2644 61 21 fresh
449 2645 99 27 arrivals,
557 2652 28 14 ex
595 2646 38 21 the

47 2670 72 26 Mary,
127 2668 115 23 Katherine
250 2670 91 21 Stewart
348 2672 83 24 Forbes,
441 2672 44 21 and
491 2673 140 27 Harrington,

47 2696 44 22 viz.
101 2705 5 13 :
108 2708 31 6 —

76 2723 40 22 700
134 2723 245 23 mousseline-de-laine
396 2724 92 28 dresses,
507 2726 70 27 plain,
598 2733 36 15 co-

49 2748 85 29 loured,
145 2750 44 21 and
199 2750 94 28 printed,

76 2777 38 21 140
124 2776 74 32 pieces
208 2778 96 26 Saxony,
315 2778 62 26 plain
386 2777 45 22 and
440 2778 97 28 printed,

76 2803 108 27 Merinos,
195 2804 80 21 double
285 2804 73 27 twills,
369 2804 118 27 shalloons,

77 2829 97 22 Siamese
185 2830 77 27 cloths,
272 2830 101 28 lastings,
383 2832 144 22 Manchester
536 2833 77 27 prints,

76 2856 95 22 Orleans
182 2856 77 28 cloths,
269 2857 63 27 plain
342 2858 44 21 and
395 2858 96 28 printed,

77 2882 90 27 Shawls,
179 2884 75 26 scarfs,
265 2884 44 21 and
317 2884 181 28 handkerchiefs,

76 2908 100 23 Damask
186 2910 57 21 table
255 2910 77 27 cloths,
344 2910 86 28 calicos,

76 2935 107 28 Wearing
192 2936 90 28 apparel
291 2938 25 21 of
328 2937 30 21 all
367 2941 63 23 sorts,

76 2962 123 23 Hardware
210 2964 25 21 of
247 2963 29 22 all
287 2967 63 23 sorts,
360 2966 133 25 carpenters'
499 2965 63 28 tools,
569 2964 63 29 nails,

75 2988 64 28 Zinc,
150 2990 64 21 sheet
221 2989 41 22 rod
271 2990 45 21 and
325 2990 41 21 bar
374 2990 56 28 iron,

75 3015 74 22 White
158 3016 58 27 lead,
228 3017 135 27 turpentine,
373 3016 85 25 linseed
468 3018 36 28 oil,

75 3042 50 28 Tar,
136 3043 67 27 pitch,
214 3043 67 27 rosin,

76 3069 123 28 Groceries,
210 3070 45 21 and
263 3070 123 27 provisions
396 3072 27 21 of
432 3071 30 22 all
471 3074 64 21 sorts.

49 3095 144 28 Wellington,
204 3096 52 22 26th
266 3096 68 28 June,
345 3099 61 21 1841.

156 3141 96 21 Shoes!
270 3142 110 21 Shoes!!
400 3143 124 21 Shoes!!!

49 3166 93 47 JUST
155 3168 109 26 received,
275 3175 29 14 ex
317 3169 116 20 Katherine
448 3171 93 20 Stewart
550 3171 81 25 Forbet,

114 3193 153 23 Gentlemen's
286 3195 145 28 Wellington,
453 3197 114 28 Clarence,
589 3199 44 21 and

50 3219 96 21 Cossack
155 3220 71 27 boots,

76 3246 73 21 Men's
158 3249 77 24 strong
242 3247 64 23 boots
316 3248 46 22 and
371 3248 72 28 shoes,

75 3272 68 27 Boys'
197 3273 55 22 ditto
334 3275 62 27 ditto,

77 3298 154 23 Gentlemen's
239 3300 109 23 buckskin
359 3302 44 21 and
413 3306 76 24 carpet
498 3303 99 28 slippers.

76 3351 29 6 „,
117 3350 16 7 „
343 3328 29 22 D.
388 3329 22 22 S.
424 3329 79 23 Durie
515 3331 43 21 and
566 3331 38 23 Co.

76 3350 143 29 Wellington,
230 3352 60 23 June
298 3356 34 24 24,
344 3356 60 21 1841.

49 3396 102 49 PINE
179 3397 67 21 moist
268 3405 71 20 sugar,
363 3399 35 23 6d.
422 3408 40 19 per
483 3400 32 23 lb.

132 3423 10 21 1
154 3423 46 21 box
210 3423 43 22 fine
263 3423 72 28 hyson
344 3429 42 24 tea,
397 3428 45 20 50s.

131 3449 104 28 Pudding
243 3451 86 26 raisins,
340 3453 30 21 Is.
381 3453 35 21 2d.
426 3460 40 20 per
474 3453 31 23 lb.

129 3476 71 21 Table
209 3476 85 27 raisins,
306 3479 30 20 Is.
346 3479 36 21 Bd.
392 3479 62 23 ditto.

130 3502 86 27 Butter,
226 3504 31 20 2s.
268 3510 40 19 per
315 3504 33 22 lb.

130 3529 81 21 Mould
219 3529 96 28 candles,
329 3532 31 20 Is.
370 3531 36 23 4d.
416 3539 40 20 per
464 3532 32 23 lb.

130 3556 59 21 Irish
198 3556 62 27 pork,
271 3557 44 21 60s.
326 3564 39 19 per
372 3558 52 22 cask
431 3559 25 21 of
463 3561 41 21 100
509 3559 41 24 lbs.

129 3582 90 22 Bottled
228 3582 71 28 fruits,
314 3584 46 21 28s.
369 3590 39 19 per
417 3585 80 23 dozen.

367 3610 30 21 H.
407 3611 95 23 Taylor
512 3613 45 22 and
565 3614 39 22 Co.

122 3654 62 20 Van
198 3653 138 21 Dieman's
350 3654 77 21 Land
441 3655 116 22 Timber.

49 3681 89 48 POR
153 3680 86 27 SALE,
255 3679 92 26 Boards,
365 3681 120 28 Scantling,
503 3683 46 22 and
564 3683 67 23 Joists

121 3707 27 21 of
160 3707 31 21 all
205 3707 56 21 sizes
276 3706 46 22 and
336 3706 96 27 lengths,
443 3710 23 19 at
480 3710 46 21 245.
540 3717 40 20 per
593 3712 39 21 100

48 3734 52 22 feet
129 3733 76 28 Apply
214 3736 23 18 to
248 3733 37 22 the
294 3733 158 27 undersigned,

405 3759 87 23 Harry
505 3761 99 24 Robson.

48 3803 185 48 WANTED,
247 3803 93 22 TOWN
355 3803 125 22 LAND.—
481 3804 55 28 Any
553 3813 78 19 person

144 3829 84 27 having
237 3837 13 14 a
258 3830 71 21 Town
336 3830 67 27 Acre,
412 3837 24 14 or
443 3831 89 27 portion
539 3832 91 28 thereof,

48 3857 25 20 in
83 3863 13 14 a
104 3856 113 21 favorable
228 3856 104 22 situation
342 3856 44 22 and
396 3864 29 14 on
435 3857 113 22 moderate
557 3862 73 25 terms,

48 3883 35 21 for
92 3881 59 27 cash,
161 3890 53 20 may
223 3883 55 21 hear
287 3883 25 21 of
323 3890 14 14 a
346 3883 120 26 purchaser
480 3884 33 27 by
528 3884 105 29 applying

49 3912 23 18 to
82 3909 39 22 Dr.
133 3908 87 29 George
230 3909 65 27 Rees,
307 3909 156 28 Willis-stroct,
473 3910 33 22 Te
518 3911 45 22 Aro
573 3912 44 23 flat.
