2540 3989
706 2583 28 21 In
751 2582 38 22 the
806 2581 121 28 preceding
943 2588 80 21 papers
1040 2581 25 21 of
1080 2579 43 23 this
1139 2579 73 26 series,
1230 2586 32 15 we

678 2609 64 27 have,
755 2617 24 14 as
788 2609 18 21 it
822 2616 65 19 were,
897 2607 38 23 led
944 2608 38 22 the
999 2607 107 28 emigrant
1115 2607 30 26 by
1155 2606 38 22 the
1202 2603 62 25 hand

678 2636 58 22 until
753 2636 38 21 the
809 2635 42 22 end
868 2635 26 21 of
906 2635 38 21 the
960 2634 85 28 period,
1056 2633 80 27 during
1151 2632 75 22 which
1234 2633 29 21 he

678 2666 61 19 must
752 2661 135 24 necessarily
896 2661 80 22 labour
984 2661 35 22 for
1028 2661 48 21 hire
1083 2668 5 19 ;
1104 2659 46 23 and
1160 2666 33 16 we
1205 2659 58 23 have

678 2690 78 21 shown
774 2689 49 22 that
846 2688 37 22 the
906 2688 95 22 interest
1019 2687 26 22 of
1064 2688 37 21 the
1118 2686 105 22 labourer
1245 2686 18 22 is

679 2716 93 27 thereby
783 2715 116 28 promoted
908 2722 24 14 as
948 2714 69 22 much
1032 2721 24 15 as
1071 2713 48 23 that
1129 2713 26 21 of
1166 2712 39 22 the
1219 2720 46 14 em-

679 2744 85 27 ployer.
802 2742 41 21 We
862 2741 44 22 will
924 2748 52 15 now
995 2741 88 21 address
1107 2739 113 22 ourselves
1242 2742 22 19 to

680 2770 63 22 those
753 2769 49 22 who
812 2776 38 14 are
866 2768 69 22 about
949 2771 23 19 to
990 2775 84 19 occupy
1083 2766 53 22 land
1144 2774 6 14 :
1165 2765 100 23 whether

679 2798 31 26 by
720 2797 37 20 the
767 2796 89 26 savings
866 2795 25 21 of
897 2795 58 21 their
963 2795 79 21 labour
1051 2793 24 22 in
1084 2793 37 22 the
1132 2792 94 27 Colony,
1238 2800 25 14 or

679 2823 32 27 by
720 2830 78 14 means
809 2822 25 22 of
846 2821 82 28 capital
942 2821 86 21 carried
1042 2820 88 26 thither,
1141 2819 19 21 is
1170 2819 27 21 of
1208 2819 57 21 little

681 2856 154 20 consequence
844 2851 22 18 to
877 2854 40 15 our
926 2854 105 21 purpose;
1044 2846 133 28 except*that
1186 2849 23 18 to
1214 2845 52 23 -him

680 2876 50 21 who
747 2875 41 22 has
802 2874 104 22 invested
920 2873 36 22 his
972 2873 143 22 well-earned
1132 2872 91 27 savings
1242 2872 24 22 in

680 2902 62 27 land,
754 2908 30 15 an
793 2908 62 15 error
863 2908 52 19 may
922 2901 28 21 be
956 2900 128 27 productive
1092 2899 26 22 of
1125 2906 63 15 more
1193 2899 74 26 griev-

682 2936 40 14 ous
731 2934 165 21 consequences
908 2927 55 23 than
977 2930 24 18 to
1007 2926 96 27 others;
1124 2925 52 27 and,
1193 2925 73 23 there-

680 2955 56 26 fore,
746 2954 61 22 what
814 2961 33 14 we
857 2953 57 22 have
924 2957 23 18 to
955 2956 56 25 'urge
1021 2953 19 22 is
1050 2952 116 29 especially
1179 2952 87 27 worthy

682 2982 26 22 of
714 2981 35 22 Ms
758 2981 117 22 attention.
901 2998 12 10 v
918 2992 5 3 -

708 3014 64 27 Now,
788 3014 38 21 the
838 3013 119 27 firsfrtning
965 3012 38 23 the
1013 3013 55 22 New
1078 3012 99 23 Zealand
1191 3012 77 22 settler

681 3044 61 19 must
751 3041 29 22 do
795 3040 19 22 is
824 3044 22 18 to
857 3043 46 19 cast
912 3040 60 22 aside
982 3040 35 22 his
1029 3039 93 27 English
1134 3039 133 28 experience

682 3068 45 21 and
740 3067 62 22 work
810 3067 30 27 by
850 3073 49 16 new
912 3067 67 22 rules.
1009 3066 135 28 Experience
1153 3066 20 22 is
1186 3073 15 14 a
1209 3065 59 27 good

682 3095 64 27 thing
753 3102 30 14 no
790 3093 76 25 doubt,
875 3094 41 21 but
925 3096 23 19 to
958 3093 58 28 obey
1022 3093 19 22 it
1049 3093 23 22 in
1082 3093 43 22 this
1134 3099 50 15 case
1193 3092 75 22 would

681 3122 28 21 be
719 3120 130 33 productive
860 3120 25 21 of
890 3120 51 21 ruin
949 3128 6 19 ;
971 3120 46 21 and
1024 3120 22 21 if
1050 3120 28 21 he
1087 3122 61 19 must
1156 3119 58 22 have
1229 3125 39 16 ex-

681 3155 105 21 perience
800 3147 36 22 for
847 3146 35 22 his
891 3146 74 28 guide,
976 3146 33 23 let
1017 3146 18 22 it
1047 3147 28 21 be
1085 3146 37 21 the
1135 3145 133 28 experience

683 3175 26 22 of
720 3174 82 27 others,
817 3173 74 22 which
899 3174 19 21 is
934 3176 92 30 precept
1041 3172 74 23 rather
1128 3172 55 22 than
1201 3179 67 18 expe-

681 3202 75 21 rience
763 3209 6 14 :
784 3200 32 22 let
830 3200 53 26 him,
892 3200 24 21 in
927 3202 66 24 snort,
1007 3200 89 21 observe
1113 3199 61 22 what
1181 3199 20 22 is
1210 3198 58 23 done

682 3228 24 22 in
725 3228 64 21 other
807 3226 112 22 countries
939 3226 174 22 circumstanced
1136 3225 90 27 exactly
1245 3233 23 14 as

682 3255 57 22 New
754 3253 102 23 Zealand
869 3253 26 27 is,
906 3252 45 23 and
963 3252 39 22 the
1016 3252 68 23 result
1096 3252 45 23 will
1155 3252 54 22 bear
1221 3252 48 22 wit-

682 3289 52 14 ness
742 3284 24 19 to
776 3280 37 23 the
823 3279 113 28 prudence
945 3280 27 21 of
977 3279 39 22 the
1024 3278 108 28 proposed
1143 3286 85 15 course.

710 3308 29 22 In
756 3315 13 14 a
784 3308 65 21 letter
864 3306 117 27 published
990 3306 25 21 in
1024 3306 36 21 the
1077 3305 52 22 17th
1141 3306 96 21 number
1247 3305 24 22 of

683 3334 43 23 this
742 3332 103 28 Journal,
856 3332 59 22 from
931 3333 45 22 Mr.
988 3332 86 28 George
1087 3332 89 28 Duppa,
1188 3339 14 15 a
1216 3339 53 20 gen-

683 3362 84 22 tleman
787 3361 25 22 of
826 3359 143 27 intelligence
988 3359 45 22 and
1052 3359 130 29 experience
1199 3366 24 14 as
1239 3365 29 15 an

683 3386 174 30 agriculturalist
869 3386 25 23 in
911 3386 70 27 Kent,
996 3393 33 15 we
1043 3386 47 22 find
1104 3385 37 23 the
1155 3385 115 27 following

683 3418 43 19 two
736 3421 104 21 passages
847 3421 6 14 :

723 3448 17 17 A
747 3447 55 17 dense
813 3447 60 19 forest,
885 3445 60 17 which
956 3445 34 18 has
1002 3445 83 17 enriched
1095 3445 30 16 the
1137 3445 35 16 soil
1181 3445 29 16 for
1221 3449 47 17 ages>

682 3473 62 12 covers
752 3468 32 17 the
791 3468 75 19 country
871 3467 21 16 in
897 3466 38 17 this
942 3466 76 17 district.
1039 3466 38 17 The
1084 3470 95 12 enormous
1189 3470 80 16 expence

683 3490 20 16 of
711 3489 99 20 clearing
811 3487 106 18 calculated
928 3488 21 17 at
956 3487 56 21 forty
1016 3487 74 21 pounds
1098 3491 38 17 per
1146 3491 65 12 acre
1211 3487 16 16 is
1238 3487 31 16 the

682 3511 50 20 great
739 3510 87 21 apparent
833 3509 102 19 drawback;
946 3509 38 18 but,
993 3513 19 11 as
1020 3508 58 16 wheat
1083 3508 69 16 fetches
1160 3509 31 14 ten
1198 3507 71 20 pouuds

682 3536 33 16 per
721 3532 77 20 quarter,
807 3530 35 16 and
849 3529 16 17 is
871 3529 58 21 likely
936 3530 18 15 to
961 3529 70 16 remain
1038 3529 18 16 at
1063 3528 40 17 that
1112 3528 49 20 price
1170 3527 28 17 for
1204 3528 34 16 five
1250 3531 20 12 or

682 3552 30 17 six
718 3556 51 16 years
776 3552 20 15 at
802 3551 52 19 least,
861 3550 15 17 it
882 3550 38 16 will
931 3549 60 21 amply
1002 3553 52 17 repay
1059 3548 28 17 for
1098 3548 31 17 the
1142 3548 61 21 outlay
1210 3548 21 16 of
1238 3548 32 16 the

682 3572 73 21 capital.
1057 3570 13 11 *
1161 3569 11 11 *
1257 3569 11 11 *

682 3594 50 16 Once
739 3592 101 22 ploughing
846 3591 45 17 with
897 3595 35 12 one
943 3590 40 21 pair
993 3590 21 17 of
1023 3594 46 13 oxen
1076 3590 35 17 and
1122 3594 11 12 a
1146 3589 47 20 light
1203 3589 67 20 plough

682 3614 37 17 will
729 3614 23 16 be
763 3612 90 18 sufficient
857 3617 5 14 ;
873 3612 28 16 for
907 3612 10 16 I
927 3616 56 12 never
990 3615 36 13 saw
1032 3611 43 16 land
1085 3612 43 15 turn
1134 3614 26 16 up
1167 3614 20 12 so
1198 3609 41 17 well
1250 3610 20 16 in

682 3639 32 16 my
719 3634 41 17 life:
772 3633 17 18 it
798 3633 16 17 is
826 3633 38 16 like
874 3633 32 16 the
912 3633 55 16 finest
977 3632 66 20 garden
1057 3631 67 18 mould,
1136 3631 38 16 and
1184 3630 87 21 perfectly

682 3656 38 16 free
726 3656 48 16 from
781 3654 59 16 weeds
861 3658 11 12 a
878 3653 132 17 circumstance
1021 3652 59 16 which
1090 3652 16 16 is
1113 3653 19 15 to
1143 3652 22 16 bo
1172 3651 99 17 attributed

682 3677 19 15 to
708 3676 24 17 its
739 3675 69 20 having
814 3675 47 16 been
868 3678 20 13 so
895 3673 70 21 thickly
972 3673 76 17 covered
1055 3673 43 16 with

710 3703 66 25 Now,
786 3701 38 22 the
835 3708 76 15 course
921 3701 27 21 of
953 3699 135 28 proceeding
1102 3698 73 22 which
1189 3705 34 15 we
1233 3698 38 22 Se-

683 3730 42 22 sire
736 3732 22 18 to
769 3730 99 20 contrast
878 3727 55 22 with
944 3731 38 17 the
993 3726 130 27 conception
1137 3724 73 22 which
1225 3725 45 21 Mr.

683 3757 83 26 Duppa
781 3761 92 21 appears
882 3757 23 18 to
915 3753 58 22 have
983 3752 110 28 acquired,
1104 3752 19 21 is
1135 3751 49 22 that
1196 3751 27 22 of
1233 3751 38 22 the

682 3782 134 22 Americans
833 3780 44 22 and
894 3779 132 26 Canadians,
1045 3778 44 22 and
1104 3778 35 21 for
1155 3778 43 21 this
1217 3785 54 19 very

683 3808 79 27 simple
770 3814 88 19 reason,
869 3806 49 22 that
925 3806 25 21 in
961 3806 30 22 all
1007 3804 103 22 essential
1122 3804 98 24 features
1235 3804 36 21 the

682 3835 49 21 face
742 3834 26 21 of
782 3833 37 21 the
829 3835 94 23 country
933 3832 25 21 in
972 3832 57 21 New
1043 3830 100 22 Zealand
1151 3830 120 21 resembles

683 3860 74 22 North
768 3859 104 21 America
889 3865 24 14 as
923 3857 68 22 much
1007 3863 23 15 as
1045 3856 18 22 it
1081 3856 74 21 differs
1165 3856 54 21 with
1235 3855 36 23 the

683 3886 72 27 sandy
763 3885 73 26 plains
845 3884 26 21 of
878 3884 37 21 the
927 3882 128 23 Australian
1066 3882 109 22 Colonies.

711 3912 74 22 North
795 3910 106 23 America
911 3910 77 26 enjoys
1001 3908 107 23 immense
1124 3910 67 19 tracts
1202 3907 27 22 of
1234 3907 37 22 the

71 2995 25 19 To
106 2995 34 20 the
147 2995 79 20 Editor
235 2995 28 23 of
271 2995 37 18 the
344 2995 54 18 New
411 2995 95 17 Zealand
516 2995 87 18 Gazette
612 2995 40 17 and

222 3021 126 24 Wellington

93 3066 45 26 Sir,
139 3065 42 22 l
190 3065 58 22 have
259 3065 49 27 just
316 3071 51 15 now
376 3065 104 21 received
494 3071 14 14 a
521 3065 132 26 Prospectus

71 3092 87 22 entitled
462 3091 33 21 Of
499 3091 37 21 the
542 3090 111 27 necessity

71 3118 181 28 andconsequent
259 3118 137 28 expediency
404 3117 45 22 and
455 3117 54 27 high
514 3117 139 27 importance

71 3145 22 20 of
103 3146 91 24 such.an
205 3145 137 26 Institution,
353 3144 62 23 there
426 3151 43 15 can
483 3144 28 22 be
527 3151 31 15 no
575 3144 76 21 doubt.

71 3171 109 23 Provision
190 3172 34 22 for
234 3172 37 21 the
280 3171 101 28 physical
396 3171 44 22 and
455 3171 87 22 mental
556 3171 97 22 diseases

71 3198 23 21 of
97 3198 114 27 humanity
217 3198 57 22 have
281 3198 82 28 always
368 3198 59 22 been
433 3197 39 22 the
478 3197 176 22 characteristics

71 3224 24 21 of
105 3225 36 22 the
151 3226 110 21 Christian
269 3225 102 27 religion,
391 3224 45 23 and
453 3225 13 22 I
482 3228 57 18 trust
553 3224 49 22 that
615 3223 38 23 the

71 3251 144 23 colonization
224 3252 27 21 of
257 3252 56 21 New
320 3251 101 22 Zealand
429 3251 46 22 will
484 3258 69 15 never
559 3251 58 22 form
624 3258 30 14 an

71 3279 114 27 exception
203 3282 23 18 to
244 3278 44 22 this
307 3278 67 22 noble
390 3277 69 22 truth.
488 3277 81 22 Where
585 3284 26 15 or
623 3277 31 27 by

71 3303 70 24 whom
149 3305 38 22 the
196 3307 131 25 prospectus
339 3311 44 16 was
393 3304 87 22 framed
490 3304 11 21 I
511 3304 66 21 know
586 3307 41 18 not

71 3329 17 22 it
96 3338 50 20 may
154 3332 94 27 perhaps
262 3331 28 22 be
306 3331 109 27 regarded
431 3338 23 15 as
473 3334 36 18 too
526 3331 126 27 exclusive;

71 3356 39 23 but
118 3358 12 21 I
139 3358 73 23 would
227 3361 94 19 venture
331 3361 23 18 to
367 3360 97 25 suggest,
475 3357 48 22 that
538 3357 37 22 the
591 3364 63 15 more

71 3384 105 28 publicity
193 3385 73 22 which
283 3385 20 21 is
321 3385 67 27 given
406 3388 23 18 to
452 3384 39 22 the
514 3386 81 20 matter
615 3383 39 23 the

72 3409 74 29 better,
158 3412 43 21 and
214 3411 55 27 that,
280 3411 87 22 instead
376 3411 27 21 of
413 3411 91 27 leaving
520 3411 38 22 the
568 3411 86 27 subject

72 3438 22 19 to
104 3444 12 15 a
124 3437 50 27 few,
183 3438 18 22 it
214 3438 71 27 might
294 3438 29 21 be
333 3445 62 14 more
405 3437 119 28 expedient
533 3440 23 19 to
567 3437 87 22 consult

73 3462 36 23 the
125 3464 78 22 wishes
222 3465 26 21 of
262 3464 37 22 the
317 3465 147 29 community,
478 3465 33 27 by
527 3471 15 14 a
556 3464 98 22 General

73 3489 98 29 Meeting
184 3491 26 22 of
223 3491 38 22 the
275 3491 137 22 inhabitants
422 3491 25 22 of
461 3491 55 22 Port
528 3491 126 22 Nicholson

72 3517 42 21 and
123 3516 37 23 the
169 3517 149 28 surrounding
327 3517 92 22 district.

81 3568 6 6 #
99 3543 69 22 There
182 3544 20 21 is
219 3551 42 14 one
278 3546 64 25 point
355 3546 23 19 to
392 3543 74 23 which
484 3543 12 22 I
514 3543 75 23 would
603 3551 51 21 par-

73 3568 98 29 ticularly
179 3570 84 27 advert,
273 3570 98 27 namely,
381 3570 38 22 the
429 3570 95 23 medical
534 3573 120 20 treatment

73 3595 26 22 of
103 3595 35 23 the
147 3597 100 26 Natives,
264 3600 23 18 to
300 3596 74 22 which
388 3597 63 22 there
465 3597 20 22 is
497 3604 29 15 no
539 3597 115 22 reference

72 3621 23 22 in
104 3623 35 21 the
147 3627 136 24 prospectus.
317 3623 65 22 Since
400 3630 37 20 my
445 3623 50 23 first
502 3623 82 23 arrival
592 3623 61 28 here,

74 3647 11 22 I
94 3648 55 23 have
158 3649 40 23 felt
207 3657 14 15 a
233 3650 55 27 deep
298 3649 93 22 interest
398 3649 24 22 in
429 3649 59 22 their
501 3650 103 27 diseases,
614 3654 40 18 not

75 3675 50 27 only
135 3683 23 14 as
172 3676 104 27 affecting
288 3675 141 27 themselves,
440 3676 42 21 but
496 3676 45 22 still
554 3684 62 14 more
631 3684 23 15 as

73 3700 111 29 involving
193 3702 38 22 the
240 3705 104 26 sanatory
353 3701 103 23 interests
466 3703 26 21 of
503 3703 38 21 the
555 3703 97 28 Colony;

75 3727 43 22 and
134 3728 57 22 from
207 3729 38 21 the
259 3728 78 22 liberal
352 3728 135 27 professions
504 3729 26 21 of
542 3729 38 21 the
597 3730 57 22 New

74 3753 97 24 Zealand
194 3755 122 27 Company,
341 3754 135 28 professions
500 3755 73 21 which
600 3756 54 22 both

74 3781 56 46 food
141 3781 73 28 policy
222 3781 44 22 and
276 3788 104 15 common
389 3787 65 15 sense
464 3781 80 21 render
553 3781 101 28 binding,

102 3807 67 22 doubt
186 3811 40 19 not
240 3807 38 23 the
292 3814 118 19 necessary
424 3807 125 26 provisions
563 3807 46 22 will
627 3809 27 21 be

73 3833 69 27 made,
153 3841 60 15 more
222 3833 119 28 especially
350 3833 50 22 that
407 3833 110 22 medicine
531 3833 45 22 and
585 3834 69 22 medi-

73 3859 33 21 cal
125 3860 37 21 aid
179 3860 45 22 will
246 3861 28 21 be
296 3860 99 22 afforded
415 3859 60 22 until
497 3866 62 15 more
582 3861 72 22 useful

75 3892 107 16 measures
192 3894 41 15 can
242 3886 29 22 be
281 3886 96 28 adopted
386 3886 35 22 for
431 3886 58 21 their
497 3885 70 22 relief.

96 3912 31 22 In
133 3920 42 15 one
184 3912 124 26 paragraph
317 3913 26 21 of
348 3913 36 21 the
395 3915 133 23 prospectus,
536 3912 19 22 it
564 3912 17 22 is
591 3919 63 15 men-

511 41 101 32 THE
628 39 111 34 NEW
757 39 228 33 ZEALAND
1002 38 224 33 GAZETTE
1244 38 102 32 AND
1364 37 326 32 WELLINGTON
1711 36 288 32 SPECTATOR.

731 792 119 23 BENCH
864 792 44 23 OF
926 791 255 24 MAGISTRATES.

1876 117 60 16 White
1943 117 59 17 clover
2009 117 15 17 is
2034 117 108 21 indigenous,
2150 117 35 17 and
2192 117 15 17 ii
2214 117 91 21 generally
2312 118 92 17 abundant
2411 119 45 16 aftet

1876 138 32 16 the
1915 138 79 20 clearing
2000 138 20 16 of
2026 138 30 16 the
2060 137 47 20 land,
2115 138 37 16 and
2159 138 30 16 the
2197 138 78 21 burning
2282 139 21 16 of
2307 140 52 15 trees.

1898 158 37 16 The
1942 158 67 20 plough
2015 158 16 16 is
2037 157 65 18 seldom
2108 159 45 16 used
2163 163 23 12 on
2198 163 40 12 new
2251 159 58 19 lands,
2316 159 48 16 until
2376 159 31 16 the
2419 159 39 16 firit

1877 180 72 18 pasture
1957 178 15 16 is
1978 178 67 16 broken
2055 182 25 17 up,
2092 178 17 16 it
2115 179 54 20 being
2179 178 56 18 found
2242 179 51 20 quite
2300 180 88 16 sufficient
2399 180 19 16 in
2427 178 31 18 the

1877 199 40 15 first
1923 198 80 17 instance
2015 200 18 15 to
2044 199 92 16 harrow-in
2146 199 31 17 the
2185 199 48 17 seed.
2255 199 78 17 Manure
2343 200 16 16 is
2366 201 36 17 .but
2411 198 47 18 little

1878 219 84 16 attended
1969 220 19 15 to
1993 224 4 14 ;
2007 219 36 16 and
2049 223 16 12 as
2073 219 18 16 in
2099 219 61 17 Lower
2168 220 76 19 Canada,
2254 220 56 16 much
2317 220 40 16 that
2367 220 60 20 might
2433 219 23 16 be

1877 239 79 20 usefully
1964 239 69 21 applied
2047 241 14 14 to
2075 239 30 16 the
2119 239 43 18 land
2174 239 15 17 is
2200 240 68 17 -wasted
2274 245 5 11 :
2297 240 32 17 the
2341 240 56 17 stable
2409 241 49 19 dung

1878 260 91 19 generally
1975 263 41 16 goes
2023 261 19 15 to
2049 260 26 16 the
2082 260 67 16 Indian
2160 265 41 12 corn
2209 264 46 16 crop,
2263 265 21 11 or
2295 260 16 16 if
2320 260 31 16 the
2359 260 45 17 farm
2411 261 47 16 have

1879 284 39 15 one,
1926 281 19 16 to
1952 281 31 16 the
1991 280 74 19 orchard,
2072 280 60 17 where
2143 281 36 17 also
2191 282 38 15 oats
2237 284 21 13 or
2271 284 31 17 rye
2313 285 31 13 are
2356 279 102 22 frequently

1879 300 64 16 raised.

1908 327 21 22 It
1938 328 46 21 will
1998 328 28 21 be
2035 335 48 15 seen
2094 328 49 22 that
2152 328 36 22 the
2203 328 85 28 plough
2303 328 19 21 is
2336 331 41 18 not
2392 331 24 18 at
2431 326 30 23 all

1880 354 54 21 used
1952 357 23 18 at
1990 354 56 24 first;
2059 354 43 21 and
2112 362 24 14 as
2152 355 45 21 Mr.
2213 354 83 28 Duppa
2312 355 50 21 tells
2376 361 33 20 us,
2424 353 37 23 the

1882 380 40 21 soil
1932 380 18 21 is
1960 380 37 22 the
2004 380 77 22 richest
2091 381 45 22 and
2146 381 92 26 lightest
2246 380 30 23 he
2287 388 52 14 ever
2346 384 47 18 met
2402 378 60 27 with,

1882 406 37 22 the
1929 414 61 14 same
2006 414 72 15 course
2092 408 19 20 is
2121 408 122 26 applicable
2254 410 23 18 to
2287 407 56 22 New
2354 406 109 26 Zealand,

1881 432 24 21 in
1922 439 12 15 a
1950 436 86 25 greater
2050 432 76 28 degree
2136 433 52 22 than
2206 437 22 18 to
2239 433 98 22 Canada.
2367 433 42 21 Let
2426 432 37 22 the

1882 458 56 23 New
1955 459 97 22 Zealand
2068 460 93 26 settlers,
2177 460 61 24 then,
2253 462 37 24 try
2304 460 37 21 the
2357 460 68 21 mode
2440 458 27 21 of

1881 484 128 28 harrowing
2016 486 30 26 in,
2055 486 54 21 until
2124 486 36 21 the
2177 486 47 21 first
2239 489 89 23 pasture
2344 486 18 21 is
2377 486 86 21 broken

1882 518 31 21 up
1920 519 6 20 ;
1940 512 33 21 let
1982 512 46 21 him
2042 512 41 21 also
2097 512 81 22 reduce
2186 512 35 21 his
2233 512 105 27 quantity
2348 512 25 21 of
2375 528 3 5 ,
2380 512 52 21 seed
2442 514 22 18 to

1883 545 42 15 one
1934 538 79 22 bushel
2023 538 39 21 and
2073 545 11 14 a
2095 539 53 26 half,
2164 545 24 15 or
2205 545 56 15 even
2273 545 42 15 one
2330 538 79 21 bushel
2420 537 45 22 and

1883 571 14 15 a
1912 568 95 24 quarter,
2021 565 39 22 and
2078 573 30 13 we
2126 572 37 15 are
2179 565 84 21 certain
2279 564 38 21 the
2332 564 70 21 result
2420 563 45 22 will

1884 591 78 22 enable
1972 591 46 22 him
2028 595 22 18 to
2061 591 51 22 beat
2129 592 37 21 the
2184 591 54 27 high
2257 591 119 22 cultivator
2393 594 39 18 out
2442 589 26 22 of

1884 617 38 21 the
1932 618 93 20 market.

1910 644 33 21 As
1953 644 61 21 these
2031 644 147 22 observations
2192 643 44 22 will
2252 646 60 19 most
2327 643 68 27 likely
2406 645 60 19 meet

1885 671 44 21 Mr.
1940 671 88 26 George
2037 671 96 26 Duppa's
2150 678 47 19 eye,
2208 678 32 14 we
2256 670 113 26 earnestly
2380 676 86 15 recom-

1884 697 68 21 mend
1960 697 47 21 him
2017 702 22 19 tp
2051 697 127 27 investigate
2187 697 38 21 the
2240 697 89 26 subject
2338 696 53 21 with
2406 702 58 19 care,

1884 723 75 21 before
1969 723 29 21 he
2007 723 73 26 adopts
2089 723 40 22 the
2138 723 120 28 expensive
2264 723 66 21 mode
2341 723 26 21 of
2374 722 93 22 cultiva-

1885 749 46 22 tion
1941 752 24 18 to
1971 749 71 22 which
2051 751 24 20 he
2086 750 40 21 has
2134 751 56 20 been
2198 749 152 22 accustomed.
2380 749 87 25 Adopt-

1884 776 40 27 ing
1937 775 39 22 the
1991 776 60 21 chief
2061 777 96 21 features
2173 776 26 22 of
2213 776 36 21 the
2265 776 123 22 American
2405 775 60 28 plan,

1885 802 46 22 and
1947 802 53 31 duty
2018 802 92 27 keeping
2126 803 23 21 in
2164 802 64 22 mind
2243 802 39 22 the
2299 801 121 28 principles
2435 808 30 14 on

1885 829 73 21 which
1967 829 18 21 it
1993 829 18 21 is
2019 828 70 25 based,
2103 829 27 21 he
2143 828 43 22 will
2202 829 28 21 be
2246 829 51 21 able
2311 832 22 18 to
2349 827 118 22 introduce

1885 862 69 24 many
1976 855 169 26 improvements
2155 863 5 18 ;
2184 855 44 21 and
2249 855 23 21 if
2291 855 28 21 he
2343 854 45 22 will
2411 854 54 21 then

1885 881 87 27 publish
1989 881 36 21 the
2042 881 64 22 result
2126 881 26 21 of
2166 881 34 21 his
2217 881 140 27 experience,
2377 881 34 21 for
2430 879 38 23 the

1885 908 85 22 benefit
1977 907 25 22 of
2008 907 34 21 his
2051 907 70 22 fellow
2131 907 115 26 Colonists,
2258 907 29 21 he
2298 907 45 21 will
2352 907 116 21 confei/an

1887 934 120 27 obligation
2022 941 56 20 upon
2098 934 68 25 them,
2184 934 79 26 which,
2281 941 32 14 we
2334 933 70 22 doubt
2421 935 46 23 not,

1887 961 53 26 they
1950 961 44 21 will
2008 960 61 22 know
2079 962 50 20 how
2138 964 21 18 to
2169 960 72 22 value.
2272 960 33 21 At
2313 959 30 22 all
2357 962 85 23 events,
2452 958 21 22 if

1887 987 28 21 he
1925 987 121 21 determine
2054 990 20 18 to
2084 990 35 23 try
2130 987 36 21 the
2178 986 51 27 plan
2243 987 27 21 of
2279 986 137 27 eradicating
2430 984 39 22 the

1887 1017 92 24 stumps,
1997 1021 31 14 we
2044 1017 83 18 entreat
2139 1013 47 21 him
2203 1017 22 17 to
2241 1017 35 22 try
2294 1013 37 21 the
2350 1013 120 21 American

1887 1040 52 27 plan
1950 1040 54 26 also,
2014 1047 24 15 so
2048 1047 20 14 as
2077 1044 22 18 to
2110 1041 28 20 be
2152 1040 49 21 able
2211 1043 22 18 to
2244 1046 104 20 compcire
2366 1039 38 21 the
2418 1043 43 17 two

1889 1067 36 21 He
1934 1067 46 21 will
1989 1067 46 21 find
2044 1074 78 19 among
2130 1066 36 22 the
2174 1066 47 21 first
2230 1066 118 26 Colonists,
2357 1072 53 15 men
2420 1064 50 23 who

1888 1093 57 22 have
1953 1093 46 22 had
2009 1093 154 27 opportunities
2173 1092 26 22 of
2212 1093 77 26 seeing
2303 1092 36 21 the
2350 1099 77 15 course
2437 1098 33 14 we

1888 1119 142 23 recommend
2044 1120 19 21 in
2080 1119 41 22 full
2141 1119 120 28 operation.
2291 1118 47 22 The
2359 1118 71 22 editor
2449 1117 26 21 of

1889 1146 37 22 the
1942 1148 53 19 Neio
2009 1147 89 20 Zealand
2114 1147 86 19 Gazette
2211 1146 23 21 in
2248 1145 123 27 particular
2385 1145 19 21 is
2421 1143 51 23 well

1889 1173 132 28 acquainted
2036 1173 119 26 therewith,
2175 1172 44 22 and
2236 1172 52 26 will,
2307 1179 32 13 we
2359 1179 38 13 are
2411 1177 58 19 sure,

1889 1200 54 21 bear
1952 1200 87 21 witness
2049 1203 18 18 to
2077 1199 61 22 what
2146 1206 33 15 we
2190 1199 58 21 have
2266 1201 35 18 set
2317 1198 73 21 down.
2420 1198 52 21 New

1889 1227 94 20 Zealand
1991 1227 91 20 Journal.

1891 1289 80 21 LORD
1991 1288 75 21 JOHN
2087 1288 132 21 RUSSELL
2238 1287 63 20 AND
2323 1287 60 20 THE
2402 1285 70 22 NEW

2028 1316 135 21 ZEALAND
2179 1314 152 22 COMPANY.

47 136 59 18 town
116 135 51 17 acre
178 126 45 24 and
233 126 39 24 the
283 131 44 19 two
337 125 104 24 Hundred
452 130 96 26 country
556 133 72 21 acres,

48 163 67 24 801
136 163 53 20 10s.
200 159 54 24 will-
257 159 58 23 have
325 159 59 23 been
400 159 61 30 paid.
497 157 51 25 The
564 157 65 24 order

47 196 25 23 of
86 194 76 23 choice
172 193 21 22 is
203 196 25 19 to
239 192 28 23 be
280 191 138 24 determined
428 190 32 30 by
470 190 41 25 lot.

80 227 58 23 This
156 224 47 24 sale
222 225 106 23 confirms
348 224 39 23 the
404 223 68 24 value
490 224 25 22 of
534 223 55 23 land
589 230 4 8 1
606 223 25 23 in

48 260 57 25 New
115 257 109 29 Zealand,
238 257 44 23 and
292 264 34 16 we
339 264 36 16 are
388 256 113 24 confident
513 255 54 24 land
585 255 46 23 will

48 300 36 17 ere
95 291 54 30 long
158 290 30 23 be
199 289 51 25 sold
262 290 56 22 with
335 289 86 31 facility
438 290 27 22 in
481 288 108 31 England
608 292 23 18 at

48 326 36 24 2
95 331 40 24 per
147 330 59 16 acre.
242 322 51 24 The
311 322 80 31 people
409 321 64 24 there
491 329 36 15 are
545 328 29 16 on
591 320 40 24 the

49 365 39 16 eve
95 356 25 24 of
127 356 59 30 fully
193 356 155 30 appreciating
354 354 39 24 the
400 354 127 24 Wakefield
535 357 94 30 system.

49 390 64 30 They
124 396 38 16 are
174 387 113 31 evidently
300 387 57 24 alive
370 392 22 18 to
405 387 37 23 the
452 387 56 28 fact,
525 387 50 22 that
592 386 39 23 the
638 386 2 20 I

48 422 103 32 question
163 420 24 24 of
201 429 21 15 a.
226 420 129 24 settlement
370 420 134 31 prospering
520 418 53 24 does
591 422 41 19 not

48 461 53 18 turn
111 462 61 23 upon
183 454 39 23 the
233 454 65 30 point
308 453 101 23 whether
420 460 14 16 a
445 451 77 32 pound
531 458 63 17 more
607 459 24 15 or

48 489 45 23 less
104 488 20 23 is
136 487 38 23 the
185 487 51 22 first
247 490 49 19 cost
308 486 25 23 of
346 485 149 31 agricultural
511 484 61 29 land,
589 484 44 23 but

47 520 99 24 whether
157 520 25 23 in
194 519 133 23 connection
337 518 55 24 with
403 517 38 25 the
458 518 131 31 possession
610 517 25 23 of

48 555 25 27 it,
86 553 30 23 all
127 552 38 23 the
175 559 80 16 means
266 552 26 23 of
305 552 107 30 bringing
422 551 19 22 it
452 551 47 22 into
509 550 44 23 full
565 549 66 24 culti-

48 586 76 24 vation
135 585 61 23 exist
206 586 26 22 in
243 584 44 23 due
297 585 139 30 proportion,
453 584 46 22 and
510 587 22 19 to
544 591 14 15 a
567 583 65 23 suffi-

50 620 59 23 cient
119 622 85 19 extent.
241 617 23 23 It
276 617 46 23 will
337 617 28 23 be
384 624 54 16 seen
456 624 38 15 ere
511 616 55 30 long
583 615 50 23 that

50 652 37 24 the
99 651 140 23 settlements
249 651 25 21 in
285 650 57 23 New
359 649 108 29 Zealand,
486 648 72 24 which
574 648 59 23 have

50 683 141 26 contributed
210 688 23 18 to
252 683 38 23 the
308 686 100 27 greatest
424 686 79 19 extent
515 681 36 24 for
569 681 64 23 these

49 724 118 25 purposes,
175 724 39 16 are
221 716 38 23 the
266 720 61 18 most
333 723 144 23 prosperous.
508 714 44 23 We
558 714 76 23 would

50 749 71 33 guard
143 749 116 24 ourselves
281 749 90 30 against
387 748 70 30 being
480 747 113 32 supposed
611 751 22 19 to

51 783 105 24 advocate
166 782 87 30 merely
262 782 85 30 paying
358 789 14 15 a
381 781 64 31 large
455 781 61 30 price
527 780 36 24 for
571 780 62 29 land,

51 815 45 25 and
105 816 86 30 paying
201 814 57 24 such
269 822 14 16 a
292 815 62 31 price
365 813 55 25 with
430 814 40 23 the
487 813 80 32 pledge
585 813 50 23 that

51 849 38 24 the
100 848 56 24 fund
167 856 25 15 so
204 847 90 24 created
304 846 46 25 will
360 847 29 24 be
401 847 157 31 appropriated
565 847 24 22 in
596 846 39 23 the

50 889 81 25 proper
141 888 104 17 manner.
280 880 24 24 A
318 880 157 24 Government
492 879 73 32 might
581 879 54 23 take

51 923 13 15 a
72 914 62 31 large
145 915 63 30 price
218 914 36 23 for
269 913 63 29 land,
350 913 46 24 and
412 912 113 32 squander
542 913 20 22 it
577 912 26 23 in
623 919 14 16 a

52 947 113 25 thousand
175 947 88 23 useless
274 946 87 29 modes,
374 946 44 23 and
428 947 19 22 it
457 947 21 21 is
491 950 22 18 to
524 945 29 23 be
560 944 77 24 feared

53 980 49 24 that
118 980 40 23 the
175 979 149 31 expenditure
344 979 26 23 of
390 979 39 22 the
446 979 91 29 portion
555 978 24 23 of
598 977 38 23 the

53 1013 53 25 land
115 1012 58 24 fund
182 1012 76 23 which
268 1012 59 22 finds
339 1012 29 22 its
375 1019 49 22 way
433 1012 48 22 into
489 1010 37 24 the
534 1014 103 26 treasury

54 1046 25 24 of
93 1046 45 23 this
150 1045 81 24 Island
241 1044 46 23 will
298 1043 68 24 make
372 1044 46 23 this
425 1044 43 23 but
475 1048 36 19 too
516 1043 106 31 palpable
629 1051 6 20 ;

52 1080 42 23 but
105 1078 57 24 such,
174 1086 13 15 a
196 1085 79 16 means
295 1077 26 23 of
345 1077 119 31 disposing
480 1076 26 24 of
523 1076 40 23 tho
579 1075 59 24 fund

53 1112 73 24 would
137 1111 44 24 add
191 1111 59 23 little
262 1115 23 18 to
294 1111 40 22 the
340 1110 128 31 prosperity
477 1109 25 24 of
511 1109 38 23 the
558 1108 80 24 settle-

53 1149 68 20 ment.
158 1144 50 24 The
231 1144 128 31 prosperity
381 1144 26 22 of
428 1142 59 24 Port
502 1141 134 29 Nicholson,

54 1179 57 24 New
122 1177 133 31 Plymouth,
274 1176 46 23 and
337 1177 38 22 the
392 1184 51 15 new
462 1175 88 31 Colony
568 1179 23 19 to
609 1175 29 23 be

54 1210 90 33 planted
162 1211 25 22 in
203 1218 42 15 our
258 1208 194 32 neighbourhood,
471 1216 33 16 we
526 1215 39 16 are
583 1215 55 16 con-

54 1244 69 23 fident
151 1243 47 23 will
226 1250 104 23 compare
358 1246 60 20 most
447 1240 192 32 advantageously

53 1277 54 23 with
139 1276 40 23 the
212 1276 113 31 offspring
359 1275 25 24 of
420 1274 40 24 the
495 1274 144 31 intelligence

55 1311 24 22 of
104 1317 40 16 our
164 1309 51 23 first
238 1308 104 24 Colonial
364 1307 199 29 Administration,
582 1314 57 16 even

54 1342 80 24 should
144 1343 20 22 it
174 1342 27 23 be
221 1341 121 24 continued
361 1341 39 23 the
419 1345 50 19 seat
487 1341 24 23 of
533 1340 106 23 Govern-

54 1380 61 20 ment
125 1376 26 22 in
161 1375 101 23 defiance
273 1374 26 24 of
314 1382 67 23 every
388 1374 66 31 thing
461 1373 49 24 that
516 1374 20 22 is
545 1380 94 16 reason-

56 1409 57 22 able.

80 1464 89 21 Messrs.
185 1462 79 23 Stokes
278 1462 45 23 and
336 1462 116 26 Neuburn,
471 1462 103 21 assistant
589 1467 51 15 sur-

54 1497 85 21 veyors,
158 1490 125 27 perceeded
305 1490 43 21 last
370 1489 63 22 week
454 1492 23 18 to
497 1489 99 25 Porirua,
617 1490 23 19 to

55 1517 127 22 endeavour
190 1520 22 17 to
222 1516 101 22 discover
333 1523 13 14 a
355 1515 135 27 practicable
499 1514 56 22 road
560 1514 80 22 thence

55 1547 23 18 to
88 1544 36 21 the
135 1544 63 26 Hutt,
210 1543 46 21 and
265 1544 105 21 returned
381 1549 29 14 on
419 1541 144 27 Wednesday
573 1540 67 22 after-

55 1577 66 20 noon,
132 1570 85 26 having
231 1569 122 22 succeeded
367 1569 24 21 in
407 1568 59 22 their
479 1568 79 28 object.
592 1567 48 21 The

55 1597 54 22 road
120 1600 73 19 enters
201 1596 39 21 the
250 1596 73 26 valley
334 1596 26 21 of
377 1595 37 22 the
431 1595 59 22 Hutt
504 1595 69 21 about
591 1594 50 21 four

56 1624 62 22 miles
127 1631 38 20 up,
175 1623 22 21 in
209 1630 13 14 a
230 1622 71 22 direct
309 1622 52 22 line.
391 1622 23 21 It
422 1622 19 21 it
453 1622 20 21 is
488 1622 46 21 said
551 1625 22 17 to
591 1627 50 21 pre-

56 1654 50 18 sent
113 1650 41 22 few
164 1649 132 27 difficulties,
304 1649 45 22 and
358 1649 41 21 has
407 1655 27 14 on
443 1648 72 22 either
523 1648 47 21 side
588 1647 25 22 of
622 1647 19 21 it

57 1684 12 15 a
79 1677 60 27 large
149 1677 103 27 quantity
262 1676 26 21 of
298 1674 77 28 highly
390 1674 108 23 available
513 1674 61 22 ls.nd.
609 1674 32 21 As

57 1711 44 14 was
121 1702 142 28 anticipated,
284 1702 39 22 the
341 1702 54 22 land
413 1704 60 19 most
495 1700 110 23 desirable
623 1700 18 21 is

58 1733 88 19 nearest
156 1730 99 22 Porirua.

86 1781 60 22 Lime
167 1782 81 21 Stone.
279 1781 65 22 Some
360 1781 73 27 pieces
453 1780 27 22 of
498 1782 65 20 stone
584 1778 58 23 have

57 1808 56 22 been
132 1808 68 21 taken
217 1808 57 21 from
292 1808 39 21 the
348 1807 71 22 beach
438 1814 30 15 on
485 1807 37 21 the
544 1806 63 32 road^
617 1809 23 18 to

58 1834 84 27 Petoni,
164 1834 45 22 and
228 1842 38 14 are
283 1834 68 27 being
368 1833 73 22 tested
464 1834 30 27 by
513 1841 13 13 a
548 1832 94 23 medical

57 1862 126 26 gentleman
195 1861 130 27 practically
335 1864 134 18 conversant
478 1860 53 21 with
548 1859 95 22 chemis-

57 1892 42 23 try.
126 1887 49 22 The
184 1888 49 21 first
240 1888 151 21 examination
400 1894 80 19 proves
488 1887 48 21 that
542 1887 53 26 they
605 1892 37 15 are

57 1914 53 22 lime
120 1918 71 23 stone,
201 1914 46 21 and
257 1914 37 21 the
309 1917 65 18 exact
390 1917 81 18 nature
485 1913 44 22 and
541 1913 66 21 value
621 1912 25 22 of

59 1941 38 22 the
110 1944 64 19 stone
191 1948 33 15 we
240 1941 57 26 hope
317 1944 23 19 to
358 1941 28 21 be
404 1940 49 22 able
473 1942 22 19 to
514 1942 57 19 state
589 1942 56 18 next

59 1968 69 20 week.

87 2012 34 21 On
132 2011 100 21 Sabbath
241 2010 48 27 last,
302 2011 37 22 the
348 2010 52 22 20th
408 2011 60 22 irist.,
476 2010 75 21 divine
560 2009 83 21 service

60 2044 44 15 was
112 2036 126 28 performed
252 2037 23 20 in
288 2036 39 22 the
342 2036 84 26 Gaelic,
436 2040 111 22 language
560 2035 29 27 by
606 2035 37 21 the

60 2064 56 22 Rev.
137 2063 61 22 John
215 2062 129 23 M'Farlane
361 2063 26 21 of
404 2062 37 22 the
456 2062 81 22 Scotch
552 2061 90 22 church.

59 2090 47 22 The
114 2090 101 22 occasion
222 2097 44 14 was
273 2089 122 27 peculiarly
400 2089 137 27 interesting,
544 2096 24 14 as
575 2088 69 27 being

61 2117 37 21 the
107 2117 47 22 first
161 2117 53 22 time
223 2117 24 21 in
256 2117 56 21 New
321 2116 101 22 Zealand
435 2116 64 21 when
514 2115 38 22 the
568 2115 76 27 gospel

62 2151 44 14 was
114 2143 136 28 proclaimed
257 2144 23 21 in
290 2143 63 22 those
363 2145 96 23 accents,
477 2142 74 21 which
566 2149 37 14 are
620 2149 24 14 so

62 2170 52 22 dear
123 2174 23 18 tb
154 2170 38 21 the
201 2170 65 21 heart
274 2170 28 21 of
312 2176 67 20 every
389 2168 98 23 Scottish
497 2168 146 28 Highlander.

63 2196 22 23 It
94 2204 43 15 was
146 2197 47 21 also
201 2197 122 26 important
333 2203 23 15 as
363 2195 111 27 affording
488 2202 117 15 assurance
612 2198 33 28 _to

62 2224 72 21 future
145 2223 120 27 emigrants
270 2223 58 22 from
339 2222 36 22 the
382 2222 64 26 glens
458 2222 46 22 and
516 2221 129 23 mountains

63 2250 26 21 of
111 2250 38 22 the
172 2250 108 22 northern
302 2249 148 27 hemisphere,
476 2249 47 22 that
540 2255 29 14 on
588 2248 57 22 their

63 2277 78 22 arrival
159 2276 53 23 here
229 2276 53 28 they
295 2276 46 22 still
357 2276 68 27 enjoy
441 2275 38 22 the
494 2275 113 27 privilege,
621 2282 24 14 so

62 2304 98 26 precious
166 2304 24 21 in
204 2303 58 22 their
278 2303 133 25 estimation,
422 2303 26 21 of
459 2302 150 27 worshipping
622 2301 23 22 in

63 2330 48 22 that
126 2330 111 27 language
246 2330 74 21 which
329 2330 19 21 is
359 2329 112 22 endeared
480 2332 22 19 to
513 2329 61 21 them
583 2329 31 26 by
622 2335 23 14 so

62 2364 67 20 many
140 2358 79 21 sacred
237 2356 156 23 recollections
407 2356 45 21 and
466 2355 179 22 associations.

63 2384 189 21 Communicated.

690 852 110 26 Monday,
829 851 61 21 June
915 853 34 25 21,
974 852 60 20 1841.
1066 852 77 25 George
1166 852 81 24 Young,

662 878 105 22 landlord
783 878 26 20 of
823 877 37 22 the
876 878 194 26 Britannia-hotel,
1087 885 43 14 was
1149 877 96 27 charged

662 904 56 22 with
725 904 85 27 having
826 904 93 22 allowed
936 904 94 27 tippling
1046 905 23 21 in
1078 904 34 21 his
1128 904 77 26 house,
1217 911 28 14 on

664 931 99 27 Sunday,
775 931 37 21 the
821 931 39 21 6th
868 930 61 27 inst.,
939 930 45 22 and
993 930 53 22 with
1054 931 78 27 selling
1143 930 73 28 spirits
1226 933 21 18 to

666 965 43 13 one
719 957 82 21 Daniel
810 957 87 21 Brown.

693 984 45 21 Mr.
748 983 106 22 Brandon
869 982 112 28 appeared
995 983 35 22 for
1046 982 41 23 this
1097 983 45 22 and
1158 982 38 23 the
1205 986 43 19 two

664 1010 115 26 following
789 1017 67 14 cases.

693 1036 89 26 Brown,
789 1036 50 21 who
848 1036 19 21 is
874 1035 90 28 apolice
972 1035 118 27 constable,
1096 1036 68 28 being
1170 1043 78 19 sworn,

666 1062 73 22 stated
748 1062 49 21 that
805 1062 68 21 about
882 1069 14 14 a
904 1064 91 25 quarter
1010 1065 48 24 past
1068 1065 42 19 two
1119 1062 86 22 o'clock
1218 1070 29 14 on

666 1089 38 22 the
714 1089 43 27 day
766 1088 23 22 in
800 1088 108 28 question,
918 1088 30 21 he
957 1091 60 19 went
1024 1089 47 21 into
1085 1089 38 22 the
1133 1089 117 22 Britannia

664 1114 164 29 public-house,
833 1114 72 23 where
910 1114 30 22 he
949 1122 46 15 saw
1003 1119 43 18 two
1053 1115 76 22 sailors
1135 1115 112 27 drinking.

668 1142 119 26 He^called
796 1142 35 21 for
846 1149 14 14 a
872 1142 87 21 bottom
976 1141 26 22 of
1014 1142 92 32 brandy,
1117 1142 72 22 which
1205 1149 44 14 was

665 1169 98 27 brought
777 1169 31 26 by
823 1175 15 14 a
851 1168 88 27 female,
957 1168 46 22 and
1017 1168 34 22 for
1066 1168 72 23 which
1153 1168 28 23 he
1198 1168 52 28 paid

666 1196 129 27 fourpence.

695 1220 199 23 Cross-examined.
925 1220 12 22 I
944 1227 37 16 am
991 1228 14 14 a
1013 1220 130 28 policeman,
1153 1221 45 22 and
1207 1228 43 15 was

668 1248 90 22 dressed
766 1248 23 22 in
799 1247 62 29 plain
871 1248 92 21 clothes.
994 1251 50 18 Was
1056 1252 40 17 not
1105 1248 90 22 dressed
1204 1255 24 14 as
1237 1255 13 14 a

666 1275 112 26 traveller,
794 1281 42 15 nor
852 1274 37 22 did
903 1274 29 21 he
948 1281 40 20 say
1004 1274 28 21 he
1049 1282 42 14 was
1109 1282 14 14 a
1139 1274 110 22 traveller.

668 1302 47 22 Did
722 1305 41 18 not
773 1301 51 22 take
834 1308 13 14 a
856 1301 72 22 vessel
943 1301 35 22 for
994 1300 37 22 the
1040 1300 78 28 liquor,
1130 1301 41 22 but
1179 1300 70 23 drank

667 1328 39 22 the
722 1328 74 27 spirits
810 1327 69 22 there.
916 1327 53 22 Was
984 1330 40 19 not
1039 1335 70 15 aware
1125 1328 29 21 he
1170 1335 45 14 was
1230 1330 21 18 to

667 1355 58 22 have
735 1362 46 20 any
789 1354 88 27 portion
888 1354 25 21 of
924 1354 38 21 the
972 1353 98 28 penalty.

698 1381 106 27 Guilty
804 1380 60 22 fined
873 1380 41 26 2,
926 1380 44 22 and
980 1380 30 23 7*.
1020 1381 35 21 2d.
1066 1384 63 19 costs.

694 1410 75 24 Henry
784 1408 99 26 Midgley,
901 1408 99 23 Queen's
1014 1407 71 27 Head,
1100 1406 94 28 pleaded
1210 1409 40 19 not

668 1436 73 26 guilty
753 1438 23 18 to
786 1443 14 14 a
809 1434 83 22 similar
901 1434 85 21 offence
998 1441 28 14 on
1036 1434 37 21 the
1083 1441 60 14 same
1153 1434 50 26 day.

696 1462 88 26 Brown,
796 1462 37 21 the
843 1460 113 27 informer,
968 1460 72 22 stated
1056 1460 48 22 that
1113 1467 29 15 on
1152 1460 98 27 Sunday,
1260 1466 2 16 i

669 1488 68 23 about
746 1488 51 22 half
806 1491 50 24 past
866 1494 49 19 one,
927 1487 28 22 he
970 1494 45 15 was
1029 1490 49 19 sent
1090 1494 30 15 on
1135 1487 62 27 duty,
1209 1483 44 25 and

668 1515 80 27 passed
757 1515 38 22 the
805 1514 97 25 Queen's
913 1513 72 27 Head,
997 1514 71 22 where
1077 1513 29 22 he
1116 1521 44 14 saw
1170 1513 82 27 parties

671 1542 104 26 drinking
784 1542 23 21 in
823 1544 43 19 two
882 1547 81 20 rooms,
974 1540 45 22 and
1033 1540 92 22 another
1141 1547 82 20 person
1232 1542 22 18 at

670 1568 38 22 the
724 1568 49 22 bar.
809 1568 36 21 He
863 1567 71 22 tasted
949 1567 38 22 the
1003 1567 79 27 spirits,
1093 1567 45 21 and
1154 1566 47 22 told
1217 1565 36 22 the

669 1594 104 23 landlord
788 1594 28 22 he
834 1593 69 27 ought
916 1596 41 19 not
970 1597 24 18 to
1010 1595 27 20 be
1053 1593 78 27 selling
1146 1593 74 27 spirits
1232 1594 22 20 at

670 1622 49 21 that
727 1622 55 21 time
791 1621 26 22 of
824 1620 37 22 the
870 1620 44 27 day
922 1627 6 20 ;
941 1620 37 22 the
986 1620 103 22 landlord
1097 1620 65 21 knew
1172 1619 29 22 he
1210 1626 44 14 was

670 1655 14 15 a
693 1648 132 28 policeman.

697 1673 201 24 Cross-examined.
929 1673 46 22 Did
981 1676 40 19 not
1028 1673 42 22 call
1075 1673 34 22 for
1118 1680 45 20 any
1172 1672 80 28 liquor.

671 1702 49 21 Saw
729 1709 62 14 some
800 1700 78 23 served
894 1704 23 18 to
935 1707 13 14 a
963 1707 53 14 man
1033 1703 23 18 at
1071 1700 37 21 the
1123 1700 40 21 bar
1169 1707 5 20 ;
1190 1700 18 21 it
1218 1706 36 20 ap-

670 1728 83 28 peared
769 1732 22 17 to
808 1728 28 21 be
850 1727 46 27 gin,
906 1727 41 21 but
963 1727 67 21 could
1045 1729 39 19 not
1099 1734 70 13 swear
1184 1726 19 21 it
1211 1733 43 14 was

671 1754 81 27 spirits.
780 1754 47 22 The
836 1761 53 14 man
899 1753 72 22 drank
986 1756 51 25 part
1047 1753 24 22 of
1082 1753 17 21 it
1113 1752 66 22 while
1190 1753 12 21 I
1211 1760 43 14 was

671 1781 69 22 there.
770 1781 12 21 I
793 1781 53 21 then
863 1784 59 17 went
936 1781 48 20 into
1002 1779 90 22 another
1101 1787 62 14 room
1171 1786 5 20 ;
1192 1779 62 21 three

672 1815 51 14 men
733 1815 57 14 were
801 1807 105 27 drinking
915 1807 38 26 gin
962 1806 62 21 there
1030 1814 6 19 ;
1052 1806 11 21 I
1074 1806 70 21 tasted
1155 1805 24 22 it.
1210 1805 44 22 De-

672 1834 94 22 fendant
781 1841 44 14 was
840 1833 85 22 behind
943 1833 38 21 the
997 1833 47 28 bar,
1059 1833 45 21 and
1122 1832 80 22 served
1219 1831 34 23 the

671 1861 80 27 liquor.
779 1861 47 21 Did
835 1863 39 18 not
883 1862 56 19 state
956 1859 48 22 that
1021 1860 11 21 I
1043 1866 42 15 was
1095 1866 14 15 a
1117 1859 105 22 traveller
1231 1861 21 19 to

673 1895 44 19 any
726 1895 43 14 one
780 1887 49 22 that
838 1887 49 26 day.

699 1914 99 21 William
810 1913 82 22 Nichol
906 1913 97 27 deposed
1013 1913 46 21 that
1068 1912 29 22 he
1106 1919 45 15 was
1162 1920 13 14 a
1184 1911 72 23 friend

673 1941 26 21 of
710 1940 126 28 Midgley's,
854 1939 45 22 and
922 1939 73 22 called
1011 1946 28 14 on
1055 1939 46 21 him
1119 1946 29 14 on
1165 1938 91 27 Sunday

673 1967 108 28 fortnight
788 1975 5 18 ;
809 1966 45 22 had
860 1969 40 19 not
909 1973 53 15 seen
971 1966 46 21 him
1027 1966 59 21 since
1096 1965 34 21 his
1140 1965 115 26 marriage,

673 1994 89 21 witness
770 1993 45 22 had
824 1993 56 21 been
889 1992 101 26 working
1000 1995 21 18 at
1030 1992 97 22 Porirua.
1157 1991 99 22 Defend-

673 2024 40 17 ant
727 2027 57 18 gave
798 2019 47 21 him
860 2026 13 13 a
887 2018 57 27 glass
963 2019 26 20 of
999 2018 46 26 gin.
1082 2017 72 21 There
1169 2024 45 14 was
1228 2025 28 12 io

672 2046 62 22 noise
742 2045 25 22 in
777 2045 37 22 the
824 2045 77 21 house.
929 2043 53 23 Two
999 2051 51 15 men
1059 2050 58 15 were
1127 2043 104 26 drinking
1241 2050 13 14 a

673 2076 39 23 pot
721 2073 25 21 of
756 2073 54 21 beer
826 2071 23 21 in
865 2070 37 22 the
917 2078 72 14 room.
1018 2070 70 22 Could
1103 2077 37 15 see
1157 2069 37 22 the
1203 2069 42 21 bar
1251 2076 5 19 ;

673 2099 63 22 there
752 2106 44 14 was
812 2105 30 14 no
859 2104 43 14 one
919 2097 63 21 there
999 2099 22 19 at
1031 2104 44 20 any
1084 2096 60 22 time.
1177 2096 80 22 Brown

674 2126 53 27 only
738 2124 87 23 walked
833 2124 31 27 in,
875 2123 71 23 drank
962 2131 38 20 my
1010 2124 44 27 gin,
1064 2123 45 22 and
1125 2122 87 23 walked
1222 2125 37 19 out

676 2152 72 27 again.

701 2176 201 25 Cross-examined.
933 2176 52 22 Was
1002 2177 22 21 in
1045 2176 37 22 the
1096 2176 71 22 house
1190 2176 67 22 about

674 2208 43 19 two
725 2205 98 22 minutes
832 2204 76 22 before
924 2203 81 21 Brown
1016 2210 61 14 came
1092 2203 31 21 in.
1153 2202 48 22 The
1217 2205 42 19 two

675 2239 50 15 men
736 2238 57 15 were
802 2231 41 21 left
851 2229 86 23 behind
944 2229 66 22 when
1021 2230 10 21 I
1043 2233 58 19 went
1114 2236 70 21 away.
1214 2229 43 21 Re-

674 2258 89 22 mained
782 2258 23 21 in
824 2257 38 22 the
879 2257 70 21 house
965 2257 68 21 about
1052 2264 12 14 a
1082 2259 90 24 quarter
1192 2255 27 22 of
1230 2262 27 15 an

674 2285 63 22 hour.
766 2284 48 22 The
831 2287 43 19 two
889 2290 53 15 men
958 2290 57 15 were
1030 2283 103 26 drinking
1146 2283 61 26 beer,
1224 2282 36 22 did

674 2315 42 19 not
727 2312 68 21 know
809 2311 68 21 them.
905 2309 64 28 They
981 2316 57 16 were
1054 2309 77 27 taking
1147 2316 30 15 no
1195 2308 64 22 other

675 2338 154 23 refreshment.

702 2366 56 21 Case
768 2363 122 23 dismissed.

706 2393 92 20 William
822 2391 119 25 Bannister,
967 2389 110 22 Lambton
1101 2389 96 27 Tavern,
1217 2396 44 14 was

676 2419 96 27 charged
782 2419 30 25 by
821 2419 81 21 Brown
912 2416 53 23 with
975 2424 13 14 a
997 2416 44 22 like
1052 2416 91 22 offence.

704 2445 72 23 Fined
784 2444 41 26 JO2,
836 2444 44 22 and
890 2444 29 22 7s.
931 2444 33 21 2d.
976 2447 66 18 costs.

678 2507 134 24 PAPERS
826 2506 70 24 FOR
907 2505 252 24 EMIGRANTS.
1159 2503 46 25 No.
1214 2503 46 25 IV.

791 2545 60 15 LAND
866 2545 115 14 CLEARING
1012 2543 63 15 FIRST
1085 2543 65 14 CROP.

295 2443 120 21 BIRTHS.

92 2471 34 22 On
141 2469 103 28 Tuesday
254 2470 48 27 last,
321 2478 29 14 on
366 2469 70 23 board
452 2469 40 22 the
506 2470 141 25 Harrington,

65 2497 53 22 Mrs.
135 2497 95 26 Mercer,
252 2497 50 21 wife
320 2497 27 21 of
362 2497 93 27 Captain
476 2496 95 27 Mercer,
593 2497 26 21 of
635 2503 14 14 a

64 2524 113 27 daughter.
207 2524 36 21 On
254 2523 38 22 the
307 2525 49 20 21st
365 2523 67 26 June,
444 2523 55 21 Mrs.
516 2523 98 26 Farmer,
627 2523 25 21 of

64 2558 14 14 a
87 2558 45 19 son,
144 2551 45 21 and
198 2551 55 21 Mrs.
264 2550 82 27 Evans,
361 2550 27 21 of
396 2557 12 15 a
417 2549 117 27 daughter.
565 2549 36 22 On
612 2549 37 22 the

64 2577 57 27 20th,
131 2578 55 21 Mrs.
196 2577 71 22 Slark.
281 2577 26 21 of
318 2584 14 14 a
344 2577 146 26 daughter.
492 2577 35 21 On
537 2577 38 21 the
585 2576 61 27 23rd,

64 2604 52 22 Mrs.
124 2604 69 28 Keys,
201 2604 27 22 of
234 2610 14 15 a
255 2603 114 28 daughter,
379 2603 45 22 and
431 2603 55 22 Mrs.
494 2604 125 27 Gascoyne,
628 2603 24 21 of

65 2638 13 13 a
87 2638 46 13 son.

312 2692 86 21 DIED.

111 2719 22 22 It
147 2719 20 22 is
182 2726 42 15 our
239 2718 142 28 melancholy
396 2718 55 28 duty
468 2721 23 19 to
499 2718 79 23 record
591 2717 38 22 the

86 2745 64 23 death
160 2746 26 21 of
193 2746 37 22 the
246 2746 56 22 Rev.
313 2746 61 21 John
384 2746 59 21 Gare
453 2745 84 27 Butler,
548 2744 82 23 Native

86 2772 114 23 Guardian
210 2772 47 23 and
272 2773 137 26 Interpreter
417 2776 24 18 to
450 2772 39 21 the
499 2772 59 21 New
574 2771 57 22 Zea-

84 2799 53 22 land
149 2800 123 26 Company,
284 2803 23 18 at
322 2800 26 21 25
358 2799 97 22 minutes
465 2802 50 24 past
522 2800 13 20 2
546 2798 85 22 o'clock

85 2826 22 21 in
118 2826 37 22 the
165 2826 116 21 afternoon
291 2825 26 22 of
325 2825 89 27 Friday,
422 2825 39 21 the
469 2825 51 22 18th
529 2825 27 21 of
562 2825 67 21 June.

85 2852 46 23 The
139 2859 47 15 rev.
196 2852 130 27 gentleman
334 2852 95 21 suftered
433 2850 111 28 intensely
550 2851 81 27 during

85 2886 14 15 a
114 2878 79 29 period
210 2878 26 22 of
251 2878 80 22 twelve
351 2878 80 26 weeks,
455 2878 46 21 and
523 2877 75 22 leaves
618 2884 13 15 a

85 2912 119 16 numerous
222 2904 67 22 circle
308 2904 27 22 of
348 2904 85 21 friends
450 2906 25 19 to
494 2904 85 21 lament
595 2903 36 22 his

85 2932 58 22 loss..
164 2932 37 21 He
212 2939 45 14 was
265 2931 24 21 in
298 2930 36 23 his
342 2930 54 22 60th
405 2937 61 19 year.

1918 1370 40 21 We
1967 1371 58 20 learn
2034 1370 46 20 with
2089 1372 60 24 great
2155 1370 95 26 pleasure
2260 1369 48 20 that
2313 1369 37 20 the
2360 1366 112 22 New-Zea-

1891 1398 50 20 land
1952 1398 110 26 Company,
2073 1397 112 26 composed
2195 1403 22 14 as
2226 1396 18 20 it
2251 1396 19 20 is
2281 1397 25 19 of
2317 1402 50 13 men
2377 1395 25 20 of
2409 1400 63 20 every

1892 1426 63 19 shade
1975 1424 27 21 of
2130 1424 93 26 opinion,
2244 1423 19 20 is
2283 1423 65 20 about
2364 1425 23 17 to
2404 1423 47 25 give
2461 1428 13 13 a

1891 1453 71 25 public
1973 1452 73 20 dinner
2054 1453 20 19 to
2085 1452 58 19 Lord
2156 1451 57 20 John
2228 1450 92 24 Russell,
2335 1450 23 19 in
2376 1450 64 19 token
2451 1448 24 21 of

1892 1480 36 19 the
1936 1485 61 15 sense
2005 1479 64 20 which
2078 1479 17 19 it
2110 1478 113 20 entertains
2233 1478 25 19 of
2270 1478 34 19 his
2317 1477 94 20 eminent
2428 1481 45 16 ser-

1892 1507 56 20 vices
1958 1513 23 14 as
1996 1506 91 20 Colonial
2094 1506 106 23 Minister,
2215 1505 41 19 and
2272 1504 24 20 of
2314 1505 36 19 the
2359 1509 113 21 generous,

1893 1540 22 14 as
1925 1534 46 20 well
1981 1540 21 13 as
2019 1533 53 25 truly
2085 1533 75 20 liberal
2178 1532 62 26 spirit
2260 1532 23 19 in
2302 1532 69 19 which
2390 1532 27 19 he
2435 1530 38 19 has

1893 1560 142 21 reconsidered
2046 1560 33 20 the
2088 1566 72 14 causes
2170 1560 25 19 of
2205 1560 33 19 his
2248 1559 123 20 differences
2378 1558 50 20 with
2437 1557 35 19 the

1894 1588 52 20 New
1955 1587 91 21 Zealand
2054 1587 137 24 Association,
2206 1586 40 20 and
2256 1586 116 19 consented
2382 1588 22 17 to
2414 1586 59 25 place

1892 1615 88 20 himself
1992 1619 20 15 at
2021 1615 34 19 the
2062 1615 53 19 head
2126 1614 23 19 of
2167 1620 13 13 a
2196 1615 125 21 movement,
2338 1614 37 19 the
2390 1612 82 25 objects

1894 1643 40 19 and
1945 1643 106 19 character
2058 1641 22 20 of
2091 1641 69 20 which
2168 1641 27 20 he
2204 1640 49 24 had,
2268 1642 23 18 at
2300 1640 46 20 first
2355 1638 119 21 misunder-

1894 1670 69 19 stood.

1921 1697 40 20 We
1974 1703 37 20 say
2020 1696 165 24 mwcnderstood,
2200 1696 91 20 because
2305 1700 29 14 we
2347 1694 64 20 know
2421 1693 53 24 that,

1896 1725 53 19 from
1959 1725 36 19 the
2004 1730 48 19 very
2059 1725 46 19 first
2121 1725 93 18 moment
2232 1723 24 19 of
2275 1723 29 19 its
2321 1720 154 27 orginazation,

1895 1753 36 18 the
1941 1751 66 21 desire
2018 1751 23 20 of
2052 1751 31 20 the
2092 1751 53 20 New
2155 1749 91 21 Zealand
2265 1749 111 26 Company
2393 1755 43 13 was
2453 1749 22 18 to

1896 1779 49 20 seek
1952 1779 36 20 the
1998 1778 141 26 co-operation
2146 1777 40 21 and
2197 1777 96 20 sanction
2301 1777 24 19 of
2337 1777 36 19 the
2381 1775 86 21 Govern
2474 1786 4 6 .

1896 1808 66 22 ment,
1974 1806 40 20 and
2024 1808 22 17 to
2056 1805 99 26 purchase
2164 1805 57 19 them
2231 1805 29 24 by
2270 1810 13 14 a
2290 1803 130 26 compliance
2426 1801 51 21 with

1896 1840 62 18 every
1968 1833 116 20 reasonable
2093 1832 96 20 demand.
2218 1831 45 20 The
2274 1831 50 24 only
2334 1831 61 24 thing
2405 1830 46 20 that
2460 1828 19 20 it

1897 1861 62 19 could
1969 1862 37 18 not
2016 1861 33 23 do,
2058 1866 40 14 was
2108 1862 23 17 to
2145 1859 95 20 abandon
2256 1859 30 19 its
2303 1858 68 19 duties
2387 1856 91 21 towards

1898 1888 59 20 those
1967 1888 53 23 who,
2030 1893 54 20 upon
2092 1887 38 19 the
2139 1887 53 19 faith
2209 1886 25 19 of
2251 1886 36 19 the
2303 1885 176 24 encouragement

1898 1914 109 27 originally
2016 1914 57 26 given
2082 1916 23 17 to
2112 1914 37 19 the
2159 1913 79 26 project
2246 1913 29 25 by
2284 1913 78 19 certain
2371 1911 108 20 Members

1898 1942 24 20 of
1932 1942 37 19 the
1979 1943 80 24 present
2074 1941 96 24 Cabinet,
2185 1940 40 20 had
2240 1939 62 20 made
2316 1939 29 20 all
2362 1939 57 20 their
2431 1944 48 21 pre-

1898 1969 105 26 parations
2026 1968 31 20 for
2074 1968 132 25 abandoning
2226 1967 56 19 their
2302 1967 70 19 native
2391 1965 57 23 land,

1898 1996 92 25 actually
1999 1996 103 24 disposing
2112 1995 26 18 of
2149 1996 98 24 property
2256 1994 52 18 here
2319 1996 21 16 to
2352 2000 12 12 a
2372 1992 107 20 consider-

1899 2022 45 21 able
1954 2024 77 21 extent,
2059 2028 21 13 or
2090 2021 71 26 giving
2170 2027 29 20 up
2216 2020 136 26 professions,
2369 2019 29 26 by
2411 2019 69 20 which

1899 2050 54 20 their
1971 2049 62 20 bread
2049 2055 37 14 was
2099 2050 23 18 to
2133 2048 25 20 be
2167 2047 83 24 earned,
2281 2047 42 19 and
2335 2047 69 19 whom
2411 2047 18 19 it
2438 2052 41 13 was

1898 2076 121 27 impossible
2028 2076 30 19 for
2066 2081 41 20 any
2116 2075 56 26 body
2181 2075 25 19 of
2223 2075 120 25 gentlemen
2360 2076 23 18 to
2401 2074 76 21 desert,

1899 2104 60 20 when
1969 2104 54 19 their
2033 2109 42 14 own
2083 2103 67 25 hopes
2160 2102 23 20 of
2202 2108 13 14 a
2225 2101 96 24 Charter,
2333 2107 24 13 or
2367 2108 28 12 an
2405 2101 41 20 Act
2456 2100 24 19 of

1900 2131 133 23 Parliament,
2043 2136 48 14 -were
2103 2129 31 25 (as
2142 2135 29 14 we
2182 2128 69 26 think)
2270 2128 92 25 unfairly
2373 2127 106 21 deceived.

1926 2159 55 19 How
1990 2158 34 19 the
2033 2157 48 20 New
2091 2156 92 21 Zealand
2200 2156 109 26 Company
2326 2155 110 20 redeemed
2451 2155 29 19 its

1899 2186 74 25 pledge
1983 2191 29 14 we
2021 2186 65 22 know,
2094 2185 35 19 for
2139 2184 37 19 few
2186 2184 70 24 things
2267 2183 52 19 have
2330 2183 83 20 excited
2422 2188 58 14 more

1899 2213 89 20 interest
1997 2212 51 20 both
2056 2212 19 19 in
2085 2211 97 26 England
2191 2211 42 19 and
2240 2217 59 19 upon
2309 2210 36 19 the
2355 2209 124 23 Continent,

1901 2240 50 20 than
1960 2240 29 19 its
1999 2239 137 26 proceedings,
2148 2238 76 25 ending
2233 2244 23 13 as
2267 2238 50 24 they
2330 2237 53 20 have
2392 2237 55 20 done
2456 2236 24 19 in

1900 2268 23 19 in
1939 2268 36 19 the
1993 2267 87 20 creation
2095 2266 25 20 of
2138 2272 39 13 one
2193 2265 24 20 of
2233 2265 37 19 the
2285 2266 56 18 most
2355 2262 127 26 flourishing

1901 2295 129 20 settlements
2039 2294 41 19 that
2089 2294 88 19 modern
2186 2292 61 20 times
2257 2292 53 19 have
2320 2297 57 14 seen.
2404 2292 44 19 But
2464 2290 18 19 it

1901 2322 18 19 is
1929 2325 38 17 not
1977 2322 35 19 the
2018 2322 39 19 less
2065 2321 80 19 certain
2155 2320 45 19 that
2210 2320 59 19 there
2279 2321 57 18 must
2343 2319 76 25 always
2428 2319 53 19 have

1901 2349 53 20 been
1964 2348 101 26 somthing
2073 2348 120 26 precarious
2202 2347 23 19 in
2234 2346 44 20 this
2289 2352 91 18 success,
2398 2352 23 14 so
2431 2345 51 25 long

1901 2382 23 14 as
1934 2377 36 19 the
1981 2376 70 26 pledge
2059 2375 23 20 of
2092 2380 140 21 permanency
2241 2379 43 14 was
2298 2374 99 24 wanting,
2414 2372 68 21 which

1902 2404 35 20 the
1958 2403 73 20 Crown
2051 2402 57 20 alone
2130 2409 38 13 can
2190 2402 78 25 impart
2292 2401 28 25 by
2338 2401 29 20 its
2387 2398 95 28 peculiar

1901 2437 80 20 powers
1990 2438 5 16 ;
2012 2430 84 19 without
2113 2429 50 24 this,
2181 2429 59 19 there
2253 2428 71 20 would
2339 2428 75 26 always
2430 2427 52 20 have

1901 2459 53 19 been
1974 2464 59 14 room
2051 2456 29 20 for
2098 2456 108 26 litigation
2223 2456 43 19 and
2286 2455 101 25 disputes.
2436 2453 46 20 The

1902 2485 67 20 whole
1979 2486 98 19 structure
2086 2483 69 20 would
2165 2483 53 20 have
2226 2483 54 19 been
2291 2482 54 20 built
2351 2488 58 20 upon
2420 2482 60 22 sand;

1902 2513 33 19 for
1952 2513 38 19 the
2005 2511 80 26 legality
2103 2510 24 20 of
2146 2516 61 20 every
2222 2512 36 17 act
2273 2509 54 20 done
2343 2509 29 25 by
2385 2509 61 20 those
2461 2508 23 19 in

1903 2540 106 25 authority
2019 2538 61 25 might
2089 2538 53 20 have
2152 2537 52 20 been
2214 2536 98 26 disputed
2319 2544 7 16 ;
2336 2536 43 20 and
2387 2543 13 12 a
2406 2535 78 25 feeling

1903 2567 24 19 of
1941 2566 129 25 uncertainty
2087 2564 72 20 would
2176 2565 52 19 have
2240 2563 55 20 been
2311 2565 45 18 cast
2373 2569 59 20 upon
2448 2562 36 20 the

1903 2596 73 18 tenure
1996 2593 23 20 of
2039 2594 97 24 property
2153 2591 65 23 itself,
2233 2591 92 20 without
2340 2590 94 26 security
2449 2590 33 19 for

1903 2621 68 20 which
1980 2620 92 25 industry
2080 2625 40 13 can
2130 2624 62 14 never
2205 2618 77 20 thrive.

1929 2648 36 20 All
1973 2647 41 21 this
2026 2647 53 19 Lord
2087 2646 59 20 John
2155 2645 84 20 Russell
2247 2645 40 19 has
2296 2651 50 14 seen
2356 2645 42 19 and
2407 2645 40 26 put
2457 2650 27 13 an

1903 2676 41 19 end
1953 2677 30 22 to,
1994 2675 27 24 by
2030 2674 68 25 taking
2105 2674 36 19 the
2151 2672 95 27 question
2258 2673 24 19 of
2295 2672 133 25 sovereingty
2437 2671 46 19 into

1903 2703 33 19 his
1952 2708 47 14 own
2013 2701 69 24 hands,
2092 2701 44 19 and
2145 2699 125 26 consenting
2279 2703 21 17 to
2311 2699 46 26 give
2367 2699 53 20 New
2430 2698 52 20 Zea-

1903 2729 50 20 land
1972 2736 13 14 a
2003 2729 89 23 Charter,
2108 2734 58 19 upon
2183 2727 127 24 conditions,
2327 2726 22 20 in
2362 2727 70 19 which
2448 2725 36 20 the

1906 2757 108 26 Company
2030 2756 32 20 has
2077 2755 71 26 gladly
2160 2754 131 26 acquiesced.
2326 2753 34 20 He
2373 2754 38 19 has
2429 2752 55 21 done

1905 2784 41 19 this
1957 2783 167 27 spontaneously.
2145 2782 44 20 The
2195 2781 74 21 liberal
2279 2787 58 20 press
2344 2781 39 20 has
2389 2780 98 20 attached

1905 2812 54 19 little
1978 2812 124 25 importance
2117 2812 23 18 to
2155 2809 36 20 the
2207 2809 106 26 question,
2331 2808 53 20 with
2400 2809 37 19 the
2451 2813 36 14 ex-

1907 2840 77 24 cepton
1993 2838 24 19 of
2034 2838 32 19 the
2084 2837 93 20 Colonial
2197 2837 94 24 Gazette,
2312 2835 41 20 and
2370 2834 114 23 ourselves,

1905 2866 61 20 while
1976 2866 35 19 the
2030 2865 62 20 Times
2109 2864 43 20 and
2166 2870 57 14 some
2240 2863 63 20 other
2316 2863 58 26 Tory
2390 2861 97 27 journals

1905 2894 52 19 have
1976 2893 52 20 been
2046 2894 52 17 most
2116 2890 116 25 tenacious,
2251 2890 43 20 and
2306 2890 145 24 unreasoning
2464 2889 23 19 in

1906 2921 23 20 in
1938 2920 55 20 their
2003 2919 115 26 opposition
2126 2920 22 18 to
2159 2925 12 13 a
2176 2918 57 26 plan,
2242 2917 70 20 which
2319 2917 36 20 the
2362 2917 127 24 missionary

1906 2948 121 23 influences,
2037 2946 96 26 formerly
2146 2951 23 14 so
2182 2945 104 26 powerful
2300 2946 22 18 at
2335 2944 36 20 the
2391 2943 98 21 Colonial

1908 2975 73 24 Office,
1992 2975 52 20 have
2055 2974 41 19 also
2113 2974 55 19 done
2188 2972 55 20 their
2261 2974 82 17 utmost
2362 2974 23 17 to
2404 2971 83 20 thwart.

1908 3003 21 20 It
1949 3003 18 20 is
1985 3002 49 25 only
2050 3000 32 20 the
2101 3007 59 13 more
2173 2999 142 24 meritorious,
2333 2998 113 22 therefore,
2465 2997 24 19 in.

1908 3030 56 20 Lord
1974 3029 57 20 John
2040 3028 82 19 Eussell
2136 3030 23 17 to
2171 3027 52 20 have
2235 3026 100 26 inquired
2351 3025 42 20 and
2409 3024 80 26 judged

1906 3057 33 20 for
1956 3055 90 23 himself,
2063 3055 41 20 and
2122 3056 24 18 to
2162 3054 52 20 have
2231 3054 116 24 forgotten,
2367 3052 53 20 with
2439 3053 48 18 true

1907 3082 153 22 statesmanlike
2068 3082 92 24 nobility
2166 3081 24 20 of
2202 3080 66 23 mind,
2279 3080 23 19 in
2312 3080 36 19 the
2361 3078 97 27 strength
2467 3078 24 20 of

1906 3111 33 20 his
1958 3111 84 27 present
2059 3108 128 21 convictions
2203 3108 23 19 of
2244 3108 56 23 that,
2317 3106 70 20 which
2403 3107 36 20 the
2454 3106 35 19 in-

1906 3140 77 18 terests
1993 3137 24 20 of
2028 3136 33 21 the
2073 3136 79 25 empire
2167 3135 91 25 require,
2275 3134 34 20 his
2323 3139 46 14 own
2385 3134 48 19 first
2449 3132 40 20 im-

1906 3165 113 27 pressions,
2030 3163 78 20 formed
2116 3169 59 19 upon
2184 3169 13 12 a
2205 3161 78 27 partial
2291 3161 52 20 view
2353 3160 25 20 of
2389 3161 38 19 the
2434 3166 55 17 case,

1907 3193 43 19 and
1972 3193 37 19 the
2032 3196 61 20 angry
2116 3189 181 26 correspondence
2323 3188 24 19 in
2372 3188 69 20 which
2463 3187 28 20 he

1906 3220 86 20 became
2000 3218 92 20 involved
2104 3216 132 27 (principally
2245 3216 29 25 by
2284 3216 36 19 the
2334 3215 65 20 faults
2416 3214 24 21 of
2454 3214 34 20 his

1908 3245 150 28 predecessors)
2079 3251 29 14 on
2127 3244 33 21 his
2179 3244 47 19 first
2244 3242 75 26 taking
2335 3242 37 21 the
2392 3241 99 22 Colonial

1908 3275 139 24 Department
2052 3287 4 6 .

1925 3301 59 21 Thus
1993 3301 18 19 it
2014 3300 25 23 is,
2049 3300 43 20 that
2095 3298 71 26 things
2172 3298 24 19 in
2201 3296 99 26 England
2304 3296 58 21 work
2367 3296 125 21 themselves

1908 3329 64 26 right.
2011 3328 54 19 Time
2073 3325 41 21 and
2127 3325 67 21 Truth
2204 3331 35 14 are
2246 3325 38 19 the
2293 3327 41 17 two
2346 3324 72 26 things
2428 3323 64 21 need-

1909 3356 32 20 ful
1950 3355 22 20 in
1993 3360 59 19 every
2068 3353 87 25 change.
2192 3352 46 20 The
2256 3352 103 19 soundest
2376 3350 115 27 principles

1910 3383 59 21 often
1978 3381 66 21 excite
2054 3381 32 19 the
2100 3380 84 20 fiercest
2200 3379 122 26 opposition
2338 3380 22 18 at
2376 3379 47 19 first
2431 3385 6 17 ;
2454 3377 40 20 but

1910 3409 116 21 discussion
2041 3413 85 20 exposes
2141 3412 65 19 error,
2223 3406 43 20 and
2282 3412 99 20 prepares
2394 3406 38 20 the
2448 3411 44 19 way

1910 3438 33 20 for
1952 3437 85 19 reform.
2062 3435 60 19 Then
2139 3440 71 14 comes
2226 3436 37 18 the
2280 3436 103 20 moment,
2399 3432 43 20 and
2457 3432 37 19 the

1910 3470 49 14 man
1967 3471 6 16 ;
2002 3463 35 20 the
2047 3468 52 19 nan,
2109 3467 32 14 we
2150 3467 68 18 mean,
2228 3461 47 19 who
2286 3461 19 19 is
2314 3462 39 18 not
2362 3458 99 21 ashamed
2471 3458 25 20 of

1911 3490 119 25 confessing
2048 3489 42 20 that
2108 3489 29 19 he
2155 3489 18 19 is
2192 3488 61 20 wiser
2268 3487 76 26 to-day
2354 3487 53 19 than
2416 3487 27 19 he
2453 3491 40 14 was

1910 3517 118 28 yesterday,
2035 3517 39 19 and
2082 3518 23 18 to
2115 3516 71 20 whom
2197 3515 162 21 circumstances
2369 3514 53 20 have
2432 3513 61 26 given

1912 3546 36 19 the
1957 3550 69 21 power
2036 3543 22 21 of
2068 3543 98 26 carrying
2180 3546 59 22 great
2254 3548 106 14 measures
2371 3539 122 28 practically

1912 3574 46 19 out.
1985 3571 39 20 We
2034 3577 49 20 envy
2092 3572 41 18 not
2141 3570 58 20 Lord
2206 3570 57 20 John
2271 3568 84 20 Rnssell
2364 3568 47 20 that
2416 3572 77 22 power,

1912 3600 39 20 but
1959 3605 32 14 we
1999 3600 78 24 respect
2085 3598 44 20 and
2137 3597 65 20 thank
2219 3597 45 20 him
2279 3595 34 21 for
2328 3595 64 25 using
2406 3595 19 19 it
2438 3592 55 21 well.

1913 3627 46 24 We,
1971 3626 22 20 in
2000 3632 39 14 our
2047 3625 93 20 humbler
2150 3625 81 26 sphere,
2251 3624 54 19 have
2312 3623 54 19 done
2376 3620 118 25 something

1913 3653 89 22 towards
2009 3652 107 27 preparing
2126 3652 36 20 the
2169 3658 44 19 way
2223 3651 34 19 for
2267 3650 47 20 that
2323 3651 57 18 most
2386 3647 110 21 beneficial

1914 3682 87 24 change,
2011 3680 64 20 which
2084 3680 21 19 is
2112 3679 65 20 about
2186 3680 22 18 to
2218 3677 49 20 take
2282 3677 59 25 place
2356 3676 24 19 ito
2398 3673 96 27 Colonia]

1914 3708 83 24 Affairs,
2009 3707 41 20 and
2057 3713 28 14 we
2101 3706 57 27 hope
2174 3708 23 18 to
2214 3710 34 14 see
2268 3703 73 26 proofs
2360 3705 23 17 at
2397 3703 37 19 the
2444 3701 50 20 New

1915 3735 92 20 Zealand
2014 3734 76 24 dinner,
2101 3734 30 25 by
2148 3733 35 20 the
2199 3736 99 21 presence
2315 3729 25 21 of
2357 3736 50 13 men
2423 3728 26 21 of
2465 3728 29 20 all

1915 3763 84 26 parties,
2018 3761 69 26 laying
2103 3760 57 20 aside
2176 3759 54 20 their
2245 3757 122 20 differences
2380 3762 60 21 upon
2449 3755 46 30 thi^

1915 3789 83 21 neutral
2006 3788 84 27 ground,
2119 3788 54 22 that,
2183 3786 31 20 let
2226 3785 57 19 what
2295 3784 43 20 will
2350 3783 26 20 be
2390 3784 37 20 the
2439 3782 56 20 issue

1917 3818 23 19 of
1952 3823 40 14 our
2004 3816 99 24 struggles
2118 3814 58 23 here,
2194 3811 99 21 Colonial
2308 3810 77 25 Lands,
2402 3809 44 21 and
2460 3809 36 20 the

1917 3846 77 25 system
2004 3843 24 20 of
2039 3840 138 23 colonization
2190 3837 118 23 connected
2319 3837 52 20 with
2379 3838 66 22 them,
2454 3836 42 20 will

1917 3878 63 14 never
2002 3870 26 20 be
2048 3867 107 27 tampered
2177 3872 57 21 upon
2259 3865 106 21 mistaken
2384 3863 112 29 principle!

1917 3899 69 26 again.
2018 3896 78 25 Wetkly
2109 3894 115 21 Chronicle.
2494 3887 2 23 I
