2540 3989
1891 708 219 25 WHOLESALE
2139 709 126 24 PRICES
2298 708 175 26 CURRENT.

1962 747 132 13 CORRECTED
2108 747 28 13 UP
2152 748 28 12 TO
2195 747 84 13 FRIDAY
2293 747 111 13 EVENING.

1921 3378 40 18 The
1971 3378 48 18 New
2030 3379 99 18 Zealand
2140 3381 93 18 Gazette
2242 3382 44 20 will,
2296 3383 28 16 for
2335 3383 31 16 the
2376 3383 76 20 present,
2462 3382 20 16 be

1899 3399 97 21 published
2002 3401 75 19 weekly,
2084 3405 54 17 every
2145 3402 89 22 Saturday
2240 3403 89 22 morning.
2350 3405 24 16 So
2378 3408 42 12 soon
2427 3408 19 12 as
2450 3403 13 16 it
2466 3403 15 15 is

1900 3420 108 21 sufficiently
2014 3422 105 20 supported,
2128 3423 16 15 it
2150 3423 38 16 will
2197 3424 23 17 be
2225 3424 64 17 issued
2295 3424 125 21 semi-weekly.
2441 3424 40 17 Sub-

1898 3441 63 20 joined
1967 3445 30 12 are
2004 3441 31 17 the
2042 3443 56 15 terms
2103 3447 5 11 :
2110 3450 23 4 —

1921 3461 63 17 Price
1991 3466 24 12 of
2021 3466 42 13 the
2070 3462 98 18 Paper.—
2168 3464 55 22 Forty
2229 3464 83 22 shillings
2317 3469 33 17 per
2359 3469 74 16 annum,
2442 3468 41 18 pay*

1900 3482 40 16 able
1946 3482 20 16 in
1973 3483 80 17 advance
2057 3488 5 14 ;
2074 3488 19 12 or
2100 3488 35 12 one
2142 3485 76 20 shilling
2223 3486 28 16 for
2256 3486 59 20 single
2321 3487 91 16 numbers.

1921 3502 211 19 Advertisements.—
2133 3505 31 16 Six
2173 3505 49 18 lines
2232 3507 38 16 and
2279 3507 64 19 under,
2353 3508 26 16 3s.
2387 3507 27 16 6d.
2420 3505 26 18 for
2452 3505 29 17 the

1900 3523 40 16 first
1950 3523 94 21 insertion,
2055 3525 38 16 and
2103 3529 35 13 one
2148 3525 77 23 shilling
2230 3527 28 17 for
2264 3528 45 16 each
2314 3528 109 21 subsequent
2428 3527 53 17 inser-

1900 3544 40 16 tion
1944 3549 4 14 j
1960 3544 47 17 from
2013 3545 31 16 six
2049 3546 20 15 to
2075 3547 32 15 ten
2114 3545 53 21 lines,
2174 3547 37 17 five
2218 3547 84 22 shillings
2312 3549 28 16 for
2350 3549 32 16 the
2392 3549 42 18 first,
2445 3546 34 17 and

1901 3568 34 12 one
1945 3564 75 21 shilling
2030 3566 38 16 and
2079 3566 85 21 sixpence
2174 3568 29 16 for
2215 3569 43 16 each
2268 3570 111 20 subsequent
2388 3568 82 17 insertion
2475 3572 5 14 ;

1900 3585 56 16 above
1967 3586 31 16 ten
2008 3585 54 21 lines,
2073 3587 35 17 five
2120 3587 84 22 shillings
2215 3589 28 17 for
2253 3590 31 16 ths
2294 3590 39 16 first
2344 3591 31 15 ten
2385 3589 51 19 lines,
2446 3587 34 18 and

1900 3605 97 21 fourpence
2003 3610 32 17 per
2041 3606 39 18 line
2087 3608 27 17 for
2120 3609 32 16 the
2159 3613 63 13 excess
2229 3610 20 16 of
2257 3611 41 16 that
2303 3612 86 18 number;
2399 3610 35 17 and
2440 3610 40 16 two-

1900 3630 57 16 pence
1963 3631 32 16 per
2001 3627 37 16 line
2045 3627 29 18 for
2080 3629 44 16 each
2131 3630 112 21 subsequent
2248 3632 94 16 insertion.

1922 3646 156 19 Advertisements
2086 3650 36 16 will
2128 3652 33 14 not
2167 3655 67 17 appear
2243 3651 19 16 in
2273 3652 31 16 the
2315 3652 79 20 ensuing
2402 3650 77 19 number,

1901 3667 17 16 if
1926 3668 82 17 received
2014 3669 47 17 later
2067 3670 45 16 than
2122 3671 71 21 Friday,
2206 3672 20 16 10
2237 3671 72 20 o'clock,
2319 3676 43 13 a.m.
2383 3671 98 17 Advertise-

1900 3690 62 15 ments
1968 3689 37 16 will
2011 3690 23 16 be
2039 3690 101 17 continued
2146 3693 36 16 and
2189 3691 290 22 chargcduntilcounter-ordered;

1901 3709 46 16 such
1954 3709 51 17 order
2011 3712 51 15 must
2068 3711 23 17 be
2097 3713 42 15 sent
2145 3714 18 14 to
2171 3713 30 16 the
2207 3713 53 17 Office
2268 3714 50 16 three
2324 3714 44 20 days
2375 3712 57 17 before
2439 3712 42 20 pub-

1900 3729 80 20 lication,
1988 3731 36 16 and
2031 3733 51 15 must
2089 3733 21 16 be
2117 3732 21 17 in
2144 3733 79 21 writing.
2243 3734 154 17 Advertisements
2402 3732 77 18 received

1901 3751 53 20 after
1961 3751 20 17 10
1988 3751 67 17 o'clock
2062 3756 24 13 on
2096 3753 66 20 Friday
2171 3754 85 21 morning
2266 3754 37 17 will
2314 3755 21 17 be
2346 3754 74 20 charged
2431 3753 48 17 twice

1901 3772 32 15 the
1940 3772 52 16 usual
1999 3773 53 16 rates.

1922 3791 31 17 All
1959 3792 66 20 orders,
2036 3794 158 20 advertisements,
2205 3796 37 16 and
2251 3795 161 17 communications
2423 3795 18 15 to
2451 3793 28 17 tho

1901 3812 69 20 Editor,
1977 3817 30 13 arc
2013 3815 96 19 requested
2116 3816 19 15 to
2142 3816 21 15 be
2169 3815 98 17 addressed
2273 3817 18 15 to
2298 3816 37 16 this
2342 3816 60 16 Office.

1902 3862 74 17 Printed
1980 3864 36 16 and
2020 3864 97 21 published
2123 3869 53 17 every
2183 3866 88 20 Saturday
2277 3866 89 20 morning,
2374 3866 23 20 by
2403 3866 77 16 Samueh

1923 3884 88 19 Bxvaks,
2022 3886 19 15 at
2053 3885 31 17 the
2096 3886 55 16 Office
2162 3886 20 16 of
2193 3886 32 17 the
2236 3886 48 17 New
2291 3887 97 17 Zealand
2395 3887 85 16 Gazette

1923 3908 41 13 anj>
1973 3905 133 18 Wellikgtoji
2114 3907 120 19 SrzcTATOR,
2242 3907 152 21 Ta.rauaki-i>liicc,
2402 3906 78 19 Welling-

1923 3926 36 18 ton,
1969 3925 42 17 Port
2018 3926 105 20 Nicholson,
2133 3928 43 16 New
2183 3928 86 17 Zealand.

485 39 100 32 THE
602 38 114 33 NEW
731 38 234 33 ZEALAND
983 37 226 33 GAZETTE
1236 33 101 35 AND
1357 32 332 34 WELLINGTON
1713 29 292 35 SPECTATOR.

1976 116 120 19 Thomas
2110 116 55 20 and
2179 116 108 19 Samuel
2302 116 79 19 Cook

1885 147 89 48 BEG
1983 151 23 18 to
2016 147 83 22 inform
2108 147 38 22 the
2155 147 83 27 public,
2249 146 48 23 that
2311 147 91 27 having'
2411 155 62 15 com-

1957 174 78 26 pleted
2051 174 58 21 their
2131 174 116 21 extensive
2265 174 209 22 weather-boarded

1885 200 67 26 Store,
1962 200 55 26 they
2027 200 58 22 have
2101 207 68 20 every
2185 200 152 21 convenience
2353 199 35 22 for
2403 207 71 15 ware-

1885 226 93 26 housing
1986 226 78 26 goods,
2075 229 24 19 at
2107 234 14 14 a
2129 233 56 20 very
2194 226 113 22 moderate
2317 226 90 27 charge.

1959 270 40 21 To
2014 270 185 21 Landowners
2214 270 55 21 and
2283 271 116 25 Agents.

1885 302 176 49 WANTED
2076 303 31 27 by
2115 303 39 22 the
2171 303 66 22 Land
2252 303 150 26 Association,
2415 306 62 20 town

1967 336 63 15 acres
2040 329 24 21 in
2074 329 130 22 favourable
2215 330 125 26 situations,
2350 329 45 22 and
2406 331 71 21 terms

1885 355 18 23 if
1911 355 132 23 reasonable
2052 355 46 22 will
2105 359 62 19 meet
2175 355 129 23 immediate
2324 355 117 23 attention.

1994 381 29 22 R.
2034 382 75 27 Davis,
2176 383 11 20 I

2002 409 30 21 G.
2042 409 70 26 Scott,
2183 411 12 18 V
2213 408 111 22 Trustees.

1994 434 36 22 W.
2038 435 29 21 A.
2078 435 93 27 Cooper.
2178 430 10 31 J

2084 461 35 22 W.
2131 461 32 22 H.
2174 462 147 26 Bottomley,
2331 462 119 25 Secretary.

1889 505 88 48 FOR
1995 505 87 26 SALE,
2103 512 13 14 a
2133 505 66 22 small
2216 506 104 26 quantity
2336 506 28 21 of
2379 505 98 27 superior

1961 531 79 22 SEED
2053 531 125 23 WHEAT.
2206 532 76 27 Apply
2298 535 24 19 to
2340 531 45 22 Mr.
2400 533 77 20 James

1889 557 68 26 Watt,
1966 558 146 26 Wellington.
2375 577 3 4 ,

2072 603 80 20 Bank
2167 603 131 25 Cheques.

1892 628 70 48 ON
1973 628 80 23 SALE
2064 632 23 19 at
2096 629 38 22 the
2152 628 62 23 office
2232 629 26 21 of
2271 628 43 22 this
2324 635 77 21 paper.
2430 627 47 23 Ga-

1953 658 59 19 zette
2024 654 70 26 office,
2107 656 66 24 April
2181 657 20 23 9,
2213 656 61 21 1841.

1355 110 23 20 S
1477 116 162 21 Education.

1268 150 106 49 MRS.
1395 149 45 22 and
1458 149 71 22 MISS
1552 146 191 25 WAKEFIELD
1767 146 86 23 receive

1357 176 74 28 pupils
1440 183 30 14 on
1480 176 37 21 the
1526 174 115 28 following
1649 177 69 19 terms
1724 181 6 14 :
1731 185 29 4 —

1293 203 45 22 For
1348 202 84 26 .board,
1451 202 54 21 with
1522 201 101 26 washing
1638 200 46 22 and
1698 200 36 22 in-

1321 228 137 23 structionin
1462 227 92 27 general
1559 226 94 28 English
1656 226 78 23 litera-

1321 258 57 24 ture,
1394 255 95 25 writing,
1504 254 44 21 and
1561 253 116 27 aritmetic,
1694 259 40 21 per

1322 284 90 26 quarter
1734 280 12 21 8
1774 280 12 20 8
1814 280 14 19 0

1294 308 79 23 Under
1381 308 14 22 7
1404 314 64 21 years
1478 306 27 22 of
1515 313 42 21 age
1734 305 13 23 7
1774 305 14 22 7
1814 306 14 20 0

1295 335 53 27 Day
1356 334 106 23 boarders
1722 333 27 20 *4
1775 333 15 20 4
1816 332 14 20 0

1295 362 53 26 Day
1357 360 73 28 pupils
1736 359 14 20 2
1776 359 14 20 2
1816 359 14 19 0

1296 388 147 22 Juniorditto
1738 386 10 20 1
1765 385 23 21 11
1817 385 13 19 6

1270 414 95 28 French,
1381 413 89 27 Italian,
1486 413 45 22 and
1544 412 115 27 Drawing,
1671 411 33 23 £l
1719 412 45 21 11s.
1774 410 35 22 6d.
1818 416 40 21 per

1513 442 98 25 quarter.

1296 467 91 22 Private
1396 466 85 22 lessons
1490 466 24 22 in
1525 466 77 27 music,
1615 472 25 15 or
1650 472 45 20 any
1706 464 25 22 of
1742 464 37 22 th«
1788 463 70 22 above

1270 493 111 23 branches
1390 493 27 22 of
1428 493 125 26 education,
1570 499 43 15 one
1626 492 78 21 hour's
1719 490 138 27 instruction,

1272 520 50 23 four
1329 520 87 21 lessons
1433 520 35 21 for
1478 526 42 15 one
1530 519 90 27 guinea.

1298 546 137 22 References
1444 549 23 19 to
1477 546 37 21 the
1523 545 115 27 following
1644 544 128 28 gentlemen
1780 542 80 27 kindly

1272 572 121 30 permitted
1400 580 5 14 :
1406 583 30 5 —

1300 600 64 26 Capt.
1373 599 36 22 W.
1421 599 33 22 M.
1465 598 78 27 Smith,
1555 597 67 28 R.A.,
1632 595 226 30 Surveyor-General,

1299 627 28 21 T.
1339 628 32 19 M.
1383 625 123 28 Partridge,
1516 625 55 28 Esq.

1301 653 23 21 S.
1334 653 99 25 Revans,
1444 652 52 27 Esq.

1383 697 69 20 New
1466 696 122 21 Zealand
1602 696 150 25 Company.

1275 730 93 29 Capital,
1383 729 118 27 £100,000,
1516 729 24 21 in
1550 730 55 20 4000
1614 729 81 21 Shares
1705 728 26 22 of
1741 727 46 22 £25
1797 726 63 28 each,

1499 755 31 22 all
1539 755 54 27 paid
1600 762 39 20 up.

1409 789 91 17 Governor
1505 794 5 10 :
1524 788 75 17 Joseph
1607 788 70 19 Somes,
1687 788 43 20 Esq.

1338 816 181 23 Deputy-Governor:
1531 816 49 16 Hon.
1584 815 74 17 Francis
1665 815 75 20 Baring,
1747 814 51 20 M.P.,

1511 846 109 14 dibectohs
1625 847 5 12 :

1360 871 88 17 Viscount
1454 870 88 22 Ingestre,
1551 870 52 19 M.P.,

1360 893 47 16 Lord
1414 892 59 18 Petrc,

1359 913 64 20 Henry
1430 913 21 16 A.
1458 912 94 21 Aglionby,
1562 912 49 20 Esq.,
1619 911 54 20 M..P.,

1359 934 48 16 John
1415 933 83 17 Ellorker
1504 933 89 19 Boulcott,
1604 932 49 20 Esq.,

1360 955 48 16 John
1415 954 81 16 'William
1502 953 75 20 Buckle,
1583 953 49 20 Esq.,

1360 974 73 17 Russell
1442 974 61 19 Ellice,
1512 974 48 20 Esq.,

1360 996 61 16 James
1430 995 66 16 Robert
1503 994 72 19 Goweii,
1583 994 49 20 Esq.,

1360 1016 48 16 John
1415 1016 54 18 Hine,
1478 1015 48 20 Esq.,

1448 1035 54 20 Hutt,
1510 1036 48 20 Esq.,
1571 1035 52 19 M.P.,

1360 1058 76 16 Stewart
1444 1057 127 19 Majoribanks,
1583 1057 48 20 Esq.,

1360 1077 103 18 Alexander
1470 1077 62 19 Nairn,
1541 1077 49 20 Esq.,

1360 1099 49 16 John
1416 1098 52 19 Pirie,
1477 1098 48 19 Esq.,
1533 1098 104 19 Alderman,

1361 1119 28 17 Sir
1396 1119 67 19 George
1471 1118 82 20 Sinclair,
1560 1118 56 19 Bart.,
1624 1117 53 21 M.P.,

1362 1139 28 17 Sir
1397 1140 28 16 W.
1433 1138 120 19 Molesworth,
1561 1139 55 18 Bart,
1625 1138 53 20 M.P.,

1361 1161 49 15 John
1416 1159 45 17 Abel
1468 1159 64 20 Smith,
1540 1159 50 20 Esq.,
1601 1159 53 19 M.P.,

1362 1180 47 17 Wm.
1419 1180 109 20 Thompson,
1543 1180 49 19 Esq.,
1607 1180 105 18 Alderman,
1727 1178 53 20 M.P.,

1361 1201 49 17 Hon.
1417 1201 96 16 Frederick
1520 1201 37 15 Jas.
1564 1200 120 20 Tollemache,
1695 1199 53 19 M.P.,

1362 1222 77 17 Edward
1447 1222 19 16 G.
1475 1220 104 20 Wakefleld,
1584 1221 37 20 Esq
1628 1231 5 9 ,

1362 1242 28 17 Sir
1397 1242 62 20 Henry
1467 1241 61 19 Webb,
1538 1241 57 20 Bart.,

1361 1263 70 16 Arthur
1438 1262 64 19 Willis,
1510 1262 49 20 Esq.,

1363 1284 68 19 George
1439 1282 95 18 Frederick
1542 1282 71 20 Young,
1621 1282 44 20 Esq.

1425 1310 92 20 Secretary
1521 1314 4 11 :
1538 1310 53 16 Johk
1599 1309 68 19 Ward,
1676 1308 44 21 Esq.

1280 1336 91 23 rTTHE
1379 1337 62 21 main
1450 1337 97 21 features
1555 1337 26 20 of
1586 1336 38 21 the
1631 1339 86 24 system
1724 1335 26 22 of
1756 1335 111 22 coloniza-

1286 1357 29 28 i
1353 1364 48 21 tion
1412 1363 96 27 adopted
1517 1362 29 28 by
1557 1362 38 23 the
1607 1363 124 27 Company,
1747 1369 44 19 are,
1793 1374 30 4 —
1825 1363 40 26 Ist,

1280 1390 37 22 the
1326 1390 46 22 sale
1383 1390 26 21 of
1417 1390 72 26 lands,
1505 1392 27 19 at-
1541 1397 30 14 an
1584 1389 99 22 uniform
1697 1389 46 22 and
1757 1389 111 21 sufficient

1280 1417 70 27 price;
1369 1416 45 23 and
1428 1416 75 27 2nclly,
1520 1416 38 21 the
1574 1416 154 27 employment
1741 1415 26 22 of
1780 1422 13 14 a
1805 1415 62 27 large

1280 1444 88 26 portion
1378 1444 26 21 of
1409 1443 38 22 the
1456 1442 209 28 purchase-money,
1676 1449 25 15 as
1711 1449 29 14 an
1750 1442 118 27 Immigra-

1280 1470 46 21 tion
1337 1470 72 22 Fund.
1439 1470 27 21 In
1477 1470 62 21 these
1548 1472 105 25 respects,
1668 1469 40 22 the
1716 1469 118 27 principles
1846 1469 24 21 of

1280 1496 71 23 South
1364 1496 113 23 Australia
1491 1496 57 22 have
1563 1496 58 22 been
1635 1496 105 21 followed
1753 1503 24 14 as
1790 1496 78 27 nearly

1280 1531 23 14 as
1322 1523 172 22 circumstances
1509 1522 80 28 would,
1609 1523 24 21 in
1648 1522 38 22 the
1704 1525 91 25 present
1809 1529 57 21 case,

1280 1550 90 28 permit.

1305 1576 50 22 The
1369 1576 73 28 grand
1456 1576 73 27 object
1544 1576 26 22 of
1585 1576 37 22 the
1637 1583 56 20 new,
1708 1583 26 14 or
1744 1576 123 27 improved,

1280 1606 84 24 system
1374 1603 26 22 of
1409 1603 40 22 the
1458 1603 97 27 disposal
1569 1603 26 22 of
1612 1602 96 23 colonial
1722 1603 71 26 lands,
1809 1603 20 21 is
1844 1606 24 18 to

1280 1629 99 28 regulate
1394 1630 38 21 the
1447 1630 80 26 supply
1541 1629 26 22 of
1584 1637 49 14 new
1647 1629 62 26 land,
1726 1630 31 26 by
1770 1629 37 22 the
1821 1630 47 21 real

1280 1659 71 19 wants
1364 1656 24 22 of
1402 1656 39 22 the
1456 1656 117 27 Colonists,
1589 1663 24 15 so
1628 1656 49 21 that
1691 1656 39 21 the
1743 1656 55 21 land
1811 1656 58 22 shall

1280 1690 69 15 never
1366 1683 28 22 be
1413 1683 71 22 either
1502 1683 189 27 superabundant,
1713 1690 26 14 or
1757 1683 110 27 deficient,

1280 1710 72 22 either
1367 1713 38 18 too
1421 1709 77 28 cheap,
1516 1717 25 14 or
1559 1713 38 18 too
1615 1710 60 21 dear.
1714 1710 23 21 It
1753 1709 40 23 has
1810 1710 58 21 been

1280 1736 78 23 shown
1367 1736 50 22 that
1424 1736 39 22 the
1472 1736 45 22 due
1527 1736 132 28 proportion
1672 1736 104 21 between
1790 1737 79 27 people

1280 1763 46 22 and
1332 1763 56 22 land
1392 1770 53 20 may
1450 1763 29 22 be
1486 1763 128 27 constantly
1619 1763 93 22 secured
1719 1763 31 26 by
1755 1763 114 22 abandon-

1280 1790 40 27 ing
1328 1790 39 21 the
1378 1790 38 21 old
1425 1793 83 23 system
1519 1790 26 21 of
1556 1797 96 19 grants,
1663 1789 45 22 and
1717 1790 114 26 requiring
1839 1797 29 14 an

1280 1816 100 23 uniform
1388 1817 62 27 price
1458 1823 41 21 per
1508 1823 58 20 acre,
1580 1816 34 22 for
1624 1812 30 26 all
1663 1823 50 14 new
1722 1816 72 27 lands,
1805 1816 65 22 with-

1282 1844 174 26 outexception.
1484 1843 27 21 If
1520 1843 38 22 the
1567 1844 61 26 price
1639 1844 29 21 be
1680 1846 44 19 not
1736 1844 37 21 too
1786 1843 50 27 low,
1851 1844 19 21 it

1280 1870 75 22 deters
1362 1869 137 28 speculators
1508 1869 58 22 from
1581 1870 117 27 obtaining
1711 1870 62 27 land,
1788 1870 53 21 with
1856 1878 14 15 a

1282 1897 56 22 view
1345 1900 24 18 to
1378 1897 90 27 leaving
1477 1896 58 23 their
1543 1900 107 24 property
1658 1897 24 22 in
1693 1903 13 15 a
1717 1897 75 21 desert
1804 1900 63 24 state,

1282 1924 45 21 and
1338 1923 54 22 thus
1405 1926 106 23 prevents
1519 1923 110 27 injurious
1638 1923 135 28 dispersion;
1788 1923 18 22 it
1814 1924 54 27 also,

1283 1951 28 27 fay
1320 1950 138 28 compelling
1465 1957 67 20 every
1537 1950 105 22 labourer
1648 1952 24 19 to
1678 1950 63 22 work
1747 1950 36 22 for
1789 1957 79 21 wages,

1282 1977 57 22 until
1348 1977 30 21 he
1386 1977 42 22 has
1437 1977 69 21 saved
1519 1977 37 21 the
1566 1977 54 26 only
1629 1984 79 14 means
1719 1977 26 21 of
1755 1977 115 27 obtaining

1282 2003 61 25 land,
1352 2004 88 20 insures
1455 2010 13 13 a
1481 2003 81 26 supply
1577 2003 26 20 of
1613 2003 80 21 labour
1705 2003 36 21 for
1755 2003 54 21 hire.
1839 2004 28 25 If,

1283 2036 29 14 on
1321 2029 39 21 the
1370 2028 64 22 other
1443 2028 69 27 hand,
1527 2028 37 22 the
1573 2028 62 27 price
1642 2029 30 21 be
1680 2031 42 19 not
1731 2031 37 19 too
1777 2028 60 27 high,
1851 2029 19 21 it

1284 2055 87 21 neither
1379 2055 99 21 confines
1488 2055 38 21 the
1536 2053 87 24 settlers
1637 2055 78 21 within
1730 2062 13 14 a
1757 2062 64 20 space
1835 2056 35 21 in-

1282 2081 161 27 conveniently
1457 2088 94 20 narrow,
1567 2088 43 15 nor
1624 2081 53 22 does
1691 2081 19 22 it
1725 2084 93 23 prevent
1832 2082 38 22 the

1282 2108 80 27 thrifty
1375 2109 104 21 labourer
1492 2108 58 22 from
1564 2108 119 27 becoming
1698 2115 14 15 a
1722 2108 146 29 land-owner,

1282 2135 58 22 after
1349 2135 102 26 working
1461 2142 61 15 some
1532 2135 55 21 time
1596 2135 35 21 for
1640 2142 82 20 wages.

1310 2162 21 21 A
1349 2161 118 27 sufficient,
1484 2161 43 22 but
1543 2164 42 19 not
1601 2168 64 17 more
1683 2161 57 23 than
1759 2161 112 23 sufficient

1283 2189 60 26 price
1353 2189 36 21 for
1401 2188 31 23 all
1444 2195 50 15 new
1507 2188 62 27 land,
1585 2189 20 21 is
1619 2188 38 22 the
1672 2189 63 21 main
1748 2189 86 22 feature
1848 2189 27 22 of

1283 2215 36 21 the
1338 2222 51 15 new
1403 2217 83 25 system
1501 2215 28 22 of
1543 2215 158 22 colonization.
1734 2215 23 22 It
1772 2216 98 22 obviates

1283 2248 67 20 every
1362 2248 85 21 species
1461 2241 26 22 of
1499 2241 116 28 bondage;
1633 2242 31 27 by
1678 2242 120 28 providing
1811 2250 60 14 com-

1282 2268 90 22 binable
1381 2268 85 27 labour,
1475 2268 21 21 it
1502 2268 93 22 renders
1602 2269 104 28 industry
1713 2276 56 21 very
1776 2269 96 28 produc-

1283 2295 51 26 tive,
1345 2295 46 22 and
1399 2295 122 22 maintains
1529 2295 56 22 both
1593 2295 55 27 high
1663 2303 80 20 wages,
1760 2296 45 22 and
1817 2296 54 27 high

1282 2322 89 27 profits;
1392 2321 19 22 it
1426 2321 77 23 makes
1522 2321 37 23 the
1578 2322 81 27 colony
1675 2330 24 14 as
1716 2323 116 22 attractive
1847 2330 24 15 as

1281 2348 104 28 possible,
1399 2347 57 24 both
1470 2351 23 19 to
1508 2349 122 27 capitalists
1645 2349 46 21 and
1705 2352 24 19 to
1743 2349 127 28 labourers;

1282 2375 45 22 and
1336 2378 42 19 not
1386 2375 86 27 merely
1479 2377 24 19 to
1513 2375 68 27 these,
1595 2376 42 22 but
1645 2375 54 28 also,
1709 2376 32 27 by
1750 2377 122 26 bestowing

1282 2409 30 15 on
1325 2402 39 21 the
1376 2401 88 28 colony,
1479 2401 40 22 the
1527 2402 74 22 better
1616 2403 118 21 attributes
1749 2403 25 21 of
1791 2410 28 15 an
1835 2403 37 22 old

1281 2429 91 26 society,
1383 2431 23 19 to
1415 2428 62 22 those
1485 2429 51 21 who
1541 2429 59 22 have
1607 2436 14 14 a
1627 2429 92 22 distaste
1726 2429 35 22 for
1767 2429 59 22 what
1832 2430 40 22 has

1280 2453 127 24 heretofore
1416 2455 58 22 been
1484 2455 39 23 the
1536 2455 113 28 primitive
1659 2456 116 22 condition
1786 2457 26 21 of
1821 2464 51 15 new

1282 2482 107 22 colonies.

1308 2509 48 21 The
1365 2511 65 25 great
1438 2509 75 27 object
1522 2509 25 21 of
1557 2509 39 21 the
1604 2509 62 28 price
1674 2509 20 23 is
1706 2512 23 20 to
1744 2517 76 16 secure
1833 2510 38 22 the

1281 2538 60 19 most
1349 2535 110 22 desirable
1467 2535 142 28 proportions
1618 2536 101 22 between
1734 2537 79 28 people
1826 2538 46 21 and

1278 2562 58 22 land
1341 2570 5 19 ;
1362 2562 42 22 but
1412 2561 39 22 the
1461 2562 54 27 plan
1524 2561 40 23 has
1574 2562 39 22 the
1619 2562 87 23 further
1712 2563 71 22 result
1790 2564 25 21 of
1821 2571 51 21 pro-

1282 2589 84 26 ducing
1376 2596 14 14 a
1398 2595 105 20 revenue,
1520 2589 74 21 which
1607 2589 47 22 will
1668 2592 41 19 not
1725 2590 53 27 only
1793 2591 79 28 supply

1282 2616 37 22 the
1331 2615 107 28 requisite
1452 2615 68 28 profit
1532 2618 23 19 to
1570 2615 37 23 the
1623 2615 156 23 shareholders
1793 2617 25 22 of
1833 2617 38 22 the

1282 2643 123 26 Company,
1430 2641 42 22 but
1492 2641 113 23 furnishes
1628 2642 37 22 the
1688 2650 80 15 means
1785 2643 35 22 for
1842 2651 28 14 an

1282 2669 157 27 Immigration
1449 2668 73 27 Fund,
1524 2681 30 4 —
1555 2676 14 14 a
1575 2668 57 22 fund
1640 2670 129 27 constantly
1776 2670 96 27 applica-
1877 2666 2 13 '

1282 2696 36 22 ble
1334 2699 24 18 to
1374 2695 38 22 the
1428 2702 97 21 purpose
1540 2695 27 22 of
1578 2695 107 28 bringing
1699 2696 80 22 labour
1795 2700 23 18 to
1833 2697 38 22 the

1283 2722 81 27 colony
1364 2734 32 5 —
1397 2721 50 22 that
1459 2722 26 27 is,
1501 2722 26 21 in
1543 2722 94 27 causing
1653 2723 37 21 the
1706 2723 51 22 best
1776 2731 54 15 sort
1849 2725 26 21 of

1282 2749 151 21 colonization
1442 2751 24 19 to
1475 2748 96 32 proceed
1580 2752 24 18 at
1614 2749 38 22 the
1665 2752 99 24 greatest
1776 2750 95 27 possible

1282 2778 54 20 rate.
1365 2775 56 22 And
1427 2774 45 23 this
1478 2782 19 14 is
1504 2775 38 22 the
1549 2775 83 23 second
1641 2776 87 22 feature
1740 2777 25 21 of
1776 2777 37 22 the
1822 2784 50 16 new

1282 2805 92 25 system.
1877 2798 2 35 j

1308 2829 49 23 The
1366 2828 155 27 employment
1530 2829 25 21 of
1569 2828 39 22 the
1622 2829 210 29 purchase-money,
1847 2838 25 14 or
1877 2827 2 31 j

1282 2855 38 22 the
1328 2855 112 28 principal
1449 2858 50 24 part
1508 2855 26 22 of
1543 2855 24 27 it,
1578 2856 25 21 in
1613 2857 128 28 conveying
1750 2857 85 22 settlers
1848 2860 23 19 to

1282 2882 36 22 the
1329 2882 89 27 colony,
1429 2881 41 23 has
1479 2881 38 23 the
1526 2881 115 29 following
1651 2883 84 23 effects.
1764 2884 22 22 It
1796 2884 76 22 makes

1282 2909 38 21 the
1333 2908 135 28 purchasers
1481 2909 27 21 of
1522 2908 55 22 land
1590 2917 38 15 see
1642 2909 93 30 plainly,
1752 2911 49 22 that
1814 2911 58 22 their

1282 2942 83 20 money
1374 2935 47 22 will
1428 2935 30 21 be
1466 2935 108 23 returned
1581 2936 25 22 in
1619 2936 39 23 the
1671 2937 70 28 shape
1754 2938 26 21 of
1793 2937 79 25 labour

1282 2962 45 22 and
1335 2961 139 29 population.
1503 2963 23 21 It
1534 2962 73 28 tends,
1623 2963 23 22 in
1656 2963 52 28 fact,
1724 2967 24 19 to
1757 2964 67 22 lower
1833 2965 38 22 the
1877 2966 2 28 j

1282 2996 119 20 necessary
1419 2988 107 23 standard
1545 2989 25 22 of
1585 2990 68 27 price,
1669 2991 104 28 because,
1790 2991 54 22 with
1858 3000 14 14 a

1281 3019 105 19 constant
1394 3015 74 22 influx
1477 3015 26 21 of
1513 3015 80 28 people
1602 3020 24 18 to
1635 3017 38 22 the
1684 3018 89 27 colony,
1781 3017 38 23 the
1828 3018 44 23 due

1281 3043 130 27 proportion
1414 3043 103 21 between
1525 3048 79 22 people
1611 3043 45 22 and
1661 3044 56 22 land
1724 3052 54 20 may
1783 3045 28 21 be
1818 3045 54 28 kept

1281 3077 31 20 up
1320 3069 32 27 by
1362 3076 14 14 a
1383 3069 69 21 lower
1460 3069 69 27 price,
1540 3069 56 22 than
1605 3070 21 22 if
1635 3071 64 22 there
1709 3078 59 15 were
1778 3079 29 14 no
1816 3073 56 21 such

1282 3095 151 27 immigration
1439 3111 5 6 .
1463 3097 23 20 It
1494 3095 113 23 therefore
1612 3097 133 23 diminishes
1751 3098 37 23 the
1795 3099 77 27 period

1282 3123 82 26 during
1372 3121 74 23 which
1454 3121 38 23 the
1501 3122 106 23 labourer
1619 3127 61 19 must
1691 3125 62 22 work
1767 3125 35 22 for
1815 3125 55 28 hire,

1282 3149 44 22 and
1334 3149 32 27 by
1376 3149 38 22 the
1427 3149 64 26 rapid
1505 3156 102 21 progress
1622 3151 73 22 which
1709 3152 20 21 it
1742 3151 92 29 imparts
1847 3156 25 18 to

1282 3176 37 22 the
1327 3176 51 21 best
1387 3178 46 19 sort
1442 3175 27 22 of
1479 3176 157 28 colonization,
1651 3178 19 21 it
1684 3178 102 29 explains
1802 3181 22 20 to
1833 3179 39 22 the

1282 3202 118 27 labouring
1408 3202 58 22 class
1475 3202 26 22 of
1506 3203 149 27 immigrants,
1665 3204 50 23 that
1724 3212 67 21 every
1800 3213 42 16 one
1849 3207 26 21 of

1282 3229 61 22 them
1355 3229 51 21 who
1422 3229 20 21 is
1456 3229 137 23 industrious
1610 3231 45 22 and
1672 3231 86 29 thrifty,
1775 3240 53 19 may
1842 3233 29 22 be

1281 3263 50 15 sure
1341 3259 23 18 to
1372 3256 95 22 become
1479 3259 41 19 not
1533 3257 86 28 merely
1634 3265 29 15 an
1679 3266 76 15 owner
1769 3259 27 22 of
1809 3259 61 28 land,

1281 3283 41 22 but
1336 3281 48 23 also
1399 3281 26 23 in
1443 3281 36 23 his
1497 3285 59 20 turn,
1578 3290 31 16 an
1628 3285 117 28 employer
1762 3286 27 21 of
1807 3286 65 23 hired

1282 3309 121 25 labourers,
1414 3316 14 14 a
1437 3311 83 20 master
1530 3309 25 22 of
1565 3314 110 20 servants.

1307 3335 69 22 From
1385 3331 63 26 these
1458 3336 182 29 considerations,
1655 3338 40 22 the
1705 3339 118 28 Company
1830 3339 42 22 has

1281 3361 98 28 adopted
1397 3361 38 23 the
1451 3368 62 16 same
1531 3365 82 25 system
1630 3365 26 21 of
1672 3365 116 28 disposing
1802 3367 26 20 of
1842 3367 29 21 its

1282 3392 66 18 waste
1359 3388 74 28 lands,
1449 3395 25 15 as
1488 3389 42 22 has
1544 3390 92 28 already
1649 3393 86 26 proved
1749 3392 78 28 highly
1838 3393 34 22 fa-

1281 3415 106 22 vourable
1401 3417 24 19 to
1439 3415 38 22 the
1490 3416 185 27 productiveness
1689 3419 26 21 of
1729 3419 104 28 industry
1846 3420 24 21 in

1281 3441 71 23 South
1360 3441 122 23 Australia.
1512 3443 29 21 In
1551 3450 13 15 a
1574 3450 52 16 new
1637 3444 87 28 colony,
1740 3446 93 27 planted
1846 3447 24 21 in

1280 3476 14 14 a
1302 3468 74 22 fertile
1386 3468 47 22 and
1447 3469 115 23 extensive
1576 3471 113 28 territory,
1701 3472 23 21 it
1737 3480 20 14 is
1771 3473 99 28 obvious,

1281 3495 48 22 that
1347 3494 39 22 the
1402 3495 170 23 establishment
1587 3497 27 21 of
1629 3497 56 22 such
1699 3504 14 15 a
1727 3501 84 26 system
1825 3500 19 21 is
1858 3507 14 14 a

1282 3525 80 19 matter
1379 3521 26 22 of
1422 3521 38 22 the
1477 3521 91 29 deepest
1585 3527 103 19 moment
1702 3527 25 19 to
1744 3525 39 22 the
1797 3525 74 23 future

1282 3548 88 22 welfare
1382 3548 26 21 of
1420 3548 92 27 society.
1645 3551 20 21 it
1679 3550 38 22 the
1731 3551 52 23 best
1796 3552 80 22 effects'
1877 3544 2 13 '

1281 3582 51 18 may
1341 3574 55 22 with
1405 3574 132 23 confidence
1545 3575 29 22 be
1583 3577 137 27 anticipated
1727 3585 6 13 :
1749 3584 13 15 a
1769 3582 103 18 constant

1281 3603 45 21 and
1333 3601 91 27 regular
1433 3601 80 27 supply
1524 3601 26 22 of
1560 3610 51 15 new
1619 3603 56 21 land
1683 3603 24 22 in
1722 3604 45 22 due
1781 3612 91 21 propor-

1280 3629 47 21 tion
1335 3631 24 19 to
1369 3628 38 21 the
1426 3631 70 18 wants
1506 3628 28 21 of
1542 3635 14 14 a
1562 3629 133 28 population
1705 3630 128 28 increasing
1841 3632 31 27 by

1278 3654 72 22 births
1359 3654 47 22 and
1418 3654 153 27 immigration
1578 3663 5 18 ;
1601 3655 32 22 all
1646 3655 39 23 the
1699 3657 136 27 advantages
1850 3661 22 19 to

1280 3681 72 22 vrhich
1361 3680 104 23 facilities
1475 3681 25 21 of
1510 3685 113 24 transport
1630 3682 46 22 and
1683 3684 189 23 communication

1279 3716 39 14 are
1328 3708 105 21 essential
1440 3715 6 19 ;
1462 3708 110 26 certainty
1586 3709 28 21 of
1622 3708 76 29 limits,
1715 3709 47 23 and
1775 3711 98 30 security

1279 3735 26 21 of
1316 3734 50 22 title
1376 3737 24 19 to
1408 3737 106 29 property
1522 3735 25 21 in
1558 3734 69 28 land;
1642 3735 39 22 the
1691 3739 99 24 greatest
1801 3737 72 23 facili-

1278 3762 43 20 ties
1331 3768 29 14 on
1371 3762 116 26 acquiring
1496 3761 38 22 the
1546 3760 42 23 due
1598 3762 115 27 quantity;
1728 3763 39 22 the
1777 3767 96 24 greatest

1279 3791 192 24 encouragement
1483 3791 22 18 to
1514 3788 152 27 immigration
1677 3789 46 22 and
1732 3791 139 28 settlement;

1278 3814 47 22 and
1338 3814 38 22 the
1391 3817 59 19 most
1463 3814 64 28 rapid
1542 3822 103 21 progress
1659 3816 27 21 of
1701 3815 39 23 the
1753 3817 80 27 people
1846 3818 24 22 in

1278 3841 103 21 material
1390 3842 97 21 comfort
1495 3841 50 22 and-
1550 3842 69 22 social

1280 3885 89 47 FOR
1383 3885 85 27 SALE,
1481 3888 22 19 at
1513 3885 37 23 the
1699 3887 77 28 Office,
1786 3889 84 22 36-line

1353 3911 64 23 Brief
1429 3912 79 27 Paper.

184 125 191 27 Immigration
389 125 89 20 Office.

42 161 29 20 T
89 160 64 22 ISTS
162 159 27 22 of
195 159 73 26 newly
277 157 88 23 arrived
374 156 145 27 Immigrants
528 162 37 15 are
570 154 56 29 kept

40 179 46 29 X-A
116 189 25 18 at
157 185 45 22 this
220 185 79 26 Oflice,
318 184 73 22 where
410 183 82 27 parties
511 181 114 28 requiring

39 212 115 22 workmen
163 219 26 14 or
205 214 99 19 servants
313 217 43 15 can
372 209 86 22 receive
472 207 151 26 information,

42 239 44 21 and
102 239 63 21 those
182 240 39 19 out
235 237 24 22 of
271 236 152 28 employment
436 242 42 14 can
493 235 58 21 have
567 233 59 23 their

40 272 78 15 names
127 264 129 27 registered,
267 270 28 14 on
305 263 107 27 applying
421 265 23 18 to

218 297 91 22 Daniel
325 296 136 25 Riddiford,

368 320 157 26 Immigration
542 320 84 26 Agent.

41 367 139 49 PUBLIC
193 366 199 22 NOTICE.—The
402 364 91 22 Settlers
501 371 36 14 are
543 363 85 27 hereby

113 393 112 23 informed
243 393 51 21 tha<r
308 393 38 21 the
366 392 57 21 New
443 390 101 23 Zealand
563 390 65 21 Com-

39 421 81 26 pany's
129 420 57 22 flour
195 419 45 22 will
249 419 118 26 hereafter,
377 418 58 21 until
445 416 87 23 further
538 416 90 21 intima-

38 446 56 27 tion,
115 447 29 21 be
162 446 49 22 sold
229 449 24 18 at
271 451 148 16 threepence
439 451 41 19 per
501 442 82 28 pound,
603 442 25 21 in

40 473 120 27 quantities
169 472 26 24 of
201 480 14 14 a
224 472 78 26 barrel,
312 473 27 20 28
349 471 49 25 lbs.,
409 471 27 21 56
445 470 49 26 lbs.,
505 470 27 21 84
544 469 41 22 lbs.
586 485 7 15 ;
605 475 25 15 or

40 500 40 20 112
87 500 50 26 lbs.,
148 498 95 28 payable
252 499 24 20 in
286 498 53 22 cash
349 505 30 14 on
388 494 107 30 delivery.
524 495 105 27 Applica-

38 525 60 22 tions
109 529 22 18 to
142 526 27 21 be
182 524 65 22 made
258 524 52 27 only
321 527 23 18 at
353 524 38 21 the
402 523 135 27 Company's
548 523 80 25 Stores,

38 551 102 22 between
150 552 38 21 the
197 552 69 21 hours
276 552 25 21 of
307 552 27 20 10
343 550 46 22 and
397 551 15 20 4
421 549 93 22 o'clock.

173 585 57 21 Geo.
247 584 108 26 Hunter,
367 580 261 30 Storekeeper-GeneraL

68 611 145 27 Wellington,
226 610 50 23 17th
286 610 72 27 April,
370 611 61 20 1841.
569 633 4 3 .

225 658 65 21 Just
303 656 144 24 Received,

40 692 73 48 AT
126 691 64 23 THE
205 690 109 23 OFFICE
330 689 39 23 OF
388 689 73 22 THIS
476 687 108 27 PAPER,
600 694 30 15 an

128 718 114 22 extensive
259 716 101 22 addition
377 715 26 23 of
417 715 89 23 various
525 714 66 22 kinds
607 714 26 22 of

42 752 133 27 Stationery,
187 750 122 27 consisting
318 750 34 21 of:
353 760 29 5 —

69 778 98 27 Ledgers
178 777 45 22 and
230 780 95 19 account
332 776 77 26 books,
421 774 89 23 various
520 780 63 20 sizes,

70 805 86 22 Pocket
163 804 87 26 ledgers
261 803 44 22 and
313 801 172 24 memorandum
496 800 78 27 books,
591 826 6 6 #

69 830 110 28 Foolscap
189 830 45 22 and
243 830 89 26 writing
340 835 76 21 paper,
426 828 88 21 various
520 826 108 28 qualities,

69 856 122 28 Engraved
200 863 57 20 copy
267 856 51 27 slips
329 856 46 21 and
383 854 78 27 books,

69 884 56 22 Best
133 883 81 22 Welch
223 885 73 23 slates,
307 882 62 27 large
379 881 45 22 and
433 879 72 28 small,

70 910 64 23 Lead
144 910 45 21 and
198 910 56 21 slate
263 908 91 28 pencils,

69 937 89 26 Rulers,
168 935 74 23 round
251 935 45 22 and
304 934 48 28 flat,

71 964 96 26 Sponge,
179 962 78 22 wafers
266 962 24 21 in
299 964 13 19 2
322 968 34 15 oz.
371 961 76 26 boxes,
464 959 67 22 India
541 959 88 26 rubber,

43 990 86 22 Albata
137 988 152 28 pen-holders,
299 995 54 20 very
363 987 101 28 superior
473 987 87 26 sealing
574 992 56 19 wax,

43 1016 98 27 blotting
150 1023 76 20 paper,
235 1016 40 21 &c.
287 1015 39 22 &c.

188 1048 135 15 WHOLESALE
339 1048 46 14 AND
399 1047 91 15 RETAIL.

141 1089 93 21 Union
247 1089 80 20 Bank
341 1088 30 21 of
388 1088 149 21 Australia.

45 1122 96 23 London
160 1123 92 25 Office,
268 1121 44 22 No.
326 1122 36 26 38,
381 1122 50 21 Old
447 1121 184 21 Broad-strebt.

85 1178 5 6 ,
99 1155 95 28 Capital,
204 1155 121 26 £800,000;
346 1154 52 27 paid
407 1161 37 20 up,
459 1154 119 27 £500,000.

280 1192 109 12 DIRECTORS
395 1193 4 11 :

151 1216 69 19 George
228 1215 38 17 Fife
273 1215 66 20 Angus,
348 1215 48 20 Esq.,

151 1237 69 16 Robert
227 1236 74 19 Brooks,
311 1236 48 20 Esq.,

151 1258 62 15 James
221 1256 48 17 John
276 1256 100 19 Cummins,
384 1256 49 20 Esq.,

151 1277 69 17 Kobert
224 1277 98 19 -Gardener,
334 1277 49 20 Esq.,
395 1276 122 20 Manchester,

111 1313 7 6 „
151 1298 49 16 John
207 1298 47 16 Gore
269 1298 48 19 Esq.,
642 1298 2 5 '

151 1319 49 16 John
207 1317 80 18 William
294 1317 75 19 Buckle,
375 1317 48 21 Esq.,

151 1339 96 20 Benjamin
255 1339 21 16 E.
283 1338 63 20 Lindo,
353 1338 49 20 Esq.,

153 1360 73 16 Charles
234 1359 76 17 Edward
316 1359 88 20 Mangles,
413 1359 49 19 Esq.,

152 1380 116 20 Christopher
275 1380 82 19 Rawson,
366 1380 49 20 Esq.,
426 1379 82 20 Halifax,

152 1401 79 17 Thomas
239 1401 63 19 Sands,
310 1401 48 19 Esq.,
365 1399 101 22 Liverpool,

152 1422 62 16 James
221 1421 55 20 Bogle
284 1421 64 19 Smith,
354 1420 49 21 Esq.,

152 1442 62 16 James
221 1441 80 17 Ruddell
307 1442 56 18 Todd,
371 1442 43 19 Esq.

45 1470 86 18 Trustees
137 1474 4 12 :
158 1470 82 16 Geohoe
250 1469 58 15 Carr
318 1469 62 18 Gltn,
391 1468 49 21 Esq.,
451 1468 53 16 John
516 1468 61 20 Gore,
586 1468 48 20 Esq.,

195 1489 36 17 and
238 1489 66 16 James
311 1488 16 17 J.
335 1489 101 19 Cummins,
446 1489 43 20 Esq.

73 1517 83 18 Bankers
161 1522 5 11 :
177 1516 75 17 Messrs.
260 1516 60 19 Glyn,
332 1516 115 19 Hauifax,
456 1516 71 19 Miils,
535 1515 36 16 and
579 1514 29 17 Co.

168 1545 101 19 Secretary:
280 1544 84 17 Samuel
370 1543 95 19 Jackson,
473 1543 43 20 Esq.

138 1571 81 18 Colonial
226 1571 103 21 Inspector:
341 1571 17 16 J.
365 1571 20 16 C.
392 1570 104 20 M'Lahen,
503 1571 43 20 Esq.

170 1619 70 21 New
257 1618 124 21 Zealand
397 1618 117 21 Branch.

45 1653 55 17 Local
107 1653 91 17 Directors
205 1657 4 12 :
225 1652 46 17 Geo.
283 1652 18 17 S.
312 1652 73 18 Evans,
398 1651 49 21 Esq.,
459 1651 70 20 D.C.I/.,
542 1652 37 17 and
590 1651 45 17 Geo.

269 1672 91 20 Hunter,
372 1673 43 20 Esq.

47 1700 97 23 Manager:
155 1700 50 17 John
211 1700 72 19 Smith,
292 1700 48 19 Esq.,
348 1700 37 16 late
392 1699 20 17 of
421 1699 31 17 the
459 1699 119 17 Commercial
584 1699 53 17 Bank

216 1721 22 17 of
245 1721 88 20 England,
345 1720 123 16 Manchester.

158 1756 114 22 Branches
282 1758 24 20 at
320 1755 97 28 Sydney,

321 1780 89 24 Itobart
417 1782 77 28 Town,

322 1808 10 22 I
338 1812 133 24 <aunceston,
482 1808 47 23 and

320 1836 56 22 Tort
384 1835 82 28 Philip.

47 1863 54 23 Port
109 1862 133 28 Nicholson,
252 1862 80 22 March
343 1863 34 26 24,
389 1863 61 21 1840.

47 1917 93 21 ITIHE
156 1916 116 22 Directors
287 1915 28 22 of
328 1915 41 22 the
385 1915 57 22 New
457 1915 102 23 Zealand
573 1916 65 22 Land

54 1938 32 27 JL
123 1943 118 28 Company
254 1942 85 28 hereby
354 1942 51 28 give
421 1943 82 25 notice,
521 1943 49 21 that
584 1943 53 27 they

45 1970 59 22 have
111 1977 115 15 effected
236 1977 29 13 an
276 1976 173 15 arrangement
456 1964 54 26 with
515 1969 39 21 the
561 1970 75 21 Union

46 1996 67 22 Bank
127 1996 26 22 of
169 1996 120 26 Australia,
306 1995 44 22 No.
367 1996 34 25 38,
417 1995 44 21 Old
477 1996 158 25 Broad-street,

47 2022 103 26 London,
162 2022 35 22 for
205 2022 38 21 the
256 2021 168 22 establishment
438 2021 27 22 of
477 2028 13 15 a
507 2021 130 22 BRANCH

45 2049 92 22 BANK
151 2048 35 22 IN
201 2048 72 22 NEW
286 2047 159 27 ZEALAND,
459 2047 97 28 through
565 2048 73 22 which

46 2076 39 21 the
94 2076 103 22 business
210 2075 26 22 of
248 2074 38 22 the
304 2074 56 23 New
376 2074 101 22 Zealand
489 2074 67 22 Land
573 2075 64 22 Com-

45 2110 62 20 pany
115 2102 48 22 will
170 2102 29 22 be
207 2100 135 23 transacted.
370 2100 49 22 The
433 2101 117 22 Directors
564 2102 74 21 there-

45 2130 49 21 fore
102 2128 147 23 recommend
257 2131 23 19 to
297 2128 111 21 Colonists
424 2127 38 22 the
480 2128 76 21 Union
573 2128 64 22 Bank

47 2156 27 21 of
92 2155 114 22 Australia
224 2162 25 15 as
266 2162 29 15 an
320 2154 170 23 establishment
511 2155 127 27 possessing

45 2182 59 22 their
120 2182 71 22 entire
214 2181 137 27 confidence,
371 2180 46 23 and
436 2181 49 22 able
504 2184 23 19 to
546 2182 92 25 provide

46 2208 128 28 effectually
188 2208 36 22 for
240 2208 37 23 the
291 2208 107 22 financial
411 2211 71 18 wants
500 2208 26 21 of
537 2207 37 23 the
591 2208 47 22 first

47 2236 135 22 settlement.

216 2262 35 26 By
261 2262 65 21 order
335 2261 27 22 of
371 2261 38 22 the
419 2261 80 27 Board,

292 2295 85 22 JOHN
392 2295 104 27 WARD,
513 2295 124 28 Secretary.

45 2330 58 22 New
111 2328 103 24 Zealand
222 2328 66 23 Land
297 2328 136 27 Company's
442 2328 79 27 Oflice,

75 2358 19 23 1,
104 2357 161 25 Adam-street,
276 2354 105 28 Adelphi,
392 2354 53 23 27th
454 2354 69 27 Aug.,
534 2356 62 21 1839.

47 2402 162 50 LONDON
227 2401 164 23 AGENCY.—
391 2401 47 23 The
449 2401 37 23 old
504 2401 134 24 established

110 2429 51 22 firm
179 2429 26 22 of
217 2428 36 22 W.
270 2427 103 23 Hickson
389 2428 46 22 and
450 2429 64 26 Sons,
523 2431 35 25 20,
576 2429 62 22 West

48 2455 134 28 Smithfield,
192 2455 103 27 London,
303 2455 138 28 transacting
451 2462 13 14 a
473 2455 63 27 large
546 2459 92 19 amount

46 2483 29 22 of
80 2483 97 26 Foreign
192 2482 109 27 business,
315 2481 45 22 will
373 2482 88 22 receive
470 2483 168 26 consignments

46 2510 28 22 of
89 2509 57 23 New
164 2508 101 22 Zealand
283 2508 105 27 produce,
408 2509 46 21 and
470 2509 127 22 undertake
614 2512 23 19 to

47 2536 66 22 effect
122 2535 59 23 sales
188 2542 62 20 upon
261 2535 38 21 the
313 2537 59 19 most
388 2535 167 28 advantageous
569 2539 69 19 terms

47 2562 50 22 that
106 2570 42 15 can
163 2563 28 21 be
210 2561 105 23 obtained
322 2562 24 22 in
362 2561 102 28 London,
476 2562 122 27 according
614 2566 23 18 to

46 2589 41 22 the
103 2592 57 18 state
177 2588 26 22 of
215 2589 39 21 the
269 2588 95 22 market.
394 2589 32 21 As
443 2589 156 23 land-owners
612 2590 26 22 in

48 2615 56 23 Port
112 2615 131 26 Nicholson,
254 2615 55 31 they
317 2615 58 22 have
391 2622 30 14 an
437 2615 94 23 interest
546 2616 24 22 in
586 2623 52 20 pro-

46 2642 89 27 moting
147 2641 39 23 the
200 2645 124 24 prosperity
334 2642 26 21 of
371 2641 39 23 the
426 2642 94 27 Colony,
532 2643 45 21 and
593 2643 45 22 will

45 2669 60 22 have
113 2671 64 25 great
185 2668 102 28 pleasure
296 2669 24 21 in
330 2668 142 27 discharging
482 2669 37 21 the
530 2669 73 23 duties
612 2669 27 23 of

47 2695 144 28 Consignees.

75 2728 64 28 They
148 2729 60 21 refer
216 2728 24 22 in
257 2728 57 23 New
330 2728 101 23 Zealand
445 2732 24 19 to
483 2729 46 22 Mr.
546 2729 91 23 Revans

47 2756 47 21 and
104 2757 44 20 Mr.
159 2756 32 21 St.
201 2755 56 22 Hill.
292 2756 28 21 In
330 2755 96 23 London
433 2759 23 18 to
466 2756 58 22 their
533 2756 103 29 bankers,

47 2782 93 22 Messrs.
151 2782 108 26 Prweott,
269 2782 77 26 Grote,
357 2782 45 22 and
412 2782 38 22 C«.

218 2830 67 20 Port
299 2829 31 21 of
345 2830 128 20 London.

102 2862 90 22 Notice
212 2869 27 15 to
258 2869 46 15 the
325 2862 93 22 Public.
419 2873 28 5 —
447 2862 126 23 Travellers
593 2864 45 22 and

48 2888 75 23 others
132 2888 52 23 who
193 2888 56 22 send
257 2889 106 27 baggage,
374 2889 73 22 works
457 2889 26 22 of
493 2893 41 24 art,
542 2897 25 14 or
574 2891 64 22 other

48 2916 68 21 value
124 2918 105 24 property
240 2918 22 19 to
271 2915 112 27 England,
402 2915 80 22 should
496 2917 94 26 consign
600 2917 37 22 the

48 2942 113 28 packages
169 2945 24 18 to
203 2944 38 19 the
252 2949 49 14 care
308 2942 26 21 of
340 2949 13 14 a
358 2942 101 22 licensed
466 2943 171 23 Custom-house

49 2971 74 25 agent,
140 2975 25 15 as
181 2968 88 22 articles
284 2975 37 15 are
337 2968 128 28 frequently
478 2970 96 27 injured,
593 2971 45 22 and

48 2995 103 22 needless
162 3002 97 20 expense
273 2994 111 28 incurred,
402 2996 34 21 for
450 2995 39 23 the
503 3000 62 19 want
581 2998 27 21 of
625 3005 13 14 a

47 3029 82 21 proper
138 3029 81 20 person
230 3024 24 19 to
264 3022 51 21 take
325 3021 80 27 charge
415 3022 27 21 of
457 3022 62 23 them
534 3030 30 15 on
579 3023 59 23 their

49 3048 88 26 arrival,
148 3048 46 22 and
202 3055 38 15 see
254 3048 62 22 them
333 3048 98 28 entered,
449 3050 125 27 examined,
593 3051 44 22 and

48 3074 110 28 carefully
171 3075 119 27 repacked.
323 3074 49 23 The
391 3076 82 27 charge
488 3077 19 21 is
522 3077 39 22 the
576 3084 61 16 same

157 3109 24 14 so
193 3102 121 26 consigned
324 3109 24 14 or

100 3135 171 22 Custom-house
282 3135 116 27 Chamber,
410 3136 103 27 London,

49 3194 142 49 DEVOY
199 3194 44 22 and
254 3195 52 27 CO.,
322 3196 45 20 who
380 3203 37 14 are
434 3198 36 19 Vie
483 3198 154 21 LICENSED

130 3222 125 20 AGENTS
263 3222 27 26 of
298 3224 47 19 Her
351 3224 112 26 Majesty's
471 3225 166 22 Commissioners

48 3248 28 25 of
89 3248 99 25 Customs,
198 3249 42 20 and
252 3250 66 20 under
327 3251 63 25 heavy
398 3252 63 19 londs
469 3252 41 24 for
520 3253 36 20 the
565 3253 69 26 safety

50 3275 28 26 of
83 3277 103 23 property
202 3277 109 32 consigned^
325 3279 20 18 to
361 3278 62 25 them,
444 3278 44 27 beg
505 3278 65 22 those
586 3279 50 22 who

49 3302 58 22 send
115 3302 111 27 packages
235 3306 23 18 to
267 3303 58 22 their
335 3311 56 20 care,
407 3308 22 18 to
439 3312 38 15 see
487 3304 49 23 that
545 3306 55 21 each
608 3306 29 22 be

48 3328 117 26 distinctly
182 3328 93 23 marked
421 3331 45 22 and
485 3332 46 26 Co.,
552 3332 84 22 Lower

48 3355 202 27 Thames-street,
389 3358 87 21 andtho
482 3358 40 22 bill
529 3358 26 22 of
560 3358 77 29 lading

48 3388 27 15 or
89 3381 85 27 receipt
188 3381 123 23 forwarded
328 3386 22 18 to
369 3384 62 22 them
449 3384 70 23 direct
532 3385 33 27 by
577 3389 57 25 post,

48 3408 55 22 with
111 3407 145 22 instructions
265 3408 50 23 how
325 3410 54 22 such
388 3410 69 27 goods
467 3418 36 15 are
514 3414 23 19 to
549 3412 28 22 be
593 3412 43 22 dis-

47 3434 72 27 posed
127 3434 27 22 of
165 3441 31 14 on
203 3434 80 22 arrival
292 3443 5 18 ;
313 3436 44 21 and
364 3443 24 15 as
396 3445 67 20 every
470 3438 99 28 package
576 3442 61 19 must

47 3462 29 22 be
94 3461 87 27 opened
202 3463 23 18 at
242 3461 38 21 the
297 3462 178 28 Custom-house,
494 3464 21 22 if
534 3472 45 20 any
598 3473 37 15 are

46 3487 89 27 locked,
147 3487 39 22 the
195 3487 55 27 keys
259 3487 80 22 should
347 3489 29 22 be
384 3490 132 23 forwarded.

76 3521 77 22 Goods
163 3520 46 22 and
217 3520 110 28 packages
337 3528 36 16 are
383 3522 123 24 forwarded
514 3524 33 27 by
555 3524 81 28 Devoy
642 3520 2 16 !

47 3548 47 22 and
103 3548 38 22 Co.
152 3550 23 18 to
186 3547 30 21 all
231 3550 59 24 parts
304 3548 26 21 of
341 3548 38 22 the
395 3550 128 28 Continent,
534 3551 38 22 the
581 3552 55 22 East
642 3552 2 22 i

47 3575 47 21 and
103 3574 64 22 West
174 3574 83 25 Indies,
268 3574 108 28 Colonies,
386 3575 40 22 &c.
438 3577 40 21 &c.
488 3584 5 19 ;
505 3577 52 26 and,
568 3578 21 21 if
600 3586 35 14 re-

47 3601 85 28 quired,
145 3604 52 18 sent
209 3603 24 19 to
242 3600 38 22 the
292 3608 51 14 care
358 3601 25 21 of
394 3603 136 26 responsible
546 3603 88 29 houses,

47 3628 51 22 who
113 3627 45 22 will
174 3635 36 15 see
227 3626 39 22 the
282 3626 142 24 instructions
441 3632 50 18 sent
504 3630 54 21 with
574 3631 61 22 them

47 3654 133 28 punctually
191 3653 107 23 attended
307 3657 30 18 to.

74 3688 40 22 All
123 3688 70 27 goods
203 3687 45 22 and
257 3687 109 28 packages
375 3687 36 22 for
419 3687 112 29 shipment
537 3694 61 18 must
605 3691 30 22 be

47 3714 162 28 accompanied
218 3715 31 27 by
264 3715 87 21 written
365 3715 151 27 instructions,
527 3716 54 22 with
598 3718 37 22 the

46 3748 68 15 name
123 3741 47 22 and
178 3741 91 22 address
278 3741 26 21 of
316 3741 38 21 the
363 3741 83 27 parties
454 3742 30 26 by
494 3742 73 22 whom
581 3743 54 31 they

45 3775 38 14 are
98 3771 57 24 sent,
172 3767 45 22 and
233 3767 38 22 the
285 3770 102 19 contents
400 3767 45 22 and
460 3768 66 21 value
541 3769 28 22 of
581 3773 54 20 each

45 3795 100 27 package
156 3794 80 21 stated.
264 3793 48 22 The
328 3794 55 27 duty
391 3794 111 21 outwards
515 3795 20 21 is
544 3796 43 21 10s.
597 3804 39 19 per

45 3821 63 22 £100
123 3820 73 22 value.
234 3819 48 23 The
297 3824 48 19 rate
361 3821 26 21 of
399 3821 119 22 insurance
536 3821 99 28 depends

46 3854 61 21 upon
118 3847 181 22 circumstances.
329 3847 43 22 For
388 3847 87 22 further
489 3847 145 24 information

45 3874 69 27 apply
137 3876 24 19 to
185 3874 44 21 Mr.
249 3874 94 22 Samuel
368 3874 101 27 Revans,
488 3874 145 29 Wellington,

47 3901 53 21 Port
109 3899 131 23 Nicholson.
642 3897 2 29 j

652 121 74 49 EX
739 120 38 23 the
786 122 88 25 Bailey,;
875 131 28 5 —
903 120 53 22 Two
965 127 63 15 cases
1037 118 97 23 metallic
1143 118 95 22 window

730 147 82 27 sashes,
823 147 92 27 glazed;
931 146 94 22 suitable
1034 146 35 21 for
1078 148 105 24 cottages.

796 174 124 26 Wallace,
930 172 93 27 White,
1033 171 45 24 atid
1087 171 124 22 Wallace.

729 218 63 21 Van
805 216 138 22 Dieman's
957 216 77 21 Land
1047 214 117 22 Timber.

671 251 17 21 A
715 250 107 22 LARGE
835 249 104 28 quantity
948 248 27 23 of
987 248 22 22 V
1010 255 28 15 an
1049 247 116 23 Dieman's
1175 246 65 22 Land

654 275 52 24 XjL
733 277 81 21 timber
832 276 26 22 of
876 276 89 21 various
981 274 137 23 dimensions
1127 281 5 20 ;(>;
1137 294 9 11 (>
1157 273 54 26 also,
1226 280 14 14 a

653 304 62 26 large
725 303 103 28 quantity
837 303 27 21 of
875 301 107 32 Colonial^
984 301 87 26 timber,
1087 299 121 27 consisting
1218 298 24 22 of

655 329 104 26 weather,
770 329 80 27 lining,
866 328 45 22 and
920 327 96 28 flooring
1023 327 82 21 boards
1114 326 44 22 and
1168 328 73 19 scant-

654 356 50 27 ling
713 356 25 21 of
750 355 29 22 all
789 355 56 22 sizes
855 354 46 22 and
908 353 90 28 lengths
1006 362 5 18 ;
1033 360 50 15 now
1096 359 29 15 on
1141 352 61 22 hand
1218 354 24 19 at

656 382 38 22 the
703 385 69 19 stores
783 381 26 23 of
816 381 37 22 the
863 381 160 26 undersigned.

683 408 65 27 They
756 408 46 22 will
810 408 47 22 also
866 408 30 21 be
910 407 76 27 happy
995 410 25 18 to
1030 406 80 27 supply
1118 405 65 21 those
1191 404 51 22 who

656 435 80 22 intend
746 435 98 26 erecting
852 433 113 27 buildings
975 432 54 22 with
1038 432 38 22 the
1080 432 70 22 above
1157 431 84 27 article,

657 464 39 19 cut
715 465 23 18 to
757 461 72 27 order,
851 460 26 22 of
900 466 46 20 any
965 459 138 22 dimensions
1121 458 55 26 they
1191 465 59 19 may-

656 487 95 28 require,
770 487 46 22 and
838 486 135 22 deliverable
992 489 24 19 at
1035 491 45 21 any
1097 487 50 25 part
1165 484 26 22 of
1204 484 39 21 the

656 514 74 22 beach
739 521 30 15 on
778 514 38 21 the
825 513 96 22 shortest
927 512 85 22 notice.

920 546 64 22 John
998 552 47 15 and
1061 544 59 22 Geo.
1134 543 82 23 Wade.

786 591 96 22 Flour!
903 589 95 22 Flour!
1018 587 97 23 Flour!

658 624 104 49 BEST
776 624 88 22 FIRST
878 623 112 27 FLOUR,
1007 630 30 14 ex
1052 621 129 27 Speculator,

735 651 89 22 arrived
832 651 59 21 from
900 649 97 28 Sydney,
1013 649 35 22 for
1058 648 46 22 sale
1113 655 54 20 very
1177 647 70 27 cheap

656 681 26 19 at
691 678 39 22 the
739 678 75 22 Stores
825 677 25 22 of

939 703 63 21 John
1013 702 46 22 and
1069 701 58 23 Geo.
1138 700 80 22 Wade.

687 748 30 21 T.
727 748 38 21 M.
776 747 142 27 Partridge
929 747 21 20 &
961 747 46 20 Co.
1019 747 67 20 offer
1096 745 43 21 for
1149 745 69 24 Sale,

659 781 172 51 BOTTLED
854 783 76 24 porter
952 780 45 22 and
1016 780 50 27 pale
1085 778 35 22 ale
1138 778 24 22 in
1185 777 62 22 three

736 808 72 22 dozen
823 807 72 27 casks,

689 835 67 21 Good
764 835 78 26 sheftry
850 834 25 21 in
885 835 89 26 quarter
987 832 71 28 casks,

687 861 80 22 Mould
777 861 98 26 candles,

687 887 111 27 Windsor,
809 886 93 28 toilette,
913 886 47 22 and
969 885 79 29 yellow
1058 892 60 20 soap,

686 914 102 22 Window
798 914 58 26 glass
866 915 26 20 13
901 914 31 26 by
942 914 20 26 9,

687 940 159 23 Earthenware
854 940 26 22 in
891 942 78 24 crates,

688 968 105 31 Copper's
803 973 65 21 ware,

687 994 85 26 Paints,
781 994 102 26 brushes,
895 993 48 27 &c,

689 1021 52 26 Slop
752 1020 105 27 clothing,

688 1047 95 27 Pickles,
793 1053 85 21 sauces,
889 1046 89 22 French
988 1052 83 22 capers,
1087 1050 100 21 cayenne
1196 1050 53 20 pep-

661 1080 46 21 per,
718 1073 110 27 mustard,

689 1100 68 22 India
765 1100 82 22 rubber
854 1099 114 27 blacking,
979 1099 41 22 &c.
1031 1098 40 21 &c.

689 1126 55 22 And
753 1134 51 14 now
811 1125 102 28 landing,
924 1126 56 21 from
989 1125 37 22 the
1033 1125 117 21 KatJterine
1157 1124 93 21 Stewart

661 1154 83 26 Forles,

689 1180 116 28 Superfine
815 1179 98 22 Dantzic
921 1178 49 22 kiln
978 1178 66 22 dried
1052 1178 65 26 flour,

689 1208 12 20 5
713 1209 51 19 tons
773 1207 57 25 zinc,
841 1206 35 21 for
885 1205 93 27 roofing.

664 1251 73 48 ON
751 1250 86 27 SALE,
851 1256 30 15 ex
895 1251 105 23 AracAne,
1011 1249 60 21 Lord
1087 1249 95 20 William
1195 1249 45 20 Ben
1246 1261 5 4 ■

743 1278 64 24 tinck,
818 1276 45 22 and
871 1278 134 25 Harrington
1012 1286 6 10 .•
1019 1287 29 4 —

690 1305 39 21 9-4
738 1304 45 22 and
791 1305 52 20 10-4
850 1303 112 27 blankets,

691 1332 41 20 100
741 1331 47 27 pair
797 1329 99 28 flushing
905 1334 108 23 trowsers,

691 1359 41 20 100
741 1364 42 21 pea
788 1357 96 27 jackets,

692 1383 22 22 A
721 1383 61 27 large
792 1386 135 19 assortment
936 1383 26 21 of
968 1382 98 28 ribbons,
1073 1382 86 27 shawls,
1168 1381 82 28 cloaks,

664 1409 97 28 hosiery,
771 1411 48 26 &c,

691 1437 88 21 Elliot's
790 1439 66 24 stout,

691 1463 45 21 Do.
747 1463 93 21 Pimlico
850 1463 42 27 ale,

692 1489 114 28 Barclay's
816 1489 86 23 bottled
911 1492 82 25 porter,

692 1516 96 22 London
797 1516 43 27 ale,

692 1543 91 27 Brandy
793 1543 22 21 in
825 1542 71 28 pipes,
906 1542 72 27 hhds.,
987 1542 46 22 and
1042 1545 90 24 quarter
1139 1541 70 27 casks,

692 1569 95 28 Pickles,
798 1576 86 20 sauces,

692 1596 59 22 First
761 1596 45 22 and
816 1596 83 22 second
906 1596 64 26 flour,

694 1622 129 22 Vermicelli
832 1623 46 21 and
886 1622 135 27 maccaroni,

692 1649 134 22 Patnarice.

991 1675 84 23 Waitt
1085 1675 46 22 and
1141 1675 84 22 Tyser.

692 1702 146 28 Wellington,
849 1702 61 22 June
920 1703 33 26 16,
964 1703 62 21 1841.

665 1747 179 49 LANDING
871 1747 58 22 from
958 1747 38 21 the
1017 1747 117 21 KatJterine
1160 1747 94 21 Stewart

741 1775 83 23 Forbes,
836 1774 46 22 and
889 1774 36 22 for
934 1774 47 21 sale
982 1785 27 4 —

691 1809 15 20 2
724 1806 72 28 hhds.,
815 1807 131 27 containing
963 1815 14 14 a
993 1810 65 24 great
1075 1806 85 28 variety
1179 1807 26 22 of
1219 1807 33 22 tin

665 1841 66 19 Avare,

692 1860 82 22 Brown
784 1863 65 24 stout,
1046 1859 90 23 Packed
1161 1860 25 21 in
1214 1860 39 21 red

693 1886 55 23 Pale
758 1887 40 27 ale,
995 1882 12 27 V
1011 1888 76 26 boxes,
1120 1887 73 22 suited
1218 1887 36 22 for

694 1914 75 21 Men's
777 1914 64 21 boots
852 1913 47 22 and
910 1914 72 27 shoes,
989 1909 10 31 J
1012 1914 82 21 Native
1101 1914 70 22 trade.

693 1941 65 27 Soap,

693 1966 108 23 Blankets
802 1978 28 4 —
830 1966 67 23 white
906 1967 46 22 and
961 1967 46 28 red,

694 1993 111 27 Clothing,

694 2019 82 21 Cotton
784 2020 78 31 prints,

694 2045 82 26 Sherry
782 2053 25 14 in
817 2049 90 24 quarter
917 2046 71 26 casks,

694 2072 210 22 Double-barrelled
913 2072 129 28 percussion
1052 2079 64 21 guns,

694 2098 136 27 Negrohead
838 2099 100 22 tobacco.

1048 2126 93 22 Samuel
1154 2126 98 22 Revans.

694 2152 61 22 June
767 2152 32 28 16,
811 2154 60 20 1841.

666 2195 106 49 NOW
786 2196 155 28 LANDING,
955 2204 40 20 per
1004 2198 72 25 Mary,
1091 2197 76 26 30,000
1177 2196 77 22 ladies'

748 2222 74 28 slates,
833 2224 25 20 16
872 2224 32 20 in.
914 2224 30 26 by
958 2225 13 20 8
982 2223 31 23 in.
1038 2224 44 22 For
1090 2224 131 27 particulars
1233 2223 26 22 of

666 2249 68 27 price,
746 2250 47 26 &c,
802 2250 67 27 apply
878 2253 23 18 to
1262 2253 2 25 j

852 2283 132 28 Ridgways,
1002 2284 105 27 Guyton,
1124 2284 44 21 and
1182 2284 71 22 Earp.

666 2327 41 20 To
729 2328 46 20 the
795 2328 169 24 Merchants,
986 2329 196 26 Ship-owners,
1201 2330 53 21 and

762 2354 94 21 others
876 2354 31 21 of
919 2355 67 20 Port
999 2355 161 22 Nicholson.

668 2387 159 48 MESSRS.
850 2387 102 23 PRATT
971 2388 45 22 and
1035 2388 109 22 BEVAN
1163 2389 44 28 beg
1219 2396 35 15 re-

759 2413 118 28 spectfully
904 2417 23 19 to
950 2414 84 23 inform
1056 2415 38 22 the
1117 2417 135 26 merchants,

666 2439 155 28 ship-owners,
838 2441 47 22 and
901 2441 83 28 others,
999 2441 50 22 that
1063 2442 52 27 they
1132 2443 57 22 have
1204 2450 50 15 now

666 2467 147 22 commenced
830 2467 38 22 the
888 2467 157 23 manufacture
1068 2469 26 22 of
1108 2476 61 21 rope,
1189 2469 64 27 lines,

666 2493 68 22 twine
748 2493 27 23 of
782 2494 30 22 all
826 2494 153 27 descriptions,
993 2498 59 18 mats
1066 2495 25 23 of
1104 2495 32 23 all
1150 2497 64 26 sizes,
1226 2497 28 21 oil

666 2519 78 28 cloths,
764 2521 40 21 &c.
813 2528 5 18 ;
834 2520 84 27 fishing
933 2524 51 20 nets
998 2521 68 23 made
1082 2522 46 22 and
1145 2523 107 28 repaired,

666 2547 46 23 and
728 2554 68 20 every
806 2547 135 28 description
962 2548 26 22 of
1004 2548 77 23 article
1095 2549 25 22 in
1137 2549 37 22 the
1184 2550 70 22 above

665 2573 53 27 line,
736 2574 31 21 all
782 2574 58 22 from
856 2573 58 23 New
927 2574 101 22 Zealand
1044 2575 53 28 flax,
1113 2576 47 22 and
1172 2584 31 14 on
1218 2577 36 22 the

665 2603 59 19 most
732 2601 131 21 reasonable
874 2601 101 28 charges.
1002 2602 78 27 Apply
1089 2605 23 19 to

884 2635 93 22 Messrs.
992 2635 79 22 Pratt
1086 2636 46 23 and
1146 2637 86 28 Bevan,

666 2666 44 23 No.
727 2664 21 31 1,
772 2667 232 28 Molesworth-street,
1031 2668 146 29 Wellington,
1203 2671 52 22 Port

896 2695 131 22 Nicholson.

667 2739 39 21 To
722 2739 163 22 Gentlemen
903 2739 89 28 going
1005 2742 29 19 to
1050 2741 156 27 Wanganui
1225 2749 29 15 or
1262 2752 2 11 :

889 2766 47 21 the
949 2767 82 20 Bush.

667 2798 90 48 FOR
769 2798 87 28 SALE,
871 2801 25 19 at
913 2799 38 21 the
971 2799 75 23 Stores
1066 2800 25 22 of
1111 2801 38 22 the
1167 2801 88 23 Under-

741 2825 83 27 signed,
837 2833 14 13 a
859 2824 63 28 large
937 2826 103 27 quantity
1058 2827 26 21 of
1094 2827 54 28 first,
1164 2829 88 28 second,

666 2852 45 21 and
734 2851 61 22 third
818 2852 86 27 quality
923 2852 89 27 biscuit,
1030 2855 126 21 warranted
1180 2856 73 27 newly

665 2878 81 28 baked,
758 2878 46 22 and
814 2882 23 17 at
844 2879 117 21 moderate
970 2879 79 28 prices.

692 2911 56 32 Any
757 2911 128 28 gentleman
896 2919 43 15 can
948 2912 57 23 have
1016 2913 35 22 his
1061 2921 49 15 own
1117 2914 58 23 flour
1181 2916 73 23 baked

664 2939 49 21 into
722 2938 87 28 biscuit,
820 2939 22 21 if
851 2939 112 27 required.

936 2973 145 23 Archabald
1091 2975 136 23 Anderson.

852 3020 117 22 General
984 3021 86 22 Store.

666 3053 93 49 MR.
774 3053 144 23 TELFORD
932 3054 86 27 having
1029 3056 102 28 recently
1142 3057 65 22 made
1216 3065 38 15 ex-

758 3080 86 22 tensive
861 3081 127 28 purchases,
1007 3082 54 27 begs
1072 3085 22 19 to
1103 3090 119 16 announce
1232 3088 22 19 to

664 3107 36 21 his
709 3107 85 21 friends
803 3106 50 22 that
861 3106 30 22 he
900 3107 41 22 has
951 3115 30 14 on
991 3108 54 27 sale,

693 3133 186 23 HARDWARE
894 3133 27 23 of
931 3135 38 21 the
979 3135 49 22 first
1036 3135 92 30 quality,
1138 3137 116 29 including

665 3168 15 14 a
688 3163 64 24 great
757 3160 87 27 variety
853 3160 27 22 of
890 3161 66 22 nails.

692 3186 105 22 FLOUR
806 3187 27 21 of
843 3187 49 21 first
901 3187 45 23 and
956 3187 84 23 second
1049 3189 94 27 quality.

693 3213 269 28 GROCERIES.—Tea,
976 3222 85 19 sugars,
1079 3216 76 27 coffee,
1172 3217 80 28 butter,

664 3247 61 20 soap,
737 3240 98 27 candles,
845 3240 54 27 rice,
915 3248 66 20 curry
996 3242 98 27 powder,
1109 3243 86 27 pickles
1210 3246 44 21 and

664 3273 86 21 sauces,
761 3267 110 27 spiceries,
882 3268 42 21 &c.

691 3293 102 22 WINES
806 3294 68 22 AND
884 3294 250 24 SPlßlTS.—Besides
1144 3297 37 23 the
1190 3299 64 21 usual

664 3320 82 27 supply
755 3320 26 22 of
791 3320 69 22 wines
869 3320 46 22 and
924 3321 81 27 spirits,
1019 3321 63 23 there
1091 3322 19 22 is
1119 3330 14 14 a
1143 3325 110 22 consider-

664 3344 51 24 able
720 3347 104 27 quantity
828 3347 25 21 of
862 3347 89 22 Scotch
958 3347 115 23 Whiskey
1080 3356 5 19 ;
1098 3349 46 23 and
1149 3358 13 14 a
1167 3350 87 24 limited

663 3373 106 28 quantity
777 3374 27 21 of
814 3374 117 21 Colonial
941 3374 123 22 Whiskey.

691 3399 99 23 BOOTS
803 3400 68 22 AND
886 3400 139 22 SHOES.—
1025 3401 73 22 There
1107 3402 41 22 has
1155 3403 57 23 been
1218 3412 35 15 re-

663 3425 80 22 ceived
760 3433 15 15 a
793 3426 103 28 quantity
917 3427 27 22 of
964 3427 140 28 Wellington
1125 3429 65 23 boots
1209 3432 43 22 and

663 3452 115 22 Warren's
784 3449 114 31 blacking.

690 3479 172 22 BLANKETS.
864 3492 31 4 —
896 3479 71 23 Fresh
981 3480 94 23 arrivals
1088 3481 60 23 have
1157 3490 69 16 come-
1230 3487 22 20 to

662 3504 63 23 hand
733 3505 25 22 in
768 3507 37 20 8-4
814 3506 46 22 and
870 3508 58 26 11-4,
946 3507 26 21 of
984 3508 91 22 various
1089 3509 103 27 qualities
1208 3512 44 22 and

663 3532 79 28 prices.

690 3558 374 25 HABERDASHERY.—There
1080 3561 18 22 is
1112 3568 14 15 a
1135 3563 70 23 select
1212 3564 41 23 but

661 3584 89 23 limited
775 3586 103 27 quantity
901 3593 31 15 on
956 3586 69 28 hand,
1047 3588 118 28 including
1182 3593 68 26 tapes,

663 3612 98 26 threads,
772 3612 66 22 black
849 3612 45 23 and
908 3612 106 23 coloured
1028 3622 87 14 sewing
1130 3623 63 15 silks
1208 3618 44 22 and

663 3638 65 28 twist,
750 3638 96 28 darning
864 3642 84 25 cotton,
965 3640 99 28 needles,
1083 3642 83 27 combs,
1187 3643 65 23 India

663 3664 43 22 silk
713 3665 46 22 and
766 3668 76 19 cotton
849 3666 181 28 handkerchiefs,
1037 3667 85 28 braces,
1131 3669 40 22 &c.

689 3691 266 24 DRAPERY.—White
975 3696 77 19 cotton
1073 3694 102 29 shirting,
1193 3699 60 20 stout

661 3718 143 23 unbleached
817 3722 84 24 cotton,
915 3720 61 22 40in.
990 3720 65 28 wide,
1072 3724 77 20 cotton
1163 3722 87 29 checks,

663 3744 56 21 dark
729 3745 77 26 prints,
818 3746 41 22 &c.
871 3746 40 22 &c.

690 3770 54 22 OIL
765 3772 68 22 AND
857 3772 199 23 LAMPS.--This
1073 3774 67 22 latter
1158 3775 40 22 has
1217 3784 34 14 re-

663 3796 78 23 ceived
750 3805 29 14 an
789 3798 100 23 increase
899 3798 27 23 of
936 3799 38 21 the
983 3800 50 21 best
1046 3801 86 27 quality
1149 3802 48 21 that
1212 3803 39 22 has

662 3826 39 23 yet
710 3823 59 22 been
778 3824 84 23 offered
870 3825 25 22 in
904 3824 39 23 the
954 3826 93 27 Colony.

689 3849 73 22 There
771 3850 40 22 has
821 3851 47 22 also
879 3859 64 14 come
952 3854 23 19 to
995 3852 61 23 hand
1072 3861 14 14 a
1101 3854 66 22 small
1180 3854 33 23 lot
1229 3856 25 21 of

662 3878 66 20 straw
745 3876 59 26 hats,
829 3885 41 15 sou
873 3878 3 9 1
902 3882 96 24 westers,
1021 3880 83 22 Scotch
1122 3888 59 20 caps,
1201 3889 50 15 um-

661 3902 89 27 brellas,
762 3903 39 22 &c.
