3280 4290
82 139 209 46 Visitors'
330 139 119 46 List.

86 240 102 25 Brent's
206 241 127 24 Bathgate
351 241 95 24 House.

49 273 28 17 Dr
85 271 60 21 Barry
153 270 22 18 T.
184 271 80 20 Kusscll,
273 268 53 21 West
333 271 96 19 Maitland

100 294 78 20 Burton,
188 294 99 17 Auckland

84 317 54 20 Bain,
148 317 117 22 Wellington

84 342 80 21 Hyains,
173 340 87 17 Buncdin

167 362 99 18 Auckland

83 400 76 17 Brown>
213 403 12 10 >»
240 400 4 18 %
333 412 15 3 _
361 400 3 18 .
375 411 6 7 ,

86 421 37 18 and
131 417 71 19 Master
211 414 113 20 Chisholme,
333 412 91 17 Brisbane

51 447 46 17 Miss
105 442 98 20 Mulvany,
213 437 99 19 Auckland

94 466 87 23 Hughos,
260 474 11 8 »

95 490 43 19 Old,
209 508 5 6 ,
225 490 3 24 .
260 496 11 9 »

95 513 74 19 Atkins,
179 509 135 18 Kommarama

94 535 76 20 Taylor,
180 532 33 24 (2),
222 530 46 18 Now
277 528 61 19 South
348 530 18 14 W
371 527 37 17 ales

49 560 31 19 Mr
88 560 26 18 H.
124 560 22 17 E.
157 557 80 20 Aubrey,
247 550 115 24 Whangaroi

84 581 97 20 Halstcad,
191 576 89 24 England

84 607 103 17 Vlcxruorc,
197 599 99 20 Tasmania

84 629 57 19 Youi,
150 623 99 20 Tasmania

79 651 88 18 'Maurice
174 647 49 20 Joel,
232 644 89 19 Dunefiin

83 676 63 18 Gates,
157 671 75 24 Sydney
309 671 4 24 .

82 697 38 18 and
127 696 41 18 Mrs
176 694 78 17 Ashton,
264 691 71 21 Napier

84 720 37 18 and
129 720 41 17 Mrs
177 717 51 18 John
236 714 75 22 Taylor,
320 710 77 19 N.S.W.

84 743 37 18 and
129 743 40 17 Mrs
178 739 95 19 Andrews,
283 736 66 17 N.S.\\
357 736 3 25 .

84 767 22 17 F.
115 767 84 19 Heeney,
209 761 91 19 Brisbane

83 789 52 18 John
143 787 72 20 Grubb,
225 783 118 22 Wellington

84 812 29 19 W.
123 812 20 18 C.
153 810 126 21 Kensington,
290 805 100 18 Auckland

84 837 21 17 T.
115 835 26 17 M.
151 833 74 23 Taylor,
235 827 99 21 Auckland

83 859 29 17 W.
121 857 19 18 J.
149 857 76 17 Munro,
235 850 99 21 Auckland

47 883 81 17 Masters
136 879 69 22 Taylor
213 876 33 22 (2),
254 874 77 19 N.S.W.

150 916 140 22 Tarawera
298 912 90 22 House

48 960 41 17 Mrs
97 956 81 19 Daniell*
189 953 105 19 Halcombe

83 982 52 17 Lean
144 978 37 18 aii(l
189 976 56 21 cliilti,
256 974 109 19 IVlakotuku.

48 1007 31 17 Mr
87 1004 37 18 and
133 1003 40 18 Mrs
181 1002 64 20 Perry,
255 996 90 25 England

164 1025 77 18 Salmon
249 1022 37 18 and
295 1022 10 16 '2
314 1019 90 19 children,
417 1017 52 16 Auck-

185 1046 46 19 land

48 1075 31 18 Mr
87 1074 23 17 E.
119 1072 88 22 Eugatcr,
218 1067 100 20 Auckland

81 1096 101 19 Mandeno,
192 1094 25 17 To
226 1091 101 18 Awamutu

83 1121 22 16 G.
115 1119 26 18 H.
151 1118 20 18 C.
180 1116 51 21 Best,
242 1112 99 20 Auckland

161 1167 53 24 The
224 1165 140 29 Langham.

47 1204 32 18 Mr
87 1202 63 18 Davis,
161 1198 98 19 Auckland

82 1226 42 17 Nils
132 1224 86 21 Friberg,
227 1221 71 22 Napier

82 1248 122 18 McPliorson,
214 1243 99 19 Auckland

82 1271 30 18 W.
122 1269 103 20 Anderson,
235 1266 52 18 Bluff

82 1296 23 16 A.
115 1293 103 18 Anderson,
228 1288 125 23 Invercargill

82 1317 38 18 and
128 1316 40 17 Mrs
177 1316 75 20 Strang,
261 1312 111 21 Wairarapa

81 1341 30 17 W.
120 1338 83 22 Bourky,
213 1334 99 19 Auckland

82 1364 87 17 Thomas,
179 1359 98 19 Auckland

82 1386 80 23 Speedy,
171 1384 26 23 (2)
206 1383 52 17 Hutt

82 1410 57 21 Keys,
150 1405 99 20 Auckland

82 1432 68 20 Smith,
200 1443 11 7 ~

82 1457 71 18 Carter,
199 1466 11 7 ~
345 1457 3 18 .

47 1480 45 18 Rev.
102 1478 37 18 and
146 1477 40 17 Mrs
195 1475 106 22 Langham,
311 1473 38 21 Fiji

159 1528 115 23 Rotorua
288 1524 86 23 Hotel.

47 1562 33 18 Mr
87 1561 19 18 J.
115 1558 97 20 Franklin,
224 1556 98 18 Auckland

83 1584 66 20 Doyle,
160 1580 99 20 Auckland

82 1607 81 19 Hunter,
175 1604 120 18 Manchester

82 1631 79 17 Kernot,
170 1627 117 22 Wellington

82 1653 18 18 J.
109 1653 28 17 M.
147 1651 63 19 Sliera,
221 1648 99 19 Auckland

82 1676 48 18 Paul
139 1675 57 19 Boek,
206 1671 100 20 Auckland

81 1700 27 17 H.
117 1698 60 20 Plain,
188 1694 119 21 Queensland

82 1723 38 17 and
134 1722 41 17 Mrs
190 1719 84 19 Cadnian
289 1717 37 17 and
339 1718 38 16 two
391 1715 89 18 children,

116 1743 87 23 Huntley-

82 1769 56 20 Love,
149 1764 118 22 Queensland

82 1793 61 18 Cross,
153 1791 54 17 Dune
209 1788 33 18 din

82 1816 76 17 Brown,
167 1811 120 19 Newmarket

82 1839 29 17 W.
120 1837 64 21 Kelly,
193 1834 87 20 M.H.R.,
290 1831 99 19 Auckland

48 1861 81 25 Captain
137 1861 101 17 Bailsman,
249 1855 112 23 Cambridge

158 1902 105 24 Mokoia
281 1902 82 22 View.

48 1940 41 17 Mrs
98 1940 47 20 Atty
154 1937 37 18 and
198 1936 53 17 tlirce
259 1934 90 21 children;
359 1933 71 22 Napier

50 1964 31 16 Mr
88 1962 69 22 Hoyle,
166 1959 71 23 Napier

83 1985 88 19 Jukston,
181 1983 47 17 New
237 1981 104 23 Plymouth

84 2009 70 18 Peters,
165 2006 118 17 Palmerston
291 2004 63 18 North

83 2032 75 19 Brown,
168 2029 76 23 Sydnoy

1420 557 57 20 THE
1496 557 57 20 HOT
1572 557 95 20 LAKES
1686 557 171 20 CHRONICLE

1420 594 437 12 AND

1524 622 107 21 Tourists'
1649 623 101 25 Journal.

1510 673 60 20 fact
1585 673 15 20 I
1615 673 61 20 will

1472 721 171 21 WEDNESDAY,
1656 723 59 17 MAY
1725 724 15 17 1,
1750 723 50 18 1895.

1420 764 47 19 The
1475 766 84 23 present
1576 764 54 20 issue
1644 765 22 19 of
1682 765 35 19 the
1736 765 120 20 Chuoxicle

1420 790 133 24 inaugurates
1567 796 13 13 a
1595 791 58 19 fresh,
1665 791 108 24 departure
1792 792 22 18 in
1829 792 27 19 its

1421 815 76 25 history
1508 815 65 20 under
1580 822 12 12 a
1607 823 45 12 now
1671 817 128 24 proprietary
1815 818 41 19 and

1420 848 30 12 we
1470 843 54 17 trust
1540 842 45 18 that
1602 842 21 18 in
1634 843 35 18 the
1687 848 70 13 course
1778 843 22 19 of
1820 844 36 19 the

1421 867 68 19 future
1500 867 142 25 development
1658 869 22 18 of
1697 868 34 19 the
1748 875 63 20 paper
1829 871 27 19 its

1421 895 118 23 supporters
1550 893 40 19 will
1597 894 52 19 have
1656 900 26 12 no
1688 900 60 13 cause
1757 898 19 16 to
1788 899 68 21 regret

1421 918 34 19 the
1472 918 78 26 change
1571 919 66 19 which
1655 920 38 18 has
1711 920 62 20 taken
1792 921 62 25 plnce.

1421 944 63 24 Many
1493 944 158 26 improvements
1659 947 38 18 are'
1708 947 147 25 contemplated

1420 970 27 24 by
1468 970 35 19 the
1522 977 44 13 now
1588 975 145 22 management
1755 979 54 13 some
1823 975 32 18 -of

1421 996 65 19 which
1497 996 41 19 will
1552 997 26 19 be
1589 1000 100 23 apparent
1699 998 52 19 from
1767 999 56 19 week
1835 1001 20 17 to

1421 1022 63 23 week,
1495 1022 60 20 while
1565 1023 68 19 others
1647 1024 40 19 will
1697 1024 24 19 he
1731 1024 34 19 the
1774 1026 82 18 natural

1420 1050 91 17 outcome
1518 1048 22 19 of
1547 1049 34 19 the
1588 1050 103 19 increased
1698 1055 83 20 support
1791 1051 63 20 which

1420 1074 17 18 it
1446 1074 41 19 will
1498 1074 24 19 be
1533 1074 34 21 the
1578 1077 40 18 aim
1625 1076 22 18 of
1657 1076 34 19 the
1702 1076 118 20 conductors
1835 1079 20 17 to

1420 1100 65 19 merit.
1513 1100 21 19 It
1544 1101 47 23 will,
1604 1108 28 13 we
1642 1102 65 23 think,
1721 1102 26 19 bo
1757 1103 97 20 admitted

1420 1125 45 19 that
1474 1126 35 19 the
1520 1127 103 20 functions
1630 1128 23 19 of
1661 1134 12 13 a
1682 1131 84 22 country
1773 1129 82 25 journal

1420 1158 34 12 are
1464 1152 110 20 somewhat
1583 1154 96 19 different
1688 1155 53 18 fr.jm
1758 1156 56 17 those
1833 1157 21 18 of

1420 1184 12 12 a
1449 1179 145 24 metropolitan
1615 1186 69 19 paper.
1729 1180 42 19 The
1797 1184 58 22 great

1420 1204 95 25 morning
1532 1205 55 25 daily
1604 1206 18 18 is
1639 1206 99 25 expected
1755 1210 19 15 to
1793 1208 62 24 speak

1421 1230 48 18 with
1480 1236 25 13 no
1516 1231 104 20 uncertain
1630 1232 56 19 voice
1703 1239 24 13 on
1747 1234 34 18 tlui
1801 1233 44 26 poli-

1420 1255 47 20 tical
1479 1258 104 23 questions
1592 1258 22 18 of
1624 1259 35 18 the
1673 1259 40 24 day
1729 1259 127 24 throughout

1420 1281 35 19 the
1473 1282 70 24 world,
1562 1285 20 17 to
1602 1290 46 18 pass
1667 1291 26 12 an
1712 1285 144 19 authoritative

1421 1307 81 25 opinion
1513 1314 25 13 ou
1548 1309 35 19 the
1594 1309 61 19 Litest
1667 1311 148 19 achieveaionts
1833 1311 20 19 in

1420 1333 111 25 literature,
1556 1335 82 24 science,
1661 1336 40 19 and
1717 1339 37 16 art.
1776 1337 40 19 and
1835 1339 21 17 to

1421 1359 104 26 generally
1535 1364 31 15 act
1581 1368 23 12 as
1622 1368 12 12 a
1651 1368 76 12 cbxsoii
1743 1368 73 13 moiium
1835 1363 21 19 in

1420 1391 60 19 every
1493 1386 52 19 walk
1555 1387 21 18 of
1585 1387 42 19 life.
1665 1388 43 19 The
1723 1388 92 20 function
1835 1389 21 19 of

1420 1410 34 20 the
1465 1414 85 22 country
1560 1413 81 25 journal
1659 1414 41 19 like
1719 1414 46 19 that
1783 1414 21 19 of
1821 1415 35 19 the

1421 1437 52 24 good
1483 1438 152 21 house-mother
1645 1441 17 18 is
1671 1443 22 16 to
1712 1446 40 19 pav
1764 1440 52 20 heed
1835 1443 21 17 to

1420 1463 36 19 the
1470 1466 64 17 wants
1551 1466 22 17 of
1588 1465 35 19 the
1640 1466 105 20 restricted
1761 1467 57 19 circle
1835 1467 21 19 in

1421 1489 65 19 which
1498 1490 16 19 it
1526 1497 66 13 moves
1599 1494 21 16 to
1627 1492 100 24 jealously
1738 1493 63 18 watch
1809 1500 47 13 over

1421 1515 26 18 its
1457 1516 100 24 interests,
1566 1518 63 19 foster
1637 1518 26 19 its
1672 1518 116 24 industries,
1805 1519 39 25 pub-

1421 1540 39 20 lish
1470 1542 77 19 abroad
1559 1543 25 18 its
1595 1550 104 13 resources
1709 1544 40 19 and
1765 1547 90 23 promote

1421 1566 26 20 its
1456 1567 146 21 advancement
1620 1570 28 25 by
1666 1577 60 17 every
1744 1570 112 26 legitimate

1421 1600 75 12 means.
1526 1594 19 19 It
1567 1595 18 18 is
1604 1599 36 16 not
1657 1596 64 20 called
1742 1603 53 18 upon

1422 1619 46 19 beat
1478 1620 35 18 the
1523 1620 58 20 drum
1751 1629 22 12 or
1790 1623 65 20 sound

1421 1645 35 19 the
1465 1646 76 19 clariuii
1552 1648 22 18 of
1585 1652 59 21 party
1651 1649 85 25 politics,
1745 1648 68 20 unless
1823 1650 33 19 the

1421 1671 66 25 rights
1497 1678 22 12 or
1533 1672 91 21 liberties
1680 1674 26 19 its
1724 1675 133 20 constituents

1423 1703 33 13 are
1466 1699 96 19 monaced
1573 1700 40 18 and
1623 1700 49 20 then
1684 1701 20 18 in
1713 1700 26 19 all
1747 1700 110 21 likelihood

1423 1723 15 19 it
1447 1730 47 17 may
1502 1725 62 24 speak
1576 1726 48 19 with
1635 1730 81 21 greater
1732 1727 59 19 effect
1807 1728 48 19 than

1423 1749 66 19 would
1498 1749 26 19 be
1533 1751 35 18 the
1577 1758 45 13 case
1634 1760 50 12 were
1693 1754 25 18 its
1726 1753 67 19 feeble
1801 1754 55 19 voice

1423 1775 63 26 being
1504 1777 99 25 eternally
1622 1778 59 20 lifted
1701 1786 25 12 on
1752 1779 105 24 questions

1423 1801 65 19 which
1499 1808 35 12 aro
1544 1805 117 24 essentially
1672 1805 34 19 the
1719 1812 67 18 vogue
1795 1806 21 18 of
1832 1806 25 19 its

1424 1834 53 13 more
1487 1829 109 19 venorable
1612 1824 96 26 brethren
1719 1833 21 17 of
1750 1831 35 19 the
1794 1832 62 19 citie?.

1423 1852 61 20 Local
1494 1857 84 16 matters
1587 1856 41 19 will
1642 1857 79 25 require
1732 1857 27 19 all
1778 1857 33 19 the
1828 1861 20 17 at-

1423 1880 77 19 tention
1510 1881 45 18 that
1565 1881 34 20 the
1609 1883 119 19 Chronicle
1737 1890 36 12 can
1781 1883 76 21 bestow

1423 1911 54 19 upon
1488 1906 55 19 thorn
1554 1907 31 19 for
1593 1915 55 13 some
1659 1909 48 20 time
1717 1914 20 14 to
1748 1916 54 12 come
1818 1911 39 19 and

1425 1932 38 17 will
1477 1933 48 18 take
1536 1939 26 19 up
1573 1941 12 12 a
1595 1935 6 18 1
1611 1935 35 19 the
1656 1942 59 18 sp;<ce
1725 1939 21 16 at
1759 1942 36 13 our
1805 1944 39 12 com-

1425 1958 66 18 mand.

1449 1984 106 20 Attention
1567 1989 19 16 to
1597 1987 51 19 local
1659 1992 90 19 matters,
1757 1995 50 19 pure
1817 1989 40 19 and

1423 2009 77 25 simple,
1512 2010 63 27 being
1584 2019 37 12 our
1638 2014 47 22 aim,
1704 2014 54 24 then,
1773 2016 32 18 for
1823 2016 35 19 the

1424 2038 86 22 presgnt,
1524 2042 29 14 wo
1563 2039 36 18 ask
1617 2038 32 20 for
1667 2040 36 18 the
1721 2042 137 25 co-operation

1424 2062 20 19 of
1454 2068 37 12 our
1501 2063 235 23 readers—subscribers
1753 2067 40 19 and
1809 2074 37 13 non-

1424 2088 186 21 subscribers—the
1621 2091 61 20 latter
1696 2099 21 12 as
1729 2093 44 19 well
1783 2100 22 12 as
1824 2094 34 20 the

1424 2114 188 21 former—because
1620 2124 29 13 we
1660 2119 58 18 think
1726 2119 15 19 it
1751 2119 16 19 is
1777 2119 68 20 incum-

1424 2139 49 20 bent
1492 2147 56 18 upou
1567 2148 30 18 us,
1617 2150 23 13 as
1660 2145 34 19 the
1713 2149 102 22 exponent
1838 2148 21 18 of

1426 2166 66 19 public
1503 2168 88 24 opinion,
1605 2172 21 14 to
1640 2171 46 16 <n'v»
1699 2177 59 14 everv
1769 2172 90 21 member

1424 2192 21 19 of
1466 2192 35 19 the
1521 2196 124 25 community
1666 2197 35 19 the
1720 2204 35 12 use
1779 2197 21 19 of
1823 2204 37 14 our

1424 2218 91 20 columns
1524 2219 21 20 in
1554 2220 93 28 drawing
1658 2223 99 20 altentio.i
1772 2226 20 17 to
1807 2224 52 20 facts

1424 2251 23 13 or
1465 2244 154 23 circumstances
1638 2249 66 19 which
1725 2256 47 19 mny
1791 2251 24 19 he
1838 2251 22 19 of

1425 2271 82 25 goneral
1519 2272 83 19 iuterest
1612 2274 40 19 and
1663 2276 119 19 usefulness.
1819 2277 40 19 Wo

1424 2296 47 25 only
1482 2303 79 14 reserve
1571 2301 20 17 to
1602 2301 102 20 ourselves
1713 2302 35 20 the
1765 2303 56 25 right
1839 2305 21 18 of

1425 2323 93 25 drawing
1535 2324 49 19 such
1600 2326 125 25 deduction*,
1742 2336 22 12 or
1781 2335 68 19 exjires-

1425 2357 46 17 sing
1481 2350 47 18 such
1540 2350 99 26 opinions,
1651 2360 26 12 on
1689 2361 38 12 our
1743 2362 105 16 correspon-

1425 2376 63 20 dents'
1500 2377 62 18 views
1572 2384 22 12 as
1607 2385 28 13 we
1646 2386 46 19 may
1703 2387 33 13 see
1751 2382 28 19 fit.
1807 2382 21 18 It
1842 2382 18 19 is

1424 2410 37 12 our
1471 2402 64 20 desiio
1546 2406 20 16 to
1576 2404 60 19 make
1653 2406 34 19 tho
1697 2407 119 20 CuuoN-icr.K
1833 2415 26 12 an

1425 2429 115 25 up-to'date
1557 2430 40 19 and
1614 2432 86 20 reliable
1713 2434 104 24 authority
1834 2441 25 12 on

1424 2455 34 19 the
1469 2456 161 26 ever-changing
1638 2458 127 25 phenomena
1781 2460 21 18 of
1819 2460 40 19 this

1425 2481 123 20 marvellous
1562 2482 85 25 district,
1665 2487 20 17 to
1704 2486 25 19 be
1750 2491 25 14 an
1794 2485 55 20 indis-

1424 2509 98 24 pensable
1531 2514 56 14 vade
1598 2516 72 14 mecum
1680 2514 21 17 to
1711 2512 35 19 the
1758 2512 73 19 tourist
1839 2513 22 18 of

1424 2541 61 15 evorv
1503 2535 69 24 grade,
1591 2536 95 27 pointing
1704 2541 36 16 out
1761 2538 54 19 what
1834 2539 26 19 he

1425 2561 72 20 should
1515 2568 38 16 see,
1571 2561 46 20 how
1634 2563 26 19 lie
1678 2565 28 18 sin
1716 2564 35 20 uld
1770 2565 58 19 reach
1844 2564 16 20 it

1424 2589 40 18 and
1475 2589 66 19 whore
1551 2588 25 18 bo
1586 2590 74 19 should
1674 2594 51 16 sfuv.
1760 2592 26 19 In
1802 2590 58 20 order

1424 2617 21 17 to
1455 2615 128 25 supplement
1593 2616 34 19 the
1646 2617 130 20 information
1795 2617 64 19 which

1424 2647 46 18 may
1492 2638 26 22 be
1539 2643 65 18 found
1626 2643 20 19 in
1671 2650 37 12 our
1734 2643 125 22 advertising

1424 2667 91 19 columns
1527 2669 21 19 in
1558 2669 58 19 these
1627 2669 120 24 particulars
1756 2676 29 12 we
1794 2669 65 19 would

1424 2694 35 18 ask
1470 2694 125 20 hubscribers
1605 2696 40 18 and
1654 2696 77 19 friends
1740 2697 20 18 in
1767 2695 93 25 outlying

1424 2719 88 20 districts
1523 2723 20 17 to
1554 2722 52 25 keep
1617 2728 25 12 us
1652 2723 72 22 posted
1734 2723 19 18 in
1774 2724 85 17 matters

1424 2745 88 23 relating
1522 2748 84 19 thereto.
1635 2748 43 19 Tho
1686 2749 125 24 telegraphic
1819 2754 32 13 sor

1424 2773 42 18 vice
1477 2773 40 19 will
1526 2776 98 19 comprise
1635 2775 34 18 the
1685 2775 61 19 latest
1758 2773 100 22 Colonial,

1424 2798 67 20 Home
1506 2801 41 17 and
1564 2801 90 24 Foreign
1670 2808 56 12 news
1742 2808 28 19 up
1786 2803 20 16 to
1825 2801 35 19 tho

1423 2824 53 20 hour
1494 2827 22 18 of
1535 2827 133 23 publication.
1703 2828 44 18 Tho
1765 2827 93 19 Visitors'

1426 2851 47 19 List,
1487 2851 64 21 which
1561 2853 16 19 is
1588 2860 25 12 an
1623 2853 112 25 important
1745 2853 79 20 feature
1839 2853 20 19 in

1424 2883 12 12 a
1447 2877 78 21 district
1534 2879 73 19 visited
1614 2879 28 24 by
1649 2880 83 20 touiists
1741 2880 52 19 from
1800 2886 60 16 every

1423 2905 83 23 quarter
1518 2905 21 19 of
1549 2905 34 20 the
1593 2905 72 22 Globe,
1677 2906 41 19 will
1729 2906 24 19 be
1760 2905 99 25 compiled

1424 2935 21 12 as
1455 2931 96 25 correctly
1562 2937 21 13 as
1593 2931 95 25 possible,
1699 2932 39 19 but
1749 2938 29 13 we
1793 2931 67 20 would

1423 2956 58 24 point
1499 2959 35 17 out
1550 2958 45 19 that
1611 2958 27 18 its
1658 2965 96 17 accuracy
1771 2958 89 24 depends

1424 2981 86 26 entirely
1519 2989 25 13 on
1555 2983 35 20 the
1600 2984 100 19 attention
1709 2984 48 26 paid
1769 2987 19 16 to
1802 2984 15 19 it
1833 2983 27 26 by

1423 3007 55 19 hotel
1488 3008 41 20 and
1538 3009 102 26 boarding
1650 3010 62 19 house
1723 3010 92 25 keepers.

1449 3034 43 19 Tho
1504 3035 120 20 Ciiuoxicle
1640 3036 42 19 will
1697 3043 76 18 pursue
1789 3043 26 12 an
1831 3036 18 19 in-

1424 3058 115 27 dependent
1555 3068 69 13 course
1646 3069 25 12 on
1688 3062 27 19 all
1730 3064 84 17 matters
1831 3063 19 19 af-

1423 3085 77 27 fecting
1510 3087 34 19 the
1557 3088 81 19 welfare
1649 3089 21 18 of
1679 3088 34 19 the
1724 3088 83 23 district,
1820 3088 41 20 and

1424 3112 40 19 will
1473 3115 52 18 state
1535 3114 27 18 its
1570 3114 93 24 opinions
1671 3121 26 12 on
1706 3114 49 19 such
1764 3114 85 25 irrespec-

1423 3138 41 19 tive
1474 3139 22 19 of
1506 3141 59 23 party
1574 3146 23 13 or
1604 3146 92 19 persons.
1724 3140 20 19 It
1752 3140 43 19 will
1802 3142 57 17 court

1423 3170 26 13 no
1459 3166 64 18 man's
1533 3166 63 23 favor,
1607 3166 46 19 fear
1663 3173 26 12 no
1704 3167 67 18 man's
1787 3166 72 24 frown,

1423 3190 38 20 but
1471 3191 42 19 will
1521 3192 132 24 consistently
1668 3192 40 20 aim
1727 3194 21 18 at
1766 3193 95 25 securing

1423 3216 34 19 tho
1468 3219 90 22 greatest
1569 3217 51 27 good
1635 3219 33 19 for
1685 3219 35 19 the
1737 3219 124 24 community

1424 3245 21 16 at
1454 3243 64 25 largo.

1448 3287 90 22 Through
1552 3292 86 17 prcssuro
1654 3293 25 11 on
1695 3293 35 11 our
1746 3288 116 21 advertising;

1424 3309 85 17 columns
1530 3311 55 16 much
1610 3310 113 23 interesting
1744 3311 69 17 matter
1828 3311 34 17 has

1424 3333 20 16 to
1452 3332 24 17 be
1484 3333 56 21 again
1550 3333 44 18 held
1603 3339 50 12 over.

1448 3362 31 17 Mr
1487 3361 28 18 M.
1525 3361 70 20 Simon,
1610 3363 92 21 practical
1716 3362 61 20 tailor,
1791 3362 39 18 late
1843 3363 19 17 of

1424 3385 118 18 Melbourne,
1552 3386 35 16 has
1595 3386 121 17 commenced
1725 3386 85 17 business
1818 3386 44 17 here

1424 3409 47 16 next
1479 3408 87 17 Larkin's
1574 3408 46 18 boot
1629 3408 145 23 shop.—AijVT.

1449 3440 29 17 Sir
1486 3440 77 17 Patrick
1571 3440 85 22 Buckley
1664 3441 16 17 is
1694 3440 90 22 expected
1798 3441 20 16 to
1831 3446 21 11 ar-

1424 3463 40 17 rive
1472 3462 44 18 here
1524 3464 88 21 to-night
1625 3464 50 17 from
1691 3464 93 16 Wairakei
1801 3463 61 18 whore

1424 3486 24 16 he
1456 3486 34 16 lias
1497 3486 47 17 been
1553 3487 77 21 staving
1638 3487 30 17 for
1676 3487 32 17 the
1717 3488 43 21 past
1769 3487 36 17 few
1816 3487 46 22 days

1424 3510 21 16 at
1453 3509 32 17 the
1495 3509 70 22 Geyser
1573 3509 72 18 House.

1448 3536 70 17 Messrs
1526 3537 29 17 W.
1565 3537 20 17 C.
1596 3537 121 21 Kensington
1726 3536 39 18 and
1772 3537 21 17 T.
1812 3537 37 19 Tay-

1424 3559 29 17 lor
1470 3559 20 16 of
1498 3560 32 17 the
1539 3560 63 17 Lands
1611 3560 127 22 Department
1749 3559 74 18 arrived
1837 3560 25 21 by

1424 3582 38 17 last
1470 3582 72 21 night's
1551 3583 50 17 train
1609 3584 21 16 to
1638 3583 66 17 attend
1718 3583 32 17 the
1763 3582 45 18 land
1825 3583 37 17 sale

1425 3607 119 15 to-morrow.

1448 3633 32 16 Mr
1488 3632 19 18 S.
1517 3632 89 21 Howard,
1617 3633 74 22 draper,
1701 3638 106 12 announces
1820 3633 44 17 that

1424 3655 25 18 he
1465 3655 16 18 is
1498 3656 84 22 opening
1595 3662 11 12 a
1620 3656 51 17 fresh
1686 3656 53 17 stock
1749 3657 19 16 of
1782 3656 81 22 dranery

1425 3679 32 16 &c.
1467 3680 21 15 at
1495 3678 29 18 his
1533 3685 41 11 now
1583 3679 95 22 premises,
1688 3679 33 17 the
1730 3680 65 16 Comet
1808 3678 54 18 Store

1425 3701 91 23 formerly
1524 3702 90 23 occupied
1622 3702 26 22 by
1657 3702 69 17 Messrs
1736 3702 51 18 Cook
1796 3702 16 18 &
1818 3702 43 18 Son.

1448 3730 40 17 The
1505 3730 49 18 local
1570 3730 100 24 telegraph
1688 3730 52 18 office
1754 3730 84 24 notifies:
1840 3730 24 24 —■

1526 3755 20 15 to
1560 3754 32 17 the
1606 3754 94 21 breaking
1714 3754 20 16 of
1746 3759 36 12 one
1795 3753 20 18 of
1831 3754 32 16 the

1425 3776 53 17 Cook
1487 3776 69 18 Straits
1564 3777 63 18 cables
1636 3777 45 18 only
1687 3778 70 19 urgent
1762 3776 101 23 telegrams

1425 3805 34 11 can
1469 3798 23 18 be
1500 3800 44 17 sent,
1552 3800 19 17 to
1580 3800 33 16 the
1622 3800 60 17 South
1692 3799 71 17 Island.

1450 3828 31 16 Mr
1490 3828 21 17 T.
1519 3828 110 21 McEenae,
1648 3828 87 20 M.H.R.,
1750 3828 30 17 for
1794 3828 70 17 Clutha

1425 3850 73 18 arrived
1504 3851 26 22 by
1535 3850 110 22 Saturday's
1650 3850 50 18 train
1709 3851 50 17 from
1765 3851 99 17 Auckland

1425 3875 30 15 for
1463 3879 11 11 a
1483 3875 43 15 tour
1535 3874 19 16 of
1563 3874 32 17 the
1602 3873 79 17 district.
1707 3873 30 18 He
1750 3875 44 21 puts
1800 3880 27 16 up
1843 3875 21 16 at

1425 3897 32 17 the
1466 3897 71 21 Geyser
1544 3897 65 19 Hotel,

1448 3923 41 18 Our
1504 3924 48 17 local
1569 3924 89 18 member.
1676 3924 31 17 Mr
1769 3924 62 22 Kelly,
1848 3924 16 17 is

1425 3946 39 18 still
1472 3946 20 17 in
1500 3946 33 18 the
1541 3947 80 20 district,
1631 3948 33 16 thn
1672 3947 73 22 change
1754 3947 20 17 of
1785 3953 66 14 person-

1424 3970 31 17 nel
1465 3970 19 16 at
1492 3970 33 17 the
1534 3970 72 18 Rotoiti
1615 3970 85 18 Sawmill
1712 3970 116 23 demanding
1834 3970 30 18 his

1425 3993 102 17 continued
1535 3998 94 17 presence.

1448 4019 32 17 Mr
1488 4020 97 22 Wynyard
1594 4021 20 17 of
1627 4020 71 18 Messrs
1826 4020 38 18 and

1425 4043 89 19 Purchas,
1537 4043 98 20 solicitors,
1662 4043 107 21 Auckland,
1789 4043 75 18 arrived

1424 4066 20 16 in
1453 4066 85 17 Rotorua
1547 4066 37 18 last
1591 4066 63 23 night,
1664 4066 30 17 for
1704 4066 32 17 the
1747 4072 82 17 purpose
1845 4066 19 17 of

1424 4089 59 22 being
1490 4090 76 21 present
1574 4090 21 16 at
1610 4089 128 18 to-morrow's
1755 4089 46 17 land
1818 4089 45 18 sale,

1424 4112 32 17 no
1464 4111 15 18 is
1489 4112 77 23 staying
1574 4114 21 16 at
1602 4112 53 18 Lake
1663 4112 53 18 View
1723 4112 71 18 House.

1903 136 16 16 A
1936 136 70 22 special
2019 136 67 22 sitting
2103 136 19 17 of
2138 136 33 17 the
2186 136 130 22 Magistrate's

1880 159 58 17 Court
1948 158 38 18 will
1995 159 44 17 take
2046 159 54 22 place
2108 165 24 11 on
2142 159 69 23 Friday
2220 160 94 23 morning,

1880 182 20 17 to
1908 181 46 17 hoar
1962 182 33 16 the
2003 188 41 11 case
2053 182 20 17 of
2081 182 29 18 W.
2120 181 57 22 Kelly
2184 187 19 12 v.
2213 183 22 16 It.
2246 183 68 20 Curtis,

1879 204 62 17 which
1962 204 15 17 is
1999 210 24 11 an
2042 204 62 18 action
2124 205 85 22 brought
2229 206 30 16 for
2283 206 33 17 the

1879 233 88 16 recovery
1976 228 20 16 of
2004 234 11 10 a
2024 233 46 17 gun.

1902 262 32 16 Mr
1942 262 20 16 T.
1972 261 56 23 Ryan
2037 262 19 17 of
2065 261 31 17 the
2125 262 83 21 Graphic
2234 264 30 15 art
2272 264 44 17 staff

1879 284 35 17 left
1928 285 30 16 for
1971 284 100 18 Auckland
2086 290 24 11 on
2126 284 84 22 Monday
2227 286 89 23 morning

1878 307 47 17 •with
1938 312 12 13 a
1963 307 43 17 well
2019 307 51 17 filled
2084 307 90 22 portfolio
2188 307 21 17 of
2223 308 91 22 sketches,

1879 335 57 17 many
1945 331 20 16 of
1980 330 61 17 which
2055 330 39 17 will
2108 329 93 23 probably
2214 330 23 18 be
2251 336 54 18 repro-

1879 352 59 18 duced
1947 353 20 17 in
1975 353 33 17 the
2016 358 58 17 pages
2083 353 20 17 of
2115 359 35 11 our
2164 354 151 23 contemporary.

1902 384 39 17 The
1947 384 46 17 Rev.
2001 384 31 17 Mr
2037 384 106 22 Langham,
2150 385 112 22 missionary
2267 385 48 18 from

1879 407 43 22 Fiji,
1934 413 47 16 gave
1990 413 25 11 an
2028 408 80 17 account
2121 408 20 16 of
2154 408 29 16 his
2197 408 118 21 experiences

1878 431 22 16 at
1914 430 33 18 the
1964 430 133 23 Presbyterian
2113 430 69 18 service
2199 437 24 11 on
2238 430 77 24 Sunday

1878 453 56 22 night
1943 453 38 17 and
1990 453 56 23 again
2055 459 25 11 on
2088 453 86 22 Tuesday
2183 454 58 21 night
2249 456 20 15 at
2285 454 30 18 the

1879 476 115 23 Parsonage.
2019 477 58 22 Space
2085 476 97 22 precludes
2191 483 24 10 an
2222 477 94 18 extended

1879 500 68 17 notice.

1901 532 32 17 Mr
1941 532 58 18 Louis
2008 531 60 18 Becke
2077 531 37 18 and
2123 532 32 17 Mr
2162 532 20 18 T.
2201 533 113 22 Fitzgerald,

1878 554 38 18 late
1930 555 83 17 member
2027 556 19 16 of
2062 555 32 17 the
2110 555 47 17 New
2175 555 59 18 South
2255 556 60 17 Wales

1878 578 116 21 legislature,
2014 578 35 17 left
2065 578 99 17 Auckland
2180 585 25 11 on
2222 578 93 23 Saturday

1879 601 46 17 with
1931 601 32 17 the
1966 601 95 17 intention
2067 602 20 16 of
2091 603 19 15 at
2114 601 79 21 tending
2197 601 31 17 the
2232 602 68 22 openin
2303 608 12 17 g

1879 624 20 16 of
1906 624 33 17 the
1947 624 64 17 native
2020 624 113 22 parliament
2141 626 20 15 at
2168 625 146 22 Maungakawa.

1878 647 52 22 They
1938 653 45 16 may
1992 647 110 17 afterwards
2110 648 44 16 visit
2162 648 91 17 Rotorua.

1902 681 16 16 A
1928 681 76 16 concert
2016 681 19 16 in
2048 679 31 18 aid
2093 681 20 16 of
2126 681 32 17 the
2176 681 56 17 funds
2248 681 20 17 of
2283 682 33 16 the

1878 702 49 17 local
1936 703 87 17 Football
2033 703 48 17 Club
2090 704 38 16 will
2136 704 44 17 take
2188 704 53 22 place
2250 704 20 17 in
2284 705 31 16 the

1879 726 87 17 Pukeroa
1982 726 52 18 Hall,
2052 732 25 11 on
2093 726 118 23 Wednesday
2227 728 87 19 evening,

1878 749 46 22 May
1934 750 28 16 10.
1988 749 39 17 The
2035 749 51 17 Hon.
2096 749 46 20 Sec,
2152 751 31 16 Mr
2191 745 19 23 j.
2220 750 29 18 W.
2259 751 42 16 Web-

1878 771 38 21 ber,
1934 771 16 18 is
1968 772 79 22 making
2067 775 142 19 arrangements
2226 773 39 18 and
2283 774 33 17 the

1879 795 77 16 services
1965 796 21 15 of
1994 801 34 10 our
2044 796 122 17 best-known
2182 798 94 15 amateurs
2295 803 21 10 us

1878 818 43 17 well
1941 824 20 11 as
1983 818 70 17 several
2074 820 95 21 strangers
2194 820 48 16 have
2268 820 47 17 been

1879 840 95 22 promised
1982 841 30 17 for
2020 841 32 17 the
2060 842 90 17 occasion.

1901 873 27 16 At
1936 879 11 10 a
1956 873 84 22 meeting
2053 873 21 17 of
2087 874 33 16 the
2129 874 108 17 committee
2250 874 21 17 of
2283 875 33 17 the

1879 895 84 17 Rotorua
1972 895 87 18 Football
2068 896 49 18 Club
2125 902 25 11 on
2156 897 118 22 Wednesday
2279 898 37 17 last

1878 918 16 17 it.
1909 925 39 10 was
1962 918 78 18 decided
2053 921 20 15 to
2088 920 62 22 notify
2166 920 33 18 the
2216 921 100 21 Tauranga

1879 941 48 17 Club
1935 941 43 18 that
1987 942 45 22 they
2041 948 48 11 were
2098 943 91 22 prepared
2198 945 19 16 to
2226 944 46 22 play
2284 944 32 17 the

1878 966 65 15 return
1952 966 64 16 match
2025 966 45 16 with
2081 966 41 17 that
2131 966 48 18 Club
2194 973 24 11 on
2232 967 47 22 May
2296 968 19 16 18

1879 993 23 11 on
1911 987 32 18 the
1952 988 87 17 Pukeroa
2048 989 86 17 Reserve.
2164 989 24 17 In
2203 991 113 17 accordance

1878 1010 46 17 with
1934 1011 33 16 the
1976 1012 110 21 permission
2096 1013 80 20 granted
2185 1013 26 22 by
2220 1014 33 17 the
2258 1014 58 17 Town

1879 1032 62 20 Board
1949 1040 12 11 a
1971 1034 68 22 charge
2049 1034 38 18 will
2096 1034 23 18 be
2134 1035 54 18 made
2246 1036 58 18 admis-

1878 1057 41 17 sion
1928 1058 19 16 to
1957 1057 33 17 the
1998 1064 71 10 reserve
2079 1064 24 11 on
2112 1058 42 18 that
2162 1058 43 23 day.

1965 1093 43 17 who
2026 1100 44 16 goes
2087 1100 11 10 a
2114 1094 109 25 borrowing
2243 1101 46 16 goes
2305 1102 11 11 a

2014 1117 16 16 is
2038 1117 51 17 what
2099 1117 31 17 the
2141 1118 31 16 old
2189 1119 60 22 adage
2266 1125 49 16 days,

1878 1138 35 18 but
1929 1139 102 27 according
2047 1141 20 16 to
2087 1147 12 10 a
2119 1141 61 17 notice
2200 1142 20 17 in
2237 1142 79 17 another

1878 1161 75 19 column
1974 1162 26 23 by
2021 1163 31 17 Mr
2072 1163 67 18 Edwin
2160 1164 106 19 Robertson
2284 1165 32 18 the

1878 1185 65 17 lender
1951 1186 19 16 in
1979 1186 38 16 this
2033 1187 84 16 instance
2134 1193 58 12 seems
2209 1189 20 17 to
2244 1188 23 18 be
2284 1188 32 18 the

1878 1214 66 16 person
1955 1209 42 16 who
2005 1209 34 18 has
2048 1215 55 12 cause
2112 1210 29 17 for
2150 1210 54 22 grief.
2230 1212 19 17 It
2264 1212 16 17 is
2297 1214 19 15 to

1878 1231 22 17 bo
1917 1232 62 21 hoped
1997 1232 42 17 that
2056 1232 32 18 tho
2105 1237 151 16 announcement
2277 1235 39 18 will

1878 1254 47 18 have
1946 1261 11 10 a
1974 1256 120 21 satisfactory
2115 1256 54 18 effect
2185 1263 24 12 on
2226 1258 54 17 those
2297 1260 19 15 to

1880 1277 61 17 whom
1951 1278 16 16 it
1975 1278 15 17 is
1999 1279 106 17 addressed.

1901 1312 17 15 A
1924 1317 54 16 corps
1984 1312 20 16 of
2012 1312 72 22 twenty

1878 1333 39 17 will
1925 1334 103 23 according
2037 1336 19 16 to
2065 1335 33 17 the
2132 1336 73 18 Herald
2237 1338 23 17 be
2278 1338 30 17 for-

1878 1357 76 16 warded
1963 1356 26 24 by
1997 1359 128 17 to-morrow's
2134 1360 49 17 train
2195 1361 49 17 from
2253 1361 51 17 Auck-

1878 1380 46 17 land
1932 1382 20 15 to
1967 1381 54 16 make
2034 1381 55 17 roads
2103 1388 24 11 on
2141 1383 32 17 the
2189 1384 128 23 co-operative

1878 1404 70 21 system
1957 1403 20 17 in
1986 1404 38 17 this
2037 1404 80 18 district.
2148 1406 54 17 Have
2216 1413 38 16 auy
2267 1409 51 21 steps

1878 1426 47 17 been
1935 1427 56 17 taken
2000 1429 21 15 to
2030 1428 90 17 ascertain
2137 1428 15 18 if
2165 1429 53 18 there
2232 1436 48 11 were
2293 1437 24 10 no

1879 1449 75 22 surplus
1963 1449 53 18 labor
2027 1451 18 17 in
2060 1451 32 17 tho
2106 1452 73 17 district
2194 1454 79 17 anxious
2289 1453 29 19 for

1878 1472 53 17 work
1938 1472 7 19 ?
1958 1473 33 17 We
2000 1479 31 12 arc
2039 1474 93 18 informed
2141 1475 44 19 that
2197 1477 45 17 such
2256 1477 16 17 is
2286 1477 32 17 the

1879 1501 47 12 ease.

1902 1528 39 17 The
1950 1529 92 18 members
2051 1529 20 18 of
2080 1530 32 17 the
2120 1531 59 17 Tariff
2194 1531 124 19 Commission

1879 1550 42 18 who
1931 1551 48 17 have
1987 1552 45 17 been
2042 1553 68 21 taking
2118 1554 89 18 evidence
2219 1555 21 18 in
2254 1556 52 17 Auck-

1879 1573 45 18 land
1944 1574 39 18 and
2003 1577 20 15 at
2044 1576 32 18 the
2096 1576 79 19 Thames
2193 1584 52 11 came
2261 1585 24 10 on
2299 1581 19 15 to

1880 1597 100 17 Hamilton
1986 1598 51 17 West
2042 1599 38 17 last
2084 1600 57 23 night
2148 1601 72 17 andare
2226 1602 92 22 expected

1879 1621 20 16 to
1907 1626 62 13 arrive
1978 1621 19 18 in
2007 1621 83 20 Botorua
2104 1624 115 18 10-morrow.
2246 1625 24 17 In
2284 1625 23 17 ad-

1879 1643 60 18 dition
1949 1646 20 15 to
1979 1644 31 19 Mr
2018 1645 20 18 T.
2048 1646 103 18 MeKenzie
2160 1648 42 17 who
2211 1648 15 17 is
2241 1650 20 15 at
2275 1654 33 16 pre-

1879 1668 42 16 sent
1941 1667 50 21 here,
2010 1668 31 18 the
2058 1669 62 18 Board
2138 1672 101 21 comprises
2255 1672 63 21 Major

1880 1690 85 17 Steward
1973 1691 38 17 and
2021 1692 68 18 Messrs
2098 1693 18 17 J.
2129 1693 83 19 Stevens,
2223 1695 29 17 W.
2268 1695 38 17 Tan-

1879 1719 39 13 ner,
1941 1714 28 17 W.
1988 1715 113 21 Hutchison,
2119 1717 38 16 and
2171 1717 18 17 J.
2207 1718 110 20 McGowen,

1880 1735 89 19 M.H.Rs;

1904 1771 79 23 Fishing
1991 1773 70 21 parties
2071 1773 41 17 who
2121 1773 47 18 have
2178 1775 59 19 lately
2252 1776 66 18 visited

1881 1794 31 17 the
1920 1794 147 24 Tara-Ngatara
2076 1796 59 22 creek,
2151 1803 45 12 near
2211 1798 106 24 Horohoro,

1880 1820 13 13 si
1903 1820 25 14 ite
1943 1818 43 17 that
1999 1819 31 16 the
2044 1821 68 15 waters
2125 1820 53 18 there
2192 1827 31 12 are
2237 1822 81 23 literally

1880 1841 47 16 aliw
1938 1841 45 18 with
1993 1842 59 17 brook
2060 1844 58 19 trout,
2129 1844 33 17 tho
2171 1846 120 21 progenitors
2300 1847 18 16 of

1880 1863 60 18 which
1952 1870 47 11 were
2010 1865 91 17 liberated
2114 1866 26 23 by
2153 1867 33 17 Hie
2200 1868 108 18 Acclimatis-

1880 1888 51 15 ation
1941 1887 75 23 Society
2025 1894 11 11 a
2044 1895 45 15 year
2098 1895 20 12 or
2125 1891 38 16 two
2169 1897 42 16 ago.
2238 1891 80 24 Anglers

1880 1916 34 11 can
1930 1910 27 18 fill
1971 1911 49 17 their
2035 1911 76 19 baskets
2127 1914 46 16 with
2191 1915 127 19 considerable

1880 1939 41 11 case
1931 1934 38 16 and
1983 1940 55 17 many
2053 1935 20 17 of
2086 1935 32 18 the
2131 1936 36 18 fish
2184 1943 30 11 are
2232 1939 20 16 of
2267 1939 51 22 large

1882 1956 41 17 size.

1903 1989 40 17 The
1960 1989 45 17 land
2019 1990 38 17 sale
2072 1992 21 16 at.
2109 1991 32 17 the
2157 1992 117 19 Courthouse
2289 1996 20 16 to-

1880 2018 81 11 morrow
1970 2012 15 17 ia
1995 2018 40 12 sure
2045 2015 19 15 to
2073 2015 71 17 attract
2152 2022 11 10 a
2172 2016 53 21 large
2242 2018 66 17 attend-

1881 2041 45 11 ance
1935 2038 34 14 not
1978 2037 112 22 necessarily
2105 2039 19 16 of
2137 2038 101 23 intending
2252 2040 67 18 lessees

1881 2058 44 22 only
1941 2058 35 17 but
1991 2059 20 17 of
2024 2060 127 24 townspeople
2165 2063 98 22 generally
2277 2065 42 17 who

1880 2082 97 21 naturally
1986 2082 44 17 take
2038 2089 24 11 an
2070 2084 79 18 interest
2158 2086 17 17 in
2186 2087 32 16 the
2232 2092 87 17 progress

1882 2105 19 16 of
1910 2105 31 16 the
1951 2105 53 21 place
2013 2105 18 17 in
2041 2106 48 18 whio
2098 2108 45 21 they
2152 2109 47 17 have
2214 2112 40 15 cast
2268 2111 49 18 their

1881 2128 33 17 lot.
1940 2128 39 17 Tho
1988 2129 80 18 sections
2077 2131 19 16 to
2105 2131 22 17 be
2137 2131 69 18 offered
2215 2135 103 21 acomprise

1884 2150 31 18 135
1925 2152 58 19 town,
1993 2152 23 16 22
2025 2152 95 19 suburban
2129 2154 38 17 and
2176 2157 21 15 21
2209 2157 57 18 rural,
2282 2157 38 17 and

1882 2174 29 17 fnr
1922 2180 51 11 «om»
1988 2175 20 17 of
2022 2176 51 17 these
2087 2176 14 18 it
2111 2176 14 19 is
2140 2179 116 17 antici'mted
2272 2180 48 18 keen

1882 2198 123 22 competition
2014 2199 38 17 will
2066 2200 44 17 take
2124 2201 59 22 place.
2198 2193 11 9 *
2216 2203 40 17 The
2273 2209 34 12 con-

1882 2220 75 19 ditions,
1967 2221 92 20 however,
2073 2224 88 21 preclude
2170 2227 96 21 anything
2283 2227 37 17 like

1882 2244 114 22 speculative
2005 2245 73 23 leasing
2090 2248 37 17 and
2142 2254 23 11 on
2181 2249 42 18 that
2240 2253 80 15 account

1882 2272 31 13 are
1930 2269 19 15 to
1965 2268 25 16 be
2006 2270 127 18 commended.
2166 2272 39 18 The
2227 2274 38 17 sale
2282 2275 38 16 will

1882 2296 107 12 commence
1998 2293 20 16 at
2028 2293 19 16 11
2058 2299 43 11 a.m.

1905 2325 17 16 A
1941 2325 65 17 native
2021 2327 68 17 named
2110 2328 94 19 Rawhara
2223 2331 95 19 Pahiriko.

1882 2348 58 17 about
1949 2349 22 16 2:i
1986 2354 53 17 years
2053 2350 20 16 of
2088 2357 34 16 age
2139 2351 43 19 died
2200 2356 20 15 at
2236 2352 33 20 the
2286 2354 33 23 Pa,

1882 2370 122 22 Ohinemutu,
2020 2379 24 11 on
2058 2373 98 23 Thursday
2169 2377 90 23 morning
2275 2379 43 17 lust.

1882 2394 30 18 Ho
1921 2400 38 12 was
1969 2396 19 16 of
1997 2396 31 17 the
2044 2396 151 23 Ngatiwhakaue
2212 2401 54 19 tribe,
2283 2408 38 11 was

1882 2418 42 16 well
1933 2418 91 18 educated
2033 2420 37 17 and
2080 2422 80 17 married
2172 2424 149 24 comparatively

1882 2441 90 23 recently.
1998 2443 29 16 He
2037 2449 37 11 was
2084 2450 11 10 a
2107 2445 64 18 victim
2186 2448 20 16 to
2219 2453 89 18 consump-

1882 2465 107 17 tion—that
1999 2466 31 17 fell
2040 2466 70 18 disease
2119 2469 62 17 which
2190 2471 67 16 carries
2267 2472 26 16 off
2300 2478 21 10 so

1882 2494 57 15 many
1948 2488 21 19 of
1985 2488 28 19 bis
2028 2491 101 16 race—and
2145 2497 37 12 was
2197 2495 91 17 attended
2302 2495 19 17 in

1881 2512 29 17 his
1928 2512 35 18 last
1981 2512 82 19 minutes
2079 2513 26 24 by
2121 2514 33 18 the
2170 2516 65 23 clergy
2252 2518 20 17 of
2289 2519 32 16 the

1882 2535 86 17 Catholic
1977 2535 72 19 Church
2060 2538 20 14 of
2090 2538 58 17 which
2161 2538 24 19 he
2195 2546 38 11 was
2242 2547 9 11 a
2262 2547 45 11 mem-

1881 2559 39 16 ber.
1947 2558 36 18 His
2000 2559 79 18 remains
2096 2560 31 21 lay
2144 2561 18 18 in
2181 2564 48 16 state
2248 2564 20 18 in
2289 2565 32 17 the

1881 2582 141 23 Tamatekapua
2048 2584 28 16 till
2103 2583 94 25 Saturday
2222 2587 99 18 afternoon

1882 2605 53 17 when
1945 2605 46 22 they
2001 2612 47 11 were
2056 2608 87 16 removed
2157 2608 20 19 to
2190 2609 131 25 Ngongotaka

1882 2628 29 18 for
1921 2629 107 16 interment.
2054 2630 62 22 Large
2124 2633 89 17 numbers
2221 2634 20 16 of
2248 2635 73 16 natives

1882 2651 49 18 from
1940 2651 174 20 Whakarewarewa
2122 2655 37 16 and
2169 2655 77 19 Mokoia
2256 2657 65 17 Island

1882 2675 91 17 attended
1981 2675 32 17 the
2025 2676 60 23 tangi.

1905 2714 39 17 The
1953 2714 95 18 extensive
2057 2714 109 19 alterations
2182 2718 138 24 contemplated

1881 2737 26 22 by
1917 2738 39 16 Mrs
1966 2737 82 19 Graham
2057 2739 19 17 in
2086 2739 31 17 the
2126 2740 52 18 Like
2187 2741 65 18 House
2262 2742 58 18 Hotel

1882 2766 44 16 may
1933 2760 24 17 be
1967 2761 39 17 said
2016 2763 19 16 to
2042 2762 47 16 have
2097 2765 125 17 commenced.
2248 2766 17 16 A
2272 2767 36 15 tem-

1881 2789 69 17 porary
1959 2784 35 17 bar
2006 2785 36 16 and
2056 2785 75 18 billiard
2146 2793 52 11 room
2211 2789 49 16 have
2274 2789 47 17 been

1882 2806 73 18 erected
1964 2808 20 16 at
1992 2808 32 16 the
2033 2810 74 16 eastern
2116 2810 36 17 end
2166 2811 20 16 of
2199 2812 32 17 the
2245 2814 76 19 present

1881 2829 94 24 building,
1990 2836 20 11 so
2024 2831 43 17 that
2080 2832 52 17 these
2147 2833 91 19 branches
2252 2835 20 17 of
2288 2836 32 16 the

1881 2853 86 18 business
1975 2854 39 17 will
2022 2854 24 17 be
2054 2855 20 16 in
2082 2861 24 12 no
2115 2861 43 17 way
2166 2857 102 17 interfered
2274 2859 45 17 with

1882 2876 70 23 during
1973 2877 32 17 the
2025 2883 73 16 process
2119 2880 20 17 of
2164 2882 155 17 reconstruction.

1881 2900 40 18 The
1935 2900 110 22 magnitude
2060 2902 20 16 of
2093 2902 31 17 the
2140 2904 106 19 operations
2261 2906 20 15 to
2298 2906 23 17 be

1882 2923 71 17 carried
1962 2929 25 12 on
1996 2930 43 16 may
2048 2924 22 17 be
2085 2925 71 22 judged
2172 2927 49 17 from
2234 2928 33 17 the
2281 2929 40 16 fact

1882 2947 42 16 that
1941 2947 33 17 the
1988 2949 84 16 contract
2086 2949 49 21 price
2150 2951 77 17 exceeds

1882 2970 32 16 Mr
1922 2969 58 18 Jones
1995 2971 20 16 of
2027 2971 98 18 Auckland
2138 2973 16 16 is
2168 2973 32 17 the
2214 2976 107 16 contractor

1882 2993 30 17 for
1920 2993 33 17 the
1962 2994 57 17 work.
2046 2994 29 17 He
2084 2996 72 18 arrived
2166 2997 47 17 from
2222 2998 98 17 Auckland

1882 3016 37 17 last
1935 3017 63 21 night,
2015 3019 132 21 accompanied
2163 3020 26 21 by
2209 3027 11 10 a
2241 3021 45 17 staff
2301 3022 20 17 of

1882 3040 103 20 workmen,
2001 3040 38 17 and
2053 3041 43 17 does
2109 3043 34 16 not
2156 3043 66 17 intend
2236 3046 20 15 to
2265 3045 56 17 allow

1882 3063 32 17 the
1924 3069 53 15 grass
1990 3064 20 16 to
2025 3070 52 16 grow
2091 3065 60 18 under
2166 3066 29 17 bis
2210 3067 39 17 feet
2264 3068 56 17 while

1882 3087 90 21 carrying
1980 3092 24 12 on
2013 3087 32 17 the
2054 3087 57 19 work.
2143 3089 59 17 Three
2215 3091 76 17 months
2305 3091 15 17 is

1882 3109 33 17 the
1924 3109 45 18 time
1978 3110 62 17 stated
2049 3111 30 17 for
2088 3111 31 17 the
2128 3113 114 22 completion
2253 3114 21 17 of
2288 3114 32 18 the

1882 3134 94 16 contract.

1907 3166 22 16 In
1939 3167 79 17 another
2035 3167 74 17 column
2126 3168 38 18 will
2178 3168 23 18 be
2219 3170 60 17 found
2295 3177 25 11 an

1883 3192 151 15 announcement
2042 3191 20 16 to
2070 3191 78 17 tourists
2161 3191 38 18 and
2213 3193 64 17 others
2290 3200 20 11 re-

1884 3212 84 22 garding
2155 3215 84 23 recently
2248 3217 73 21 opened

1883 3236 27 19 by
1918 3235 32 18 Mr
1959 3236 20 17 C.
1988 3236 84 18 Hawker
2079 3236 71 19 Wilson
2159 3238 37 17 and
2206 3240 82 17 situated
2302 3240 19 18 in

1884 3259 96 17 Hinemoa
1988 3259 67 19 Street,
2065 3259 19 17 in
2093 3260 49 18 close
2150 3262 105 22 proximity
2263 3265 20 15 to
2289 3264 32 17 the

1884 3283 129 17 Government
2040 3283 59 17 Laths
2127 3283 37 19 and
2193 3284 127 21 Sanatorium.

2077 3305 16 18 is
2101 3311 11 12 a
2125 3308 134 21 substantially
2272 3310 50 17 built

1884 3328 100 18 residence,
1993 3329 110 22 containing
2110 3330 59 18 about
2178 3332 22 16 20
2215 3332 105 20 bedrooms,

1884 3353 49 16 most
1941 3351 126 23 comfortably
2076 3352 103 21 furnished,
2195 3355 38 17 and
2246 3357 75 17 various

1884 3381 44 16 cosy
1945 3375 68 21 sitting
2028 3381 68 14 rooms,
2114 3377 70 21 replete
2202 3379 47 17 with
2266 3385 55 16 every

1884 3398 129 17 convenience.
2039 3398 57 17 From
2103 3400 33 16 the
2145 3401 96 18 verandah
2250 3408 25 12 on
2289 3403 33 17 the

1883 3426 61 17 upper
1957 3421 63 21 storey
2036 3427 11 11 a
2063 3422 123 21 magnificent
2202 3428 88 20 prospect
2306 3426 15 17 is

1884 3443 124 18 commanded
2016 3444 20 17 of
2044 3443 32 19 the
2089 3446 106 18 wonderful
2209 3454 76 15 geysers
2302 3451 20 15 at

1883 3467 174 18 Whakarewarewa
2077 3468 38 17 and
2137 3469 33 18 the
2194 3471 128 23 surrounding

1884 3492 86 19 country.
1996 3490 38 17 The
2043 3492 81 18 upstairs
2133 3498 62 13 rooms
2200 3499 32 12 are
2245 3495 77 17 entered

1884 3514 49 16 from
1941 3519 12 11 a
1962 3513 52 23 largo
2022 3514 38 16 hall
2071 3514 60 18 which
2142 3516 14 16 is
2165 3515 45 19 used
2221 3518 29 17 for
2263 3518 58 17 social

1883 3542 92 17 purposes
1983 3536 37 17 and
2027 3537 19 16 in
2052 3537 43 18 that
2102 3541 72 19 respect
2179 3540 16 16 is
2204 3541 32 16 the
2242 3541 80 18 favorite

1884 3561 60 16 resort
1953 3559 20 17 of
1981 3560 65 20 guests
2055 3560 19 17 in
2082 3561 31 17 the
2119 3563 86 22 evening.
2231 3564 39 17 The
2277 3564 36 17 ceil-

1883 3583 50 22 ings,
1950 3582 61 18 which
2032 3589 31 11 are
2080 3584 55 23 lofty,
2152 3591 31 12 are
2200 3587 21 17 of
2236 3587 86 21 polished

1883 3606 55 16 kauri
1947 3606 38 16 and
1994 3612 50 11 more
2053 3607 46 17 than
2108 3608 54 18 usual
2171 3615 42 11 care
2229 3610 34 17 has
2274 3610 48 18 been

1883 3628 97 18 bestowed
2000 3635 24 12 on
2044 3630 33 17 the
2097 3632 128 18 construction
2247 3633 20 17 of
2289 3633 33 17 the

1883 3651 62 18 whole
1962 3652 93 22 building.
2081 3654 41 17 Due
2139 3655 68 22 regard
2223 3655 35 18 has
2274 3656 48 17 been

1883 3675 46 22 paid
1937 3676 20 16 to
1970 3676 112 17 ventilation
2096 3677 37 17 and
2147 3678 32 17 the
2192 3679 85 22 sanitary
2291 3685 20 11 ar-

1884 3700 122 20 rangements
2014 3705 31 11 are
2054 3700 20 16 of
2082 3700 32 17 the
2129 3702 50 16 most
2192 3702 73 21 perfect
2279 3702 32 17 des-

1884 3722 87 19 cription.
2004 3722 39 17 The
2060 3723 84 21 grounds
2157 3725 91 22 comprise
2262 3730 10 12 a
2286 3725 36 17 full

1883 3744 42 18 half
1938 3750 42 12 acre
1995 3745 37 17 and
2049 3746 56 17 much
2122 3748 94 17 attention
2232 3748 16 17 is
2264 3748 58 23 being

1884 3768 96 17 bestowed
2001 3774 23 11 on
2041 3769 50 17 their
2106 3775 69 17 proper
2194 3770 67 23 laying
2281 3773 40 15 out.

1884 3791 38 18 The
1932 3791 81 18 erection
2021 3791 21 18 of
2050 3792 71 22 plunge
2129 3793 39 17 and
2180 3793 72 18 shower
2266 3794 56 18 baths

1884 3814 38 17 will
1932 3815 23 16 be
1964 3814 128 22 immediately
2105 3816 103 21 proceeded
2222 3817 47 17 with
2284 3817 38 18 and

1884 3837 53 18 these
1946 3839 69 16 cannot
2023 3838 33 16 fail
2065 3839 19 16 to
2093 3838 83 19 enhance
2182 3840 33 17 the
2220 3841 102 16 attraction

1884 3861 21 17 of
1914 3860 32 18 the
1962 3861 63 19 house,
2041 3861 37 16 and
2091 3862 82 18 increase
2186 3862 33 18 the
2235 3863 54 17 favor
2302 3864 20 16 in

1884 3884 63 17 which
1954 3884 15 17 it
1977 3884 16 17 is
2001 3883 45 18 held
2056 3884 26 22 by
2095 3885 81 18 visitors.
2207 3886 67 18 Under
2289 3887 33 17 the

1884 3907 82 17 efficient
1985 3909 134 20 management
2139 3909 20 17 of
2179 3909 32 17 Mr
2227 3909 38 17 and
2281 3909 41 18 Mrs

1884 3930 74 18 Wilson
1966 3930 78 18 assisted
2060 3930 26 22 by
2100 3936 11 12 a
2124 3932 109 21 competent
2247 3932 45 17 staff
2303 3933 20 17 of

1885 3955 86 15 servants
2175 3955 33 17 has
2217 3961 12 11 a
2234 3961 77 17 prosper-

1885 3982 34 12 ous
1928 3976 50 19 care.
1983 3983 8 10 r
1999 3976 77 18 marked
2085 3978 33 16 out
2128 3977 28 18 for
2164 3978 22 17 it.

1906 4008 42 15 Just
1967 4007 116 16 receive.]—A.
2101 4008 48 20 brgc
2165 4009 146 20 consignmentof

1886 4028 90 16 Huron's
1985 4028 94 16 nelubrated
2095 4028 81 17 Dunetlin
2189 4029 76 17 Biscuits
2277 4035 31 10 con-

1885 4050 63 20 sisting
1957 4050 19 15 ef
1985 4049 21 17 V.'
2013 4055 27 13 ne,
2050 4049 92 20 Wheaten,
2158 4050 61 16 Water
2228 4050 90 19 Crackers,

1885 4070 67 17 Lunch.
1962 4070 100 17 Arrowroot
2070 4071 35 16 and
2117 4071 45 17 Milk
2171 4070 4 23 ;
2188 4072 35 15 also
2236 4077 11 11 a
2255 4072 65 21 sapoly

1912 4091 94 22 Reynold's
2021 4092 75 17 Factorv
2112 4094 68 16 Butler.
2183 4093 52 17 —W.
2244 4093 76 20 Rogers.

1885 4112 73 23 [Adtfc]

2361 134 16 17 A
2386 134 83 22 mooting-
2477 135 20 16 of
2504 134 33 18 the
2546 135 78 21 general
2632 134 38 17 and
2681 134 92 22 auxiliary

2338 158 115 16 committees
2462 157 21 17 of
2490 159 32 15 tiie
2531 156 75 19 Church
2616 157 20 17 of
2640 156 91 23 England
2735 161 39 13 was

2337 180 44 16 held
2389 182 21 14 at
2417 181 33 16 the
2459 181 107 21 Parsonage
2575 186 24 11 on
2611 180 70 21 Friday
2694 179 81 22 evening

2337 202 37 18 last
2382 205 20 15 to
2411 203 54 17 make
2474 204 132 22 arrangement
2620 203 29 17 for
2663 203 32 16 the
2710 207 54 17 recop

2337 226 40 17 tion
2387 226 19 17 of
2413 226 33 17 the
2455 226 70 22 Bishop
2534 227 20 16 of
2563 226 32 17 the
2604 226 84 19 Diocese,
2702 226 42 16 who
2759 226 15 15 is

2337 249 90 22 expected
2440 249 43 17 here
2497 249 59 17 about
2570 249 32 17 the
2616 248 70 18 middle
2701 248 20 17 of
2736 248 38 16 this

2337 273 72 16 month.
2436 273 17 15 It
2463 278 37 10 was
2509 272 94 21 arranged
2611 272 44 17 that
2669 278 11 10 a
2693 271 69 22 deputa-

2337 295 40 16 tion
2383 295 48 17 from
2437 295 32 16 the
2477 295 98 17 combined
2580 295 117 17 committse.i
2706 293 67 18 should

2337 320 50 15 meet
2395 318 70 22 Bishop
2474 318 92 17 Williams
2575 323 24 12 on
2608 318 29 17 his
2650 317 74 18 arrival,
2736 316 37 17 and

2337 341 43 16 that
2399 341 52 17 there
2472 340 67 18 should
2558 341 135 22 subsequently
2718 340 23 16 be
2763 346 11 10 a

2338 363 101 22 gathering
2447 364 20 18 of
2476 364 73 17 Church
2559 364 92 17 members
2661 363 20 18 at
2689 363 4 22 1
2698 363 23 16 he
2728 363 34 16 Par-

2338 393 68 15 sonage
2415 393 24 10 on
2448 393 24 10 an
2481 388 81 20 evening
2578 389 21 15 to
2611 388 24 15 be
2648 386 78 17 decided
2742 391 30 11 on.

2337 409 38 17 The
2389 410 73 22 subject
2476 411 19 16 of
2507 417 11 10 a
2535 416 42 11 new
2594 410 74 18 Church
2686 409 35 17 site
2736 415 37 10 was

2337 431 116 23 introduced,
2464 433 36 17 and
2509 433 33 17 the
2556 433 135 17 desirableness
2705 432 20 16 of
2739 431 23 17 ob-

2338 455 73 21 taining
2418 462 11 10 a
2435 456 69 17 section
2513 458 20 15 at
2542 456 33 17 the
2589 455 129 21 forthcoming
2728 454 45 17 land

2338 478 37 17 sale
2384 478 113 18 considered.
2522 480 56 16 After
2586 485 51 10 some
2643 477 130 18 conversation

2337 500 15 17 it
2361 506 38 12 was
2413 501 68 22 agreed
2495 502 42 17 that
2554 509 12 9 a
2582 501 82 23 position
2680 506 45 12 near
2742 501 32 16 the.

2337 525 75 20 present
2429 525 106 22 Parßonage
2556 525 64 17 would
2636 525 23 16 be
2676 525 32 16 the
2725 525 49 16 most

2338 546 85 19 suitable,
2441 548 35 16 but
2490 548 40 17 that
2544 549 16 16 it
2576 554 39 11 was
2629 546 108 23 impossible
2753 548 20 15 to

2338 569 43 17 take
2387 575 38 18 any
2433 570 74 18 definite
2517 573 41 20 step
2567 573 20 15 at
2596 571 82 22 present.
2704 570 19 17 It
2735 575 38 11 was

2338 593 110 17 announced
2466 593 42 17 that
2521 594 71 23 Bishop
2606 593 92 17 Williams
2711 592 62 17 would

2337 615 92 22 probably
2439 617 66 21 preach
2516 617 43 17 here
2569 623 23 10 on
2608 617 46 21 May
2671 615 49 19 19th.
2736 615 37 17 and

2338 638 120 18 Archdeacon
2467 640 74 17 Samuel
2550 640 92 17 Williams
2651 645 25 11 ou
2685 639 45 22 May
2746 640 26 15 12.

2361 665 38 17 The
2411 666 32 17 old
2456 666 66 17 Palace
2538 667 61 17 Hotel
2617 667 33 16 has
2667 671 43 12 now
2726 666 47 16 been

2338 689 120 21 successfully
2467 690 113 17 transferred
2596 692 20 15 to
2629 690 24 17 its
2666 695 41 11 new
2723 689 40 17 loca-

2338 711 40 16 tion
2386 712 20 16 at
2414 712 32 17 the
2455 718 64 12 corner
2524 713 21 17 of
2549 713 106 17 Tutanokii
2663 712 37 17 aud
2707 713 66 17 Arawa

2338 734 70 17 Streets
2418 734 37 17 and
2464 736 37 16 will
2518 736 19 17 in
2551 736 33 17 the
2598 737 71 16 fulness
2685 736 20 16 of
2723 736 49 18 lime,

2338 757 54 17 when
2401 758 31 17 the
2449 760 109 16 renovation
2573 760 20 17 of
2609 760 32 16 the
2655 758 88 22 building
2759 758 14 17 is

2338 781 110 21 completed,
2467 781 80 18 blossom
2564 784 34 15 out
2611 789 21 10 as
2645 782 33 17 the
2711 781 50 17 York-

2338 803 49 17 shire
2490 804 108 19 Remindful
2616 806 20 16 of
2652 807 43 20 past
2712 805 61 16 favors

2338 828 19 15 at
2366 826 32 17 the
2406 826 61 17 hands
2476 828 19 16 of
2502 828 33 17 the
2544 828 64 22 public
2617 829 32 16 the
2662 828 110 22 proprietor,

2338 849 30 17 Mr
2377 849 100 20 Johnston,
2488 850 33 18 lias
2537 851 116 18 determined
2668 853 20 15 to
2703 850 70 17 bestow

2338 878 51 16 upon
2398 873 28 16 his
2435 878 41 12 new
2484 874 58 17 house
2550 875 32 17 the
2598 875 31 17 old
2643 880 56 11 name
2713 873 60 17 which

2338 901 38 11 was
2385 901 19 11 so
2413 896 47 23 long
2468 897 36 17 and
2513 903 20 11 so
2547 897 111 23 favourably
2672 897 70 17 known
2754 897 20 16 in

2338 919 105 22 Tauranga.
2465 920 37 16 The
2512 920 80 17 efficient
2600 926 79 12 manner
2686 920 19 17 in
2713 920 60 16 which

2338 942 31 16 Mr
2377 942 48 16 Alex
2438 942 55 22 Keys,
2508 943 32 17 the
2554 946 113 16 contractor,
2683 944 35 16 has
2730 948 33 16 per-

2338 964 72 18 formed
2427 965 32 17 the
2475 966 51 17 work
2543 967 20 16 of
2578 967 84 17 removal
2677 967 35 16 has
2727 966 46 17 been

2338 988 58 21 freely
2406 989 116 16 commented
2531 995 23 11 on
2564 990 70 22 during
2646 990 25 17 its
2680 995 93 17 progress.

2338 1009 58 19 Much
2404 1011 86 22 patience
2497 1013 37 17 and
2540 1014 107 16 unwearied
2658 1013 86 17 exertion
2749 1017 24 12 on

2338 1034 28 16 his
2376 1040 42 11 own
2428 1036 48 20 part,
2487 1041 18 11 as
2515 1036 42 16 well
2566 1042 20 11 as
2595 1036 25 23 by
2626 1036 29 17 his
2661 1035 111 22 employees,

2338 1057 47 17 have
2394 1057 46 17 been
2450 1057 62 18 shown
2521 1059 21 16 in
2554 1059 33 17 the
2602 1059 88 23 carrying
2707 1059 33 17 out
2754 1059 21 16 of

2338 1080 51 17 what
2397 1080 16 17 is
2422 1081 90 22 regarded
2528 1088 21 11 as
2566 1083 32 16 the
2613 1084 50 15 most
2679 1082 95 16 extensive

2339 1103 127 22 undertaking
2474 1104 19 17 of
2501 1104 38 17 thin
2556 1105 115 22 description
2686 1107 32 20 yet
2731 1110 32 17 per-

2338 1126 73 18 formed
2427 1127 20 16 in
2463 1127 31 17 the
2509 1128 78 23 Colony.
2613 1128 39 18 The
2669 1128 51 17 third
2737 1128 37 16 and

2338 1150 38 17 last
2396 1150 69 17 sjction
2482 1151 19 16 of
2517 1151 32 17 the
2566 1152 51 21 huge
2632 1151 89 23 building
2737 1157 37 11 was

2338 1172 66 23 placed
2413 1173 19 17 in
2448 1173 80 23 position
2546 1181 24 10 on
2584 1175 86 21 Tuesday
2686 1174 89 23 morning

2339 1195 69 18 amidst
2417 1196 31 16 the
2457 1197 161 22 congratulations
2635 1198 20 17 of
2668 1204 51 11 some
2732 1198 42 16 who

2338 1219 39 17 had
2385 1219 99 18 witnessed
2493 1220 32 17 the
2534 1222 48 16 start
2597 1221 20 17 of
2630 1221 33 17 the
2676 1221 42 17 first
2730 1226 33 16 por-

2339 1242 40 17 tion
2389 1243 47 16 from
2446 1242 31 17 the
2490 1243 31 16 old
2535 1244 40 17 site.
2606 1244 39 17 The
2658 1244 61 22 heavy
2732 1244 43 21 gale

2339 1265 61 17 which
2410 1271 38 11 was
2456 1266 83 23 blowing
2548 1267 70 22 during
2626 1268 32 16 the
2667 1268 58 16 hitter
2739 1266 36 17 end

2339 1288 20 18 of
2379 1288 37 18 last
2436 1289 50 17 week
2506 1289 87 22 impeded
2615 1296 87 16 progress
2719 1290 30 16 for
2765 1296 10 10 a

2340 1312 65 22 couple
2422 1312 20 17 of
2458 1312 51 22 days,
2527 1313 36 17 but
2578 1313 84 23 judging
2679 1314 49 17 from
2743 1313 32 17 the

2340 1335 76 22 celerity
2432 1335 46 16 with
2495 1336 60 16 which
2572 1336 32 17 the
2621 1336 107 23 operations
2745 1342 30 11 are

2339 1363 43 12 now
2384 1357 60 24 being
2447 1358 72 18 carried
2521 1359 59 18 onthe
2584 1360 61 17 whole
2649 1365 34 11 con
2686 1360 48 16 tract
2738 1359 37 17 will

2340 1381 22 17 be
2371 1381 105 23 completed
2491 1382 42 17 well
2546 1383 67 17 wit'.iiu
2627 1383 32 17 the
2674 1382 102 22 stipulated

2340 1404 52 17 time.

2411 1458 16 16 A
2448 1458 257 18 LANTERN-LECTURE.

2363 1503 39 18 The
2416 1503 45 18 Rev.
2479 1504 21 17 G.
2515 1505 21 16 B.
2556 1505 68 18 Monro
2641 1505 94 17 delivered
2748 1505 29 18 his

2341 1526 75 21 lecture,
2428 1533 20 10 as
2456 1527 107 23 previously
2570 1528 116 20 announced,
2694 1534 24 11 on

2342 1548 107 25 Highlands
2465 1550 36 18 and
2514 1550 102 19 Lowlands
2630 1552 20 17 of

2342 1578 22 12 on
2375 1573 69 22 Friday
2453 1574 80 22 evening
2547 1574 37 17 last
2602 1575 19 16 in
2642 1575 32 17 the
2691 1574 86 18 Pukeroa

2342 1596 51 17 Hall.
2419 1596 23 17 In
2451 1597 47 21 spite
2508 1598 20 16 of
2540 1597 33 17 the
2587 1597 128 23 disagreeable
2729 1598 48 17 state

2342 1619 19 18 of
2369 1619 32 16 the
2410 1620 81 17 weather
2500 1626 11 10 a
2524 1620 72 22 goodly
2610 1621 80 18 number
2707 1621 70 17 braved

2342 1642 31 18 the
2382 1642 89 18 elements
2480 1643 18 17 in
2508 1643 55 18 order
2571 1644 19 18 to
2599 1644 66 22 testify
2672 1644 49 18 their
2726 1650 39 16 sym-

2342 1666 58 22 pathy
2409 1666 46 16 with
2465 1666 30 17 the
2510 1666 74 23 project
2596 1667 20 17 in
2632 1667 31 17 aid
2680 1667 20 17 of
2717 1667 60 18 which

2341 1688 33 18 the
2386 1689 145 18 entertainment
2549 1696 38 11 was
2604 1690 63 22 given,
2685 1691 42 20 viz.,
2745 1691 33 17 the

2342 1712 80 17 erection
2432 1713 20 16 of
2460 1718 11 11 a
2481 1713 133 22 Presbyterian
2627 1714 82 17 Church.
2739 1714 38 17 The

2342 1735 114 18 lecture—or
2473 1736 63 17 rather
2553 1736 32 18 the
2599 1736 65 23 chatty
2679 1743 88 11 conversa-

2342 1758 195 18 tional-talk—which
2555 1760 133 22 accompanied
2700 1767 12 10 a
2722 1761 56 16 series

2343 1781 18 18 of
2371 1781 91 18 excellent
2475 1781 139 25 photographic
2630 1783 56 17 views
2703 1783 75 18 thrown

2342 1810 24 12 on
2375 1805 32 17 the
2416 1810 68 14 screen,
2494 1806 73 16 carried
2575 1806 33 17 the
2624 1806 90 17 audience
2730 1806 48 17 hack

2343 1829 18 16 to
2380 1828 32 16 the
2429 1828 63 16 classic
2512 1828 84 19 beauties
2613 1831 20 15 of
2653 1830 32 16 the
2700 1830 78 17 modem

2343 1851 72 17 Alliens
2423 1851 38 17 and
2469 1852 31 16 the
2509 1852 65 17 smoke
2583 1853 20 16 of
2632 1853 50 16 Auld

2342 1874 38 17 and
2389 1874 106 22 depositing
2511 1875 53 17 them
2578 1881 25 11 on
2615 1876 58 17 board
2691 1882 11 11 a
2719 1876 59 22 Clyde

2343 1898 79 17 steamer
2436 1898 20 17 at
2470 1897 129 22 Broomielaw,
2615 1900 94 22 conveyed
2726 1900 52 16 them

2342 1921 25 21 by
2376 1920 87 23 pleasant
2471 1922 62 21 stages
2543 1922 20 16 to
2573 1921 31 18 the
2621 1922 74 17 various
2710 1922 68 18 tourist

2343 1945 68 16 resorts
2432 1943 60 18 which
2513 1945 34 16 dot
2577 1945 32 17 the
2625 1945 65 17 river's
2711 1945 66 18 banks.

2342 1967 102 19 Greenock,
2466 1967 88 20 Dunoon,
2580 1967 101 23 Rothesay,
2709 1969 66 20 Arran,

2343 1989 59 22 Oban,
2415 1990 63 21 Staft'a,
2493 1990 38 18 and
2547 1991 47 17 lona
2611 1997 48 11 were
2675 1992 67 17 visited
2758 1991 19 18 in

2343 2013 37 17 this
2389 2019 83 12 manner,
2482 2013 44 18 each
2533 2014 73 22 picture
2613 2015 57 21 being
2677 2014 101 24 impressed

2342 2041 25 12 on
2375 2036 33 18 the
2416 2043 84 16 memory
2508 2037 26 22 by
2542 2043 52 11 some
2603 2038 81 22 striking
2698 2039 43 19 fact,
2757 2044 22 11 or

2342 2059 112 24 interesting
2466 2060 74 23 legend.
2571 2060 51 17 Loth
2635 2060 93 24 highland
2741 2061 38 18 and

2343 2083 82 17 lowland
2434 2089 75 16 scenery
2526 2089 49 12 were
2592 2084 88 22 dipioted,
2698 2091 20 11 as
2732 2084 19 18 in
2767 2090 12 12 a

2343 2106 66 17 mirror
2417 2106 45 17 held
2470 2112 25 16 up
2504 2108 20 15 to
2534 2110 74 17 nature,
2623 2108 47 16 from
2685 2107 32 18 the
2732 2114 35 16 rug-

2343 2129 35 21 ged
2387 2128 38 17 and
2434 2131 49 14 stern
2497 2130 97 21 grandeur
2610 2131 20 16 of
2646 2130 32 17 the
2696 2131 45 16 Pass
2758 2131 20 16 of

2343 2149 80 20 Glencoe
2432 2152 19 18 to
2460 2152 31 17 the
2500 2154 57 16 sweet
2574 2152 38 18 and
2628 2153 86 22 pleasant
2730 2153 48 17 calm

2342 2175 20 17 of
2370 2175 112 17 Tweedside.
2507 2175 40 17 The
2556 2176 55 16 views
2621 2181 48 13 were
2677 2182 101 12 numerous

2342 2198 38 17 and
2388 2199 32 16 the
2429 2198 45 17 Rev.
2483 2198 82 17 lecturer
2573 2199 38 17 had
2620 2201 20 15 to
2655 2199 22 18 bo
2694 2199 48 18 brief
2758 2200 20 17 in

2342 2221 29 17 his
2380 2221 111 22 description
2501 2222 20 16 of
2529 2223 53 16 each.
2615 2223 26 16 At
2657 2223 32 16 the
2706 2223 73 22 resting

2342 2244 62 22 places
2413 2244 19 17 in
2442 2244 32 18 the
2487 2250 65 12 course
2569 2246 20 16 of
2605 2245 32 17 the
2654 2247 44 16 tour
2714 2251 63 17 songs,

2343 2267 139 24 appropriately
2499 2268 74 20 Scotch,
2592 2274 49 12 were
2658 2263 120 23 contributed

2343 2291 25 21 by
2377 2291 69 17 several
2456 2290 56 18 ladies
2522 2291 20 18 in
2551 2292 32 16 the
2596 2291 95 22 audience,
2710 2292 37 17 and
2763 2292 17 18 it

2343 2313 14 18 is
2366 2314 69 17 almost
2448 2314 83 17 needless
2544 2315 20 17 to
2578 2321 34 16 say
2627 2321 49 12 were
2693 2315 75 17 enthusi-

2343 2337 86 22 astically
2449 2337 89 18 received.
2575 2338 47 16 Miss
2643 2338 83 18 Graham
2749 2344 20 12 re-

2343 2361 62 16 ceived
2415 2366 23 11 an
2447 2361 76 17 ovation
2539 2361 20 17 in

2343 2384 80 22 perhaps
2430 2383 19 18 in
2458 2389 11 11 a
2477 2390 85 11 measure
2570 2384 37 17 due
2616 2385 20 17 to
2644 2385 33 17 the
2686 2385 39 17 fact
2737 2385 43 17 that

2343 2407 32 16 the
2389 2407 68 17 refrain
2471 2406 98 19 contained
2585 2413 24 12 an
2625 2408 118 17 admonition
2759 2410 20 15 to

2343 2430 32 16 the
2485 2432 20 15 to
2514 2431 89 17 continue
2612 2432 20 16 to
2641 2432 50 16 trust
2699 2432 18 16 in
2732 2432 36 16 Pro-

2343 2453 77 17 vidence
2433 2453 37 17 and
2488 2453 77 22 "you'll
2582 2455 33 21 get
2631 2454 97 17 husbands
2742 2455 36 16 a'."

2344 2476 24 17 In
2376 2482 86 16 response
2472 2478 17 15 to
2503 2477 32 16 the
2550 2483 66 11 encore
2633 2477 47 18 Miss
2697 2477 82 19 Graham

2343 2505 48 16 gave
2511 2500 20 17 in
2549 2500 33 17 the
2660 2500 47 18 with
2724 2501 55 16 much

2343 2523 113 22 expression.
2493 2523 47 17 Miss
2564 2523 109 24 Thompson
2698 2524 82 17 warbled

2364 2545 70 19 Comin'
2444 2545 48 17 thro'
2502 2548 33 15 the
2615 2547 115 22 vivaciously
2742 2547 38 17 and

2345 2570 44 16 with
2415 2569 119 22 appropriate
2559 2570 94 20 archness,
2678 2570 38 17 and
2740 2571 40 16 Mrs

2343 2592 106 22 Thompson
2460 2598 46 15 gave
2516 2599 10 10 a
2535 2598 46 16 very
2594 2594 72 17 correct
2679 2593 101 23 rendering

2344 2616 20 16 of
2391 2615 62 17 Robin
2564 2611 51 22 Both
2623 2617 58 17 ladies
2690 2622 48 12 were
2746 2622 22 11 en-

2343 2638 61 17 cored.
2429 2639 39 16 The
2484 2644 65 12 scenes
2566 2640 127 22 surrounding
2709 2640 71 17 Robert

2343 2662 69 17 Burn's
2432 2660 105 24 birthplace
2554 2663 97 22 naturally
2672 2663 59 17 called
2750 2664 30 16 for

2364 2685 27 17 Ye
2401 2685 62 17 Banks
2472 2684 37 18 and
2518 2685 58 17 Braes
2585 2686 17 16 o'
2619 2686 72 17 Bonnie

2343 2708 38 17 and
2389 2708 38 17 this
2436 2714 38 11 was
2482 2714 45 16 very
2536 2709 79 22 sweetly
2629 2715 49 17 sung
2690 2709 26 22 hy
2732 2710 46 17 Miss

2344 2731 83 21 Murray.
2454 2731 16 18 A
2478 2731 46 18 duet
2532 2731 27 23 by
2567 2733 33 16 the
2608 2733 66 17 Misses
2683 2733 96 17 Robinson

2363 2755 38 16 Tiie
2416 2754 49 17 Glad
2603 2761 38 12 was
2657 2761 46 17 very
2719 2756 61 22 nicely

2343 2777 96 22 rendered,
2449 2777 37 17 and
2495 2778 105 17 concluded
2609 2779 32 17 the
2650 2780 52 16 vocal
2710 2780 42 21 part
2759 2780 21 16 of

2343 2801 32 17 the
2383 2806 125 17 programme.
2539 2801 41 17 Mrs
2597 2802 48 16 Bain
2662 2802 117 18 contributed

2343 2830 11 11 a
2363 2824 57 22 banjo
2430 2824 44 19 solo,
2552 2825 67 16 Licder
2723 2825 57 23 being

2343 2848 133 21 accompanied
2488 2848 26 21 by
2529 2848 47 17 Miss
2590 2848 50 17 Mull
2641 2854 35 11 van
2678 2854 13 17 y
2706 2854 25 12 on
2747 2849 32 17 the

2343 2871 57 22 piano
2409 2871 37 16 and
2455 2870 19 18 in
2482 2871 54 22 reply
2545 2872 20 16 to
2579 2876 24 12 an
2611 2872 94 21 emphatic
2713 2878 66 11 encore

2343 2899 47 17 gave
2400 2894 46 17 with
2455 2894 92 17 excellent
2556 2896 48 15 taste
2633 2895 29 16 Oh
2669 2895 65 18 where,
2741 2895 38 17 and

2343 2917 24 16 oh
2378 2917 61 16 where
2452 2917 15 16 is
2481 2923 31 17 my
2529 2916 84 19 Hioland
2630 2918 61 17 laddie
2707 2919 71 21 gone!'"

2343 2940 32 17 Mr
2382 2940 29 17 W.
2422 2940 21 17 E.
2454 2940 56 18 Gates
2519 2940 70 23 played
2597 2941 32 17 the
2643 2942 85 16 overture
2741 2941 37 17 and

2343 2963 170 22 accompaniments
2533 2963 21 17 in
2574 2964 32 17 the
2631 2970 64 12 course
2710 2965 20 16 of
2746 2965 32 17 the

2343 2987 81 21 evening
2443 2987 20 16 in
2479 2987 33 17 the
2528 2989 50 15 most
2599 2987 77 25 capable
2695 2993 82 12 manner.

2343 3010 60 16 When
2411 3009 33 18 the
2453 3010 55 17 views
2520 3010 20 17 of
2554 3010 82 17 Scottish
2650 3016 57 12 scene:
2712 3016 12 16 y
2740 3011 38 16 had

2342 3032 47 18 been
2399 3033 102 17 exhausted
2510 3039 11 11 a
2529 3033 80 17 number
2616 3034 21 17 of
2643 3034 80 21 pictures
2730 3039 48 12 wore

2343 3055 98 23 displayed
2449 3057 20 16 of
2477 3056 149 18 Auckland—its
2643 3058 71 19 streets,
2732 3057 34 17 har-

2342 3078 40 22 bor,
2394 3078 85 22 suburbs,
2495 3081 31 16 ifco.
2557 3080 59 17 These
2632 3085 48 12 were
2696 3081 20 16 at
2732 3086 46 11 once

2343 3102 109 23 recognised
2460 3102 24 22 by
2494 3102 32 18 the
2543 3103 91 17 audience
2648 3102 36 18 and
2701 3103 76 22 greeted

2343 3125 47 17 with
2407 3126 104 17 vociferous
2529 3126 93 17 welcome.
2656 3126 16 17 A
2690 3126 52 17 word
2757 3126 21 17 of

2342 3149 62 21 praise
2412 3149 17 16 is
2437 3149 35 16 due
2481 3151 20 15 to
2510 3149 32 17 Mr
2550 3149 22 17 P.
2587 3150 22 16 B.
2623 3149 54 17 Scott
2693 3149 37 17 and
2746 3149 32 17 Mr

2343 3172 37 17 and
2389 3172 40 17 Mrs
2438 3172 45 17 Hall
2493 3172 29 17 for
2538 3172 50 18 their
2602 3172 93 17 attention
2709 3173 20 16 to
2743 3172 22 17 de-

2342 3195 50 17 tails.
2430 3196 38 16 The
2488 3194 80 24 receipts
2589 3201 29 11 we
2637 3201 32 11 are
2684 3195 93 17 informed

2343 3217 101 19 amounted
2453 3219 19 16 to
2481 3218 26 18 £o
2516 3219 50 16 after
2574 3219 72 21 paying
2653 3224 94 16 expenses.

2344 3269 20 18 A
2377 3268 192 19 PROGRESSIVE
2592 3268 177 19 PROGRAMME.

2380 3322 19 18 A
2409 3327 52 12 CHAT
2472 3327 55 12 WITH
2539 3320 37 21 Mb
2591 3321 107 18 MAT.I'ItOY.
2707 3327 36 12 c.e.

2370 3356 18 18 A
2398 3355 159 26 representative
2567 3356 22 18 of
2601 3354 42 20 this
2659 3361 62 19 paper
2736 3355 41 19 liatl

2344 3388 27 12 an
2382 3381 103 19 interview
2497 3381 48 19 with
2560 3381 33 19 Mr
2606 3381 23 19 C.
2645 3380 88 25 Malfroy
2750 3388 25 12 on

2344 3408 34 18 the
2389 3408 40 23 day
2443 3407 55 25 prior
2513 3409 21 17 to
2551 3407 33 19 his
2600 3407 107 25 departure
2723 3413 25 12 on
2765 3414 12 12 a

2345 3433 166 25 health-seeking
2521 3436 45 16 tour
2575 3434 22 18 of
2609 3434 35 18 the
2658 3433 118 18 Australian

2344 3459 92 19 colonies.
2464 3459 20 19 It
2493 3465 65 13 seems
2568 3461 82 22 strange
2660 3461 21 16 at
2699 3464 13 12 a
2730 3459 44 18 first

2344 3485 71 25 glance
2427 3485 44 19 that
2479 3492 80 17 anyone
2569 3484 73 20 should
2659 3484 79 24 require
2749 3487 21 17 to

2344 3511 57 19 leave
2411 3510 34 20 the
2454 3511 129 19 Sanatorium
2593 3511 21 18 of
2624 3510 50 19 .New
2685 3509 92 21 Zealand

2344 3543 27 12 on
2380 3537 49 18 such
2437 3543 13 12 a
2458 3540 65 22 quest,
2534 3536 37 20 but
2578 3537 16 18 it
2600 3538 53 17 must
2661 3535 25 19 be
2693 3542 68 14 remem-

2344 3562 62 20 bered
2415 3562 43 19 that
2471 3563 33 18 for
2519 3569 12 12 a
2549 3562 49 26 long
2612 3562 48 19 time
2678 3563 47 23 past
2744 3562 33 20 Mr

2344 3588 89 24 Malfroy
2444 3589 35 19 has
2490 3588 52 19 been
2551 3595 12 12 a
2573 3590 77 22 martyr
2663 3589 21 17 to
2697 3588 80 20 asthma

2344 3615 22 18 iu
2387 3616 27 17 its
2432 3617 51 17 most
2501 3613 140 26 disagreeable
2658 3614 59 22 form,
2735 3615 42 20 and

2344 3641 57 18 there
2411 3647 34 12 are
2455 3640 111 26 specialists
2579 3640 21 18 in
2617 3639 35 19 the
2669 3642 108 18 treatment

2344 3666 22 19 of
2375 3666 41 19 this
2425 3666 76 19 disease
2511 3672 25 12 on
2546 3666 34 18 the
2590 3665 58 18 other
2661 3666 43 19 side
2712 3667 21 18 of
2742 3667 35 20 the

2344 3692 87 19 Tasman
2453 3692 39 19 Sea
2516 3692 45 19 who
2579 3697 48 19 may
2646 3691 25 19 be
2692 3692 46 20 able
2756 3696 21 16 to

2344 3718 95 19 alleviate
2449 3718 34 19 the
2492 3717 95 25 patient's
2598 3716 116 27 sufferings-
2742 3718 34 19 Mr

2345 3744 89 24 Malfroy
2447 3743 95 26 proceeds
2560 3744 21 18 to
2601 3743 83 25 Sydney
2703 3744 22 19 in
2743 3745 35 19 the

2344 3770 44 18 first
2409 3770 89 18 instance
2520 3769 40 19 and
2583 3769 42 19 will
2647 3770 49 18 then
2718 3777 25 18 go
2757 3774 21 16 to

2345 3795 129 21 Queensland
2492 3802 22 12 or
2532 3795 83 19 Ceutral
2632 3795 105 20 Australia
2756 3804 22 12 as

2344 3828 48 17 may
2401 3821 26 19 be
2436 3821 82 19 deemed
2528 3820 52 20 best.
2610 3821 80 24 Hearty
2705 3823 74 19 wishes

2344 3848 32 18 for
2385 3847 32 19 his
2427 3847 96 25 complete
2533 3847 122 19 restoration
2672 3851 21 16 to
2708 3848 71 20 health

2345 3873 41 19 will
2394 3873 161 25 followhisstops
2566 3873 157 21 whithersoever
2730 3875 48 24 thoy

2345 3906 47 17 may
2401 3899 24 18 be
2437 3898 94 19 directed.

2371 3925 27 19 In
2406 3924 73 26 regard
2488 3926 21 17 to
2521 3924 36 20 the
2572 3931 44 13 new
2634 3925 61 19 baths
2713 3925 65 20 which

2345 3957 34 12 are
2389 3950 62 26 being
2458 3950 79 19 erected
2547 3957 49 12 near
2603 3951 55 19 what
2664 3958 34 12 are
2705 3951 74 19 known

2345 3983 23 13 as
2377 3977 34 18 the
2422 3976 123 19 Postmaster
2552 3977 41 18 and
2599 3977 61 20 Yaux
2669 3977 66 23 baths,
2745 3977 34 18 Mr

2346 4002 88 25 Malf'-oy
2446 4002 80 19 seemed
2541 4005 21 16 to
2575 4002 26 20 bo
2613 4004 22 18 of
2648 4003 34 19 the
2697 4003 82 25 opinion

2345 4028 45 19 that
2399 4028 48 24 they
2457 4028 41 19 will
2508 4028 36 19 bid
2552 4028 42 19 fair
2610 4032 21 16 to
2646 4029 81 18 become
2744 4028 35 19 the

2345 4056 53 17 most
2406 4054 85 25 popular
2501 4055 22 18 of
2533 4054 27 19 all
2580 4055 35 19 tho
2629 4054 60 19 baths
2704 4055 22 18 in
2744 4054 35 20 the

2345 4080 175 25 neighbourhood.
2548 4080 20 19 A
2577 4087 59 19 space
2645 4080 22 19 of
2678 4082 36 17 100
2724 4087 14 12 x
2753 4083 26 16 o0

2345 4106 41 19 i'eet
2397 4106 37 19 has
2445 4105 50 20 been
2509 4107 92 19 enclosed
2612 4106 41 19 and
2660 4106 72 20 within
2738 4106 41 20 this

2797 144 46 12 area
2853 138 32 18 six
2895 138 60 19 baths
2965 139 52 19 have
3029 139 49 19 beeu
3092 138 137 21 sunk—threo

2798 163 31 19 for
2836 162 66 21 ladies
2910 165 41 19 and
2966 165 56 19 Ihree
3040 164 31 20 for
3088 164 141 25 gentlemen—*

2797 189 103 24 affording
2911 189 86 26 bathing
3015 191 91 24 capacity-
3128 191 32 18 for
3177 191 52 19 from

2797 218 37 15 -100
2845 218 19 16 to
2881 217 38 17 500
2932 217 71 24 people
3018 217 61 23 daily.
3093 212 3 29 '
3112 217 44 19 The
3175 219 55 18 work

2797 241 16 18 is
2824 242 18 18 in
2854 248 95 18 pi-ogres*
2959 243 38 18 and
3008 242 79 26 rapidly
3098 243 93 25 drawing
3199 248 20 14 to-

2796 268 65 18 wards
2879 267 120 25 eompfction
3024 268 63 20 under
3104 269 33 19 th«
3158 276 60 18 super-

2796 294 63 18 vision
2871 294 21 18 of
2905 294 32 19 Mr
2956 294 83 19 Purcell.
3068 294 41 20 The
3130 296 5 10 '
3154 295 75 25 ulphur

2797 318 67 24 Bath,'
2866 319 5 10 1
2883 327 22 11 as
2915 320 15 19 it
2942 320 38 17 will
2994 320 24 18 be
3030 320 115 21 henceforth
3162 321 58 20 offici-

2796 344 40 26 ally
2846 345 80 20 known,
2938 345 78 25 though
3027 350 33 13 not
3072 348 77 18 erected
3159 353 25 13 on
3193 348 35 18 tiie

2796 371 76 20 precise
2897 372 37 18 site
2951 372 21 17 of
2991 371 34 19 the
3048 372 124 21 Postmaster
3189 374 41 19 and

2796 396 59 19 Vaux
2865 398 87 24 springs,
2970 398 78 17 derives
3059 399 24 17 its
3098 401 63 17 water
3177 400 53 19 from

2796 422 56 19 these
2861 429 87 13 source.
2977 423 42 19 The.
3030 423 91 24 analyses
3138 426 21 18 of
3170 427 57 18 the.se

2796 450 39 16 two
2845 449 81 24 springs
2942 449 82 19 showed
3039 450 33 18 the
3088 450 59 19 latter
3162 454 20 15 to
3204 452 24 17 be

2796 480 94 18 srronger
2900 475 19 19 in
2931 475 74 20 certain
3014 475 111 26 properties
3133 477 49 19 than
3194 478 33 18 the

2796 499 80 23 former,
2888 501 39 18 and
2938 502 34 17 the
2983 508 94 17 presence
3090 502 21 18 of
3125 508 11 13 a
3152 504 76 18 crevice

2796 526 94 23 emitting
2900 530 63 16 steam
2973 528 40 24 jeta
3029 527 40 18 and
3086 528 112 25 extending
3217 536 10 12 a

2796 551 52 19 little
2858 552 89 20 distance
2958 560 24 12 on
2994 553 34 18 the
3038 553 46 19 lake
3093 553 42 19 side
3146 554 33 19 led
3196 555 32 19 Mr

2798 576 87 27 Mhlfroy
2899 580 19 18 to
2934 584 86 20 suppose
3039 579 44 19 that
3100 579 26 24 by
3145 579 83 28 staking

2796 603 33 18 the
2846 604 103 24 projected
2966 604 61 19 baths
3040 605 21 18 in
3078 605 53 19 their
3147 612 81 18 present

2796 629 86 24 position
2895 630 35 19 the
2941 635 71 14 waters
3022 631 21 18 of
3053 631 49 18 both
3119 632 65 25 might
3204 633 23 19 bo

2796 655 89 19 utilised.
2914 655 42 20 The
2967 656 64 19 result
3043 656 87 24 justifies
3139 659 34 17 the
3183 665 33 12 eon-

2796 681 76 19 elusion
2883 682 80 19 arrived
2972 685 26 18 at,
3010 683 41 18 and
3060 689 25 12 an
3099 683 90 25 analysis
3207 685 22 18 of

2796 706 35 19 the
2840 708 105 19 combined
2958 711 71 16 waters
3038 709 64 18 shows
3118 709 43 19 that
3179 709 49 21 thev

2796 739 33 12 are
2839 734 92 24 strongly
2941 734 62 19 acidic
3018 734 117 26 containing
3149 736 27 19 all
3193 737 34 18 the

2796 758 125 25 therapeutic
2941 760 93 25 agencies
3053 761 21 17 of
3092 760 33 20 the
3144 762 85 19 Priest's

2796 784 76 25 spring.
2901 785 43 19 The
2954 789 73 16 waters
3032 786 21 19 of
3060 786 33 19 the
3100 791 39 14 two
3147 788 81 25 springs

2796 816 34 13 are
2840 813 36 16 not
2886 812 50 18 used
2952 811 21 20 in
2987 812 59 24 equal
3064 813 127 25 proportions
3207 821 22 12 na

2796 836 34 18 the
2840 836 60 20 Vaux
2911 844 22 12 or
2943 838 129 19 Wuikirihou
3082 838 17 19 is
3107 839 33 18 the
3149 843 67 19 strong-

2796 865 29 15 est
2836 862 20 18 in
2866 863 35 19 the
2911 863 78 20 district
2999 864 40 18 and
3053 864 36 19 has
3098 866 21 17 to
3135 865 25 20 be
3177 866 51 19 used

2796 888 49 18 with
2855 895 45 13 care
2911 890 39 18 and
2960 890 114 18 discretion.

2822 913 43 19 The
2879 914 91 25 Sulphur
2987 916 54 18 Bath
3065 916 39 19 will
3124 916 25 20 be
3165 918 65 19 found

2902 941 111 19 efficacious
3024 943 20 17 in
3057 948 55 13 cases
3128 944 23 18 of
3170 944 46 18 rheu-

2796 965 87 24 matism,
2895 967 39 19 and
2945 974 21 12 as
2977 967 34 19 the
3028 970 135 23 temperature
3172 970 22 18 of
3203 970 26 20 its

2796 997 80 13 sources
2888 993 17 17 is
2924 995 35 17 not
2980 993 86 20 affected
3085 995 65 19 either
3168 995 28 25 by
3217 1003 13 13 a

2796 1017 78 25 change
2892 1019 22 18 of
2928 1019 52 19 level
2998 1019 22 20 in
3034 1020 34 18 the
3085 1020 52 23 lake,
3156 1028 23 12 or
3194 1022 34 19 thu

2798 1043 57 23 wind,
2874 1047 17 16 it
2909 1045 41 18 will
2966 1049 36 15 not
3020 1045 25 19 be
3062 1046 79 25 subject
3156 1049 21 17 to
3195 1048 35 19 the

2796 1070 145 20 eccentricities
2959 1071 22 19 of
3003 1071 35 19 the
3060 1071 83 21 Priest's
3167 1073 60 23 Bath,

2796 1101 22 12 so
2837 1096 151 26 unfavourably
3011 1098 124 20 commented
3158 1106 25 12 on
3204 1099 26 26 by

2798 1120 80 21 visitors
2888 1123 21 18 of
2921 1122 47 20 late.

2826 1147 26 20 In
2862 1149 74 23 regard
2945 1152 21 15 to
2977 1150 33 17 the
3021 1150 56 19 track
3091 1152 20 17 to
3126 1152 35 19 the
3177 1158 39 13 sum-

2797 1174 37 18 mit
2844 1175 21 18 of
2876 1174 139 25 Ngongotaha
3025 1176 63 19 which
3100 1183 41 14 was
3147 1177 84 21 decided

2798 1206 53 18 upon
2862 1200 59 19 when
2931 1201 33 19 Mr
2974 1201 63 25 Percy
3047 1202 71 21 Smith,
3131 1204 36 19 the
3182 1204 36 19 Sur-

2798 1226 166 24 veyor-General,
2986 1234 42 12 was
3048 1228 20 18 in
3090 1228 40 19 this
3148 1230 81 19 localitv

2798 1258 54 12 some
2864 1252 57 19 three
2933 1253 82 19 months
3031 1260 44 19 ago,
3092 1254 34 20 Mr
3141 1254 89 27 Malfroy

2799 1278 82 24 pointed
2891 1281 35 16 out
2935 1279 44 19 that
2989 1280 35 18 the
3031 1281 40 17 line
3079 1281 38 19 had
3126 1287 45 13 now
3180 1282 50 19 been

2798 1310 45 12 run.
2871 1304 43 19 The
2924 1305 61 25 grade
2996 1305 17 19 is
3024 1312 25 13 an
3059 1313 46 16 easy
3116 1314 45 17 one,
3171 1308 60 25 being

2799 1329 20 19 in
2829 1336 26 12 no
2865 1331 57 23 place
2935 1338 54 12 more
2999 1331 49 20 than
3061 1334 6 16 1
3081 1333 20 19 in
3114 1334 20 18 15
3146 1334 40 19 and
3197 1334 34 20 the

2799 1355 56 19 track
2865 1356 63 25 being
2934 1357 82 25 already
3023 1359 94 24 partially
3124 1360 107 19 cleared—

2799 1387 54 13 more
2870 1381 50 20 than
2935 1383 21 19 in
2977 1390 26 12 an
3021 1384 94 25 ordinary
3131 1392 100 19 survey—

2799 1408 71 24 peop'e
2880 1414 37 13 can
2927 1416 50 12 even
2990 1416 45 12 now
3050 1411 62 19 travel
3129 1411 63 26 along
3208 1413 21 23 it,

2799 1433 100 26 although
2908 1434 35 20 the
2952 1436 81 24 ground
3048 1437 16 18 is
3072 1438 103 25 naturally
3191 1440 38 18 soft

2799 1459 40 19 and
2849 1460 85 26 humpy.
2961 1461 43 20 The
3014 1463 143 25 magnificence
3167 1465 22 18 of
3198 1465 33 19 the

2799 1486 51 18 view
2860 1486 52 19 from
2923 1487 33 19 the
2963 1488 82 19 summit
3053 1489 58 19 much
3120 1496 55 12 more
3182 1491 49 19 than

2799 1517 73 19 repays
2881 1512 35 19 the
2926 1514 92 19 exertion
3027 1515 94 25 required
3136 1518 22 17 to
3172 1518 59 18 reach

2800 1537 21 23 it,
2833 1538 41 19 and
2886 1538 16 19 it
2909 1538 17 20 is
2933 1539 69 20 bound
3010 1543 20 16 to
3038 1540 81 21 become
3126 1548 12 14 a
3145 1543 86 19 favorite

2800 1564 105 19 excursion
2924 1569 95 21 amongst
3034 1568 87 19 tourists.
3159 1569 72 19 13eforo

2800 1592 48 17 next
2858 1597 77 17 season,
2949 1592 99 24 however,
3057 1594 33 19 the
3106 1597 69 17 ascent
3193 1596 38 19 will

2800 1615 25 19 he
2833 1616 98 20 rendered
2942 1619 156 26 comparatively
3107 1627 48 17 easy
3165 1627 22 12 as
3198 1622 33 19 the

2800 1641 137 21 Government
2949 1638 71 25 will'in
3030 1645 27 18 all
3066 1641 125 31 probability
3200 1655 21 12 ac-

2799 1668 48 19 cede
2867 1670 20 18 to
2906 1669 34 19 the
2959 1674 82 21 request
3059 1672 65 19 which
3146 1673 42 19 will
3206 1675 24 18 bo

2799 1695 59 18 made
2869 1698 20 16 to
2905 1698 60 21 grant
2982 1697 55 18 £l3O
3054 1700 19 16 to
3089 1699 95 25 properly
3200 1700 31 24 lay

2799 1722 36 17 out
2850 1721 41 19 and
2909 1721 51 20 level
2973 1722 35 19 the
3025 1724 54 18 road.
3114 1724 49 20 This-

2801 1747 66 18 would
2877 1748 102 25 naturally
2989 1748 52 20 have
3051 1752 20 16 to
3081 1750 25 19 be
3117 1752 112 21 performed

2800 1772 27 23 by
2837 1772 35 20 the
2881 1774 79 19 natives
2969 1781 22 12 as
3011 1775 33 19 the
3061 1776 56 20 traok
3135 1778 96 21 stretches

2800 1799 90 24 through
2900 1799 53 19 their
2963 1801 86 24 ground.

2826 1825 43 19 The
2879 1828 73 17 matter
2962 1827 21 18 of
2993 1827 94 26 building
3099 1830 40 19 and
3149 1830 82 26 making

2800 1856 11 13 a
2822 1851 66 19 wharf
2898 1852 40 19 and
2948 1853 132 19 boatishelter
3089 1862 26 12 on
3129 1856 35 19 the
3180 1863 47 13 mar

2800 1877 36 24 gin
2843 1877 20 19 of
2873 1877 35 19 the
2917 1878 47 19 lake
2975 1883 22 15 at
3012 1879 34 19 the
3062 1880 76 21 bottom
3155 1882 22 20 of
3194 1883 25 19 Tu-

2800 1902 83 20 tanekai
2893 1903 67 20 Street
2970 1912 41 12 was
3021 1906 42 18 a'so
3072 1907 90 21 referred
3175 1911 20 17 to
3206 1909 25 25 by

2801 1928 32 21 Mr
2843 1929 95 26 Malfroy.
2966 1931 50 19 This
3029 1938 41 13 was
3084 1933 42 19 also
3145 1935 86 25 brought

2801 1955 64 20 under
2888 1956 34 19 the
2940 1957 66 19 notice
3025 1958 21 18 of
3068 1959 34 19 the
3121 1959 110 27 Surveyor-

2801 1980 87 21 General
2898 1982 58 19 when
2965 1983 54 22 here,
3031 1985 37 19 am]
3081 1992 40 12 was
3128 1986 103 24 favorably

2799 2008 125 20 commented
2935 2015 33 13 on.
2996 2009 34 20 Mr
3046 2010 136 26 Hursthouso,
3199 2013 31 20 the

2800 2033 78 19 district
2888 2035 160 25 road.scrvoyor,
3057 2043 41 13 was
3104 2039 126 25 accordingly

2800 2058 111 21 instructed
2924 2063 20 16 to
2954 2061 48 18 take
3013 2063 116 25 soundings,
3148 2070 81 21 prepare

2800 2085 59 24 plans
2872 2086 42 19 and
2929 2087 81 19 furnish
3026 2095 26 13 an
3069 2090 92 20 estimate
3174 2098 22 12 as
3212 2094 17 17 to

2800 2111 36 19 the
2846 2114 42 17 cost
2897 2112 22 19 of
2937 2113 34 19 the
2989 2114 142 27 undertaking.
3166 2117 34 19 He
3216 2119 14 18 is

2799 2142 51 17 now,
2862 2137 16 19 it
2888 2137 17 19 is
2916 2139 128 25 understood,
3055 2138 21 21 in
3088 2143 114 23 possession
3211 2143 19 20 of

2800 2162 27 19 all
2837 2163 35 19 the
2886 2164 131 20 information
3034 2167 93 25 required
3143 2169 41 19 and
3204 2176 25 13 we

2799 2195 38 11 can
2848 2189 49 19 with
2907 2196 55 13 some
2971 2192 113 20 confidence
3092 2193 46 19 look
3146 2195 83 19 forward

2800 2215 21 18 to
2830 2214 35 20 the
2874 2217 120 24 completion
3008 2218 21 18 of
3044 2220 33 17 the
3094 2220 54 19 work
3165 2220 64 21 before

2800 2243 49 16 next
2859 2248 78 13 season.
2956 2243 43 19 The
3010 2244 64 19 wharf
3083 2246 41 19 will
3136 2248 24 18 be
3168 2248 61 19 either

2801 2267 21 18 of
2832 2267 45 19 half
2886 2274 59 13 moon
2962 2269 63 26 shapo
3042 2277 22 13 or
3079 2272 40 19 will
3137 2272 25 20 be
3180 2273 49 20 built

2801 2292 88 25 straight
2899 2297 36 16 out
2944 2295 52 19 from
3013 2296 35 20 the
3062 2297 59 20 shore
3136 2299 48 19 with
3200 2300 29 19 the

2801 2318 96 26 ordinary
3019 2325 21 17 at
3064 2323 34 20 the
3119 2326 110 19 extremity.

2801 2344 43 20 The
2867 2345 125 27 advantages
3020 2348 46 20 thus
3095 2350 91 21 afforded
3213 2354 17 17 to

2800 2371 119 24 yaethsmen
2930 2373 40 19 and
2978 2375 69 18 others
3057 2376 48 18 with
3114 2376 41 20 less
3168 2378 50 26 vigor-

2801 2404 36 11 ous
2846 2399 89 18 nautical
2945 2400 116 20 tendencies
3070 2405 74 17 cannot
3159 2403 26 19 he
3201 2407 28 16 too

2801 2422 73 26 highly
2883 2425 113 19 estimated.
3024 2426 43 20 The
3078 2427 64 21 wharf
3154 2430 41 19 will
3212 2431 17 19 of

2801 2455 71 14 course
2882 2450 25 19 be
2917 2457 26 13 on
2953 2451 34 20 the
2995 2452 136 22 Government
3140 2462 48 14 area
3194 2457 34 18 and

2802 2475 101 20 therefore
2913 2481 35 15 not
2956 2477 64 20 liable
3034 2481 21 17 to
3070 2480 34 18 the
3119 2481 99 21 inconveni-

2802 2507 58 14 ences
2874 2502 65 19 which
2957 2504 67 25 might
3040 2506 51 18 arise
3109 2513 51 13 were
3175 2508 16 20 it
3208 2515 21 12 on

2801 2527 69 20 native
2881 2529 85 24 ground..
2996 2530 58 21 With
3064 2538 20 13 so
3095 2533 97 26 {inviting
3207 2540 22 14 au

2802 2559 89 19 expanse
2901 2555 22 19 of
2935 2560 61 15 water
3013 2559 20 16 at
3048 2564 36 13 our
3104 2565 49 19 very
3168 2560 59 22 doors,

2801 2578 70 26 luring
2890 2587 38 12 one
2951 2584 20 17 to
2996 2584 80 24 aquatic
3101 2586 93 23 exercise,
3217 2587 12 18 it

2801 2606 68 19 would
2887 2606 25 19 be
2930 2608 73 19 almost
3018 2610 63 19 sinful
3097 2614 34 17 not
3147 2615 20 16 to
3187 2612 40 20 take

2802 2631 115 26 advantage
2928 2634 21 18 of
2958 2634 22 19 it.

2829 2658 34 18 Mr
2878 2659 97 25 Malfroy,
2999 2663 142 24 accompanied
3161 2664 28 26 hy
3203 2665 21 19 his

2802 2684 77 25 family,
2891 2686 37 18 left
2938 2686 108 20 Auckland
3065 2690 31 17 for
3111 2689 81 26 Sydney
3207 2690 17 26 by

2802 2709 34 20 the
2845 2711 144 20 Kotomahana
2999 2719 26 13 on
3034 2714 107 26 Thursday
3151 2716 44 20 last.

2803 2770 419 50 CABLEGRAMS

2831 2861 91 34 HOME
2951 2864 65 33 AND
3055 2867 148 34 FOREIGN.

2827 2941 92 26 London,
2943 2944 60 24 April
3024 2945 102 20 30.—The
3144 2945 81 21 Russian

2801 2968 137 20 Government
2955 2970 17 19 ia
2984 2970 111 26 preparing
3104 2974 20 17 to
3140 2972 85 19 mobilise

2801 2995 34 19 the
2846 2995 65 19 whole
2925 2996 20 19 of
2955 2996 37 18 her
3001 3002 57 19 army
3067 2998 40 19 and
3120 3004 60 18 navy.

2827 3022 18 18 A
2860 3027 92 20 message
2961 3022 53 19 from
3022 3022 64 26 Hong
3095 3023 63 26 Kong
3173 3026 53 17 states

2800 3047 45 19 that
2854 3047 35 18 the
2899 3047 103 26 Japanese
3012 3050 113 19 massacred
3140 3050 36 19 the
3187 3057 39 19 gar*

2799 3073 56 19 rison
2865 3076 21 16 at
2895 3073 124 20 Pescadores
3028 3081 26 12 on
3063 3076 114 25 occupying
3185 3076 20 19 it.

2826 3099 20 19 It
2853 3099 18 19 is
2878 3099 92 24 reported
2979 3100 45 18 that
3031 3100 100 27 Germany
3139 3102 37 20 has
3186 3109 30 19 pro-

2799 3125 63 24 posed
2871 3128 21 16 to
2901 3125 56 24 Italy
2966 3128 20 16 to
2997 3126 86 26 prolong
3092 3128 34 19 the
3137 3128 59 26 triple
3203 3128 15 20 al-

2799 3151 65 19 liance
2874 3151 31 19 for
2916 3151 31 19 six
2958 3158 66 18 years.

2825 3176 43 20 The
2877 3177 137 20 Government
3022 3178 38 19 will
3065 3179 103 21 introduce
3177 3187 11 13 a
3196 3179 29 20 bill

2799 3202 40 19 this
2850 3203 76 19 session
2936 3203 110 26 providing
3052 3205 31 19 for
3092 3205 35 20 the
3134 3206 91 25 principle

2798 3228 22 19 of
2830 3228 208 21 One»niau-one~vote
3048 3231 21 18 in
3086 3231 26 19 all
3130 3232 94 20 elections.

2800 3254 104 20 Members
2914 3255 21 20 of
2945 3255 51 20 both
3003 3257 75 24 parties
3088 3264 33 13 are
3129 3258 96 25 surprised

2799 3283 21 16 at
2830 3280 166 21 itsiutroduetion
3006 3282 39 19 and
3052 3282 58 20 think
3119 3284 17 18 it
3146 3284 80 22 predicts

2799 3307 138 26 approacding
2949 3308 125 19 dissolution.

2825 3333 33 18 Mr
2869 3334 86 19 Balfour
2965 3339 47 19 says
3021 3334 45 19 that
3076 3335 110 20 Harcour's
3196 3335 29 20 Lfl'

2798 3358 32 19 cal
2839 3359 53 20 Veto
2898 3360 42 19 Bill
2948 3360 17 19 is
2972 3367 27 12 an
3005 3360 94 25 injustice
3109 3363 20 18 to
3139 3362 35 19 the
3181 3362 34 26 pub-

2798 3384 113 24 licans,and
2918 3389 74 22 agreat
2999 3386 96 26 hardship
3102 3389 19 18 to
3130 3388 95 20 moderate

2798 3410 100 25 drinkers,
2907 3412 41 19 and
2955 3412 41 19 will
3004 3414 34 17 not
3045 3416 89 21 promote
3141 3414 35 19 the
3182 3418 41 15 teni'

2798 3442 86 20 perance
2890 3444 66 13 cause.
2970 3438 36 18 Ma
3012 3437 142 22 Chamberlain
3161 3440 64 20 thinks

2799 3463 35 19 the
2845 3463 37 19 bill
2890 3465 17 18 is
2915 3464 150 25 impracticable
3072 3465 40 19 anb
3122 3466 102 25 bangeros-

2825 3489 43 19 The
2877 3490 51 19 N.Z.
2940 3490 45 19 loan
2993 3490 17 18 is
3017 3491 76 24 quoted
3102 3495 21 16 at
3133 3493 25 22 4}
3166 3498 58 20 preui.

2827 3516 53 18 New
2891 3516 67 22 York,
2974 3515 60 25 April
3043 3518 31 18 30.
3108 3518 44 19 The
3168 3518 58 19 Euro.

2798 3548 54 19 pean
2861 3543 80 19 consuls
2953 3541 22 20 in
2985 3542 117 26 Nicaragua
3113 3550 34 13 are
3158 3543 68 27 urging

2799 3574 27 12 on
2837 3568 35 20 the
2885 3571 96 23 payment
2996 3569 21 19 of
3027 3569 34 19 the
3069 3569 118 25 indemnity.

2892 3631 234 33 TELEGRAPHIC.

2823 3696 116 22 Auckland,
2961 3699 150 24 Wednesday.—
3137 3702 87 23 Inspects

2799 3719 86 19 Hickson
2893 3720 61 18 leaves
2963 3722 82 17 Ruatoki
3058 3725 68 23 to-day
3142 3726 29 17 for
3184 3727 33 16 her.
3224 3719 1 29 .

2823 3743 99 22 Inspector
2930 3744 92 18 Emerson
3030 3746 20 17 of
3058 3746 75 24 Napier,
3144 3749 38 17 will
3191 3749 32 18 bib

2799 3765 76 23 charge,
2885 3767 38 17 and
2931 3767 93 22 Sergeant
3036 3769 63 22 Lyons
3107 3772 21 16 of
3136 3770 89 20 Auckland

2799 3788 40 19 will
2847 3789 40 22 join
2895 3795 12 12 a
2919 3789 121 20 detachment
3048 3794 20 16 of
3084 3793 60 23 police
3160 3796 65 17 eonxins

2800 3812 49 17 from
2859 3812 123 23 Wellington,
2992 3815 37 16 and
3038 3816 32 17 the
3078 3820 57 19 party
3144 3818 38 18 will
3191 3824 20 16 pr
3222 3812 3 28 -

2800 3835 44 17 coed
2853 3836 19 16 to
2881 3836 85 18 Rotorua
2977 3838 111 18 to-morrow
3099 3845 22 12 on
3138 3843 53 16 route
3206 3841 19 17 foi

2800 3857 85 18 Galatea.
2911 3859 79 23 Twenty
2999 3867 42 11 men
3050 3868 47 12 were
3106 3863 92 19 ballottod
3206 3864 19 18 fo!

2799 3881 101 22 yesterday
2909 3883 20 16 at
2937 3883 33 17 the
2978 3883 63 18 Labor
3050 3885 74 18 Bureau
3133 3890 33 14 out
3175 3889 19 15 of
3205 3886 20 18 102

2800 3910 24 10 on
2833 3904 32 16 the
2882 3905 60 18 books
2958 3906 38 17 and
3012 3908 46 22 llioy
3073 3914 116 20 accompany
3205 3910 19 17 tb

2799 3926 61 22 police
2880 3930 63 20 party.
2976 3930 30 16 Gn
3023 3932 89 22 reaching
3133 3932 75 19 GaTat&i
3222 3926 3 28 ■•

2800 3955 55 17 camp
2864 3951 39 18 will
2911 3951 23 18 be
2944 3953 71 17 formed
3024 3953 38 18 and
3074 3955 33 17 the
3120 3957 76 17 navvies
3210 3951 15 23 si!

2801 3973 19 16 to
2841 3974 136 24 road-making
3003 3982 24 11 on
3052 3977 31 18 the
3107 3979 115 21 00-operativ

2800 3995 98 24 principle,
2908 3998 33 17 the
2949 3999 60 22 police
3018 4000 56 23 being
3086 4000 46 24 kept
3145 4002 19 18 in
3178 4002 40 19 readi-

2800 4024 43 13 ness
2851 4020 20 17 in
2880 4027 41 11 case
2930 4023 20 15 of
2958 4028 38 16 any
3005 4022 119 20 disturbance
3139 4026 48 17 from
3201 4031 16 12 na-

2800 4042 54 19 tives.
2879 4044 45 17 This
2935 4045 21 20 is,
2970 4045 92 21 however,
3071 4049 35 15 not
3114 4049 95 22 antieipab
3213 4048 10 16 ■':

2824 4066 17 17 A
2850 4068 84 22 steerage
2948 4074 101 17 passenger
3061 4070 25 22 by
3100 4071 33 18 tho

2801 4090 70 16 numod
2880 4090 61 23 G;irry
2949 4097 39 11 was
2996 4091 38 17 lost
3046 4093 104 19 overboard
3163 4101 24 12 on
3203 4094 21 18 thi

2800 4117 81 19 passage
2889 4114 50 17 from
2947 4114 82 22 Sydney.

1286 72 59 20 THE
1372 69 57 22 HOT
1455 69 92 21 LAKES
1576 69 172 25 CHRONICLE,
1776 70 189 25 WEDNESDAY,
1995 74 62 19 MAY
2086 75 17 20 1,
2121 74 48 17 1895

193 2107 56 20 FOR
263 2105 77 21 SALE.

68 2163 8 10 *
107 2160 80 22 FARM
197 2160 21 19 o£
234 2161 24 18 S3
278 2164 62 18 acros,
361 2157 51 20 with
421 2155 59 20 milk.

91 2202 5 2 .
120 2194 40 13 run
167 2186 40 20 and
214 2192 58 17 cows,
283 2185 22 18 in
315 2183 92 25 woiking
416 2182 59 19 order

67 2214 78 23 -Apply
153 2215 21 17 to

197 2237 75 20 JOHN
286 2234 141 22 DALBETH.

181 2303 65 24 FOR
260 2302 90 24 SALE.

82 2356 53 21 VWO
146 2356 117 25 400-gallon
272 2354 45 19 iron
324 2354 61 19 tanks
393 2352 33 19 for
433 2351 48 20 sale.

116 2382 95 23 —Apply
220 2384 21 17 to

264 2407 36 19 •W.
309 2404 120 21 SEDDON.

141 2508 27 31 J.
190 2507 27 31 F.
238 2505 147 33 PEATSON
390 2529 7 11 s

178 2568 167 23 FRUITERER,

75 2620 56 20 Next
141 2617 100 21 Saddler's
251 2617 57 25 shop,
320 2615 133 22 Ohinemutu,

49 2658 45 20 Has
103 2657 73 23 always
188 2662 11 12 a
209 2654 52 26 good
283 2653 76 25 supply
377 2651 21 21 of
418 2650 63 21 Fresh

120 2682 65 25 Fruit,
195 2680 51 20 both
256 2680 51 20 local
318 2679 39 19 and
368 2678 24 20 im-

177 2707 70 27 ported
258 2713 26 13 on
295 2705 60 20 hand.

240 2734 57 18 Also

51 2763 19 19 A
76 2760 146 22 well-assorted
233 2759 57 19 stock
298 2758 22 19 of
329 2757 95 23 Biscuits,
432 2756 37 20 Con-

90 2788 111 24 fectionery
211 2785 39 20 and
261 2785 92 20 Summer
363 2782 83 24 Drinks,

129 2813 27 20 all
164 2815 21 17 at
194 2817 118 15 MODEEA.TE
323 2815 84 15 PIUCKS.

87 2876 155 26 BOTORUA
254 2873 186 26 TOWNSHIP.

113 2928 132 22 SECTIONS
258 2927 55 20 FOR
326 2925 95 21 LEASE.

69 2985 25 44 3
96 2982 75 20 LOCK
183 2980 38 23 TV,
231 2980 63 19 Town
310 2979 22 19 of
349 2978 98 24 Rotorua,
466 2977 18 19 is

124 3005 129 22 sub-divided
279 3006 42 18 into
342 3004 86 20 sections
452 3003 32 19 for

49 3037 54 18 lease
112 3035 32 18 for
152 3035 24 17 94
187 3038 65 20 years.
280 3031 86 20 Rentals
381 3029 56 20 lixed
452 3029 32 20 for

49 3062 35 19 the
105 3060 64 20 whole
193 3058 77 25 period.
310 3057 57 19 Well
388 3055 94 23 situated,

49 3088 57 25 large
116 3085 91 22 sections,
221 3084 40 19 and
275 3083 89 19 suitable
380 3082 31 19 for
428 3081 45 20 busi-

49 3119 47 14 ness
106 3119 23 13 or
138 3110 102 20 residence
256 3109 48 19 sices
320 3109 50 19 with
389 3107 95 26 splendid

49 3140 61 19 views
120 3137 41 20 and
172 3135 53 27 good
233 3135 96 26 position.
344 3135 39 19 For
392 3133 92 26 particu-.

50 3166 41 20 lars
102 3163 62 26 apply

236 3187 22 18 F.
272 3187 22 17 B.
308 3186 82 20 SCOTT,

348 3210 90 16 Rotorua.

117 3241 22 12 or
146 3233 133 19 WYNYARD
288 3233 15 17 &
312 3232 126 20 PURCHAS,

74 3264 77 22 Temple
160 3262 108 19 Chambers,
274 3260 55 23 High
335 3259 34 22 St.,
380 3258 105 19 Auckland.

141 3327 249 47 NOTICE.

59 3447 195 36 FRANKTON
279 3445 206 33 JUNCTION

220 3488 113 33 HOTEL.

89 3593 171 26 PASSENGERS
273 3593 28 24 by
317 3592 55 20 train
386 3593 20 18 to
421 3590 65 20 Auck>

245 3619 55 20 land.

56 3718 72 20 Trains
149 3717 45 24 stop
213 3715 76 22 twenty
308 3714 87 18 minutes
414 3713 21 18 at
453 3711 34 20 the

101 3742 106 21 Frankton
217 3739 97 21 Junction
324 3739 32 19 for
365 3738 77 19 dinner.

82 3793 43 19 The
146 3788 138 26 undersigned
312 3787 38 19 has
380 3786 107 19 first-class

56 3818 65 20 Meals
133 3816 62 25 ready
205 3815 40 19 and
254 3814 73 19 served
336 3819 26 13 on
376 3812 75 20 arrival
468 3813 20 18 of

57 3844 28 20 all
95 3843 69 20 trains.

54 3892 218 46 William
284 3887 202 55 Geatch,

112 3968 318 27 PROPRIETOR.

56 4068 149 28 Hancock's
213 4068 96 22 XXXX
316 4066 64 24 Ales
387 4065 100 30 always

185 4111 33 16 on
227 4103 129 29 Draught.

506 195 75 43 THE
597 193 160 19 BORROWERS
770 193 20 18 of
802 193 75 18 various
889 193 50 18 tools

568 218 103 22 bolonging
679 218 20 16 to
708 223 36 14 mo,
753 216 99 23 including
861 223 10 10 a
878 216 49 17 band-

505 248 44 14 saw,
558 239 140 24 long-handled
712 240 64 17 shovel
790 245 38 12 anu
844 239 45 18 adze
901 238 39 18 ■will

505 265 61 22 please
574 265 48 16 have
630 263 33 17 tho
671 262 93 25 goodness
776 263 21 17 to
810 264 65 16 return
889 267 50 12 same

505 289 20 16 at
533 287 49 18 their
590 286 74 17 earliost
672 285 82 23 possible
764 286 128 17 convenience.

632 317 90 18 EDWIN
734 317 157 17 ROBERTSON.

523 468 103 21 kTOTICB
633 470 16 17 is
658 470 71 21 hereby
737 469 57 22 given
802 468 43 18 that
857 468 33 18 the
903 473 37 12 un-

532 490 9 23 V
561 491 226 21 dermentionedTOWN,
795 491 144 20 SUBURBAN,

504 516 39 16 and
551 515 88 18 RURAL
645 515 123 18 SECTIONS
774 515 20 17 in
798 515 33 17 the
837 515 57 17 Town
903 514 38 17 and

505 539 83 17 Suburbs
597 539 20 17 of
626 538 122 18 ROTORUA
755 538 40 17 will
803 539 23 16 be
835 538 69 17 offered
910 538 31 16 for

505 562 58 16 Lease
570 562 26 21 by
605 562 68 17 Public
680 562 88 20 Auction,
783 562 29 17 for
826 567 12 11 a
851 561 55 17 Term
920 560 21 17 of

504 585 178 17 NINETY-NINE
698 585 92 21 YEARS,
804 585 20 17 at
837 584 31 17 the
884 584 57 21 upset

505 607 69 18 annual
583 609 71 17 rentals
659 608 59 18 noted
722 608 67 20 below,
796 609 20 16 at
822 607 32 17 the
861 606 80 17 District

505 630 53 17 Land
575 631 64 20 Office,
657 630 126 21 ROTORUA,
802 635 24 12 on
844 628 80 18 THURS-

504 653 61 22 DAY,
574 654 33 18 the
616 654 38 18 2nd
662 654 52 22 May,
732 654 49 19 1895,
796 654 20 16 at
830 653 20 16 11
868 651 72 18 o'clock

589 722 75 18 TOWN
677 722 33 18 OF
724 720 127 20 ROTORUA.

528 755 84 18 BLOCK
621 754 137 17 IX.—Section
767 754 16 20 3,
795 754 24 19 lr,
837 754 55 20 upset
904 759 24 12 an-

505 778 44 17 nual
558 780 42 15 rent
609 776 36 23 £3;
659 779 17 19 5,
688 778 25 20 lr,
723 777 37 20 £4;
774 778 17 19 C,
802 778 25 19 lr,
840 776 32 17 £3.

527 800 86 18 BLOCK
623 800 50 18 X.—
673 800 76 18 Section
758 801 16 19 8,
791 800 24 19 lr,
833 800 55 21 upset
904 805 24 11 an-

504 824 45 17 nual
557 825 41 15 rent
608 823 37 22 £3;
659 825 17 19 i),
688 825 25 15 lr.
723 823 37 20 £3;
775 824 27 18 10,
813 822 25 21 lr,
854 821 37 23 £3;
911 823 28 20 11,

504 847 41 22 32p,
555 845 36 24 £4;
608 847 26 20 12,
645 847 41 22 32p,
697 846 37 22 £3;
750 846 26 21 13,
791 846 42 22 32p,
851 845 36 24 £3;
910 847 29 20 14,

504 871 41 21 32p,
556 869 31 18 £4.

527 891 85 19 BLOCK
621 892 138 18 XL—Section
769 892 15 20 1,
791 893 42 21 32p,
842 893 56 22 upset
904 898 24 11 an-

503 916 45 17 nual
557 917 41 16 rent
607 915 26 18 £4
640 922 5 15 ;
659 917 17 19 2,
687 917 42 21 32p,
739 915 26 18 £3
772 922 5 14 ;
792 916 16 20 3,
819 917 41 21 32p,
869 915 26 18 £3
902 915 4 23 ;
922 917 17 18 4,

503 940 41 22 32p,
555 938 36 21 £4;
607 945 16 14 o,
635 940 25 20 lr,
671 938 36 22 £3;
721 940 17 19 8,
750 940 24 19 lr,
785 938 36 22 £3;
836 940 16 20 9,
866 940 25 19 lr,
901 938 37 21 £3;

504 963 27 18 10,
543 962 24 20 lr,
578 960 32 20 £4.

526 985 85 17 BLOCK
620 985 144 17 XV.—Section
774 986 16 18 1,
802 986 24 19 lr,
836 986 55 21 upset
904 990 24 12 an-

503 1008 45 17 nual
556 1009 42 16 rent
607 1007 26 18 £4
640 1007 4 22 ;
659 1009 17 19 2,
687 1009 26 19 lr,
724 1007 36 22 £3;
774 1008 17 20 7,
802 1009 26 19 lr,
837 1007 31 18 £3.

527 1031 85 17 BLOCK
623 1031 155 18 XVl.—Section
795 1031 26 20 11,
837 1032 29 22 3p,
884 1032 57 21 upset

503 1054 71 18 annual
582 1056 42 16 rent
634 1054 32 18 £•>.

527 1077 85 18 BLOCK
621 1077 156 18 XXl.—Section
789 1078 15 19 1,
814 1077 21 17 2r
843 1077 41 23 20p,
901 1082 25 16 up-

504 1102 28 16 set
540 1101 69 16 annual
619 1103 42 15 rent
670 1100 25 18 £5
703 1100 4 22 ;
722 1101 16 18 3.
749 1101 20 16 2r
777 1101 41 21 20p,
830 1100 31 17 £o.

527 1124 85 17 BLOCK
625 1123 168 18 XXll.—Section
810 1123 14 19 1,
842 1123 24 19 lr,
884 1124 56 19 upset

504 1147 69 17 annual
582 1149 42 15 rent
633 1147 25 17 £4
666 1145 3 21 ;
684 1148 16 18 2,
712 1147 24 19 lr,
747 1145 36 20 £3;
797 1147 16 18 3,
826 1146 23 19 lr,
865 1145 36 20 £3;
920 1147 18 19 4,

505 1170 24 21 lr,
540 1169 37 22 £3;
591 1171 18 19 9,
622 1171 25 19 lr,
657 1170 37 20 £4;
710 1171 26 19 10,
748 1169 24 20 lr,
783 1167 36 22 £3;
835 1169 26 19 11,
871 1169 25 19 lr,
905 1168 33 22 £3;

506 1194 26 19 12,
544 1194 23 19 lr,
579 1192 32 18 £3.

527 1216 85 17 BLOCK
621 1214 196 19 XXVlll.—Section
831 1215 15 19 1,
861 1215 21 16 2r
895 1215 43 22 20p,

503 1241 55 20 upset
565 1238 70 18 annual
645 1240 42 16 rent
696 1237 25 19 £5
729 1237 3 24 ;
748 1239 16 19 3,
775 1239 20 15 2r
805 1237 42 23 20p,
863 1237 26 18 £5
896 1244 5 16 ;
920 1240 18 19 4,

503 1263 21 16 2r
532 1263 41 21 20p,
583 1261 33 18 £o.

526 1284 85 17 BLOCK
620 1284 178 17 XXlX.—Section
811 1284 14 19 1,
844 1284 24 19 lr.
884 1286 56 21 upset

503 1307 69 17 annual
581 1308 42 16 rent
632 1307 25 17 £4
664 1306 4 22 ;
683 1308 16 19 2,
712 1308 24 18 lr,
747 1306 36 20 £3;
798 1308 16 19 3,
826 1307 24 21 lr,
864 1307 37 21 £3;
921 1309 17 19 4,

504 1332 25 20 lr,
539 1329 25 19 £3
572 1329 4 24 ;
590 1336 17 15 o,
619 1331 25 20 lr,
654 1330 37 19 £3;
706 1331 16 19 0,
735 1331 25 20 lr,
770 1329 26 19 £3
804 1329 3 24 ;
827 1331 15 19 7,
859 1332 24 19 lr,
899 1330 26 18 £3
934 1329 4 24 ;

503 1356 16 18 8,
531 1354 24 19 lr,
566 1354 36 19 £4;
617 1355 16 19 9,
645 1354 25 20 lr,
681 1353 36 21 £4;
734 1354 26 21 10,
772 1355 25 18 lr,
810 1353 36 22 £3;
868 1355 26 18 11,
913 1355 24 19 lr,

503 1376 36 21 £3;
555 1378 26 18 12,
593 1378 25 19 lr,
630 1376 36 20 £3;
683 1378 27 18 13,
722 1378 24 17 lr,
761 1376 37 21 £3;
814 1378 26 19 14,
857 1378 24 20 lr,
899 1377 38 21 £3;

505 1401 26 19 10,
543 1401 24 18 lr,
578 1399 38 21 £3;
632 1401 26 19 16,
671 1401 25 18 lr,
706 1399 32 18 £4.

527 1423 85 18 BLOCK
630 1423 166 17 XXX.—Section
805 1423 16 20 2,
842 1424 23 20 lr,
883 1425 57 20 upset

503 1446 70 17 annual
579 1448 42 15 rout
630 1446 25 17 £4
663 1448 34 19 ;4,
710 1447 59 19 lrLl;
787 1447 16 20 5,
821 1447 24 20 lr,
863 1446 33 22 Ll;
920 1447 16 20 7,

505 1471 24 19 lr,
540 1471 21 15 r,4
570 1469 4 22 ;
588 1470 17 18 9,
617 1470 24 19 lr,
652 1469 20 17 U
680 1475 5 15 ;
701 1470 26 17 10.
740 1470 24 19 lr,
774 1470 11 19 L
785 1470 22 19 4;
823 1470 27 18 14.
857 1470 41 21 32p,
906 1470 10 18 L
916 1470 20 18 5:

527 1493 84 17 BLOCK
621 1492 75 17 XXXI.
712 1492 85 17 -Section
805 1493 18 19 4,
834 1493 41 22 32p,
883 1495 56 20 upset

504 1515 68 18 annual
581 1517 42 15 rent
632 1515 33 21 Lo;
681 1516 15 18 7,
710 1517 23 19 lr,
744 1515 11 21 L
755 1515 22 21 5;
791 1517 16 19 8,
819 1516 25 20 lr,
854 1520 29 13 Lo.

527 1538 85 18 BLOCK
621 1538 94 17 XXXIV.
725 1549 7 1 -
742 1538 74 17 Section
831 1540 16 19 2,
862 1540 20 16 2r
896 1540 43 21 20p,

504 1564 54 20 upset
566 1562 70 16 annual
645 1563 42 15 rent
696 1566 22 12 Lo
725 1562 4 22 ;
744 1562 16 20 3,
770 1562 21 16 2r
807 1562 42 22 20p,
867 1562 34 22 Lo;
921 1564 18 19 4,

504 1586 20 15 2r
533 1585 40 23 20p,
581 1589 30 12 Lo.

527 1608 85 17 BLOCK
621 1607 183 18 XXXV.—Section
812 1609 17 18 4,
849 1608 24 22 lr,
887 1613 54 18 upset

504 1631 69 17 annual
581 1633 43 15 rent
631 1631 7 22 L
645 1631 7 22 3
659 1631 7 22 ;
681 1632 16 20 5,
710 1631 24 21 lr,
743 1631 34 21 1,3;
792 1632 16 20 6,
827 1632 23 19 lr,
867 1634 32 17 1/5;
923 1633 16 20 7,

506 1655 23 20 lr,
540 1655 11 19 L
551 1655 23 19 3;
588 1655 17 19 8,
617 1655 25 19 lr,
652 1655 33 17 1,4:
702 1655 27 20 12,
741 1655 24 17 lr.
776 1655 33 19 1.3;
825 1655 26 20 13,
863 1656 25 19 lr,
904 1656 35 21 1,3;

506 1678 26 20 14,
544 1678 24 18 lr,
578 1677 34 20 1,3;
628 1677 26 21 15,
667 1678 24 18 lr,
702 1677 33 21 1,3;
751 1679 27 18 10,
790 1679 24 19 lr,
824 1679 30 16 Ll.

527 1700 85 17 BLOCK
621 1700 195 18 XXXVl.—Section
826 1702 16 19 3,
852 1702 25 18 lr,
885 1703 56 21 upset

504 1724 70 18 annual
581 1724 73 17 rentl4
661 1725 35 20 ;4,
709 1725 24 18 lr,
746 1725 31 19 i.l;
792 1725 16 20 5,
828 1725 24 19 lr,
868 1727 33 17 j.l;
922 1726 17 19 8,

506 1747 24 20 lr,
540 1747 7 20 L
554 1747 7 20 4
568 1747 6 20 ;
588 1747 15 16 9.
618 1747 24 18 lr,
653 1747 9 17 L
662 1747 20 17 4.

527 1769 85 18 BLOCK
621 1769 218 18 XXXVllL—Section
849 1771 15 20 1,
871 1771 68 22 2r2op,

504 1794 54 21 upset
567 1794 70 16 annual
646 1794 41 16 rent
696 1797 21 13 Lo
725 1794 3 22 ;
743 1794 16 16 2.
777 1794 20 17 2r
810 1794 41 22 20p,
859 1794 8 22 L
875 1794 8 22 5
891 1794 8 22 ;
923 1796 16 19 3,

504 1816 21 18 2r
534 1816 40 23 20p,
584 1820 23 13 Lo
616 1816 3 23 ;
633 1818 17 16 4,
661 1816 21 18 2r
690 1816 42 23 20p,
747 1820 28 14 Lo.

527 1839 85 17 BLOCK
621 1839 97 17 XXXIX.
728 1839 90 17 -Section
830 1841 14 19 1,
854 1841 24 19 lr,
886 1841 55 22 upset

504 1863 69 16 annual
582 1863 42 16 rent
633 1867 12 12 L
663 1862 3 23 1;
682 1863 15 18 2,
710 1862 24 21 lr,
744 1862 9 23 L
763 1862 9 23 3
782 1862 28 23 ;3,
826 1865 23 17 lr,
868 1864 34 20 1,3;
922 1865 17 20 4,

506 1886 24 19 lr,
540 1886 11 21 L
551 1886 23 21 3;
589 1891 16 13 o,
618 1886 25 20 lr,
653 1887 33 17 1,3;
701 1887 16 16 0.
730 1886 24 20 lr,
765 1886 33 21 1,3;
814 1887 15 18 7,
842 1888 23 19 lr,
874 1888 34 19 1.3;
922 1888 17 19 '.),

506 1909 24 20 lr,
540 1909 34 20 Ll;
591 1909 26 20 10,
630 1910 24 18 lr,
665 1910 33 19 1.3;
720 1910 26 18 11,
766 1910 24 19 lr,
809 1910 11 20 L
820 1910 23 20 3;
868 1910 25 20 12,
915 1910 24 20 lr,

502 1932 7 21 L
516 1932 8 21 3
531 1932 7 21 ;
554 1932 26 20 13,
593 1932 24 20 lr,
625 1932 7 21 L
640 1932 8 21 3
656 1932 7 21 ;
679 1933 27 17 14,
718 1933 25 19 lr,
753 1933 29 16 13.

527 1955 86 17 BLOCK
621 1954 143 18 XL.-Section
776 1956 14 19 1,
802 1956 24 19 lr,
837 1957 54 21 upset
906 1962 23 11 an-

504 1978 45 16 imal
557 1979 43 16 rent
607 1978 7 21 L
621 1978 7 21 4
635 1978 7 21 ;
657 1979 16 19 2,
685 1979 25 20 lr,
720 1979 11 20 L
731 1979 23 20 4;
768 1980 16 19 3,
797 1979 24 19 lr,
832 1980 22 16 1,4
861 1978 4 21 ;
880 1981 16 18 4,
915 1980 24 19 lr,

504 2003 34 19 i.l;
553 2001 16 21 7,
581 2003 25 17 lr,
616 2003 11 18 L
627 2003 22 18 4;
664 2002 17 20 8,
693 2002 24 20 lr,
728 2003 33 19 1,4;
779 2003 16 20 9,
814 2003 24 18 lr,
856 2004 33 19 1,4;
913 2004 26 19 10,

506 2025 24 19 lr,
540 2025 11 21 L
551 2025 22 21 4;
590 2025 27 20 12,
628 2025 40 22 32p,
679 2029 33 17 Lj;
729 2025 26 20 13,
764 2025 41 22 32p,
813 2027 24 15 i,5
844 2025 3 23 ;
864 2027 26 19 14,
897 2027 42 21 32p,

504 2052 30 12 Lo.

527 2070 86 18 BLOCK
626 2070 154 18 XLL—Section
796 2072 15 19 2,
827 2072 41 23 32p,
885 2073 56 21 upset

505 2094 69 16 annual
582 2095 43 15 rent
634 2098 23 12 Lo
664 2094 4 22 ;
684 2094 16 20 3,
710 2095 41 21 32p,
762 2098 22 12 Lo
791 2094 4 22 ;
811 2101 15 14 o,
839 2095 24 21 lr,
874 2099 22 13 lo
903 2100 5 16 ;
922 2097 17 19 G,

506 2117 24 20 lr,
541 2121 33 15 Lo;
588 2118 17 19 8,
617 2117 25 20 lr,
652 2121 23 13 Lo
683 2117 4 20 ;
702 2119 16 18 9,
732 2118 23 19 lr,
769 2121 29 14 Lo.

527 2140 86 17 BLOCK
621 2140 108 17 XLVI7L-
741 2140 74 18 Section
826 2141 14 21 1,
852 2142 24 18 lr,
885 2142 56 22 upset

505 2163 69 17 uiiiiual
582 2164 43 16 rent
634 2163 32 22 i.l;
682 2164 16 19 2,
711 2164 24 19 lr,
745 2165 33 20 r.l;
793 2164 16 20 3,
826 2164 24 21 lr,
859 2163 8 22 L
876 2163 9 22 4
894 2163 8 22 ;
922 2166 17 19 4,

506 2187 24 19 lr,
540 2187 11 20 L
551 2187 23 20 4;
588 2192 17 14 o,
617 2187 19 17 lr
645 2187 30 22 7p,
685 2190 29 14 Lo.

527 2209 85 18 BLOCK
622 2210 79 17 XLIX.-
714 2210 81 17 -Section
810 2211 14 18 1,
842 2211 24 20 lr,
885 2212 56 22 upset

505 2232 69 18 annual
582 2234 43 16 rent
634 2232 33 23 Lo;
682 2234 16 19 2,
711 2234 24 18 U\
742 2232 7 23 l
756 2232 8 23 4
771 2232 7 23 ;
793 2234 16 20 3,
827 2234 24 20 lr,
868 2236 22 15 Ll
899 2232 4 23 ;
922 2236 17 17 4,

506 2257 24 18 lr,
541 2260 22 12 Lo
571 2257 3 20 ;
590 2262 16 14 o,
618 2257 24 19 lr,
654 2258 11 18 L
665 2258 22 18 4;
702 2257 15 20 6,
730 2257 24 20 lr,
764 2258 10 16 L
774 2258 20 16 4.

527 2279 86 18 BLOCK
621 2279 123 18 L.—Section
757 2281 16 19 6,
791 2281 20 16 lr
828 2281 40 22 lop,
885 2282 57 22 upset

504 2302 70 17 annual
583 2304 42 15 rent
633 2305 23 14 1,4
664 2302 4 23 ;
684 2304 15 19 7,
711 2304 19 15 lr
744 2304 40 21 lop,
795 2305 28 16 1.4.

527 2325 85 18 BLOCK
621 2326 134 17 LL—Section
765 2327 16 20 1,
797 2327 24 20 lr,
838 2328 55 21 upset
906 2333 24 11 an-

504 2349 44 17 nual
557 2351 43 15 rent
609 2353 22 13 Lo
639 2349 4 23 ;
657 2349 17 21 2,
687 2350 23 20 lr,
721 2351 23 15 L
751 2349 4 23 4;
769 2351 15 15 4.
798 2350 25 21 lr,
834 2351 11 21 l
845 2351 22 21 0;
882 2357 16 13 o,
915 2352 25 18 lr,

502 2372 7 23 l
517 2372 7 23 4
532 2372 7 23 ;
553 2372 16 20 6,
581 2373 20 16 lr
608 2372 7 23 l
622 2372 7 23 4
636 2372 7 23 ;
659 2373 16 20 7,
688 2373 23 20 lr,
723 2373 22 17 xA
751 2372 4 23 ;
770 2373 16 21 8,
798 2373 25 20 lr,
836 2375 11 20 L
847 2375 23 20 4;
884 2375 16 19 9,
915 2375 25 19 lr,

505 2396 32 19 1,4;
553 2396 26 18 10,
593 2395 24 21 lr,
628 2397 22 15 t,4
657 2395 4 22 :
677 2396 27 18 11,
717 2396 24 17 lr.
751 2395 7 22 L
765 2395 7 22 4
779 2395 6 22 ;
801 2397 27 20 12,
840 2396 24 21 lr,
875 2398 9 16 L
884 2398 20 16 4.

528 2418 85 18 BLOCK
626 2418 145 18 LlL—Section
782 2420 14 19 !,
809 2420 24 20 lr,
843 2421 55 21 upset
907 2426 22 11 an-

504 2442 45 16 nual
558 2443 42 15 rent
609 2446 22 12 Lo
639 2442 4 22 ;
657 2442 17 20 2,
686 2443 24 16 lr.
721 2443 11 19 L
732 2443 22 19 4;
769 2443 17 19 3,
798 2443 24 19 lr,
833 2446 22 14 JA
864 2442 3 22 ;
882 2444 16 20 4,
915 2444 24 20 lr,

505 2464 36 21 Lo;
555 2471 17 14 o,
583 2465 26 20 lr,
619 2464 12 22 L
631 2464 25 22 4;
671 2466 16 20 6,
699 2465 25 20 lr,
734 2464 12 22 L
746 2464 24 22 4;
786 2466 16 17 7.
819 2467 23 19 lr,
852 2464 9 23 L
871 2464 9 23 4
890 2464 9 23 ;
923 2468 16 18 8,

507 2486 24 22 lr,
541 2487 12 21 L
553 2487 25 21 4;
594 2489 16 20 9,
622 2488 25 19 lr,
657 2488 12 21 L
669 2488 25 21 4;
711 2489 26 19 10,
750 2489 24 20 lr,
784 2488 37 21 Lo;
837 2490 26 19 11,
871 2490 25 20 lr,
906 2489 11 21 L
917 2489 22 21 4;

507 2510 26 22 12,
544 2512 25 19 lr,
579 2511 12 20 L
591 2511 26 20 4;
634 2512 26 19 13,
673 2512 19 16 lr
706 2511 12 20 L
718 2511 25 20 4;
764 2512 26 21 14,
807 2513 25 20 lr,
841 2510 9 24 L
859 2510 10 24 4
878 2510 9 24 ;
912 2513 27 20 15,

508 2533 22 21 lr,
541 2535 26 16 1,4
574 2533 3 22 ;
594 2535 27 19 10,
633 2535 24 20 lr,
668 2535 33 17 Lo.

529 2557 85 18 BLOCK
622 2558 152 17 LlV.—Section
783 2559 15 19 3,
811 2559 24 19 lr,
845 2560 56 22 upset
908 2565 22 11 an-

505 2581 44 17 nual
559 2582 42 16 rent
609 2582 33 16 1,4.

571 2627 116 18 SUBURBS
701 2627 33 18 OF
746 2627 126 19 ROTORUA.

529 2659 74 18 Section
611 2660 15 19 1,
633 2660 23 16 2a
662 2660 20 17 3r
688 2660 29 21 Op,
725 2661 54 20 upset
783 2660 69 17 annual
859 2662 42 16 rent
909 2662 30 19 £2;

506 2686 16 17 2,
532 2683 29 21 sa,
570 2683 24 16 £2
602 2683 4 21 ;
620 2684 17 19 4,
648 2684 28 19 sa,
695 2684 23 15 £2
725 2683 3 21 ;
753 2683 26 21 13,
788 2684 38 19 10a,
834 2683 29 21 £3;
871 2685 27 19 14,
908 2685 33 16 10a

506 2707 33 19 £3;
556 2707 27 19 10,
595 2706 39 20 10a,
644 2707 34 19 £3;
695 2707 26 19 10,
734 2706 37 20 10a,
780 2707 29 18 £4;
819 2707 28 19 40,
861 2707 38 21 10a,
910 2707 29 21 £4;

506 2732 27 19 06,
545 2730 38 19 10a,
595 2729 35 22 £3;
644 2730 29 20 07,
683 2730 38 19 10a,
740 2730 35 19 £3;
797 2730 27 16 OS.
846 2732 38 18 10a,
903 2732 37 19 £4;

506 2754 27 20 69,
545 2753 33 16 11a
589 2752 19 17 lr
617 2753 40 21 14p,
668 2753 34 20 £4;
717 2753 28 19 70,
757 2753 30 16 11a
808 2754 19 16 lr
845 2753 39 22 I3p,
904 2754 36 20 £4;

506 2776 27 20 71,
545 2776 32 16 11a
588 2776 20 16 lr
617 2777 40 21 13p,
669 2776 24 16 £4
702 2775 3 23 ;
720 2775 28 17 72.
758 2777 23 15 9a
791 2776 21 16 Or
821 2777 28 21 9p,
860 2777 25 17 £3
892 2775 4 23 ;
913 2777 28 21 73,

508 2800 37 19 10a,
556 2798 34 22 £3;
605 2799 28 19 74,
644 2799 39 19 10a,
694 2799 23 16 £4
725 2798 4 22 ;
752 2798 27 21 75,
799 2799 38 21 10a,
856 2801 33 19 £5;
913 2800 27 20 70,

508 2823 38 20 10a,
556 2823 34 20 £4;
605 2822 28 21 77,
644 2822 40 21 10a,
694 2822 35 21 £3;
751 2822 27 20 78,
798 2823 38 20 10a,
854 2824 35 19 £4;
913 2824 28 21 79,

508 2846 37 20 10a,
560 2845 30 17 £5.

536 2891 88 18 RURAL
638 2891 127 20 SECTIONS,
784 2892 126 18 ROTORUA.

528 2919 67 17 Section
604 2921 26 16 31.
645 2920 37 17 40a,
698 2921 49 14 uvnet
758 2920 65 16 annual
837 2923 38 14 rent
895 2921 34 16 £lO
937 2919 3 23 ;

507 2943 25 18 34,
542 2942 31 16 39a
583 2942 17 15 lr
609 2942 37 17 27p,
657 2942 22 16 £7
687 2940 3 23 ;
705 2940 25 21 35,
741 2942 31 15 40a
782 2943 16 14 lr
810 2942 36 21 18p,
855 2944 22 14 £6
887 2940 4 23 ;
913 2944 27 19 30,

507 2965 31 14 40a
547 2964 17 15 lr
572 2963 38 20 13p,
621 2962 22 16 £6
652 2962 4 21 ;
666 2963 26 19 45,
704 2963 144 20 (improvements,
856 2965 47 15 £iSG
914 2965 29 17 15s

506 2984 110 17 —buildines
623 2984 34 15 and
666 2984 84 19 fencing.)
760 2985 37 16 40a,
809 2985 32 18 £7;
856 2987 26 18 44,
901 2987 38 18 40i,

507 3006 22 16 £6
537 3005 4 22 •
553 3005 26 21 45,
590 3006 36 19 23a,
637 3005 22 16 £5
667 3005 4 22 ;
684 3006 26 21 46,
720 3006 19 14 39
746 3010 5 10 i
760 3006 23 16 3r,
791 3006 25 16 £7
824 3005 4 22 :
842 3008 26 16 47.
877 3008 31 16 45a
915 3008 24 19 2r,

508 3027 21 17 £7
537 3027 4 21 ;
553 3027 26 19 48,
590 3027 31 15 33*
630 3027 23 18 2r,
668 3028 37 17 lln,
715 3027 24 16 £3
748 3027 3 21 ;
771 3027 26 17 51,
814 3028 31 15 35i
861 3029 25 17 2.-,
905 3029 36 19 £5;

508 3050 24 16 52,
543 3049 36 17 34a,
589 3048 24 16 £6
621 3043 3 24 ;
638 3048 27 19 53,
675 3043 21 24 16*
703 3043 7 24 a
717 3043 15 24 2r
742 3050 26 17 lp,
778 3049 24 16 £3
810 3043 4 24 ;
828 3050 26 17 51,
865 3050 38 15 16a.
911 3051 30 15 £3-

508 3071 25 19 55,
544 3071 30 14 14a
582 3071 25 17 2r,
615 3071 22 15 £2
644 3070 4 20 ;
661 3071 27 17 56,
697 3070 21 15 9a
727 3070 18 15 3r
752 3070 38 20 17p,
798 3070 23 15 £2
829 3070 3 20 ;
846 3071 26 18 57,
885 3071 32 15 12a
926 3072 17 15 lr

508 3093 26 18 sp,
544 3091 32 18 £3;
590 3092 26 16 58,
627 3092 30 14 12.1
665 3092 19 14 2c
695 3092 35 18 12p,
741 3091 23 16 £2
772 3090 3 23 ;
789 3090 26 19 59,
828 3093 17 14 10
851 3097 6 10 i
866 3093 18 14 Or
901 3093 38 20 14p,

507 3113 34 19 £3;
554 3113 25 17 60.
591 3113 30 15 19a
631 3113 18 14 2r
659 3113 37 19 lop,
706 3113 23 15 £1
739 3113 4 20 ;
757 3113 26 16 61,
793 3113 32 15 52a
837 3113 22 20 >r,
866 3114 23 16 £6
897 3113 4 20 ;
915 3114 26 19 63,

508 3135 31 16 59a
546 3134 24 16 2r.
581 3134 33 19 £6;
624 3134 26 19 61,
659 3134 31 15 141
697 3134 56 19 3.-3n,
770 3133 34 16 £3-
830 3135 26 19 65,
878 3135 31 16 JBa
924 3135 19 16 Cr

508 3156 37 19 12p,
555 3154 29 17 £3.

640 3199 165 21 CONDITIONS.

533 3233 15 17 1.
561 3233 55 17 Term
626 3233 19 17 of
653 3232 55 19 lease,
718 3233 119 22 ninety-nine
848 3239 60 16 years.

532 3257 15 15 2.
562 3255 59 18 Rents
630 3261 31 10 are
669 3255 81 23 payable
757 3256 117 22 balf-yearlv
882 3257 19 16 in
910 3257 23 17 ad-

508 3285 57 10 vance
574 3280 20 15 to
603 3279 33 16 the
645 3279 88 17 Receiver
746 3280 20 16 of
779 3280 54 17 Land
849 3280 94 21 Revenue,

509 3301 98 18 Auckland
615 3301 3 24 ;
633 3302 38 16 and
679 3302 32 16 tbe
720 3302 40 16 first
769 3302 115 23 half-yearly
897 3309 36 16 pay-

510 3326 50 16 ment
568 3326 20 16 to
597 3325 23 17 bo
629 3325 55 17 made
692 3330 25 12 on
725 3325 32 17 the
767 3325 33 17 fall
809 3326 19 16 of
840 3326 33 17 the
889 3326 42 18 ham-

510 3354 43 11 mer.

532 3372 16 16 3.
562 3371 58 17 Town
629 3371 80 17 sections
718 3372 20 16 to
746 3371 23 17 be
776 3372 96 22 improved
878 3372 67 18 within

509 3400 34 12 one
551 3400 46 17 year
605 3394 49 18 from
663 3394 32 17 the
704 3394 43 17 date
756 3394 20 17 of
784 3394 32 18 the
824 3395 49 17 lease
881 3396 21 17 to
912 3396 33 17 the

508 3417 54 17 value
579 3417 21 17 of
615 3419 33 15 ten
664 3417 55 17 times
739 3417 32 17 the
791 3419 70 16 anuual
876 3419 67 17 rental.

509 3440 58 17 Rural
576 3441 80 16 sections
669 3441 21 16 to
704 3440 23 17 be
744 3440 67 17 fenced
826 3441 67 18 within
910 3447 35 12 one

509 3469 44 17 year
569 3464 50 16 from
636 3464 32 16 the
685 3462 43 18 date
744 3463 21 17 of
781 3463 32 17 the
826 3464 54 17 lease.
914 3464 32 18 No

508 3487 97 17 valuation
614 3487 30 16 for
659 3487 146 21 improvements
822 3487 38 17 will
876 3487 24 17 be
917 3488 18 17 al-

509 3509 60 18 lowed
577 3511 21 15 at
606 3510 32 17 the
647 3509 37 17 end
692 3510 20 17 of
720 3509 32 18 the
761 3511 48 16 term
817 3510 20 17 of
845 3510 56 21 lease,

532 3534 17 15 4.
562 3532 31 17 No
602 3533 48 16 lease
659 3534 21 15 to
692 3533 23 16 be
732 3532 92 22 assigned,
840 3534 104 19 under-let,

510 3561 20 11 or
539 3556 31 17 the
579 3555 105 22 possession
692 3556 74 17 thereof
773 3556 67 22 parted
848 3556 53 20 with,
911 3563 23 12 ex-

510 3580 43 21 cept
560 3579 45 17 with
616 3579 32 17 the
657 3579 78 17 consent
746 3579 21 16 in
782 3579 78 22 writing
876 3580 21 16 of
913 3580 33 18 the

510 3601 144 18 Commissioner
662 3602 20 17 of
687 3601 67 18 Crown
764 3601 68 22 Lands,
839 3598 105 22 Auckland.

534 3626 16 15 5.
563 3624 33 17 All
603 3626 55 19 rates,
668 3626 60 19 taxes,
739 3625 78 22 charges
825 3626 38 16 and
875 3631 60 12 assess-

510 3648 60 16 ments
591 3647 117 18 whatsoever
727 3649 21 16 to
767 3648 24 17 be
811 3648 44 23 paid
870 3649 27 22 by
913 3649 33 18 the

510 3671 62 17 lessee.

534 3695 16 16 0.
563 3693 33 18 All
603 3692 97 23 buildings
708 3694 74 17 erected
794 3695 20 16 to
826 3694 24 17 be
863 3694 48 23 kept
926 3695 20 17 in

511 3716 49 23 good
568 3716 63 23 repair
647 3713 38 20 and
703 3716 101 21 condition,
823 3718 37 17 and
876 3717 21 18 in
913 3718 33 17 the

510 3739 82 18 election
600 3740 21 16 of
629 3745 37 16 any
674 3739 88 22 building
770 3745 51 16 upon
826 3741 32 17 the
865 3741 81 17 sections

510 3763 67 17 within
585 3763 32 16 the
626 3763 58 19 town,
694 3762 32 17 the
735 3762 56 17 lessee
800 3765 51 16 must
859 3763 55 18 abide
920 3764 26 22 by

510 3786 37 17 and
556 3786 85 17 conform
649 3786 21 17 to
678 3785 32 17 the
725 3785 105 22 alignment
844 3786 19 17 of
879 3788 67 17 streets

510 3809 38 17 and
556 3809 61 20 roads,
627 3808 37 18 and
673 3810 20 15 to
702 3808 26 17 all
736 3808 81 22 by-laws
826 3808 37 17 and
869 3810 66 21 regula-

510 3833 48 16 tions
567 3831 56 18 made
627 3832 26 22 by
659 3831 32 17 tbe
697 3831 48 17 local
750 3831 97 23 authority
852 3832 95 18 intrusted

510 3855 46 17 with
565 3855 33 17 tho
607 3854 151 18 administration
768 3854 19 17 of
792 3855 32 17 the
829 3854 48 18 local
884 3855 62 17 affairs

511 3878 19 16 of
537 3878 33 17 the
579 3878 101 21 Township
689 3878 19 17 of
718 3878 90 17 Rotonre.

534 3901 16 17 7.
563 3901 78 20 Privies,
650 3901 79 22 ashpits,
738 3901 38 17 and
784 3901 54 17 other
851 3901 62 17 works
927 3901 20 18 of

511 3929 10 11 a
530 3923 70 18 similar
609 3924 96 17 character
713 3925 20 16 to
741 3923 23 18 be
773 3925 119 16 constructed
908 3924 39 17 and

511 3946 115 17 maintained
632 3953 20 10 as
659 3946 82 17 directed
746 3947 26 21 by
777 3947 83 18 thelocal
867 3947 67 18 author-

510 3969 33 21 ity.
569 3969 31 17 All
617 3969 63 18 drains
693 3969 39 17 and
747 3970 94 20 channels,
859 3970 38 18 and
914 3971 32 17 the

510 4015 60 20 mises,
581 4016 20 16 to
607 4015 23 18 bo
639 4015 74 23 subject
727 4017 19 16 to
763 4016 32 17 the
811 4016 83 22 by-laws
909 4016 38 18 and

510 4038 116 23 regulations
635 4039 20 16 of
663 4039 32 16 the
703 4039 48 16 local
760 4039 103 22 authority.

532 4062 18 18 8.
562 4061 31 17 No
602 4061 52 17 wells
662 4062 20 16 to
690 4061 24 17 be
722 4062 48 17 sunk
779 4067 21 11 or
816 4068 37 16 any
866 4068 69 12 excava-

510 4085 48 17 tions
567 4085 21 17 to
596 4084 23 17 be
628 4083 55 18 made
690 4084 81 17 without
786 4085 34 17 the
833 4086 78 16 consent
926 4086 20 16 in

510 4108 78 23 writing
597 4108 19 17 of
625 4107 32 18 the
665 4107 49 18 local
725 4108 102 22 authority.

984 139 16 15 0.
1014 137 39 18 The
1070 136 54 18 trade
1139 142 21 12 or
1176 138 84 15 business
1277 136 21 18 of
1311 143 12 11 a
1342 141 44 17 soap-

960 161 65 20 boiler,
1033 160 65 17 tallow
1110 159 94 20 chandler,
1208 160 74 20 tanner,
1289 160 98 22 slaughter-

960 189 51 15 man,
1031 184 116 16 meat-curer
1166 188 22 12 or
1203 188 101 16 preserver,
1323 188 21 12 or
1360 187 38 16 any

960 207 61 21 noisy,
1030 206 86 20 noxious,
1123 210 21 13 or
1150 205 87 17 offensive
1243 205 55 18 trade
1303 211 21 12 or
1329 210 55 13 manu-

960 230 73 17 facture
1042 230 21 17 of
1070 235 38 16 any
1115 228 47 17 kind
1170 228 39 17 will
1214 229 36 16 not
1257 228 23 17 be
1289 228 108 22 permitted.

986 252 27 18 10.
1026 252 99 18 Provision
1132 250 40 18 will
1179 250 24 18 be
1211 250 54 18 made
1273 252 21 16 in
1302 251 32 19 the
1339 251 59 18 leases

961 276 30 16 for
998 275 106 22 inspection
1113 275 19 17 of
1136 273 89 23 premises
1233 275 21 16 at
1258 274 25 17 all
1288 274 110 18 reasonable

961 298 61 17 times.

987 322 27 17 11.
1027 321 58 17 Lease
1090 320 60 17 liable
1158 321 20 16 to
1184 320 99 17 forfeiture
1291 320 15 17 if
1320 321 42 16 rent
1374 320 24 16 be

961 344 61 23 thirty
1030 344 47 22 days
1085 344 19 16 in
1113 348 68 15 arrear,
1195 342 38 18 and
1247 343 32 17 tho
1294 343 49 17 lease;
1359 343 39 17 will

962 368 76 16 contain
1047 366 104 24 provisions
1165 367 30 16 for
1211 367 87 21 re-entry
1314 365 38 18 and
1369 366 29 17 for

962 390 32 18 the
1003 395 87 16 recovery
1101 389 20 16 of
1129 390 57 16 rents.

1056 417 125 18 GERHARD
1193 416 134 21 MUELLER,

1047 440 144 18 Commissioner
1199 440 21 17 of
1227 440 69 17 Crown
1304 439 70 18 Lands.

985 463 80 18 District
1073 463 54 17 Land
1134 463 38 17 and
1181 463 71 22 Survey
1263 462 64 21 Office,

1009 486 105 21 Auckland,
1125 485 44 19 14th
1176 485 73 21 March,
1261 487 50 16 189.'..

1092 530 174 21 NOTICE.

963 583 136 20 /OYSTER
1109 583 95 26 Suppers,
1213 583 42 20 Tea
1268 583 40 20 and
1322 583 75 23 Coffee,

1035 611 21 17 to
1070 609 26 19 be
1121 609 43 19 had
1182 609 76 26 during
1272 609 36 19 the
1325 609 73 19 winter

962 635 103 25 evenings,
1077 637 20 17 at
1108 635 19 19 S.
1142 635 112 24 Andrews,
1270 635 101 19 Rotorua.

961 704 295 47 EhrenMed
1272 704 124 46 Bros

1104 783 146 24 BREWERS,

1039 816 110 20 ALBERT
1164 815 151 23 BREWERY,

984 858 218 23 QUEENSTBEET,
1216 856 160 21 AUCKLAND

983 920 67 17 WINE
1063 919 50 16 AND
1124 918 80 16 SPIRIT
1216 917 156 21 MERCHANTS,

1005 946 122 17 BOTTLERS
1138 945 52 16 AND
1206 944 146 20 IMPORTERS,

1047 974 28 19 43,
1089 976 132 13 dUEES-STREET
1237 976 71 12 -WHAM?.

961 1056 24 15 At
993 1055 29 16 the
1035 1054 90 21 following
1141 1054 113 16 Exhibitions
1269 1054 27 16 for
1305 1059 31 11 ouc
1344 1053 40 17 well-

1056 1077 62 14 known
1130 1075 46 16 Bulk
1184 1075 34 16 and
1226 1075 70 16 Bottled

1074 1100 49 18 ALE
1134 1100 50 17 AND
1197 1100 86 17 STOUT:

960 1131 70 21 Sydney
1038 1131 127 16 International
1173 1131 108 17 Exhibition,
1292 1131 48 16 1879.

961 1153 102 16 Melbourne
1071 1152 127 16 International
1204 1152 109 17 Exhibition,
1323 1152 70 15 18S0-81

960 1174 44 16 New
1010 1173 74 17 Zealand
1093 1172 93 18 Industrial
1190 1173 109 20 Exhibition,
1305 1172 77 21 Welling-

1004 1197 36 16 ton,
1050 1196 48 15 ISSo.

960 1216 44 17 New
1023 1215 75 17 Zealand
1113 1216 33 16 and
1160 1216 54 16 South
1226 1216 42 16 Seas
1284 1216 110 16 Exhibition.

1004 1237 86 17 Dunedin.
1103 1239 78 15 1880-90.

962 1259 20 16 In
991 1259 77 16 addition
1076 1260 18 15 to
1104 1259 53 15 above
1165 1259 43 15 have
1226 1259 42 15 boon
1284 1258 79 15 awarded
1377 1259 18 14 at

1003 1280 105 16 Taetnunian
1139 1279 109 20 Exhibition,
1276 1279 118 19 Liunceston,

1005 1302 79 15 18J1-92.

1046 1326 58 17 FIVE
1115 1326 70 17 FIRST
1202 1326 105 17 AWARDS

961 1379 67 17 BULK
1038 1379 111 16 BOTTLED
1162 1378 43 18 ALE
1219 1378 14 18 3
1247 1378 43 18 AND
1311 1378 79 17 STOUT

1050 1445 251 32 CHAMPIONSHIP

988 1491 66 24 Gold
1066 1491 87 23 Medal
1163 1491 28 23 of
1202 1490 167 24 Australasia

1069 1526 72 12 AGAINST
1151 1526 98 12 AI.LCOMBRS
1259 1526 33 12 FOR

962 1548 89 24 BULK
1065 1548 69 23 AND
1155 1548 146 24 BOTTLED
1317 1548 65 24 ALE

1075 1643 48 16 ALE
1134 1643 51 16 AND
1197 1643 84 20 STOUT,

963 1674 67 17 Bottle!
1039 1675 17 15 in
1065 1677 51 17 quirt
1125 1675 34 16 and
1174 1675 39 20 pint
1227 1675 69 18 battles,
1313 1675 84 20 specially

963 1696 66 16 brewed
1037 1696 28 16 for
1073 1696 29 16 tli-i
1110 1701 74 11 summer
1193 1696 54 18 trade,
1259 1696 56 16 which
1323 1701 28 11 are
1358 1701 39 11 now

963 1717 104 19 thoroughly
1076 1717 84 21 matured,
1173 1722 32 11 can
1219 1717 42 16 with
1277 1722 51 16 every
1343 1717 44 16 confi-

963 1740 50 14 dence
1026 1738 106 16 recommend
1148 1743 45 11 same
1210 1740 18 14 to
1242 1744 120 11 connoisseurs
1378 1744 17 10 as

963 1760 61 16 second
1031 1762 18 14 to
1058 1765 44 11 none
1111 1760 18 15 in
1139 1759 28 17 the
1175 1759 73 21 Colony.

990 1820 175 24 WYNYARD
1178 1821 22 22 &
1208 1820 163 28 PURCHAS,

1024 1855 130 20 Barristers
1161 1861 42 13 and
1215 1855 124 23 Solicitous,

963 1886 82 25 Temple
1053 1886 117 23 Chambers,
1179 1886 59 24 High
1245 1886 29 23 St,
1284 1886 113 19 Auckland.

973 1943 74 21 Vl/E
1061 1943 52 19 liavo
1122 1950 71 18 money
1204 1945 20 17 to
1235 1943 47 19 lend
1294 1950 24 12 on
1336 1943 62 19 Mort-

982 1973 9 14 T
999 1969 10 18 T
1056 1976 54 19 gago
1119 1969 21 19 of
1156 1969 99 20 Freehold
1270 1969 41 19 and
1327 1969 60 20 Lease-

963 1995 47 19 hold
1021 1999 95 22 property
1125 1998 22 16 at
1158 1999 81 15 current
1249 1998 61 16 rates.

990 2021 127 20 Note.—Mr
1136 2021 108 25 Wynyard
1271 2022 17 18 is
1310 2028 45 13 now
1378 2021 21 20 in

963 2048 91 19 Ectorua
1073 2048 40 19 and
1129 2054 46 20 may
1200 2048 24 19 be
1249 2048 105 19 consulted
1379 2051 21 16 at

963 2074 56 19 Lake
1030 2074 64 21 View.

1099 2127 161 24 ROTORUA.

987 2315 48 23 (One
1042 2315 87 17 minute's
1138 2314 50 18 walk
1197 2315 48 17 from
1254 2315 32 17 tho
1292 2315 72 17 Govern-

1115 2339 52 16 ment
1175 2338 76 19 Baths.)

1082 2385 190 23 TSRMS:

990 2419 45 23 35s
1043 2426 45 23 per
1106 2420 89 28 week;
1214 2420 30 22 6s
1259 2426 46 23 per
1314 2420 58 29 day.

990 2455 60 22 Two
1061 2454 89 23 weeks
1159 2462 27 16 or
1197 2455 99 28 longer,
1317 2455 55 22 30s.

998 2505 28 31 C.
1059 2490 306 51 HAWKER~WILSON,

1089 2545 188 21 PROPRIETOR.

1044 2590 21 25 S.
1096 2591 222 24 HOWARD.

1080 2643 92 20 COMET
1187 2644 94 20 STORE.

1083 2695 88 20 STOUK
1193 2696 21 20 of
1242 2696 94 26 Drapery
1359 2696 41 20 and

1000 2722 4 26 I
1043 2722 97 24 Clothing
1150 2730 44 12 now
1203 2723 90 25 opening
1308 2723 21 19 in
1341 2729 59 18 every

964 2749 133 25 departmeat,
1110 2751 21 16 at
1139 2749 71 19 lowest
1226 2749 54 25 price
1296 2750 33 18 for
1345 2749 54 19 cash.

1038 2783 115 20 Tailoring
1167 2789 14 13 a
1195 2783 129 20 Speciality.

990 2815 71 19 Grand
1070 2821 64 19 range
1144 2816 21 18 of
1171 2815 41 19 this
1218 2815 90 20 season's
1316 2815 82 19 tweeds.

964 2841 46 25 Any
1019 2841 70 20 article
1101 2844 34 16 not
1146 2842 21 19 in
1183 2841 63 24 stock,
1264 2841 100 26 procured
1379 2844 21 16 at

963 2867 109 20 Auckland
1080 2867 71 26 prices.

965 2920 36 22 7}
1007 2921 38 18 AY
1061 2921 35 19 OF
1117 2921 113 20 PLENTY
1244 2921 155 21 LICENSING

965 2940 37 23 1>
1032 2947 245 20 DISTRICT.—Notice
1289 2954 25 13 of
1331 2954 58 14 appli-

965 2980 72 14 cation-
1050 2979 38 13 for
1101 2979 12 13 a
1134 2974 122 20 Publican's
1278 2974 122 20 Ltcen'se.—

964 3000 18 24 I,
1009 2999 108 20 Frederick
1133 2999 4 26 _
1144 2999 98 21 Cheshire
1261 3001 22 19 of
1301 3001 97 21 Rotorua,

965 3027 25 19 do
1000 3026 77 25 hereby
1087 3026 46 24 give
1144 3026 65 19 notice
1219 3026 45 19 that
1275 3027 12 19 I
1304 3027 65 19 desire
1379 3029 21 18 to

965 3053 77 23 obtain,
1053 3052 41 19 and
1103 3052 41 19 will
1155 3054 21 16 at
1185 3053 35 18 tho
1235 3055 50 17 next
1300 3053 99 26 licensing

965 3079 90 26 meeting
1064 3081 21 17 to
1094 3077 26 20 be
1130 3079 75 19 holden
1214 3081 21 17 at
1244 3079 117 26 Tauranga,
1372 3088 26 12 on

965 3107 35 19 the
1010 3106 36 18 sth
1056 3105 40 25 day
1103 3105 21 19 of
1133 3105 60 22 June,
1205 3107 56 23 1895,
1273 3106 62 26 apply
1345 3106 33 19 for
1388 3114 12 12 a

965 3132 108 20 certificate
1086 3131 128 26 authorising
1228 3132 35 20 the
1279 3133 53 19 issue
1349 3132 22 19 of
1387 3140 12 12 a

965 3158 114 26 publican's
1089 3157 73 20 license
1171 3158 32 19 for
1213 3164 13 13 a
1235 3159 69 23 house,
1325 3158 74 20 situate

965 3189 22 17 at
995 3185 97 23 Rotorua,
1103 3184 40 19 and
1155 3184 75 20 known
1240 3184 29 26 by
1278 3185 35 19 the
1322 3185 47 25 sign
1379 3185 21 19 of

965 3212 35 20 the
1010 3211 57 20 Lake
1077 3211 71 19 House
1160 3210 64 20 Hotel
1238 3211 120 25 containing
1374 3213 24 17 45

966 3245 72 17 rooms,
1050 3237 101 20 exclusive
1160 3238 21 18 of
1193 3238 56 19 those
1259 3239 96 25 required
1369 3240 32 18 for

966 3264 35 20 tho
1010 3271 35 12 use
1056 3265 21 17 of
1087 3264 35 19 the
1132 3264 78 24 family.
1238 3264 53 20 Jane
1301 3265 87 24 Stephen-

968 3297 36 13 son
1014 3290 96 24 Graham,
1120 3297 59 13 name
1190 3291 21 19 of
1224 3298 73 13 owner.
1334 3291 68 20 Dated

966 3316 41 19 this
1017 3316 49 19 30th
1077 3316 39 19 dav
1125 3317 21 18 of
1158 3316 65 24 April,
1245 3318 154 24 189.5.—(5gd),

966 3342 166 20 FREDERICK
1147 3342 154 21 CHESHIRE.

967 3409 38 25 J3
1034 3418 243 21 DISTRICT.—Notice
1290 3427 24 12 of
1327 3420 61 20 Appli-

967 3450 73 13 cation'
1053 3450 37 13 for
1104 3444 108 21 Transfer
1235 3452 24 13 of
1279 3446 94 20 Ltcen-.se.

967 3471 16 22 I,
1004 3470 109 19 Frederick
1137 3471 97 19 Cheshire
1259 3473 21 19 of
1302 3472 98 26 Rotorua,

966 3496 64 25 being
1039 3495 34 20 the
1082 3496 70 20 holder
1158 3497 21 19 of
1188 3504 11 12 a
1206 3498 114 25 publican's
1328 3499 74 20 license

967 3522 21 19 in
996 3524 78 23 respect
1084 3523 21 18 of
1113 3522 35 20 the
1165 3523 64 19 house
1245 3525 41 19 and
1304 3526 98 24 premises

967 3549 75 18 situate
1054 3550 20 17 at
1084 3548 96 24 Rotorua,
1191 3550 76 19 known
1276 3551 28 22 by
1313 3552 35 18 the
1356 3552 45 23 sign

967 3575 21 19 of
997 3575 35 19 the
1045 3573 56 20 Lake
1111 3574 70 20 House
1195 3575 69 21 Hotel,
1283 3577 25 19 do
1325 3578 77 25 hereby

967 3601 46 24 give
1028 3600 66 19 notice
1108 3600 45 20 that
1171 3601 12 19 I
1201 3601 66 21 desire
1285 3605 21 17 to
1324 3603 76 23 obtain,

967 3626 40 20 and
1015 3625 42 21 will
1066 3628 22 17 at
1097 3626 35 19 the
1141 3629 50 17 next
1197 3627 101 27 licensing
1311 3631 91 24 meeting

967 3653 21 18 to
997 3652 25 20 be
1031 3652 75 19 holden
1117 3655 21 16 at
1146 3652 110 27 Tauranga
1274 3662 26 13 on
1315 3656 36 19 the
1367 3657 35 18 sth

967 3678 40 25 day
1028 3678 22 19 of
1067 3678 60 24 June,
1151 3680 57 23 1895,
1233 3681 63 25 apply
1317 3682 33 19 for
1367 3683 35 19 tho

966 3704 89 19 transfer
1064 3704 23 19 of
1096 3704 34 19 the
1137 3705 44 18 said
1188 3705 75 20 license
1269 3707 53 19 from
1329 3709 73 19 mvself

966 3731 22 18 to
997 3730 82 19 Russell
1093 3730 91 19 Bedford
1199 3732 97 24 Graham,
1368 3741 32 19 ap>

966 3756 88 24 pointee.
1094 3755 67 21 Dated
1186 3756 40 21 this
1250 3759 47 19 30th
1320 3759 40 24 day
1381 3761 21 19 of

967 3781 64 24 April,
1040 3782 186 25 1895.—(Signed),
1237 3784 165 22 FREDERICK

967 3806 151 21 CHESHIRE.
1146 3808 66 21 Name
1230 3811 22 18 of
1261 3817 73 17 ownor,
1350 3812 52 19 Jane

968 3833 126 25 Stephenson
1107 3834 95 21 Graham.

1137 3923 20 17 ,L
1162 3924 91 18 MATCH
1259 3925 39 18 will
1304 3926 23 17 be
1334 3926 68 23 played

1081 3951 39 12 reen
1128 3947 101 23 Tauranga
1237 3948 38 17 and
1283 3949 86 17 Botorua
1377 3955 25 11 on

966 3969 33 17 the
1009 3969 43 17 18th
1061 3969 21 17 of
1089 3969 52 22 May.

990 3992 28 22 By
1030 3991 111 23 permission
1155 3993 20 17 of
1189 3993 32 17 the
1237 3994 59 18 Town
1311 3995 64 17 Board
1391 4001 11 11 a

967 4015 70 23 charge
1045 4015 20 17 af
1075 4015 18 17 Is
1101 4015 39 18 will
1148 4015 24 18 be
1188 4017 54 17 made
1256 4017 29 17 for
1301 4017 101 18 admission

967 4040 21 15 to
1004 4038 32 17 the
1052 4038 87 18 Pukeroa
1153 4039 81 18 Eeserve
1250 4040 20 17 in
1286 4040 32 18 aid
1334 4041 21 17 of
1370 4041 32 17 the

967 4061 65 19 Club's
1040 4061 63 19 funds.

1147 4084 19 19 J.
1214 4085 115 22 WEBBEE,

1277 4109 51 18 Hon.
1338 4109 40 18 See.

1422 177 59 43 ON
1489 177 47 21 May
1544 178 43 17 15th
1596 185 11 10 a
1616 178 80 17 Concert
1704 178 39 17 vrJl
1752 176 43 18 take
1803 178 54 21 place

1485 200 21 17 in
1513 200 34 18 the
1555 200 86 18 Pukcroa
1650 200 48 18 Hali
1712 200 21 18 in
1746 200 31 17 aid
1792 201 19 17 of
1823 200 33 18 the

1421 223 69 17 E.F.C.

1444 246 38 18 The
1489 246 43 17 best
1541 246 47 18 local
1597 247 94 17 amateurs
1699 246 38 17 will
1747 246 23 17 be
1778 246 79 17 assisted

1420 270 27 22 by
1454 269 71 18 several
1534 270 101 21 Btrangors.

1538 292 73 18 Pbices
1618 292 3 18 :
1635 293 21 16 2s
1664 292 38 18 and
1712 293 25 16 Is.

1598 315 19 18 J.
1630 315 30 19 W.

1731 339 51 16 Hon.
1792 338 39 17 Sec.

1540 385 195 24 NOTICE.

1423 436 131 33 rpOTARA
1578 437 83 20 POSTS
1682 437 56 20 FOR
1751 437 104 20 SALE.—

1428 456 21 24 J.
1488 463 68 25 Apply
1570 465 20 17 to

1606 489 33 20 W.
1650 489 20 19 S.
1681 488 121 20 GORDON.

1035 4198 101 40 Ask
1160 4199 72 39 for
1258 4200 268 40 Hancock's
1552 4202 278 39 Celebrated
1858 4202 191 38 XXXX
2072 4201 114 40 Ales
2213 4202 95 39 and
2333 4200 148 40 Stout.
