3280 4290
160 90 18 19 A
187 88 57 21 BAD
253 88 131 19 BARGAIN.

91 149 19 19 A
126 152 68 21 young
210 145 104 20 merchant
322 144 67 20 risked
398 144 31 19 his
447 149 43 14 own

65 175 35 19 life
117 175 20 18 to
154 178 47 14 save
210 178 12 13 a
242 177 70 19 vot'ig
337 176 77 15 woman
439 169 51 19 from

66 199 107 24 drowning.

351 222 43 19 said
398 221 32 20 the
434 221 56 24 girl's

65 253 9 19 f
75 252 31 20 ath
110 247 58 28 er,"''
170 256 29 13 wo
202 255 43 14 owe
248 256 40 19 you
293 257 11 12 a
308 249 46 19 debt
359 248 21 19 of
382 247 107 28 gratitude.

65 278 18 19 A
100 276 90 20 hundred
208 275 101 20 thousand
333 274 66 20 marks
416 280 23 12 or
455 273 35 19 the

64 303 54 20 hand
125 303 20 18 of
154 308 34 19 my
195 299 110 28 daughter!

90 330 41 19 Our
137 328 48 20 hero
193 328 88 25 thought
290 327 43 19 that
341 327 18 18 if
367 325 25 19 ho
400 325 47 19 took
456 325 34 19 the

64 356 38 25 girl
111 354 25 20 ho
145 354 68 20 would
218 358 35 21 get
266 354 34 18 the
308 358 71 18 money
397 351 42 19 into
456 351 34 19 the

62 381 91 24 bargain,
164 379 41 21 and
214 379 86 26 replied:

124 406 70 20 choose
202 412 51 19 your

164 432 52 19 have
232 431 49 19 done
390 428 44 19 said
455 429 34 19 the

63 459 78 23 father;
187 457 57 20 covhl
253 458 34 17 not
304 455 52 20 have
371 455 60 24 given
448 460 41 19 you

63 485 34 19 the
106 484 91 20 hundred
206 481 96 22 thousaod
308 481 74 22 marks,
397 487 21 12 as
434 480 12 19 I
456 487 32 12 am

63 511 46 25 only
119 517 11 13 a
136 516 49 19 poor
190 508 90 24 cobbler;
288 508 38 19 but
331 513 40 19 you
376 506 52 19 shall
437 506 51 19 have

62 544 34 18 my
105 536 103 25 daughter.
235 534 25 19 Jo
261 534 11 12 ;,
275 541 6 12 i
299 532 70 24 hands,
388 539 34 18 my
440 532 48 19 dear

202 627 138 20 RUAPEHU.

89 682 19 19 A
116 679 50 27 good
175 678 44 21 deal
229 678 22 20 of
257 678 86 19 interest
353 676 59 26 being
422 676 62 20 taken

64 709 21 19 in
103 706 33 20 the
154 706 69 19 recent
241 704 99 20 outbreak
360 702 21 21 of
397 702 88 20 volcanic

63 732 80 26 activity
152 734 22 17 at
183 730 105 26 Euapohu,
307 730 36 19 has
364 729 31 19 led
413 729 72 19 MrH.

63 760 101 24 Sargeant,
173 756 89 26 residing
269 763 48 13 near
324 756 34 20 the
366 755 119 25 Wangaehu

61 786 51 21 river
122 784 61 20 which
194 783 34 20 has
239 783 15 19 it
263 789 69 14 source
338 788 47 14 near
397 781 33 20 the
439 782 46 19 base

61 812 23 20 of
89 811 33 20 the
131 809 113 24 Mountain,
254 810 23 18 to
290 809 56 19 write
357 811 21 17 to
387 809 34 19 the
431 808 40 19 Yeo-

61 844 46 14 man
122 843 25 13 an
161 837 85 19 account
260 835 22 19 of
294 835 53 20 what
366 833 24 21 he
405 841 39 13 saw
464 835 20 18 in

62 864 56 23 IS6O,
134 869 27 13 on
180 862 21 19 tb
216 864 9 16 t
241 861 59 20 river.
335 861 34 19 He
387 867 45 18 says
441 859 43 21 :—I

61 897 40 13 was
110 896 37 13 one
157 889 37 24 day
218 887 68 26 siting
296 894 32 19 my
338 886 87 25 brother,
441 887 43 19 who

60 916 51 20 lived
121 922 26 13 on
154 916 34 18 tfle
195 915 53 24 right
258 913 53 20 bank
319 913 21 19 of
347 913 35 19 the
391 913 77 25 Wanga-

59 943 46 24 ehu,
115 941 39 20 and
170 942 21 19 at
200 941 34 19 tbe
249 939 48 21 time
315 939 21 20 of
348 939 62 19 which
421 939 11 19 I
451 946 31 12 am

60 969 61 19 about
131 970 20 18 to
159 967 59 26 speak
225 967 11 19 I
246 972 39 14 was
301 965 93 25 standing
412 971 26 13 on
449 965 34 20 the

59 995 54 20 bank
129 993 22 20 of
165 993 34 20 the
215 993 58 23 river,
290 993 38 19 and
340 991 82 26 looking
432 998 26 19 up
472 998 11 13 a

60 1021 47 26 long
117 1019 56 21 reach
183 1019 21 19 of
210 1019 33 19 the
250 1024 53 14 same
311 1018 62 20 about
381 1019 25 19 30
414 1017 68 21 chains

60 1047 55 20 when
129 1047 11 19 I
150 1045 97 26 suddenly
264 1051 38 13 saw
319 1044 79 25 coming
416 1045 66 19 round

59 1073 34 20 the
102 1077 67 15 corner
178 1071 21 20 in
206 1071 34 20 the
247 1071 112 25 distance.a
367 1070 51 26 hugo
427 1076 54 15 wave

60 1099 21 20 of
99 1101 60 18 water
178 1098 38 20 and
232 1097 101 26 tumbling
357 1097 44 25 logs
419 1097 62 19 which

27 1123 3 26 '
60 1125 52 21 filled
121 1125 34 19 the
164 1123 63 21 whole
237 1124 72 25 trough
324 1123 22 20 of
356 1123 34 20 the
401 1125 80 18 stream.

60 1153 11 19 I
81 1151 62 21 called
157 1153 35 17 out
209 1153 21 16 to
244 1157 33 18 my
288 1150 80 19 brother
386 1150 41 19 who
442 1156 39 13 was

61 1178 16 20 cl
82 1184 31 13 iso
122 1177 25 25 by
157 1177 37 20 and
201 1177 91 24 together
303 1183 28 12 we
338 1177 107 18 witnessed
455 1176 26 19 its

59 1203 56 27 rapid
125 1203 104 26 approach.
256 1203 28 19 As
305 1205 16 16 it
335 1202 71 26 passed
423 1208 23 13 us
464 1203 17 18 it

59 1231 99 25 appeared
167 1233 21 16 to
195 1229 25 20 be
234 1228 81 20 covered
333 1228 47 19 with
391 1228 52 20 what
454 1235 27 13 we

60 1260 21 16 at
91 1256 43 20 first
143 1256 84 24 thought
235 1257 19 18 to
269 1256 24 19 be
303 1255 84 25 pumice,
400 1256 35 18 but
448 1254 33 20 the

59 1282 80 20 intense
146 1282 43 19 cold
196 1282 62 19 which
265 1288 47 13 soon
319 1282 56 19 made
387 1287 23 13 us
416 1281 63 20 shiver

57 1308 40 20 and
108 1311 46 17 turn
169 1308 52 24 blue,
232 1308 71 19 caused
320 1313 23 14 us
359 1310 21 17 to
391 1307 88 20 discover

57 1335 45 19 that
121 1334 52 19 what
189 1341 29 13 we
234 1335 37 18 had
294 1334 99 25 supposed
416 1337 21 16 to
457 1334 22 19 be

57 1360 77 26 pumice
143 1365 40 14 was
197 1366 26 13 no
232 1360 38 19 loss
280 1360 49 19 than
337 1361 68 17 frozen
415 1360 64 26 snow;

57 1386 65 20 mixed
132 1386 48 19 with
190 1386 40 19 this
241 1393 39 13 was
289 1393 12 12 a
315 1391 103 14 commons
427 1391 52 14 mass

57 1412 20 19 of
94 1412 43 25 logs
159 1412 40 19 and
221 1412 81 25 general
323 1413 62 18 forest
408 1412 71 19 debris.

57 1438 51 25 Vory
114 1444 48 13 soon
166 1438 160 25 the'Wangaehu
333 1438 70 25 bridge
408 1438 71 25 passed

55 1471 24 13 us
100 1464 56 20 stuck
178 1470 26 14 on
227 1464 34 20 tho
283 1466 53 18 roots
359 1465 21 18 of
402 1470 11 14 a
420 1464 56 25 giant

58 1493 45 22 trco,
119 1490 38 20 and
175 1496 12 14 a
204 1491 40 19 few
261 1491 86 19 miimtcs
363 1490 116 21 afterwards

58 1517 59 20 about
126 1523 11 12 a
143 1516 61 19 dozen
212 1522 71 14 canoes
291 1522 53 15 came
354 1517 63 23 down,
425 1522 54 14 some

60 1543 19 10 ~c
96 1542 51 16 fhnm
170 1542 60 13 ooilo/l
251 1543 61 15 o.lnnfr
329 1548 54 10 mnrfl
401 1549 22 8 nv
441 1543 38 15 lose

58 1555 21 8 i/x
98 1555 50 7 mvu*
169 1550 64 13 sauea
251 1550 59 19 aaong
402 1550 21 12 or

58 1569 103 25 straightly
170 1569 58 19 down
234 1569 33 19 tho
275 1572 65 17 centre
347 1569 58 19 while
413 1569 66 19 others

58 1595 47 26 kept
114 1595 84 25 running
207 1595 42 19 into
258 1595 35 20 the
312 1595 64 20 banks
394 1595 40 20 and
449 1602 20 13 re-

58 1621 101 25 bounding
167 1621 145 26 continuously.
340 1622 12 18 1
362 1621 73 26 caught
444 1621 35 20 the

56 1654 47 20 rope
112 1648 19 19 of
140 1654 36 13 one
183 1647 20 19 of
213 1648 55 19 these
275 1649 53 18 from
335 1648 34 19 the
378 1648 53 19 bank
439 1649 40 18 and

58 1674 93 25 instantly
160 1673 11 20 I
180 1680 40 14 was
226 1675 69 25 nearly
303 1674 69 26 pulled
380 1674 68 24 under,
457 1680 21 14 so

53 1700 57 26 rapid
119 1706 38 14 was
174 1700 34 19 tho
223 1701 49 19 rush
290 1704 21 16 of
329 1701 35 19 tho
387 1701 31 24 icy
437 1701 39 19 and

55 1727 117 25 sulphurous
181 1729 82 17 torrent.

82 1753 91 19 Previous
182 1755 20 17 to
212 1754 40 18 this
267 1753 97 25 outburst,
385 1760 22 12 as
424 1755 54 18 must

55 1779 27 21 be
91 1779 130 19 remembered
232 1780 24 24 by
267 1787 60 18 many
342 1779 34 20 old
390 1781 85 23 settlors,

56 1805 34 20 the
100 1809 57 16 water
166 1806 19 19 of
199 1806 35 18 the
246 1805 120 27 Wangaehu
375 1812 40 13 was
432 1812 33 20 per-

56 1832 60 25 fectly
126 1838 52 19 pure.
206 1832 52 19 Evor
272 1833 54 19 since
344 1832 34 19 tho
395 1832 52 19 flood
456 1833 22 18 in

56 1857 91 27 question
156 1858 32 19 the
197 1859 52 18 river
258 1858 38 20 has
314 1859 52 19 been
383 1865 53 13 more
456 1865 22 13 or

56 1884 39 19 less
105 1884 134 25 impregnated
248 1885 50 20 with
301 1884 77 20 diluted
385 1885 81 25 sulphur-

53 1915 38 14 ous
100 1910 43 19 acid
150 1910 38 20 and
197 1910 35 19 hot
241 1911 60 25 alum,
313 1917 22 14 as
354 1911 17 20 is
390 1912 42 19 said
451 1911 26 25 by

56 1942 59 19 some,
127 1936 39 21 and
175 1937 14 20 it
199 1937 45 20 does
253 1940 35 17 not
307 1937 80 20 contain
396 1943 12 16 a
416 1937 63 25 hying

52 1962 45 20 fish.

79 2033 100 23 Teacher:
270 2036 94 25 children,
373 2035 43 21 God
421 2035 58 20 made

56 2058 33 22 tho
95 2061 62 19 world
162 2061 21 19 in
190 2061 31 21 six
308 2062 61 20 Littlo
378 2062 38 19 Joe
423 2062 56 25 (with

54 2086 73 25 logical
136 2089 46 18 turn
201 2089 20 18 of
239 2089 76 24 mind):
404 2089 26 18 ho
446 2088 33 18 did

54 2115 35 17 not
97 2113 60 18 finish
165 2112 22 21 it'
215 2116 55 17 .Look
291 2116 21 17 at
329 2117 28 16 011
366 2114 24 18 do
408 2113 71 20 houses

53 2138 83 20 buildin'
146 2138 40 21 and
195 2138 25 21 do
227 2139 49 27 boys
282 2141 39 19 and
331 2141 49 25 girls
386 2140 34 20 dat
428 2140 51 20 have

55 2166 19 18 to
84 2170 54 19 grow

80 2194 74 27 Young
162 2202 61 14 man:
286 2197 49 20 wish
352 2199 20 18 to
390 2199 34 24 get
441 2197 40 19 this

57 2224 130 23 engagement
193 2223 47 25 ring
247 2222 31 20 ei'
282 2230 8 12 r
294 2222 68 27 rgod.''
376 2223 11 20 J
392 2223 88 21 owellor:

211 2249 63 26 AVhy,
301 2256 40 19 you
365 2250 42 20 told
420 2256 32 14 mo
470 2256 11 13 a

57 2273 55 21 wlnle
119 2280 38 20 ago
166 2275 16 19 it
187 2280 41 15 was
239 2282 11 12 a
255 2277 78 24 perfect
408 2275 73 26 Young

58 2301 54 26 man:
189 2307 48 20 yes;
248 2305 45 17 that
302 2308 41 14 was
353 2302 27 20 all
388 2303 55 24 right
452 2303 29 19 for

86 2360 68 21 Brown
162 2362 82 26 (visibly
254 2363 159 26 embarrassed):

60 2388 76 25 pardon,
148 2388 41 19 Mrs
199 2388 123 26 Starveham,
335 2390 37 19 but
380 2390 12 19 1
403 2390 38 19 lost
450 2396 33 19 my

62 2413 62 26 pillow
138 2414 37 19 last
190 2415 60 25 night
315 2416 42 20 The
376 2415 106 27 lan^'ady:

63 2440 91 20 "WeU'r"
164 2440 85 21 Brown:
299 2449 40 19 you
348 2442 133 26 don'tobject,

61 2465 12 20 I
89 2466 67 20 should
171 2467 40 19 like
228 2473 20 14 to
265 2475 26 19 go
309 2473 36 14 out
353 2472 21 15 to
392 2469 34 19 the
435 2472 35 16 hen-

57 2491 59 21 house
125 2493 37 19 aud
171 2496 33 23 get
214 2497 85 17 another

282 2529 82 19 saidthe
371 2529 52 25 good
428 2536 53 18 man,

94 2552 47 20 have
150 2554 40 19 told
198 2560 41 19 you
246 2555 66 20 where
322 2555 35 19 the
367 2556 51 24 good
434 2557 49 24 boys

61 2584 26 20 go
94 2579 36 19 and
135 2580 62 20 where
206 2581 34 19 tho
247 2581 41 20 bad
292 2581 49 26 boys
347 2588 33 18 go.
411 2583 72 19 Which

61 2605 62 20 would
131 2612 38 19 you
174 2606 70 21 choose
406 2609 33 23 sir,
451 2609 32 19 I'd

61 2630 64 21 rather
134 2638 23 18 go
166 2635 20 18 to
193 2633 34 20 the
237 2634 82 26 circus,',
331 2635 103 19 answered
449 2635 33 19 the

59 2656 2 25 .
61 2656 12 12 I;
75 2657 34 20 ttle
117 2658 62 21 fellow
188 2660 21 19 in
218 2660 35 20 the
262 2661 53 20 back
323 2664 50 17 scat.

158 2707 39 19 you
203 2701 26 20 be
237 2708 11 14 a
256 2703 62 19 sister
325 2705 19 17 to

61 2723 13 22 I
84 2725 73 21 won't."
289 2729 67 19 Name
375 2729 33 19 the

107 2760 58 21 Wnat
175 2762 16 19 is
200 2763 57 20 there
275 2764 81 20 besides
374 2764 47 19 luck
436 2764 46 19 that

59 2791 87 15 amounts
152 2791 19 16 to
180 2790 101 26 anytr'ng
298 2791 22 20 in

59 2813 51 24 good

81 2852 36 18 The
123 2853 44 24 louy
173 2856 19 18 of
200 2856 40 19 .Mrs
246 2857 137 19 Ilenuikerwas
389 2858 91 17 cremated

59 2881 24 13 on
91 2876 28 17 the
134 2883 28 13 sea
177 2879 53 19 shore
243 2886 44 13 near
306 2882 142 22 ISandringhain,
458 2881 23 23 by

61 2901 102 21 permission
186 2903 19 18 of
225 2905 31 17 the
273 2905 116 22 authorities,
413 2905 20 17 in
449 2904 32 18 the

60 2928 80 17 presence
148 2926 18 16 of
173 2932 9 11 a
198 2926 52 24 large
271 2929 99 23 gathering
378 2929 19 16 of
409 2929 73 17 friends

61 2947 36 17 and
103 2947 93 21 onlookers.
222 2951 39 18 The
274 2952 93 21 deceased,
375 2952 42 17 who
426 2957 37 12 was
472 2958 10 11 a

61 2970 109 22 spiritualist,
184 2979 35 13 was
231 2976 94 18 cremated
342 2977 21 16 at
384 2976 33 17 her
437 2981 45 12 own

62 2998 69 18 express
139 2995 57 20 desire.
222 2998 18 17 A
247 2999 50 23 large
306 3005 48 17 open
367 2999 32 17 fire
408 2999 18 17 of
434 2999 47 22 logs,

61 3019 89 16 saturated
158 3020 43 19 with
209 3022 95 24 kerosene,
314 3029 38 12 was
361 3022 44 18 used
414 3023 29 17 for
452 3024 30 16 tlie

63 3045 79 18 purpose.

86 3064 16 17 A
115 3065 76 23 singular
216 3069 58 19 result
298 3070 69 23 arising
398 3070 48 18 from
473 3074 10 12 a

62 3087 83 23 pheasant
156 3090 54 24 ilyiug
219 3094 57 22 agaist
285 3094 31 17 the
325 3095 29 16 wii
360 3098 19 14 cs
387 3094 20 17 of
420 3100 11 10 a
439 3091 36 18 tele-

63 3110 58 23 phone
133 3118 33 13 was
182 3116 87 18 recorded
286 3117 21 18 in
323 3117 31 18 the
374 3117 76 18 Culoitict
464 3116 20 17 of

62 3133 116 23 Vancouver's
196 3138 69 19 Island.
290 3141 31 18 On
346 3140 43 19 Dee.
473 3145 11 11 a

62 3157 85 24 pheasant
154 3160 54 25 Hying
216 3169 59 12 across
283 3164 30 18 the
321 3163 105 20 Esquimalt
433 3162 51 18 Koad

132 3182 18 18 in
165 3189 71 15 contact
244 3187 45 17 with
299 3194 10 11 a
322 3188 97 23 telephone
433 3187 50 17 wire.

69 3209 16 12 ■L.
96 3213 10 9 u
115 3209 37 14 taru
159 3209 80 23 uiopped
247 3211 53 21 dead,
314 3211 32 18 the
365 3211 68 19 broken
443 3211 41 17 wire

63 3228 53 17 made
123 3234 102 16 connection
231 3234 45 17 with
285 3234 30 18 the
325 3238 87 19 tramway
419 3234 64 22 trolley

66 3256 50 18 Wire,
126 3253 32 17 and
166 3255 29 18 the
203 3257 57 18 result
269 3263 38 13 was
316 3258 41 18 that
367 3258 68 19 seveial
441 3259 43 17 coils

67 3276 21 16 at
99 3276 31 17 the
137 3280 63 17 central
208 3281 75 22 station,
293 3282 38 17 and
347 3288 49 12 some
405 3283 52 23 eiglit
466 3288 18 12 or

69 3303 44 13 nme
121 3299 100 25 telephones
229 3310 49 13 were
287 3305 70 19 bunied
367 3308 36 16 out.

88 3330 62 22 There
157 3341 30 14 are
197 3343 11 13 a
216 3339 66 19 round
291 3339 62 20 dozen
362 3338 69 26 th'nga
440 3339 44 20 that

59 3363 44 20 you
118 3365 35 13 can
176 3369 57 14 never
249 3368 35 22 get
299 3372 13 13 a
332 3366 46 24 lady
388 3368 21 16 to
425 3366 60 25 plead

59 3384 66 26 guilty
134 3386 25 24 of,
169 3387 24 21 be
200 3390 34 19 she
244 3392 33 18 old
293 3399 22 12 or
324 3392 161 25 young:—That

60 3410 36 19 her
103 3412 57 19 shoes
168 3420 32 14 are
206 3420 33 16 too
252 3419 65 18 small.
344 3418 53 19 That
415 3418 35 19 she
467 3418 18 20 is

61 3437 51 20 tored
120 3441 20 16 at
153 3445 12 13 a
174 3440 45 22 ba!\.
247 3444 52 20 That
317 3444 36 20 she
371 3451 45 13 uses
435 3451 49 19 any.

62 3464 57 24 tiling
128 3464 35 20 but
171 3469 85 24 powder.
284 3470 52 20 That
350 3471 16 19 it
376 3472 55 18 takes
449 3471 36 20 her

61 3490 49 23 long
118 3492 19 17 to
146 3491 58 22 dress.
231 3496 53 20 That
290 3498 36 18 she
335 3497 38 19 has
388 3498 48 25 kept
444 3504 40 19 you

62 3518 88 23 waiting.
176 3519 50 21 That
235 3522 35 20 she
279 3523 87 20 blushed
376 3524 57 18 when
445 3531 39 17 you

60 3542 111 20 mentioned
188 3552 12 12 a
219 3549 110 24 pabular

59 3571 66 15 name.
151 3569 49 22 That
207 3575 35 18 she
250 3581 46 20 says
305 3576 55 20 what
369 3576 35 19 sho
409 3577 76 19 doesn't

59 3598 67 14 mean,
153 3595 49 21 That
219 3599 34 19 she
262 3601 17 19 is
359 3603 20 19 of
397 3603 86 20 scandal,

61 3620 53 18 ihat
123 3620 35 19 she
167 3627 43 15 ever
219 3625 69 23 flirted.
315 3629 54 19 That
386 3629 35 19 sho
439 3636 34 13 can-

62 3646 37 18 not
116 3646 51 25 keep
185 3653 12 14 a
205 3655 65 17 secret.
297 3654 52 21 That
367 3655 35 19 she
419 3655 65 21 is—in

60 3671 53 20 love.

87 3704 20 20 A
115 3706 57 25 giant
179 3709 16 19 is
204 3716 26 14 on
239 3714 107 21 exhibition
355 3716 22 19 in
393 3715 90 20 London.

59 3732 36 19 He
112 3738 65 14 comes
200 3735 51 22 from
268 3740 71 27 Egypt,
366 3742 31 20 Ids
426 3749 58 13 name

61 3760 62 24 being
129 3760 82 21 Hassan
230 3764 38 20 Ali.
294 3768 85 25 Though
395 3769 47 24 only
461 3770 21 18 17

59 3789 59 19 years
137 3786 21 19 of
173 3794 45 19 age,
237 3789 24 21 ho
279 3792 16 19 is
313 3794 79 24 already
409 3796 29 18 Bft
463 3796 21 19 in

59 3810 79 26 height.
379 3809 9 11 J

61 3846 45 40 ~i,^
107 3848 16 19 M
124 3857 11 29 f
136 3857 26 20 ag
163 3846 1 40 .
164 3858 11 14 0
186 3853 40 20 cler
227 3860 27 20 fe/
255 3861 31 14 me
287 3862 14 14 n
317 3857 50 21 have
383 3860 78 20 formed
473 3867 11 13 a

122 3879 21 18 to
166 3881 78 19 istruct
258 3885 120 22 prospective
395 3886 78 20 mission-

61 3904 51 16 aries
120 3909 22 14 m
153 3905 81 27 foreign
251 3907 111 27 languages
378 3911 28 25 by
417 3919 67 13 means

62 3930 23 14 01
99 3933 32 14 iiie
138 3931 142 28 phonograph.

86 3959 19 20 A
122 3968 84 16 caravan
225 3966 21 19 of
263 3966 49 25 gold
321 3966 52 20 from
390 3968 32 20 the
434 3970 51 20 Ural

64 3989 62 18 mines
141 3992 87 26 recently
246 3992 79 20 arrived
341 3992 21 20 in
372 3993 27 20 St.
409 3994 65 23 Poters-

64 4015 56 21 ■>!£*■
146 4017 19 19 It
183 4024 42 15 was
242 4018 75 21 valued
332 4020 21 18 at
363 4021 37 18 two
418 4022 38 19 and
473 4030 12 13 a

63 4039 43 19 aalf
110 4041 88 22 millions.

509 87 128 21 RAINING
660 88 96 23 FLESH,
779 87 72 25 FISH,
878 90 60 19 AND

676 113 99 21 FROGS.

536 167 92 20 Showers
651 166 23 20 of
691 167 50 19 sand
761 167 37 18 and
818 167 56 19 earth
889 167 50 20 have

510 194 49 19 been
569 194 58 19 often
643 192 95 20 recorded
750 201 5 15 ;
771 193 36 19 but
817 193 87 19 showers
918 194 21 19 of

510 219 54 24 flvsh,
575 220 43 23 fish,
630 219 60 25 frogs,
702 219 40 23 &c,
753 225 34 13 are
801 219 64 19 worth
876 221 52 18 notic-

510 246 40 25 ing.
578 246 41 19 Tho
630 245 49 19 flesh
689 245 4 26 '
705 252 38 12 was
761 245 115 25 recognised
886 252 23 13 as
928 254 10 11 a

508 272 83 20 disliuet
598 272 106 19 substance
712 271 26 25 by
746 270 124 21 Scheucbzer
876 273 62 18 about

509 298 34 20 the
553 298 110 25 beginning
681 297 21 19 of
712 298 38 18 last
760 299 92 22 century,
867 299 40 18 aud
917 299 20 18 in

510 325 49 19 1747
566 325 26 19 its
602 325 47 18 true
656 323 73 19 animal
740 325 71 17 nature
820 330 38 12 was
870 324 67 20 shown

508 351 26 25 by
554 350 127 20 Lemonuier.
709 349 59 19 Since
783 349 49 19 thou
849 352 27 18 its
891 357 35 18 pro-

509 377 74 24 perties
608 377 48 19 have
682 375 50 20 been
754 375 134 25 investigated
912 377 24 25 by

508 403 114 26 Vauquelin
647 402 39 20 and
707 401 71 20 others.
806 401 23 20 It
849 402 57 20 bears
926 410 10 12 a

507 432 80 23 greater
601 429 137 19 resemblance
756 431 21 16 to
797 434 70 14 mucus
887 429 49 19 than

508 460 20 15 to
537 455 86 26 gelatine
634 462 23 13 or
666 455 71 19 tannin
749 454 3 27 ;
768 454 36 19 but
815 454 15 19 it
842 455 47 19 does
902 458 35 17 not

507 483 78 25 exactly
596 488 57 18 agree
664 481 47 19 with
729 487 38 19 any
778 487 37 12 one
826 481 22 19 of
864 481 57 20 these
931 490 5 16 ;

507 509 14 19 it
545 509 17 19 is
587 510 107 20 unctuous,
717 506 156 26 greyish-white,
896 509 39 18 and

507 535 56 20 when
583 534 51 24 cold,
650 533 109 20 inodorous
773 533 39 19 and
829 534 91 19 tasteless
931 542 5 17 ;

506 562 16 19 it
541 561 17 20 is
568 560 78 20 Eoluble
665 560 20 19 in
696 561 36 17 hot
747 562 66 22 water,
832 560 40 19 and
886 560 48 20 then

506 588 107 19 resembles
630 586 45 19 thin
685 585 107 20 beef-tea.'
820 586 48 19 This
884 586 39 20 sub-

506 615 68 18 stance
597 613 36 19 has
651 612 45 19 Bkin
717 611 101 25 attached,
841 613 38 18 and
904 619 20 13 re-

506 640 85 19 sembles
601 639 73 19 human
685 638 48 19 flesh
743 637 5 20 !

531 666 26 19 In
567 665 64 20 South
641 664 100 25 America,
750 664 21 19 in
782 666 58 23 IG9B,
853 671 24 13 an
888 671 47 13 area

505 692 22 20 of
545 694 87 22 couutay
646 690 122 26 forty-three
791 691 55 20 miles
862 698 72 19 square

505 725 38 13 was
563 717 86 21 strewed
664 717 47 19 with
722 716 37 20 fish
771 716 4 27 ;
790 718 38 19 and
844 718 21 19 in
881 718 39 25 Lug-

505 745 52 24 land,
568 747 22 16 at
600 751 11 12 a
625 743 137 20 considerable
772 743 91 20 distance
879 744 53 19 from

504 770 34 20 the
561 777 40 17 sea,
620 776 12 13 a
646 770 140 25 pasture-field
811 776 39 13 was
869 770 63 19 found

504 798 100 19 scattered
616 803 46 13 over
672 796 48 20 with
731 795 62 21 about
809 803 11 13 a
830 796 71 20 bushel
912 797 21 18 of

503 824 56 19 small
571 822 42 20 fish.
642 823 19 19 A
672 822 76 19 Bhower
758 822 22 20 of
796 822 92 26 herrings
898 823 34 19 fell

502 856 20 13 in
547 850 52 19 1525
622 849 21 19 in
657 849 165 23 Kinross-shire;
843 849 38 19 but
903 849 20 19 in-

503 877 80 19 stances
593 875 21 19 of
623 875 35 19 the
673 881 54 13 same
743 874 50 20 kind
802 882 35 12 are
854 882 65 12 numer-

502 909 36 13 ous
557 902 49 19 both
628 901 21 20 in
665 901 40 20 this
727 904 85 23 country
830 901 38 20 and
883 901 40 20 else-

503 929 71 19 where.

528 955 29 19 At
575 955 60 24 Ham,
659 954 21 19 in
699 954 83 24 France,
797 954 30 20 M.
851 955 80 23 Peltier,

502 980 53 20 after
564 989 12 11 a
587 981 62 24 heavy
658 979 45 20 rain
714 981 37 19 had
768 981 68 22 fallen,
849 987 37 13 saw
898 981 33 19 the

502 1014 72 19 square
585 1008 68 18 before
663 1007 40 19 him
714 1007 82 19 covered
807 1006 48 20 with
868 1007 63 19 toads.

501 1033 4 23 '
518 1033 124 20 Astonished
653 1035 22 17 at
686 1033 46 23 this,
747 1033 11 19 I
769 1033 105 20 stretched
895 1035 36 18 out

502 1066 31 18 my
544 1060 59 25 hand,
620 1059 62 20 which
702 1066 39 13 was
751 1059 70 20 struck
832 1059 26 25 by
874 1066 56 18 many

500 1086 21 19 of
541 1087 55 19 these
610 1085 85 21 animals
714 1092 22 13 as
750 1085 48 25 they
816 1085 45 20 fell.
888 1086 42 19 The

501 1113 50 24 yard
571 1112 21 20 of
606 1113 34 19 the
660 1112 62 19 house
736 1118 39 13 was
794 1112 43 20 also
857 1111 38 20 full
911 1111 20 21 of

502 1139 59 19 them.
590 1139 11 19 I
613 1145 38 13 saw
662 1137 54 20 them
726 1138 36 19 fall
773 1145 26 13 on
809 1137 34 20 the
856 1139 44 19 roof
910 1139 21 19 of

501 1172 11 12 a
522 1165 69 25 house,
602 1165 40 19 and
653 1165 90 19 rebound
754 1164 52 20 from
817 1165 71 19 thence
905 1172 24 12 on

500 1191 34 19 the
544 1194 113 23 pavement.
686 1191 55 25 They
759 1191 27 18 all
797 1197 52 13 went
860 1191 28 19 off
906 1191 23 25 by

501 1217 34 20 tho
554 1217 97 20 channels
662 1216 64 20 which
741 1217 33 19 ihe
784 1217 46 20 rain
846 1217 84 24 formed,

500 1244 39 19 and
550 1250 52 14 were
612 1243 76 20 carried
698 1245 37 18 out
744 1243 22 20 of
782 1244 34 19 tho
825 1244 66 19 town.'

528 1271 63 18 Blood
602 1273 57 23 spots
670 1269 50 20 have
730 1270 100 25 produced
851 1271 80 24 greater

500 1298 66 18 terror
576 1297 49 19 than
636 1303 50 12 even
696 1296 35 19 red
742 1296 49 19 rain.
820 1296 4 20 '
833 1297 18 18 A
863 1297 66 18 widow

498 1323 97 25 chancing
606 1325 20 17 to
638 1322 24 20 be
672 1322 58 19 alone
741 1322 69 19 before
825 1322 34 19 her
870 1323 61 19 house

500 1348 20 21 in
545 1349 35 20 the
604 1350 72 24 village
699 1348 22 19 of
752 1348 179 24 Castelenschloss,

500 1376 101 25 suddenly
612 1374 70 22 beheld
700 1381 10 13 a
721 1374 95 26 frightful
831 1376 101 24 spectacle

498 1402 89 19 —blood
597 1401 106 25 springing
722 1401 52 20 from
784 1401 35 19 the
830 1402 56 19 earth
904 1402 26 19 all

499 1429 78 18 around
601 1428 35 20 her
648 1427 3 25 !
682 1433 12 19 s
698 1434 23 13 ae
735 1427 74 20 rushed
829 1428 19 19 in
869 1428 62 19 alarm

499 1454 44 20 into
554 1454 35 21 the
603 1456 83 22 cottage
698 1453 4 25 ;
716 1454 43 24 but,
778 1454 31 23 oh,
830 1453 87 21 horrible
928 1453 3 25 !

500 1480 58 21 blood
582 1482 17 18 is
618 1480 81 26 flowing
724 1480 207 26 everywhere—from

497 1507 36 20 tbe
552 1508 100 19 wainscot
662 1508 39 19 and
716 1506 52 20 from
787 1506 35 20 the
836 1510 81 17 stones-

498 1533 17 20 it
526 1534 49 19 falls
587 1534 20 19 in
618 1540 11 13 a
641 1536 73 17 stream
725 1532 52 21 from
787 1539 12 14 a
818 1532 58 21 basin
886 1540 25 13 on
922 1540 11 13 a

500 1560 120 20 shelf—and
643 1566 48 14 even
714 1560 34 19 tbe
772 1558 71 21 child's
867 1560 66 19 cradle

499 1586 112 21 ioverflows
641 1586 48 21 with
714 1586 22 20 it.
777 1586 42 19 The
856 1592 76 14 woman

500 1614 89 25 magines
599 1613 46 20 that
663 1612 35 21 the
715 1612 86 20 nvisiblo
814 1612 51 21 band
876 1612 20 20 of
908 1619 23 13 an

499 1640 87 20 assassin
597 1640 35 19 has
642 1639 51 20 been
703 1642 25 17 at
743 1638 61 25 work,
815 1640 38 19 and
863 1639 70 20 rushes

498 1666 21 20 in
543 1666 119 20 distraction
681 1668 37 17 out
735 1666 21 20 of
775 1666 65 25 doors,
864 1666 69 26 crying

498 1692 4 26 '
515 1693 87 20 Murder
612 1692 4 26 '
639 1692 84 21 murder
736 1692 10 21 !'
775 1692 42 20 The
841 1692 93 26 villagers

496 1720 39 19 aud
547 1720 35 19 the
592 1719 70 20 monks
674 1718 21 21 of
703 1725 12 13 a
725 1718 150 27 neighbouring
886 1726 34 13 con-

497 1748 47 18 vent
572 1746 100 20 assemble
691 1747 21 18 at
733 1745 34 20 the
790 1746 57 19 noise
858 1745 4 26 ;
886 1746 48 25 they

496 1773 89 20 succeed
595 1774 21 18 in
632 1772 70 26 partly
712 1772 87 25 effacing
809 1772 35 20 the
862 1772 71 23 bloody

498 1800 62 19 stains
573 1798 3 27 ;
593 1799 36 20 but
641 1806 11 13 a
662 1798 55 21 little
731 1798 51 20 later
802 1798 21 20 in
834 1799 34 19 tho
887 1799 45 26 day,

499 1826 34 19 tbe
554 1826 58 19 other
627 1825 127 20 inhabitants
768 1825 21 19 of
808 1825 35 20 the
865 1825 69 24 house,

499 1852 74 26 sitting
597 1853 57 19 down
674 1852 21 19 in
709 1853 66 18 terror
785 1854 20 16 to
825 1853 33 19 eat
880 1852 44 20 then-

498 1879 87 26 evening
608 1878 53 21 meal
681 1878 64 19 under
759 1877 35 21 the
818 1878 116 26 projecting

499 1912 63 18 eaves,
585 1905 100 25 suddenly
703 1905 89 19 discover
805 1905 62 19 blood
886 1905 36 20 bub-

499 1932 55 25 bling
573 1939 28 18 up
616 1932 21 20 in
656 1938 11 13 a
688 1931 142 25 pond—blood
855 1931 79 26 flowing

497 1959 53 19 from
559 1959 34 19 the
602 1958 39 20 loft
642 1958 86 20 —blood
743 1957 93 26 covering
846 1957 28 20 all
893 1958 41 24 the;

499 1985 55 20 walls
565 1985 22 20 of
601 1985 34 19 the
655 1985 68 19 house.
751 1984 183 20 Blood—-blood—

498 2011 129 27 everywhere
637 2011 73 19 blood.'

524 2039 66 19 These
613 2040 56 23 Bpoto
689 2043 51 14 were
754 2037 76 25 merely
850 2037 67 21 mould

499 2065 34 19 the
543 2065 132 23 remarkablo,
686 2063 72 20 almost
775 2065 158 19 instantaneaus

497 2091 78 25 growth
594 2091 22 21 of
630 2090 59 25 fungi
709 2090 21 20 in
745 2097 11 13 a
776 2090 68 20 humid
860 2093 61 17 atmos-

500 2120 67 22 phere.

575 2190 41 19 AN
631 2189 88 20 ELFIN
735 2188 110 20 BUTLER.

526 2242 26 21 In
575 2242 80 21 Middle
674 2243 45 24 Age
741 2242 116 26 mythology
876 2242 56 19 there

500 2276 34 13 are
554 2275 59 19 many
624 2269 74 20 stories
717 2269 21 18 of
752 2269 54 20 elves
820 2268 71 25 taking
905 2274 27 19 up

502 2296 52 20 their
574 2296 114 19 habitation
707 2295 49 20 with
769 2298 85 22 country
872 2294 60 24 folks,

502 2323 87 20 farmers
599 2322 39 19 and
649 2322 34 19 the
691 2321 47 25 like,
749 2322 62 24 living
820 2322 48 19 with
879 2321 52 19 them

502 2350 31 19 for
553 2350 55 24 days,
620 2348 56 20 often
693 2348 71 24 weeks,
776 2350 40 17 and
832 2347 59 26 doing
906 2348 25 19 all

502 2376 59 19 kinds
583 2376 22 19 of
624 2374 111 20 household
750 2374 61 20 work.
846 2375 56 18 Hero
916 2375 15 18 is

502 2409 38 13 one
550 2402 48 20 such
608 2402 54 20 tale:

528 2430 27 19 In
574 2428 171 24 Pembrokeshire,
756 2435 24 13 an
796 2427 29 21 elf
842 2427 48 20 took
906 2434 25 20 up

502 2456 29 19 his
540 2456 64 19 abode
614 2456 22 19 in
655 2456 35 18 the
701 2455 61 20 house
777 2454 21 21 of
808 2461 37 13 one
862 2454 69 20 Eiidor

501 2482 115 26 Stakepole,
635 2482 20 20 in
666 2482 35 19 the
711 2482 52 19 form
778 2482 22 19 of
810 2488 11 13 a
836 2481 35 19 red
888 2481 43 24 boy,

502 2508 42 21 who
563 2509 64 20 called
644 2508 81 19 himself
744 2508 73 20 Simon.
853 2507 78 19 Master

502 2536 68 19 Simon
581 2536 64 25 began
664 2534 4 27 '
680 2534 140 27 impudently,'
832 2540 45 19 says
894 2540 37 13 our

500 2562 112 25 authority,
629 2562 24 25 by
671 2561 71 26 taking
757 2561 34 19 the
810 2561 49 24 keys
879 2561 51 18 from

502 2589 35 19 the
556 2589 68 19 butler
645 2588 39 20 and
699 2587 99 27 usurping
817 2587 30 19 his
869 2587 62 19 office.

501 2615 106 24 However,
619 2615 22 19 he
652 2621 40 13 was
702 2614 80 20 himself
793 2621 21 12 so
825 2614 105 25 provide/it

500 2648 13 13 a
522 2641 74 24 butler,
607 2642 47 18 that
664 2641 57 20 while
732 2641 24 19 he
775 2641 47 19 hold
832 2641 34 19 the
876 2639 55 20 office

500 2668 121 26 everything
640 2667 78 20 seemed
733 2670 21 16 to
774 2673 89 19 prosper,
898 2667 33 19 lie

500 2701 61 13 never
581 2694 73 20 waited
668 2696 22 17 to
707 2694 24 20 be
746 2694 43 19 told
800 2696 20 16 to
839 2695 25 17 do
878 2699 40 19 any-

500 2721 58 26 thing
569 2729 5 16 ;
595 2721 37 19 but
652 2721 97 19 whatever
765 2721 30 18 his
810 2722 75 17 mister
908 2726 22 12 or

500 2748 91 20 mistress
601 2754 40 13 was
659 2747 97 24 thinking
767 2747 21 19 of
798 2747 75 23 calling
892 2745 38 24 foi,

500 2773 24 21 he
547 2774 89 25 brought
654 2774 15 19 it
690 2773 141 25 immediately,
853 2772 77 27 Baying,

500 2802 5 9 '
516 2801 47 19 You
573 2803 54 17 want
637 2807 22 13 so
669 2801 38 19 and
718 2808 22 12 so
750 2799 4 26 ;
770 2800 47 20 here
828 2800 15 18 it
853 2799 30 20 is.'

526 2828 112 23 Moreover,
657 2827 23 19 he
690 2825 57 21 knew
762 2827 27 19 all
799 2827 63 19 about
878 2825 52 20 their

500 2860 72 19 money
588 2854 39 19 and
638 2854 53 19 their
706 2855 64 17 secret
788 2853 74 19 hoards
871 2860 5 17 ;
891 2853 39 18 and

500 2882 56 19 often
575 2881 35 19 did
627 2880 27 20 he
670 2879 86 26 upbraid
771 2879 55 20 them
845 2885 26 13 on
887 2878 44 20 that

500 2909 92 22 account,
611 2907 33 19 for
663 2907 25 18 he
702 2906 59 20 haled
777 2905 85 25 nothing
877 2911 54 13 more

500 2936 49 18 than
561 2933 77 20 avarice
650 2932 4 25 ;
669 2933 39 19 and
723 2933 24 19 he
763 2933 58 19 could
831 2936 37 16 not
885 2932 45 19 bear

500 2962 21 18 to
541 2967 33 13 Bee
584 2967 71 18 money
666 2959 40 19 laid
717 2966 27 18 up
758 2960 21 19 in
795 2958 55 20 holes
868 2958 62 20 which

501 2986 64 26 might
589 2987 23 19 be
635 2986 106 26 employed
763 2986 21 20 in
812 2984 51 27 good
891 2984 40 20 and

500 3013 111 19 charitable
622 3020 51 12 uses.

527 3040 64 20 There
601 3047 40 13 was
650 3039 92 25 nothing,
752 3046 24 13 on
785 3039 35 19 the
830 3039 100 24 contrary,

502 3066 23 20 he
535 3067 55 19 liked
600 3067 66 19 better
683 3066 49 19 than
742 3066 68 25 giving
820 3065 70 26 plenty
910 3068 20 15 to

501 3096 33 17 eat
544 3093 40 20 and
594 3093 61 19 drink
669 3095 21 17 to
701 3093 34 19 the
744 3093 75 19 rustics
831 3091 4 25 ;
849 3097 39 15 ana
908 3091 23 19 he

502 3120 49 19 used
570 3122 21 17 to
605 3120 36 20 tell
660 3119 31 19 his
706 3121 74 17 master
797 3119 45 19 that
861 3119 17 18 it
892 3124 39 13 was

502 3146 55 25 right
575 3145 11 26 h
597 3145 11 26 6
619 3145 64 26 Bbould
693 3146 24 19 be
731 3147 44 18 free
784 3145 21 20 in
823 3145 69 26 giving
911 3145 20 18 to

502 3173 56 19 them
576 3173 58 19 those
650 3173 68 24 things
738 3171 69 25 which,
832 3173 25 24 by
880 3171 51 19 their

504 3199 85 26 labours,
600 3199 22 19 he
630 3199 80 19 himself
720 3199 101 19 obtained,
850 3197 81 23 indeed,

503 3226 67 19 Simon
582 3232 40 13 was
633 3232 25 13 an
677 3226 98 19 excellent
786 3227 94 22 servant;
895 3224 34 19 but

504 3252 23 19 he
540 3253 37 19 had
589 3259 38 13 cue
638 3252 123 25 failing—he
770 3258 61 14 never
850 3253 51 17 went
911 3253 20 17 to

502 3279 80 23 church,
594 3280 39 18 and
644 3279 24 19 he
678 3286 59 12 never
747 3278 82 20 uttered
838 3284 12 13 a
869 3277 62 25 single

504 3305 4 20 '
520 3306 92 19 Catholic
622 3305 66 19 word.'

529 3332 43 19 One
581 3331 127 20 remarkable
726 3331 59 25 thing
795 3337 40 13 was
853 3331 45 19 that
907 3330 26 19 ho

501 3364 62 13 never
578 3358 52 25 slept
653 3358 21 19 in
694 3357 35 20 the
750 3358 63 19 house
832 3359 21 17 at
865 3357 66 25 night,

503 3384 79 26 though
592 3384 26 19 ho
636 3390 40 13 was
686 3384 74 24 always
778 3387 21 16 at
813 3384 31 18 his
851 3389 45 20 post
907 3384 26 25 by

502 3410 110 26 daybreak.
640 3411 60 23 Once,
723 3410 97 24 however,
844 3410 26 19 he
892 3417 41 12 was

503 3437 97 23 watched,
620 3436 40 19 and
673 3436 65 19 found
751 3438 20 17 to
789 3438 46 17 take
856 3443 27 19 up
901 3436 32 19 his

502 3462 86 26 lodging
604 3462 61 20 about
678 3462 34 19 the
728 3462 43 19 mill
789 3462 38 19 and
838 3463 34 18 the
881 3463 42 18 mill-

502 3489 53 20 dam.
583 3489 42 19 The
635 3491 49 17 next
697 3489 94 25 morning
800 3489 69 19 Simon
879 3495 54 13 came

502 3517 20 17 to
540 3515 33 20 his
586 3517 80 21 master,
682 3514 101 20 delivered
798 3521 28 19 up
835 3514 32 20 his
877 3515 55 25 keys,

504 3541 40 20 and
553 3542 39 19 left
600 3541 35 20 the
653 3542 69 22 house,
734 3541 51 19 after
794 3541 77 25 having

503 3568 34 19 the
559 3572 46 21 post
623 3568 22 19 of
658 3567 68 20 butler
747 3568 32 18 for
795 3567 63 20 about
879 3568 54 25 forty

502 3594 56 25 days.

527 3668 14 19 j*
547 3675 14 13 1
571 3674 28 20 up
609 3669 84 24 country
701 3668 127 20 horseowner
846 3667 88 25 recently

503 3694 64 20 called
575 3695 22 18 in
607 3701 12 13 a
624 3695 114 24 veterinary
757 3700 86 19 surgeon
861 3695 21 18 to
900 3700 23 13 ex-

502 3720 67 20 amine
578 3720 32 19 his
620 3721 64 23 moke,
700 3719 64 21 which
774 3726 41 13 was
824 3720 21 18 in
864 3726 12 13 a
893 3719 41 20 bad

503 3753 51 18 way.
668 3744 55 22 what
733 3746 17 19 is
759 3746 34 19 the
802 3747 74 18 matter
884 3746 50 19 with

503 3779 51 19 your
563 3773 65 23 horse,
640 3778 34 18 my
692 3778 48 13 man
788 3772 94 25 inquired
898 3772 36 19 the

503 3802 39 16 vet.
654 3799 25 18 do
698 3798 66 26 cough
780 3798 88 24 terrible,

581 3831 27 14 an
630 3824 119 19 undoubted
771 3831 44 13 case
837 3824 23 19 of
877 3824 55 19 nasal

729 3850 39 19 I'm
903 3857 21 12 re-

502 3878 83 19 marked
598 3877 35 19 the
652 3876 126 19 horseowner
795 3876 21 19 in
835 3876 88 19 astonish-

502 3906 61 21 ment,
599 3903 11 19 I
620 3902 113 20 knowedas
742 3902 25 19 he
776 3902 59 19 made
844 3909 13 12 a
866 3903 54 18 noise
929 3902 4 25 ;

502 3930 38 19 but
550 3930 12 19 I
571 3929 65 20 didn't
652 3928 60 20 know
730 3934 22 13 as
769 3928 44 19 how
832 3928 26 19 he
875 3928 59 19 could

503 3956 49 25 play
561 3956 34 19 the
605 3954 104 26 blooming
719 3954 74 26 guitar.

1107 81 124 19 CHITRAL.

983 132 44 19 The
1048 132 104 25 following
1181 134 77 17 extract
1280 132 52 19 from
1354 132 34 19 the

958 157 65 19 Times
1033 157 74 21 throws
1117 164 12 13 a
1138 158 53 24 good
1194 158 46 19 deal
1245 158 22 19 of
1272 158 53 24 light
1335 164 53 18 upon

958 184 34 17 the
1001 184 161 24 recentquarrcis
1170 190 74 18 among
1252 178 136 25 themembeis

957 210 21 17 of
1001 212 34 15 tiie
1057 210 93 24 reigning
1173 209 72 25 family
1257 210 21 17 of
1296 208 90 26 Gb'.tral:

957 234 4 21 '
970 234 43 20 The
1022 235 61 20 death
1100 235 21 20 of
1140 235 34 19 the
1187 236 82 18 Mehtar
1283 234 66 20 Ainan
1368 234 20 20 v\

957 259 59 20 Mulk
1025 262 21 18 in
1059 262 123 24 September,
1204 263 56 21 ISD2,
1281 261 63 19 ended
1354 261 34 18 the

957 289 51 16 state
1018 288 21 18 of
1048 287 68 25 things
1131 288 45 18 that,
1185 288 25 18 he
1221 287 41 19 had
1272 287 79 18 created
1363 287 24 24 by

957 319 12 11 a
991 312 95 25 vigorous
1112 313 98 19 assertion
1241 313 21 19 of
1284 312 103 25 authority

957 337 74 26 during
1053 346 12 11 a
1087 339 70 24 period
1175 339 21 19 of
1218 341 21 16 10
1261 344 65 19 years.
1353 337 34 19 Ho

956 364 69 18 united
1039 365 68 24 Upper
1124 367 41 17 and
1178 366 71 18 Lower
1258 364 77 19 (Jhitrai
1344 364 43 18 into

956 395 12 13 a
977 389 66 25 single
1053 391 61 23 State,
1126 390 25 20 he
1170 389 93 26 disposed
1281 391 21 18 cf
1355 390 32 18 his

955 415 61 19 rivals
1039 416 21 19 in
1074 422 52 19 open
1147 417 63 23 strife,
1235 422 22 13 or
1278 415 27 25 by
1327 415 59 20 silent

955 441 95 25 intrigue,
1068 442 40 19 and
1118 442 48 19 with
1176 448 12 13 a
1206 441 127 20 statesman's
1343 448 41 18 eye,

955 466 25 19 he
1003 473 41 14 saw
1062 468 81 19 whence
1161 469 25 18 ho
1200 468 58 19 could
1272 468 68 19 derive
1355 468 30 17 his

954 495 66 17 surest
1029 499 86 14 revenue
1126 494 25 25 by
1161 495 79 24 coming
1256 495 20 17 to
1294 496 62 16 terms
1364 493 22 18 in

956 520 49 17 IiSoG
1016 520 48 18 with
1074 520 34 18 the
1117 520 123 25 Maharajah
1250 520 21 18 of
1280 519 103 23 Kashmir,

954 545 41 18 and
1003 545 29 18 inc
1033 545 3 25 l
1041 545 3 25 ;
1046 546 63 24 rectly
1118 546 50 19 with
1182 552 38 13 our
1237 552 45 13 own
1296 546 76 19 Govern-

953 572 62 17 ment.
1042 572 66 19 Amau
1117 572 22 18 ul
1152 572 59 19 Mulk
1226 572 58 18 ruled
1298 572 52 18 until
1359 571 25 18 ho

954 603 41 12 was
1012 597 139 25 considerably
1161 604 47 13 over
1217 598 30 23 70,
1259 596 38 20 but
1305 597 80 19 neither

954 628 37 19 age
1001 629 37 13 nor
1044 624 115 25 reputation
1166 624 59 19 could
1234 626 56 17 avert
1297 623 34 19 the
1340 624 44 18 face

953 650 21 16 of
992 649 31 18 his
1043 652 106 17 ancestors.
1177 650 25 18 In
1216 650 34 18 the
1264 651 85 17 autumn
1363 649 21 19 of

955 675 49 17 1802
1013 675 26 19 ho
1048 675 99 26 suddenly
1153 676 61 25 expin
1223 676 18 18 i.
1269 675 21 19 It
1299 681 85 20 appears

952 701 75 18 certain
1046 701 45 19 that
1103 701 26 20 he
1143 708 40 13 was
1197 702 101 25 poisoned,
1312 704 35 16 but
1357 701 27 25 by

953 726 65 19 whom
1031 727 17 18 is
1071 727 41 19 still
1131 727 100 20 doubtful.
1260 727 40 19 His
1323 727 61 19 doath

952 758 51 19 gave
1025 753 40 19 riso
1088 755 20 17 to
1130 754 88 19 internal
1236 753 89 19 troubles
1339 753 45 19 that

952 779 66 24 might
1036 779 45 19 well
1089 779 51 19 have
1157 780 103 19 disturbed
1276 780 34 18 the
1319 779 64 19 whole

952 805 90 18 frontier.
1070 806 40 18 Out
1119 807 21 17 of
1149 806 33 18 his
1192 808 23 16 70
1228 806 89 18 children
1328 805 55 19 three

952 836 46 13 sens
1021 831 94 25 occupied
1138 833 115 24 prominent
1279 831 103 26 positions.

952 856 40 19 His
1014 857 69 23 eldest,
1107 857 73 20 Nizam
1211 859 21 18 ul
1259 857 65 24 Mulk,
1348 857 35 19 the

951 882 81 19 Mehtar
1046 883 43 25 just
1098 884 112 24 murdered,
1222 890 40 14 was
1281 885 102 18 Governor

951 909 21 18 of
981 908 84 26 Mastuj,
1077 909 37 20 but
1126 911 56 18 when
1191 911 26 18 ho
1226 910 64 20 found
1298 910 44 19 that
1351 910 32 19 his

951 935 112 19 succession
1081 936 67 19 would
1162 937 25 19 be
1196 936 95 26 disputed
1304 936 26 19 he
1343 936 40 19 iled

952 966 19 14 to
981 961 70 25 Gdgit.
1080 961 39 20 His
1135 964 48 17 next
1193 962 88 24 brother,
1291 962 61 19 Afzul
1362 962 21 19 ul

950 986 66 25 Mulk,
1027 987 45 20 who
1081 986 108 28 happened
1196 990 21 17 to
1227 989 24 18 bo
1268 995 20 13 at
1298 988 82 24 (Jhitrai,

951 1013 40 18 and
1001 1013 44 19 who
1055 1019 41 14 was
1109 1014 99 25 probably
1218 1015 34 18 the
1261 1015 91 25 prisoner
1362 1009 20 24 oi

950 1039 32 19 his
999 1038 72 25 father,
1104 1041 66 18 soized
1194 1041 35 19 tho
1247 1047 69 19 power
1342 1041 41 19 aud

952 1071 38 13 was
1000 1065 121 25 proclaimed
1130 1066 85 20 Mehtar.
1243 1068 40 17 His
1292 1068 90 24 triumph

951 1097 40 13 was
1014 1091 58 24 brief,
1097 1092 99 25 although
1210 1093 34 18 tho
1262 1099 42 20 per.'
1306 1092 5 13 1
1312 1091 2 28 ,
1328 1099 54 13 came

949 1118 54 18 from
1025 1123 26 13 an
1074 1119 125 24 unexpected
1224 1121 88 23 quarter.
1348 1119 34 19 He

950 1143 107 19 murderod
1077 1144 32 19 his
1123 1151 92 19 younger
1231 1144 86 26 brother,
1337 1146 45 19 who

950 1170 58 18 alone
1026 1170 79 19 seemed
1123 1171 114 25 dangerous
1254 1174 20 16 at
1297 1172 83 24 (Jhitrai,

951 1195 58 19 when
1016 1202 27 13 an
1056 1197 58 18 undo
1128 1198 21 18 of
1166 1198 38 23 his,
1220 1198 63 18 Shero
1291 1198 68 24 Afzul,
1370 1205 12 12 a

950 1222 82 18 brother
1046 1223 21 18 of
1084 1222 35 20 the
1133 1224 121 18 formidable
1276 1224 66 19 Amau
1361 1224 21 19 ul

950 1248 65 23 Mtdk,
1032 1248 59 19 made
1109 1255 12 13 a
1140 1250 80 18 descent
1234 1256 25 12 on
1273 1250 34 19 the
1326 1250 56 26 place

949 1275 53 17 from
1011 1274 124 20 Badakshan
1142 1278 20 16 at
1170 1276 34 18 the
1213 1275 54 20 head
1276 1277 21 18 of
1306 1283 12 13 a
1330 1277 52 19 band

950 1301 20 18 of
990 1300 85 25 Afghan
1102 1301 40 19 and
1164 1303 58 18 other
1244 1302 137 20 adventurers.

950 1326 61 19 Afzul
1020 1327 23 18 ul
1051 1326 59 20 Mulk
1121 1334 40 13 was
1180 1328 63 19 taken
1257 1329 27 25 by
1293 1335 89 20 surprise

950 1353 40 19 and
1012 1352 46 20 shot
1081 1356 21 16 at
1117 1353 35 20 tho
1166 1357 47 22 gate
1229 1355 22 18 of
1264 1355 31 19 his
1314 1356 67 18 castle.

950 1379 40 19 and
1010 1379 17 19 it
1037 1379 71 20 locked
1118 1386 22 13 as
1155 1381 16 18 it
1185 1382 62 18 Shere
1265 1382 63 18 Afzul
1343 1388 39 14 was

951 1405 76 19 certain
1051 1408 21 16 to
1097 1407 97 19 maiutaiu
1217 1407 29 19 bis
1270 1409 111 25 authority.

951 1433 47 18 This
1010 1435 64 16 result
1085 1433 69 24 might,
1166 1435 93 24 perhaps,
1272 1435 49 19 have
1332 1437 48 17 been

952 1459 131 19 unfavorable
1106 1463 22 15 to
1151 1462 34 17 the
1213 1461 66 26 policy
1302 1461 22 19 of
1347 1462 35 19 the

951 1485 74 19 ludian
1034 1486 170 25 Government,as
1211 1490 25 16 bo
1244 1488 136 26 undouutodly

952 1511 71 20 looked
1039 1514 21 17 to
1069 1511 78 26 Kabul,
1161 1513 68 19 rather
1240 1514 49 19 than
1299 1516 22 18 to
1337 1517 34 18 Cal-

950 1541 65 21 cutta,
1034 1538 33 19 for
1081 1544 87 18 support
1179 1538 4 27 ;
1200 1539 37 21 but
1255 1541 33 19 the
1306 1548 75 17 energy

952 1566 38 18 aud
1011 1565 116 19 new-found
1142 1572 86 19 courage
1238 1567 21 19 of
1270 1568 71 19 Nizam
1362 1566 18 22 til

956 1590 57 22 Mulk
1024 1597 48 14 soon
1083 1593 67 18 solved
1161 1593 36 19 tho
1216 1593 105 27 difficulty.
1349 1595 33 20 He

953 1618 37 19 had
1002 1618 38 19 fled
1050 1621 21 16 at
1081 1618 35 19 tho
1124 1619 46 19 first
1180 1619 55 26 sight
1244 1621 21 19 of
1276 1624 75 23 danger
1361 1624 21 17 to

954 1644 70 27 Gilgit,
1046 1646 35 19 but
1095 1645 18 19 it
1133 1651 39 14 was
1194 1647 101 24 prudence
1320 1648 62 20 which

952 1673 73 24 guided
1036 1671 29 20 his
1085 1671 63 27 flight,
1177 1674 63 18 After
1251 1674 34 20 the
1302 1678 80 17 murder

952 1698 21 19 of
983 1698 32 19 his
1035 1698 81 20 brother
1136 1700 39 18 and
1186 1699 34 20 the
1230 1701 153 21 establishment

954 1725 21 19 of
985 1726 34 18 the
1029 1731 85 19 usurper
1125 1727 61 19 Shere
1196 1727 69 25 Afzul,
1278 1728 73 20 Nizain
1363 1732 19 16 ul

954 1751 59 20 Mulk
1023 1753 65 18 raised
1098 1758 11 13 a
1124 1753 58 19 small
1194 1753 35 20 but
1248 1756 133 19 trustworthy

953 1779 55 19 force
1024 1779 22 18 of
1056 1779 87 19 Puuuial
1157 1781 39 18 and
1207 1782 76 19 Hunza
1297 1783 86 25 lighting

954 1811 50 19 men,
1015 1805 38 19 and
1064 1805 21 20 in
1097 1807 95 24 (Jctober,
1203 1809 58 23 .lb!)2,
1272 1810 110 24 pioceeded

954 1839 20 13 to
985 1832 78 19 (Jhitrai
1084 1832 49 19 with
1143 1833 35 19 the
1193 1835 68 25 object
1272 1836 20 18 of
1310 1840 73 22 testing

954 1859 90 19 whether
1063 1858 23 20 he
1100 1866 23 12 or
1146 1860 29 19 his
1190 1863 59 17 uncle
1268 1862 72 20 should
1361 1865 23 19 be

955 1885 87 20 Mehtar.
1070 1886 63 19 Where
1142 1887 61 19 Afzul
1215 1889 55 19 made
1289 1891 48 24 only
1348 1891 36 19 but

954 1919 11 13 a
988 1912 89 20 nominal
1100 1912 117 26 resistance,
1247 1915 41 20 and
1310 1918 74 24 sought

954 1939 66 25 safety
1030 1945 20 13 in
1058 1939 65 25 flight.
1151 1939 33 20 He
1195 1942 63 20 threw
1269 1943 80 20 himself
1359 1951 25 12 on

955 1966 34 19 the
998 1967 111 25 protection
1121 1965 22 20 of
1151 1967 34 19 the
1196 1969 80 20 Ameer'
1287 1970 26 25 by
1321 1971 63 19 whom

955 1993 24 19 he
1002 1992 17 20 is
1043 1992 43 19 still
1108 1992 50 25 kept
1181 1993 21 20 in
1225 1996 45 18 safe
1292 1998 92 25 custody.

956 2019 80 20 Within
1053 2025 10 12 a
1074 2019 38 19 few
1124 2020 65 20 weeks
1204 2022 73 19 Nizam
1288 2023 20 19 ul
1323 2024 61 20 Mulk

955 2053 39 12 was
1013 2048 74 17 master
1102 2046 21 19 of
1140 2047 35 19 the
1189 2048 65 20 whole
1264 2049 21 19 of
1300 2050 84 25 Chitral,

952 2072 45 26 just
1006 2078 22 13 as
1038 2072 30 19 his
1078 2072 69 19 father
1161 2076 66 18 Amau
1238 2076 19 18 ul
1269 2076 59 19 Mulk
1344 2077 38 19 had

954 2101 56 19 been,
1029 2099 38 18 and
1077 2098 55 19 until
1146 2099 31 20 his
1188 2102 147 20 assassination
1353 2104 30 19 his

956 2124 103 25 authority
1083 2124 38 20 had
1143 2129 39 17 not
1208 2127 50 21 been
1282 2129 101 25 disputed.

954 2152 69 19 Nizam
1034 2152 21 18 ul
1065 2151 67 24 Mulk,
1149 2153 41 20 who
1201 2160 40 14 was
1253 2155 49 19 born
1319 2162 21 13 in
1350 2157 34 19 the

951 2185 49 19 year
1023 2179 57 23 1800,
1105 2184 40 14 was
1173 2181 108 20 convinced
1304 2182 22 19 of
1349 2183 35 21 the

954 2205 80 20 wisdom
1044 2204 22 19 of
1077 2206 34 18 the
1126 2205 65 27 policy
1208 2207 63 21 which
1288 2209 93 21 attached

952 2232 40 19 him
1012 2233 20 18 to
1043 2232 34 19 the
1091 2232 79 20 British
1186 2233 38 26 raj.
1252 2235 81 26 During
1353 2236 29 20 his

952 2265 56 19 reign
1018 2258 21 19 of
1050 2258 52 19 little
1113 2265 53 14 more
1177 2259 49 20 than
1237 2263 40 17 two
1290 2268 57 19 years
1359 2264 23 19 he

953 2287 37 17 had
1011 2284 58 26 given
1084 2284 105 22 increased
1204 2287 93 26 stability
1313 2292 20 16 to
1347 2291 35 19 the

952 2312 89 25 friendly
1064 2311 162 27 understanding
1258 2316 79 19 arrived
1361 2321 21 16 at

953 2338 46 19 with
1023 2339 30 18 his
1071 2338 74 24 father,
1160 2340 39 19 and
1220 2341 34 19 the
1278 2346 52 16 most
1347 2350 23 13 en-

952 2366 108 24 couraging
1079 2364 59 21 views
1154 2373 52 13 were
1221 2367 44 20 held
1277 2375 21 13 as
1316 2373 20 16 to
1351 2370 30 20 bis

952 2392 70 26 hearty
1042 2393 138 24 co-operation
1194 2393 48 20 with
1262 2401 23 13 us
1299 2402 20 13 in
1342 2404 38 19 any

952 2418 98 20 scientific
1069 2426 20 12 or
1101 2420 58 19 other
1175 2420 115 26 operations
1305 2429 26 13 on
1346 2425 34 19 the

952 2445 71 20 Hindu
1040 2445 65 20 Kush.
1133 2446 43 19 The
1185 2447 77 20 sudden
1283 2451 85 19 termina-

952 2475 42 16 tion
1004 2472 21 18 of
1037 2472 30 19 his
1082 2474 110 24 promising
1203 2480 69 14 career
1282 2476 15 18 is
1315 2477 55 19 there-

952 2498 42 19 fore
1017 2505 11 12 a
1048 2503 51 14 most
1113 2501 113 23 regulable
1245 2505 60 17 event
1316 2498 4 29 ;
1341 2506 38 18 and

950 2531 50 13 even
1009 2524 17 20 if
1037 2525 29 20 his
1086 2529 106 22 murderer,
1204 2529 56 19 Amir
1276 2529 20 20 ul
1312 2531 66 24 Mulk,

951 2551 71 20 should
1043 2552 22 19 be
1084 2553 94 25 disposod
1193 2558 20 16 to
1233 2557 95 19 coulinue
1349 2557 31 20 his

952 2578 70 25 policy,
1039 2578 18 19 it
1067 2578 40 20 will
1117 2583 36 16 not
1168 2581 24 19 be
1201 2588 46 19 easy
1258 2582 32 20 for
1301 2583 39 19 him
1358 2587 21 16 to

951 2604 98 20 establish
1056 2606 47 19 with
1114 2613 23 12 us
1144 2613 39 21 any
1192 2609 75 19 cordial
1277 2611 102 19 relations.

950 2632 29 17 At
989 2631 34 19 the
1043 2638 81 18 piesent
1134 2634 56 19 crisis
1208 2635 16 19 it
1234 2636 16 18 is
1265 2636 114 26 impossible

951 2662 21 15 to
991 2664 35 20 say
1037 2658 42 19 who
1090 2660 64 19 would
1171 2661 22 19 be
1203 2662 35 19 tho
1256 2663 43 19 best
1312 2664 55 19 candi-

950 2684 47 19 date
1006 2687 33 16 tor
1050 2685 33 19 the
1093 2685 140 28 Mebtarship.'

958 2741 75 26 .Why
1052 2741 30 21 his
1090 2742 45 21 face
1149 2750 39 14 was
1207 2746 102 20 red.—An
1325 2747 53 21 Irish

949 2768 57 25 piper
1017 2768 42 20 who
1069 2776 45 13 now
1134 2771 38 19 and
1183 2771 49 21 then
1243 2775 96 24 indulged
1360 2775 19 19 in

950 2801 11 13 a
979 2795 54 23 glass
1045 2797 33 18 too
1095 2797 58 19 much
1165 2805 38 12 was
1217 2804 92 16 accosted
1329 2801 25 24 by
1369 2808 10 12 a

949 2821 115 25 gentleman
1086 2823 48 19 with
1155 2821 3 28 '
1168 2824 45 25 Pat,
1240 2827 52 19 what
1313 2830 66 17 make*,

949 2854 52 19 your
1023 2849 45 19 face
1090 2855 21 13 Sj
1137 2853 34 17 red
1182 2851 16 20 ?'
1241 2849 4 31 '
1257 2853 64 26 Piase,
1344 2861 35 19 yer

951 2877 81 22 honour,
1043 2875 11 19 1
1064 2875 73 27 always
1150 2878 56 19 blush
1217 2879 56 20 when
1287 2881 10 18 1
1308 2884 71 22 spates

951 2904 19 15 to
980 2900 121 25 gintiemeu.'

975 2934 80 27 Among
1064 2936 35 19 the
1108 2938 80 20 various
1203 2940 80 20 articles
1292 2941 77 26 forming-

948 2963 47 23 part
1004 2961 20 19 of
1037 2962 33 19 the
1088 2965 112 20 succession
1213 2968 22 17 of
1253 2968 34 18 the
1301 2968 79 19 famous

949 2987 68 20 Dutch
1035 2988 109 26 physician,
1155 2990 30 21 Dp
1194 2992 110 26 Boerliave,
1324 2994 56 19 there

949 3020 41 13 was
1010 3020 12 12 a
1036 3015 96 27 carefully
1151 3020 94 24 wrapped
1260 3020 39 19 and
1314 3020 66 19 sealed

949 3039 73 26 packet
1031 3040 84 27 bearing
1129 3042 40 21 this
1179 3044 117 26 inscription
1305 3039 4 31 :
1327 3039 4 31 '
1338 3047 42 19 The

949 3065 48 26 only
1007 3067 39 19 and
1061 3072 52 15 most
1130 3070 101 25 profound
1245 3073 105 23 mysteries
1360 3074 20 18 of

949 3092 35 19 the
1002 3093 85 19 medical
1110 3096 125 24 profession.'
1264 3098 68 20 When
1348 3099 32 20 his

949 3118 77 25 library
1036 3126 40 12 was
1083 3121 44 19 sold
1135 3121 26 27 by
1167 3124 85 23 auction,
1264 3124 35 20 the
1308 3125 72 26 packet

951 3151 40 13 was
1014 3145 92 26 disposed
1129 3149 20 19 of
1167 3149 33 19 for
1221 3152 35 17 ten
1280 3151 100 20 thousand

950 3171 75 19 tiorins.
1066 3172 42 20 The
1130 3175 108 24 purchaser
1270 3178 48 19 took
1347 3178 33 19 the

951 3197 67 25 parcel
1027 3198 58 20 homo
1103 3201 39 18 and
1152 3202 77 24 opened
1238 3203 17 19 it
1263 3203 22 19 in
1294 3204 86 19 feverish

951 3225 64 18 haste.
1043 3225 58 19 After
1116 3228 108 26 unfolding
1246 3236 27 13 an
1287 3230 93 20 immense

951 3249 87 20 number
1060 3252 21 17 of
1111 3254 121 26 wrappings,
1256 3256 26 19 ho
1304 3256 76 27 lighted

952 3283 55 18 upon
1016 3283 12 12 a
1037 3276 55 20 sheet
1101 3278 20 20 of
1130 3286 63 19 paper
1200 3282 117 26 containing
1326 3284 54 19 iheso

952 3303 69 23 words,
1044 3303 4 32 '
1056 3303 57 27 Keep
1135 3312 51 18 your
1199 3307 54 19 head
1268 3311 48 22 cool,
1332 3317 48 18 your

951 3329 46 18 feet
1007 3335 67 19 warm,
1087 3330 24 19 be
1120 3333 84 24 regular
1217 3334 22 19 in
1254 3341 52 18 your
1315 3336 65 21 habits

953 3355 40 19 and
1002 3361 41 19 you
1052 3362 45 19 may
1107 3357 47 24 defy
1168 3359 34 19 the
1212 3359 91 21 doctors.'

978 3393 197 30 Precept.—Loving
1185 3398 81 21 Mother
1286 3401 28 25 (to
1329 3402 41 25 glut-

952 3422 72 17 tonous
1034 3421 44 25 son)
1089 3429 5 12 ;
1112 3421 4 31 '
1124 3422 12 20 I
1146 3424 55 19 don't
1211 3425 59 21 think
1279 3434 40 18 you
1329 3431 53 17 want

951 3452 41 18 any
1001 3452 59 18 more,
1072 3448 68 25 really,
1149 3450 54 19 dear.
1230 3451 48 21 You
1288 3454 59 19 won't
1357 3454 25 19 be

952 3472 46 19 ablo
1016 3474 21 17 to
1055 3476 32 16 eat
1105 3474 16 19 it
1136 3475 17 20 if
1165 3476 13 19 I
1192 3477 46 25 givo
1260 3479 17 19 it
1295 3481 20 17 to
1328 3480 54 24 you.'

951 3498 97 25 Tommy:
1065 3499 49 25 'Oh,
1134 3508 40 18 yes,
1188 3504 13 18 I
1219 3504 58 26 shall,
1297 3505 84 20 mother.

952 3524 89 24 Besides,
1065 3526 54 19 what
1136 3528 38 19 has
1187 3530 68 19 father
1277 3531 40 20 told
1335 3539 31 12 me
1375 3532 7 20 ?

952 3551 68 19 Never
1028 3553 37 23 put
1075 3552 28 19 off
1112 3553 30 19 till
1155 3556 114 21 to-morrow
1279 3557 54 21 what
1341 3565 41 18 you

952 3583 37 13 can
999 3577 24 19 do
1038 3578 81 25 to-day.'

979 3617 41 20 The
1042 3617 52 20 word
1114 3618 120 23 last.—This
1249 3623 54 19 word
1322 3623 16 19 is
1361 3630 20 12 as

953 3644 58 25 great
1029 3650 12 13 a
1055 3646 145 21 contradiction
1213 3654 21 13 as
1250 3655 29 14 wo
1298 3649 48 20 have
1361 3650 19 18 in

953 3670 34 19 the
997 3670 84 25 English
1100 3671 102 27 language.
1230 3674 42 19 The
1282 3675 44 25 ship
1341 3682 39 13 was

953 3696 41 20 fast
1013 3696 85 21 because
1108 3698 34 20 the
1156 3699 30 20 ice
1202 3707 38 12 was
1256 3702 123 19 immovable,

956 3723 27 19 nd
1006 3722 35 20 the
1051 3723 30 19 ice
1095 3723 132 27 disappeared
1238 3727 43 20 fast
1296 3729 83 18 because

955 3752 8 16 fc
982 3756 40 12 was
1033 3749 59 20 loose.
1121 3752 19 18 A
1151 3752 56 20 clock
1221 3753 17 19 is
1256 3754 64 19 called
1338 3755 42 18 fast

953 3775 56 20 when
1028 3775 18 20 it
1055 3782 46 19 goes
1111 3777 83 25 quicker
1207 3778 49 21 than
1274 3780 55 24 time,
1343 3781 34 19 but

952 3810 12 12 a
974 3808 45 14 man
1030 3802 16 20 is
1056 3803 42 18 told
1109 3806 20 16 to
1140 3806 59 18 stand
1210 3806 42 19 fast
1263 3806 56 20 when
1331 3807 22 19 ho
1364 3807 15 19 is

952 3829 92 25 required
1051 3830 22 18 to
1080 3830 199 27 remainstationary.
1307 3833 72 25 People

952 3855 42 19 fast
1013 3855 55 19 when
1086 3855 47 26 they
1148 3857 49 21 have
1211 3858 84 26 nothing
1305 3862 21 17 to
1340 3862 39 21 eat,

952 3881 38 19 and
999 3883 33 18 eat
1042 3881 41 20 fast
1091 3885 143 25 consequently
1244 3885 54 20 tvbon
1306 3893 61 19 oppor-

954 3909 67 23 tunity
1032 3908 61 20 offers
1103 3911 21 17 to
1134 3913 38 17 eat.

1199 33 58 20 THE
1270 32 60 22 HOT
1344 32 94 22 LAKES
1455 33 183 25 CHRONICLE,
1662 33 191 25 WEDNESDAY,
1869 32 65 21 MAT
1949 33 18 24 1,
1983 32 57 24 1895,

76 4095 4 26 ,
87 4095 67 23 VisHiug
166 4100 51 16 Cards
225 4101 49 20 equal
281 4102 17 16 to
318 4100 97 21 copperplae
422 4101 40 17 done
469 4103 16 16 th

75 4119 21 16 pe
106 4117 42 16 office
154 4119 48 17 oltlus
208 4125 57 15 paper.

524 4037 209 17 RHEUMATISM.—Er
744 4038 20 16 E.
771 4037 84 17 Gtordctfs
867 4037 65 19 remedy

504 4060 59 14 \ii\j:B
580 4061 50 12 I'Aits
645 4058 17 14 in
680 4057 116 20 permanently
810 4056 59 20 curing
879 4057 45 15 llheu-

504 4077 70 19 matism,
587 4077 91 19 Lumbago,
691 4077 79 19 Sciatica,
781 4077 51 18 Gout,
843 4077 38 17 etc.,
900 4076 32 15 and

504 4097 83 15 ouobottlo
594 4097 52 19 gives,
653 4097 54 15 relief.
728 4096 52 18 Price,
789 4097 32 18 10s,
827 4097 39 17 post
872 4096 41 16 free.

504 4115 20 16 \V
543 4116 21 15 Cr
571 4119 53 14 wijx
636 4116 72 17 I\OBox
718 4116 29 15 234
759 4115 114 16 .Drnedin.—

975 3969 104 14 rurolilood
1092 3972 13 11 is
1113 3969 28 14 the
1149 3970 53 14 secret
1214 3970 18 14 of
1243 3969 109 16 health.—Dr
1366 3970 14 15 E

953 3986 83 16 Gordon's
1046 3986 75 17 BLOOD
1133 3988 63 15 PILLS
1206 3989 65 16 cle»use
1286 3990 28 15 the
1321 3991 59 17 system

953 4006 16 15 of
976 4007 24 15 all
1008 4007 64 18 impure
1082 4007 54 19 Wood,
1150 4012 39 11 cure
1199 4008 110 20 Indigestion,
1322 4009 49 17 Const-

953 4026 63 19 pation,
1028 4025 49 17 Liver
1089 4026 99 21 Complaint,
1203 4028 52 16 Pains-
1266 4029 17 16 in
1293 4029 44 17 hack
1349 4031 31 15 and

955 4045 45 16 sides
1023 4045 106 20 Biliousness,
1151 4047 38 16 Sick
1201 4048 101 20 Headache;
1323 4055 57 11 remov

953 4064 77 20 pimi)les,
1045 4064 81 21 Scrofula,
1134 4064 69 23 Scuta/,
1209 4068 32 17 eot
1262 4068 55 21 Large
1328 4070 38 19 box,
1373 4071 7 13 (j

953 4089 26 11 wo
987 4085 55 19 boxes,
1063 4085 36 20 10s;
1110 4086 38 18 post
1158 4087 36 16 free
1220 4087 16 16 J.
1300 4089 80 16 Clayton

953 4104 34 16 box
997 4104 29 16 231
1044 4104 77 16 Duucdiu

1408 94 25 24 <i
1447 84 131 38 Rotoiti
1629 84 170 38 Sawmill.
1814 98 26 23 *►

1893 115 31 30 J.
1948 114 38 30 H,
2009 112 178 31 BUCHAN
2223 112 37 38 N,

1417 160 129 23 WJHiTE
1566 159 62 20 AND
1650 159 58 22 RED
1729 159 65 21 PINE
1818 150 35 28 of'
1899 161 118 22 STONE
2033 159 216 22 MERCHANT.

1428 180 33 24 -V
1503 187 36 20 the
1548 186 61 21 Sneat
1628 187 78 18 oualitv
1725 187 41 19 as£
1783 190 68 15 eare-'
1955 194 224 10 MT.miom?Tn«,.i

1407 212 51 25 fully
1470 216 41 17 cut.

1580 240 80 20 ALSO
1753 260 16 5 _
1790 258 41 7 __,
1859 247 105 18 st.atuarV)
1985 244 144 19 Monumental
2150 242 38 19 aed
2208 242 87 19 General

1408 261 97 25 MATAI,
1536 261 136 20 PLKATBA
1688 261 39 19 and
1753 259 86 20 TAWA
1859 253 12 13 3
1922 253 23 12 ar
1947 253 17 15 y-
2031 265 79 18 Mason-

1406 287 99 28 Shingles,
1521 287 101 26 Pnlinges.
1643 288 70 18 Blocks
1724 287 38 20 and
1771 286 66 20 Posts.
1886 287 119 22 MARBLE
2022 287 62 19 AND
2103 285 165 20 FREESTONE

1431 330 11 21 A
1451 330 42 25 good
1511 330 77 21 assorted
1858 320 138 23 CHIMNEY
2016 318 106 25 PIECES,
2136 318 101 24 MABES,
2248 318 45 20 Etc.

1405 369 17 20 at
1433 355 27 22 the
1470 354 66 24 Timber
1545 355 42 23 Yard
1897 356 131 33 VICTORIA
2049 353 108 32 STREET
2184 353 74 35 EAST,

1949 398 251 35 AUCKLAND-

1406 437 181 27 N.B.—Special
1600 443 58 15 care
1667 435 75 22 taken
1759 436 24 19 in
1793 434 44 21 the

1486 466 147 24 seasoning.

1433 505 84 39 Prices
1546 506 24 37 a!
1592 504 104 39 Current
1719 503 87 42 Rales,

1522 585 35 19 W.
1572 583 60 21 HEN
1636 583 93 22 SHAW,

1703 609 106 24 Manager.

1471 673 93 32 H.C
1585 673 193 32 WRIGHT,

1477 721 139 20 SURGEON
1627 721 129 20 DENTIST.

1882 467 66 24 Desig
1989 464 40 19 and
2049 463 68 19 Prices
2133 462 115 20 forwarded
2267 468 25 13 on

1856 492 125 26 application
1992 492 21 17 to
2023 496 39 19 any
2071 491 48 23 part
2125 489 22 19 of
2153 489 35 19 the
2194 487 99 21 Province

1856 520 85 23 Colony.

1879 596 71 46 W.
1976 590 289 53 THOMAS,

1861 652 260 27 JIONUIttENTAE
2131 650 130 22 MAHOK.

1904 689 140 23 VICTORIA
2054 687 104 20 STREET
2168 686 74 22 EAST,

1988 722 171 23 AUCKLAND.

1452 775 118 24 (Successor
1580 776 21 17 to
1612 777 27 15 a.
1652 775 21 18 h.
1684 774 103 25 Wright),
1890 779 94 25 Orders
2004 777 28 24 in
2053 775 110 29 Marble,
2183 773 110 25 Granite

1429 826 20 6 „
1465 826 28 7 ...
1529 811 65 26 ~.7
1631 811 25 3 ~
1702 830 6 7 t
1713 806 4 31 .
1750 806 3 31 .
1803 826 13 11 ~
1856 813 50 24 and
1915 813 87 24 Stone,
2013 809 131 28 promptly
2154 807 51 25 and
2212 806 79 26 faith-

1428 827 89 19 Notifies
1527 827 46 19 that
1584 827 24 19 he
1627 833 17 13 is
1663 830 120 22 continuing
1802 827 35 19 the
1856 827 47 11 lluu
1903 827 3 25 -
1915 833 16 4 ~
1940 827 54 9 IKJIXKi
1995 830 7 10 >
2013 827 47 16 r*~
2088 830 14 11 r
2128 827 11 13 J

1401 853 93 20 business
1503 853 23 20 of
1536 860 12 13 a
1557 853 86 19 Dentist
1653 856 21 17 at
1685 854 34 20 the
1729 853 106 20 Premises,
1856 847 68 32 fully
1938 846 133 24 executed.

1401 879 229 24 SIIOKTLAND-ST.,
1646 880 87 21 assisted
1752 880 26 25 by
1796 879 40 20 Me

1402 906 32 20 W.
1446 906 26 19 H.
1484 906 107 20 Wkight.
1609 905 44 21 The
1662 906 110 27 high-class
1782 905 53 21 work
1883 906 112 31 Designs
2007 903 51 25 and
2070 902 82 33 prices
2161 901 56 24 free
2229 908 34 16 on

1400 932 22 20 of
1434 933 34 20 the
1479 934 40 18 late
1529 933 36 19 Mr
1577 933 24 17 A.
1611 933 24 19 L.
1646 933 86 26 Wrigbt
1752 932 40 20 will
1811 932 24 20 be
1988 935 167 27 application.

1401 959 87 19 adhered
1499 960 28 23 to,
1535 959 39 19 and
1585 965 40 18 any
1635 959 40 21 left
1684 959 116 21 unfinished
1811 959 24 24 by
2004 960 29 9 ■'■■'•

1404 985 37 19 hat
1453 985 118 26 gentleman
1583 985 41 19 will
1643 986 25 20 be
1684 985 113 26 completed
1808 985 26 25 by
2229 985 4 26 ■

1494 1012 35 19 the
1539 1018 42 13 new
1593 1015 148 20 management.

1469 1072 216 32 Established
1707 1082 60 19 1876-

1467 1131 95 37 John
1594 1130 36 37 J.
1661 1129 105 47 Keys,

1403 1187 119 27 Builder
1555 1185 59 27 and
1647 1184 187 33 Contractor,

1470 1221 260 29 ROTOEUA-

1427 1363 140 20 FUNERAL
1596 1362 174 20 FURNISHER.

1988 935 167 34 application.

1917 1035 99 33 GEO-
2037 1034 31 31 S.
2086 1032 144 38 WOOD,

1950 1080 80 18 EPSOM
2050 1078 142 18 AUCKLAND.

1891 1119 125 22 Builder
2030 1117 24 20 &
2065 1115 195 22 Contractors

1938 1169 158 23 ESTIMATES
2107 1167 101 21 GIVEN.

1470 1221 297 29 ROTORUA-
1880 1226 85 20 Houses
1973 1223 54 21 built
2037 1222 39 20 and
2091 1220 116 21 Furnished
2218 1220 21 20 in
2249 1226 40 19 any

1401 1258 109 19 Estimates
1528 1257 59 25 given
1602 1256 33 19 for
1646 1256 115 25 Buildings,
1772 1255 62 20 alter-
1854 1252 57 26 Style
1921 1253 22 19 at
1954 1252 71 19 lowest
2035 1249 63 19 Rates
2107 1247 33 21 for
2148 1247 60 21 Cash,

1418 1284 78 21 rations
1505 1284 39 19 and
1555 1283 77 25 repairs
1641 1283 21 18 in
1673 1282 24 21 all
1708 1281 99 21 branches
2088 1286 23 3 ~
2155 1281 4 27 ,

1557 1310 22 19 of
1589 1309 36 20 the
1632 1309 64 20 trade.
1854 1304 116 21 Furniture
1988 1302 21 20 of
2029 1308 38 18 any
2088 1302 134 24 Description
2242 1307 36 19 sup-

1907 1331 55 26 plied
1972 1331 22 18 at
2004 1329 71 19 lowest
2086 1328 65 24 prices
2161 1329 23 18 at
2202 1327 36 20 the

1973 1356 94 20 Shortest
2088 1354 81 20 Notice.

1633 1489 98 65 D-
1807 1485 91 69 S-
1974 1482 97 68 C

1402 1801 486 60 .Manufacturers
1908 1800 59 58 &
1980 1800 313 70 Importers

1406 2180 405 72 Curtains

1642 2293 291 59 S*IH3iS

1803 2383 489 84 Cretonnes,

1508 2483 483 70 Linoleums
2046 2478 119 75 <&c.

1400 3009 299 83 Tailoring
1737 3009 406 72 Dressmaking
2179 3010 109 59 and

1700 3089 304 74 .Millinery,

1553 3372 161 65 Queen
1743 3373 89 64 St.,
1872 3373 251 53 Auckland,

1877 3600 205 35 *.»l3£ft

1673 3678 348 29 TKURHNGH

1400 3711 80 41 Smith
1510 3712 49 40 and
1577 3711 114 51 Carriage
1713 3713 105 46 Works,
1849 3713 82 40 Coach
1959 3713 49 40 and
2037 3713 112 53 Waggon
2184 3714 107 53 Factory

1606 3779 215 23 ESTABLISHED
1837 3781 82 22 OVER
1935 3782 27 21 10
1976 3781 108 22 YEARS.

1418 3828 38 16 Tho
1463 3827 118 20 undersigned
1590 3832 30 11 are
1626 3827 140 18 manufacturers
1773 3830 19 16 of
1799 3829 24 17 all
1831 3830 63 17 classes
1901 3830 19 17 of
1929 3829 80 18 Vehicles
2018 3829 14 17 &
2040 3830 122 21 Agricultural
2170 3832 90 22 ImpKucj
2288 3827 2 27 .

1420 3850 36 16 Our
1465 3850 113 16 well-known
1585 3848 101 21 reputation
1693 3854 19 11 as
1719 3849 85 18 Practical
1818 3851 104 17 Meehanica
1937 3851 35 16 and
1986 3851 59 17 W.P's
2056 3854 21 15 27
2091 3859 52 14 years
2155 3855 101 21 experience
2274 3855 18 16 in

1400 3871 27 17 the
1436 3871 120 16 Australasian
1564 3870 85 19 Colonies,
1658 3871 64 21 justify
1730 3871 20 16 fis
1757 3872 18 16 in
1791 3873 84 21 claiming-
1886 3874 41 16 that
1941 3878 26 11 we
1983 3878 33 11 can
2028 3874 70 16 furnish
2112 3880 11 11 a
2139 3876 58 16 better
2211 3876 46 17 class
2275 3876 18 16 of

1400 3893 78 18 vehicles,
1486 3893 95 15 consistent
1590 3891 42 16 with
1639 3892 62 16 honest
1709 3893 47 16 work
1764 3895 19 14 at
1791 3899 9 11 a
1809 3894 75 18 cheaper
1895 3897 38 14 rate
1941 3895 42 16 than
1992 3899 35 15 any
2035 3895 18 16 of
2061 3901 32 10 our
2101 3898 119 20 competitors.

1419 3914 37 16 The
1463 3914 62 16 Public
1533 3913 36 16 will
1580 3913 35 15 find
1623 3913 15 15 it
1649 3914 17 14 to
1681 3913 45 16 their
1741 3915 99 21 advantage
1856 3918 19 14 to
1891 3916 151 17 ENCOURAGE
2060 3917 81 17 LOCAL
2159 3919 133 20 INDUSTKY,

1400 3936 54 16 where
1466 3935 41 20 they
1519 3940 32 11 can
1559 3935 44 15 havo
1609 3934 29 15 the
1644 3934 79 20 pleasure
1730 3936 18 15 i.f
1755 3937 61 21 seeing
1829 3938 95 16 fiist-class
1939 3939 80 15 material
2032 3939 34 15 and
2081 3940 131 21 workmanship
2228 3942 32 17 put
2275 3941 18 16 in

1400 3957 77 17 Vehicle.)
1484 3956 50 16 made
1543 3958 17 14 to
1569 3955 45 16 their
1621 3955 63 16 valued
1691 3956 64 18 orders.

1419 3977 152 20 N.B.—Vehiclos
1578 3977 18 16 of
1602 3976 24 17 all
1634 3977 114 21 descriptions
1757 3980 86 21 repaired,
1854 3982 79 20 painted,
1944 3982 97 16 ronovated
2049 3982 35 17 and
2100 3984 50 16 made
2167 3986 19 15 to
2201 3984 41 17 look
2260 3990 34 15 equ

1405 4005 45 12 ;i3iV.

1400 4048 203 28 WILLIAM
1622 4047 184 35 PARKER,
1827 4050 262 34 Coachbuilder.

1754 4088 142 27 JAMES
1916 4089 134 32 HAUA,
2070 4090 224 31 Blacksmith

1653 4119 149 18 DEVONPORT
1816 4120 75 21 ROAD,
1905 4121 149 18 TAURANGA.

771 4179 126 52 Ask
933 4179 322 56 Hancocks'
1284 4182 92 52 for
1401 4183 340 57 Celebrated
1771 4197 205 43 XXXX
1999 4189 144 52 Ales
2168 4188 120 52 and
2328 4193 191 55 Stout.

2345 489 70 68 E.
2455 489 270 75 HARE,

2354 619 353 47 HERBALIST,

2311 752 160 37 Medical
2510 753 234 40 Electrician.

2410 834 247 31 AUCKLAND,

2472 949 108 28 BEST

2335 1006 164 37 Electric
2525 1008 198 41 .Machines

2434 1080 58 20 FOR
2502 1081 71 20 SALE
2584 1082 36 19 AT

2343 1134 180 31 LOWEST
2551 1136 160 28 PRICES.

2362 1246 176 22 INSPECTION
2562 1247 130 21 INVITED.

2341 1354 128 24 Eromtlie
2476 1362 80 25 many
2564 1355 67 24 facts
2638 1355 36 24 all
2679 1356 70 24 must

2309 1408 99 26 believe
2432 1409 59 25 that
2520 1410 76 24 there
2619 1411 22 23 is
2666 1411 45 24 uot
2735 1418 12 17 a

2309 1463 82 33 single
2402 1463 98 26 disease
2508 1464 28 25 in
2549 1473 61 16 man
2619 1465 59 24 that
2690 1474 59 24 may

2310 1520 46 23 not
2365 1519 66 25 have
2444 1517 34 26 its
2490 1521 107 32 remedy
2610 1529 28 16 or
2648 1527 61 19 cure
2723 1520 26 25 in

2311 1584 69 18 some
2393 1574 63 27 herb
2474 1583 28 17 or
2514 1576 77 26 other
2610 1576 23 25 if
2651 1583 39 18 we
2702 1576 49 25 hut

2311 1632 76 25 knew
2410 1631 86 26 which
2519 1632 85 32 plant.
2658 1631 92 34 Thirty

2311 1686 80 36 years'
2422 1687 47 26 life
2492 1686 27 26 in
2544 1687 64 26 New
2640 1686 111 27 Zealand

2312 1745 67 24 have
2392 1745 46 24 not
2448 1743 68 26 been
2525 1743 101 26 wasted
2650 1742 28 26 in
2699 1743 52 25 this

2312 1801 110 31 respect,
2435 1806 29 18 so
2476 1808 39 17 we
2529 1799 64 25 offer
2607 1802 26 22 to
2647 1799 34 24 all
2694 1799 57 25 who

2312 1855 81 25 suffer
2404 1855 56 32 just
2473 1856 71 25 what
2557 1855 63 26 each
2634 1862 57 18 case
2712 1863 26 17 re-

2314 1911 93 32 quires.

2347 2039 56 23 Our
2416 2039 116 25 Electric
2545 2039 83 24 Baths
2641 2046 43 17 are
2707 2039 44 24 the

2313 2094 57 24 best
2388 2095 29 23 in
2440 2095 45 23 the
2516 2095 62 33 city,
2609 2102 67 17 none
2700 2093 51 25 like

2313 2149 81 26 them.
2474 2150 56 25 Our
2560 2149 115 26 Mineral
2703 2149 48 26 and

2313 2204 107 33 Vapour
2432 2205 83 25 Baths
2528 2213 44 17 are
2586 2205 54 25 also
2664 2205 27 24 of
2710 2206 41 24 the

2313 2260 57 24 first
2383 2261 81 25 order.

2348 2390 340 69 HINEMOA

2321 2657 28 21 u
2387 2664 140 33 Buying
2561 2664 37 27 in
2637 2664 111 33 Large

2314 2697 197 28 Quantities
2542 2698 16 26 I
2586 2704 56 20 am
2666 2697 81 28 thus

2313 2730 144 27 enabled
2510 2732 36 26 to
2599 2738 148 26 procure

2312 2763 105 33 goods
2459 2764 37 27 at
2532 2764 60 28 the
2629 2764 118 28 lowest

2311 2797 151 32 possible
2505 2798 125 33 prices,
2680 2799 67 26 and

2311 2830 173 28 therefore
2499 2838 57 20 am
2572 2832 38 26 in
2624 2838 21 19 a
2657 2832 72 32 posi-

2310 2863 74 28 tion
2393 2864 35 27 to
2449 2864 65 28 sell
2527 2865 38 27 at
2583 2864 164 33 cheapest

2309 2897 104 30 rates.
2450 2898 47 27 As
2522 2905 46 20 an
2589 2898 157 33 example

2310 2930 16 26 I
2349 2931 103 32 quote
2474 2931 61 28 the
2565 2931 182 35 following

2309 2964 142 28 articles
2469 2965 54 26 for
2543 2965 91 27 Cash
2648 2965 98 34 Only.

2308 3015 53 24 Jam,
2372 3016 130 22 Australian,
2521 3017 65 19 dozen
2596 3015 43 21 tins
2693 3017 12 20 6
2734 3019 12 19 0

2326 3058 13 9 ~
2358 3043 85 20 Mennie
2455 3044 17 18 &
2482 3043 66 26 Dey's
2694 3045 12 17 6
2734 3046 12 19 C

2309 3069 113 24 Kerosene,
2453 3070 71 20 White
2553 3070 54 21 Hose
2635 3070 40 20 and

2334 3095 119 25 Snowflake,
2465 3098 39 19 150
2518 3099 42 18 test
2680 3098 26 20 15
2734 3100 12 18 6

2308 3123 65 25 Sugar
2383 3123 43 20 No.
2437 3125 11 19 1
2464 3124 49 20 sGlb
2521 3124 49 25 bags
2680 3125 25 20 14
2734 3127 12 18 6

2334 3165 12 9 ..
2391 3165 10 10 >.
2427 3151 13 19 2
2464 3165 14 10 ~
2532 3166 13 10 „
2680 3151 26 20 13
2734 3154 13 19 6

2334 3191 11 8 ..
2389 3191 11 10 ~
2427 3178 12 18 3
2464 3192 12 10 „
2533 3192 13 11 „
2680 3178 26 19 12
2734 3180 12 19 6

2310 3204 95 23 l'obacco,
2415 3203 33 21 Gib
2459 3205 113 24 quautiliea
2694 3206 12 18 5
2734 3207 12 19 8

2308 3231 45 23 Tea,
2365 3231 22 19 L.
2398 3231 28 19 I>.
2436 3231 151 21 JNatban'aand
2595 3231 79 20 Nelson

2333 3256 88 20 Moate'e
2432 3259 22 18 at
2466 3258 24 20 Id
2501 3258 30 20 off
2541 3259 34 19 for
2584 3257 35 21 Gib
2631 3258 38 20 lots

2308 3283 67 24 Flour,
2405 3283 47 21 50lb
2481 3285 124 20 Housewife
2625 3285 40 19 and

2333 3310 112 25 Champion
2457 3318 22 13 03
2492 3312 40 19 and
2544 3314 23 18 5s
2579 3312 31 19 6d.

2308 3337 97 21 Waikato
2415 3337 99 21 Potatoes
2525 3340 22 18 8s
2558 3346 10 11 a
2584 3339 54 20 sack.

2332 3365 43 20 The
2385 3364 65 20 above
2469 3366 118 24 quotations
2606 3372 34 14 are
2664 3366 82 26 subjeot

2308 3394 20 18 to
2336 3391 79 20 market
2422 3391 138 21 fluctuations.

2333 3418 67 20 Other
2410 3419 63 24 goods
2485 3419 81 26 equally
2582 3419 70 26 cheap.

2333 3486 99 28 Monthly
2441 3488 105 22 accounts,
2562 3487 47 20 that
2620 3487 17 20 is
2648 3490 96 19 accounts

2307 3514 46 25 paid
2364 3513 70 20 defore
2442 3513 35 20 the
2487 3514 50 19 10th
2548 3514 22 19 of
2586 3514 71 20 month
2667 3514 66 21 follow-

2308 3542 33 25 ing
2352 3541 47 20 date
2409 3540 22 20 of
2437 3540 43 21 sale
2487 3540 41 20 will
2537 3540 24 20 be
2572 3541 81 20 treated
2660 3547 22 14 as
2689 3542 55 19 cash.

2448 3576 138 20 WILLIAM
2597 3575 121 21 KOGERS.

2371 3655 38 46 J.
2445 3655 235 49 LARKIN,

2326 3738 407 32 BOOTMAKeR,

2371 3807 324 63 F^OTORUA.

2384 3895 148 22 INSURE
2560 3896 107 21 WITH

2314 3926 48 15 THE
2379 3926 76 16 SOUTH
2466 3925 97 17 BRITISH
2572 3926 54 16 FIRE
2640 3924 14 18 &
2669 3926 76 17 MARIN

2390 3954 43 16 Coy.
2442 3954 29 16 OF
2481 3954 54 16 NEW
2546 3954 114 16 ZEALAND.

2311 3993 74 15 Capita!
2649 3993 24 15 £1
2676 3992 69 20 ,900,000

2370 4023 91 17 Unlimited
2469 4023 64 20 libnlity
2539 4024 18 15 of
2562 4023 122 17 Shareholders.

2323 4048 41 19 ieing
2370 4053 9 11 a
2387 4047 74 17 Colonial
2467 4047 98 16 Institution
2570 4048 61 15 Profits
2637 4052 27 10 are
2670 4047 74 15 invested

2493 4066 67 21 locally.

2310 4101 50 16 Head
2373 4101 56 20 Office,
2656 4101 8 15 A
2671 4100 73 15 nckland

2310 4135 49 16 Local
2387 4136 57 18 Agent
2612 4134 46 16 J.W.
2667 4132 77 21 Wrigley

2975 93 7 19 r
3010 92 160 21 HOTEL.

2881 124 93 21 Wakefield
2985 124 32 26 Si,
3027 124 53 21 Audi
3083 125 38 20 and,

2819 171 135 34 Newman
3001 176 125 32 Meiuer

2787 627 68 20 Haviug
2865 627 51 15 taken
2926 626 28 15 the
2968 626 52 14 above
3029 625 109 17 well-known
3149 625 50 16 Hotel

2767 647 33 16 will
2811 647 20 16 be
2842 647 39 19 glad
2890 647 18 15 to
2919 651 26 10 see
2954 645 34 16 and
2998 645 77 15 welcome
3085 645 23 15 all
3128 645 25 16 his
3172 645 27 15 old

2948 665 68 15 friends.

2845 701 63 22 .ONLY
2920 701 38 17 THE
2966 699 52 18 BEST
3027 699 81 17 BRANDS

2826 738 18 14 of
2851 737 56 15 Wines
2913 736 33 16 and
2953 736 61 19 Spirits
3022 736 40 19 kept
3069 736 18 14 in
3095 735 49 16 Stock

2811 774 114 18 SPARKLING
2933 773 55 17 XXXX
2996 773 38 17 ALE
3041 777 21 12 on
3077 773 79 20 draught.

2767 807 55 20 Every
2829 807 109 16 convenience
2949 806 87 17 combined
3046 806 41 15 with
3094 805 63 20 civility
3167 806 33 15 and

2787 828 71 15 comfort
2865 828 26 14 for
2898 828 70 18 country
2981 826 65 16 visitors
3054 825 33 15 and
3094 826 107 18 liotrders.Jg

2767 900 241 43 STEELE
3043 900 155 41 Bros.

2803 987 163 37 Mararoa
2994 985 170 36 Sawmill.

2768 1061 117 39 DESIRE
2907 1061 23 18 to
2941 1060 67 19 thank
3024 1059 37 18 the
3079 1058 69 22 public
3170 1059 31 18 for

2828 1084 47 21 past
2883 1082 76 19 favors,
2971 1081 41 19 and
3019 1080 37 22 beg
3064 1080 23 18 to
3096 1084 105 15 announce

2766 1105 48 18 that
2835 1104 76 22 having
2923 1108 12 14 a
2950 1103 55 21 large
3027 1102 60 18 stock
3099 1102 22 18 of
3143 1101 47 19 well-

2766 1126 98 19 seasoned
2885 1125 106 19 first-class
3012 1123 75 18 timber
3105 1128 27 13 on
3146 1122 55 19 hand

2766 1148 50 21 they
2838 1152 35 14 are
2891 1145 99 24 prepared
3001 1147 23 17 to
3036 1145 52 19 fulfil
3098 1145 69 19 orders
3179 1145 22 18 at

2766 1169 87 19 reduced
2864 1170 64 17 rates.

2767 1261 188 33 JECKLIN
2977 1261 26 30 &
3021 1259 177 32 COTTER

2773 1310 114 20 VXTISII
2897 1311 23 18 to
2927 1314 105 15 announce
3041 1307 46 19 tbat
3093 1306 49 27 they
3149 1306 52 19 haTO

2768 1364 75 26 opened
2854 1370 11 13 a
2876 1362 108 20 Butcher's
2995 1361 53 26 Shop
3064 1360 95 25 opposite
3168 1359 33 19 tho

2768 1417 144 20 Court-House
2930 1416 38 19 and
2986 1416 81 25 request
3088 1420 11 13 a
3113 1412 58 20 share
3181 1411 21 20 of

2770 1471 66 26 public
2852 1472 116 24 patronage.

2774 1542 217 23 MOKOIA
3055 1540 47 29 \T
3118 1540 10 19 I
3144 1539 16 20 E
3174 1538 27 21 W

2772 1576 54 16 xyjL.
3072 1564 14 24 1

2926 1594 124 23 PRIVATE

2774 1643 227 37 BOARDING
3042 1640 151 35 HOUSE

2772 1759 132 21 OPPOSITE
2923 1759 49 17 WHS
2991 1755 66 22 gOSfl
3065 1757 52 17 AND
3127 1753 71 21 <§ELE

2990 1783 96 20 OPPIGB

2772 1818 48 21 And
2835 1824 50 13 near
2904 1817 34 20 the
2961 1815 121 21 Celebrated
3104 1812 99 22 PRIEST

2826 1850 115 22 RACHEL
2951 1849 39 20 and
2996 1849 57 20 other
3060 1846 98 24 BATHS,

2922 1881 137 21 ROTORUA.

2797 1936 121 37 MRS
2942 1933 214 40 YOUNG,

3010 1979 143 27 Proprietress.

2891 2009 70 20 Terms
2975 2007 112 20 Moderate.

2772 2062 47 36 B.
2850 2063 41 35 S.
2934 2056 273 43 CORLETT*

2857 2132 259 31 ARCHITECT.

2775 2213 199 21 BUILDING-
3007 2208 200 22 SURVEYOR

2807 2290 91 33 COMET
2918 2288 94 36 STORE,
3038 2286 132 33 ROTORUA.

2773 2392 210 23 DRESSMAKING
2995 2392 20 19 in
3026 2391 26 20 all
3062 2391 26 20 its
3097 2392 84 19 r.mj'n*

2796 2478 59 36 M.
2881 2473 297 41 BRENNEN,

2793 2593 134 22 GENERAL
2937 2592 92 24 STORE,
3040 2590 137 21 ROTORUA.

2770 2641 67 26 Every
2851 2640 123 25 description
2987 2639 22 19 of
3027 2638 58 19 Fruit
3099 2637 40 19 and
3152 2636 39 20 Con-

2809 2667 118 23 fectionery,
2944 2665 97 23 Tobacco,
3057 2664 118 24 Cigarettes,

2852 2694 34 19 &o.
2968 2692 33 19 &c.
3081 2691 33 18 &c.

2874 2723 71 19 Finest
2954 2721 88 21 Smoked
3048 2721 51 19 Fish

2847 2756 72 19 Finest
2932 2755 82 25 Oysters
3026 2761 25 12 on
3060 2752 61 20 hand.

2768 2827 50 28 K.
2854 2821 346 34 MKRBRICK,

2770 2888 37 19 T>
2814 2879 183 25 OATBUILDER
3002 2881 15 19 &
3022 2875 183 24 CONTRACTOR

2914 2979 141 24 ROTORUA.

2798 3036 109 21 Estimates
2916 3029 108 23 furnished
3033 3029 42 19 free
3085 3027 22 19 of
3117 3027 51 19 cost.

2765 3095 42 40 J.
2835 3093 50 39 B.
2923 3083 274 47 HARKER,

2765 3163 210 33 Watchmaker
2981 3158 147 38 Jeweller,
3148 3158 48 24 &c.

2885 3222 189 28 Hamilton.

2777 3269 88 25 Repairs
2888 3271 21 16 to
2932 3263 94 23 watches,
3050 3259 71 24 clocks,
3146 3257 40 23 &c,

2817 3294 99 22 executed
2937 3288 103 30 promptly
3058 3285 41 21 and
3117 3291 21 13 a.

2894 3320 103 20 moderate
3006 3317 32 18 ™*
3040 3321 21 12 eß
3063 3317 3 37 -
3083 3335 110 19 WEmN

2764 3351 69 25 Agent
2841 3351 33 18 for
2888 3348 99 19 Rotorua:
3025 3342 20 19 J.
3069 3339 129 36 SEAllvl^

2768 3401 129 49 A.N.
2939 3397 42 47 B
3014 3397 14 16 u
3061 3397 14 48 !
3155 3397 13 13 *

2893 3446 199 26 TIIEORGINAL

2765 3485 148 27 VENETIAN
2923 3482 61 22 AND
3005 3478 80 23 WIRE
3102 3473 98 24 GAUZE

2870 3517 93 22 BLINT
2979 3512 112 23 MAKER,

2807 3577 28 27 j.
2854 3574 53 27 w.
2927 3562 219 36 WKKHiEY,

2841 3624 200 30 HOHIT
3074 3620 20 20 E
3126 3619 15 19 C
3175 3615 23 24 T,

2908 3676 139 27 ROTORUA.
3091 3696 43 8 ..,
3150 3694 22 5 _.

2791 3716 71 20 A-ent
2878 3712 32 20 foi
2923 3711 35 18 tl.e
2977 3703 64 22 South
3061 3696 138 25 BntishF.ro

2765 3744 16 19 &
2792 3743 82 19 Marine
2883 3739 115 19 Insurance
3008 3731 110 23 Company.

2814 3798 163 36 Rotorua
2993 3786 159 38 Library.

2765 3906 114 50 OPEN
2894 3904 53 20 frcm
2961 3904 21 17 10
2996 3907 11 12 a
3017 3906 23 12 ra.
3050 3904 20 30 y>
3081 3904 11 10 o
3102 3904 65 16 p.u.....
3169 3904 10 5 -

2826 3936 12 18 6
2846 3935 26 18 30
2881 3934 19 17 to
2911 3932 24 17 10
2945 3936 14 18 p.
2965 3935 24 12 ip.
3002 3923 94 25 Sundays
3104 3920 31 20 till
3142 3920 54 22 9p-»

2765 3962 188 24 Subscription
2969 3959 52 17 SOs
3034 3960 48 18 per
3095 3950 96 21 nnu«i«

2789 3997 89 20 Visitors
2897 3999 44 18 may
2960 3995 85 21 procure
3061 3982 66 35 Book*i
3142 3982 51 18 from

2764 4025 33 19 the
2814 4023 86 23 Library
2918 4026 25 13 on
2961 4015 82 26 inafang
3061 4021 10 12 a
3085 4008 72 47 dep-J
3168 4004 25 45 {J

2763 4052 37 19 not
2815 4050 39 19 less
2873 4048 49 19 than
2939 4045 29 24 5,8,
2987 4042 39 20 and
3043 4037 117 29 purchasing

2762 4083 81 19 corpon
2852 4075 33 19 for
2894 4079 62 18 every
2967 4070 55 20 Four
3031 4068 70 20 books.

2788 4108 42 19 The
2848 4106 88 24 Library
2955 4103 17 20 is
2996 4107 51 21 open
3069 4097 70 21 during
3157 4095 35 14 tße

2761 4134 93 25 evening.
