3280 4290
2912 152 164 19 SUPPOSING.

2781 206 64 19 'Twas
2855 212 26 13 on
2891 212 25 13 an
2927 212 61 13 ocoau
2996 206 105 20 eteziner's
3110 206 50 19 d&\

2807 232 57 24 They
2872 234 42 16 met
2923 239 38 12 one
2968 233 107 19 summer's
3085 233 44 24 day,

2782 258 47 19 And
2839 258 53 19 after
2901 258 26 18 lie
2936 258 42 19 had
2987 265 47 13 seen
3043 259 37 19 her
3090 265 49 13 onco

2807 284 34 19 lie
2850 283 60 20 could
2919 287 36 16 not
2962 284 52 25 keep
3024 292 63 18 away.

2857 317 81 19 evident
2945 318 27 19 he
2981 319 58 19 loved
3044 320 38 18 her
3090 319 67 22 much,

2808 344 42 18 But
2859 343 56 19 nee'r
2921 350 12 12 a
2942 345 50 19 time
2998 345 60 19 could
3066 346 43 18 find

2782 370 28 18 To
2818 370 36 18 tell
2861 369 36 19 her
2904 370 22 19 of
2934 369 21 27 hi
2965 369 10 27 3
2985 369 62 27 ardent
3056 372 52 24 love,

2809 396 30 20 Or
2848 395 55 20 what
2912 402 41 13 was
2962 402 26 13 ol
2997 396 32 20 his
3039 398 63 18 mind.

2782 427 42 19 But
2833 427 82 19 fortune
2924 433 56 14 came
2988 430 20 17 at
3017 427 51 26 last;
3079 429 26 19 he
3115 435 41 14 saw

2809 453 57 25 They
2876 460 51 12 were
2941 453 65 25 alone,
3015 454 32 19 his
3055 461 47 18 eyes

2783 479 90 20 Beamed
2878 479 71 25 fondly
2959 486 27 13 on
2992 480 36 20 her
3038 487 23 13 as
3069 481 26 19 ho
3102 480 45 21 said
3155 488 5 12 :

2926 512 12 12 a
2948 507 62 18 storm
3019 507 59 24 arise,

2784 537 28 20 Or
2820 536 62 26 you'd
2888 537 39 19 fall
2934 538 116 24 overboard,
3062 538 33 20 I'd
3108 536 97 28 prove—'

2934 563 36 19 she
2979 564 121 26 interposed,

2822 595 32 13 am
2864 588 83 25 already
3110 588 3 25 .

2812 615 42 19 The
2864 621 57 13 scene
2928 616 33 18 for
2968 622 46 13 ever
3023 616 73 19 closed.

2786 669 55 20 SHE
2857 668 156 20 BANDAGED
3036 670 58 19 THE
3115 669 106 22 WRONG

2973 695 60 21 LEG.

2814 745 40 20 She
2872 745 41 19 had
2929 747 95 19 attended
3043 747 34 19 the
3101 748 120 20 ambulance

2788 771 73 20 classes
2880 771 40 19 and
2934 771 95 21 obtained
3047 773 35 19 the
3109 774 113 21 certificate.

2789 798 43 19 The
2841 799 61 18 street
2912 798 90 20 accident
3011 799 36 19 she
3064 799 41 19 had
3123 800 99 26 earnestly

2790 824 76 25 prayed
2875 824 32 18 for
2924 824 48 19 took
2989 825 63 24 place.
3080 826 19 18 A
3116 832 48 14 man
3182 827 41 19 had

2791 850 78 19 broken
2883 849 32 19 his
2923 849 40 26 leg.
2992 851 41 19 She
3051 852 120 20 confiscated
3189 853 35 19 the

2791 876 91 25 walking
2891 876 51 19 stick
2952 877 22 19 of
2981 883 11 13 a
2998 883 70 19 passer
3076 877 28 25 by
3114 878 109 20 andbroko

2791 903 16 19 it
2814 903 21 18 in
2845 902 56 19 three
2907 902 67 25 pieces
2982 903 32 19 for
3023 904 79 25 splints.
3131 904 41 20 She
3182 907 42 17 tore

2792 935 27 19 up
2828 928 38 19 her
2875 927 50 20 skirt
2932 928 33 20 for
2973 929 111 26 bandages.
3200 931 28 19 all

2792 961 40 13 was
2841 954 113 25 completed
2972 955 35 19 she
3023 957 119 19 su..nnoned
3160 963 13 13 a
3190 956 37 21 cab

2792 981 41 20 and
2840 980 47 20 took
2897 980 37 19 her
2942 982 79 24 patient
3030 984 21 17 to
3060 983 35 19 the
3104 983 96 25 hospital.

2818 1007 55 19 Who
2892 1006 106 26 bandaged
3014 1008 40 19 this
3060 1008 50 20 limb
3122 1015 22 13 so
3154 1009 61 19 credit-

2792 1033 48 25 ably
2846 1033 9 19 ?
2864 1032 94 26 inquired
2967 1034 33 19 the
3008 1040 94 20 surgeon.

2818 1059 11 19 I
2838 1059 41 23 did,
2888 1059 36 19 she
2933 1059 120 27 blushingly
3062 1061 83 25 replied.

2819 1084 60 24 Well,
2899 1085 16 18 it
2931 1085 17 19 is
2957 1088 53 17 most
3026 1086 202 26 beautifully—most

2791 1111 123 25 beautifully
2927 1111 59 25 done,
2995 1112 37 19 but
3041 1119 41 19 you
3091 1113 52 20 hav6
3161 1114 67 26 made,

2791 1137 12 19 I
2810 1137 49 24 find,
2870 1143 37 13 one
2916 1137 52 20 little
2990 1138 93 21 mistake.
3111 1139 48 20 You
3176 1140 52 20 havo

2792 1163 109 25 bandaged
2910 1163 35 19 the
2955 1170 70 20 wrong
3034 1165 40 25 leg.

2871 1219 55 19 NOT
2936 1220 20 19 A
2965 1219 176 22 CONCLUSION.

2819 1272 48 19 And
2876 1279 29 13 we
2914 1273 54 19 shall
2977 1275 96 19 conclude
3083 1281 37 13 our
3125 1275 45 19 love
3179 1275 49 19 with

2793 1299 107 25 marriage,
2911 1299 27 19 ho
2947 1299 49 25 said,
3007 1301 53 19 after
3066 1301 28 19 all
3099 1301 35 19 the
3141 1301 77 26 prelimi-

2793 1324 67 20 naries
2879 1325 41 20 had
2947 1325 52 20 heen
3018 1327 107 26 arranged,
3156 1333 23 14 as
3203 1327 25 20 he

2793 1351 95 25 thought.

2820 1377 40 19 We
2869 1377 53 20 shall
2932 1379 41 23 not,
2982 1378 37 20 she
3027 1379 78 26 replied
3120 1379 108 26 promptly.

2820 1402 80 21 What?
2927 1404 26 19 he
2971 1405 83 26 gasped.
3083 1405 91 21 Haven';
3189 1412 39 20 you

2793 1429 43 27 just
2846 1430 75 24 agreed
2930 1432 21 17 to
2961 1437 66 20 marry
3038 1438 31 13 mo
3077 1432 8 19 ?

2820 1455 115 29 Certainly;
2944 1456 38 20 hut
2992 1458 101 26 marriage
3100 1458 79 20 doesn't
3185 1464 43 14 con*

2794 1481 58 20 elude
2860 1481 51 24 love,
2922 1482 48 20 does
2978 1483 16 20 it
3000 1484 9 19 ?
3036 1484 21 20 If
3066 1484 16 20 it
3092 1484 47 21 does
3155 1484 12 21 I
3177 1486 51 20 want

2795 1510 20 18 to
2824 1507 63 20 break
2897 1504 35 24 the
2942 1510 88 20 contract
3037 1511 44 25 just
3090 1517 51 14 now.

2820 1534 58 20 Then
2887 1534 26 20 he
2921 1541 41 14 saw
2970 1535 45 21 how
3020 1536 37 21 she
3062 1536 40 21 had
3109 1536 73 28 picked
3187 1536 41 23 him

2794 1567 28 19 up
2833 1566 25 14 on
2867 1560 32 20 his
2908 1560 110 28 language,
3028 1563 41 20 and
3076 1563 26 20 he
3111 1564 73 26 picked
3194 1563 34 22 her

2794 1593 28 19 up
2831 1586 22 20 in
2862 1585 32 22 his
2904 1590 71 24 strong
2985 1595 53 14 arms
3048 1590 40 20 and
3097 1590 82 26 pressed
3194 1589 34 23 her

2794 1616 21 17 to
2824 1612 32 21 his
2866 1613 69 27 manly
2945 1614 74 21 bosom.

2894 1668 66 21 JUST
2969 1668 57 22 THE
3036 1670 96 22 THING.

2822 1722 64 20 What
2895 1722 53 21 shall
2957 1722 11 21 I
2975 1722 31 28 do,
3014 1723 36 22 she
3060 1725 91 27 moaned,
3158 1725 12 22 I
3179 1726 48 23 have

2795 1748 78 21 broken
2882 1756 34 18 my
2925 1750 82 26 bicycle.

2821 1775 39 20 Let
2876 1782 31 13 mo
2926 1783 32 14 see
2977 1777 35 21 the
3027 1778 72 26 vi/eck,
3127 1778 44 22 said
3194 1781 33 21 the

2795 1801 85 20 mother.

2822 1828 62 25 Why,
2895 1828 58 21 these
2960 1830 74 22 wheels
3043 1838 34 15 are
3087 1839 48 20 very
3141 1833 53 26 light
3200 1835 18 19 in-

2796 1854 56 20 deed.

2822 1881 47 24 Yes,
2881 1882 34 19 tho
2925 1882 83 26 lightest
3017 1887 161 21 manufactured.

2823 1907 60 25 Well,
2895 1908 58 21 thero
2963 1910 16 19 is
2997 1918 26 13 no
3042 1913 52 20 need
3108 1915 22 18 of
3144 1916 83 25 wasting

2796 1934 61 19 them.
2885 1934 12 19 I
2907 1936 41 19 will
2963 1937 47 20 take
3027 1939 54 20 them
3101 1940 59 20 down
3177 1945 50 17 town

2797 1960 39 20 and
2844 1960 52 20 havo
2905 1967 55 14 some
2969 1964 105 27 trimming
3083 1969 38 23 put
3130 1974 26 12 on
3166 1968 59 23 them.

2796 1986 57 25 They
2865 1987 38 19 will
2913 1989 59 19 make
2979 1990 65 26 lovely
3052 1992 45 19 hats
3104 1993 33 20 for
3143 2000 41 18 you
3190 1995 37 19 and

2796 2020 52 17 your
2857 2015 58 18 sister
2924 2016 21 17 to
2955 2021 53 14 wear
3013 2020 21 17 at
3043 2018 35 19 the
3087 2019 86 21 theatre.

2855 2071 40 20 HE
2904 2072 129 22 OFFERED
3043 2075 59 21 HER
3109 2077 61 22 ALL.

2822 2127 110 25 Impotuou
2941 2129 31 26 sly
2982 2131 25 19 bo
3012 2138 38 19 pot
3052 2133 38 19 red
3094 2134 55 19 forth
3159 2140 11 14 a
3176 2137 51 24 story

2796 2153 21 20 of
2835 2154 32 19 his
2885 2154 51 20 love.
2964 2156 47 20 And
3038 2158 29 20 all
3083 2159 13 19 I
3128 2159 53 21 havo
3205 2162 22 20 he

2796 2180 106 24 protested,
2909 2181 21 19 in
2934 2183 120 25 conclusion,
3059 2185 52 19 ashe
3116 2188 111 23 prostrated

2795 2204 81 21 himself
2886 2206 69 21 before
2964 2207 42 27 her,
3016 2210 17 19 is
3043 2214 21 16 at
3070 2218 51 18 your
3130 2213 47 19 feet.

2822 2232 40 19 She
2884 2232 74 21 looked
2974 2237 20 17 at
3012 2236 43 20 him
3073 2237 151 24 incredulously

2795 2258 34 19 All
2836 2258 9 19 ?
2863 2258 36 19 she
2908 2261 101 24 repeated.

2822 2283 33 20 Ho
2863 2284 103 27 shrugged
2974 2287 31 20 his
3012 2289 113 21 shoulders.
3153 2291 63 22 Practi-

2795 2310 52 25 cally
2857 2310 33 24 all,
2901 2311 26 19 he
2942 2313 49 20 said.
3020 2315 27 19 Of
3064 2322 70 14 course
3148 2318 13 18 I
3179 2319 47 21 havo

2795 2336 85 19 another
2889 2338 41 19 buit
2939 2339 22 18 of
2967 2340 76 20 clothes
3052 2343 21 18 at
3083 2342 64 26 lomo,
3160 2343 36 22 but
3212 2346 12 19 it

2796 2362 63 25 really
2867 2363 49 20 isn't
2926 2366 64 19 worth
3001 2367 106 27 anything.

2821 2388 40 20 For
2879 2389 35 19 the
2932 2390 43 21 first
2994 2393 48 20 time
3060 2394 36 20 she
3120 2397 60 22 knew

2795 2416 68 18 extent
2873 2416 21 19 of
2902 2415 33 20 his
2944 2418 100 22 devotion.

2820 2474 404 34 Thebluocoatwombybutchereorigin.

2794 2500 47 19 ated
2850 2501 52 20 from
2912 2502 26 21 its
2948 2503 62 27 being-
3024 2507 34 19 the
3068 2508 69 20 colour
3154 2510 22 19 of
3194 2511 30 21 the

2794 2527 88 20 uniform
2900 2529 23 19 of
2940 2536 12 12 a
2970 2532 69 24 guild;
3063 2534 37 20 but
3114 2536 26 19 its
3157 2536 68 21 almost

2794 2559 101 14 universal
2912 2555 95 26 adoption
3031 2559 28 25 by
3077 2560 35 20 tho
3138 2563 58 19 trade
3210 2564 15 19 is

2794 2585 66 19 owing
2869 2585 21 14 to
2900 2581 35 19 tho
2944 2583 41 19 fact
2996 2584 44 20 that
3048 2585 61 21 blood
3114 2587 66 21 shows
3189 2589 36 21 less

2793 2611 25 13 on
2829 2605 44 20 that
2883 2606 68 21 colour
2960 2609 50 20 than
3019 2618 26 12 on
3055 2618 40 19 any
3104 2614 64 20 other.

2818 2646 34 19 An
2863 2648 89 20 artesian
2959 2651 46 19 well
3018 2651 38 21 has
3074 2653 52 21 been
3144 2656 52 19 sunk
3206 2658 19 18 at

2792 2672 35 19 tho
2837 2672 79 21 Eoxton
2926 2681 108 22 creamery.
3062 2679 43 20 The
3114 2684 63 17 water
3186 2689 38 13 was

2792 2698 68 19 struck
2879 2701 21 18 at
2912 2702 35 17 190
2966 2702 47 25 feet,
3032 2704 38 20 but
3084 2706 16 19 it
3114 2707 48 25 only
3177 2709 47 20 rises

2792 2724 71 19 within
2872 2727 35 18 ten
2916 2727 41 20 feet
2963 2729 22 19 of
2992 2729 33 20 the
3036 2731 85 21 surface.

2817 2761 58 21 Ella:
2965 2766 33 19 did
3007 2775 51 17 your
3067 2769 94 23 husband
3180 2779 33 18 pro-

2793 2795 47 17 pose
2848 2790 8 18 t
3048 2795 75 27 simply
3143 2797 42 21 said
3193 2800 31 20 •'I

2792 2815 50 20 bavo
2860 2817 61 22 5,000
2937 2818 55 25 dols.,
3011 2822 40 19 and
3071 2822 15 19 if
3102 2829 42 20 you
3169 2826 55 20 don't

2791 2843 71 24 accept
2876 2849 30 13 me
2928 2844 33 20 I'll
2972 2846 59 20 shoot
3040 2848 55 26 you.'
3125 2850 38 25 Oh,
3182 2852 40 21 how

2791 2868 24 20 he
2822 2868 55 20 loveis

2945 2916 31 14 am
2994 2911 63 27 going
3077 2915 21 18 to
3117 2921 66 20 marry
3191 2916 32 22 the

3119 2940 44 21 how
3173 2942 48 22 nice,

2791 2960 54 20 He'll
2855 2963 59 19 trust
2922 2970 23 14 us
2953 2964 32 19 for
2995 2964 73 21 vanilla
3079 2973 66 14 cream
3165 2969 57 22 sodas

2818 3030 72 21 Office-
2898 3030 4 34 :
3003 3036 76 25 Anton,
3092 3037 62 21 how's
3172 3045 50 19 your

2791 3060 74 17 master
2884 3060 70 25 to-day
2965 3061 22 18 !'"
3025 3063 88 25 Orderly
3122 3060 4 32 .•

2789 3084 47 19 dear
2854 3086 88 24 captain,
2971 3087 44 20 he's
3043 3096 26 13 no
3097 3090 69 21 better
3183 3083 39 35 yet!

2790 3110 89 20 Wanted
2889 3111 45 25 just
2942 3120 45 13 now
2996 3116 22 17 to
3029 3116 38 25 shy
3084 3116 31 20 his
3135 3117 48 21 boot
3201 3122 21 18 at

2789 3144 33 19 my
2830 3136 56 25 head,
2898 3138 36 20 but
2942 3139 69 20 hadn't
3022 3141 34 21 the
3063 3144 95 25 Et—ngth
3165 3149 21 17 to
3197 3147 25 20 do

2816 3210 115 26 Algernon:
3012 3215 104 28 Arabella,
3138 3218 12 21 I
3168 3222 54 19 must

2790 3237 51 20 have
2850 3237 113 26 something
2982 3246 22 14 as
3013 3248 12 13 a
3035 3241 107 28 keepgake.
3172 3247 50 20 Give

2789 3270 31 13 m<?
2836 3270 12 13 a
2872 3263 44 20 lock
2935 3266 21 19 of
2972 3266 46 21 that
3036 3269 102 22 beautiful

2789 3290 95 20 Arabella
2892 3290 3 29 :
2971 3293 32 24 sir,
3011 3295 12 18 I
3031 3294 37 20 will
3078 3303 12 12 i,
3093 3303 11 13 o
3106 3300 20 16 t.
3135 3298 31 20 p<j
3173 3299 11 19 i,
3187 3306 34 13 avo

2787 3323 40 18 you
2839 3316 57 19 know
2909 3316 43 21 that
2961 3326 32 18 my
3005 3320 43 20 hair
3058 3324 54 19 coets

2813 3355 35 18 Mr
2855 3354 134 28 Phunnymaii
3010 3359 94 28 (looking
3122 3369 28 19 up
3168 3364 52 22 from

2789 3380 28 20 bis
2828 3380 72 26 paper)
2912 3380 4 35 :
3067 3389 78 19 cashier
3170 3397 51 18 gone

2787 3407 47 18 with
2842 3408 34 19 the
3021 3412 43 20 Mrs
3071 3415 135 26 Phunnyman
3215 3426 5 5 •

2786 3434 4 30 '
2803 3434 60 19 What
2874 3441 40 13 was
2924 3436 35 19 the
2966 3444 44 13 sum
3067 3441 35 19 Mr
3111 3442 21 20 P.
3141 3434 4 30 •
3176 3444 45 20 -'He

2786 3459 71 20 wasn't
2874 3461 91 22 satisfied
2980 3465 49 19 with
3048 3472 106 17 some—he
3170 3470 49 21 took

2814 3524 64 21 South
2897 3526 97 23 Missouri
3010 3524 115 32 Preacher:

2787 3557 32 18 my
2829 3551 103 26 brethern,
2944 3554 73 27 having
3027 3557 92 26 disposed
3139 3561 22 19 of
3176 3562 44 21 that

2786 3583 22 14 at
2825 3578 42 25 lyin
2885 3578 132 28 hypocritical
3036 3590 53 18 cusp,
3111 3586 42 20 *ho
3170 3594 50 14 runs

2786 3604 35 19 the
2831 3604 73 21 church
2914 3613 67 14 across
2998 3609 34 21 the
3052 3617 50 17 wav,
3119 3612 34 20 I'll
3173 3621 35 14 con-

2785 3631 58 20 tmue
2852 3638 33 18 my
2892 3632 104 23 discourse
3001 3643 26 12 on
3038 3633 70 25 'Pea'ce
3115 3645 26 13 on
3147 3639 63 22 Earth

2786 3656 56 21 Good
2853 3658 51 19 Will
2914 3662 21 17 to
2945 3660 64 21 Men.'
3212 3658 6 10 '

2865 3700 40 18 you
3005 3697 24 20 he
3039 3698 62 21 asked
3108 3700 20 20 in
3136 3701 73 22 hesitat-

2785 3724 36 19 ing
2831 3721 88 24 accents,
2998 3730 40 17 you
3045 3726 60 19 could
3123 3726 55 23 learn
3198 3731 22 20 to

2785 3744 44 37 !m°
2839 3751 30 27 *S2
2876 3745 10 20 ?
2944 3748 40 20 Yes
2987 3749 19 24 '"
3015 3750 35 20 Bhe
3059 3752 76 25 replied
3154 3756 57 19 coolv

2799 3772 42 18 But
2850 3772 12 19 I
2871 3778 18 14 m
2898 3774 65 20 afraid
2971 3776 61 24 you'll
3041 3777 49 20 have
3098 3780 121 25 agooddeal

2785 3799 21 16 ot
2817 3799 83 19 trouble
2907 3801 95 26 teacniag

2813 3831 124 26 Hardware:
3050 3841 42 21 The
3114 3843 106 27 Egyptian

2785 3865 74 16 tellaus
2869 3870 34 13 are
2922 3866 36 18 not
2977 3868 105 25 employed
3102 3871 21 19 in
3139 3872 80 25 cutting

2785 3888 58 20 down
2854 3890 53 19 trees
2916 3888 4 31 ;
2930 3890 49 29 tVey
2986 3900 34 14 are
3031 3897 38 17 not
3080 3896 46 20 that
3136 3897 50 20 kind
3196 3898 23 20 of

2785 3915 88 20 'fellers.'
2901 3918 48 20 You
2971 3920 73 21 should
3061 3925 37 17 not
3126 3930 25 13 ax
3170 3925 50 19 such

2810 3972 19 19 A
2839 3975 80 25 project
2928 3977 16 19 is
2954 3985 25 13 on
2992 3978 45 21 foot
3046 3980 19 20 in
3072 3980 115 23 Masterton
3196 3985 22 20 to

2784 3999 95 21 establish
2914 4010 12 12 a
2968 4005 79 26 boiling
3085 4007 60 20 down
3178 4010 41 21 and

2784 4028 20 16 te
2815 4027 104 26 lmongery
2937 4029 101 26 business,
3058 4033 41 19 and
3124 4033 17 21 is
3158 4035 60 24 being

2784 4052 60 20 taken
2853 4060 28 19 up
2889 4055 49 20 with
2945 4057 77 24 vigour.

1176 97 57 21 THE
1247 95 60 24 HOT
1322 97 94 21 LAKES
1431 96 177 26 CHRONICLE,
1625 97 195 26 WEDNESDAY,
1835 98 66 21 MAY
1917 100 19 23 1,
1952 100 57 23 1595,

2800 4113 57 16 nnted
2868 4114 35 17 and
2914 4116 93 20 puliliehed
3025 4118 27 15 for
3064 4119 30 16 ibe
3106 4121 109 19 proprieotor

2805 4135 19 14 at
2837 4135 27 15 his
2879 4137 95 20 registered
2979 4139 79 20 printing
3068 4140 48 16 offii*
3138 4141 79 19 Rotorua

2806 4156 22 19 by
2835 4156 60 17 Pkbcy
2905 4158 58 17 Jambs
2972 4160 99 22 Hamkond,
3084 4161 19 17 of
3109 4161 84 24 Rotorca,,

2838 4183 155 24 WEDKBBDAX
3007 4186 53 21 WAX
3076 4188 16 25 J,
3106 4190 47 20 1895-

89 155 43 19 The
141 161 56 13 moor
211 155 22 19 of
242 155 99 19 Rannoch.
349 155 18 19 is
378 154 32 19 the
420 154 76 26 largest
502 154 5 19 I
539 156 43 20 The
591 157 57 24 largo
657 155 129 26 prospecting'
794 156 60 24 party
861 155 22 19 in
897 155 51 19 New

63 181 21 18 in
94 175 101 26 Scotland.
222 181 21 20 It
252 188 68 13 covers
334 187 54 14 some
396 180 68 20 fifteen
476 183 20 17 to
514 183 80 19 Guinea
611 182 37 19 has
657 181 48 20 thus
713 182 33 19 far
756 181 64 20 found
830 181 48 26 only
887 188 12 13 a
908 181 40 19 few

63 208 74 24 twentj-
147 213 73 19 square
226 208 64 19 miles.
514 209 51 19 dwts
574 209 22 19 of
604 208 54 26 gold.

88 246 27 19 Tn
132 246 82 21 Ireland
232 248 72 24 daring
332 247 34 18 the
384 249 45 21 prist
447 239 59 28 vearl
517 239 10 33 .
583 246 59 18 kr.pw
650 244 37 19 her
696 244 188 20 weakness.—Fair
898 244 49 19 Cus-

97 339 5 10 ,
125 339 11 7 „
156 339 6 6 ,
746 323 57 20 idam.
842 323 21 20 If
885 324 64 24 you'll

89 345 20 14 a.
123 345 76 20 oyanery
221 346 64 20 paper
292 346 30 13 mi
488 345 1 21 ■

63 367 43 17 cost
115 366 20 19 of
145 368 110 23 attempted
264 366 68 19 rabbit
342 369 155 16 extermination
514 376 34 19 the
699 375 52 20 have
761 376 93 24 changed
863 375 12 19 !'

64 393 38 18 has
112 393 92 23 equalled
214 393 44 18 that
268 393 21 18 of
298 399 11 12 a
319 393 47 18 civil
375 399 47 12 war.

88 433 20 20 A
116 434 96 19 woman's
221 434 60 19 brain
294 434 17 19 is
328 434 68 25 larger
414 434 22 19 in
451 441 45 18 pro-
516 451 5 8 ,
527 424 57 35 ,£°*
584 424 103 35 ceiti-^
688 431 13 14 n
702 425 23 34 P
725 432 11 14 q
736 432 14 24 ?
750 432 12 13 a
762 432 17 13 *
798 425 17 26 (t
815 431 18 28 °,

63 459 80 25 portion
152 462 20 17 to
179 460 36 19 tho
224 461 76 24 weight
309 461 21 18 of
339 460 35 19 the
384 460 53 25 body
447 460 50 19 than
516 450 32 35 '}}
556 457 7 23 }
563 451 35 19 lha
600 458 25 16 ™>
633 451 67 19 vhero
708 458 10 12 s
722 453 13 32 f
737 451 25 19 hQ
766 451 22 34 }?l
799 452 14 33 \
814 451 19 19 of
840 451 23 19 th
864 458 11 27 s
885 451 37 19 far<
922 457 7 22 ?
932 451 9 19 ?

62 485 45 19 that
116 485 21 19 of
146 492 12 13 a
167 493 54 13 man.
514 476 80 20 Waiter
604 477 21 24 (a
634 483 46 19 wag
690 477 41 19 and
741 483 12 14 a
766 477 50 26 l'rt)
828 476 3 30 :
849 479 5 10 '
864 477 40 19 I'm
913 477 36 19 the

514 502 41 19 Bill
565 503 21 19 of
595 503 34 19 the
638 503 46 24 fair,
696 503 27 19 sir
733 503 12 19 !'

90 526 43 19 The
140 526 115 20 mandoline
264 527 18 20 is
291 526 43 19 said
342 528 21 17 to
373 526 25 19 be
417 526 80 26 coming

62 550 43 21 into
109 559 66 19 vogue
181 554 20 18 in
209 560 54 12 some
267 552 126 20 fashionable
400 552 97 19 churches
540 552 70 19 About
619 558 60 13 seven
689 552 40 19 and
738 559 12 13 a
759 552 45 20 half
821 552 89 20 millions
927 552 23 19 of

62 578 23 19 in
93 578 102 25 England,
203 586 23 12 as
235 586 27 12 an
279 579 34 19 aid
321 581 21 17 to
360 579 35 19 the
413 579 84 19 musical
515 580 44 17 tons
567 578 21 19 of
597 578 53 19 coals
659 585 35 13 are
704 579 97 25 annually
809 578 109 20 consumed
927 578 22 19 in

62 605 90 25 portions
161 605 21 19 of
191 605 35 19 the
235 606 80 19 service.
515 604 91 19 London.

62 674 96 39 Hot
184 675 178 39 Lakes!

647 677 96 39 Hot
769 678 179 41 Lakes!

271 770 40 15 Vw-t
334 770 55 14 _C\J
402 770 38 13 -CI
553 770 26 14 C3
618 770 53 14 l_VJ_
710 770 37 16 £Z>

87 793 224 72 Lake
351 796 284 72 House
673 797 273 87 Hotel,

348 888 304 43 rotob.ua.

62 936 86 25 Under
160 938 40 25 the
212 945 132 27 patronage
358 942 24 22 of
395 942 38 23 Sir
457 943 40 25 W.
516 944 101 31 Jervois,
638 945 56 23 Earl
714 945 48 23 and
784 945 119 23 Countess
925 943 25 24 of

264 973 41 24 the
318 974 65 24 Hon.
398 975 106 25 Premier
515 978 48 23 and
577 978 124 24 Members
713 978 26 24 of
751 978 153 24 Parliament.

187 1038 110 39 THE
349 1041 233 42 LEADING
591 1025 34 5 -
635 1043 197 41 HOTEL.

64 1091 111 24 Situated
188 1101 30 15 on
231 1101 30 16 an
275 1093 111 25 elevated
400 1097 104 29 position
516 1105 31 16 on
560 1098 40 24 the
613 1098 83 25 shores
709 1099 26 24 of
754 1099 67 24 Lake
835 1099 117 26 Rotorua,

199 1126 152 24 Convenient
364 1133 25 18 to
407 1129 31 23 all
451 1130 41 24 the
509 1131 78 32 sights
599 1131 23 24 in
635 1131 41 25 the
684 1132 102 24 district.

69 1163 153 34 Sulphur
235 1165 67 27 and
320 1166 149 28 Mineral
481 1168 109 28 Baths
603 1170 23 24 in
639 1170 41 25 the
699 1171 115 24 Grounds
830 1171 26 24 of
870 1170 82 24 Hotel.

292 1199 109 33 Charges
414 1201 62 24 from
490 1203 28 23 Ss
530 1208 26 19 to
572 1211 41 16 12s
626 1212 42 23 per
681 1204 54 32 day.

397 1319 239 33 WAIRAKEI,

182 1388 78 25 vision
271 1389 25 24 of
308 1390 40 23 the
362 1389 184 34 Proprietoress,
560 1392 57 25 Mrs
631 1392 29 25 R.
675 1393 166 25 GRAHAM.

132 1424 24 27 A
175 1427 124 25 reduction
318 1428 21 24 is
359 1429 72 24 made
450 1434 25 20 to
496 1431 93 32 weekly
607 1439 26 16 or
645 1432 109 32 monthly
763 1432 124 25 boarders.

245 1467 81 24 Guide
339 1468 80 24 Books
429 1470 87 30 posted
529 1470 50 24 free
592 1478 31 17 on
635 1471 151 32 application.

733 1601 168 44 mmh

804 1728 103 44 AS/fl

873 1961 36 31 m

247 2056 87 29 j^an

229 2201 28 15 :(!!<!,

203 2255 42 19 very
250 2252 45 22 Old
304 2251 71 23 Special

555 2295 71 37 OLb
649 2309 71 24 and
744 2302 164 33 MELLOW

427 2335 229 40 th*/FINESt
674 2341 168 39 WHISKY

403 2382 208 35 SCOTLAND
643 2386 232 35 PRODUCES

315 2556 113 67 *¥
449 2560 283 69 OISTIIitERS
763 2567 55 62 O
845 2567 54 66 IP

64 2731 272 34 WHOLESALE
356 2735 183 39 AGENTS,

353 2776 50 39 L.
431 2777 53 38 D.
513 2778 262 44 NATHAN
800 2784 41 38 &
870 2785 58 40 Co

262 2978 36 20 Six
307 2979 58 19 miles
375 2980 52 19 from
436 2981 58 19 Lake
504 2981 70 27 Taupo
584 2982 99 26 (Rotorua
694 2984 59 27 side).

191 3020 219 32 SUPERIOR
442 3023 389 36 ACCOMMODATION

257 3067 54 20 ALL
322 3068 58 20 THE
390 3068 144 22 COMFORTS
545 3071 34 19 OF
589 3071 18 20 A
616 3071 82 21 HOME
708 3074 55 20 FOR

215 3109 216 32 TOURISTS
468 3111 90 31 AND
593 3112 205 34 INVALIDS.

66 3196 69 27 Hot
149 3195 202 33 Swimming
364 3196 109 28 Baths
607 3199 71 29 Hot
691 3200 141 29 Douche
842 3203 109 29 Baths

363 3230 119 27 Grand
500 3231 151 29 Climate.

167 3268 300 28 Elevation—l36o
486 3269 69 28 feet
568 3271 108 28 aJbove
687 3280 60 20 sea
756 3275 96 30 level.

391 3320 4 13 >
497 3320 24 13 :o:

68 3348 255 27 COMPETENT
339 3348 160 28 GUIDES
511 3359 155 26 accompany
677 3355 107 24 tourists
794 3356 27 23 to
830 3356 45 25 the
886 3357 53 26 vari-

165 3388 47 19 ous
223 3382 85 32 places
322 3382 26 24 of
360 3383 115 31 interest,
490 3385 86 24 which
586 3387 72 23 bailie
671 3388 45 24 the
729 3391 66 22 most
805 3389 80 26 facile
894 3399 58 24 pen,

164 3416 51 23 and
227 3423 46 17 can
285 3415 61 32 only
359 3416 31 24 he
402 3417 109 25 realized
523 3419 77 24 when
617 3428 69 17 seen.

198 3461 87 28 MUS
299 3462 37 27 K,
356 3462 195 35 GRAHAM,
572 3464 245 35 Proprietress.

68 3550 194 25 GEYSER
276 3550 193 26 VALLEY
480 3553 94 20 contains
581 3553 35 21 the
623 3555 107 26 following
737 3557 124 26 unequalled
870 3558 82 21 Natura

146 3578 92 18 wonders
248 3576 155 26 :—Tuhuatahi,
424 3585 23 12 or
466 3579 66 19 Great
550 3581 132 25 Champagne
702 3583 105 20 Cauldron
816 3591 5 18 ;
835 3584 35 19 the
889 3585 63 20 Groat

145 3602 104 21 Wairakei
259 3604 78 24 Geyser
346 3602 4 35 ;
360 3603 34 20 the
404 3603 88 22 Donkey
502 3605 80 26 Engine
590 3615 5 15 ;
606 3608 34 18 the
651 3608 85 20 Fairies'
744 3610 52 19 Bath
807 3619 5 16 ;
823 3610 35 20 the
868 3611 72 26 Lightn-

147 3629 17 18 ii
172 3635 12 18 g
195 3629 60 33 Tool;
267 3629 35 19 the
313 3630 49 19 Case
377 3630 25 20 de
413 3630 84 26 Geyser,
512 3637 22 14 or
545 3632 102 25 Dragon's"
659 3635 70 19 mouth
739 3629 4 33 ;
754 3636 36 19 the
798 3637 59 19 black
868 3638 84 24 Geyser

147 3656 34 17 the
189 3656 20 18 M
215 3657 24 17 -id
252 3656 91 24 Geyser;
360 3656 35 19 the
405 3656 53 20 Blue
469 3657 54 20 Lake
534 3656 4 33 ;
547 3658 35 19 the
601 3660 34 18 Oil
645 3659 67 26 Bath;
730 3662 36 20 the
787 3663 81 26 Eagle's
887 3656 65 29 West'

147 3682 36 18 the
193 3681 77 19 Devil's
281 3682 70 19 Bunch
363 3682 54 20 Bowl
428 3681 4 32 •
444 3683 34 20 the
490 3684 73 19 Brince
577 3683 21 20 of
609 3685 76 21 Wales'
695 3681 111 32 Feathers;
815 3692 33 17 the
864 3690 76 21 Mirror-

147 3708 34 19 the
189 3708 56 18 Twin
255 3708 77 25 Geyser
342 3717 5 15 ;
358 3708 35 20 the
403 3710 60 19 Coral
475 3710 78 26 Geyser
563 3708 4 33 ;
579 3710 34 20 Ihe
623 3711 67 20 Green
706 3708 62 33 Fool;
786 3715 133 26 Terekerehe,
931 3726 21 12 or

145 3734 51 20 Hell
207 3734 78 23 Geyser
293 3732 4 35 j
308 3734 35 19 the
353 3734 69 21 Siearri
433 3736 103 22 Kainmer.
565 3737 85 21 Guide's
661 3738 32 20 fee
704 3741 21 17 to
736 3741 80 25 Geyser
834 3742 72 25 Valley
915 3732 27 32 'sß-

146 3762 94 18 distance
248 3760 53 19 from
311 3760 34 18 the
355 3760 62 26 hotel,
426 3769 38 13 one
475 3764 52 18 mile.
908 3758 5 9 '
947 3761 5 8 '

252 3814 22 2 _
423 3798 13 6 -
503 3793 24 17 s'o:

68 3814 95 24 THE
182 3812 234 26 AREATEA
433 3814 99 33 TEA,
551 3824 21 13 or
584 3817 80 21 Ladder
674 3819 84 26 Rapids.
788 3819 42 21 The
848 3821 104 23 Grandest

143 3845 79 25 Rapids
233 3845 21 18 in
264 3844 35 19 the
310 3844 102 20 Southern
423 3845 148 26 Hemisphere;
582 3847 74 27 falling
666 3849 21 20 in
706 3850 31 20 six
755 3850 88 21 distinct
859 3854 92 20 cascades

144 3873 95 23 amongst
254 3870 62 21 weird
327 3870 40 19 and
378 3872 76 24 rugged
469 3878 90 20 scenery.
586 3875 97 21 Distance
694 3877 52 19 from
758 3877 36 20 the
813 3878 64 26 hotel,
896 3880 55 21 three

145 3898 63 19 miles.
237 3896 75 21 Saddle
320 3897 71 20 horses
405 3900 22 17 to
438 3897 47 20 visit
495 3899 34 19 the
536 3900 83 25 Rapids,
630 3901 22 21 7a
664 3903 26 19 Cd
699 3904 56 20 each.

68 3944 219 25 KERAPITI
316 3951 22 13 or
348 3944 34 21 the
393 3946 77 19 Devil's
481 3946 96 26 Trumpet
588 3948 16 20 is
621 3951 43 19 said
683 3953 21 18 to
726 3952 50 20 emit
794 3960 13 14 a
826 3960 95 19 pressure
930 3956 21 20 of

145 3972 102 18 1801bBof
261 3974 63 16 steam
335 3973 21 17 to
366 3971 35 20 the
407 3972 54 24 inch,
475 3973 54 19 from
539 3980 26 13 an
580 3978 96 21 aperture
685 3977 23 20 of
727 3979 64 20 about
810 3982 25 18 12
851 3981 69 21 inchea
930 3983 20 19 in

145 3997 102 20 diameter.
275 3997 99 21 Distance
386 3999 53 19 froai
450 3999 55 20 hotel
513 4000 56 20 three
581 4003 38 18 and
631 4009 12 12 a
652 4003 43 20 half
705 4005 56 20 miles
769 3997 4 33 ;
794 4008 70 20 saddle
881 4008 69 22 horses

144 4025 21 17 to
176 4024 47 19 vißit
233 4023 35 21 the
278 4024 68 24 above,
358 4026 55 19 MsUd
424 4026 54 19 each.

473 4058 54 15 ALSO

66 4084 97 28 THE
183 4084 132 25 HUKA
333 4085 169 34 FALLS,
520 4088 35 20 the
572 4089 106 21 Grandest
688 4091 55 21 Balls
753 4095 21 18 in
793 4094 35 20 the
850 4095 100 22 Southern

142 4115 140 23 Hemisphere.
311 4116 40 20 The
363 4117 55 19 Balls
428 4124 45 20 may
489 4121 23 17 be
522 4120 71 19 visited
602 4127 24 12 on
636 4121 35 20 the
682 4128 54 17 same
741 4120 116 30 expedition
871 4133 21 13 as
915 4127 35 21 the

144 4142 61 20 Devil
214 4148 9 12 s
231 4142 101 24 Irumpet.
360 4143 98 21 Distance
467 4145 53 21 from
531 4146 53 21 hotel
595 4148 59 21 three
663 4148 38 21 and
712 4156 11 14 a
734 4150 43 21 half
786 4151 64 23 miles.
875 4153 76 22 Saddle

144 4168 59 26 Jjoree
211 4174 23 16 or
243 4166 69 28 buggj
325 4169 23 21 2s
358 4168 26 22 9d
394 4170 55 23 each,

996 1002 56 23 Under
1061 1004 17 21 th
1099 1004 127 26 distinguished
1234 1004 91 26 Patronage
1336 1004 17 21 of
1362 1004 26 21 his
1399 1004 102 26 Excellency
1511 1004 28 22 the
1549 1004 82 22 Governor
1639 1005 27 21 the
1677 1004 38 21 Earl
1725 1005 18 21 of
1748 1005 75 22 Onslow.

1038 1100 139 65 HOT
1206 1099 305 69 SPRINGS
1554 1101 253 75 HOTEL,

1160 1199 126 46 TE
1317 1199 363 49 HROHH.

1018 1292 54 24 The
1172 1293 129 30 Situated,
1320 1295 45 23 the
1387 1296 68 23 most
1478 1295 188 30 Comfortable,
1691 1295 47 25 the
1764 1295 59 26 best

1200 1328 141 32 appointed
1355 1328 80 24 Hotel
1448 1336 29 16 in
1486 1329 34 24 Te
1534 1329 95 26 Aroha.

1007 1368 110 32 Adjoins
1145 1368 75 33 (with
1243 1369 107 25 Private
1371 1370 143 32 Entrance)
1534 1371 45 24 the
1605 1371 125 25 Thermal
1756 1371 109 33 Springs

976 1401 120 31 Domain,
1109 1402 96 25 Tennis
1217 1404 82 23 Court
1308 1403 29 24 in
1350 1404 120 25 Domain.

1160 1467 156 25 Teems—6s
1327 1476 47 24 per
1387 1467 58 31 Jar,
1464 1470 45 24 30s
1528 1477 46 24 per
1592 1469 73 26 week

1181 1535 22 39 ?.
1225 1535 41 39 H.
1288 1534 156 40 KNOCK
1475 1536 209 48 Proprietor.

975 1616 68 31 _The
1053 1616 64 20 Paths
1127 1618 40 19 nnd
1183 1617 96 27 drinking
1298 1622 71 15 waters
1387 1625 34 13 are
1440 1618 108 28 especially
1567 1620 113 19 efficacious
1699 1620 21 20 in
1740 1620 68 27 Gouty
1827 1621 39 20 and

975 1642 121 22 Rheumatic
1106 1643 110 27 affections,
1225 1644 77 25 Cronic,
1314 1644 121 27 Dyspepsia,
1451 1644 108 23 Disorders
1578 1646 21 20 of
1617 1646 34 19 tho
1671 1645 89 29 Urinery
1779 1648 86 26 Organs,

974 1670 116 20 Cutaneous
1100 1670 99 25 Diseases,
1219 1670 80 27 Splenic
1318 1671 40 20 and
1369 1670 86 28 Hepalic
1466 1672 113 26 Disorders,
1598 1672 95 21 Diseases
1761 1677 21 18 ot
1792 1674 74 21 Exeoss

974 1696 87 26 Acidity,
1072 1695 120 28 Neuralgia,
1208 1697 92 20 Sciatica.

1079 1749 74 21 Public
1163 1749 51 21 Hall
1232 1750 41 20 and
1291 1749 81 28 Sample
1391 1750 65 21 Rooni
1466 1751 109 21 connocted
1585 1752 49 21 with
1644 1752 35 21 the
1691 1751 68 22 Hotel.

1099 2601 131 42 mm

1515 2737 132 37 nkj
1677 2742 9 30 i

1124 2786 58 27 HIGH
1200 2784 35 28 ST.
1256 2784 38 26 and
1313 2784 110 27 YICTORIA
1433 2786 34 26 ST.
1484 2786 64 32 EAST,
1572 2786 128 27 AUCKLAND.

1025 2846 43 21 The
1087 2846 65 20 above
1171 2843 109 22 Favourite
1297 2843 40 19 and
1360 2844 143 21 Commodious
1522 2845 63 20 Hotel
1604 2846 75 20 affords
1698 2847 167 22 EXCELLENT

973 2871 243 22 ACCOMMODATION
1248 2870 32 19 for
1306 2870 141 25 TOURISTS,
1484 2871 181 21 TRAVELLERS
1693 2874 15 18 &
1736 2874 129 21 VISITORS

972 2900 45 20 who
1026 2899 42 20 will
1077 2900 77 19 receive
1165 2904 60 19 every
1235 2896 90 20 Comfort
1339 2897 42 19 aud
1395 2897 112 21 Attention.

1409 2930 10 12 o

1012 2951 82 28 Sample
1104 2952 75 20 Rooms
1189 2951 32 19 for
1231 2949 185 21 COMMERCIAL
1425 2950 183 21 TRAVELLERS
1618 2952 101 20 available
1729 2956 21 17 at
1760 2954 28 19 all
1798 2955 64 20 times.

1024 3005 90 26 Charges
1124 3005 111 19 Moderate.
1260 3001 117 21 SPECIAL
1383 3003 89 21 RATES
1479 3004 33 20 TO
1522 3004 177 21 PERMANENT
1706 3005 156 22 BOARDERS.

1413 3038 10 10 o

1023 3058 106 19 Excellent
1138 3057 88 20 Cuisine.
1255 3055 97 26 Spacious
1365 3056 41 18 and
1425 3056 181 22 Well-Ventilated
1623 3057 117 21 Bedrooms.
1777 3060 86 20 Billiard

972 3085 63 19 Room
1045 3084 50 20 with
1105 3087 39 18 two
1154 3083 104 20 first-class
1268 3082 71 19 tables.
1368 3082 44 20 Hot
1426 3083 16 19 &
1452 3083 52 20 Cold
1517 3083 80 26 Plunge
1607 3085 16 18 &
1634 3084 82 21 Shower
1725 3086 72 20 Baths.

1138 3114 78 25 Wines,
1229 3114 73 26 Spirits
1312 3114 40 19 and
1361 3114 49 19 Ales
1419 3115 22 19 of
1450 3115 35 20 tho
1494 3116 45 19 best
1549 3115 80 20 Brands
1637 3117 53 25 only.

1122 3176 40 38 S.
1193 3175 40 39 C.
1263 3156 460 68 CAULTOl^~Proprietor.

1393 3371 52 26 OP

1021 3425 191 47 Cutlery,
1250 3426 260 44 Hardware,
1548 3429 265 46 Brasswass,

1112 3494 151 36 House
1280 3494 282 48 Furnishing'
1576 3498 143 38 Goods

1254 3552 54 33 (in
1320 3553 99 32 great
1432 3554 147 34 variety)

972 3612 157 39 Nickle
1155 3616 88 35 and
1268 3617 97 35 E,P.
1393 3619 167 45 Spoons
1596 3621 88 35 and
1718 3622 143 36 Forks

1276 3678 96 39 E.P.
1401 3680 157 36 Cruets

1113 3735 88 36 Tea
1226 3735 116 43 Pots,
1368 3738 157 36 Butter
1554 3739 158 38 Dishes

971 3801 103 37 Jam
1093 3803 165 47 Spoons
1515 3808 158 37 Butter
1690 3811 173 36 Knives

1227 3858 146 46 Sugar
1423 3861 150 45 Tongs

1158 3914 81 34 etc.
1381 3917 80 37 etc.
1606 3919 78 34 etc.

1089 4087 83 49 &c
1214 4089 80 50 m
1343 4091 473 52 DICKEY
1816 4097 12 7 -
1841 4134 18 22 ,

1181 4147 98 46 234,
1314 4148 150 47 Queen
1499 4153 154 44 Street,

1100 155 640 60 WAIWERA
1848 156 778 70 SANATORIUM,

1815 236 123 29 AJMU

967 385 89 33 Only
1082 386 44 26 30
1156 386 100 28 miles
1287 386 114 28 North,
1430 386 38 27 of
1494 386 192 32 Auckland,
1717 385 88 28 with
1834 386 96 32 daily
1961 386 294 28 communication
2285 388 87 26 with
2401 388 113 27 Coach
2546 394 40 20 or
2607 386 157 27 steamer

1298 428 54 21 See
1366 428 168 21 advertised
1545 428 83 21 Time
1644 428 78 20 table
1733 427 85 21 oTs.s.
1833 428 79 21 Rose
1923 427 98 27 Casey
2032 428 58 19 and
2107 427 129 22 Butler's
2246 428 33 21 R.
2292 429 38 20 M.
2347 429 106 21 Coach.

966 463 106 64 THE
1096 463 119 24 ABOVE
1229 463 299 25 ESTABLISHMENT
1538 463 139 24 STANDS
1691 463 233 24 UNRIVALLED
1938 471 26 16 as
1982 472 15 15 a
2008 463 92 24 Health
2109 471 28 16 or
2150 463 111 32 pleasure
2274 464 97 29 Resort,
2383 465 49 24 and
2444 465 44 24 has
2500 464 90 33 special
2612 463 152 31 advantages

1054 496 38 24 for
1104 496 77 25 either
1206 497 111 25 Tourists
1332 506 27 15 or
1373 496 116 29 Invalids,

1206 595 250 32 BEAUTIFUL
1476 595 212 40 SCENERY,
1709 596 304 34 SEA-BATHING,
2036 596 201 34 BOATING,
2260 596 186 38 FISHING,
2467 598 56 30 &c

1403 636 163 32 CUSINE
1594 638 87 30 AND
1712 638 116 32 ATTE
1856 637 122 32 ANCE
2011 638 55 30 OF
2095 638 92 31 THE
2211 638 119 30 BEST.

969 678 94 25 Famed
1073 679 37 24 for
1122 679 31 24 its
1166 679 116 24 Curative
1294 678 93 24 natural
1401 678 104 24 medical
1519 679 54 24 Hot
1584 679 102 32 Springs
1699 680 48 24 and
1760 680 82 24 Baths.
1879 680 37 23 As
1929 679 40 24 the
1985 680 101 31 Springs
2099 680 48 23 and
2161 679 73 24 Baths
2247 688 41 15 are
2298 679 41 23 the
2352 685 114 26 property
2478 682 25 22 of
2516 681 40 23 the
2570 678 84 28 Hotel,
2668 678 98 24 visitors

1001 720 41 16 are
1052 712 111 32 supplied
1173 713 57 23 with
1240 711 104 28 Towels,
1357 712 47 22 and
1418 720 43 15 can
1470 713 58 23 take
1537 720 30 16 an
1580 713 127 24 unlimited
1719 714 103 23 number
1835 713 25 24 of
1873 712 74 24 Baths
1961 718 24 18 at
1997 721 46 23 any
2056 713 60 24 time
2128 713 26 23 of
2164 713 40 23 the
2217 713 48 30 day
2279 712 78 27 FREE
2369 713 64 23 from
2446 722 46 23 any
2500 715 90 31 charge
2601 713 132 24 whatever.

1202 752 228 39 TARIFF
1447 753 122 40 PER
1583 753 144 47 DAY,
1747 756 55 38 8s
1816 755 72 45 6d;
1925 753 122 40 PER
2061 753 195 46 WEEK,
2279 753 30 38 3
2368 753 68 40 10.

1171 808 233 32 COTTAGES
1425 809 59 31 TO
1525 809 83 32 LET
1634 810 52 31 BY
1710 809 92 32 THE
1826 808 138 37 WEEK,
1987 808 173 38 MONTH,
2180 809 56 31 OR
2258 808 90 30 THE
2385 809 184 33 SEASON-

968 850 50 24 For
1036 858 46 24 any
1095 850 159 24 information
1268 850 113 32 required
1395 850 82 32 please
1489 851 72 32 apply
1574 857 25 18 to
1612 852 128 31 Manager.

1528 893 59 44 A.
1615 892 53 39 A.
1697 892 204 46 SMITH,
2023 892 279 46 Proprietor.

1886 1230 887 72 COACHINGLINE

2073 1439 537 48 BETWEEN

2002 1622 269 54 Rotoma
2308 1623 117 52 and
2461 1624 220 65 Taupo.

2073 1782 217 28 OFFICIAL
2313 1780 286 29 TESTIMONY.

1990 1842 244 39 HirCHEN'S
2259 1843 150 38 BLOOD
2432 1842 244 39 RESTORER

1886 1890 43 17 Won
1935 1890 42 21 high
1983 1890 73 17 honoars
2062 1891 19 16 at
2087 1891 30 16 the
2123 1890 76 18 Colonial
2204 1890 94 18 Industrial
2303 1891 99 18 Exhibition
2413 1892 38 15 held
2459 1893 18 15 in
2486 1891 109 20 Wellington,
2603 1891 33 16 and
2650 1891 17 16 in
2683 1890 27 15 the
2724 1890 52 15 officio

1924 1912 57 18 report
1988 1911 89 15 submitted
2086 1912 16 13 to
2110 1911 28 16 the
2145 1911 114 16 Government
2270 1911 27 16 the.:
2305 1912 87 19 following
2399 1912 84 16 reference
2490 1916 34 11 was
2531 1912 47 14 made
2585 1913 17 13 to
2609 1911 36 15 it.—
2663 1919 5 4 •

1983 1931 19 15 A.
2015 1931 22 14 11.
2046 1930 87 20 Hitchens,
2136 1930 97 20 Auckland,
2241 1931 47 14 sends
2293 1937 10 8 a
2310 1931 54 19 small,
2372 1932 32 15 but
2411 1932 78 15 valuable
2496 1931 70 18 exhibit,
2574 1930 91 20 consisting
2679 1930 18 16 of
2710 1934 10 11 a
2727 1934 40 15 vege-

1886 1951 43 15 table
1937 1951 92 15 compound
2037 1951 43 14 from
2088 1949 42 17 New
2137 1949 72 17 Zealand
2216 1951 54 18 herbs,
2277 1951 26 14 for
2309 1951 27 15 the
2343 1956 40 10 cure
2390 1952 18 14 of
2422 1951 108 19 Indigestion,
2545 1950 120 18 Rheumatism,
2679 1949 97 16 Rheumatic

1886 1969 47 17 Gout
1941 1970 35 15 and
1981 1969 98 20 Impurities
2084 1969 19 16 of
2107 1969 29 16 the
2143 1970 59 16 Blood.
2225 1969 35 16 The
2263 1970 59 16 maker
2328 1970 34 17 and
2369 1971 83 16 exhibitor
2466 1971 57 16 claims
2536 1971 27 14 for
2579 1970 32 15 this
2622 1970 81 15 medicine
2715 1969 62 15 several

1886 1989 90 20 important
1983 1989 82 20 qualities,
2073 1989 34 16 and
2115 1990 30 15 has
2152 1989 59 19 gained
2218 1989 28 15 the
2256 1991 37 14 iirst
2300 1990 49 15 order
2356 1991 17 15 of
2384 1991 48 14 merit
2440 1991 44 15 from
2491 1991 29 15 the
2530 1990 66 20 judges.
2623 1989 35 16 The
2672 1989 105 20 preparation

1886 2009 12 14 is
1905 2010 31 15 not
1943 2011 18 14 to
1968 2010 20 14 be
1995 2008 105 16 confounded
2108 2009 39 15 with
2155 2009 79 19 ordinary
2241 2010 54 18 quack
2303 2010 95 18 medicines,
2406 2010 87 15 inasmuch
2498 2015 18 10 as
2523 2010 13 15 it
2549 2010 14 15 is
2577 2010 27 15 the
2611 2009 72 19 product
2696 2008 18 16 of
2728 2008 3 20 i

1885 2033 48 15 years
1940 2029 18 14 of
1968 2029 52 19 study
2027 2029 33 15 and
2068 2028 119 20 investigation
2190 2028 22 20 by
2220 2033 21 12 an
2248 2030 74 14 eminent
2329 2030 85 19 physician
2421 2030 19 15 of
2444 2030 29 15 the
2481 2031 50 17 Army
2539 2028 71 17 Medical
2621 2028 47 18 Staff,
2676 2028 41 15 with
2724 2032 52 11 v,,,*,,■,

1886 2049 28 14 the
1922 2048 82 16 exhibitor
2011 2049 58 14 served
2076 2048 61 19 during
2145 2048 28 16 the
2185 2048 42 15 New
2235 2048 71 15 Zealand
2317 2053 35 11 way
2366 2054 17 10 as
2397 2050 79 15 assistant
2486 2050 88 19 Dispenser
2581 2050 18 14 to
2616 2048 28 16 the
2658 2048 42 15 New
2707 2047 70 15 Zealand

1885 2067 65 17 Forces.
1971 2067 27 16 Mr
2005 2067 83 17 Hitohens
2095 2068 74 18 explains
2177 2068 38 15 that
2222 2068 27 15 the
2257 2073 46 10 cures
2311 2069 18 14 of
2336 2069 122 19 Rheumatism,
2466 2070 31 17 etc,
2505 2067 68 17 effected
2581 2068 22 19 by
2616 2067 27 16 his
2653 2067 87 19 medicine,
2751 2071 25 11 arc

1886 2087 31 15 due
1923 2087 70 19 entirely
1999 2089 18 14 to
2025 2087 21 15 its
2054 2086 92 16 wonderful
2154 2086 47 18 effect
2209 2092 44 15 upon
2261 2088 27 14 the
2296 2088 49 15 blood
2357 2089 23 19 by
2394 2088 22 17 its
2423 2089 89 19 cleansing,
2520 2086 92 23 purifying,
2623 2088 34 15 and
2665 2087 111 19 invigorating

1886 2111 60 15 power-
1968 2107 17 16 It
1995 2107 14 16 is
2016 2107 47 16 made
2070 2107 44 15 from
2121 2107 42 15 New
2170 2107 72 16 Zealand
2253 2107 48 15 herbs
2307 2109 34 15 and

2124 2153 222 25 NOTABLE
2381 2155 162 24 CURES.

1886 2186 91 20 Mention
1987 2187 17 19 is
2013 2187 59 19 mado
2082 2186 21 19 of
2114 2186 33 19 the
2157 2186 106 26 following'
2270 2193 23 13 as
2302 2194 12 12 a
2323 2187 39 20 few
2370 2188 22 18 of
2399 2187 35 19 the
2443 2187 109 19 multitudo
2562 2185 21 21 of
2592 2192 57 13 cures
2658 2185 91 20 effected:
2752 2196 24 3 —

1905 2220 136 19 «,.;,.t,Ya-C,apt
2065 2220 94 19 Farquhar,
2167 2225 13 11 s.
2189 2225 13 10 s.
2223 2220 101 17 'Clansman'
2333 2220 3 28 |
2343 2229 47 14 atant
2399 2228 106 20 Dysentery,
2514 2227 62 16 caused
2589 2226 23 21 by
2620 2226 80 20 working
2708 2225 18 16 in
2743 2224 33 17 bad

1885 2240 89 16 Auckland
1979 2241 56 14 whose
2041 2246 36 10 case
2084 2245 34 11 was
2123 2241 96 15 considered
2225 2243 17 14 to
2250 2243 17 14 be
2274 2244 50 17 Hope-
2333 2238 2 29 |
2343 2250 24 15 ui[
2368 2238 1 29 .
2378 2255 8 4 „
2389 2250 23 15 nd
2416 2238 8 9 '
2418 2252 33 13 wet
2459 2238 46 27 mj^
2507 2255 7 9 H
2523 2252 19 12 at
2549 2248 27 16 lhe
2582 2248 14 16 T
2597 2238 11 25 f(
2610 2253 6 10 u

1905 2279 281 20 EbeumatomoftheFeet-Oapt
2205 2280 59 16 James
2264 2280 60 16 Avo-
2364 2270 176 17 Rl'oumatwm-Mr
2547 2269 60 17 James
2615 2269 1 30 :

1885 2299 43 19 dale,
1935 2299 91 16 Auckland
2040 2300 17 16 17
2065 2305 49 14 years
2121 2300 83 19 standing.
2365 2292 98 16 Cancerous
2489 2292 15 16 L
2508 2292 34 15 leer
2561 2297 19 10 in
2599 2290 96 16 Face-Mr
2709 2290 29 16 W.
2756 2290 18 16 O.

1905 2319 100 14 Ithcuraatie
2013 2320 52 19 Gout,
2074 2325 17 10 so
2098 2319 33 15 bad
2139 2319 37 15 that
2183 2320 28 14 the
2218 2320 66 19 patient
2291 2321 33 15 bad
2343 2314 79 19 Wullier,
2432 2314 100 15 Auckland.

1885 2338 37 16 ohe
1928 2337 52 17 lifted
1985 2338 20 16 in
2011 2339 35 15 and
2052 2340 32 15 out
2090 2339 19 15 of
2114 2339 82 17 bed—Mr
2202 2340 29 16 W.
2247 2340 76 19 Hunter,
2364 2334 105 18 Eheumatio
2488 2334 98 17 Gout—Mr
2604 2334 84 15 Edwards
2700 2334 74 18 Waters,

1885 2358 74 15 Or.uond
1966 2359 74 20 Poverty
2051 2359 43 20 Bay.
2343 2356 127 20 Confectioner,
2486 2355 94 19 Auckland;
2590 2355 28 15 Mr
2623 2354 101 16 Alexander
2732 2354 43 16 Bar-

1907 2378 105 16 Rheumatio
2020 2379 107 16 Fever—Mr
2142 2379 72 20 Brown,
2231 2379 93 17 Britannia
2343 2381 39 15 rett.
2392 2378 60 18 Queen
2469 2378 62 18 Street,
2547 2376 90 16 Auckland
2647 2375 88 21 ;MrE.
2752 2375 23 17 D.

1885 2398 76 21 Height,
1976 2399 73 18 Nelson.
2342 2399 93 19 llulstead,
2444 2399 105 20 Veterinary
2557 2398 84 20 Surgeon,
2654 2396 100 17 Auckland.

1907 2420 104 17 Rheumatic
2028 2422 53 20 Gout,
2098 2422 77 21 Dropsy,
2196 2424 59 19 Ague,
2272 2423 52 16 Liver
2353 2420 121 16 Rheumatism
2483 2421 17 15 in
2506 2420 29 16 the
2542 2419 57 16 Knees
2604 2419 34 15 and

1885 2441 105 21 Complaint,
2000 2443 34 16 and
2042 2443 82 16 Stomach
2142 2445 69 20 Cough,
2228 2446 45 14 most
2281 2445 26 15 dis
2314 2440 3 25 ■
2342 2448 22 10 on
2373 2443 23 20 by
2406 2442 79 20 working
2493 2442 17 15 in
2519 2443 53 14 water
2573 2440 50 16 —Mr
2636 2440 7 16 1

1886 2464 95 21 tressing—
1985 2464 28 15 Mr
2030 2464 78 21 Waugb.
2126 2466 85 20 Bombay,
2234 2465 87 18 Waikatc
2342 2464 82 17 Thames.

1885 2485 51 20 given
1946 2491 28 14 up,
1984 2491 22 9 no
2015 2486 45 21 hope
2068 2486 40 16 held
2117 2490 38 17 out,
2164 2488 132 16 recommended
2305 2491 17 13 to
2364 2485 129 18 Rheumatism,
2503 2484 73 20 causing
2587 2484 68 15 intense
2662 2483 49 21 pain,
2719 2483 55 17 which

1885 2511 22 15 go
1915 2507 50 16 luane
1973 2507 35 16 and
2019 2507 36 17 die.
2342 2507 94 21 prevented
2444 2506 29 17 the
2481 2506 67 20 patient
2556 2506 44 15 from
2609 2505 53 20 being
2668 2505 106 16 overturned

1908 2528 129 17 Inflammation
2053 2530 18 16 of
2086 2530 29 16 the
2132 2530 53 16 Liver
2204 2530 35 16 and
2255 2531 68 16 Gastric
2341 2530 18 14 in
2368 2528 33 16 bed
2424 2528 29 16 Mr
2461 2527 58 16 David
2528 2526 61 21 Barry,
2598 2526 41 16 Nov.
2644 2528 37 15 ton.

1884 2549 51 16 Juice
1941 2551 18 14 of
1967 2550 29 16 tho
2008 2551 135 17 Stomach—Mr
2157 2551 78 18 Thomas
2250 2552 71 21 Macky,
2363 2550 74 16 Chronic
2444 2548 152 21 Dysentery—Mr
2604 2549 22 16 A,
2635 2547 84 22 Bettany,
2728 2547 45 17 Pon-

1885 2570 96 22 Merchant,
1991 2573 100 17 Auckland.
2341 2572 54 21 Bonby
2403 2571 55 17 Roud,
2476 2569 95 17 Auckiund.

1906 2591 62 22 Lupus
1973 2594 29 16 oft
2006 2596 21 14 ho
2032 2594 46 18 Face
2082 2594 48 16 —Mr
2135 2594 84 21 Dickson,
2229 2595 93 17 Auckland
2363 2593 75 15 Chronic
2453 2591 122 16 Rheumatism
2594 2591 19 15 in
2632 2591 30 16 the
2670 2591 55 21 spine,
2737 2591 36 21 hip,

1907 2614 104 17 Rheumatic
2020 2617 101 16 Gout—Mr
2143 2617 99 20 Blackmau,
2258 2617 63 16 'Even-
2341 2615 48 19 knee,
2397 2614 59 20 joints,
2470 2613 35 15 calf
2513 2612 19 16 of
2542 2613 29 15 the
2585 2613 34 20 leg,
2640 2613 34 15 and
2695 2612 78 18 toes—T.

1884 2636 30 19 hig
1924 2636 44 15 Star'
1978 2636 53 21 office,
2044 2638 103 17 Auckland.
2341 2635 79 22 Morgan.
2430 2634 63 16 Mount
2500 2634 50 15 Eden
2560 2633 55 21 Road,
2624 2634 98 16 Auckland.

1906 2656 122 18 Rheuuiatism
2037 2659 19 16 of
2072 2661 21 15 i'i
2113 2659 56 21 years'
2187 2659 135 21 standing—Mr
2340 2657 105 16 Rheumatic.
2453 2655 54 21 Gout,
2518 2655 58 16 which
2585 2655 78 16 coLfinod
2672 2655 30 16 the
2707 2656 67 20 patient

1885 2677 77 18 William
1971 2678 85 23 McEvoy,
2066 2681 39 17 Pitt
2112 2681 80 22 Terrace,
2200 2681 98 16 Auckland.
2340 2681 17 13 to
2366 2678 27 16 his
2401 2678 31 15 bed
2440 2677 28 16 for
2479 2676 109 17 weeks—Mr
2594 2676 22 17 T.
2625 2677 19 16 J.

1905 2700 79 20 Sciatica,
1995 2702 33 15 and
2037 2702 145 21 Lumbago—Mr
2190 2703 23 16 N.
2221 2702 98 20 McMillan,
2340 2699 96 20 Ponsonby,
2446 2698 99 16 Auckland.

1884 2721 68 16 Vulcan
1960 2721 55 22 Lauo,
2024 2724 100 16 Auckland.
2367 2720 74 17 General
2459 2720 81 20 Debility
2552 2720 34 15 and
2606 2719 116 21 Indigestion,
2740 2720 33 16 and

2021 2744 38 18 Mrs
2069 2746 48 18 Man
2130 2746 59 20 Knox,
2199 2746 73 21 Rokeby
2286 2746 19 15 St
2315 2741 3 26 ,
2339 2742 82 20 inability
2429 2744 18 13 to
2455 2742 43 20 keep
2505 2741 87 20 anything
2606 2746 22 11 on
2637 2742 30 16 the
2674 2742 98 16 stomacli—

2339 2764 29 16 Mr
2376 2763 64 16 Gerald
2449 2764 62 18 Grace,
2521 2762 61 21 Kyber
2587 2763 48 20 Pass,
2641 2763 99 17 Auckland.

1904 2786 135 18 Sciatica—Mrs
2046 2789 19 17 J.
2074 2789 91 20 Renwick,
2180 2789 59 16 Drako
2255 2789 63 19 Street,
2373 2784 125 17 Sciatica—Mr
2514 2784 47 16 John
2576 2784 51 21 Ross,
2644 2784 51 16 Duke
2710 2784 61 18 Street.

1886 2808 95 17 Ai,..Hn„d.
2338 2806 99 16 Auckland,

1967 2831 58 16 latism
2034 2832 18 16 of
2060 2833 20 15 20
2088 2833 57 20 years'
2162 2833 83 19 standing
2262 2831 56 16 which
2359 2827 97 20 Discharge
2462 2828 17 15 ot
2488 2827 55 16 Blood
2551 2829 45 14 from
2603 2827 29 17 the
2637 2827 136 21 Bowels—Copt

1968 2857 22 10 on
1995 2853 75 16 Asthma
2078 2854 35 15 and
2119 2854 122 20 Dropsy—Mr
2248 2853 70 16 Samuel
2337 2850 20 16 T.
2367 2849 93 20 Aldridge.

1884 2873 53 17 Field,
1948 2873 46 16 Lorn
2003 2874 57 16 SUeet
2067 2876 99 16 Auckland.
2358 2871 53 16 Great
2419 2870 80 21 Debility
2507 2871 33 16 and
2546 2870 87 22 Bleeding
2640 2872 20 15 at
2667 2871 30 16 the
2704 2870 67 17 Nose—

1903 2893 204 20 Eheuma'dsm—MrH.
2116 2897 64 21 Lewis,
2191 2897 60 18 Queen
2260 2895 58 17 Street
2336 2892 29 16 Mr
2373 2892 75 16 Thomas
2455 2892 83 21 Pellican,
2554 2892 100 21 Ponsonby.

1883 2915 97 18 Auckland.
2357 2913 98 21 Neuralgia
2463 2914 35 15 and
2507 2913 81 17 Nervous
2596 2913 139 22 Debility—Mrs
2746 2913 25 17 E.

1903 2937 75 17 Sciatica
1987 2939 33 16 and
2028 2939 145 22 Lumbago—Mr
2181 2940 51 17 Chaa.
2243 2940 73 21 Honey-
2337 2935 63 21 Waite,
2409 2935 101 16 Auckland,

1883 2958 66 22 combe,
1957 2959 99 20 Auoklund.
2357 2956 119 17 Aftereffects
2491 2957 19 16 of
2516 2956 105 17 Rheumatic
2639 2957 61 20 Fever,
2716 2956 55 17 which

1910 2981 104 17 Rheumatic
2032 2982 99 18 Gout—Mr
2146 2982 62 21 Elliot,
2225 2983 90 20 McGuire,
2335 2978 33 16 loft
2376 2979 29 15 the
2413 2978 70 20 patient
2490 2978 129 22 helpless—Mr
2627 2979 49 15 John
2684 2978 25 16 H.
2718 2978 53 16 Jones

1882 3001 107 23 Contractor,
1999 3004 100 17 Auckland.
2336 3000 100 15 Auckland.

1903 3023 74 17 Chronic
1997 3024 174 18 Rheumatism—Mr
2189 3026 69 16 Ronald
2277 3026 37 16 Mc-
2356 3021 71 21 Kidney
2436 3021 74 17 Diseaso
2519 3022 34 16 and
2559 3021 93 22 Lumbago
2664 3022 19 16 of
2690 3021 79 22 20years'

1884 3045 71 21 Donald,
1964 3047 89 16 Ec'leston
2142 3048 80 16 Thames.
2335 3042 135 20 standing—Mr
2481 3043 80 17 William
2568 3043 60 21 Trice,
2638 3043 67 21 Poplar
2719 3043 52 16 Faim

1903 3066 114 22 Indigestion,
2030 3068 75 17 Goueral
2120 3069 85 21 Debility,
2221 3069 34 16 and
2269 3069 45 16 Con-
2384 3064 83 17 Howick.

1881 3101 65 20 Tkeso
1956 3108 57 13 cures
2023 3108 33 13 are
2063 3102 28 19 all
2101 3102 86 19 attested
2197 3102 28 25 by
2234 3101 139 23 testimonials,
2382 3100 67 20 which
2458 3101 35 19 the
2507 3101 151 20 manufacturer
2667 3101 42 25 has,
2720 3100 51 21 'with

2118 3128 104 20 hundreds
2232 3128 21 19 of
2262 3127 73 24 others,
2345 3127 21 19 in
2372 3127 32 19 his
2413 3127 120 26 possession.

1968 3181 41 16 Sold
2018 3181 24 21 by
2053 3181 24 16 all
2082 3181 105 20 respectable
2198 3180 84 16 Chemibts
2289 3180 35 16 and
2336 3181 52 16 Joro
2413 3185 44 16 pers,
2467 3180 35 16 and
2512 3179 24 22 by
2549 3179 29 17 the
2585 3180 104 21 proprietor,
2777 3179 1 23 ,

1987 3207 29 19 H.
2025 3207 24 19 A.
2062 3207 28 19 H.
2102 3205 151 24 HITCHENS,
2265 3207 24 17 50
2312 3205 125 20 Short-land
2448 3207 85 23 Street,
2543 3205 121 21 Auckland.
2777 3198 1 32 '

1988 3268 68 20 JUST

1898 3300 23 30 \
1944 3299 69 20 FINE
2027 3298 172 22 COLLECTION
2213 3298 22 18 of
2253 3297 64 20 Coffin

1890 3325 9 21 I
1915 3328 11 18 |
1962 3325 116 25 Furniture,
2089 3327 52 17 Lace
2149 3324 40 20 and
2199 3323 116 27 Coverings,

1882 3353 51 20 Will
1940 3353 26 19 be
1977 3352 95 27 Bupplied
2081 3355 20 16 to
2110 3351 35 19 the
2155 3350 56 20 trade
2218 3350 69 25 cheap.

2137 3386 18 19 J.
2171 3384 19 20 J.
2206 3384 80 20 KEYS.

1905 3452 45 38 W.
1970 3449 317 47 Blomfield&Co,,

1881 3511 207 21 TQTALISATOR
2106 3509 206 26 PROPRIETORS-

1907 3549 41 18 Are
1955 3548 99 24 prepared
2063 3548 19 17 to
2096 3546 56 20 make
2159 3549 154 22 arrangements

1881 3581 26 12 on
1927 3574 118 19 favourable
2064 3574 63 19 terms
2150 3573 33 20 for
2198 3572 36 21 the
2243 3579 38 14 use
2292 3574 21 19 of

1881 3600 53 20 their
1943 3600 108 19 machines.

2053 3640 101 20 Address

1882 3680 46 40 W,
1963 3679 189 36 Blomfield
2187 3678 36 37 &
2257 3678 55 42 Co.

1949 3725 106 35 QUEEN
2115 3725 130 35 STREET,

2011 3758 172 28 AUCKLAND.

2334 3265 114 35 ADVICE,
2469 3266 149 15 PERSONALLY
2635 3266 30 15 OR
2676 3266 31 16 BY
2716 3266 40 15 LET-

2511 3285 51 19 TEE,
2572 3285 65 16 FREE.

2353 3324 38 16 DR.
2407 3325 56 15 NEIL
2474 3325 29 15 has
2520 3324 75 20 pleasure
2608 3325 18 15 in
2641 3325 91 19 informing
2745 3325 25 15 his

2333 3346 72 17 patrons
2413 3346 33 14 and
2455 3345 28 15 the
2490 3345 57 18 public
2554 3344 36 15 thai
2600 3344 20 15 he
2627 3344 30 16 has
2667 3345 67 15 secured
2742 3345 28 16 tbc

2333 3363 69 16 services
2410 3364 18 15 of
2437 3368 11 11 a
2454 3364 93 19 competent
2553 3368 79 15 manager
2641 3365 28 15 for
2679 3364 25 15 his
2714 3365 44 15 Auck-

2334 3383 41 15 land
2393 3384 78 18 business,
2489 3383 56 15 whoso
2561 3383 69 15 medical
2648 3384 73 19 training
2737 3384 32 14 and

2331 3403 74 18 hospital
2419 3403 96 19 experience
2526 3403 68 15 enables
2610 3403 33 15 him
2661 3404 18 15 to
2689 3403 37 19 give
2742 3403 27 14 the

2331 3422 37 15 best
2375 3422 59 16 advice
2441 3423 26 14 for
2474 3422 28 16 the
2513 3422 89 15 treatment
2608 3422 19 15 of
2634 3422 75 16 diseease.

2352 3450 66 16 BALM
2437 3450 28 16 OF
2484 3449 146 17 GILEAD.—The
2646 3450 71 19 greatest
2728 3449 40 16 Cold

2331 3474 49 10 curer
2397 3469 18 15 of
2425 3469 29 15 the
2464 3469 41 20 ege;
2524 3469 29 14 bus
2567 3469 49 15 cured
2633 3469 44 16 colds
2694 3469 18 15 of
2725 3469 43 14 from

2331 3494 50 10 seven
2389 3490 18 14 to
2414 3490 29 15 ten
2454 3494 48 15 years
2513 3489 83 19 standing.
2618 3489 52 19 Price,
2682 3489 16 15 2s
2709 3489 20 15 6d
2738 3492 30 15 per

2331 3508 59 16 bottle.

2352 3542 66 16 LUNG
2432 3542 151 16 BALSAM—WiII
2594 3548 38 10 cure
2650 3541 117 20 Consumption

2333 3562 17 15 in
2359 3562 21 15 its
2389 3562 45 19 early
2442 3567 18 10 or
2470 3562 61 15 middle
2542 3563 59 18 stages.
2622 3562 45 15 Miss
2678 3562 88 19 Russell,

2331 3581 78 15 Woollen
2427 3581 52 19 Mills,
2497 3581 97 19 Onehunga,
2612 3581 63 20 speaks:
2733 3585 35 11 was

2331 3605 52 15 gsven
2391 3605 23 14 up
2421 3601 22 19 by
2450 3602 33 14 two
2496 3601 65 15 doctors
2575 3601 55 15 defore
2644 3600 9 15 I
2663 3600 104 16 commenced

2332 3620 60 19 taking
2406 3624 42 15 your
2463 3621 49 18 Lung
2531 3620 71 18 Balsam,
2620 3619 33 16 and
2676 3619 8 15 1
2702 3620 66 16 declare

2331 3639 75 16 without
2416 3644 33 15 any
2460 3640 119 19 exaggeration
2590 3639 37 15 that
2644 3638 13 15 it
2674 3639 49 15 saved
2740 3644 28 13 my

2331 3660 36 15 life.
2392 3659 39 19 Any
2451 3659 68 16 sufferer
2529 3659 58 14 should
2597 3657 118 17 communicate
2727 3659 41 16 with

2330 3678 45 20 me.''
2400 3679 48 16 Price
2455 3680 18 15 2s
2481 3678 20 16 6d
2505 3683 30 14 per
2542 3678 55 18 buttle;
2615 3678 32 15 five
2657 3677 27 16 for
2695 3678 31 16 10s.

2356 3720 102 16 CASCARA
2475 3716 148 19 BITTERS—The
2633 3716 39 20 only
2683 3718 36 15 real
2729 3722 39 12 cure

2331 3740 27 15 for
2376 3739 103 18 costiveucss,
2497 3736 106 20 Indigestion,
2619 3736 91 17 Hcadacho
2731 3738 34 15 and

2334 3759 102 17 Flatulence,
2448 3758 67 18 making
2529 3761 10 9 a
2554 3755 87 16 miserable
2657 3755 30 16 life
2704 3756 62 20 happy:

2333 3778 38 16 well
2382 3778 60 16 named
2453 3778 21 18 by
2484 3777 46 14 thoso
2541 3775 35 15 who
2586 3774 43 15 have
2639 3776 42 15 used
2691 3776 14 15 it

2333 3798 111 16 Suffebeh's
2564 3794 46 16 Price
2617 3795 18 15 2s
2643 3795 20 15 Gd
2670 3800 30 15 per
2705 3796 61 16 bottle-

2354 3835 66 15 Ladies
2448 3834 128 15 CoMi'lexions
2604 3831 90 16 beautified
2720 3831 47 16 made

2333 3854 53 18 clean,
2394 3854 69 19 pimples
2474 3851 32 16 and
2517 3850 72 16 blotches
2599 3851 78 15 removed
2686 3852 23 19 by
2719 3851 49 19 using

2333 3878 32 10 our
2376 3873 70 16 LIVER
2455 3870 74 19 TONIC,
2540 3870 53 15 which
2604 3870 14 16 is
2629 3871 34 14 also
2679 3871 29 16 the
2725 3872 43 14 most

2333 3892 90 16 successful
2431 3896 39 11 cure
2477 3890 26 14 for
2509 3889 100 17 Biliousness
2620 3890 33 15 and
2663 3890 23 16 all
2697 3891 70 15 diseases

2333 3913 19 15 of
2359 3913 28 14 the
2395 3912 46 15 liver.
2462 3910 46 15 J'rice
2514 3910 17 13 2s
2536 3909 21 14 (id
2563 3914 29 14 per
2597 3910 58 18 buttle;
2662 3911 32 15 five
2701 3910 27 15 fur
2735 3910 31 15 10s.

2354 3931 64 16 hush
2435 3929 57 16 moss
2509 3928 48 15 >rv>
2578 3929 47 16 cod
2642 3929 70 16 livek
2730 3929 37 15 oil

2335 3948 173 19 EMULSION—The
2557 3948 33 15 and
2594 3949 82 19 Cheapest
2682 3948 84 17 Emulsion

2334 3970 18 15 in
2359 3970 28 15 tho
2397 3970 70 14 market;
2476 3973 10 10 a
2498 3967 61 19 special
2572 3972 39 12 cure
2624 3969 27 14 for
2657 3968 71 19 wasting
2735 3967 32 16 and

2335 3990 79 19 debility.
2435 3988 48 15 Price
2489 3987 18 15 2s
2517 3991 30 15 per
2557 3987 60 16 bottle.

2358 4023 32 16 DR
2401 4022 79 18 NEIL'S,
2497 4021 154 21 Wcllesley-street
2664 4022 42 15 East
2736 4022 30 19 (tw

2335 4043 50 15 doors
2394 4043 52 14 above
2453 4042 52 15 Slilnc
2514 4041 32 15 and
2551 4041 85 20 Choyce's,
2641 4042 14 15 is
2662 4041 104 19 thecheapee

2335 4062 50 15 house
2391 4063 18 14 to
2413 4062 35 18 buy
2451 4061 63 16 Patent
2519 4061 33 14 and
2556 4061 118 20 Homeopathic
2677 4060 90 16 Medicines

2335 4082 55 14 Toilet
2407 4080 93 19 Requisites
2521 4080 34 16 and
2574 4080 89 20 Druggists
2683 4079 83 17 Sundries.

2346 4101 43 16 [orbs
2396 4100 33 15 and
2436 4100 61 15 Herbal
2507 4100 122 18 Preparations.

2470 4127 85 18 ADVICE
2570 4128 59 16 FREE

2353 4157 94 19 Manauise;
2462 4157 19 17 P,
2495 4157 24 18 M.
2528 4156 95 18 MACKAY
2632 4155 70 22 (trained.
2712 4155 53 17 Aber-
