2510 4010
1329 1700 168 24 SHIPPING
1515 1701 272 25 INTELLIGENCE.

1489 1753 141 21 ARRIVED.

1295 1786 62 27 April
1368 1787 32 23 13,
1411 1787 102 21 schooner
1521 1788 74 25 Anita,
1607 1789 48 23 219,
1665 1788 77 25 Beech,
1752 1789 53 20 from
1816 1790 34 19 the

1269 1814 67 19 South
1347 1814 79 19 Island.

1295 1841 62 26 April
1374 1842 32 23 14,
1424 1842 48 27 ship
1488 1842 87 21 Martha
1589 1843 101 25 Bidgway
1692 1858 10 10 r
1712 1843 49 25 621,
1777 1844 73 24 Webb,

1268 1868 54 21 from
1332 1868 88 21 Nelson.

1297 1896 117 27 Same-day,
1425 1899 68 19 cutter
1500 1898 115 25 Pickwick,
1627 1898 26 21 38
1662 1902 56 20 tons,
1730 1898 74 27 Styles,
1812 1902 39 24 put

1269 1923 60 20 back.
1340 1926 7 21 ;

1296 1951 120 30 Same^iky,
1431 1952 117 26 brigantine
1564 1953 121 25 Vanguard,
1703 1954 35 24 61,
1756 1954 95 26 Murray,

1267 1978 55 20 from
1350 1978 89 21 Nelson.
1482 1980 123 27 Passengers
1608 1992 25 3 —
1634 1981 80 21 Messrs
1742 1982 108 24 Schroder,

1267 2005 101 24 Wallace,
1379 2006 86 24 Sutton,
1479 2007 27 20 D.
1517 2008 87 19 Smith...
1604 2008 126 23 Jßoßinson;
1745 2008 34 17 W.
1795 2008 56 19 Pitz-

1468 2046 5 10 J
1473 2029 138 27 '*Pfobyn,"B.
1622 2028 115 27 Jofiifston,
1751 2032 104 25 Millgatt7

1269 2056 111 18 Williams.

1403 2098 3 11 1
1504 2102 114 20 SAILED.

1296 2135 62 26 April
1377 2136 33 22 13,
1418 2151 2 4 .
1430 2136 117 26 brigantine
1566 2137 57 25 Ann,
1644 2138 35 24 62,
1698 2137 97 27 Higgins,
1817 2138 34 21 for

1270 2162 98 21 Hawke's
1380 2163 49 24 Bay.

1297 2190 61 20 Same
1374 2190 46 26 day,
1438 2190 116 27 brigantine
1572 2192 104 26 Cheerful,
1695 2193 47 26 124,
1761 2192 90 26 Patrick,

1268 2220 34 20 for
1312 2218 90 26 Sydney.

1295 2246 61 26 April
1374 2246 32 23 15,
1416 2246 110 26 rschqoner
1540 2248 82 24 Henry,
1641 2248 33 24 17,
1691 2248 119 26 Daymond,
1818 2249 33 20 for

1270 2274 83 25 Cloudy
1362 2273 44 26 Bay
1415 2274 42 19 and
1468 2274 70 21 Queen
1545 2273 11 22 '
1556 2273 124 22 Charlotte's
1690 2275 80 21 Sound.

1298 2301 60 20 Same
1375 2300 45 26 day,
1430 2301 89 27 barque..
1524 2302 79 26 Bright
1618 2303 82 26 Planet,
1717 2303 46 26 187,
1775 2303 76 21 Morri-

1270 2335 47 18 son,
1326 2328 34 20 for
1369 2328 91 25 Sydney.
1561 2340 2 5 <

1494 2380 33 20 IN
1542 2380 76 20 PORT.

1324 2413 90 26 Barque'-
1419 2414 110 25 Clydeside,
1542 2414 129 22 Mathieson.

1324 2441 108 20 Schooner
1444 2441 103 21 Governor
1556 2443 92 23 Robson,
1660 2443 97 21 Skelton.

1326 2469 82 26 Barque
1413 2469 136 25 'Brougham,'
1554 2469 118 22 Robinson.
1721 2476 3 4 •
1742 2471 19 10 '"

1326 2496 108 20 Schooner
1446 2497 152 26 Perseverance,
1609 2497 86 27 Bishop.
1726 2508 4 3 ■
1750 2500 3 7 '
1780 2502 3 5 '

1327 2523 107 20 Schooner
1561 2525 57 24 Ann)
1630 2526 85 26 Swany.'
1752 2529 3 4 '

1436 2550 98 24 Blossom,
1545 2552 80 20 Tulett.
1632 2557 5 4 -
1655 2558 4 3 -

1327 2578 74 21 Cntter
1409 2578 70 26 Royal
1489 2579 98 24 William,
1593 2583 3 4 '
1599 2579 84 22 Lovett.
1710 2578 1 6 '

1326 2606 108 19 Schooner
1442 2606 73 24 Mana,
1527 2606 65 21 Wild.

1327 2633 107 20 Schooner
1443 2632 65 26 Ariel,
1519 2634 142 21 Mulholland.

1439 2662 81 23 'Anita',
1530 2662 78 21 Beech.*
1620 2665 4 3 *

1326 2688 53 26 Ship
1388 2684 89 25 MartKa
1486 2689 107 25 Ridgway',
1604 2690 75 24 Webb.
1698 2702 3 5 •

1326 2716 75 20 Cntter
1409 2716 115 25 Pickwick,
1536 2716 77 26 Styles!

1326 2743 123 26 Brigantine
1462 2744 126 26 Vanguard,*
1590 2744 96 27 Murray.

1266 2792 93 75 New
1390 2792 216 75 Zealand
1637 2792 217 75 Gazette

1315 2867 68 22 AND
1396 2867 214 31 WELLINGTON
1623 2869 184 22 SPECTATOR.

1392 2919 137 28 Saturday^
1538 2922 75 22 April
1628 2924 34 25 16,
1672 2924 61 20 1842.

1881 129 67 24 river.
1984 129 50 24 Not
2046 129 57 31 long
2113 129 70 30 since,
2195 138 61 16 some
2268 131 89 23 natives
2358 137 3 5 1
2368 129 95 26 ordtered

1881 162 62 24 them
1961 162 38 29 off,
2017 159 199 34 an'd&;they/came
2220 189 3 8 i
2226 167 29 20 to'
2266 164 59 24 Port
2336 160 130 27 Nicnolsto-'

1880 195 35 23 for
1927 195 86 24 advice.
2047 195 52 23 The
2117 195 79 25 Police
2208 197 135 31 Magistrate
2356 197 109 26 imme.da-

1880 228 60 31 ately
1952 228 135 31 despatched
2099 228 37 23 his
2147 228 61 25 chief
2222 230 116 24 constable
2357 234 24 19 to
2399 237 65 16 warn?

1880 261 39 23 the
1942 261 100 23 Maories
2063 261 89 30 against
2171 270 44 23 any
2232 268 37 19 act
2288 263 26 24 of
2328 263 135 31 aggressions

1880 301 61 23 upon
1960 294 38 23 the
2018 293 105 29 settlers;
2143 294 40 24 but
2201 303 29 16 on
2245 296 146 30 Wednesday
2408 296 54 29 last,

1881 326 152 31 R.angaiheta,
2044 326 117 33 despising
2172 327 37 25 the
2220 328 72 25 feeble
2302 329 62 24 force
2375 333 25 20 at
2411 329 49 24 Mr.

1881 359 123 32 Murphy's
2014 355 134 34 'command,
2172 362 126 24 assembled
2319 362 70 24 about
2411 362 51 32 fifty

1880 401 61 20 men,
1960 392 77 24 armed
2040 401 7 22 j
2056 392 54 24 with
2126 401 66 22 guns,
2209 395 88 30 pistols,
2321 395 55 24 and'
2388 400 73 20 toma-

1880 423 96 32 hawks,'
1985 425 45 24 and
2039 426 125 30 proceeded
2175 431 22 19 to
2208 427 38 23 the
2261 428 65 31 place
2336 428 76 25 where
2423 430 39 23 the

1880 458 91 24 settlers
1998 458 44 24 had
2069 458 76 31 partly
2173 460 88 24 erected
2288 461 50 24 four
2368 461 94 25 houses.

1881 491 146 31 Rahgaiheta
2044 491 93 24 refused
2158 491 65 24 offers
2252 494 26 23 of
2418 495 45 24 and

1881 524 94 24 ordered
1987 524 35 24 his
2034 524 80 31 people
2136 528 23 19 to
2181 524 110 26 demolish
2310 527 39 23 the
2369 528 94 29 houses,

1880 557 74 24 which
1966 558 54 30 they
2027 557 38 24 did
2075 557 135 31 effectually.
2240 558 66 32 They
2317 559 47 24 also
2376 561 88 24 carried

1880 591 33 24 off
1921 591 40 24 the
1971 590 123 25 materials.

1893 628 5 6 '
1912 624 66 29 Now,
1990 623 38 25 the
2039 624 105 31 question
2155 624 79 29 arises,
2244 623 100 25 whether
2353 625 46 25 this
2411 632 51 19 out-

1879 665 54 23 rage
1955 658 20 23 is
1994 662 23 19 to
2035 664 53 24 pass
2106 656 162 32 unpunished?
2303 658 52 23 The
2374 661 88 25 natives

1879 690 57 24 have
1948 691 88 30 clearly,
2042 691 58 23 been
2111 690 74 31 guilty
2201 689 24 24 of
2239 690 45 24 riot
2300 691 47 23 and
2357 691 105 33 robbery,

1880 724 56 23 after
1946 724 85 30 having
2037 723 104 24 received
2149 722 38 25 the
2194 724 102 30 warning
2303 724 26 23 of
2338 724 38 24 the
2384 724 88 28 Police.

1880 756 145 31 Magistrate.
2057 756 67 31 They
2131 756 56 24 have
2199 761 40 19 not
2246 756 40 24 the
2293 764 83 17 excuse
2388 766 75 16 some-

1880 790 67 23 times
1958 794 35 19 set
2004 797 37 24 up,
2053 790 50 23 that
2114 790 38 23 the
2169 794 106 28 property
2286 790 45 23 had
2348 795 41 19 not
2406 791 59 25 been

1880 822 56 29 sold,
1948 823 35 23 for
2002 822 145 31 Rangaiheta
2163 823 95 23 himself
2265 827 52 20 'was
2335 832 14 15 a
2364 829 68 26 party
2439 823 38 26 to'

1880 855 44 24 the.
1930 856 46 23 sale
1989 855 25 24 of
2023 855 105 29 Porirua,
2141 856 44 23 and
2197 856 102 25 received
2310 865 64 16 some
2385 858 27 23 of
2424 858 39 24 the

2028 889 3 6 '
2131 886 94 33 .;'"-.
2465 903 8 15 >

1913 922 25 23 It
1943 921 56 24 .will'
2006 929 55 16 soon
2072 922 31 23 be
2113 929 55 16 seen
2180 922 106 25 .whether
2305 923 39 24 the
2360 924 102 25 Queen's

1880 955 114 31 authority
2006 956 20 22 is
2037 960 23 19 to
2078 955 29 23 be
2126 955 104 23 enforced
2247 956 58 29 here,
2317 965 26 15 or
2427 957 36 25 for

1879 996 115 15 measures
2006 996 37 15 are
2056 989 23 22 in
2090 996 108 24 progress
2216 992 23 19 to
2252 989 73 31 ;bring
2336 989 49 24 that
2398 991 65 30 point

1880 1027 22 17 to
1922 1022 75 23 issue.-
2031 1022 54 27 ,The
2105 1022 82 23 Crown
2207 1022 138 24 Prosecutor
2367 1023 48 24 will
2434 1024 29 24 be

1880 1055 71 23 called
1971 1063 60 23 upon
2048 1059 22 19 to
2091 1055 99 31 perform
2215 1055 36 23 his
2275 1056 62 32 duty,
2361 1056 45 25 and
2424 1057 39 24 the

1879 1088 80 23 rioters
1978 1088 47 24 will
2041 1088 28 23 be
2089 1088 108 24 indicted.
2208 1098 1 7 >
2241 1088 51 24 The
2313 1090 107 24 evidence
2442 1091 26 23 is>

1879 1121 59 24 clear
1945 1121 45 24 and
1996 1121 77 28 direct,
2082 1121 120 31 especially
2209 1123 95 29 against'
2311 1123 158 31 Rangaiheta,,

1879 1154 54 23 who'
1940 1154 40 24 has
1992 1154 108 24 rendered
2112 1154 93 24 himself
2213 1155 68 23 liable
2289 1160 22 19 to
2322 1161 141 27 transporta-

1879 1188 47 23 tion
1937 1187 36 24 for
1983 1192 38 19 ten
2039 1196 67 22 years
2118 1196 25 15 or
2162 1188 174 30 imprisonment
2347 1189 35 24 for
2399 1190 64 24 three

1879 1228 73 23 years.
2039 1230 5 5 r
2048 1229 11 4 ~
2176 1231 3 5 ■
2336 1232 11 18 ;
2440 1232 3 3 ■
2461 1232 13 3 -

1912 1255 23 22 A
1947 1253 67 24 small
2024 1253 60 31 body
2096 1254 25 23 of
2135 1253 93 26 soldiers
2246 1254 81 31 placed
2337 1255 76 24 tinder
2425 1256 39 24 the

1880 1287 76 23 orders
1968 1287 26 23 of
2002 1287 38 23 the
2049 1286 80 24 Police
2140 1287 137 30 Magistrate
2289 1288 75 24 would
2370 1289 33 26 .be
2414 1290 49 23 suf-

1870 1321 85 22 -ficient
1967 1325 22 18 to
2000 1324 94 27 prevent
2105 1320 65 23 these
2178 1325 106 27 .outrages
2291 1326 12 24 ;~
2314 1321 43 24 but
2366 1322 99 32 Captain

1880 1353 97 24 Hobson
1997 1353 106 32 pretends
2121 1353 49 24 that
2187 1353 29 24 he
2227 1359 82 19 cannot
2319 1362 69 23 spare
2408 1364 57 16 even

1879 1386 49 24 half
1936 1395 14 15 a
1962 1394 109 23 company
2079 1385 36 25 for
2123 1386 85 24 Cook's
2220 1387 92 24 Straits.
2340 1388 44 24 We
2395 1389 79 24 know'

1879 1420 59 23 what
1950 1420 51 23 that
2015 1427 78 16 means
2105 1420 50 23 well
2173 1418 98 33 enough.;
2278 1424 13 13 :
2300 1421 50 24 'We
2362 1430 39 16 are
2412 1423 51 23 well

1879 1458 71 19 aware
1962 1453 49 23 that
2021 1453 38 23 the
2070 1453 169 24 withdrawalof
2248 1454 38 24 the
2296 1455 102 31 military
2404 1455 59 24 from

1879 1486 57 24 Port
1953 1486 125 24 Nicholson
2096 1494 46 15 was
2154 1494 43 15 one
2215 1491 52 26 part
2272 1486 35 24 'of
2315 1479 159 34 thlTscheme-

1879 1519 33 24 for
1924 1520 136 31 un-settling
2078 1519 46 23 this
2141 1523 51 27 part
2212 1519 25 24 of
2312 1520 96 32 Colony,
2431 1523 31 31 by

1879 1554 99 30 creating
1991 1561 29 16 an
2036 1553 135 31 impression
2183 1552 49 24 that
2242 1553 103 31 persons'
2354 1555 45 23 and
2409 1563 54 24 pro-

1879 1591 64 26 perty
1955 1594 37 16 are
2004 1587 103 23 insecure
2119 1585 62 24 here.
2217 1586 58 24 This
2288 1587 80 31 might,
2377 1588 29 23 be
2418 1589 44 23 dif-

1879 1619 63 24 ficult
1961 1620 26 23 of
2001 1618 76 32 proof
2077 1631 30 4 —
2107 1619 35 23 for
2157 1627 45 23 you
2220 1625 82 18 cannot
2320 1629 72 15 swear
2404 1626 23 19 to
2449 1631 14 15 a

1878 1653 73 23 man's
1962 1652 108 31 thoughts
2080 1652 61 26 ;-but
2152 1652 64 24 when
2223 1653 69 24 taken
2303 1654 24 23 in
2336 1655 128 24 connexion

1879 1686 54 23 with
1943 1686 64 23 other
2018 1690 62 27 parts
2088 1686 26 23 of
2121 1685 37 24 the
2171 1685 136 25 Governor's
2317 1688 98 23 conduct
2426 1688 38 24 the

1879 1719 113 23 inference
2010 1719 104 23 becomes
2133 1719 155 25 unavoidable.
2324 1721 48 23 But
2389 1721 22 23 if
2427 1730 37 15 re-

1879 1752 65 31 gular
1955 1757 77 27 troops
2044 1756 84 19 cannot
2137 1752 28 23 be
2174 1752 51 30 had,
2238 1761 13 15 a
2258 1754 82 23 militia
2350 1754 75 31 might
2437 1755 26 23 be

1879 1785 121 32 organized
2028 1786 23 22 in
2074 1785 138 32 compliance
2316 1786 64 24 Lord
2402 1787 70 24 John'

1879 1819 114 24 Russell's
2006 1842 4 3 .
2022 1820 138 30 suggestion*
2181 1824 22 18 to
2227 1819 98 32 Captain
2338 1830 3 4 •
2355 1820 107 26 Hobson.

1879 1852 65 29 This,
1958 1853 108 28 however,
2088 1853 20 22 is
2119 1857 41 18 not
2171 1857 23 19 to
2204 1853 28 23 be
2244 1853 117 32 expected,
2380 1855 35 23 for
2425 1855 38 23 the

1879 1890 85 26 system
1974 1886 20 23 is
2006 1890 23 19 to
2041 1886 27 23 do
2081 1893 24 15 as
2121 1885 58 24 little
2190 1894 25 15 as
2235 1887 100 29 possible
2352 1891 23 20 to
2395 1888 69 24 make

1879 1919 57 24 Port
1947 1919 125 23 Nicholson
2090 1919 117 23 attractive
2215 1927 2 7 i
2226 1924 23 18 to
2265 1920 99 24 settlers.
2408 1921 56 31 Any

1879 1952 65 31 thing
1954 1952 41 24 but
2006 1952 57 24 that.
2099 1952 66 23 Even
2186 1952 88 24 Nelson
2292 1961 53 23 may
2357 1954 34 23 be-
2404 1955 61 23 cried

1878 1994 30 23 up
1919 1986 21 23 if
1948 1985 101 31 thereby.
2054 1985 58 26 Port
2124 1985 130 24 .Nicholson
2265 1994 42 16 can
2321 1987 33 24 'be
2364 1987 99 32 injured.

1874 2028 7 4 '
1910 2022 460 29 Well,-thiB-cannot-last~muoh»longer.
2412 2024 51 22 The
2471 2033 4 11 s

1878 2053 105 23 absentee
2004 2053 137 30 proprietors
2161 2059 38 15 are
2216 2052 82 24 roused
2321 2059 24 17 at
2366 2054 80 31 length
2455 2064 6 20 ;

1879 2085 44 24 and
1934 2085 54 31 they
1999 2090 61 19 must
2069 2084 83 24 indeed
2162 2085 29 22 be
2202 2093 23 15 a.
2227 2085 119 25 collection
2358 2086 25 24 of
2399 2088 74 31 slug-J

1879 2119 52 30 gish
1939 2119 93 23 boobies
2042 2118 24 24 if.
2077 2118 55 30 they
2143 2118 32 23 let
2187 2118 38 23 the
2246 2118 120 33 Secretary
2385 2121 26 23 of
2425 2121 38 24 the

1880 2152 107 23 Colonies
1999 2152 60 27 have,
2066 2159 44 23 any
2122 2156 47 18 rest
2185 2152 33 22 till
2235 2151 30 24 he
2281 2152 41 24 has
2339 2153 68 24 made
2425 2154 38 25 the

1880 2186 119 22 Governor
2011 2185 24 23 of
2051 2185 59 23 New
2118 2184 100 24 Zealand
2228 2186 100 30 perform
2336 2186 40 24 .his
2388 2187 75 25 duties

1879 2226 25 16 or
1922 2219 42 23 has
1980 2218 177 31 ignominiously
2173 2218 118 24 dismissed
2310 2220 56 24 him.
2412 2220 51 25 The

1879 2260 87 16 owners
1978 2252 26 23 of
2018 2252 37 23 the
2065 2252 56 23 land
2130 2259 29 16 on
2169 2252 82 26 which,
2254 2252 38 24 the
2300 2261 52 15 men
2364 2255 98 23 assailed

1879 2286 29 30 by
1917 2285 144 31 Rangaiheta
2072 2285 44 23 had
2124 2285 136 24 established
2272 2286 137 25 themselves
2417 2288 47 23 will
2470 2295 5 4 -

1880 2324 39 18 not
1930 2320 28 22 be
1969 2319 70 30 likely
2051 2323 23 19 to
2082 2328 3 5 ■
2091 2318 53 24 take
2164 2318 37 24 the
2217 2323 81 20 matter
2317 2320 80 31 coolly,
2418 2321 45 23 and

1880 2353 80 24 one.'of
1974 2353 61 23 them
2048 2357 22 18 at
2081 2352 58 23 least
2149 2351 41 24 has
2203 2353 109 30 powerful
2329 2353 64 31 Tory
2409 2361 54 17 con-

1880 2387 103 22 nexions.
2109 2399 5 6 *
2284 2407 4 3 .

1897 2427 11 18 .<
1912 2419 121 31 Although
2044 2419 104 30 sorryfor
2159 2419 45 23 the'
2209 2419 120 30 sufferers,-
2336 2428 32 15 we
2378 2420 85 31 rejoice

1880 2452 49 24 that
1945 2452 75 24 affairs
2034 2460 37 16 are
2092 2453 90 30 coming
2193 2457 23 19 to
2234 2461 14 15 a
2267 2453 72 24 crisis.
2383 2453 26 24 If
2423 2454 39 24 the

1882 2486 96 25 Porirua
1987 2486 78 23 rioters
2078 2493 38 16 are
2129 2490 22 19 to
2164 2493 79 25 escape
2256 2486 149 31 punishment
2421 2486 49 24 be-

1880 2527 67 15 cause
1959 2520 54 29 they
2023 2526 45 21 are,
2071 2520 122 28 maories;,
2199 2520 19 22 if
2274 2519 81 23 formal
2362 2520 101 31 applica-

1881 2553 46 22 tion
1939 2553 34 22 for
1989 2553 82 30 justice
2089 2552 45 23 and
2144 2553 38 22 the
2190 2553 122 23 .execution
2363 2553 40 24 the
2420 2553 43 24 law

1880 2586 20 22 is
1912 2586 129 29 unavailing
2048 2594 6 19 ;
2065 2585 23 23 if
2095 2585 56 23 such
2162 2593 15 15 a
2186 2585 121 31 precedent
2318 2586 25 23 of
2350 2585 126 33 impunity.l

1880 2619 20 22 is
1911 2624 23 17 to
1947 2619 31 22 be-
1987 2618 136 23 established
2131 2627 10 20 ;.
2154 2618 54 23 then
2221 2626 53 19 .one>
2285 2619 25 23 of
2324 2623 44 20 two
2385 2619 90 32 things?

1881 2657 71 18 must-
1959 2652 87 30 happen
2046 2663 35 4 —
2082 2651 37 23 the
2129 2651 148 23 colonization
2286 2652 26 23 of
2327 2652 58 24 New
2402 2653 60 23 Zea-

1880 2685 53 23 land
1941 2685 31 29 by
1988 2684 153 30 Englishmen
2154 2688 62 19 must
2231 2684 29 24 be
2262 2701 7 13 ;
2277 2685 139 30 abandoned,
2438 2694 26 16 or

1880 2718 82 31 Lynch
1971 2718 22 22 la
1994 2725 24 22 w\
2022 2717 53 23 with
2088 2715 226 32 the'destruction^of
2324 2718 42 24 'the
2375 2720 90 23 natives

1880 2756 63 18 must
1960 2758 90 16 ensue.-
2068 2756 3 19 :
2083 2750 53 25 The
2140 2763 9 7 ■■
2152 2750 67 24 latter
2235 2751 133 24 alternative
2385 2753 35 22 is.
2425 2753 40 24 the

1880 2789 61 18 most
1951 2784 113 31 probable,
2077 2784 45 23 and
2132 2784 48 23 it-is
2190 2784 72 31 feally
2274 2785 47 23 -the'
2332 2785 81 23 -Maori
2423 2790 42 20 not

1881 2817 38 23 the
1931 2817 77 23 White
2019 2824 53 16 man
2079 2817 40 23 for
2130 2816 74 24 whose
2209 2819 126 29 protection
2346 2818 128 32 the.regu-j

1880 2850 34 24 lar
1919 2843 165 41 'enforcement'
2090 2850 170 25 ofßritishlaw
2267 2852 25 22 is
2302 2856 62 19 most
2369 2852 105 29 needed.,

1882 2888 6 6 -
2100 2883 95 31 subject,
2200 2897 4 12 ;
2207 2892 34 15 we
2248 2892 56 24 may
2307 2885 102 24 mention
2416 2885 59 25 that,

1882 2916 46 23 Mr.
1943 2916 78 24 Nixon
2030 2916 26 24 of
2068 2916 138 32 Wanganui,
2227 2922 24 19 at
2261 2923 93 26 present
2364 2919 26 22 in
2400 2918 66 24 Wel-

1880 2949 96 31 lington,
1985 2966 3 4 .
2054 2954 51 19 sent
2115 2958 28 15 us
2157 2958 14 16 a
2183 2950 49 24 well
2242 2952 91 23 written
2343 2951 75 30 letter,
2430 2951 36 24 for

1882 2982 71 24 which
1967 2991 31 14 we
2011 2983 55 24 have
2077 2978 30 29 no
2119 2991 63 16 room
2199 2984 24 23 in
2241 2984 46 23 this
2295 2984 72 31 .day's
2378 2993 87 22 .paper,
2472 3005 3 3 .

1873 3016 65 23 <from
1950 3016 73 24 which
2035 3024 31 16 we
2076 3021 76 27 regret
2168 3021 22 19 to
2203 3017 72 30 learn,
2296 3017 51 24 that
2357 3018 108 23 notwith-

1880 3049 107 31 standing
1991 3062 16 11 •:,
2012 3050 49 29 the;
2079 3050 122 23 ostensible
2227 3051 117 24 exertions
2357 3050 40 24 'of
2427 3051 38 24 the

1882 3083 135 30 Magistrate
2035 3081 56 35 V,nd
2113 3083 39 24 the
2164 3085 4 3 '
2175 3083 139 32 Missionary
2331 3083 72 29 there,
2426 3080 39 28 the

1882 3117 87 22 natives
1990 3124 92 16 menace
2092 3115 3 4 '
2105 3115 46 26 arid
2169 3123 72 25 annoy
2245 3111 12 15 !i
2265 3114 60 27 Mr;*
2335 3116 59 29 Bell,

1881 3149 64 23 deter
1967 3146 74 27 other'
2044 3148 96 26 Wttle'rs
2147 3174 2 6 ,
2160 3150 58 24 from
2364 3157 31 16 on
2406 3149 60 25 their

1880 3182 77 30 lands..
1974 3196 5 16 :
1989 3182 44 24 We
2043 3182 66 25 differ
2117 3184 59 23 from
2190 3182 49 25 Mr.
2258 3182 80 25 Nixon
2348 3190 25 15 as
2386 3186 24 19 to
2428 3182 39 25 the

1880 3221 66 26 party
1957 3216 50 24 who
2019 3217 72 30 ought
2101 3221 25 19 to
2135 3217 114 23 interfere.
2337 3215 22 23 is
2372 3220 42 19 not
2427 3216 39 24 the

1882 3249 129 32 Company,
2039 3250 42 23 but
2168 3249 154 23 Government
2345 3252 23 19 to
2390 3248 76 25 whom

1880 3283 95 31 belongs
1988 3283 40 23 the
2037 3283 56 30 duty
2108 3282 26 24 of
2147 3282 132 31 preserving
2295 3285 110 28 property
2422 3283 45 24 and

1882 3316 42 23 the'
1930 3316 78 32 public
2018 3323 78 24 peace.
2195 3314 116 31 Company
2322 3315 51 23 ism
2385 3323 16 16 a
2411 3322 55 18 coa-

1877 3340 77 33 lition
2001 3348 59 24 fulfil
2070 3348 30 26 it's
2112 3351 160 27 engagements
2281 3358 3 14 :
2288 3347 120 25 whenever
2427 3348 40 24 the
2469 3375 5 7 #

1883 3382 156 24 Government
2051 3396 3 6 -
2065 3374 59 30 sh*all
2150 3380 118 30 discharge
2278 3381 56 24 ,;the
2364 3375 110 39 primary'

1880 3416 116 23 functions
2008 3414 26 24 of
2038 3417 22 20 to
2072 3414 163 23 Government;
2242 3413 14 20 •'-
2279 3416 17 10 •'
2336 3422 4 10 >
2361 3422 1 4 ■

1914 3473 24 24 A
1956 3468 85 36 public'
2048 3473 100 29 meeting
2229 3472 58 24 held
2300 3473 47 24 last
2364 3474 68 31 night
2442 3478 24 19 to

1877 3504 108 32 jcqnsider
2004 3506 38 23 the
2061 3500 102 36 Report^
2171 3505 36 24 of-
2213 3506 45 24 the'-
2271 3507 137 23 Committee
2425 3515 42 23 ap-

1877 3538 96 32 ipointed
1980 3543 23 19 to
2009 3539 117 27 .examine-
2131 3538 38 24 the
2176 3538 59 24 Bills
2246 3540 85 30 passed
2337 3540 84 31 during
2428 3540 38 23 the

1882 3572 46 23 last
1940 3572 94 23 Session
2041 3571 24 24 of
2072 3570 40 25 the
2124 3571 139 31 Legislative
2268 3573 110 25 iCouncil.
2415 3572 52 24 The
2472 3587 3 7 .

1884 3605 154 24 Committee's
2059 3603 89 32 Report
2170 3612 55 17 was-
2238 3607 112 31 accepted'
2361 3606 43 30 'by
2427 3605 39 26 the
2472 3629 3 10 (

2015 3641 3 11 1
2025 3637 43 24 We
2080 3636 59 25 shall
2148 3638 51 31 give
2204 3638 44 25 'the
2253 3637 130 26 document
2394 3638 72 24 entire

1879 3673 59 26 |next
1948 3670 71 29 week,
2031 3670 42 24 but
2084 3667 118 28 havVnow
2212 3670 57 34 jtfiily
2279 3680 64 16 room
2355 3668 45 27 and
2411 3671 56 24 time
2474 3673 4 29 \

1878 3703 101 29 ito'state,
1988 3703 111 27 that.with
2105 3704 82 31 regard
2193 3709 23 20 to
2225 3705 40 24 the
2274 3705 90 30 County
2374 3704 91 24 Courts'
2473 3723 2 5 .

1883 3737 54 29 Bill;
1949 3737 20 23 it
1979 3737 156 23 recommends
2145 3737 51 25 that
2213 3739 25 23 in
2250 3738 86 24 certain
2348 3744 63 16 cases
2429 3737 39 24 the

1879 3769 147 32 jurisdiction
2043 3770 25 23 of
2077 3771 4 5 '
2088 3770 40 24 the
2150 3770 71 25 Court
2232 3784 3 5 •
2241 3770 82 25 should
2342 3770 84 23 extend
2443 3775 24 19 to

1882 3803 72 23 £500
1963 3812 7 19 ;
1988 3802 56 25 that,
2057 3803 38 23 the
2114 3812 87 23 powers
2216 3804 71 31 given
2300 3808 23 19 to
2335 3803 39 23 the
2388 3802 81 25 Police

1874 3835 147 32 •Magistrate
2037 3836 74 24 under
2134 3837 39 24 the
2193 3837 75 24 Cattle
2281 3837 120 30 .Trespass
2423 3837 46 23 and

1884 3869 122 30 Summary
2019 3869 156 25 Punishment
2185 3870 57 26 Acts
2255 3869 81 24 should
2354 3869 29 23 be
2394 3869 74 24 modi-

1883 3901 44 24 fied
1936 3911 7 20 ;
1962 3902 49 23 that
2023 3902 38 24 the
2074 3903 82 31 charge
2168 3903 34 24 for
2213 3903 122 31 licensing,
2345 3902 73 24 under
2430 3903 48 23 the.

1882 3934 128 33 ■Licensing
2021 3937 54 28 Act,
2088 3936 82 25 should
2180 3936 30 28 be
2220 3936 70 24 much
2306 3934 106 31 reduced,
2425 3935 45 25 and

1307 2972 50 24 The
1369 2977 55 19 next
1436 2973 50 32 ship
1497 2973 57 24 from
1566 2973 110 32 England
1689 2974 46 23 will
1746 2973 107 32 probably

1272 3006 68 30 bring
1362 3006 37 23 the
1422 3008 72 22 result
1512 3007 26 23 of
1557 3015 31 15 an
1608 3007 136 31 application
1766 3007 28 30 by
1816 3007 37 22 the

1272 3039 118 24 Directors
1406 3039 27 23 of
1448 3039 52 30 the_
1500 3062 4 11 f
1503 3040 58 24 New
1579 3040 101 24 Zealand
1696 3040 117 30 Company
1831 3045 22 18 to
1857 3057 4 8 v

1273 3072 63 24 Lord
1356 3072 101 31 Stanley,
1469 3073 34 23 for
1521 3072 38 24 the
1576 3073 51 23 real
1644 3072 171 24 establishment
1832 3073 25 23 of

1272 3105 89 25 British
1370 3111 3 11 :
1380 3105 43 23 law
1446 3106 53 23 and'
1511 3106 119 31 authority
1643 3106 24 22 in
1688 3105 47 23 this
1758 3106 93 31 Colony.

1272 3139 34 24 At
1316 3143 92 27 present
1420 3139 18 22 it
1455 3139 29 23 is-
1494 3140 117 22 notorious
1627 3138 50 24 that
1693 3138 47 23 the'
1750 3139 53 23 laws
1815 3147 38 16 are

1272 3172 96 29 broken,
1380 3171 95 24 without
1486 3180 45 23 any.
1542 3173 93 27 serious,
1642 3176 96 27 attempt
1749 3176 29 23 to,
1783 3178 71 21 arrest;

1272 3205 45 24 and
1338 3205 85 31 punish
1444 3205 37 24 the
1504 3205 128 24 offenders..
1645 3222 4 4 .
1660 3205 44 23 We
1727 3205 81 29 allude,
1825 3206 32 23 -of
1855 3215 5 12 j

1273 3246 94 21 course,.
1372 3241 22 19 to
1413 3237 39 24 the
1467 3238 99 23 'conduct
1582 3238 26 23 of
1622 3238 38 24 the
1676 3238 109 30 Natives;
1804 3239 49 24 who

1461 3271 104 31 ignorant
1572 3279 26 15 or
1609 3271 97 24 knavish
1718 3271 141 33 Europeans-

1272 3304 73 24 would
1353 3309 36 18 act
1395 3303 72 24 under
1475 3304 85 23 similar
1569 3305 184 23 circumstances.
1759 3300 5 7 '
1788 3305 65 32 They

1272 3339 57 22 have
1348 3337 99 28 learned,
1466 3337 30 31 by
1513 3339 152 29 experience,;
1672 3338 50 24 that
1740 3339 38 24 the
1795 3345 60 18 most

1272 3375 134 26 outrageous
1412 3374 3 4 '
1420 3370 97 24 'attacks
1539 3379 63 23 upon
1625 3376 108 27 property
1752 3373 61 30 may'
1825 3373 29 23 be

1271 3405 66 23 made
1349 3403 53 24 with
1413 3403 119 32 impunity.
1569 3405 67 31 They
1643 3412 50 16 care
1703 3405 59 24 little
1773 3405 34 24 for
1816 3408 45 24 the,

1265 3436 252 32 .Police.jMagistrate's
1525 3438 127 31 warnings;
1666 3446 25 16 as
1696 3438 74 24 'little,
1774 3439 34 23 for
1815 3439 39 24 the

1265 3469 146 26 ■Protector's
1424 3470 87 24 advice.
1538 3471 131 32 '•Measures
1680 3476 62 19 must
1750 3472 28 23 be
1785 3472 69 24 taken
1860 3466 2 17 !

1272 3509 24 19 to
1309 3505 76 21 insure
1402 3502 60 24 their
1474 3504 153 31 punishment,
1650 3513 26 15 or
1692 3509 107 27 property
1814 3510 40 18 not

1265 3532 135 33 jwithin.the
1415 3537 94 31 vicinity
1520 3537 25 23 of
1619 3537 235 28 Tovnuwill.be.cbme

1273 3570 25 24 of
1310 3578 30 15 no
1352 3569 64 24 value
1429 3569 110 25 whatever
1539 3583 35 4 —
1574 3579 14 15 a
1599 3579 80 15 source
1690 3570 26 24 of
1717 3571 93 24 -trouble
1818 3572 36 22 in-

1266 3598 5 12 l
1273 3603 64 24 st'ead
1349 3602 25 24 of
1381 3603 77 30 profit.
1483 3602 5 16 1
1799 3606 4 11 :
1822 3613 3 4 •

1306 3636 76 24 These
1392 3636 104 24 remarks
1506 3644 39 16 are
1556 3637 123 31 suggested
1690 3636 81 31 by,,the
1779 3641 76 20 recent

1272 3671 88 23 riotous
1381 3665 148 35 proceedings
1550 3670 26 23 of
1592 3669 146 32 Rangaiheta
1757 3670 42 23 and
1818 3671 37 22 his

1271 3702 90 33 people,
1373 3702 23 23 in
1408 3701 39 24 the
1458 3702 98 24 District
1566 3703 26 23 of
1604 3703 105 24 Porirua.
1723 3721 3 4 .
1746 3701 115 29 Sixiini-.

1272 3740 88 28 grants,
1372 3735 50 23 who
1433 3732 95 27 arrived!
1537 3736 26 23 in
1582 3743 41 16 one
1636 3735 24 24 of
1676 3735 39 24 the
1731 3735 56 28 last,
1792 3737 64 31 ships

1272 3770 60 23 from
1343 3768 116 31 England,
1471 3769 79 28 active,
1561 3768 136 31 intelligent,
1710 3768 75 25 useful
1794 3777 61 21 men,

1271 3802 125 32 possessed
1404 3801 27 23 of
1446 3809 61 16 some
1526 3801 90 32 capital,
1628 3801 93 23 became
1731 3801 84 24 lessees
1833 3802 26 23 of

1271 3836 52 23 four
1337 3835 99 24 sections
1447 3834 26 24 of
1486 3834 52 24 land
1549 3835 24 22 in
1585 3834 38 23 the
1636 3834 98 24 Porirua
1751 3834 104 30 District,

1272 3869 70 23 about
1371 3867 63 32 eight
1454 3867 65 25 miles
1547 3867 60 24 from
1633 3867 221 24 Kai-warra-warra.

1272 3902 68 32 They
1349 3900 106 25 intended
1468 3906 21 19 to
1500 3901 60 24 clear
1572 3900 44 25 and
1628 3900 107 25 cultivate
1746 3900 38 24 the
1794 3900 61 30 land,

1272 3935 45 23 and
1328 3939 25 19 to
1371 3939 61 19 erect
1444 3942 12 16 a
1469 3942 42 16 saw
1514 3934 62 24 -mill
1587 3942 29 15 on
1634 3934 40 24 the
1692 3934 76 24 banks
1780 3934 23 24 of
1818 3934 38 24 the

553 38 100 46 W&e
675 38 120 42 Wfeto
820 37 219 42 SSeatantr
1053 38 189 42 <&mttte
1267 38 93 42 aufc
1380 37 303 48 WUHinqtcn
1704 34 247 52 &pwtatat\

1352 121 294 26 METEOROLOGICAL
1660 125 108 22 TABLE.

1288 160 43 21 For
1341 159 34 20 the
1383 158 56 20 week
1448 158 72 26 ending
1532 159 117 26 Thursday,
1658 159 65 26 April
1734 159 34 25 14,
1780 159 58 21 1842.

1288 217 18 13 .I
1322 224 4 3 ■
1339 224 4 3 -

1288 246 48 17 1842.

1373 224 50 16 Time
1430 224 21 16 of

1369 245 87 16 Observa-

1388 265 44 17 tion.

1485 235 53 17 Baro-

1479 257 62 15 meter.

1554 204 3 15 I
1592 205 5 5 '

1594 222 4 3 ■
1623 220 9 4 -

1559 235 81 18 Thermo-

1569 258 64 15 meter.

1672 239 36 22 5.2
1717 236 12 23 3

1276 324 76 20 ?riday...

1276 387 24 16 lat

1276 447 76 20 iunday..

1276 509 76 21 Monday.

1390 323 11 16 8

1390 344 7 15 I
1400 348 44 16 p.m.

1390 365 10 15 5

1390 386 11 15 8

1390 406 53 20 Ip.mu
1456 419 4 5 ,

1390 427 10 15 s
1409 434 5 7 ,

1390 448 10 15 8

1390 468 7 15 I
1401 472 44 16 p.m.

1390 509 11 16 8

1390 530 55 20 Ip.m.

1390 572 11 15 8
1424 581 3 5 ,

1389 593 55 23 lp,.m.

1389 634 10 15 8

1389 655 55 19 Ip.m.

1389 676 10 14 5

1389 696 11 15 8

1389 717 55 20 Ip.m.

1389 738 10 15 5

1484 325 56 16 30.219

1479 345 61 19 .30.216
1547 355 7 5 ..

1472 367 3 5 ■
1484 366 56 16 30.200
1547 366 3 4 '

1484 387 56 17 30.000

1483 408 57 16 29.975

1478 426 67 19 "30:076'

1484 449 58 17 29.964

1484 469 56 17 29.976

1484 490 57 17 29.897

1484 511 64 16 29.931.

1484 532 58 16 29.923

1484 553 57 16 29.912

1484 573 57 16 29.900

1483 594 57 16 29.850

1483 615 57 16 29.800

1474 633 3 7 '
1482 636 58 16 29.652

1484 657 55 16 29.651

1483 677 57 16 29.676

1484 698 57 16 29.622

1483 718 57 17 29.631

1482 739 58 16 29.630

1583 325 28 16 67.

1584 345 27 17 70.

1556 360 1 27 |
1568 379 3 3 .
1585 366 26 17 70.

1584 388 37 15 SB.S

1583 408 27 16 62.

1583 429 37 16 61.5

1584 512 27 16 64.

1584 533 36 16 66.5

1585 554 26 16 66.

1584 574 27 17 62.

1583 595 27 16 68.

1564 612 4 6 '
1584 616 27 17 66.

1584 636 37 17 61.5

1584 658 37 16 66.5

1584 678 27 17 63.

1583 699 28 16 53.

1584 720 28 15 52.

1585 740 37 16 51.5

1663 348 64 17 >None.

1651 410 91 24 ,/None.j

1669 472 59 17 None.

1669 534 58 17 None.

1749 325 62 19 North.

1749 346 61 20 North.

1749 366 61 19 North.
1843 367 1 5 '

1749 387 60 19 South.

1749 408 61 18 South.
1825 424 9 7 w

1749 427 61 19 South.

1749 450 102 22 Northerly.

1749 471 15 15 N
1769 472 82 20 ortherljr.

1749 492 102 22 Northerly.

1276 571 76 21 Tuesday

1829 564 3 2 -

1276 633 35 17 Vei

1670 596 64 17 None.-

1674 659 58 16 None.

1749 575 51 17 N.W.

1749 596 56 16 N.W..

1749 617 50 16 N.W.

1749 638 59 15 N.W.

1749 658 50 17 N.W.

1749 678 50 17 N.W.

1749 700 40 16 S.E.
1802 702 4 5 ■
1823 713 6 3 ,
1841 712 10 2 ..

1750 721 39 16 S.E.
1797 731 4 8 ,

1750 741 16 17 S.
1773 741 19 17 E.
1800 742 24 19 by
1831 741 20 17 E.

1276 695 51 17 fhuri
1331 706 19 6 ...

1670 720 65 23 None.,

1278 785 78 25 Ylday...l

1389 791 10 15 8

1470 792 51 21 Light
1529 792 31 20 sir,
1569 795 87 17 overcast,
1663 794 33 16 but
1703 794 43 16 fin*.
1771 798 3 4 -

1389 832 54 20 Ip.m.

1531 820 5 3 -

1510 834 14 2 _
1553 829 5 3 -
1588 833 14 3 _
1628 826 6 4 -

1510 834 34 17 Do.
1588 833 35 19 Do.
1666 835 33 16 Do.

1317 879 5 3 -

1389 873 9 16 S

1509 876 34 16 Do.
1586 876 33 16 Do.
1663 876 34 18 Do.

1273 914 27 17 Sat

1389 915 10 16 8

1510 918 34 16 Do.
1587 918 34 17 Do.
1664 918 34 17 Do.
1729 925 3 7 <

1389 957 54 19 Ip.m.

1510 959 34 17 Do.
1589 960 35 16 Do.'
1666 959 41 18 Do.'

1389 999 9 14 i

1510 1001 34 17 Do.
1588 1001 33 17 Do.
1664 1002 34 16 Do.

1273 1039 79 20 Sunday..

1390 1040 10 14 8

1510 1042 33 17 Do.
1588 1043 35 18 Do.
1664 1043 48 22 light
1718 1044 83 17 showers.
1820 1058 3 3 .

1390 1081 54 20 Ip.m.

1470 1084 52 21 Light
1529 1084 31 19 air,
1566 1086 86 19 overcast,
1659 1086 33 16 but
1699 1086 42 16 fin*.

1390 1122 9 16 $

1510 1126 33 16 Do.
1555 1131 3 3 •
1586 1126 35 18 Do.
1664 1127 34 16 Do.

1336 1143 4 4 •

1284 1164 68 19 [onday.

1389 1164 11 15 8

1701 1156 4 5 •

1470 1167 52 21 Light
1529 1167 28 17 air
1562 1168 38 16 and
1606 1168 46 21 light
1659 1169 84 17 showers.

1331 1200 3 4 •

1389 1206 55 19 Ip.m.

1511 1209 13 2 _
1591 1209 11 2 _
1652 1199 3 5 •

1511 1209 35 17 Do.
1590 1209 34 17 Do.
1666 1212 82 15 overcast
1754 1211 31 16 but
1792 1211 40 16 fine.

1388 1247 10 16 5

1511 1251 33 17 Do.
1588 1251 33 17 Do.
1664 1251 65 22 cloudy
1736 1253 35 15 and
1778 1253 41 16 fine.

1272 1289 43 16 rues
1318 1288 33 20 day

1388 1289 10 16 8

1479 1308 3 3 .
1510 1293 34 16 Do.
1586 1293 34 17 Do.
1663 1294 33 16 Do.

1388 1331 55 19 Ip.m.

1470 1335 51 20 Light
1529 1334 31 20 air,
1568 1334 62 18 rather
1637 1336 85 19 overcast,
1731 1336 32 16 but
1769 1336 40 16 fine.

1389 1373 9 15 5
1435 1376 10 11 /

1510 1376 33 17 Do.
1586 1376 33 17 Do.
1662 1376 34 18 Do.
1717 1378 3 7 '
1733 1383 3 4 ■

1272 1414 39 16 IVed

1336 1434 2 10 i

1389 1414 10 16 8

1470 1418 90 17 Moderate
1567 1419 70 19 breeze,
1645 1420 86 18 overcait,
1739 1418 32 17 but
1779 1419 40 16 fine.

1388 1456 56 19 Ip.m.

1470 1460 63 20 Strong
1539 1460 63 16 breeze
1609 1460 36 16 and
1652 1460 47 20 fine..
1705 1477 3 3 .

1510 1501 34 17 Do.
1587 1501 33 17 Do.
1663 1501 34 17 Do.

1389 1498 9 16 I

1272 1540 47 16 rhur
1332 1550 19 6 ...

1389 1540 9 15 8

1470 1543 63 21 Strong
1539 1542 40 21 gale
1586 1543 37 16 and
1630 1543 46 16 rain.

1388 1583 56 19 Ip.m.

1509 1583 34 18 Do.
1585 1584 34 17 Do.
1663 1585 28 17 Do

1388 1624 10 15 J

1569 1612 9 2 -

1509 1625 34 17 Do.
1585 1626 33 16 but
1625 1630 44 17 very
1675 1626 47 16 little
1729 1627 45 16 rain.
1831 1627 4 4 '

1644 1654 4 6 •

741 124 152 22 Nicholson
911 123 149 27 Exchange
1075 125 56 21 and
1149 125 93 23 Public

894 150 121 26 Library.

662 185 71 49 AT
754 184 23 22 A
797 183 158 23 MEETING.
964 183 41 22 OF
1032 183 209 30 SUBSCRIBERS,

759 211 59 26 held)
830 211 24 21 in
866 209 42 26 .the
928 209 127 22 Institution
1073 217 34 15 on-
1122 211 119 29 Thursday,

663 238 64 32 April
738 240 31 24 13,
782 238 59 25 1842,
853 237 91 27 Captain
961 236 71 21 Smith
1041 236 24 21 in
1075 238 38 20 the
1124 237 73 27 Chair,
1208 238 34 23 the

663 264 113 27 following
783 263 131 22 resolutions
922 270 58 15 were
989 263 158 28 unanimously
1154 265 77 26 passed
1237 266 9 21 :'

692 293 18 20 I.
724 291 64 26 That,
808 291 26 20 in
853 296 153 21 consequence
1025 290 25 21 of
1061 290 98 23 thirteen
1173 291 26 22 of
1208 291 34 22 the

662 317 94 27 original
778 317 140 25 subscribers,
942 316 44 22 viz.
996 327 29 4 —
1031 315 91 23 Messrs.
1147 317 95 29 Guyton,

663 344 78 27 Smith,
758 344 80 27 Duppa
839 359 5 10 ;
858 344 31 21 St.
900 339 57 30 Hill,
974 342 103 28 Murphy,
1094 343 148 29 Molesworth,

663 370 69 28 Lyon,
745 370 120 27 Partridge,
876 367 79 30 Relph,
972 369 84 27 Brown,
1073 369 76 28 Durie,
1166 370 75 28 Parke,

663 397 45 22 and
712 397 82 27 .Hort,)
801 397 85 26 having
894 396 120 22 refttsed'to
1025 402 42 21 pay
1072 396 59 22 their
1139 397 105 29 subscrip-

663 423 69 28 tion,""'
736 424 37 21 the
786 426 96 25 'present
893 423 139 28 '•proprietors
1049 422 44 22 feel
1114 423 129 24 themselves

663 450 123 28 compelled
801 452 24 19 to
836 449 58 22 wind
903 456 30 20 up
942 449 39 22 the
991 448 72 23 affairs
1073 449 25 21 of
1105 449 38 22 the
1154 449 90 24 Institu-

663 477 53 27 tion,
738 476 43 22 and
800 480 23 18 to
842 476 85 27 dispose
946 476 27 21 of
987 475 37 23 tht
1041 480 106 27 property
1155 476 88 23 .thereto

661 503 126 27 belonging,
795 503 28 22 .in
833 503 74 27 order;.
908 506 23 18 to
945 502 78 27 defray
1035 503 38 21 the
1089 501 113 23 liabilities
1213 505 40 20 in-

662 529 79 23 curved
750 536 26 14 on
785 531 36 19 the
831 530 62 25 faith
906 529 27 26 of
944 531 36 19 the
1097 530 147 26 subscriptions

661 558 60 25 being
725 558 55 25 paid
787 564 36 19 up.
926 569 4 3 ■
943 571 6 2 -

663 593 4 9 »
688 585 20 20 2.
722 584 59 21 That
789 585 39 20 the
838 583 116 22 donations
962 583 116 28 presented
1086 583 31 26 by
1129 583 40 22 Dr.
1178 584 70 23 Knor

653 610 54 22 >and
723 611 44 22 Mr.
779 611 121 26 Swainson,
910 611 61 27 Esq.,
984 611 33 29 ,be
1032 609 106 23 returned
1148 613 22 19 to
1185 611 57 22 these

660 634 147 30 gentlemen/

687 665 21 20 3.
722 664 106 23 Thatjthe
839 663 94 27 Library
938 663 86 26 having
1032 663 57 22 Been
1099 664 118 25 presented
1223 668 19 18 to

660 690 38 22 the
717 691 129 22 Institution
864 697 24 15 as
901 690 38 22 the
982 690 58 22 First
1055 690 78 22 Public
1153 690 90 29 Library

661 715 134 24 established'
807 717 25 21 in
849 716 51 22 this'
1029 716 37 23 the
1082 717 71 21 whole
1171 717 27 22 of
1208 718 34 22 the

660 744 74 21 Books
743 743 43 22 and
797 743 139 22 Periodicals'
942 744 41 21 &c.
993 743 28 21 be
1169 747 23 18 to
1208 744 34 22 the

655 770 144 25 Mechanic's
810 767 102 25 Institute
923 771 68 21 about
1002 773 21 18 to
1035 772 26 20 be
1072 769 140 29 established,
1223 771 20 22 in

649 792 49 33 jfthe
705 804 68 14 name
782 797 26 21 of
811 797 38 21 the
857 800 89 24 present
954 796 140 28 proprietors.

686 825 21 21 4.
722 823 59 22 That
790 823 38 22 the
838 823 80 22 thanks
928 825 23 21 of
962 823 38 21 the
1011 823 138 22 Subscribers
1158 823 28 22 be
1196 831 46 20 pre-

649 850 89 29 sented
756 853 22 19 to
792 850 46 22 Dv.
856 851 68 21 Knox
940 850 59 22 their
1015 850 124 27 Librarian,
1159 850 35 22 for
1209 851 33 22 his

649 879 2 9 :
660 877 111 21 exertions
781 877 80 27 during
871 877 36 22 the
917 880 56 24 past
979 884 53 20 year
1039 876 22 22 in
1072 877 127 27 promoting
1208 877 34 22 the

659 904 100 22 interests
776 904 25 21 of
814 904 37 22 the
866 904 133 26 institution,
1015 903 43 22 and
1074 904 35 21 his
1119 905 125 21 unwearied

661 931 111 21 exertions
780 931 23 21 in
811 931 99 26 forming
919 937 14 15 a
943 930 111 22 Museum.

659 975 144 48 LAND
827 974 194 23 AGENCIE
1030 974 54 22 S.—
1084 974 41 22 TO
1147 975 96 22 LAND-

736 1002 181 21 HOLDERS.—
916 1000 224 28 The^Undersigned
1157 1002 44 27 beg
1222 1006 20 19 to

659 1029 55 21 offer
722 1028 134 22 themselves
865 1031 23 18 to
898 1028 58 21 their
964 1027 85 22 friends
1058 1028 45 21 and
1118 1028 38 21 the
1171 1028 71 28 public

659 1063 25 14 as
693 1056 87 26 Agents
788 1055 36 21 for
833 1055 37 21 the
880 1054 96 28 disposal
984 1054 26 21 of
1015 1054 69 22 Town
1093 1054 47 22 and
1147 1054 96 30 Country

660 1082 81 26 Lands,
753 1081 45 22 and
807 1084 57 19 trust
874 1081 56 22 their
940 1080 96 23 colonial
1047 1081 133 28 experience
1194 1089 49 21 may

660 1108 77 22 entitle
747 1108 61 22 them
818 1111 23 18 to
851 1115 13 14 a
875 1108 65 21 share
950 1108 27 21 of
979 1108 45 21 'the
1032 1108 75 26 public
1116 1111 125 25 patronage.

687 1135 61 27 They
758 1135 45 22 will
812 1135 29 22 be
849 1134 75 28 happy
933 1138 23 18 to
965 1141 93 20 arrange
1072 1136 35 21 for
1115 1134 47 22 and
1170 1143 73 20 super-

658 1162 80 21 intend
747 1162 37 21 the
794 1169 92 19 surveys
893 1161 45 22 and
944 1161 159 22 sub-divisions
1110 1161 26 22 of
1142 1161 38 22 the
1185 1162 57 23 land.

660 1188 89 22 Liberal
759 1188 111 22 advances
879 1188 45 22 will
936 1188 29 21 lie
980 1188 64 21 made
1055 1195 28 15 on
1091 1188 68 22 lands
1168 1188 75 27 placed

658 1216 25 21 in
693 1215 57 22 their
759 1215 72 22 hands
837 1215 35 21 for
879 1214 52 23 sale.
960 1215 64 27 They
1030 1214 45 23 will
1081 1215 48 22 also
1135 1216 29 21 be
1171 1222 70 21 nappy

660 1246 23 17 to
693 1242 64 22 assist
766 1242 134 27 proprietors
908 1242 24 21 in
941 1241 88 27 leasing
1038 1241 58 22 their
1104 1241 74 22 lands.

939 1275 64 22 John
1013 1275 44 21 and
1068 1275 59 22 Geo.
1137 1275 81 23 Wade.

760 1321 105 20 Nelson
879 1320 77 21 Land
971 1320 144 27 Agencies.

660 1354 92 22 nnHE
766 1354 151 27 undersigned
930 1354 45 26 beg
983 1357 23 18 to
1016 1354 54 21 offer
1079 1354 134 22 themselves
1222 1357 20 19 to

667 1380 29 22 _L
735 1381 38 21 the
781 1381 75 26 public
866 1388 25 14 as
900 1384 79 23 agents
987 1380 38 22 for
1032 1380 38 22 the
1079 1380 108 22 selection
1201 1381 41 21 and

660 1407 95 27 disposal
765 1407 25 21 of
799 1411 57 18 town
867 1407 44 21 and
921 1410 95 24 country
1031 1407 65 22 lands
1105 1407 24 22 in
1142 1407 36 21 the
1195 1414 46 16 new

659 1435 127 21 settlement
814 1434 25 21 of
863 1434 100 27 Nelson.,
995 1434 75 27 Apply
1092 1438 24 18 to
1138 1434 102 27 Wallace,

660 1461 81 27 White,
752 1461 45 21 and
806 1459 106 28 Wallace,
923 1460 145 27 Wellington.

780 1494 121 21 Patchett
914 1494 46 22 and
974 1493 91 29 White,
1076 1494 66 23 Land
1150 1494 90 28 Agents,

957 1521 93 22 Nelson.

687 1548 131 26 December,
829 1549 62 20 1841.

769 1593 77 20 Land
860 1592 116 26 Agency
985 1594 29 19 at
1027 1592 114 21 Nelson.

660 1619 104 48 JOHN
788 1618 37 22 W.
843 1618 189 28 BARNICOAT,
1056 1620 124 21 Surveyor
1199 1627 42 14 and

723 1647 64 21 Civil
804 1646 128 26 Engineer,
948 1645 93 27 Nelson,
1058 1646 45 21 will
1123 1646 29 21 be
1170 1646 71 28 happy

659 1676 23 18 to
693 1680 84 20 engage
792 1672 92 22 himself
896 1672 23 22 in
929 1672 39 22 the
978 1672 69 22 above
1060 1673 83 21 named
1159 1681 83 19 capaci-

660 1700 47 26 ties,
719 1707 22 14 as
752 1707 28 14 an
795 1703 68 23 agent
871 1700 35 21 for
916 1699 38 22 the
964 1699 105 22 selection
1079 1700 26 21 of
1114 1700 61 26 land,
1188 1707 24 14 or
1220 1700 21 21 in

659 1733 44 20 any
714 1726 64 21 other
786 1733 50 20 way
846 1725 124 23 connected
980 1726 52 21 with
1040 1726 35 21 his
1088 1726 142 27 professions.

801 1772 86 20 Town
901 1772 86 20 Acres
1002 1773 28 19 to
1046 1772 56 20 Let.

658 1798 179 49 NUMBERS
848 1805 28 14 on
888 1797 36 22 the
933 1798 240 27 Surveyor-General's
1183 1806 56 19 map,

847 1826 40 20 510
1049 1826 40 20 263

686 1852 43 22 For
736 1851 136 28 particulars,
884 1851 66 28 apply
958 1854 23 19 to
991 1851 105 28 Wallace,
1110 1852 82 25 White,
1200 1851 42 22 and

659 1879 106 21 Wallace.

734 1924 132 26 Building
879 1924 170 20 Allotments
1063 1926 29 18 to
1108 1924 59 22 Let,

659 1957 91 48 THE
768 1957 200 21 ADVERTISER
983 1956 64 22 offers
1061 1964 62 20 upon
1139 1956 103 27 Building

734 1983 88 27 Leases,
834 1991 14 14 a
855 1983 95 22 number
961 1983 26 21 of
997 1983 69 22 Town
1074 1983 138 23 Allotments
1220 1984 21 21 in

659 2010 37 22 the
706 2014 58 18 most
773 2010 108 22 desirable
890 2013 61 18 Darts
960 2010 27 21 of
997 2009 42 23 this
1049 2010 141 22 Settlement.
1199 2031 5 3 .
1229 2011 22 28 \

686 2034 47 21 The
751 2033 109 21 attention
878 2032 26 21 of
921 2035 38 18 tne
975 2032 74 27 public
1065 2034 19 20 is
1100 2033 151 31 particularly

658 2059 71 22 called
748 2063 23 17 to
789 2059 39 22 the
846 2058 124 27 advantage
990 2058 25 21 of
1032 2058 107 28 Building
1155 2059 85 27 Leases,

658 2086 71 22 which
740 2086 37 21 the
786 2085 151 27 undersigned
946 2086 18 21 is
976 2085 94 22 enabled
1078 2089 24 18 to
1111 2089 73 23 grant,
1192 2086 49 26 viz.,

658 2113 56 22 from
725 2120 67 15 seven
803 2116 23 17 to
842 2116 139 27 twenty-pne
997 2119 71 20 years,
1085 2112 121 27 according
1222 2116 19 18 to

658 2140 37 21 the
714 2140 65 21 value
798 2140 27 21 of
844 2138 37 23 the
892 2145 4 4 '
903 2138 114 28 buildings
1037 2139 111 28 proposed
1159 2142 35 19 ,to
1216 2139 26 22 be

658 2166 96 23 erected.
783 2166 76 28 Apply
869 2169 23 18 to

820 2193 22 21 J.
857 2193 25 22 T.
899 2192 145 26 Wicksteed,
1056 2200 25 15 or

792 2223 4 4 '
820 2219 34 22 W.
870 2220 29 21 V.
913 2220 108 26 Brewer,
1036 2220 193 22 Manners-street.

659 2264 67 48 TO
741 2264 38 21 BE
794 2263 67 26 LET,
877 2263 37 22 the
931 2266 61 19 town
1010 2271 50 15 acre
1076 2264 54 22 N0..
1133 2265 50 26 210,
1209 2261 30 25 on'

732 2290 102 27 building
842 2290 67 27 lease,
918 2290 36 22 for
962 2290 102 22 fourteen
1075 2298 72 20 years.

685 2317 32 22 To
726 2317 28 22 be
764 2317 32 21 let
804 2324 24 14 or
903 2317 38 21 the
952 2320 59 18 town
1020 2325 49 14 acre
1079 2317 44 22 No.
1134 2319 48 21 642.

930 2350 23 21 J^
968 2350 27 21 T.
1010 2350 145 27 Wicksteed,
1187 2350 3 5 '
1209 2354 4 24 (

995 2377 222 22 Hawkstono-street.

828 2422 89 21 Beach
930 2422 145 26 Frontage.
1145 2435 2 5 ■
1162 2436 3 3 -
1189 2436 10 5 ..
1217 2430 5 11 ■-

661 2449 68 49 TO
740 2449 38 21 BE
793 2448 86 26 SOE7D,
888 2449 22 21 in
920 2448 43 21 lots
973 2448 71 22 of.not
1052 2448 44 22 less
1103 2448 54 22 than
1168 2450 27 21 20
1202 2449 42 21 feet

748 2476 25 21 in
791 2475 100 27 breadth,
911 2474 42 23 the.
970 2474 69 23 whole
1058 2476 24 21 of
1103 2476 47 21 the.
1161 2476 82 22 section

660 2503 44 21 No.
711 2503 41 21 485
763 2509 29 14 on
802 2502 39 21 the
848 2502 54 21 Plan
912 2501 145 22 ofthe.'Town
1068 2502 25 22 of
1099 2502 143 28 Wellington,

659 2529 83 27 having
752 2528 112 28 frontages
873 2536 58 20 \ipon
938 2528 77 22 .Lamb
1016 2533 108 23 ton-quay
1131 2530 44 20 and
1185 2537 57 20 upon

660 2556 240 27 Wellington-terrace.
908 2573 4 4 .
928 2555 111 22 One-half
1051 2559 22 18 ot
1089 2556 39 21 the
1136 2556 107 28 purchase

660 2590 81 20 money
748 2582 45 22 will
802 2582 127 22 beallowed
939 2586 22 17 to
967 2582 84 21 remain
1059 2590 60 19 upon
1130 2587 113 23 mortgage

660 2610 34 21 for
704 2610 43 20 five
756 2617 72 19 years,
845 2612 23 18 at
884 2610 25 20 10
923 2616 40 20 per
978 2612 62 18 cent.-
1064 2610 78 21 Terms
1152 2617 52 20 may
1218 2611 26 21 be

660 2636 92 22 learned
762 2643 29 14 on
801 2636 133 28 application
947 2640 22 17 to
995 2641 3 3 '

889 2676 3 7 >
905 2669 3 4 '
928 2662 99 22 Hanson
1042 2662 44 22 and
1100 2664 118 21 Alzdorf.

795 2708 88 20 Town
896 2708 78 20 Land
985 2707 42 21 for
1041 2708 68 21 Sale.
1140 2714 3 3 '

660 2740 93 23 rnHE
768 2740 71 23 whole
856 2740 26 23 of
895 2744 60 19 town
964 2741 96 22 sections
1075 2741 113 28 N05.285,
1198 2743 45 25 106,

668 2763 30 27 JL
736 2767 44 22 and
797 2768 47 26 878,
855 2767 45 22 and
914 2771 50 24 part
973 2768 27 21 of
1012 2771 59 18 town
1086 2769 98 21 sections
1198 2770 45 25 204,

660 2796 47 24 248,
719 2794 44 22 and
778 2795 41 22 528
835 2801 37 15 are
886 2794 83 22 offered
979 2794 33 22 for
1021 2794 53 23 sale.
1102 2794 60 22 Half
1173 2795 26 22 of
1209 2795 35 22 the

659 2821 109 28 purchase
783 2828 82 20 money
875 2825 23 17 to
907 2822 87 21 remain
1005 2828 27 15 on
1048 2825 123 23 mortgage,
1183 2825 23 18 at
1220 2824 25 20 10

660 2855 40 20 per
709 2851 58 18 cent.
797 2848 44 21 For
849 2848 138 27 particulars,
999 2848 64 28 apply
1072 2853 23 17 to

931 2874 99 22 Hanson
1044 2875 45 22 and
1103 2876 117 21 Alzdorf.

776 2920 122 25 Country
913 2921 77 19 Land
1005 2920 41 20 for
1060 2921 69 21 Sale.

661 2946 68 48 TO
744 2946 39 22 BE
798 2946 78 22 SOLD
894 2946 33 22 IN
945 2946 82 27 LOTS,
1042 2950 23 18 to
1081 2947 45 21 suit
1140 2947 38 22 the
1195 2956 51 14 con-

736 2973 109 21 venience
855 2973 26 21 of
886 2976 138 24 purchasers,
1033 2973 43 22 No.
1084 2975 13 21 3
1107 2974 24 22 in
1142 2974 37 22 the
1188 2978 57 19 town

660 2999 92 27 district,
764 2999 42 21 No.
817 3001 29 20 44
853 2999 24 22 in
888 2999 36 22 the
938 2999 62 23 Hutt
1008 3000 92 26 district,
1112 3001 45 21 and
1166 3001 44 22 No.
1220 3003 28 24 68.

660 3027 24 21 in
701 3027 37 21 the
758 3026 92 22 Porirua
869 3025 85 23 district
961 3034 7 14 :
983 3026 49 22 half
1043 3027 26 21 of
1084 3028 38 21 the
1140 3027 105 28 purchase

661 3060 81 21 money
752 3053 45 21 will
811 3053 28 21 be
849 3053 93 21 allowed
957 3057 28 17 to.
989 3054 84 21 remain
1084 3062 29 14 on
1124 3059 120 24 mortgage,

660 3084 25 18 at
694 3082 26 20 10
727 3087 41 20 per
778 3084 58 18 cent.
865 3079 45 22 For
917 3080 138 27 particulars,
1067 3081 67 28 apply
1143 3085 23 18 to

932 3107 98 21 Hanson
1044 3109 44 20 and
1103 3109 116 21 Alzdorf.

680 3152 86 21 Town
781 3151 55 21 and
851 3152 124 26 Country
988 3152 77 21 Land
1078 3149 79 24 to~be
1173 3154 56 21 Let.

661 3184 169 50 SECTIONS
846 3184 45 22 and
906 3187 101 24 portions
1023 3185 26 21 of
1061 3185 102 23 Sections
1170 3182 32 26 'in
1217 3186 28 22 all

731 3209 68 30 parts'
808 3212 26 21 of
849 3211 39 22 the
894 3234 4 7 i
905 3213 71 20 Town
994 3211 26 22 of
1023 3234 3 5 ,
1035 3211 152 28 Wellington,,
1200 3213 45 22 also

661 3239 99 27 Country
770 3239 101 27 Sections
885 3238 29 22 in*
919 3238 38 22 the
974 3238 99 26 districts,
1086 3238 26 22 of
1125 3239 38 22 the
1180 3239 64 28 Hutt,

660 3265 38 21 the
711 3264 86 28 Kaiori,
808 3265 38 22 the
856 3264 77 28 Ohiro,
1003 3265 36 21 the
1054 3263 108 25 Porirua.'
1183 3265 63 29 Long

649 3292 82 28 pleases
741 3292 26 21 of
774 3292 37 22 the
828 3295 94 23 country
931 3292 55 21 land
1002 3292 44 21 will
1061 3292 28 22 be
1104 3293 95 26 granted
1217 3301 27 14 on

651 3322 3 9 1
660 3318 130 22 reasonable
802 3323 73 17 terms.
905 3318 44 22 For
958 3318 130 28 particulars
1097 3319 67 28 apply
1174 3323 23 18 to

690 3350 93 21 Ha-nson
795 3349 47 22 and
855 3350 117 26 Alzdorf,
981 3349 200 29 Thorndon-quay,
1190 3358 25 14 or
1223 3354 21 19 to

688 3377 93 21 Robert
792 3377 95 26 Stokes,
898 3376 67 22 Land-
978 3377 109 26 Surveyor
1102 3377 47 22 and
1162 3377 82 29 Agent,

844 3402 217 24 Woolcomb-street.
1070 3426 6 3 .

752 3465 123 20 AGENTS
888 3465 66 21 FOR,
960 3466 75 26 THIS,
1044 3464 110 22 PAPER.
1173 3460 4 13 {
1176 3467 8 23 ;
1196 3485 4 4 .
1220 3456 7 13 *

681 3499 37 17 Mr.
730 3498 126 18 BURCHAM
924 3497 20 19 '..
949 3498 74 18 Petoni.

682 3521 36 16 Mr.
733 3520 18 17 F.
762 3519 23 18 G.
798 3519 88 18 MOORE
950 3519 73 18 Nelson
1030 3519 75 18 Haven.

681 3542 38 16 Mr.
730 3541 24 17 R.
765 3540 116 18 BARRETT
893 3542 57 16 ..\...
955 3540 47 18 New
1008 3540 109 23 Plymouth,
1124 3542 101 19 Taranald.

682 3562 36 17 Mr.
730 3562 25 18 H.
767 3561 122 18 CHURTON
953 3561 114 23 Wanganui.
1086 3564 9 16 ;
1231 3571 10 6 ».

682 3583 36 18 Mr.
730 3583 29 18 W.
771 3582 99 19 WILSON
951 3582 43 22 Bay
1000 3582 21 18 of
1029 3582 84 19 Islands.

681 3630 144 22 Tue,follovring:
832 3634 32 13 are
871 3629 33 18 the
911 3631 79 21 quarter
1001 3629 45 22 days
1053 3631 22 16 of
1085 3630 41 18 this
1133 3635 60 17 paper
1198 3637 29 12 :—

752 3666 3 5 .
766 3651 68 18 March
881 3663 15 6 ..
926 3652 3 4 '
1091 3653 49 16 3lst.

756 3669 62 19 'June
883 3674 14 16 :.
1010 3674 21 15 ./
1073 3673 70 17 ..30th.

654 3692 2 18 !
734 3694 9 10 ''
766 3692 132 22 September-.:
1092 3693 52 18 30th.
1162 3700 4 6 •

766 3713 106 18 December
1092 3716 49 16 31st.

684 3732 80 18 Persons
771 3734 109 22 previously
886 3735 20 17 to
919 3734 146 23 discontinuing
1075 3735 52 18 their
1133 3740 69 17 paper?
1209 3736 36 18 and

653 3753 4 19 J
661 3753 166 24 advertisements,
834 3756 54 17 must
894 3756 57 17 settle
958 3756 34 17 the
1002 3758 91 16 accounts
1101 3756 38 18 due
1145 3761 26 16 up
1183 3758 21 16 to
1215 3758 31 17 th«

661 3773 52 18 date.

780 3822 101 22 Notice
896 3825 28 21 to
935 3823 185 27 .Subscribers.

661 3855 80 25 Papers
755 3855 46 19 will
812 3857 36 18 not
861 3856 25 20 be
897 3858 47 19 sent
960 3858 23 19 to
994 3862 87 21 persons
1093 3857 66 25 living
1173 3859 36 18 out
1225 3857 26 26 of

687 3882 54 19 Port
751 3882 119 25 Nicholson,
887 3884 68 20 unless
969 3886 155 23 arrangements
1138 3890 36 14 are
1188 3885 58 20 made

685 3909 37 24 for
732 3909 35 20 the
771 3911 101 24 payment
881 3911 26 25 of
912 3911 36 21 the
957 3917 61 21 same,
1029 3912 92 25 through
1129 3918 28 14 an
1169 3913 75 25 Agent,

687 3937 24 19 •t
723 3936 133 26 Wellington.

143 128 244 25 GOVERNMENT

292 158 143 29 Wellington,
445 158 64 29 April
519 160 19 26 8,
548 158 59 23 1842.

48 193 147 51 NOTICE
216 193 28 23 IS
263 192 129 24 HEREBY
413 191 109 26 GIVEN,
548 191 48 22 that
621 196 14 15 a

123 221 67 22 Court
203 219 26 23 of
246 219 57 23 Civil
320 217 63 25 and;'
383 217 102 25 Criminal
503 217 131 23 Judicature

47 248 37 21 for
93 247 36 22 the
140 246 109 23 Southern
261 247 94 21 District
362 245 26 22 of
399 245 55 25 New
460 244 82 27 Ulster,
553 243 44 23 will
607 244 27 20 be

47 273 83 23 holden
146 273 75 21 wilhin
239 273 38 22 the
292 273 67 22 Court
373 271 83 26 House,
468 275 23 17 at
501 270 133 26 Wellington

181 306 28 15 on
225 299 110 28 Tuesday,
359 298 36 22 the
411 298 51 21 19th
475 297 90 27 instant,
581 299 24 18 at
621 297 12 20 9

49 326 83 22 o'clock
142 326 24 22 in
176 326 38 22 the
223 327 105 21 forenoon
334 333 6 18 ;
352 324 64 22 when
425 324 29 22 all
463 331 91 20 persons
564 322 70 22 under

47 353 159 26 recognizance
217 356 22 18 to
248 359 80 20 appear
332 358 25 15 as
363 353 144 25 prosecutors,
516 351 116 23 witnesses,

47 387 27 14 or
87 379 138 26 defendants,
235 379 75 21 before
327 374 54 26 such
397 378 73 26 Court,
480 384 39 14 are
533 374 101 30 required

47 409 25 19 to
86 406 50 27 give
151 405 57 23 their
223 405 130 22 attendance
368 404 53 22 then
435 404 43 21 and
494 403 75 27 there;
576 411 3 4 1
590 401 44 22 and

47 432 32 22 all
94 439 87 22 persons
197 431 50 22 who
262 431 65 22 have-
338 430 99 28 appeals,
444 433 22 18 to
484 430 118 28 interpose
611 435 24 14 or

47 459 65 22 other
130 458 100 22 business
244 461 22 19 to
282 460 94 20 transact
390 464 38 14 are
443 456 88 22 desired
547 460 21 18 to
583 454 51 28 give

47 485 59 23 their
115 484 140 28 attendance,
266 485 54 21 time
329 484 45 22 and
383 484 62 27 place
455 482 119 23 aforesaid.
583 492 5 4 ■

358 517 95 22 Robert
468 516 27 22 R.
507 517 99 24 Strang,

395 543 65 22 Clerk
470 543 25 21 of
507 542 37 22 the
554 541 71 23 Peace

139 580 243 38 Government
400 591 139 25 notice.

46 631 146 50 NOTICE
213 630 27 22 IS
261 630 126 22 HEREBY
403 629 107 26 GIVEN,
527 628 48 22 that
595 626 37 22 the

121 658 68 21 Court
206 657 26 21 of
246 658 95 23 Quarter
357 657 97 21 Sessions
471 654 122 28 appointed
610 658 21 17 to

45 685 29 21 be
89 684 82 22 holden
187 687 25 18 at
226 684 142 26 Wellington,
388 690 28 15 on
433 682 38 22 the
472 682 61 28 /Sth
550 682 44 25 day
608 680 26 21 of

47 711 65 27 April
122 714 59 23 next,
189 710 46 22 will
245 713 39 19 not
294 710 28 22 be
331 717 24 14 so
366 710 87 25 holden,
460 708 46 23 and
513 708 37 22 the
557 707 75 28 jurors

45 737 133 23 •ummoned
185 737 88 22 thereto
283 736 44 23 will
336 741 42 18 not
385 736 87 27 require
482 738 23 19 to
514 735 51 27 give
574 733 58 22 their

45 764 133 22 attendance
187 763 62 22 there
265 771 29 14 on
310 764 49 24 that
374 762 51 27 day,
439 763 39 21 but
494 762 31 21 all
540 767 91 22 persons

44 791 72 21 under
131 791 158 27 recognizance
306 793 21 18 to
348 796 80 21 appear
443 796 25 15 as
484 791 146 25 prosecutors,

45 816 120 28 witnesses,
176 825 26 14 or
211 816 130 23 defendants
351 816 75 21 before
436 815 55 22 such
507 815 74 25 Court,
594 821 36 14 are

45 847 41 18 not
96 843 131 28 discharged
244 844 25 21 of
281 843 57 22 their
352 843 155 27 recognizancs
515 849 5 19 ;
537 842 41 21 but
587 840 43 21 will

43 871 30 21 be
82 870 102 28 required
192 873 24 18 to
226 870 51 27 give
288 869 60 22 their
363 869 131 22 attendance
505 872 23 17 at
536 868 38 21 the
585 868 46 21 first

45 897 68 22 Court
123 897 26 22 of
160 896 105 22 Criminal
280 896 130 22 Judicature
427 899 22 18 to
463 896 28 21 be
508 894 83 23 holden
609 896 22 19 at

44 924 145 26 Wellington,
201 930 28 14 on
240 923 37 22 the
288 922 59 22 third
356 922 102 27 Tuesday
469 922 26 21 of
502 922 64 27 April
576 923 55 18 next

45 950 78 27 (being
138 950 36 21 the
192 950 51 21 19th
261 949 118 27 proximo,)
398 952 23 19 at
437 949 53 21 nine
508 947 92 23 o'clock'
608 947 23 21 in

45 976 38 22 the
99 977 114 25 forenoon,
225 977 45 21 and
284 976 38 21 the
331 976 78 21 Jurors
426 975 44 23 will
486 976 87 21 receive
588 974 42 21 due

44 1004 73 21 notice
128 1003 35 22 for
171 1003 59 22 their
239 1002 137 23 attendance.

211 1037 95 22 Robert
321 1037 27 22 R.
364 1037 101 26 Strano,

356 1063 65 22 Clerk
434 1064 26 20 of
470 1063 38 21 the
523 1063 79 21 Peace.

45 1091 69 21 Court
125 1091 83 21 House.
219 1089 141 25 Wpllington,
373 1090 80 22 March
464 1091 32 20 28.
509 1091 60 20 1842.

139 1136 244 25 GOVERNMENT
402 1136 139 24 NOTICE.

283 1175 75 22 Police
368 1174 78 27 Office,
458 1174 144 27 Wellington,

345 1202 79 22 March
433 1202 37 26 15,'
477 1202 61 21 1842.

128 1236 111 21 Annual
253 1235 147 27 Licensing
416 1235 133 26 Meeting.

45 1268 147 51 NOTICE
218 1268 28 23 IS
270 1268 129 23 HEREBY
423 1268 108 27 GIVEN,
551 1266 49 23 that
619 1273 11 14 a

138 1296 97 22 General
254 1296 100 26 Meeting
371 1295 25 22 of
411 1294 96 23 Justices
526 1294 25 22 of
566 1293 65 27 Petty

47 1323 106 26 Sessions,
164 1323 75 26 acting
247 1323 23 22 in
287 1322 46 22 and
345 1322 33 21 for
395 1322 37 21 the
449 1321 85 22 district
544 1320 23 23 of
579 1320 53 21 Port

45 1349 130 26 Nicholson,
190 1348 44 23 will
245 1350 27 21 be
282 1349 52 22 held
345 1352 22 18 at
375 1349 44 22 this
435 1348 70 22 Office
521 1355 28 14 on
562 1347 68 21 Tues-

45 1376 51 27 day,
112 1376 37 21 the
166 1376 51 22 19th
233 1376 43 28 day
286 1376 25 21 of
319 1375 69 29 April,
404 1377 59 25 1542,
480 1378 23 18 to
520 1374 51 22 take
584 1373 46 21 into

45 1403 161 22 consideration
221 1402 54 23 such
286 1402 141 28 applications
436 1402 35 21 for
487 1401 106 22 Licenses
608 1407 22 13 as

44 1437 48 18 may
101 1432 52 18 have
166 1430 48 20 been
224 1430 73 26 lodged
306 1430 51 20 with
366 1437 32 13 me
414 1436 26 13 on
449 1435 24 14 or
487 1429 70 25 before
568 1428 62 19 Tues-

45 1458 48 24 day,
105 1457 37 21 the
151 1456 37 22 sth
203 1456 43 28 day
252 1457 25 21 of
292 1456 63 28 April
361 1459 61 24 next,
431 1456 70 21 under
507 1454 123 28 provisions

45 1484 26 21 of
84 1487 37 18 the
136 1484 44 22 Act
194 1483 25 21 of
237 1483 96 27 Council,
350 1485 14 20 2
380 1482 106 28 Victoria,
504 1482 44 23 No.
559 1482 34 26 18,
609 1481 25 21 of

47 1512 59 21 1838.

209 1536 94 23 Robert
319 1537 27 22 R.
362 1537 99 26 Strand,

317 1564 64 22 Clerk
392 1564 25 21 of
425 1564 63 26 Petty
498 1562 104 22 Sessions.

238 1608 25 20 J.
279 1609 38 19 M.
332 1608 108 26 Taylor,

60 1639 152 23 LICENSED
237 1639 238 22 CUSTOM-HOUSE
500 1636 116 28 AGENT,

293 1674 28 14 TE
335 1674 51 14 ARO.

46 1713 45 30 (T\
101 1711 106 22 EORGE
231 1710 124 27 BRIGGS,
377 1710 112 26 Painter,
516 1710 112 25 Glazier,

47 1736 53 25 \JT
155 1738 44 21 and
226 1738 191 26 Paper-hanger,
444 1736 184 28 Murphy-street,

45 1764 145 28 Wellington,
201 1768 87 18 returns
303 1764 35 22 his
355 1764 85 22 sincere
454 1763 80 22 thanks
550 1766 23 18 to
593 1761 37 22 the

43 1791 135 22 inhabitants
198 1791 27 21 of
239 1791 54 22 Port
310 1790 120 23 Nicholson
449 1790 34 21 for
500 1790 47 23 the,,
553 1788 76 23 liberal

44 1822 92 23 support
149 1818 28 21 he
193 1817 41 22 has
247 1818 103 21 received
364 1818 61 21 since
439 1817 34 22 his
489 1821 140 18 commence-

44 1848 61 18 ment
119 1845 24 21 in
159 1845 99 22 business
267 1845 24 21 in
300 1844 43 22 this
357 1844 90 27 Colony,
459 1844 46 21 and
514 1844 76 26 hopes,
600 1842 30 26 by

44 1872 63 21 strict
116 1871 108 22 attention
234 1874 22 19 to
265 1871 82 28 orders,
355 1875 21 18 to
386 1871 65 22 merit
458 1878 13 14 a
481 1870 147 22 continuance

44 1898 28 21 of
78 1898 37 21 the
128 1905 68 14 same.

302 1943 76 23 Urul,

47 1970 43 20 One
98 1970 47 20 mile
155 1975 24 14 on
190 1970 35 19 the
234 1970 55 20 Port
297 1970 114 20 Nicholson
419 1969 44 21 side
471 1969 28 25 of
510 1967 117 22 Waikanai.

45 2003 92 46 MR.
153 2002 133 22 JENKINS
302 2003 54 27 begs
371 2006 22 18 to
407 2009 125 19 announce,
544 2002 48 21 that
601 2000 27 22 he

136 2029 39 20 has
185 2029 87 24 opened
282 2036 14 12 a
306 2029 76 20 House
389 2029 35 20 for
432 2029 38 19 the
478 2027 150 22 convenience

45 2055 27 19 of
85 2053 38 20 the
139 2052 81 27 public,
238 2052 44 21 and
299 2056 66 17 trusts
381 2054 49 18 that
446 2053 36 19 the
498 2051 69 21 board
585 2051 43 19 and

44 2079 92 26 lodging
157 2078 28 22 he
207 2078 101 27 provides
328 2078 44 22 will
390 2084 77 16 secure
485 2077 48 21 him
552 2075 75 23 liberal

44 2109 98 24 support.

72 2132 44 22 Mr.
128 2131 95 22 Jenkins
237 2139 41 15 can
289 2135 23 18 at
326 2131 29 22 all
365 2131 64 22 times
438 2131 91 27 provide
545 2129 83 28 gentle-

44 2166 52 15 men
106 2159 54 21 with
169 2159 37 21 the
215 2166 78 14 means
300 2159 26 21 of
331 2159 99 26 crossing
439 2162 21 18 to
470 2157 85 28 Kapiti.

73 2185 61 26 Urui,
146 2185 108 27 January,
266 2187 60 20 1842.

114 2243 3 6 t
292 2230 88 21 Otaki.

44 2258 93 47 MR.
160 2256 128 23 TAYLOR
310 2256 54 28 begs
386 2260 23 17 to
432 2256 102 21 intimate
553 2258 22 18 to
595 2253 33 22 his

122 2284 84 21 friends
216 2284 43 21 and
270 2284 37 21 the
318 2283 73 27 public
397 2283 50 21 that
454 2283 28 21 he
493 2283 40 21 has
543 2281 86 27 opened

44 2318 14 14 a
68 2310 77 21 House
156 2310 23 21 of
193 2310 181 22 Entertainment
383 2314 23 17 at
423 2309 73 27 Otaki,
507 2309 45 21 and
560 2310 68 25 hopes

44 2337 49 21 that
99 2337 39 21 the
146 2336 132 23 cleanliness
286 2336 43 22 and
341 2336 93 22 comfort
441 2336 26 21 of
473 2336 34 21 his
515 2334 114 23 establish-

43 2368 63 18 ment
126 2363 44 22 will
185 2371 77 14 secure
279 2364 47 21 him
343 2370 13 15 a
373 2363 79 22 liberal
468 2363 64 22 share
551 2361 25 22 of
592 2361 37 22 the

43 2390 76 28 public
129 2394 128 23 patronage.

72 2417 73 27 Qtaki,
157 2418 101 26 January
267 2419 34 25 21,
313 2418 60 21 1842.
574 2436 4 3 .

192 2462 40 20 To
246 2462 33 21 be
295 2462 65 21 Sold
380 2468 29 15 or
424 2463 56 20 Let.

42 2494 10 13 r
59 2493 77 33 pWO
150 2492 99 22 Wooden
261 2493 95 26 Houses,
367 2500 28 14 on
404 2493 36 21 the
447 2490 181 27 Tinakore-road,

52 2514 25 26 X
121 2519 37 22 the
176 2520 82 21 second
277 2527 50 15 acre
346 2520 57 21 from
423 2519 92 28 Captain
533 2517 101 27 Smith's^

89 2547 129 26 containing
232 2546 49 22 four
291 2554 73 14 rooms
373 2545 45 23 and
433 2553 14 14 a
453 2553 105 20 passage,
575 2543 55 23 each

44 2573 54 21 with
116 2573 50 21 zinc
183 2573 68 25 roofs,
277 2573 45 21 and
345 2573 22 21 in
392 2580 66 19 every
476 2577 88 22 respect
582 2571 48 21 well

43 2599 102 23 finished.
174 2599 106 22 Terms—
280 2600 25 21 lf
313 2599 53 28 sold,
377 2599 60 23 £150
447 2599 35 22 for
487 2599 56 22 each
548 2599 70 21 house
623 2606 6 19 ;

42 2626 22 22 if
74 2626 38 28 let,
124 2627 32 23 £1
166 2634 41 19 per
217 2626 61 22 week
287 2627 35 21 for
331 2625 55 23 each
393 2627 79 21 house.
500 2625 76 28 Apply
577 2626 3 6 1
587 2628 27 20 to,

434 2660 76 22 James
524 2659 80 22 Watt.

54 2686 145 28 Wellington,
209 2686 57 23 Nov.
277 2687 33 27 27,
320 2688 59 21 1841.

194 2731 40 21 To
249 2732 33 20 be
298 2732 64 20 Sold
378 2738 29 15 or
423 2733 56 24 Let,

44 2766 52 49 A
110 2764 189 23 BAKEHOUSE
310 2764 44 23 and
365 2765 84 22 OVEN
459 2765 23 21 in
493 2765 59 27 good
559 2763 71 22 work-

124 2792 37 26 ing
172 2791 121 22 condition.
323 2792 75 28 Apply
408 2796 22 17 to

122 2826 125 22 Anderson
258 2826 45 21 and
312 2825 54 23 Row
367 2833 54 19 and,
430 2825 200 28 Thorndon'^uay.

71 2857 144 27 Wellington,
228 2857 113 27 February
350 2858 34 26 24,
395 2858 61 21 1842.
575 2857 52 33 '___

44 2901 82 22 PORT
146 2900 181 23 NICHOLSON
358 2901 67 22 AND
449 2900 181 23 WANGANUI.

157 2935 92 21 Lands
259 2937 28 19 to
298 2936 33 20 be
342 2935 50 21 Let
402 2941 29 15 or
442 2935 73 21 Sold.

45 2968 164 49 SEVERAL
230 2968 69 22 Town
317 2968 45 23 and
376 2969 100 27 Country
494 2968 97 23 sections
608 2967 23 22 in

109 2995 37 22 the
160 2996 53 21 Port
224 2994 122 23 Nicholson
362 2995 92 27 district,
468 2995 46 22 and
534 2996 97 25 Country

43 3022 96 21 sections
146 3022 23 21 in
178 3022 38 21 the
226 3021 127 28 Wanganui
362 3022 91 27 district,
465 3022 53 22 with
527 3022 37 22 the
573 3021 59 27 right

44 3048 27 21 of
91 3048 60 27 early
169 3048 87 23 choices
276 3049 81 26 (under
373 3049 34 27 14)
426 3050 26 21 of
472 3049 37 22 the
524 3048 108 23 intended

43 3074 110 28 township
161 3074 68 27 there,
239 3078 20 19 to
266 3076 27 21 be
299 3075 49 23 sold
355 3083 24 15 or
385 3076 38 21 let.
452 3076 44 21 For
503 3075 129 28 particulars

43 3100 48 23 and
99 3104 73 24 terms,
184 3101 65 27 apply
259 3105 23 18 to
585 3118 6 2 -

229 3128 94 23 Robert
336 3129 33 28 R.,
380 3130 99 27 Strano,
494 3130 109 21 Solicitor.

72 3153 146 27 Wellington,
227 3154 59 23 Nov.
296 3157 33 25 25,
341 3157 51 20 1841

211 3191 90 22 Beach
319 3193 144 27 Frontage.

45 3218 68 48 TO
129 3217 38 21 BE
181 3217 66 27 LET,
263 3219 70 21 beach
344 3219 100 27 frontage
458 3220 43 23 lots
513 3221 23 22 in
547 3220 84 23 section

119 3245 41 20 490
170 3251 29 14 on
215 3244 38 21 the
264 3245 55 21 Plan
329 3245 27 22 of
363 3245 38 22 the
409 3246 68 22 Town
492 3248 27 21 of
526 3246 105 27 Welling-

43 3276 49 23 ton,
102 3271 116 26 adjoining
228 3271 44 22 Mr.
280 3271 89 22 Taine's
376 3276 57 18 store
439 3281 5 19 ;
459 3274 46 22 and
514 3274 22 22 in
547 3274 83 22 section

43 3300 49 25 616,
101 3298 101 21 between
211 3297 75 28 Major
294 3298 90 22 Baker's
393 3300 44 21 and
446 3300 43 22 Mr.
498 3301 134 22 Swainson's

44 3325 90 21 houses.

73 3351 55 22 Also
139 3350 37 22 the
184 3349 115 28 following
308 3351 96 22 sections
414 3359 29 16 on
453 3352 36 23 the
497 3354 56 23 Plan
562 3354 26 21 of
595 3353 36 22 the

44 3377 79 28 Town,
133 3378 36 21 viz
175 3385 4 14 :
181 3387 30 5 —

149 3405 27 21 55
312 3405 42 21 319
451 3413 3 6 ■
500 3408 43 21 922

118 3443 3 3 •
136 3432 41 21 240
218 3432 4 7 '
313 3431 40 25 71.8
489 3434 54 22 1079
603 3438 4 7 '
616 3436 4 3 '
637 3443 2 13 ;

72 3457 77 28 Apply
162 3460 22 19 to

223 3484 26 22 E.
265 3484 22 22 J.
302 3483 149 30 Wakefield,
467 3493 25 14 or

223 3511 34 21 W.
273 3511 28 21 V.
318 3511 106 27 Brewer,
440 3511 189 24 Manners-street.

45 3556 122 25 Country
181 3556 126 21 Sections
327 3556 42 20 for
388 3556 60 21 Sale
469 3562 36 15 on
524 3557 106 22 Liberal

291 3583 101 20 Terms.

46 3608 165 49 SEVERAL
247 3610 101 21 Sections
374 3608 27 22 of
432 3609 100 28 Country
559 3609 71 28 Land,

111 3634 91 28 already
212 3634 84 23 chosen
303 3636 24 21 in
338 3634 37 23 the
389 3635 92 22 Porirua
496 3636 92 26 district,
599 3636 33 21 for

45 3661 58 28 Sale,
115 3669 77 14 terms
200 3669 105 16 liberal.
334 3662 76 28 Apply
420 3665 23 19 to

142 3695 24 21 F.
180 3695 30 21 A.
225 3695 170 27 Molesworth,
413 3691 184 32 Murphy-street,
608 3702 24 15 or

143 3721 33 21 W.
191 3721 29 22 V.
235 3721 108 28 Brewer,
353 3722 194 22 Manners-street.
626 3724 12 6 ''

257 3767 167 27 Wanganui.

45 3791 91 49 FOR
149 3792 85 22 SALE.
235 3804 28 4 —
263 3793 66 22 Land
347 3793 99 22 between
466 3801 42 14 one
527 3793 45 22 and
590 3796 42 19 two

120 3816 62 24 mile's
199 3819 26 21 of
236 3819 37 22 the
289 3820 109 27 township
415 3824 24 17 at
457 3819 128 28 Wanganui
599 3820 33 21 for

35 3855 3 5 ■
45 3843 54 28 sale,
109 3844 25 22 in
143 3844 77 23 blocks
229 3847 25 21 of
265 3847 44 21 five
319 3854 67 15 acres'
393 3847 43 20 and
452 3847 107 27 upwards,
571 3854 26 13 or
610 3850 22 17 to

44 3871 35 21 let
87 3877 30 15 on
129 3874 54 23 vefry
194 3871 78 23 liberal
282 3876 75 23 terms,
367 3873 54 24 with
430 3873 37 22 the
480 3873 61 27 right
550 3873 26 22 of
582 3880 50 20 pur-

44 3896 76 23 chase.
149 3897 107 28 Apply,-to
266 3899 28 22 R.
306 3899 64 28 Park,
381 3900 61 27 Esq.,
451 3907 25 14 or
486 3904 22 18 to

382 3933 24 22 J.
420 3933 46 23 and
479 3934 29 22 G.
524 3934 81 22 Wajob.
