2510 4010
1301 197 122 32 Although
1440 199 150 31 occasionally
1599 199 97 31 visiting
1712 200 65 23 other
1786 200 77 27 ''parts*

1270 230 25 23 of
1303 230 43 27 the,
1352 236 104 26 country,
1470 232 47 23 Mr.
1530 232 104 31 Bright's
1646 232 103 24 domicile
1761 233 102 23 was-the-

1270 263 50 30 Bay
1327 264 41 30 jjp.f
1375 287 5 7 ,
1394 263 99 29 Islands,
1522 265 38 23 the
1568 284 3 5 ,
1587 265 132 31 irregular,^
1728 266 135 27 settlement,,

1270 296 178 26 effecte.i-at.the
1460 297 115 23 Northern
1585 302 52 26 part
1644 298 30 22 'of
1691 298 36 22 the
1740 298 118 24 Northern

1270 329 87 33 island^
1361 350 9 12 v
1366 329 30 33 by
1402 331 63 22 .such
1475 331 94 30 floating
1573 331 141 30 -population
1725 339 32 14 as-
1762 331 77 23 found-
1845 339 18 15 a-

1270 359 76 33 refug'e
1347 377 9 17 r
1357 363 25 23 in
1394 362 57 24 New
1463 364 101 22 Zealand
1571 360 70 29 'from,
1644 359 75 27 law'or
1731 364 38 22 the
1778 362 85 30 o'c.ean'.",

1270 395 52 24 And
1344 391 29 27 lie
1393 395 93 24 defends
1505 394 123 29 Governor,
1645 395 101 24 Hobsdn
1764 397 35 22 for
1816 396 41 24 hot

1269 428 71 31 fixing
1358 428 39 23 the
1417 433 49 20 seat
1484 430 25 23 of
1523 433 148 27 government
1689 434 23 19 at
1729 430 38 23 the
1783 430 74 23 infant

1271 461 140 23 settlements
1428 462 26 23 of
1469 462 38 24 the
1517 462 65 28 .New
1590 482 3 5 ,
1602 462 110 23 Zealand-
1723 462 116 32 Company
1848 472 6 20 ;

1268 494 103 28 because,
1385 494 28 23 he
1424 495 123 30 intimates,
1564 517 5 7 x
1566 494 38 24 the
1616 494 133 32 population
1759 503 45 16 was
1816 501 40 18 not

1270 527 51 23 then
1333 534 26 20 so,
1370 535 137 22 numerous,,
1514 528 115 24 the'tradei
1634 528 59 23 little
1703 536 24 16 or
1738 536 66 21 none,
1817 529 39 23 the

1268 560 108 23 harbours
1397 560 89 24 neither
1505 569 24 16 so
1547 561 48 23 safe
1608 564 50 20 nor'
1668 569 25 15 so
1714 562 143 29 convenient,

1269 592 41 24 and
1321 592 36 24 the
1366 600 92 17 success
1467 594 24 23 of
1500 594 38 24 the
1549 594 107 23 colonists
1666 598 39 19 not
1716 599 38 26 yet
1763 595 91 30 proved.

1270 625 37 24 On
1317 626 37 23 the
1368 627 64 22 other
1444 627 67 29 handj
1521 627 28 23 he
1559 627 109 24 attaches,
1671 633 64 25 great
1746 627 74 24 blame
1832 633 23 19 to

1270 658 35 24 the
1317 658 157 25 Government
1491 665 23 18 at
1531 660 73 28 home,
1626 668 25 15 or
1669 661 25 22 in
1711 660 57 24 New
1781 661 75 23 South

1263 691 89 29 •Wales,
1369 700 26 15 or
1415 698 20 17 to
1450 693 118 23 Governor
1575 706 3 14 }
1712 693 35 24 for
1759 693 38 24 the
1808 702 46 15 un-

1268 725 164 23 business-like
1445 726 44 23 and
1502 718 100 38 .dilatory
1615 726 113 31 way.tliey
1740 731 35 19 set
1786 727 69 24 about

1268 758 36 23 the
1315 758 162 30 investigation
1488 759 25 23 of
1522 759 61 22 titles
1595 759 106 30 qf,land,;
1702 783 6 7 r
1718 760 51 28 and,
1782 768 25 15 so
1819 761 36 22 far

1268 799 23 15 as
1303 790 27 24 he
1344 799 41 15 can
1402 792 29 22 be
1675 793 99 30 justice..
1804 793 51 24 The

1268 823 70 24 whole
1359 830 160 25 management
1542 833 94 23 appears
1658 826 50 23 that
1731 826 25 23 of

1268 857 74 24 whose
1365 859 102 30 capacity
1489 858 113 24 consisted
1625 859 24 22 iri
1667 859 101 30 forming
1783 867 72 23 paper

1268 890 70 31 plans,
1351 891 97 23 without
1458 897 44 25 any
1507 891 101 31 thought
1616 891 26 23 of
1650 891 59 24 their
1720 893 117 22 execution
1848 902 5 15 :

1268 931 13 16 a
1279 926 3 8 1
1298 923 173 24 determination
1490 929 31 24 to.
1535 925 141 30 iuyestigate-
1691 925 38 23 the
1752 925 60 23 titles
1832 926 25 22 of

1268 956 86 24 British
1367 957 100 31 subjects
1477 962 28 25 to.
1510 957 65 23 lands
1582 957 108 31 acquired
1699 959 24 22 in
1731 959 123 22 NewZea-

1261 989 63 29 ,land,
1345 990 45 23 and
1401 998 14 15 a
1426 992 149 22 commission
1589 991 133 30 thereupon,
1744 999 72 15 seems
1831 996 23 19 to

1267 1023 54 23 have
1333 1023 59 23 been
1411 1023 37 23 the
1460 1029 76 18 extent
1547 1024 26 23 of
1587 1025 60 22 their
1665 1024 74 24 reach.
1753 1049 3 4 .
1769 1025 84 28 .When

1268 1056 35 23 the
1516 1057 24 23 of
1556 1057 38 23 the
1612 1057 54 24 fact-
1679 1058 97 23 reached
1796 1058 57 23 New

1261 1089 112 28 •Zealand,
1394 1090 18 22 it
1430 1090 83 23 caused
1530 1095 64 26 great
1606 1091 167 23 consternation
1782 1100 7 20 ;
1809 1091 45 24 and

1268 1122 54 23 such
1333 1122 21 23 is
1366 1122 37 24 the
1416 1124 107 22 sensitive
1535 1128 80 19 nature
1627 1124 26 23 of
1662 1128 118 27 .property,
1804 1124 50 24 that

1262 1156 22 27 ,it
1295 1155 71 31 might
1378 1155 57 24 have
1447 1155 96 24 induced
1555 1157 94 30 anxiety
1660 1164 56 23 ejven
1727 1165 82 23 among
1818 1158 35 23 far

1268 1196 58 15 more
1345 1188 115 31 bona-fide
1475 1189 136 31 purchasers
1634 1189 56 24 than
1708 1192 50 28 any'
1769 1191 25 22 in
1813 1191 40 23 the

1267 1222 78 23 island.
1383 1222 51 23 The
1446 1222 57 29 first,
1510 1222 66 23 effect
1586 1230 46 16 was
1651 1227 32 21 to,.
1686 1227 50 27 stop
1749 1223 104 31 specula-

1268 1255 55 22 tions
1342 1255 45 23 and
1394 1255 70 30 (Sales
1482 1255 25 23 in
1525 1255 60 29 land,
1606 1256 45 23 and
1665 1260 26 24 Jo
1711 1256 62 30 drive,
1791 1264 62 24 away

1267 1296 66 22 many
1342 1288 134 24 Australian
1488 1289 79 30 people
1575 1289 50 23 who
1633 1289 44 23 had
1685 1296 62 16 come
1760 1293 22 19 to
1794 1297 57 23 pur-

1268 1321 63 23 chase
1342 1329 24 15 or
1380 1321 66 24 settle
1455 1331 8 19 ,;
1482 1320 39 31 the.
1531 1326 55 19 next
1596 1329 48 16 was
1656 1327 22 18 to
1689 1326 42 27 put
1742 1331 15 14 a
1767 1327 49 27 stop
1829 1327 27 25 to,

1267 1354 59 23 trade
1328 1367 34 3 —
1362 1354 89 31 though
1460 1362 33 16 we
1502 1355 26 23 do
1538 1359 39 19 not
1583 1359 63 19 trace
1655 1363 14 15 a
1677 1356 101 30 sequitur
1790 1355 61 30 here,

1267 1388 60 22 since
1340 1387 64 31 ships
1416 1388 74 23 would
1502 1388 47 23 still
1559 1393 61 18 want
1632 1389 118 31 supplies,'
1759 1387 94 26 and'th'e

1267 1420 73 23 actual
1349 1421 92 23 holders
1451 1421 24 23 of
1484 1421 53 23 land
1545 1422 67 22 could
1621 1422 48 22 still
1677 1422 90 22 furnish
1773 1422 63 23 them
1844 1432 6 20 ;

1267 1453 41 24 and
1319 1454 76 30 lastly,
1409 1462 51 23 says
1473 1454 48 23 Mr.
1533 1455 99 30 Bright,,
1636 1455 38 23 the
1686 1455 134 31 purchasers
1830 1456 25 23 of

1261 1487 131 23 ■allotments
1402 1487 60 23 from
1474 1489 128 30 companies
1615 1489 24 22 in
1651 1488 108 31 England
1770 1495 83 18 cannot

1267 1521 26 22 be
1311 1528 51 15 sure
1383 1521 25 22 of
1429 1521 58 22 their
1505 1521 61 23 titles
1585 1521 68 23 when
1672 1521 51 31 they
1744 1526 39 26 get
1804 1529 47 22 o,ut.

1260 1553 214 31 'Notwithstanding
1493 1554 29 22 all
1616 1555 55 23 evils
1674 1567 31 4 —
1707 1556 70 29 easily
1788 1556 60 22 fore-

1267 1594 51 15 seen
1319 1599 33 4 —
1353 1587 38 22 the
1403 1587 119 23 Governor
1539 1595 62 15 came
1618 1587 96 24 without
1731 1588 38 23 the
1782 1588 70 23 Com-

1261 1621 134 22 imissioners
1409 1620 24 23 of
1442 1620 96 31 Inquiry
1549 1620 249 29 jfthejannoencement
1806 1629 46 16 was

1266 1653 61 24 made
1340 1653 76 24 whilst
1434 1653 38 23 the
1487 1654 189 23 Commissioners
1689 1662 56 16 were
1764 1655 47 23 still
1829 1660 23 18 at

1267 1686 54 24 New
1336 1687 75 23 South
1422 1686 87 30 Wales,
1530 1687 45 23 and
1585 1695 38 19 no,
1631 1692 62 26 steps
1696 1696 75 23 _were.
1780 1688 71 23 taken

1267 1724 21 19 to
1300 1720 80 23 hasten
1394 1720 58 23 their
1464 1720 93 24 arrival:
1571 1729 12 14 a
1590 1721 143 31 wantqnjand
1744 1721 106 24 mischie-

1265 1761 54 15 vous
1328 1769 4 3 ■
1348 1754 127 30 tampering
1497 1754 55 23 with
1573 1754 115 28 interests,
1714 1754 76 24 .which
1813 1755 39 23 the

1261 1786 98 31 .slighest
1381 1786 146 32 forethought
1549 1787 73 29 could,
1637 1787 64 32 have;
1719 1788 130 30 prevented.

1266 1820 32 23 At
1316 1820 37 23 the
1366 1827 62 16 same
1439 1820 63 29 time,
1522 1820 39 23 the
1578 1821 161 31 investigation
1756 1822 23 22 in
1791 1822 64 22 itself

1267 1860 42 16 was
1321 1853 80 31 highly
1414 1860 105 24 proper:,
1531 1862 47 15 now
1599 1853 49 24 that
1665 1854 38 23 the
1724 1854 56 23 New
1792 1855 63 25 Zea-,

1261 1886 93 26 .landers
1366 1886 57 23 have
1434 1886 175 31 acknowledged
1622 1887 38 23 the
1673 1888 142 31 sovereignty
1821 1907 4 9 :
1829 1889 26 22 of

1260 1942 3 9 (
1268 1919 70 24 Great
1354 1919 99 28 Britain,
1469 1928 41 15 one
1522 1920 25 22 of
1560 1936 4 16 (
1564 1920 37 23 tlie
1609 1935 6 15 {
1615 1921 59 24 first,
1678 1921 79 27 .duties
1769 1921 25 22 of
1812 1921 39 23 the

1268 1951 101 25 Colonial
1382 1952 74 24 Office
1463 1954 21 22 is
1494 1957 21 20 to
1523 1958 88 26 protect
1617 1953 67 32 )them
1691 1954 59 23 from
1758 1954 93 23 fraudu-

1267 1985 45 23 lent
1328 1985 124 31 purchases
1465 1985 24 23 of
1505 1986 62 26 thei.r.
1577 1987 114 31 territory,
1712 1987 97 23 whether
1822 1987 31 31 by

1267 2018 121 25 imUvidual
1392 2032 5 17 f
1401 2019 172 31 ort3'oint-stock:
1581 2020 149 29 land-s]iarks
1738 2028 5 15 :
1757 2020 44 23 and
1812 2020 38 23 the

1336 2051 104 23 effectual
1450 2052 65 23 mode
1525 2052 24 23 of
1557 2054 92 29 serving
1660 2053 62 23 them
1729 2053 74 23 would
1813 2053 37 29 be,

1261 2088 27 23 .to
1301 2084 82 23 extend
1394 2084 38 24 the
1443 2085 53 30 plan
1509 2086 24 22 of
1547 2087 118 30 reserving
1676 2094 14 15 a
1702 2087 86 22 certain
1799 2094 53 23 por-

1268 2117 44 23 tion
1320 2118 25 23 of
1354 2126 44 22 any
1408 2117 54 24 land
1469 2118 55 28 sold,
1533 2118 35 23 for
1576 2119 28 23 its
1614 2124 93 26 present
1713 2126 137 24 possessors,

1260 2151 125 31 Tendering
1397 2151 29 23 all
1437 2151 66 33 sales^
1509 2152 86 30 beyond
1611 2152 49 23 that
1670 2153 132 30 proportion
1813 2154 37 21 in-

1256 2187 3 5 '
1267 2184 56 23 valid
1336 2189 22 19 at
1369 2192 46 23 any
1423 2185 61 30 price
1494 2194 6 20 ;
1520 2185 44 23 and
1576 2185 82 32 rigidly
1670 2190 23 19 to
1712 2185 89 24 enforce
1812 2186 39 24 the

1257 2221 4 4 '
1268 2217 46 24 rule
1498 2212 21 38 .'.'
1561 2231 13 18 '\
1610 2232 13 18 0
1660 2213 43 37 \'"A
1749 2212 21 38 '.'.

1321 2279 197 24 ENGLISH
1547 2264 246 39 EXTRACTS.

1258 2352 2 4 ■
1289 2335 33 25 ifa
1331 2345 13 14 a
1348 2335 4 16 :
1350 2338 155 22 'Convd6ation
1513 2335 58 25 -helS
1581 2343 23 18 at
1609 2331 11 20 c
1715 2339 136 28 University,

1266 2365 35 21 the
1316 2365 69 27 Right
1394 2366 118 21 Reverend
1528 2366 88 27 George
1628 2368 113 25 Augustus
1757 2366 94 28 Selwyli}

1258 2395 3 13 ;
1266 2391 80 28 Bishop
1361 2392 26 21 of
1400 2392 55 22 New
1471 2392 99 25 Zqajand
1585 2392 47 22 and
1648 2393 61 22 D.D.
1725 2394 32 23 St,
1766 2394 86 23 .John's

1260 2418 99 28 •College,
1366 2419 13 27 '
1379 2419 135 27 Cambridge,
1523 2427 44 14 was
1577 2420 109 22 admitted
1691 2424 23 17 to
1723 2420 37 21 the
1771 2420 80 28 degree

1267 2446 23 21 of
1302 2446 85 21 Doctor
1390 2448 5 7 v
1396 2447 26 20 of
1434 2446 56 21 Civil
1502 2448 59 19 Law.

1292 2500 40 22 We
1343 2500 137 23 understand
1488 2500 48 23 that
1550 2497 153 32 preparations'
1712 2509 43 14 are-
1763 2502 89 26 already

1260 2528 28 24 .in
1295 2535 100 20 progress
1400 2527 35 22 for
1441 2527 36 22 the
1486 2528 168 23 establishment
1660 2528 25 22 of
1689 2528 162 28 flax-spinning

1261 2554 105 22 'factories
1376 2561 29 14 on
1415 2562 14 13 a
1437 2554 62 28 large
1509 2554 57 22 scale
1581 2555 23 21 in
1615 2555 56 23 New
1682 2555 105 27 Zealand,
1805 2556 45 21 and

1267 2581 45 22 that
1321 2589 40 14 one
1371 2581 166 22 manufacturer
1546 2582 39 21 has
1597 2581 93 28 inlisted,
1698 2589 14 14 a
1719 2582 61 27 large
1789 2582 59 27 body

1267 2608 24 21 of
1301 2606 159 30 operatives°to
1474 2605 98 31 prtfeeed'
1585 2603 89 27 toHhat'
1676 2605 6 12 v
1684 2609 91 27 Colony.
1809 2609 42 23 We

1257 2638 88 22 .cannot
1362 2642 104 20 presume
1485 2638 22 19 to
1526 2635 54 22 offer
1597 2643 45 19 any
1660 2635 89 28 opinion
1766 2643 29 14 on
1808 2636 43 21 'the

1258 2664 3 12 '
1266 2662 116 27 feasibility
1401 2662 26 21 of
1447 2662 37 21 the
1496 2662 145 28 .speculation
1648 2671 5 18 ;
1681 2664 38 19 but
1735 2662 22 21 if
1765 2669 87 15 .manu-

1266 2689 94 22 factures
1375 2688 65 23 could
1453 2689 29 22 be
1492 2689 131 22 introduced
1636 2689 54 22 with
1703 2696 87 15 success
1804 2690 47 21 into

1267 2723 40 20 any
1316 2716 26 21 of
1354 2723 40 15 our
1524 2716 18 21 it
1550 2717 19 20 is
1578 2716 92 21 evident
1679 2715 47 22 that
1737 2723 41 14 one
1789 2716 61 21 main

1267 2739 111 31 objection'
1392 2745 23 19 to
1432 2742 38 22 the
1487 2742 124 27 promotion
1628 2743 26 21 of
1659 2743 193 31 'manufacturing

1258 2780 3 5 •
1268 2770 128 26 emigration
1415 2769 73 22 would
1496 2770 33 21 -be
1545 2770 113 21 removed.
1688 2768 111 23 Establish
1812 2770 39 21 the

1267 2796 76 22 labour
1352 2797 34 21 for
1395 2796 74 21 which
1478 2796 39 22 the
1524 2800 52 18 mcii
1587 2799 38 19 arfe
1635 2796 88 27 fitj.'fidd
1734 2796 54 22 then
1799 2796 53 28 they

1266 2831 49 19 may
1324 2824 28 21 be
1362 2823 189 27 advantageously
1557 2823 145 29 gncouraged
1710 2826 21 19 to
1740 2823 80 23 follow.
1822 2835 29 4 —

1266 2852 133 19 Manchester
1416 2851 113 20 Chronicle.

40 128 51 25 that
112 129 39 24 the
174 129 114 29 authority
307 127 68 31 given
396 131 24 19 to
443 125 43 32 tte,
504 127 121 23 Governor

41 162 74 24 under
123 162 39 24 the
172 162 82 29 Raupo
266 159 83 24 House
360 159 131 24 Ordinance
502 154 83 29 should
595 160 29 23 be

42 193 137 25 transferred
190 198 22 18 to
223 193 40 23 the
279 192 157 31 Corporation.
472 192 50 24 The
534 192 91 32 Report

42 227 49 24 also
112 233 120 25 expresses
242 230 89 26 -regret
352 225 49 24 that
422 225 40 24 the
474 225 151 32 -Legislative

44 259 97 24 Council
148 258 82 24 should
235 258 59 24 have
304 258 118 31 separated
428 258 94 26 without
530 259 95 31 passing

41 299 45 24 any
101 299 123 21 .measures
245 291 95 24 relative
361 294 24 20 to
406 291 152 32 Bankruptcy
581 291 45 24 and

44 324 146 31 Insolvency.
212 345 17 4 
263 334 71 15 •--.;.
378 342 3 8 ,
410 345 11 8 v
465 343 21 7 ..,
536 336 23 19 /,,

69 357 52 24 -We
132 365 39 16 are
181 364 73 17 aware
265 357 49 24 that
326 357 45 23 this
382 357 87 24 outline
480 357 32 26 of,
520 357 39 24 the
574 357 51 24 Re-

42 394 52 28 port
115 391 22 22 is
157 390 127 31 imperfect,
303 390 42 23 but
366 389 59 32 hope
442 393 24 21 to
485 390 82 32 supply
587 390 38 23 the

42 423 125 30 deficiency
177 427 56 19 next
243 422 74 25 week.
400 432 3 5 •
503 444 3 6 ,
536 429 5 9 '■
572 425 13 10 '•

74 456 27 24 A
110 456 135 24 Committee
256 463 47 17 was
447 461 24 19 to
563 455 63 24 rules'

40 489 35 24 for
87 489 40 24 the
137 489 128 31 regulation
282 489 26 23 of
317 489 38 24 the
498 489 44 23 and
552 493 23 19 to
588 496 25 16 re
614 503 11 16 r

42 526 52 27 port
105 529 63 24 upon
178 521 64 24 other
259 526 95 20 matters
372 523 157 30 appertaining
547 527 24 18 to
586 521 39 24 the

41 555 134 31 well-being
185 552 32 26 bf
221 554 39 24 the
346 554 2 6 '
355 550 9 14 r
378 552 26 11 '"'
456 548 5 15 :

68 612 47 23 We
114 638 8 8 v
131 612 57 23 have
195 621 3 4 •
207 613 104 24 received
329 613 89 24 Nelson
437 611 148 25 Examiner's
602 611 26 24 of

21 646 9 32 J
38 638 86 32 Marcfi
135 647 40 28 26,
182 646 4 32 ;
189 641 100 37 AprilV2
291 664 15 16 n
309 646 46 23 and
364 642 78 35 April'
442 642 26 35 9.
484 665 2 4 .
571 644 54 24 read

38 686 30 16 an
74 672 111 33 'account,
195 679 34 28 .of
249 687 31 16 an
297 679 169 29 extraordinary
475 678 52 25 .and
545 679 19 22 it
584 686 40 22 ap-

37 719 68 24 pears
116 716 23 22 to
150 720 36 21 us,
205 720 13 16 a
235 712 127 26 somewhat,
374 711 70 23 harsh
455 710 137 31 proceeding
602 711 25 23 of

37 745 45 24 the'
92 745 150 31 Magistrates
261 745 90 30 there/;
361 752 4 4 •
373 744 48 23 -We
428 753 4 3 •
441 751 57 23 copy
514 744 39 23 the
571 743 53 24 Ex-

37 778 107 24 aminer's
150 783 80 28 .report
239 787 6 15 :
247 790 35 5 —
367 773 4 38 j

66 816 46 22 Mr.
136 817 93 27 Murray
252 823 63 15 came
330 819 31 19 .to
379 815 90 23 .Nelson
490 815 63 23 from.
572 816 53 22 Port

21 846 6 18 I
38 842 124 23 Nicholson
172 843 51 22 with
237 842 39 23 the
285 842 115 22 intention.
403 842 27 22 of
440 843 96 27 opening
546 851 14 14 a
569 843 56 27 pub-

23 877 5 12 •
37 869 31 22 lie
77 870 76 22 house.
183 870 35 22 He
228 869 56 22 used
291 877 66 19 every
364 869 126 22 endeavour
499 872 23 19 to
530 877 94 20 procure

39 903 14 14 a
61 896 82 23 license
150 905 5 19 ;
171 897 46 27 hut,
228 904 25 14 as
268 903 40 15 our
317 896 88 22 readers
414 896 51 23 well
474 896 73 27 know,
559 897 17 20 it
585 896 40 22 has

37 922 97 23 hitherto
144 924 56 21 been
211 926 38 19 out
258 924 27 21 of
294 923 38 22 the
342 930 73 20 power
425 923 26 22 of
461 931 51 19 any.
516 926 22 19 to
548 923 86 22 obtain.

21 969 3 4 .
37 957 50 14 one.
127 950 39 22 An
182 950 145 22 information
345 957 55 15 was.
405 950 114 21 exhibited
537 950 88 26 against

38 976 44 22 Mr.
94 976 101 28 Murray,
207 977 33 21 for
256 976 78 28 selling
343 976 72 28 liquor
426 976 93 21 without
533 976 89 26 license,

38 1009 30 15 on
77 1003 159 28 Tuesday.last,
244 1003 46 22 and
299 1011 28 14 on
337 1002 138 28 Wednesday
480 1003 28 20 he
515 1003 109 27 appeared

36 1029 78 22 before
125 1030 37 22 the
173 1030 73 22 Police
257 1030 130 26 Magistrate
398 1032 22 18 to
430 1036 85 14 answer
523 1030 24 20 it.
579 1029 43 22 Mr.

37 1056 50 22 Tod
106 1057 44 21 and
160 1074 4 3 .
174 1056 94 27 Captain
291 1054 108 28 England,
421 1054 97 23 Justices
541 1055 26 21 of
586 1055 37 22 the

37 1082 78 27 Peace,
127 1082 117 28 siipported
259 1081 50 22 Mr.'
314 1082 127 24 Thompson
454 1081 25 21 in
489 1081 37 22 the
539 1082 84 26 perfor-

35 1116 79 15 mance
125 1110 25 20 of
162 1109 33 21 his
205 1108 73 22 duties
287 1115 28 14 on
326 1108 48 21 that
381 1108 51 27 day.
462 1108 22 21 It
493 1115 43 14 was
546 1108 77 23 shown

35 1136 25 21 in
70 1135 107 22 evidence
190 1135 48 21 that
252 1135 46 22 Mr.
310 1135 92 27 Murray
414 1134 52 28 had,
478 1142 28 14 on
520 1135 103 28 Monday

36 1162 66 27 night
108 1162 53 26 last,-
169 1161 47 22 sold
225 1161 78 28 liquor,
306 1161 93 22 without
409 1161 85 22 license
503 1169 5 19 ;
524 1162 45 21 and
580 1162 43 23 this

35 1197 45 14 was
95 1188 109 23 admitted
219 1195 30 15 on
260 1188 37 21 the
313 1191 50 25 part
370 1188 31 23 .of
412 1188 53 22 Mr..
472 1188 100 27 Murray.
581 1205 3 4 .
602 1189 22 22 It

36 1223 44 15 was
90 1216 77 21 shown
178 1215 48 22 that
235 1215 64 22 there
308 1213 148 24 was!a.fiddle
466 1215 45 22 and
521 1223 13 14 a
544 1213 79 24 fiddler

35 1246 35 19 at.
77 1242 38 22 the
138 1242 68 23 house
223 1241 33 22 .of
277 1242 43 21 Mr.
341 1242 105 27 Murray;
472 1242 48 21 that
544 1243 78 27 people

36 1269 88 22 danced
134 1269 61 23 there
203 1277 6 19 ;
223 1268 51 23 that
284 1276 51 15 one.
341 1276 60 15 man.
403 1269 76 22 struck
495 1269 95 22 another
599 1270 24 21 in

36 1296 38 22 the
92 1296 50 21 face
150 1304 6 18 ;
180 1296 49 21 that
243 1296 63 21 these
325 1303 51 14 men
395 1303 57 14 were
471 1296 152 28 immediately

36 1322 81 22 turned
133 1326 43 18 out'
185 1322 45 22 and
243 1322 132 28 prevented.
453 1322 106 27 fighting;
576 1323 47 22 that

37 1349 45 22 Mr.
93 1349 94 27 Murray
193 1349 160 23 .endeavoured
357 1352 31 18 .to.
394 1349 37 21 the
442 1352 114 19 utmost-to
566 1350 57 28 keep

37 1376 73 26 order,
121 1376 46 21 and
176 1375 52 24 that'
232 1376 28 21 he
277 1375 123 22 succeeded
413 1376 24 21 in
550 1383 15 14 a
574 1380 49 24 stop

37 1406 23 18 to
70 1402 135 23 indications
214 1403 26 22 of
251 1402 125 23 unruliness
385 1402 24 21 in
420 1410 62 14 some
493 1403 25 21 of
528 1403 36 21 his
574 1411 49 14 cus-

37 1433 83 18 tomers
125 1437 5 19 ;
146 1430 49 22 that
202 1429 74 25 liquor
284 1436 47 17 was.
338 1429 88 22 refused
435 1432 23 19 to
468 1429 27 22 be
505 1430 80 21 served
594 1430 29 28 by

36 1456 48 22 him
94 1456 57 22 after
161 1458 25 21 10
193 1451 91 28 .o'clock
292 1459 23 18 at
322 1456 70 22 latest.

65 1483 22 22 It
97 1488 45 17 Was
148 1482 162 25 endeavoured,
313 1486 21 21 to
342 1482 27 22 be
378 1482 75 23 shewn
464 1482 46 23 that
520 1491 28 14 on
558 1484 66 21 Mon-

38 1510 44 27 day
96 1510 66 21 there-
169 1517 43 15 was
221 1517 14 14 a
269 1517 46 14 row
323 1510 12 23 V
345 1509 29 24 .in
384 1509 37 22 the
437 1510 69 21 house
513 1518 7 19 ;
530 1510 47 22 .but
588 1511 35 22 the

22 1548 5 8 /
37 1537 92 22 witness
139 1537 96 27 brought
248 1539 22 18 to
280 1536 148 23 substantiate,
442 1536 43 22 this
499 1537 65 22 could
573 1538 51 27 give

37 1571 31 14 no
78 1564 105 21 evidence
190 1571 29 15 on
224 1563 39 22 the
268 1563 96 27 .subject,
373 1563 178 22 buMhatheKad
560 1566 66 19 heard

37 1590 63 22 there
110 1597 44 15 was
165 1598 13 14 a
186 1597 53 15 row.
268 1590 59 28 Mr.,
327 1590 89 28 Murray
426 1598 45 13 was
484 1592 77 21 served
569 1593 56 21 -with

38 1625 14 13 a
61 1624 115 15 summons
189 1617 44 22 late
248 1623 29 15 on
294 1616 102 28 Tuesday
400 1617 127 27 .afternoon,
546 1619 46 21 and
607 1619 18 22 it

37 1651 45 15 was
91 1643 143 28 represented
249 1651 28 14 on
289 1643 40 22 his-
336 1643 79 22 behalf
425 1644 49 21 that
487 1644 27 21 he
524 1644 45 23 had
587 1649 45 18 not'

37 1671 54 22 time
101 1673 23 19 to
133 1677 93 21 procure
240 1670 36 21 Ms
287 1670 117 27 witnesses,
412 1670 54 22 .and
479 1678 27 14 an
520 1671 105 28 adjourn-

38 1701 64 18 ment
112 1705 43 14 was
166 1696 86 28 applied
258 1697 36 21 for
301 1697 26 21 in
332 1703 159 21 consequence.
519 1698 54 22 This
582 1707 43 14 was

37 1724 97 22 refused.
164 1724 21 21 It
190 1731 44 14 was
240 1723 129 22 afterwards
377 1724 143 26 i-epresented
530 1725 49 22 that
588 1726 37 22 the

37 1751 106 22 evidence
152 1750 33 25 he.
191 1750 85 22 wished
285 1754 21 17 to
317 1750 96 28 produce
425 1758 43 14 was
479 1755 56 18 most
544 1752 81 28 impor-

37 1781 59 23 tant;
113 1778 49 21 that
171 1778 17 21 it
197 1777 77 22 would-
281 1777 102 24 show^his
393 1778 113 21 character
517 1785 44 16 was
570 1779 62 28 high-

36 1805 23 21 in
74 1805 53 21 Port
142 1804 121 22 Nicholson
278 1804 43 21 and
331 1804 54 21 here
395 1804 34 21 for
443 1804 122 23 steadiness
580 1807 45 22 and

36 1831 166 28 respectability
210 1831 119 24 and.other
345 1833 89 20 matters
449 1835 59 18 most
521 1834 104 26 reqxiisite

35 1862 23 18 to
68 1858 27 22 be
105 1858 66 21 made
183 1858 80 21 known
272 1865 7 19 ;
296 1857 52 26 and,
364 1857 22 22 in
396 1862 55 23 part,
468 1862 22 18 to
499 1861 79 25 supply
589 1860 36 22 the

26 1885 75 27 'place
107 1885 31 25 ,of
144 1884 55 25 such
209 1884 112 27 evidence,
334 1884 81 22 Robert
425 1885 54 27 Tod,
495 1885 60 28 Esq.,
567 1887 58 22 from

37 1912 37 21 the
84 1912 74 21 bench
169 1911 71 22 stated
249 1911 49 21 that
308 1911 28 22 he
345 1911 91 22 himself
444 1912 71 21 would
524 1914 69 26 speak
603 1918 27 17 to'

38 1938 44 23 Mr.
94 1939 113 27 Murray's
220 1938 165 28 respectability,
394 1943 31 17 at.
432 1939 53 21 Port
494 1939 129 23 Nicholson.

36 1966 23 21 It
69 1973 45 14 was
124 1965 86 22 further
221 1964 143 28 represented
376 1965 46 22 that
436 1966 17 21 it
465 1973 41 14 was
518 1967 75 27 unjust
603 1970 22 19 to

37 1993 91 25 enforqe
138 1999 13 14 a
160 1992 43 21 law
211 1999 60 19 upon
283 1999 13 14 a
302 1999 52 14 man
362 1994 19 18 to
389 1994 66 18 whom
463 1994 46 19 that
519 1994 40 19 law
565 1996 61 18 could

36 2022 36 16 not
77 2020 94 23 possibly
178 2020 52 17 have
244 2020 57 19 beeiK
306 2019 79 25 known,
398 2020 53 20 And,
461 2019 110 22 ,who->was
587 2025 38 16 not

22 2058 6 5 -
35 2044 97 21 enabled
141 2048 23 17 to
174 2044 92 27 comply,
271 2044 53 21 with
329 2044 21 21 .it
360 2051 56 14 even
422 2044 23 21 if
450 2044 31 21 he
489 2044 45 22 had
545 2045 80 22 known

35 2071 24 22 it.
89 2070 24 22 It
126 2077 45 14 was
185 2070 142 27 represented
343 2070 47 22 that
406 2071 18 21 it
437 2078 45 15 was
495 2076 39 17 not
542 2072 46 21 fair-
601 2076 23 18 to

36 2096 98 29 proceed
143 2096 85 28 against
238 2103 42 15 one
291 2096 67 23 house
367 2097 63 22 while
441 2098 137 22 otherswere
585 2099 40 22 left

35 2124 113 27 at-liberty
157 2127 25 21 to,
190 2123 40 22 sell
244 2130 24 15 as
280 2123 52 27 they
341 2124 89 27 pleased
437 2132 6 18 ;
458 2124 49 22 that
521 2125 20 21 it'
548 2133 45 14 was
601 2126 23 21 in

37 2151 37 22 the
84 2157 75 21 power,
169 2150 28 24 of.
205 2150 37 22 the
256 2151 139 26 magistrates
409 2154 29 19 to.
444 2150 55 23 have
512 2152 113 23 informed

36 2178 44 21 Mr.
96 2178 95 26 Murray
200 2177 49 21 that
264 2177 34 21 his
313 2181 179 18 announcement
505 2178 25 21 of
543 2186 30 14 an
590 2180 35 21 in-

35 2204 84 23 tended
130 2204 108 21 convivial
254 2204 105 26 meeting.
361 2211 51 14 was.
416 2205 99 26 unwise,.
522 2206 44 21 and
576 2206 49 22 that

37 2231 56 22 such
103 2231 99 27 meeting
214 2230 45 22 had
271 2230 108 25 hetter.be
388 2232 129 26 postponed,
533 2239 26 14 or
567 2240 56 15 even

35 2257 126 28 altogether
165 2258 65 27 given
237 2265 38 19 up,
282 2257 85 22 instead
373 2258 26 21 of
401 2258 95 27 sending
500 2260 124 22 constables

37 2284 54 23 witfi
101 2284 38 23 the
151 2284 108 22 intention
271 2284 25 21 of
308 2284 117 28 procuring
440 2285 106 22 evidence
556 2286 27 22 of
595 2294 28 15 an

37 2312 88 22 offence
135 2311 93 27 against,
234 2318 14 14 a
256 2311 43 21 law
309 2314 39 19 not
360 2311 82 22 known
451 2315 23 18 to
487 2312 61 26 be,in
557 2314 66 21 exist-

37 2345 62 16 ence.
115 2357 3 4 ,
128 2338 56 25 The.
189 2338 145 26 magistrates.
338 2345 61 15 were.
407 2339 135 22 Unanimous
555 2340 25 22 in
590 2340 33 23 in-

34 2365 88 27 flicting
132 2373 13 14 a
153 2365 46 24 fine
211 2366 26 21 of
243 2365 64 23 £30.',
329 2384 3 4 .
338 2370 7 18 :

71 2401 25 23 A
105 2401 78 31 public
195 2401 101 29 meeting
305 2400 45 24 had
360 2401 58 24 been
426 2401 54 24 held
497 2406 23 19 to
535 2407 89 27 protest

36 2436 91 29 against
139 2434 44 23 the'
189 2433 156 31 Magistrates'
355 2435 155 32 proceedings,
519 2441 24 18 at
550 2437 73 23 which

36 2468 39 23 the
93 2467 124 30 following,
227 2467 132 29 resolution,
372 2476 84 22 ampng
478 2469 75 24 others
576 2478 47 16 was

37 2500 105 31 adopted.
190 2521 4 3 .

63 2538 66 28 That,
140 2538 160 28 apprehensive
317 2538 26 23 of
360 2538 37 23 the
411 2540 123 27 dangerous
545 2549 80 15 conse-

35 2573 99 20 quences
144 2568 23 18 to
176 2565 38 22 the
222 2565 82 27 liberty
316 2566 27 21 of
357 2566 37 22 the
406 2567 87 27 subject
502 2568 73 23 which
585 2577 37 14 are

35 2588 350 37 in'volvedjin-the'admission'df
392 2593 163 29 the'principle,
575 2596 48 22 that

35 2627 14 14 a
58 2619 76 22 bench
143 2618 26 22 of
175 2618 145 28 magistrates,
331 2620 118 28 appointed
459 2621 31 27 by
494 2622 45 21 and
547 2630 76 20 repre-

36 2646 91 27 senting
136 2645 168 23 the-Executive
311 2646 312 30 Government—irresponsi-

35 2672 73 22 ble-to
124 2672 44 22 and
181 2672 152 28 independent
347 2674 25 21 of
390 2674 38 22 the
443 2675 78 29 people
536 2676 27 22 of
580 2676 42 23 this

36 2699 135 25 settlement,
178 2698 45 22 and
227 2699 99 28 possibly
331 2700 128 23 influenced
465 2702 31 31 by
502 2702 121 24 interested

35 2726 181 27 considerations,
233 2733 54 20 may
300 2727 97 22 exercise
411 2728 54 22 with
480 2730 110 28 impunity
599 2738 23 14 so

35 2753 110 26 arbitrary
153 2759 14 14 a
176 2759 78 20 power;
256 2764 29 4 —
286 2753 43 22 this
335 2754 100 28 meeting
444 2762 50 15 now
503 2752 87 26 reisolve
600 2755 29 24 to'

36 2779 79 28 appeal
122 2778 30 23 'to'
158 2779 56 22 their
222 2779 79 28 fellow;
306 2780 91 23 citizens
406 2785 24 18 to
442 2783 71 27 resist,
526 2784 25 21 in
566 2784 57 22 their

35 2806 90 22 earliest
146 2813 145 21 appearance,
320 2808 37 21 the
384 2808 135 23 indications
543 2811 26 21 of
598 2818 24 15 so

37 2833 126 27 dangerous
173 2832 140 28 atendency,
330 2834 43 23 and
381 2836 23 20 to
414 2839 72 18 assert
500 2836 37 22 the
551 2838 72 27 rights

37 2860 26 21 of
73 2867 15 14 a
97 2860 48 21 free
155 2859 79 22 citizen
244 2858 138 28 against'the
397 2862 83 27 unjust
491 2862 99 24 decision
600 2865 26 21 of

34 2893 31 16 an
73 2886 156 28 irresponsible
239 2886 117 23 trabunal.'

68 2922 25 24 It
104 2920 11 10 ''
122 2921 99 35 appears'
243 2920 61 28 tHat,
316 2931 51 20 one.
380 2923 27 28 of.
432 2924 38 24 the
491 2927 132 32 convicting

37 2954 149 33 Magistrates
196 2955 45 23 had
251 2956 99 31 actually
357 2956 78 31 joined
444 2958 25 23 in
480 2966 13 16 a
504 2959 117 33 subscrip-

36 2989 48 24 tion
96 2993 23 19 to
136 2996 45 24 pay
192 2989 116 31 Murray's
314 2989 58 24 'fine.
478 2991 2 4 '

70 3020 73 33 [This
145 3029 5 8 v
153 3022 86 31 isonly
254 3030 44 15 one
315 3022 54 24 side'
380 3022 30 24 bf
419 3024 40 23 the
471 3032 58 18 case.
576 3027 44 24 We

37 3063 41 15 can
90 3055 72 31 easily
173 3063 38 16 ssete
211 3074 4 14 t
221 3063 14 15 a
245 3063 83 16 reason
343 3056 36 24 for
385 3055 123 34 'enforcing
520 3067 13 15 a
543 3060 43 24 law
597 3062 25 22 in

36 3096 63 16 some
118 3089 115 23 instances
252 3088 46 24 and
315 3088 105 32 allowing
435 3090 20 23 it
473 3095 23 19 to
519 3092 61 32 sleep
597 3094 33 23 mo-

38 3121 112 33 thers.]:
175 3139 16 4 ..
251 3128 3 11 !
417 3135 3 3 ■

66 3168 86 25 About*
166 3172 14 22 3
200 3170 88 24 o'clock
305 3170 128 31 yesterday,
449 3172 114 31 morning,
573 3172 3 4 '
582 3174 39 24 the

35 3201 189 34 dwelling-house
242 3204 26 23 of
271 3217 4 6 ••
284 3204 48 23 Mr.
346 3204 62 30 Hay,
423 3204 132 31 Carpenter,
567 3214 56 17 near

36 3235 156 30 Cuba-street,
200 3245 46 16 was
258 3237 97 32 entirely
364 3237 120 31 destroyed
494 3238 30 31 by
537 3246 13 15 a
561 3239 42 24 fire
607 3250 26 19 jv

34 3268 75 24 which
120 3269 71 24 broke
203 3275 39 20 out
239 3268 7 10 v
259 3271 60 24 from
336 3271 49 29 thef
391 3271 113 31 chimney.
518 3292 8 5 „
540 3271 26 24 It
576 3281 46 16 was

36 3309 14 16 a
58 3325 3 3 .
69 3304 74 22 maori
148 3300 5 5 '
159 3303 79 30 house,
258 3304 47 24 and
322 3312 50 17 .one
391 3304 45 24 end
459 3304 27 24 of
506 3304 39 24 the
574 3307 52 23 roof

34 3342 46 16 was
92 3337 123 24 consumed
226 3338 77 23 before
315 3337 39 24 the
371 3339 98 22 inmates
485 3338 78 24 awoke
575 3344 23 18 to
610 3348 13 15 a

34 3375 67 18 sense
112 3369 27 24 of
152 3370 59 24 their
221 3371 115 31 danger.-
350 3371 36 24 As
399 3379 56 15 soon
466 3379 25 16 as
503 3372 43 23 the'
552 3372 71 24 alarm

32 3408 47 17 was
98 3403 76 30 given,
192 3405 92 28 several,
301 3400 140 36 neighbours
463 3405 97 29 arrived,
579 3405 45 24 and

34 3435 99 24 assisted
142 3436 25 23 in
177 3438 90 31 getting
283 3437 38 24 the
331 3438 78 31 .goods
425 3438 60 24 from
504 3438 39 24 the
561 3436 63 30 buiU

34 3467 71 32 ding;
123 3468 43 24 but
182 3477 34 16 we
233 3478 39 16 are
290 3479 65 23 sorry
358 3488 4 15 ;
364 3475 23 20 to
406 3480 42 23 say
459 3471 48 24 that
525 3480 22 15 a,
559 3478 64 25 great

33 3502 108 30 quantity,
155 3502 30 24 of.
195 3509 110 26 property
313 3502 136 33 (hardware,
467 3505 67 30 tools,-
550 3506 71 29 linen,

34 3532 67 34 &c.,)
112 3542 46 16 was
171 3535 126 32 destroyed.
347 3541 15 24 ..'
454 3551 3 3 •

1293 2905 30 21 A*,
1335 2905 37 21 the
1386 2904 45 22 late
1434 2913 2 4 1
1442 2905 88 21 Central
1545 2905 108 22 Criminal
1660 2905 6 13 (
1668 2906 67 21 Court
1747 2906 104 27 sessions,

1268 2932 77 26 Henry
1355 2932 111 27 Marriott,
1478 2932 57 27 aged
1547 2933 33 26 20,
1593 2940 44 14 was
1653 2932 102 22 indicted
1763 2933 35 21 for
1811 2940 42 14 un-
1859 2946 1 4 •

1266 2954 95 32 lawfully
1384 2959 133 28 attempting
1540 2962 22 18 to
1586 2959 91 28 destroy
1700 2959 34 22 his
1757 2960 54 21 life*
1820 2960 30 27 by

1267 2986 164 27 strangulation,
1447 2985 44 22 and
1505 2986 248 32 Ann^Bowling,-aged
1766 2988 33 25 22,
1816 2986 37 22 for

1267 3013 128 27 attempting
1401 3016 22 18 to
1433 3012 166 22 drowhherself
1606 3013 24 21 in
1638 3013 103 23 the.'riv.er
1747 3012 104 23 'lliames.

1256 3040 65 21 'Both
1340 3040 36 21 the
1394 3040 111 27 prisoners
1512 3040 127 22 •confessed
1654 3036 119 31 jirdgmetit
1787 3040 31 27 by
1837 3047 14 14 a

1265 3066 48 28 plea
1335 3066 26 22 of
1380 3066 78 28 guilty,
1477 3066 44 22 and
1540 3067 52 26 they
1613 3074 56 14 were
1689 3066 118 22 sentenced
1827 3069 23 19 to

1267 3094 97 24 fourteen
1380 3092 54 28 days
1444 3093 178 27 imprisonment}
1628 3094 23 21 in
1659 3093 117 27 (Njewgate,
1791 3093 59 21 from

1265 3120 71 24 which
1350 3120 44 27 jail
1413 3120 52 27 they
1484 3127 56 15 were
1560 3120 108 22 liberated
1687 3127 29 15 on
1735 3120 114 28 Saturday.
1848 3126 3 8 1

1266 3147 45 23 The
1326 3147 74 27 object
1411 3146 25 22 of
1448 3147 62 21 these
1523 3147 153 27 prosecutions
1743 3149 23 18 to
1782 3146 70 22 check

1267 3174 34 22 the
1312 3174 75 21 mania
1396 3174 34 21 for
1440 3173 189 22 self-destruction
1639 3173 73 21 winch
1721 3173 76 21 ha's'of
1806 3173 45 21 late

1265 3200 56 22 been
1331 3208 55 20 very,
1399 3201 122 26 prevalent,
1527 3200 124 27 'ne'arly^SO
1658 3197 45 30 *'pW
1704 3207 52 14 sons
1763 3200 90 26 -having

1256 3228 2 5 1
1267 3228 54 22 been
1329 3227 98 27 brought
1435 3227 76 22 before
1522 3227 36 21 the
1568 3227 46 27 city
1624 3226 139 28 magistrates
1773 3226 77 22 within

1267 3255 35 21 the
1317 3254 42 22 last
1372 3255 46 32 fe^w.
1426 3254 93 26 months,
1536 3254 46 21 and
1596 3253 119 30 thereohas
1729 3253 57 27 onljt-
1796 3253 57 21 been

1267 3288 40 15 one
1317 3277 84 32 cliarge'
1409 3281 30 21 of-
1445 3281 38 21 the
1493 3280 54 22 kind
1557 3281 60 21 since
1628 3280 34 21 Sir
1673 3280 24 21 P.
1715 3280 82 27 Laurie,
1805 3280 53 21 and-

1267 3309 33 21 Sir
1312 3308 25 21 C.
1349 3307 110 23 Marshall
1471 3307 65 22 made
1546 3307 36 21 the
1598 3307 71 21 above
1684 3306 67 22 novel
1766 3307 90 27 eJcpe'ri-'

1256 3338 77 11 .merit.
1493 3346 22 3 ..
1555 3333 14 16 ''>
1657 3333 31 16 !-;

31 3591 131 24 -Birth.
164 3604 34 5 —
198 3592 34 24 At
242 3593 255 33 Manner's-stre'et,,on
508 3595 112 27 the.l'lth

34 3623 76 32 April,
122 3624 40 24 the
172 3625 56 32 lady,
237 3626 31 24 of,
272 3627 89 25 Robert
372 3629 108 31 Jenkins,
491 3630 75 32 Esq.,.
574 3631 28 24 of
608 3639 13 15 a

35 3656 118 32 daughter.
308 3671 7 9 •.
486 3671 2 5 ■

1909 1618 142 26 Considering
2065 1618 33 21 the
2112 1619 110 27 tempting
2239 1620 63 20 offers
2404 1619 63 22 have*

1879 1644 58 22 been
1952 1645 70 21 made'
2031 1645 54 24 from
2097 1644 36 22 the
2149 1645 164 27 neighbouring
2330 1642 94 26 coloni'es
2423 1643 12 12 u
2438 1649 24 18 to
2469 1667 7 6 ,

1881 1678 40 14 our
1938 1672 117 26 labouring
2069 1670 132 29 population,
2222 1672 113 22 combined
2335 1673 3 21 l
2349 1673 67 21 ••with-
2423 1667 53 28 the

1879 1698 47 21 fact
1935 1699 53 26 that,
2006 1698 76 28 during
2093 1698 36 22 the
2144 1699 44 22 last
2198 1698 184 28 .twelvemonths,;
2393 1699 67 22 it.has

1882 1724 42 22 had
1938 1725 187 22 its'inducements
2141 1729 23 18 to
2177 1726 92 21 remain,
2276 1726 68 22 much
2351 1726 111 22 lessened
2468 1733 6 16 r

1880 1759 52 14 —so
1949 1752 34 22 far
2001 1757 22 16 at
2035 1749 53 25 least
2104 1759 23 14 as
2149 1759 61 15 mere
2229 1759 76 21 wages'
2319 1760 56 20 go—
2375 1753 18 22 it
2410 1760 51 20 says

1879 1778 68 22 much
1956 1780 34 21 for
2000 1779 37 22 the
2047 1779 52 27 good
2109 1787 64 14 sense
2184 1779 42 22 and
2234 1780 148 21 discernment
2391 1780 23 21 of
2423 1780 37 21 the

1881 1806 125 26 emigrants,
2015 1806 48 21 that
2072 1806 33 21 the
2113 1806 50 21 lure
2171 1806 40 21 has
2221 1806 55 22 been
2286 1814 25 14 so
2326 1807 134 22 ineffectual.

1879 1832 23 21 <It
1909 1833 132 26 speaks.also
2051 1832 77 28 plainly
2138 1832 90 28 enough
2237 1834 23 21 in
2270 1833 78 22 favour
2359 1834 25 21 of
2392 1834 70 22 South

1881 1860 119 26 Australia,
2013 1860 62 21 when
2088 1860 61 21 those
2161 1860 50 21 who
2222 1859 55 22 have
2288 1860 126 26 the.fewest,
2420 1860 55 29 ties'^

1881 1889 22 18 to
1918 1886 55 21 bind
1989 1886 61 21 them
2063 1889 20 18 to
2090 1887 27 21 its
2133 1887 42 21 soil
2191 1894 38 14 are
2246 1894 22 14 so
2284 1886 49 23 loth
2377 1887 50 28 .quit

1881 1912 71 23 There
1970 1914 19 21 is
2006 1914 16 21 a'
2035 1913 79 22 shrewd
2135 1921 72 19 guess,
2222 1913 82 22 abroad
2314 1917 96 25 .among'
2424 1907 50 38 th'e^

1882 1940 98 26 working
1990 1940 79 21 classes
2136 1941 65 21 times
2214 1947 36 14 are
2260 1940 117 28 mending;
2391 1945 4 9 !
2396 1941 42 22 and
2443 1941 4 14 :
2448 1948 21 15 a'

1880 1967 122 27 prevailing
2015 1967 44 21 and
2069 1967 102 27 tolerably
2182 1966 287 29 welfounded)a'pprehenr!

1881 1994 48 20 sion
1944 1994 93 26 besides,
2055 1993 43 22 that
2116 1993 54 26 they
2273 2001 28 20 go
2318 1994 83 22 further
2415 1994 47 22 arid

1881 2020 54 27 far,e-
2062 2021 35 20 We
2105 2020 66 21 think
2180 2020 47 21 that
2237 2023 52 24 they
2298 2028 37 13 are
2344 2025 85 17 correct
2439 2022 33 20 in-

1882 2046 61 21 these
1953 2046 67 22 ideas.
2058 2048 20 21 A
2082 2047 48 20 -few
2141 2046 74 22 weeks
2229 2054 68 20 more,
2313 2047 42 22 and
2370 2047 38 22 the
2420 2050 43 19 test

1882 2073 96 21 must-be-
1987 2073 109 28 c'omplele.
2103 2074 128 25 —Register.

1890 2111 3 5 ■
1908 2096 28 25 A^
1945 2104 63 22 great
2021 2101 83 27 portion
2119 2101 26 20 of
2161 2101 38 21 the
2218 2100 148 28 expenditure
2378 2100 27 22 of
2423 2100 39 23 the

1881 2130 49 22 past
1936 2134 53 18 year
1995 2127 114 27 originated
2114 2127 24 21 in
2146 2127 40 25 jtbe
2197 2128 108 26 necessity
2316 2127 47 22 tlrat
2373 2127 101 26 existpdl

1881 2154 34 20 for
1924 2153 108 27 affording
2042 2154 60 21 relief
2112 2157 23 18 to
2153 2154 104 21 destitute
2259 2171 9 11 P
2272 2154 201 33 emigraS^s,.'arid)

1881 2179 43 22 this
1934 2187 65 15 cause
2010 2180 43 22 will
2067 2183 101 19 continue
2177 2181 35 21 for
2222 2188 59 15 some
2291 2181 53 22 time
2354 2181 78 27 longer
2439 2185 34 18 to.

1882 2206 43 22 call
1942 2208 34 21 for
1990 2215 13 14 a
2018 2207 61 27 iarge
2079 2229 4 7 r
2095 2208 153 26 expenditure,
2257 2208 82 26 ..which
2358 2204 104 26 musf-be

1883 2233 87 22 derived
1980 2234 61 21 from'
2048 2237 129 19 extraneous
2187 2231 103 25 sources!''
2315 2234 48 22 The
2378 2241 84 21 expe.n-
2469 2229 8 23 £

1883 2260 70 22 diture
1969 2261 35 21 for
2017 2262 39 22 .tbe
2070 2261 44 23 last,
2124 2264 89 24 quarter
2224 2262 248 24 .on^ajjcourit'oflthei

1883 2286 103 23 destitute
1996 2289 119 26 emigrants,
2126 2295 47 14 was
2187 2293 23 16 at
2220 2288 35 21 the
2266 2287 84 27 rafe.of
2361 2288 101 28 upwards

1883 2314 33 24 of,
1928 2315 151 27 twenty-three
2090 2315 112 22 thousand
2221 2315 86 27 pounds
2324 2322 39 20 per
2377 2323 85 14 annum

1884 2340 121 28 (^23/000.)

1902 2368 53 23 vThe
1965 2368 110 22 condition
2083 2368 24 22 of
2116 2368 63 23 these
2189 2369 120 27 emigrants
2322 2368 40 23 has
2371 2370 57 21 been
2439 2373 23 18 to

1883 2402 41 20 me,
1935 2395 24 22 in
1969 2403 101 14 common
2079 2396 47 21 with
2137 2396 39 21 the
2187 2396 143 21 inembecs.of

1883 2422 171 29 ciLajspurceof
2070 2422 32 23 the
2116 2422 92 29 deepest
2222 2422 98 28 anxiety.
2337 2420 137 31 ,'*Manyj.of*

1883 2449 59 22 them
1952 2457 56 14 were
2017 2446 91 25 induced
2124 2453 23 18 to
2163 2450 63 21 leave
2240 2446 56 25 their
2311 2450 74 21 native
2399 2449 61 27 lanid,
2468 2465 6 7 v

1881 2476 71 21 under
1975 2476 144 27 expectations
2139 2476 72 22 which
2230 2476 56 22 have
2297 2477 66 23 'been
2383 2477 30 27 bjr
2413 2474 4 11 1
2427 2474 35 27 'nq
2467 2471 8 14 '

1882 2510 76 14 means
1970 2502 103 23 realized.
2080 2504 6 13 '•
2105 2503 79 27 Owing
2197 2505 25 20 to'
2229 2504 36 21 the
2276 2505 60 20 want
2345 2503 132 23 o'f-cJMtal-

1881 2530 24 21 in
1915 2530 36 21 the
1960 2530 79 27 colony
2049 2537 12 14 a
2070 2530 54 27 large
2128 2531 101 21 .number,
2236 2531 24 20 of
2271 2529 206 23 them>h'avecbeenl

1882 2556 80 22 unable
1972 2560 23 17 to
2004 2556 74 22 obtain
2090 2558 158 26 employment,
2265 2556 46 23 and
2326 2560 44 25 yet,
2390 2558 72 21 under

1881 2583 55 22 su^h
1947 2584 79 27 .trying
2042 2584 173 27 circumstauces,
2236 2584 56 21 their
2309 2584 97 22 conduct
2422 2584 40 22 has

1880 2610 63 26 beeri,
2205 2611 87 27 orderly
2302 2611 45 21 and
2362 2612 60 26 quiet
2437 2612 25 21 in

1879 2637 40 22 'the
1930 2641 106 18 extreme.
2073 2637 17 21 It
2098 2644 92 21 appears
2197 2638 58 22 from
2263 2641 37 18 the
2310 2640 73 25 report
2389 2638 24 21 of
2424 2638 38 22 the

1882 2664 179 22 Commissioners
2075 2664 21 21 of
2110 2664 80 28 police,
2210 2664 47 22 that
2269 2665 32 21 in.
2307 2664 37 22 the
2354 2672 75 14 course
2432 2662 44 24 iofi.

1879 2690 54 22 last:
1942 2695 96 23 quarter,.
2054 2691 196 27 notwithstanding
2254 2706 10 10 o
2268 2692 49 25 thej
2326 2692 149 26 nnnlbe.r/,<oQf)

1878 2737 2 10 ,
1882 2718 126 31 mechanics
2018 2718 43 21 and
2071 2718 93 21 laborers
2176 2718 289 29 remainingiunemploy.edf
2467 2730 8 10 \

1881 2744 78 34 hardly
1969 2752 28 14 an
2008 2745 92 21 instance
2112 2744 42 22 has
2168 2747 79 19 occurf
2247 2745 27 21 e'd
2325 2742 147 25 "o'ne'^of'ihe".

1882 2773 68 20 above
1970 2772 56 21 class
2036 2771 85 27 -having
2140 2770 57 23 been
2217 2772 95 27 brought
2331 2772 70 22 under
2413 2772 62 28 -the/

1883 2799 71 21 notice
1964 2798 25 22 of
2001 2799 36 21 the
2048 2798 78 27 police,-
2133 2799 38 21 for
2180 2795 297 31 anynnfm-ngmetit'ofithe'l

1881 2826 49 20 law.
1959 2825 61 25 Such
2029 2826 88 24 conduct
2126 2833 30 17 pn
2166 2825 308 28 their,part.gi,vesitheni.:thej[

1881 2856 109 23 strongest
2007 2852 63 22 claim
2085 2856 20 18 to
2119 2852 38 22 the
2175 2853 116 26 sympathy
2297 2853 35 21 ~of
2347 2853 37 21 the
2395 2852 68 22 Local

1883 2879 143 28 Gqverment,
2043 2878 40 22 and
2095 2886 59 20 upon
2169 2879 36 21 the
2216 2879 162 22 consideration
2390 2879 25 22 of
2424 2879 38 21 the

1882 2906 105 27 Imperial
1997 2906 131 27 Legislature
2135 2914 6 19 ;
2154 2906 45 21 and
2210 2906 11 21 I
2233 2909 57 19 trust
2300 2906 47 21 that
2354 2906 38 21 the
2404 2906 56 21 vari-

1882 2940 39 14 ous
1931 2940 118 19 measures,
2062 2932 67 22 which
2144 2940 37 14 are
2190 2932 71 22 either
2269 2933 23 21 in
2303 2933 111 26 operation
2425 2933 37 21 for

1879 2960 58 21 .their
1939 2960 77 26 .relief,
2035 2966 24 14 or
2076 2959 66 21 which
2158 2966 37 14 are
2208 2956 84 30 shortly
2301 2962 23 18 to
2331 2959 27 21 be
2368 2959 95 27 brought

1881 2987 45 21 into
1946 2986 119 28 operation,
2083 2986 44 20 will
2148 2985 88 27 greatly
2251 2986 153 28 /ameliorate-,,
2406 2986 68 31 their)

1881 3013 149 22 condition.—
2032 3012 99 21 'Governor
2144 3013 55 25 Grey
2212 3014 21 19 to
2244 3010 42 23 the'
2290 3008 91 25 Council!
2389 3008 87 25 "'"/"■.*

1907 3041 115 21 Thundbhl
2033 3036 111 30 Si;6ttM.>f
2145 3040 45 21 For
2199 3036 38 24 the
2302 3035 45 26 'few
2357 3035 58 32 days'
2420 3034 39 26 tite
2462 3033 14 17 &

1881 3066 96 22 weather
1992 3066 41 22 has
2035 3073 3 9 1
2049 3067 50 21 been
2107 3072 3 9 l
2116 3066 301 28 exceedirigly-'&ultfypand
2421 3068 6 12 f
2425 3070 51 18 -'on~

1881 3093 142 27 Wednesday
2032 3093 99 27 .eyening
2148 3093 36 21 in.
2195 3093 130 27 .particular,
2338 3107 4 3 •
2350 3093 112 23 wecwSre

1881 3120 84 27 visited,
1969 3120 29 27 by
2008 3127 13 13 a
2029 3120 67 26 heavy
2106 3125 70 16 storm
2190 3120 25 21 of
2229 3120 96 21 thunder
2337 3120 43 22 and
2392 3120 71 27 light-

1879 3143 74 30 nirrg.'"
1970 3146 66 21 What
2044 3146 28 22 its
2081 3146 72 22 effects
2161 3154 52 19 may
2220 3146 120 26 haye.been
2341 3160 4 18 ;
2351 3150 22 26 aj
2375 3169 4 8 r
2380 3147 90 32 the.(ju.fc,

1881 3173 96 26 stations,
1990 3179 30 15 we
2029 3173 58 21 'have
2097 3177 38 17 not
2140 3173 81 27 'heard,
2232 3170 52 30 but)'
2290 3173 24 22 in.
2324 3174 37 22 the
2372 3170 92 32 vicimiiy

1881 3200 26 22 of
1921 3200 235 26 Adelaide-itself/the'
2165 3204 45 18 stor
2211 3200 32 22 rii°
2244 3208 44 14 was
2291 3201 103 22 -fearful^
2397 3201 76 22 3iThe-

1880 3226 112 22 verandah
2006 3226 25 22 of
2033 3234 3 14 i
2041 3226 38 22 the
2091 3227 147 21 Commercial
2243 3236 3 11 >
2252 3227 95 28 ;lrin,tin::
2352 3227 122 24 GrenfelK.

1880 3257 72 23 street,
1969 3260 44 15 was
2018 3249 81 26 'struck
2117 3254 31 27 by
2164 3254 39 22 the
2222 3254 89 22 electric
2317 3268 4 12 ;
2326 3254 55 22 fluid
2394 3254 69 29 jitfjits

1881 3280 130 26 course.ihut
2019 3287 31 15 no
2058 3280 82 22 further
2147 3283 95 25 damage
2251 3288 44 15 was
2305 3278 59 25 dbn'e
2373 3281 89 27 beyond

1881 3307 36 21 the
1933 3304 123 30 sh^attering
2070 3307 21 21 of
2107 3315 12 13 a
2132 3313 85 17 vacant
2230 3308 61 22 chair
2297 3327 4 4 ,
2302 3329 3 10 (
2307 3309 24 21 in
2345 3308 37 22 the
2392 3315 70 15 room.

1881 3335 31 21 At
1926 3334 37 21 the
1980 3334 59 26 Port,
2050 3341 30 15 we
2093 3334 61 27 hear,
2159 3335 45 21 -the
2222 3339 75 18 storm'
2302 3334 169 30 -was/sV-'g^-ew

1880 3361 34 21 for
1923 3368 13 14 a
1945 3360 61 22 short
2013 3361 62 26 .time^
2084 3361 54 28 thatj
2145 3360 216 24 tfieJ.who'leiiofothe.
2372 3359 100 28 vessels,!

1881 3387 36 22 the
1935 3388 75 20 Emma
2147 3401 4 5 •
2150 3402 6 14 :
2160 3394 20 16 ,w
2175 3405 6 10 i
2182 3396 43 19 ere;
2229 3409 3 6 i
2234 3389 76 27 dr\,yen
2309 3407 11 8 u
2324 3389 64 26 ;fr,qm
2398 3387 64 26 \thfeir
2461 3401 11 13 v

1879 3414 118 27 moorings,
2008 3415 40 21 but
2063 3411 36 25 no"'
2104 3419 65 23 great
2178 3412 144 31 damage,~we
2337 3422 41 15 are,
2387 3410 74 37 hap^y

1879 3443 23 19 to
1921 3441 60 27 hear,
1999 3448 44 15 was
2062 3441 59 23 done.
2142 3443 47 21 'At
2206 3441 134 27 Richmond',
2354 3440 74 22 'about
2446 3448 15 14 a

1880 3463 192 27 mile-and-a-half
2081 3468 56 22 from
2151 3469 117 27 Adelaide,
2286 3476 14 14 a
2317 3468 59 29 bripk
2379 3492 8 7 r
2392 3468 69 21 houße

1881 3502 43 14 was
1940 3495 74 21 blown
2027 3495 70 27 down,
2109 3493 175 30 aridfatrJNetleJ
2295 3495 78 26 FarmjJ
2380 3491 89 30 iiearlyl'

1880 3521 117 23 the-whole
2007 3522 25 22 of
2039 3523 37 21 the
2083 3523 61 21 fence
2155 3527 24 17 at
2188 3523 37 21 the
2234 3520 59 24 front
2306 3528 43 15 was
2365 3521 97 22 levelled
2476 3539 2 4 .

1880 3551 22 19 to
1908 3560 4 8 i
1921 3549 45 21 the-
1972 3549 95 26 ground.
2074 3559 12 12 <r
2090 3549 132 30 Trees,^ind
2227 3549 72 22 -limbs
2314 3548 24 21 of
2352 3551 64 23 trees,
2427 3554 33 15 we

1880 3582 60 21 near,
1950 3579 44 19 'are
2008 3576 62 27 lying
2083 3571 72 32 ab'ou^
2165 3573 24 24 ih
2198 3575 30 22 all
2236 3573 127 28 'directions,
2374 3582 14 14 a
2401 3575 61 21 short

1881 3600 99 24 distance
1996 3603 59 22 from
2064 3603 114 25 Adelaide,
2188 3603 40 21 but;
2243 3608 28 15 no
2274 3601 115 26 .instance,
2391 3601 25 21 of
2423 3601 37 21 the

1879 3628 85 24 lossw'df
1978 3629 54 28 life,,
2041 3638 25 14 or
2079 3630 23 22 of
2113 3631 39 21 the
2163 3628 179 24 'destruction/of
2347 3626 73 24 .cattle
2424 3628 53 21 i-ov^

1881 3656 73 28 shee.p_,
1973 3657 42 24 has.
2026 3664 62 18 .come
2105 3659 23 24 .to
2148 3663 41 15 our
2206 3654 156 27 knowledgeif-j
2371 3655 34 26 By

1881 3683 73 22 oldest
1963 3683 95 28 settlers,-
2068 3683 39 32 tjiis
2120 3683 20 23 is
2145 3693 2 7 >
2153 3681 146 28 pronounced
2311 3682 156 31 the^sevej^st,
2467 3685 2 7 1

1881 3714 68 18 storm
1957 3708 96 24 that'has
2062 3718 47 14 ever
2114 3710 69 22 Keen,
2184 3708 114 26 khowff.in
2304 3708 36 22 the
2347 3706 114 30 coloriyv—

1881 3738 102 26 Register,
1993 3735 84 24 JPW>25
2079 3735 4 14 I
2081 3732 52 26 >'-'"
2143 3741 6 7 '
2157 3744 14 5 ~
2178 3733 42 15 iillß
2227 3742 23 11 *"X'"
2253 3732 16 16 X
2270 3739 4 7 '
2283 3732 18 15 •'-'
2308 3731 39 31 "'}'
2387 3732 51 33 „'-'&

154 3715 126 26 Bright's
289 3713 52 29 Nee
341 3713 252 29 Zealand.

80 3753 73 29 (From
163 3756 36 20 the
208 3756 112 26 Spectqtor
329 3758 114 21 November
453 3756 122 27 13,A8i1.J

64 3812 49 24 Mr:
126 3810 85 32 Bright
219 3810 21 24 is
252 3818 15 15 a
276 3815 116 27 .surgeon/
396 3812 51 23 who
453 3812 167 33 'left.Englahd

31 3851 61 17 some
110 3852 66 24 years
187 3852 43 23 ago
249 3847 22 20 to
284 3844 66 24 settle
361 3845 25 23 in
402 3845 128 26 Australia.
567 3848 52 23 The

32 3877 88 32 Colony
129 3878 30 23 he
177 3877 100 25 selected
294 3876 54 25 does
360 3882 39 19 not
404 3882 109 27 'appear;
534 3880 42 24 but
590 3881 32 24 he

30 3911 83 33 speaks
125 3911 25 23 of
158 3911 39 24 the
207 3910 134 32 population
349 3911 25 23 of
379 3910 60 25 New
451 3912 74 24 South
536 3913 82 25 Walts

31 3951 25 16 as
67 3944 57 25 from
146 3944 73 25 actual
226 3949 5 5 '
237 3942 142 34 knowledge,
399 3944 45 25 and
461 3944 30 25 he
510 3954 47 16 was
569 3948 48 23 tvi-

1907 3782 68 21 There
1984 3784 19 19 is
2013 3789 12 14 a
2037 3782 80 22 maiden
2132 3782 51 25 lady
2198 3780 128 32 who..ijj,,so
2320 3800 8 12 }
2340 3781 126 32 .exl^msjag;

1880 3811 47 20 nice
1931 3811 28 20 'in
1968 3811 39 20 her
2010 3810 85 21 'notions
2105 3809 23 20 of
2147 3808 76 21 female
2230 3808 122 25 "moclesty,'-
2359 3808 47 20 that

1880 3838 76 20 turned
1970 3838 31 20 off
2015 3838 38 19 her
2068 3837 155 20 washerwoman
2232 3835 88 20 because
2330 3835 36 20 she
2375 3837 39 25 put
2422 3836 40 20 her

1881 3861 163 28 cl6thes£ia,the
2059 3870 55 17 same,
2124 3863 40 20 tub
2173 3862 51 21 with
2233 3862 60 21 those
2313 3862 24 20 of
2357 3869 14 14 a
2389 3869 72 20 young

1878 3911 2 6 (
1879 3895 60 18 maa!
1966 3892 54 25 .This
2029 3892 19 19 is
2057 3892 70 19 almost
2136 3890 63 26 equal
2208 3892 23 17 to
2242 3890 34 19 the
2283 3890 96 26 modesty
2389 3890 24 20 of
2423 3891 37 20 the

1880 3920 48 26 lady
1937 3920 46 20 who
1993 3925 41 14 was
2043 3918 92 20 ashamed
2142 3920 23 18 to
2176 3923 82 14 remove
2267 3923 11 14 a
2290 3917 127 22 table-cover
2426 3918 35 23 foe

1880 3946 45 22 fear
1934 3946 30 22 of
1970 3946 94 25 showing
2072 3946 33 21 the
2112 3944 72 23 naked
2189 3945 45 26 logs
2244 3944 23 21 of
2279 3951 13 14 a
2301 3944 63 23 table.

646 126 84 31 .dently
747 134 13 16 a
894 126 23 22 in
917 130 16 25 :,
940 124 74 24 South
1030 124 139 24 Australia."-'
1195 124 47 24 His

650 159 79 24 health
748 159 110 30 suffering
859 157 3 10 :
875 158 59 23 from
950 157 38 24 the
1006 157 97 29 climate,
1122 157 128 24 iacrea.sed-

649 192 99 31 perhaps
753 192 139 31 bynervous
900 190 137 31 irritability,
1049 190 29 23 he
1086 198 47 16 was
1136 191 105 28 'advised,

650 226 25 22 in
685 225 40 23 the
734 230 94 18 autumn
837 224 28 23 t)f
882 226 9 21 1
898 225 57 27 839,
967 227 23 19 to
1002 227 37 27 try
1049 223 40 23 the
1104 223 79 24 effects
1196 225 25 22 of
1230 232 13 15 a

651 265 87 24 voyage
754 262 24 19 to
796 257 58 23 New
872 254 115 31 Zealand!;
1006 256 76 23 where
1103 256 29 23 he
1150 256 92 24 became

654 291 159 28 convalesent,,
823 289 47 24 and
886 289 115 23 remained
1015 289 34 23 till
1067 289 37 23 his

652 327 81 20 return
746 327 21 19 to
786 322 117 31 England.
940 321 50 24 The
1007 322 141 31 publication
1157 323 85 23 -before

643 377 3 12 (
647 364 32 19 ,us
691 356 114 31 professes
821 360 24 18 to
856 356 52 29 give
921 354 38 24 the
971 355 82 23 results
1066 355 26 23 of
1102 355 39 23 his-
1152 357 90 29 experi-

653 397 55 16 ence
719 399 6 19 ;
747 388 43 24 and
799 388 92 23 besides
901 396 14 15 a
926 388 87 30 history
1025 388 24 23 of
1061 388 59 23 New
1132 389 109 29 Zealand,

653 422 45 23 and
710 429 30 16 aa
750 425 95 20 account
853 421 26 23 of
887 421 30 22 its
927 420 96 29 climate,
1036 421 50 28 soil,
1098 421 143 31 production,

653 454 46 24 and
709 454 147 28 inhabitants,
877 458 23 19 to
914 454 90 23 contain
1014 461 62 16 some
1089 455 110 25 .remarks
1212 463 29 15 on

646 488 35 23 ■its
804 486 45 24 and
862 486 38 24 the
912 487 98 23 colonies
1022 486 24 24 of
1055 487 39 23 the
1107 488 135 23 Australian

653 521 124 23 continent.
845 532 4 4 •
1023 543 6 5 „
1087 523 3 3 '
1101 520 2 6 '
1121 533 16 14 r
1187 528 13 9 '•
1232 534 6 14 :
1249 524 2 23 !

686 553 109 30 Looking
804 557 23 19 at
837 553 40 23 the
888 553 162 31 opportunities
1063 553 25 23 of
1099 553 48 25 Mr.
1158 553 84 32 Bright

643 587 55 25 .and
720 587 37 22 the
781 586 81 30 length
885 587 24 22 of
930 587 53 23 time
1006 587 28 22 he
1056 594 48 16 was
1122 587 120 31 employed

651 620 24 22 in
686 619 97 31 making
793 618 37 24 his
842 619 162 29 observations,
1021 620 38 23 the
1070 624 84 19 matter
1166 620 25 23 of
1204 621 37 23 his

646 652 73 24 .book-
731 653 20 22 is
764 660 56 23 very
839 652 69 23 much
927 652 71 23 below
1016 653 59 23 what
1091 653 75 31 might
1183 647 65 30 have'

651 686 59 23 been
731 685 107 32 expected
848 694 6 20 ;
877 685 76 23 whilst
963 685 36 23 his
1017 690 59 19 want
1094 686 25 23 of
1129 686 108 29 .method,
1249 680 2 37 j

652 719 45 22 and
720 719 64 23 other
806 718 94 31 literary
923 718 147 30 deficiencies;
1079 738 3 3 .
1100 719 82 23 render
1195 720 45 24 .his

651 755 92 26 matter,
760 752 57 23 such
834 759 26 15 as
880 752 18 22 it
909 752 28 28 is,
958 752 46 23 less
1027 752 108 23 available
1157 757 21 18 to
1202 753 39 23 the

651 785 95 30 general
769 785 79 23 reader
872 785 94 26 than.it
987 785 73 31 might
1088 785 57 22 have
1173 785 66 24 been.

651 816 127 25 Smallness
796 819 20 22 is
839 818 38 23 the
896 818 115 23 character
1030 818 25 23 of
1072 817 47 24 this
1139 818 101 24 author's

644 851 85 30 ,mind;
744 851 43 24 and
798 851 31 23 all
839 851 30 23 he
879 851 41 23 has
933 851 106 23 collected
1048 850 45 24 and
1105 850 29 23 all
1147 851 27 23 he
1187 858 61 24 says'

651 884 20 23 is
692 884 93 24 vitiated
800 884 32 31 by
847 884 47 23 this
913 884 81 23 defect.
1034 883 57 34 Any
1108 883 73 31 thing-
1192 884 49 24 like

651 917 94 23 distinct
760 917 91 28 results,
875 925 25 15 or
912 926 13 14 a
941 917 62 30 large
1014 917 56 22 view
1083 916 26 23 of
1118 924 13 15 a
1143 917 103 31 subject,,

651 951 18 22 it
680 951 21 22 is
713 952 25 21 in
749 952 51 21 vain
813 954 22 19 to
846 950 55 23 look
910 950 36 23 for
958 950 23 22 in
992 948 37 24 the
1042 946 199 34 Hahd-Bookfor

649 982 146 31 Emigrants,
814 983 77 23 unless
902 983 19 22 it
932 982 28 23 be
972 989 24 15 as
1008 981 93 31 regards
1115 982 88 24 climate
1214 985 25 22 in

651 1023 14 15 a
681 1016 96 23 medical
796 1023 67 15 sense
870 1024 7 20 ;
901 1014 59 24 from
971 1014 73 23 whicn
1062 1015 20 22 it
1100 1023 73 16 seems
1191 1017 50 23 that

651 1048 58 24 New
726 1048 100 23 Zealand
844 1049 28 25 is.
877 1048 31 30 by
920 1048 35 23 far
976 1048 37 23 the
1030 1052 61 19 most

650 1081 45 23 and
707 1081 38 23 the
757 1081 69 23 freest
837 1081 59 23 from
914 1081 123 30 annoying,
1044 1082 92 28 insects,
1149 1082 90 24 besides

649 1114 71 31 being
732 1114 125 31 altogether
870 1114 46 23 free
927 1114 59 23 from
997 1114 127 31 dangerous
1136 1116 102 31 reptiles.
1246 1124 3 25 ;

652 1147 37 23 Of
699 1147 74 24 South
783 1147 128 28 Australia,
924 1147 48 24 Mr.
985 1147 83 31 Bright
1080 1155 53 23 says
1134 1161 34 4 —

706 1179 46 22 The
769 1175 169 31 summ^r/heats
949 1178 26 22 of
981 1178 113 23 Australia
1107 1180 86 22 render
1202 1180 37 22 the

649 1205 70 22 frame
727 1213 54 19 very
792 1206 105 25 irritable,
919 1205 43 22 and
972 1206 37 21 the
1025 1209 97 18 extreme
1140 1206 97 28 changes

650 1235 22 18 to
682 1232 73 22 which
769 1240 46 19 you
828 1240 38 14 are
876 1232 62 22 there
953 1232 65 22 liable
1032 1232 115 28 endanger
1152 1233 86 22 health.

649 1259 49 22 The
706 1259 123 27 European,
841 1267 29 14 on
877 1259 91 27 landing
976 1256 70 30 there,'
1053 1258 59 23 finds
1122 1260 37 21 the
1166 1262 73 20 action

650 1285 25 22 of
682 1286 39 21 the
732 1286 60 21 skins
801 1286 88 28 greatly
896 1286 115 21 increased
1020 1293 5 19 ;
1037 1286 37 22 the
1084 1287 153 28 perspiration,

649 1312 119 26 incessant,
788 1313 94 22 relieves
901 1315 23 19 at
938 1312 52 27 first,
1001 1313 40 21 but
1056 1320 57 14 soon
1130 1315 53 20 frets
1195 1314 44 22 -the

649 1343 94 23 system;
757 1340 24 21 in
792 1340 55 21 such
857 1342 67 24 state.
929 1347 44 19 any
982 1339 74 22 undue
1070 1340 170 27 excitmentj_or

650 1373 107 20 exposure
769 1369 23 19 to
801 1366 93 22 vitiated
901 1366 33 21 air
941 1366 108 27 produces
1057 1366 69 27 fever,
1141 1367 98 22 increas-

649 1393 40 26 ing
700 1393 87 22 arterial
796 1393 82 25 action,
894 1396 21 18 to
924 1392 29 22 be
963 1392 86 28 allayed
1058 1392 54 28 only
1122 1394 29 26 by
1161 1394 76 28 death;

651 1427 25 14 or
687 1420 24 21 in
721 1420 54 21 such
785 1422 62 24 state,
857 1420 23 21 if
992 1423 22 18 to
1020 1419 37 22 the
1065 1421 109 21 causesof
1181 1421 56 27 cold,

650 1453 13 14 a
673 1446 85 22 violent
772 1447 118 27 dysentery
902 1451 46 17 sets
962 1447 31 26 in,
1007 1446 129 28 extremely'
1145 1446 94 23 difficult

649 1476 23 18 to
682 1480 95 20 manage
785 1481 5 19 ;
800 1473 124 26 uncertain,
945 1473 60 22 often
1014 1473 54 22 fatal
1079 1473 25 22 in
1115 1475 26 20 its
1150 1474 87 27 results,

651 1507 24 14 or
691 1501 91 25 causing
796 1500 93 22 chronic
902 1500 114 21 affections
1109 1500 88 28 impede
1208 1502 31 20 ef-

649 1527 54 21 forts
710 1527 33 22 for
751 1527 142 21 subsistence:
922 1526 117 22 Diarrhoea
1045 1527 17 21 is
1072 1527 116 28 frequent,^
1194 1528 45 22 and

651 1561 12 14 a
673 1554 96 21 virulent
780 1553 148 27 ophthalmia:
939 1554 18 21 it
965 1554 18 21 is
993 1561 29 14 no
1031 1561 135 15 uncommon
1175 1554 64 28 thing

651 1583 22 18 to
683 1580 89 22 witness
782 1588 13 14 a
804 1580 64 22 blind
882 1587 41 21 eye
934 1587 79 20 among
1023 1580 36 22 the
1075 1581 122 26 aboriginal
1205 1582 34 21 in-

650 1606 119 23 habitants.
796 1607 48 22 The
859 1607 72 22 North
943 1607 67 22 blasts
1020 1607 25 22 of
1054 1601 115 28 Australia
1179 1608 58 22 blow

651 1641 23 14 as
680 1634 21 21 if
706 1634 58 21 from
771 1634 37 21 the
815 1634 79 21 mouth
900 1634 25 21 of
931 1641 13 14 a
954 1634 90 21 furnace
1048 1642 5 19 ;
1068 1633 93 28 the'soil,
1170 1634 69 29 finely

649 1660 135 28 pulverized,
803 1661 74 27 owing
891 1663 23 18 to
924 1660 121 28 deficiency
1054 1661 28 21 of
1088 1661 113 28 moisture,
1217 1663 20 21 is

651 1688 112 21 shovelled
773 1695 28 21 up
812 1687 151 28 bythewind;
975 1688 43 21 and
1027 1688 22 21 in
1056 1688 101 22 addition
1167 1691 23 18 to
1201 1688 37 22 the

651 1714 129 28 suffocating
788 1714 58 27 heat,
858 1721 43 20 you
908 1721 36 14 are
952 1714 91 28 terribly
1050 1714 151 23 embarrassed
1209 1716 29 27 by

651 1741 96 22 showers
757 1742 33 25 of.
793 1741 49 22 dust
855 1741 93 28 poured,
951 1749 58 19 upon
1026 1749 43 19 you
1071 1752 28 5 —
1101 1749 58 20 eyes,
1176 1749 61 21 nose,

652 1767 84 22 clothes
747 1775 34 14 arc
791 1768 62 21 filled
862 1768 52 21 with
922 1768 25 21 it.
976 1768 77 21 Iliave
1063 1768 83 22 known
1154 1769 94 22 it.blow;

651 1794 96 28 through
754 1795 38 25 the.
797 1794 103 28 shingled
909 1795 55 27 roof,
976 1795 43 21 and
1025 1794 105 26 descend,
1130 1796 27 21 in
1163 1796 76 22 clouds

650 1821 74 22 where
731 1829 28 14 no
767 1821 81 27 ceiling
859 1822 39 21 has
908 1822 137 25 intervened,
1054 1822 121 28 rendering
1185 1822 54 22 food

651 1848 118 22 uneatable
784 1848 44 22 and
842 1848 63 22 linen
920 1848 59 26 unfit,
988 1848 35 22 for
1032 1856 45 14 use.
1109 1850 130 25 Spasmodic

792 1883 36 14 are
834 1875 104 27 frequent
946 1883 5 14 :
963 1875 12 22 I
985 1876 147 26 experienced
1141 1883 14 14 a
1164 1883 74 17 severe

651 1902 57 21 form
715 1902 26 21 of
747 1902 16 21 it
768 1902 88 27 myself,
865 1902 44 21 and
917 1902 37 21 the
960 1909 70 20 agony
1037 1909 42 15 was
1088 1903 154 21 tremendous..

651 1928 21 21 It
684 1936 44 13 was
738 1928 105 27 followed,
863 1929 56 21 after
927 1928 103 28 frequent
1039 1929 94 25 attacks.,
1149 1930 29 26 by
1188 1937 49 20 ery-
1243 1948 3 4 .

651 1955 80 27 sipelas
750 1956 67 21 about
827 1954 44 23 .the
884 1955 64 27 legs,-
958 1955 44 22 and
1018 1956 103 26 inability
1135 1959 30 18 to-
1173 1960 69 19 move!

651 1982 92 21 without
751 1982 50 27 pain
809 1990 6 19 ;
831 1986 23 17 at
865 1982 36 21 the
912 1989 61 14 same
983 1982 59 26 time,
1058 1982 12 21 I
1081 1982 106 22 attended
1196 1984 43 20 fre-

650 2013 70 21 quent
734 2015 66 19 cases,
819 2008 37 22 all,
865 2008 57 22 alike
936 2011 26 23 to,
974 2015 38 19 my
1022 2016 55 13 own.
1091 2030 5 8 t
1108 2009 12 20 I
1129 2009 89 25 sought,
1227 2017 13 13 a

651 2034 88 26 change
744 2034 31 21 'of
788 2034 89 21 climate
884 2041 6 18 ;
896 2049 2 4 .
910 2032 44 22 and
963 2041 18 19 a,
986 2034 78 21 month
1070 2049 3 5 ,
1078 2034 23 21 in
1114 2034 59 26 [New
1179 2035 61 25 .Zea-:

651 2059 55 22 land
714 2060 120 21 renovated
842 2067 37 14 me
890 2059 100 28 entirely.
1020 2060 95 22 Meat'in
1122 2061 117 26 Australia

651 2086 102 22 becomes
763 2087 72 22 blown
850 2087 25 21 in
886 2094 13 13 a
908 2086 93 22 minute.
1023 2087 27 25 A
1064 2086 62 27 limb;
1136 2088 49 21 that
1195 2096 44 15 was

650 2113 128 27 amputated
783 2121 49 17 was,
840 2114 103 26 previous
949 2117 21 18 to
976 2114 37 21 the
1018 2114 120 26 operation;
1145 2116 94 23 covered

651 2140 52 21 with
708 2143 101 24 maggots
812 2138 60 29 jilike
882 2147 14 14 a
901 2140 55 21 liver
966 2140 77 22 buried
1052 2140 23 21 in
1088 2147 13 19 a,
1111 2145 39 27 pot
1159 2145 80 24 tqpro.-

651 2166 57 21 duce
722 2170 99 24 maggots
835 2167 36 21 for
886 2166 96 28 angling,
1012 2167 142 27 parturition,
1166 2169 75 23 ro;the,

649 2200 49 15 new
708 2201 80 16 comer,
799 2194 64 21 isnot
871 2193 136 22 unattended
1014 2194 51 21 with
1075 2194 91 28 danger.
1191 2196 55 23 The,

651 2219 116 28 dysentery
792 2220 44 21 and
860 2220 136 28 ophthalmia
1008 2228 29 14 •ai
1043 2228 10 15 c
1065 2226 12 21 ;,
1082 2221 37 22 the
1143 2222 95 28 disease's

649 2246 99 28 peculiar
755 2250 25 24 to,
788 2247 36 22 the
832 2247 71 27 clime,
915 2243 89 26 and'are
1013 2247 79 27 highly,
1100 2248 123 27 dangerous
1230 2258 6 19 ;
1242 2269 4 3 .

649 2273 54 27 they
713 2270 74 25 attack
796 2274 62 21 those
868 2274 49 21 who
927 2281 35 14 are
978 2275 80 21 careful
1069 2282 25 14 as
1104 2276 51 21 well
1166 2283 24 15 as
1200 2276 44 23 the,

649 2300 147 31 intemperate
804 2309 5 13 :
825 2308 25 14 as
867 2300 124 28 elsewhere,
1007 2301 38 22 the
1053 2302 67 21 latter
1128 2309 43 18 ,ar.e
1174 2316 3 10 (
1181 2307 65 19 most-,

649 2327 124 22 obnoxious
792 2331 34 25 to;
832 2323 92 26 disease.
959 2327 46 23 The
1020 2328 220 30 climate;.evidently-

640 2353 75 27 .tends
725 2358 22 25 Jo
755 2362 13 14 a
784 2357 126 25 premature
925 2354 155 28 development
1089 2356 82 26 andjfcp,
1178 2358 61 27 early.

642 2380 104 29 ..decay;]
752 2385 38 23 yet
805 2377 37 26 old
858 2381 85 28 people,
961 2378 78 29 whose.
1047 2387 197 22 sytems;jar.ejn.ot

642 2407 92 28 .sapped
748 2408 30 27 by
798 2408 93 27 disease,
912 2409 89 27 coming
1016 2409 56 27 fi;om
1081 2431 3 4 .
1093 2410 50 21 cold
1148 2425 4 8 ,
1159 2410 79 22 climes

649 2434 45 23 and
704 2434 104 28 avoiding
817 2442 108 20 exposure
933 2438 22 19 to
961 2435 100 28 mid-day
1068 2436 107 25 heat.andj
1182 2438 56 23 mid-

648 2462 65 26 night
721 2462 69 26 chills,
807 2462 49 21 feel-
861 2469 28 14 an
900 2462 146 31 inyigoration
1051 2471 5 20 ;
1070 2464 47 21 and
1128 2464 80 28 might;
1220 2465 22 21 if

648 2488 131 23 threatened
787 2489 32 27 by-
824 2488 32 22 ill'
860 2489 76 22 health
947 2492 22 19 at
976 2489 73 27 home,
1063 2490 175 28 prolong-exist^
1244 2503 4 5 •

650 2523 53 14 ence
708 2516 25 21 in
740 2516 128 22 Australia.-
884 2516 11 21 I
903 2516 110 22 havemet
1020 2516 51 22 with
1078 2525 69 20 many
1154 2518 82 26 elderly

647 2549 93 20 persons
750 2545 37 20 out
793 2542 66 26 there,
864 2542 48 23 who
920 2543 197 27 hayepraised.the
1124 2545 97 23 plimate.
1219 2546 11 12 v>
1233 2546 13 22 'l

683 2578 36 23 Of
734 2578 37 23 the
783 2578 48 23 soil
844 2577 45 24 arid
905 2579 146 30 productions
1063 2579 25 24 of
1099 2580 146 24 'New'Z^a-s"

647 2611 62 29 land,
727 2612 47 23 Mr.
788 2611 84 32 Bright
890 2612 83 31 speaks
983 2612 134 32 favourably
1131 2611 35 31 ;"'B
1163 2636 3 9 1
1168 2618 25 19 ut
1194 2606 5 16 1
1197 2630 4 11 1
1204 2615 41 25 .he,

649 2645 56 23 adds
727 2644 59 24 little
807 2653 25 15 or
851 2646 112 30 nothing'.
966 2650 22 19 to
1004 2646 61 23 what
1069 2654 64 23 ./was,
1147 2648 98 31 already,

649 2678 92 29 known,
752 2678 86 29 unless,
851 2679 107 31 perhaps,
969 2683 29 21 to.
1002 2680 98 30 impress
1103 2688 77 16 :more'
1184 2689 61 23 pro-,

649 2712 111 30 minently
769 2719 63 23 upon
843 2712 39 23 the
894 2712 64 23 mind
969 2711 37 25 the
1018 2713 56 31 hilly
1087 2714 119 26 character,
1214 2715 30 23 of

639 2744 48 24 -the
706 2750 103 25 country,
816 2754 5 16 ;
827 2745 47 24 and
886 2746 45 27 the,
939 2747 142 30 'consequent
1099 2745 96 31 ab'se'n'qe
1193 2744 20 14 i|:
1213 2745 28 27 '6f

649 2778 110 23 extended
770 2779 74 31 plains
855 2787 8 21 ;
882 2779 91 31 though*
980 2779 29 24 he
1020 2776 93 36 .'merely!
1123 2782 114 23 mentions

649 2812 18 22 it
677 2813 31 21 as'
715 2820 14 14 a
738 2812 52 29 fact,
809 2815 40 20 not
849 2811 5 8 1
860 2812 114 31 adducing
983 2813 19 23 it
1013 2821 24 15 as
1049 2822 30 14 an
1090 2814 149 32 impediment

648 2848 23 19 to
684 2850 3 3 '
693 2845 140 23 cultivation.
860 2871 6 12 r
876 2845 71 31 Upon
967 2846 38 23 the
1023 2852 61 18 most
1102 2848 136 31 interesting

649 2878 96 31 subject,
765 2878 39 23 the
821 2885 107 17 manners
945 2878 50 24 and'
1007 2879 127 25 characters
1137 2881 45 28 ,of
1199 2882 38 24 the

647 2911 81 31 people
740 2911 53 24 both
804 2912 94 32 natives,
905 2912 50 23 and'
960 2913 88 31 foreign
1058 2914 100 29 settlers,
1167 2907 4 30 !
1174 2928 3 16 ;
1176 2914 29 24 he
1217 2909 20 30 is

648 2952 81 22 vague,
737 2944 98 31 general,
844 2944 46 24 and
894 2946 159 31 unsatisfying.
1075 2947 50 24 Mr.
1131 2947 23 23 -B
1157 2948 81 31 right's

648 2978 122 30 particular
782 2978 124 31 examples,
919 2986 83 23 among
1010 2979 38 23 the
1053 2980 102 24 "settlers'
1162 2986 24 18 at
1192 2982 45 23 'the

649 3011 51 30 Bay
712 3011 25 23 of
746 3011 98 29 Islands,
858 3019 38 15 are
893 3010 12 14 7
901 3026 4 3 -
908 3011 70 24 taken
983 3012 62 30 ,from
1049 3012 4 13 !
1058 3020 68 16 some,
1133 3019 104 20 extreme

649 3052 63 15 cases
725 3044 24 23 of
763 3045 126 31 profligacy
901 3045 44 23 and
952 3046 4 4 '
1124 3067 2 9 ,
1132 3047 110 32 jand-his,

639 3077 72 27 .chief
731 3079 74 23 native
827 3078 93 31 sample,
938 3079 19 23 is
980 3087 29 15 an
1015 3080 62 23 'old.'
1083 3080 116 31 chieftain,
1214 3087 24 19 'a

647 3111 88 30 patient
752 3111 24 23 of
790 3111 46 29 his,
858 3111 58 29 who,
936 3112 86 32 though
1039 3113 52 23 first

649 3144 172 30 Wesleyanism,
900 3146 2 4 '
912 3146 93 31 turning
1024 3146 104 24 Catholic
1150 3156 29 15 on
1197 3149 39 23 the

648 3177 83 23 arrival
743 3178 24 22 of
776 3178 38 23 the
820 3178 125 31 -Apostolic
957 3179 77 29 Vicar,
1039 3180 118 32 'recurred;
1166 3185 22 20 to
1201 3182 36 23 his

648 3210 76 23 native
743 3212 158 29 superstitions
914 3212 66 24 when
991 3213 57 28 sick,
1070 3214 45 23 and
1126 3222 45 16 was
1177 3208 3 12 :
1185 3215 53 31 only

649 3242 78 24 driven
739 3243 57 24 from
809 3245 62 22 them
887 3245 35 31 by-
931 3245 56 24 Mr.^
991 3247 83 30 Bright
1085 3247 152 32 withholding

649 3275 35 24 his
696 3276 130 24 medicines;
849 3294 8 6 *
863 3278 39 22 So.
906 3278 41 23 far:
953 3287 24 15 as
988 3288 43 23 any
1039 3281 94 30 general
1145 3281 92 23 conclu-

649 3309 63 23 sions
722 3316 42 16 can
774 3309 28 24 be
819 3310 81 24 drawn'
906 3311 59 24 from
978 3313 40 23 -his
1030 3314 206 32 general'descrip-

649 3342 126 29 tions^'the
793 3347 58 19 state
855 3343 34 23 ~of
903 3345 84 23 morals
1046 3354 69 23 every
1215 3348 26 23 of

649 3375 58 22 view
715 3375 22 23 is
748 3382 52 24 very
814 3375 47 26 tow.
874 3384 84 24 among
962 3377 44 28 ;the
1024 3380 99 23 settlers.
1160 3381 85 24 Crime,

649 3408 20 23 is
680 3412 42 19 not
734 3412 117 25 common,;
863 3409 41 24 but
910 3409 73 32 'every
994 3412 67 31 thing'
1070 3412 65 24 short
1146 3410 34 27 of'
1185 3410 26 27 'it*
1216 3415 21 23 is
1244 3426 1 5 •

649 3448 29 16 an
691 3441 123 31 every-day
825 3441 66 24 affair
898 3452 5 5 •
917 3450 89 25 money,
1018 3445 30 31 by
1054 3454 47 22 any
1108 3454 78 16 means
1192 3443 46 28 .iiot

648 3474 119 29 felonious,
786 3474 69 32 being
867 3475 38 24 the
917 3476 73 31 object
1001 3478 54 23 both
1067 3483 30 21 ,at
1109 3474 128 32 Newj-Ze'a-

648 3507 55 23 land
712 3508 43 22 and
764 3508 25 23 in
791 3514 4 7 1
796 3507 133 26 Australia.'
960 3509 51 25 The
1021 3511 77 23 native
1103 3512 134 25 -NewZ'ea-

648 3540 99 29 landers,
758 3541 24 28 it.
786 3541 74 24 would
865 3549 99 24 -appear,-
981 3551 37 15 are
1030 3544 62 30 quite
1109 3551 128 26 competent

649 3578 22 20 to
682 3578 89 27 protect
788 3574 137 24 themselves
933 3572 39 27 "in'
978 3581 92 19 matters
1082 3574 83 27 Within
1178 3572 59 31 their

649 3608 167 30 experience—
816 3605 79 30 which;
902 3605 26 34 (a
933 3604 59 36 ,'yei-y
1009 3614 65 26 gre^t
1079 3631 4 5 .
1091 3611 100 32 matter)'
1197 3613 40 23 the
1242 3615 3 5 '

648 3641 48 23 sale
708 3641 26 23 of
740 3640 168 25 Itheir.land.is
920 3646 42 19 not
968 3650 8 21 j
994 3642 107 30 and-this,
1109 3650 3 9 I
1116 3661 3 4 .
1121 3652 56 16 now-
1183 3645 54 31 they

647 3681 39 16 are
696 3674 94 23 become
799 3682 41 15 our
847 3674 109 32 subjects,
967 3676 102 30 requires
1077 3677 160 31 carefulJopk-

647 3708 75 31 ing-to
742 3707 31 31 by
784 3707 46 24 the^
842 3707 78 25 Home
940 3716 25 16 as
976 3709 51 23 well
1035 3712 32 21 'as'
1080 3709 39 24 the
1123 3715 6 11 v
1131 3710 113 25 Coloniar

647 3741 141 23 authorities.
824 3741 37 24 Of
876 3741 39 23 the
933 3742 77 23 effects
1068 3742 40 25 the
1124 3743 119 25 Missions'

648 3774 48 24 Mr.
710 3774 84 31 Bright
802 3774 85 31 speaks
898 3775 25 23 in
934 3774 56 33 high
999 3781 76 24 terms,
1089 3776 49 32 and,
1141 3777 103 30 defends,

647 3807 38 24 the
703 3807 164 28 Missipnariei
885 3808 59 24 from
945 3808 57 31 /the
1022 3809 103 31 charges'
1133 3810 104 32 brought

646 3841 92 31 against
749 3840 76 24 them:
844 3841 37 23 his
893 3842 100 29 defence,
1005 3842 119 29 however,.
1129 3847 106 21 amount's

646 3879 22 20 to
680 3874 61 24 little
758 3882 62 15 more
838 3873 57 24 than
905 3875 54 29 this,
978 3875 50 24 that
1032 3875 130 31 -they-have
1178 3884 57 24 pur-

646 3907 57 25 sued
713 3907 60 24 their
781 3907 94 31 worldly
884 3908 106 24 interests
1001 3909 24 23 in
1036 3916 13 16 a
1057 3902 179 38 moreTguarded

645 3941 44 24 and
700 3941 140 31 respectable
852 3948 50 22 way
913 3941 54 24 than
978 3941 40 25 the
1025 3942 97 31 escaped
1133 3943 112 24 convicts''

1291 3387 53 23 Will
1354 3387 61 23 Lord
1425 3387 92 27 Stanley
1526 3388 26 21 be
1564 3390 92 19 content
1671 3390 24 18 to
1710 3389 71 25 potter
1796 3386 56 22 after

1265 3415 36 22 the
1310 3415 87 23 fashion,
1406 3414 26 22 of
1444 3414 61 22 Lord
1515 3415 62 21 John
1587 3414 95 22 Russell,
1683 3414 52 22 with
1745 3414 38 21 the
1789 3416 64 25 great

1261 3448 70 21 power
1341 3443 27 24 of
1377 3443 124 25 emigration
1509 3441 122 22 contained
1640 3438 29 24 in'
1677 3441 40 21 the
1735 3440 117 22 land-sell-

1265 3471 38 25 ing
1315 3468 119 29 .principle.
1473 3468 48 22 Not
1536 3468 25 22 in
1576 3475 46 20 any
1636 3474 43 15 one
1696 3468 100 21 instance
1810 3467 41 21 has

1265 3497 47 21 that
1319 3495 178 28 principle,been
1505 3495 65 26 fairly
1579 3494 69 22 tried-
1681 3494 28 21 In
1723 3501 67 19 every
1801 3501 49 13 case

1266 3523 100 25 hitherto,
1378 3522 39 22 the
1427 3521 101 23 Colonial
1543 3521 72 22 Office
1630 3520 45 22 and
1690 3520 100 22 Colonial
1805 3520 47 21 Go-

1265 3554 88 17 vernors
1361 3548 60 23 have
1432 3549 59 21 been
1507 3548 87 22 scared.
1601 3548 31 31 by
1699 3547 93 27 novelty:
1804 3547 57 32 .and;

1267 3576 84 22 curious
1363 3576 125 27 properties
1578 3574 104 27 carrying
1695 3573 24 22 if
1798 3572 63 23 'into"

1267 3603 69 27 effect,
1347 3610 26 14 or
1380 3602 59 22 have
1449 3602 56 21 been
1514 3601 36 22 leti
1561 3601 29 27 by
1606 3608 14 14 a
1635 3600 63 27 spirit
1712 3600 25 21 of
1749 3599 111 28 jealousy'

1267 3633 21 19 to
1302 3629 87 23 meddle
1404 3628 131 22 over-much
1547 3628 24 21 in
1583 3628 39 21 the
1636 3626 133 28 application
1783 3627 26 21 of
1812 3635 5 12 >
1826 3628 32 20 ife<

1266 3657 100 21 Without
1375 3663 14 14 a
1395 3655 55 27 high
1462 3655 60 28 price
1537 3655 34 21 for
1582 3654 62 26 land,
1663 3653 37 22 the
1714 3653 103 22 devotion
1829 3654 32 27 of(.

1265 3683 36 22 the
1311 3682 72 23 whole
1392 3682 57 22 fund
1458 3686 22 17 to
1490 3681 137 27 emigration,
1642 3680 45 21 and
1699 3680 36 21 the
1745 3680 108 28 anticipa-

1266 3709 44 23 tion
1317 3709 26 22 of
1348 3709 58 22 sales
1412 3709 30 26 by
1448 3715 76 15 means
1529 3708 26 21 of
1559 3708 63 20 loans
1629 3706 34 22 for
1669 3707 137 27 emigration,
1813 3708 39 22 the

1264 3736 105 28 principle
1380 3739 83 17 cannot
1472 3735 28 21 be
1512 3734 66 26 fairly
1592 3733 70 27 tried;
1682 3733 72 28 while,
1774 3741 30 15 on
1813 3734 39 22 the

1265 3763 59 22 other
1340 3762 68 27 nand,
1428 3762 66 22 when
1497 3761 48 21 -.the
1556 3761 154 21 Government
1718 3760 143 23 undertakesr

1264 3790 36 22 the
1318 3789 115 23 functions
1452 3788 27 21 of
1489 3787 138 31 .individuajs
1642 3794 25 21 oj
1685 3788 86 26 private
1776 3808 7 4 .
1791 3796 62 14 com-

1263 3817 82 27 panies,
1357 3815 39 27 'by
1416 3814 78 27 selling
1511 3817 22 19 at
1549 3814 156 27 auctiqn^with
1723 3821 13 15 a
1756 3815 62 26 view,
1829 3818 23 19 to

1264 3842 147 28 competition,
1425 3841 45 23 and
1485 3841 37 21 the
1679 3842 26 21 of
1721 3841 59 28 price
1795 3839 30 30 as/
1829 3847 24 17 to

1265 3869 206 28 particular^'spdts,
1488 3868 24 21 'it
1533 3864 171 31 mischievously
1727 3863 132 27 stimulates*

1264 3895 188 31 speculationr-ras
1460 3894 98 28 recently
1568 3894 23 22 in
1603 3894 57 24 New
1672 3894 70 31 Sojath
1750 3895 111 29 Wales—,,

1263 3923 42 22 and
1316 3922 76 27 brings
1400 3921 110 23 "discredit'
1518 3929 29 14 on
1555 3920 39 22 the
1605 3920 71 24 whole
1686 3925 90 24 system.
1790 3947 2 5 ,
1793 3920 59 29 \The

1263 3949 91 29 subject,
1366 3949 24 23 in
1398 3956 15 15 a
1420 3948 69 28 word,
1499 3948 40 24 has
1543 3950 40 21 not
1590 3951 41 25 yet
1638 3948 59 23 been
1705 3948 57 29 fully
1769 3947 84 25 uhder-

559 35 102 49 «f)*
681 35 121 45 tftto
827 37 210 42 fifcatentr
1058 35 201 49 «Sa?ette
1277 36 92 40 aiiti
1389 29 600 59 m^tin&fon£g^fams

1886 126 63 22 stood
1957 127 31 27 by
1997 134 44 20 any
2046 125 50 25 'man
2100 128 29 21 'in
2140 135 81 20 power.
2230 124 246 29 '^fibrclJjSowi'ckiiait

1877 157 53 22 ,g.ot(
1938 153 54 25 ithe'.
1994 157 87 22 nearest;
2089 158 22 18 to
2116 158 31 20 -a'
2154 156 84 26 perfect
2253 157 127 28 knowledge
2397 159 24 20 of
2436 159 39 20 it.-

1876 179 70 31 ..Lprd
1962 179 66 33 Jphn^
2036 180 85 27 Russell
2135 186 80 17 meant
2229 190 24 14 as
2267 184 50 22 well
2332 192 23 14 as
2369 185 98 27 possible

1881 204 156 28 'with'fespect
2037 207 3 14 l
2052 209 21 18 to
2084 206 23 27 it,
2116 207 42 21 but
2172 207 40 23 left
2225 209 36 21 tbe
2277 211 98 26 working
2389 214 38 18 out
2439 214 26 18 ta

1879 232 139 21 -others-who
2029 240 52 14 were
2088 233 71 22 either
2168 234 101 23 imbecile
2285 244 26 14 or
2327 237 142 27 only-skilful-

1886 261 24 18 at
1918 258 95 22 didactic
2019 258 202 29 despatch-writing.
2298 262 57 23 shall
2363 271 53 14 soon
2426 271 38 14 see

1877 283 106 23 -whether
1994 285 59 21 Lord
2062 286 85 27 Stanley
2157 294 40 14 can
2206 287 55 22 belie
2271 296 13 14 a
2290 289 44 21 bad
2340 292 49 25 part
2398 290 24 22 of
2429 289 35 23 his

1884 312 131 26 reputation,
2028 316 2 4 '
2041 312 41 21 and
2098 316 82 18 master
2206 313 43 23 this
2270 319 65 22 great
2351 323 73 16 power
2432 317 32 26 by

1885 338 113 24 means>of
2002 339 102 25 '.patiently
2111 339 156 28 investigating
2271 342 30 22 its
2307 341 99 26 qualities
2415 343 47 21 and

1886 362 122 30 capacities.
2023 365 6 3 '
2044 366 32 20 Sir
2088 366 84 21 Robert
2187 366 56 22 Peel'
2250 367 75 22 would'
2331 367 63 23 do'so"
2401 366 64 26 w'ift£-

1880 392 44 20 'out
1929 391 42 22 fail
1981 391 20 22 if
2013 391 27 22 he
2051 392 65 21 where
2126 397 24 16 at
2157 392 37 22 the
2203 393 59 22 head
2277 395 26 20 of
2317 394 36 22 the
2364 394 100 22 Colonial

1875 417 87 22 -Office.
1964 428 28 5 —
1995 419 88 20 Colonial
2092 420 87 20 Gazette

1912 444 78 25 There.
1994 445 17 21 is
2025 453 14 13 a
2049 447 42 21 hew
2096 449 3 4 '
2105 446 64 26 spirit
2178 443 84 25 abroad'
2274 446 54 22 with
2340 448 89 26 respect
2434 450 30 19 -to
2469 444 8 21 )

1886 470 155 27 emigration—
2043 479 23 14 or
2077 472 70 22 rather
2157 477 22 19 to
2188 473 276 28 .colonization,«son.prin-

1885 496 67 28 ciples
1970 498 80 28 widely
2068 499 98 25 different
2171 500 70 21 -.from
2253 500 226 26 ;those^orL.whichv,-

1885 524 129 26 emigralion
2022 524 41 22 has
2074 526 50 20 been
2131 526 100 22 hitherto
2250 522 128 26 conducted.
2399 524 80 29 ,'Pro-T

1884 550 92 21 fessions
2034 555 49 18 Over
2090 548 130 26 crowded—
2222 553 36 21 the
2266 553 76 27 profits
2350 553 25 21 of
2382 553 81 27 capital
2470 552 7 11 '

1884 579 44 19 are'
1940 577 97 22 reduced
2051 578 27 27 by
2094 580 157 26 competition;
2274 580 45 21 and
2335 580 73 25 others
2424 587 38 14 are

1884 602 82 28 keenly
1986 604 133 28 considering
2135 605 167 23 what'are'the'
2316 606 147 27 comparative
2469 607 10 23 I

1884 630 135 27 advantages
2034 631 25 21 of
2070 632 120 27 remaining
2204 632 112 29 at-home,
2331 640 24 14 or
2360 632 103 31 -seeking

1884 656 57 21 their
1954 656 100 23 fortunes
2066 658 19 21 in
2100 658 84 22 British
2189 680 3 7 (
2196 659 144 31 possessions^
2366 661 44 20 and
2424 666 51 18 are->

1884 682 96 28 availing
2003 684 125 22 themselves
2140 691 4 4 #
2149 685 26 21 of
2195 685 49 23 the.
2258 686 157 31 opportunities
2421 686 45 26 '."of
2467 685 8 10 '

1883 709 113 28 founding,
2007 710 30 27 by
2046 711 96 27 industry
2147 712 48 21 'and
2204 712 126 26 enterprise-,
2338 712 124 22 the-means

1884 736 25 21 of
1926 736 169 28 independence,
2112 738 24 21 in
2149 738 66 21 lands
2236 738 94 26 (distant
2338 739 22 21 it
2370 739 18 21 is
2403 740 59 25 true.)'
2469 743 8 18 ).

1883 762 73 23 where
1976 760 81 25 British
2072 764 48 22 laws
2138 765 45 21 and
2197 764 39 22 the
2255 765 81 22 British
2470 772 8 18 f

1884 789 59 27 daily
1957 797 72 15 renew
2038 790 36 22 the
2078 791 158 32 '^collections
2252 792 25 21 of
2293 792 80 29 home,/
2386 790 92 28 .Why.*

1883 816 79 21 should
1973 824 45 19 you
2027 816 32 23 be'
2063 817 105 27 debarred
2175 818 57 21 from
2242 818 66 22 these,
2314 815 165 36 advantage's?^

1883 842 45 21 and
1938 843 49 21 how
2003 851 40 14 can
2055 851 38 20 you
2098 845 84 22 'better
2196 852 75 15 secure
2282 845 67 21 'them
2363 842 52 24 tfta'n'
2422 839 55 33 ''b'jP

1883 869 67 27 ready
1958 877 74 14 access
2041 874 21 17 to
2070 871 110 22 authentic
2189 872 148 26 information,
2341 870 121 23 .whichithe

1882 903 61 19 press
1951 896 18 21 is
1980 898 120 26 constantly
2112 898 119 28 supplying
2243 905 26 14 on
2278 905 68 21 many
2358 898 119 28 ,essentialj

1881 922 75 27 points
1966 924 117 21 connected
2092 924 52 21 with
2155 925 151 27 this-subjeel?
2318 945 4 12 r
2329 921 134 31 sucl^as.,tjie

1883 949 80 27 charge
1983 950 25 21 of
2022 952 143 26 'conveyance
2189 954 64 19 out—
2256 951 36 22 the
2316 950 147 29 comp'artitive
2459 969 14 13 c

1883 975 92 28 fertility
1992 976 25 21 of
2034 976 37 22 the
2084 978 116 21 soil—the-
2207 979 60 26 price
2283 978 26 21 of
2319 978 143 22 labouiMtht!
2464 974 14 18 1

1883 1002 74 26 profits
1975 1001 26 23 of
2013 1004 102 26 capital—
2116 1004 47 22 and
2178 1011 13 15 a
2208 1004 99 23 hundred
2323 1003 81 24 others-
2408 1005 30 22 of;
2442 1002 34 23 :u>

1883 1029 84 22 similar
1983 1033 85 19 nature.
2103 1031 64 22 Even
2184 1032 27 26 if.
2219 1032 38 21 the
2271 1032 147 26 information;
2422 1032 56 26 hbfej;

1882 1059 39 18 not
1931 1056 118 27 complete,
2058 1057 18 21 it
2083 1058 42 21 will
2141 1061 90 24 suggest
2244 1058 37 22 the
2291 1058 84 22 further
2386 1057 83 29 e'hqui-v

1881 1083 43 21 ries
2035 1091 13 14 a
2065 1084 104 27 prudent'
2182 1092 50 14 man
2255 1085 74 22 would
2351 1081 128 31 naturally.^

1883 1110 96 21 make.—
1985 1111 37 19 Sir
2029 1112 74 20 Robert
2113 1112 69 20 Peel's
2189 1112 73 26 speech
2271 1114 24 18 at
2306 1108 155 30 Tamioorth.^-
2472 1121 7 3 -

1884 1136 63 26 [This
1956 1137 19 21 is
1990 1138 83 28 worthy
2081 1138 24 22 of
2114 1136 82 30 notice,
2209 1146 23 15 as
2249 1139 96 27 shewing
2360 1140 51 21 that
2415 1147 3 10 >
2424 1139 38 22 the

1881 1169 49 15 new
1946 1164 100 21 Premier
2063 1165 16 22 is
2084 1173 2 5 1
2092 1173 72 14 aware
2184 1166 26 21 of
2228 1166 36 21 the
2283 1166 148 26 importance.;
2435 1166 30 26 pf
2469 1173 7 17 ,t

1883 1190 129 26 emigration
2022 1198 23 14 as
2055 1198 13 15 a
2076 1199 73 15 means
2159 1193 26 21 of
2196 1192 115 27 removing
2320 1192 37 22 the
2368 1192 97 26 distress,
2474 1201 5 3 ■

1882 1223 50 15 now
1942 1218 115 26 prevalent
2066 1218 18 22 in
2096 1219 121 27 England.]
2307 1221 4 2 '
2370 1223 12 9 °
2410 1216 69 9 ••'-••■

2007 1272 112 23 SOUTH
2132 1273 328 24 AUSTRALIA.

1909 1319 91 26 Return,
2011 1320 93 28 showing
2112 1321 38 22 the
2162 1322 95 21 number
2266 1323 34 20 of-
2312 1330 90 20 persons
2410 1324 57 25 jwho-

1881 1345 57 22 have
1956 1347 87 22 arrived
2063 1349 40 20 and
2124 1348 107 28 departed
2246 1349 58 22 from
2321 1350 36 21 the
2367 1348 5 8 J
2376 1348 86 30 Col6'tiy
2462 1345 5 11 J

1882 1372 79 27 during
1980 1373 38 22 the
2036 1374 106 27 half-year
2163 1376 81 26 ending
2262 1378 49 20 31st
2330 1376 130 26 December,

1882 1401 85 19 1841—
2050 1415 6 5 .
2095 1417 3 3 .

1262 136 2 14 I
1270 125 43 23 and
1329 125 88 24 retired
1423 117 119 38 baler's/
1555 125 45 24 and
1684 126 49 24 Jess*
1747 120 111 38 inju'ry^to

1263 157 44 24 'the
1319 157 116 24 character
1447 159 25 22 of
1482 159 38 22 the
1530 159 106 22 natives.*
1636 155 5 19 s
1646 153 20 22 "''
1713 162 5 13 :
1745 169 4 4 •
1832 153 34 22 '-'>

1881 1457 38 18 For
1928 1458 29 17 the
1971 1458 57 21 Quar-

1903 1480 29 16 ter
1940 1480 88 21 ending—

2083 1444 97 12 ARRIVED.

2249 1486 80 13 ADULTS.
2350 1478 81 21 criILDN.
2458 1484 3 5 '

2275 1518 30 22 I*Bo
2351 1534 26 5 ■.
2398 1525 20 16 38

2258 1542 46 20 •'HO
2350 1549 13 6 ■'
2399 1543 77 19 31

2282 1445 135 14 DEPARTURES.

1881 1522 40 17 30th
1930 1523 43 20 Sept
2016 1515 10 25 .'.

1881 1544 38 16 31st
1931 1544 35 16 Dec
2020 1548 5 12 •.

2036 1483 80 15 'ADULTS.
2141 1483 82 15 CJIItDN.

2081 1524 17 15 95
2198 1525 9 15 8

2037 1548 3 3 •
2073 1544 25 16 335
2177 1544 29 16 115
2219 1551 5 4 -

2035 1582 5 4 ■
2072 1586 26 16 430
2176 1586 30 16 123

2249 1486 7 12 j

2249 1486 58 13 ADUM

2275 1518 30 22 I*Bo

2258 1542 46 20 •'HO

2272 1587 31 16 320

1937 1584 3 4 '
1945 1586 68 17 Totals.
2018 1582 5 20 .'
2028 1588 4 10 '

2346 1584 3 4 '
2368 1588 2 6 '
