2529 4029
705 3054 51 25 One
768 3053 24 24 of
800 3054 37 23 the
849 3057 60 20 most
917 3053 123 31 gratifying
1047 3053 56 23 facts
1115 3049 53 25 with
1177 3049 74 24 which

670 3096 34 16 we
727 3087 56 24 have
802 3087 94 23 become
918 3084 134 33 acquainted
1072 3084 109 31 recently,
1206 3090 45 16 was

670 3120 179 25 communicated
867 3125 24 18 to
908 3127 28 16 us
956 3119 39 23 the
1025 3117 62 25 other
1114 3117 44 31 day
1177 3116 30 31 by
1239 3124 12 14 a

670 3153 129 32 gentleman
810 3153 50 24 who
871 3152 42 24 has
926 3160 13 15 a
950 3151 50 24 mill
1007 3152 25 23 in
1043 3151 44 23 this
1098 3155 75 20 town..
1211 3148 38 25 He

671 3187 73 24 stated
755 3187 49 23 that
814 3186 30 24 he
855 3185 45 24 had
912 3185 55 24 been
980 3185 129 31 comparing
1119 3183 38 24 the
1177 3190 72 23 quan-

670 3221 43 30 tity
726 3220 25 24 of
765 3220 63 31 grain
841 3218 70 24 taken
920 3223 23 19 to
953 3218 29 23 be
998 3218 88 31 ground
1103 3221 25 19 at
1147 3216 36 24 his
1202 3215 49 24 mill

671 3253 46 24 this
726 3260 61 23 year,
799 3253 30 30 by
840 3251 86 24 certain
937 3251 67 25 small
1021 3251 101 28 farmers,
1140 3248 55 25 with
1213 3248 38 24 the

672 3286 103 31 quantity
793 3285 38 24 the
860 3292 62 16 same
945 3284 84 32 parties
1048 3283 54 25 took
1123 3283 45 24 last
1188 3289 62 24 year,

671 3319 44 24 and
738 3319 39 23 the
796 3317 72 25 result
889 3317 25 24 of
928 3317 38 24 the
984 3318 140 32 comparison
1135 3323 53 22 was,
1201 3315 49 23 that

671 3352 64 24 those
758 3351 49 24 who
825 3350 62 24 took,
903 3350 50 24 four
974 3350 45 24 and
1037 3350 43 26 five
1096 3348 94 25 bushels
1207 3348 44 24 last

670 3393 62 23 year,
754 3385 46 23 had
817 3383 70 25 taken
905 3383 76 31 thirty'
993 3383 44 24 and
1058 3382 127 32 thirty-five
1205 3381 45 25 this

670 3426 62 23 year.
779 3418 59 23 This
856 3414 104 27 valuable
978 3416 59 25 class
1056 3416 25 25 of
1094 3415 96 25 settlers'
1197 3421 52 25 may

671 3452 98 23 therfore
780 3451 28 23 be
819 3449 132 25 considered
962 3454 24 20 to
997 3448 180 34 have-produced
1185 3447 64 27 suffi-

672 3485 59 23 cient
739 3485 66 30 grain
816 3484 52 23 this:
873 3490 80 17 season
966 3488 24 19 to
1000 3483 81 32 supply
1091 3482 44 25 the,
1145 3485 71 20 wants
1228 3481 23 24 of

671 3518 59 23 their
741 3524 49 17 own
800 3517 98 24 families
906 3525 7 20 ;
933 3516 43 24 and
994 3517 20 23 if
1030 3517 51 31 they
1100 3515 54 31 only
1169 3514 81 24 double

671 3551 38 23 the
720 3550 105 32 quantity
835 3554 56 19 next
901 3557 62 23 year,
975 3549 55 24 each
1038 3549 82 24 farmer
1133 3548 43 23 will
1197 3555 52 24 pro-

671 3583 56 25 duce
736 3592 16 16 a
763 3583 92 32 surplus
866 3583 117 23 sufficient
991 3587 23 19 to
1025 3583 80 32 supply
1112 3589 14 16 a
1136 3579 77 33 family
1227 3581 23 23 of

671 3616 86 25 similar
769 3620 85 25 extent,
867 3615 121 25 otherwise
1000 3615 114 33 occupied.

680 3670 7 3 .
703 3649 24 25 A
749 3657 54 24 very
825 3648 113 26 excellent
959 3649 138 31 proposition
1119 3648 41 23 has
1181 3646 69 32 lately

671 3683 56 24 been
747 3682 72 28 made,
842 3681 83 29 which,
946 3682 21 23 if
990 3681 64 24 acted
1072 3689 68 23 upon,
1162 3674 46 31 will
1223 3681 26 22 be

670 3715 61 25 alike
741 3715 118 24 beneficial
870 3719 24 20 t6
906 3715 37 23 the
954 3715 75 23 native
1047 3715 43 23 and
1108 3714 39 24 the
1164 3714 84 24 settler.

670 3749 24 24 It
703 3749 21 24 is
734 3748 84 24 known
829 3748 49 24 that
890 3748 38 24 the
939 3748 87 23 natives
1043 3747 57 24 have
1119 3747 87 24 cleared
1226 3747 24 23 in

669 3783 90 23 various
774 3787 63 26 parts
844 3804 3 3 .
857 3782 25 23 of
896 3781 39 24 the
952 3781 100 30 Islands,
1072 3781 53 23 land
1144 3780 35 24 far
1198 3788 51 16 sur-

668 3816 95 32 passing
772 3816 37 23 the
825 3815 105 32 quantity
948 3814 86 25 needed
1054 3820 21 17 to
1093 3813 99 32 produce
1212 3813 37 24 the

659 3872 2 7 ,
668 3857 66 24 crops
745 3848 106 33 required
859 3848 35 24 for
902 3848 59 24 their
971 3855 50 17 own
1031 3855 51 17 use.
1129 3846 24 24 It
1165 3848 20 22 is
1195 3855 54 22 sug-

667 3882 88 32 gested,
780 3882 48 24 that
842 3881 44 24 the
905 3882 75 23 native
997 3881 73 31 might
1079 3881 29 22 be
1119 3879 97 24 induced
1228 3884 21 19 to

664 3916 51 31 join
727 3915 39 24 the
773 3929 4 7 •
785 3915 74 24 white,
870 3922 54 16 man
945 3915 26 23 in
993 3914 108 31 cropping
1122 3912 57 24 such
1197 3912 54 24 land

667 3948 54 25 with
727 3948 80 25 -wheat
812 3947 131 24 'sttd/d&er
959 3947 74 29 grain.
1066 3959 2 9 ,
1077 3945 62 24 The-
1147 3950 69 19 terms
1227 3949 23 20 to

81 389 35 24 To
128 396 78 16 secure
214 391 134 28 permanent
360 386 89 24 articles
468 384 26 26 of
510 385 80 28 export
605 381 20 23 is

47 423 24 22 of
87 422 37 23 the
136 426 85 19 utmost
231 421 139 31 importance
381 424 23 19 to
421 418 39 23 fhe
480 415 115 26 colonists;
602 413 26 23 of

47 455 57 24 New
122 453 108 25 Zealand.
273 453 25 23 It
317 453 21 23 is
353 457 37 19 too
401 450 62 24 often
473 449 47 23 that
532 448 36 23 the
578 445 47 24 dis-

47 493 57 18 tress
116 486 25 24 of
155 495 15 15 a
180 486 140 30 community
331 486 20 22 is
363 483 83 25 needed
458 486 23 20 to
492 480 70 31 impel
572 480 20 22 it
602 483 23 19 to

47 521 38 23 the
96 525 92 18 amount
198 520 26 23 of
238 519 104 24 research
361 516 43 24 and
423 514 104 31 thought,
546 518 79 17 neces-

47 561 51 23 sary
107 557 25 19 to
143 560 78 16 secure
231 552 29 23 its
268 550 103 32 physical
382 548 42 24 and
436 546 72 25 moral
515 544 110 24 advance-

47 591 69 19 ment.
160 585 58 24 This
233 584 41 24 has
292 584 58 23 been
369 579 121 31 strikingly
501 575 126 26 illustrated

48 620 23 22 in
84 619 36 23 the
132 622 77 21 recent
219 617 115 24 condition
345 615 25 23 of
385 614 56 23 New
451 611 73 24 South
539 610 86 23 Wales.

49 652 24 22 It
184 658 62 16 seem
264 649 49 23 that
333 647 92 29 nothing
446 645 64 23 short
529 643 25 23 of
579 642 48 23 dire

49 685 92 22 distress
153 683 65 23 could
230 690 54 22 urge
296 681 49 23 that
355 678 137 29 community
504 681 23 19 to
536 675 91 31 enquire

49 716 97 24 whether
165 716 62 23 there
245 722 46 15 was
311 717 39 19 not
364 719 60 16 some
436 711 67 24 mode
513 710 31 30 by
554 707 74 25 which

49 758 15 14 a
84 748 88 24 market
193 747 72 32 might
284 747 29 23 be
331 744 94 26 secured
444 744 34 23 for
498 742 72 24 flocks
583 740 43 24 and

49 782 75 28 herds,
136 780 155 25 co-extensive
303 778 53 24 with
376 777 36 24 the
420 798 3 6 ,
432 772 85 29 uiinost
536 778 92 20 amount

49 815 25 23 of
99 816 99 22 increase
222 812 74 24 which
318 811 72 31 might
416 810 30 24 be
475 807 136 26 maintained
621 807 5 23 !

50 848 103 23 Distress
164 847 41 23 has
223 845 141 24 ascertained
383 843 38 24 the
438 843 47 23 fact
503 841 50 23 that
572 839 56 23 such

51 880 64 24 could
129 881 26 22 be
167 877 100 32 secured,
285 877 46 24 and
341 885 14 15 a
365 881 58 20 most
435 874 103 24 valuable
550 877 79 26 export

50 914 21 22 is
96 913 36 22 the
162 918 161 24 consequence.
376 909 34 26 In.
432 908 40 23 the
499 905 80 25 month
607 905 25 22 of

52 946 115 28 February
178 944 52 28 last,
242 950 33 17 we
287 941 117 26 estimated
412 941 51 23 that
480 939 57 24 New
555 937 73 24 South

51 978 76 23 Wales
150 977 72 23 would
244 982 129 18 commence
391 978 22 19 at
432 980 64 21 once,
515 976 23 18 to
550 974 80 27 export

51 1011 72 23 tallow
136 1010 105 30 annually
256 1015 22 18 to
297 1008 38 23 the
356 1007 63 24 value
444 1006 25 23 of
483 1005 129 28 £500,000
621 1012 6 19 ;

52 1044 44 23 and
114 1044 48 23 that
179 1043 37 23 the
236 1048 75 25 power
328 1040 25 24 of
368 1039 127 30 increasing
506 1038 40 23 her
558 1036 72 24 flocks

51 1077 43 23 and
107 1076 67 25 herds
184 1075 74 24 would
269 1074 105 24 continue
386 1078 22 19 at
418 1076 45 20 not
470 1071 46 23 less
527 1071 56 23 than
593 1069 37 23 the

52 1115 47 18 rate
122 1109 24 24 of
173 1109 139 30 twenty-five
334 1115 39 23 per
395 1109 59 20 cent,
475 1111 40 24 per
538 1110 91 16 annum.

54 1142 66 23 Since
132 1142 53 23 then
197 1149 32 15 we
240 1141 58 24 have
307 1148 53 15 seen
371 1147 14 15 a
396 1144 81 17 census
485 1136 25 24 of
519 1136 38 23 the
564 1134 67 24 stock

52 1176 25 22 in
89 1175 55 23 New
157 1174 73 24 South
243 1173 88 28 Wales,
343 1172 44 23 and
397 1170 48 25 find
454 1170 63 23 there
526 1176 38 16 are
582 1168 50 31 just

54 1207 67 24 about
133 1207 80 24 double
224 1207 37 23 the
273 1206 96 23 number
380 1204 25 24 of
418 1203 69 31 sheep
501 1201 44 24 and
564 1200 68 24 cattle

55 1241 25 23 of
95 1241 47 23 that
153 1248 61 23 upon
225 1239 73 23 which
310 1246 32 16 we
351 1237 64 25 made
432 1244 41 16 our
489 1234 141 25 calculation.

56 1273 55 24 New
132 1273 73 24 South
227 1272 79 23 Wales
329 1279 59 23 may,
409 1268 121 28 therefore,
553 1271 79 26 export

54 1306 75 24 tallow
137 1305 107 32 annually
255 1310 22 18 to
290 1305 39 23 the
336 1308 90 20 amount
434 1302 27 24 of
469 1302 163 28 £1,000,000,

55 1339 42 24 and
110 1340 104 23 continue
226 1344 23 18 to
260 1339 102 23 increase
372 1337 39 23 her
422 1335 74 24 flocks
508 1334 45 24 and
565 1333 68 23 herds

56 1373 84 30 rapidly
153 1377 24 18 at
188 1372 37 23 the
237 1379 62 16 same
311 1371 61 23 lime.
408 1369 43 23 We
464 1375 37 16 are
510 1368 24 23 of
543 1367 90 31 opinion

56 1405 47 24 that
115 1406 38 22 the
165 1405 73 23 tallow
256 1409 52 19 sent
325 1404 58 22 from
407 1401 117 25 Australia
543 1400 45 22 will
606 1400 27 22 be

56 1438 68 23 found
145 1443 24 19 to
186 1437 60 31 yield
264 1444 16 16 a
292 1441 79 19 return
388 1435 58 24 from
466 1441 42 16 two
532 1438 22 18 to
572 1433 62 22 three

56 1471 63 23 times
129 1475 94 26 greater,
237 1469 53 24 than
304 1469 37 23 the
353 1472 92 20 amount
464 1466 91 28 derived
573 1466 59 23 from

55 1503 38 25 the
119 1508 79 27 export
227 1503 25 23 of
273 1502 65 28 wool,
357 1506 22 18 to
400 1500 73 23 which
502 1499 42 23 her
572 1498 61 23 colo-

55 1537 57 23 nists
124 1536 82 24 looked
223 1536 83 23 almost
320 1534 98 31 entirely-
423 1533 43 23 but
480 1541 14 15 a
503 1532 62 23 short
581 1532 53 22 time

57 1570 69 24 since.
159 1569 54 24 And
235 1569 50 23 that
301 1568 39 23 the
360 1567 106 31 shipping
485 1564 105 32 required
613 1569 22 18 to

58 1610 63 24 carry
132 1602 41 24 her
192 1602 74 24 tallow
284 1607 24 17 to
324 1600 92 31 Europe
435 1599 48 24 will
501 1602 93 20 amount
612 1602 23 19 to

58 1641 23 18 at
92 1636 56 24 least
160 1635 61 24 three
233 1636 68 23 times
318 1634 38 24 the
377 1638 97 26 tonnage
492 1630 103 32 required
613 1635 22 18 to

59 1676 83 23 convey
154 1668 38 24 the
204 1668 63 24 wool.
304 1667 47 23 She
359 1666 45 23 will
411 1663 161 33 consequently
579 1664 56 23 have

58 1702 50 23 four
128 1701 70 24 direct
218 1701 163 31 opportunities
400 1700 23 22 of
447 1697 190 30 communicating

59 1734 53 24 with
130 1734 100 31 Europe,
251 1738 22 18 to
294 1741 68 22 every
381 1739 42 16 one
441 1739 50 16 now
509 1729 126 33 possessed.

59 1768 43 23 We
112 1767 74 24 notice
197 1767 48 24 that
260 1767 38 23 the
310 1764 89 32 Sydney
411 1763 90 25 Herald
509 1770 72 18 warns
599 1762 37 24 the

59 1800 88 24 settlers
159 1801 89 30 against
258 1800 88 30 boiling
356 1798 63 23 down
431 1805 63 16 more
505 1797 55 23 than
579 1795 58 24 their

59 1833 89 32 surplus
167 1833 73 24 stock.
291 1831 52 25 The
360 1831 134 31 impression
512 1829 73 23 which
605 1836 32 16 we

59 1866 56 24 have
127 1866 101 24 received
238 1866 60 23 from
318 1865 38 24 the
372 1864 78 25 article
468 1864 24 23 in
511 1862 74 23 which
605 1869 32 16 we

59 1899 70 24 found
139 1899 46 24 this
196 1899 102 31 warning
308 1899 28 28 is,
345 1897 48 24 that
401 1897 39 23 the
447 1894 92 33 Sydney
546 1892 94 26 Herald

59 1932 66 25 looks
136 1940 61 23 upon
208 1932 86 30 boiling
303 1931 64 24 stock
376 1930 63 23 down
449 1937 25 16 as
482 1937 14 16 a
503 1933 134 26 temporary,

59 1965 45 26 and
114 1970 39 21 not
164 1973 14 16 a
186 1969 134 28 permanent
329 1970 111 18 measure.
477 1962 50 24 Our
542 1962 95 30 impres-

59 1999 49 22 sion
117 2006 52 22 may
179 1998 28 23 be
219 2005 120 15 erroneous
348 2005 7 20 ;
373 1997 40 21 but
421 1996 22 21 if
456 1999 47 23 not,
516 1995 20 23 it
545 2002 94 22 appears

61 2035 22 19 to
101 2038 27 16 us
147 2037 42 16 our
208 2029 155 32 cbtempprary
386 2028 19 23 is
426 2028 26 22 in
473 2034 68 18 error.
589 2026 50 24 The

60 2063 72 24 tallow
145 2063 62 23 trade
218 2063 25 23 of
258 2061 119 24 Australia
386 2065 62 19 must
459 2060 28 24 be
506 2063 133 27 permanent

61 2102 22 18 to
94 2096 28 23 be
132 2104 54 23 very
198 2095 117 24 beneficial
324 2103 6 20 ;
349 2094 44 24 and
404 2094 29 23 its
445 2098 93 26 present
555 2097 84 23 extent,

60 2129 106 31 probable
177 2134 47 18 rate
237 2129 25 23 of
276 2129 109 27 increase,
403 2127 44 23 and
459 2126 37 24 the
508 2129 61 28 steps
579 2130 22 19 to
613 2125 26 23 be

61 2162 67 24 taken
151 2167 23 18 to
196 2162 79 23 render
298 2162 20 23 it
336 2165 60 19 most
416 2158 119 25 beneficial
557 2163 23 19 to
603 2158 36 23 the

61 2196 86 31 colony,
171 2203 38 16 are
225 2194 31 23 all
274 2194 116 31 questions
408 2192 87 31 worthy
515 2197 23 18 to
549 2191 28 24 be
588 2199 52 23 pro-

61 2228 103 32 pounded
183 2229 29 29 by
235 2227 38 24 the
291 2225 90 32 Sydney
400 2224 99 30 Herald,
522 2224 38 24 the
583 2228 57 20 most

61 2261 130 30 practically
202 2260 73 24 useful
286 2267 70 24 paper
367 2259 24 23 in
402 2259 58 23 New
469 2258 74 23 South
554 2258 85 24 Wales.

94 2301 43 24 We
149 2306 60 18 want
219 2308 30 16 an
260 2305 81 26 export
358 2300 20 22 is
395 2299 38 23 the
451 2303 92 26 present
561 2305 39 23 cry
619 2298 23 23 of

63 2334 106 24 colonists
180 2334 25 23 of
219 2334 56 24 New
290 2332 100 25 Zealand
398 2341 7 20 ;
423 2338 41 25 yet
482 2331 31 24 all
534 2332 24 22 in
574 2331 63 23 these

61 2367 83 24 islands
157 2375 38 15 are
207 2366 112 24 confident
332 2366 48 24 that
391 2365 63 24 there
461 2373 38 15 are
508 2372 53 23 very
572 2372 68 23 many

62 2400 102 25 valuable
175 2400 88 24 articles
275 2400 26 23 of
316 2404 79 26 export
411 2399 24 23 in
455 2398 58 24 New
531 2397 108 24 Zealand.

63 2433 47 25 Bat
128 2433 56 26 their
202 2433 136 31 application
349 2440 94 23 appears
454 2435 23 20 to
487 2431 30 23 be
527 2431 41 23 felt
579 2435 23 18 to
614 2431 27 23 be

63 2475 14 15 a
87 2467 101 31 question
200 2466 26 23 of
240 2466 62 28 time,
315 2465 44 24 and
379 2464 129 31 something
527 2464 26 23 of
567 2464 73 23 which

63 2508 32 16 we
106 2507 51 24 may
168 2499 58 25 avail
235 2499 115 23 ourselves
358 2498 52 24 with
422 2498 130 23 confidence
560 2497 80 24 imme-

62 2532 81 32 diately
154 2533 20 23 is
183 2531 132 25 demanded.
354 2531 58 31 Why
424 2533 84 21 cannot
513 2529 58 24 New
580 2529 60 24 Zea-

63 2565 53 24 land
124 2564 47 25 boil
179 2565 63 23 down
251 2564 150 31 immediately
412 2563 47 24 and
471 2562 124 33 profitably
614 2571 26 15 as

63 2597 61 24 well'
130 2605 27 16 as
172 2597 58 24 New
247 2597 74 24 South
345 2596 102 25 Wales?
492 2597 58 22 New
567 2596 72 24 South

63 2632 78 23 Wales
149 2632 23 22 is
182 2630 139 31 abundantly
332 2630 102 31 supplied
445 2630 56 23 with
512 2629 69 31 sheep
597 2630 44 23 and

64 2664 73 28 cattle,
149 2663 44 24 and
206 2663 56 24 New
271 2663 101 24 Zealand
390 2664 19 22 is
426 2662 141 31 abundantly
585 2670 54 23 sup-

63 2696 59 34 plied
133 2697 53 23 with
196 2698 58 32 pigs.
301 2696 86 24 Tallow
408 2696 22 24 is
438 2695 72 25 worth
521 2695 58 24 from
588 2696 52 24 £42

64 2736 23 18 to
100 2730 53 25 £45
172 2730 24 23 in
214 2729 113 29 London;
351 2729 44 24 and
409 2730 54 30 pigs
482 2729 40 28 fat,
541 2736 24 16 or
577 2728 30 24 oil
616 2736 25 16 as

64 2763 110 32 imported
183 2767 24 19 to
218 2762 109 31 England
337 2762 59 24 from
405 2762 117 28 America,
533 2762 21 23 is
562 2761 80 24 valued

65 2801 24 19 at
98 2797 57 24 from
167 2797 52 24 £35
233 2800 22 19 to
266 2797 56 23 £40
329 2803 40 24 per
378 2800 48 19 tun.
432 2803 4 4 -
463 2794 51 24 The
521 2795 121 23 American

63 2830 51 31 pigs
125 2830 40 28 fat,
179 2837 25 16 or
216 2829 36 29 oil,
264 2830 21 23 is
297 2828 74 24 stated
382 2833 22 19 to
416 2828 59 23 have
491 2827 97 24 lowered
605 2828 37 23 the

64 2863 64 24 value
150 2863 26 24 of
196 2870 75 24 sperm
290 2861 31 25 oil
335 2863 25 23 in
379 2861 37 24 the
433 2860 88 25 United
532 2861 77 23 Stales
621 2866 21 18 to

66 2896 37 24 the
113 2901 78 18 extent
202 2896 25 23 of
240 2896 54 24 £25
305 2903 41 23 per
357 2899 40 19 tun
405 2903 7 21 ;
435 2894 45 24 and
494 2894 20 23 it
531 2894 21 23 is
570 2894 72 23 stated

66 2934 23 19 to
99 2929 28 23 be
135 2928 88 31 rapidly
240 2936 94 23 superce
336 2927 53 32 Jing
405 2927 39 24 the
463 2935 42 15 use
524 2927 26 23 of
569 2927 73 24 tallow

66 2961 42 24 and
110 2960 2 11 1
117 2969 75 24 sperm
202 2960 31 25 oil
243 2961 35 24 for
290 2961 38 23 the
343 2968 109 24 purposes
475 2960 25 23 of
515 2959 127 33 machinery

64 2995 24 24 in
100 2994 144 24 Manchester
256 2993 44 24 and
312 2993 62 24 other
395 2993 181 31 manufacturing
597 2993 45 24 dis-

65 3028 70 24 tricts.
171 3026 26 25 If
211 3026 38 25 the
266 3026 143 30 Americans,
426 3026 59 29 who,
506 3033 33 16 we
550 3026 92 30 believe,

65 3061 55 23 have
131 3066 23 18 to
165 3065 35 27 sty
210 3060 51 24 feed
270 3060 61 23 their
339 3060 52 31 .pigs
403 3060 86 31 'nearly
506 3060 37 22 six
553 3060 89 24 months

64 3099 40 18 out
114 3094 25 24 of
154 3101 65 23 every
237 3093 87 29 twelve,
341 3094 71 30 owing
430 3099 24 18 to
473 3093 39 23 the
530 3100 63 16 snow
613 3101 28 15 on

66 3127 37 24 the
113 3126 96 33 ground,
221 3134 41 16 can
273 3126 72 24 afford
363 3130 22 19 to
405 3131 92 19 convert
516 3125 62 25 them
595 3127 47 23 into

65 3159 32 24 fat
108 3167 25 16 or
144 3160 31 24 oil
185 3160 34 25 for
229 3164 88 27 export,
328 3159 75 31 surely
414 3167 33 16 we
461 3167 41 21 cap
511 3158 31 31 $o
554 3167 25 16 so
590 3159 52 24 with

65 3198 88 25 greater
175 3192 131 31 advantage,
329 3191 71 32 living
421 3193 33 23 as'
472 3199 32 16 we
526 3192 29 23 do
583 3192 24 24 in
630 3200 12 16 a

66 3231 92 25 country
167 3225 125 31 proverbial
304 3226 35 23 for
353 3227 31 22 its
402 3225 122 24 self-sown
542 3230 100 26 potatoes

66 3258 98 26 andself
176 3258 130 30 productive
317 3258 59 30 pigs.

98 3292 24 23 A
133 3291 140 32 comparison
291 3291 99 24 between
408 3291 69 32 sheep
489 3291 99 31 farming
599 3291 46 24 an?

65 3326 40 31 pig
114 3325 98 32 farming
222 3331 51 24 may
285 3324 28 23 be
333 3324 80 29 useful,
425 3332 34 16 we
470 3324 52 24 will-
534 3324 109 25 therefore

65 3358 105 24 make-it.
196 3357 33 24 -A
239 3364 45 16 ewe
306 3357 23 23 in
341 3357 56 24 New
416 3357 75 24 South
504 3357 83 30 Wale's,
599 3358 44 24 will

66 3391 58 30 yield
136 3398 41 16 one
195 3390 60 24 lamb
266 3397 42 24 per
318 3396 101 18 annum.*
444 3391 25 23 A
478 3390 59 31 good
543 3390 5 4 '
557 3399 45 15 sow
608 3385 6 7 '
621 3392 21 22 in

66 3424 56 24 New
133 3423 107 29 Zealand,
252 3423 50 24 will
317 3421 69 33 yield'
390 3425 29 22 2s
432 3424 52 30 pigs
500 3432 39 24 per
551 3432 90 16 annum.

66 3457 50 24 The
117 3461 5 6 1
127 3457 61 24 lamb
198 3456 46 25 will
260 3456 30 24 be
300 3456 28 24 fit
345 3457 23 22 to
378 3455 45 24 boil
435 3456 65 24 down
512 3461 23 20 at
554 3457 38 24 the
603 3465 39 17 ex-

65 3491 95 31 piration
172 3490 25 24 of
212 3489 64 26 three
291 3496 80 25 years;
393 3488 37 24 the
442 3491 32 23 25
492 3490 51 31 pigs
555 3490 44 25 will
615 3491 29 24 he

64 3524 26 23 fit
101 3522 80 25 tfrbdfl
192 3523 65 24 down
267 3528 25 19 at
304 3521 38 25 the
353 3522 125 32 expiration
491 3523 25 22 of
527 3524 46 23 'one
590 3531 54 23 year

65 3557 43 23 and
119 3564 55 23 on^.
177 3556 56 25 half.
251 3556 25 30 A,
280 3555 72 32 sheep
364 3553 45 34 s*itf
418 3555 74 31 weigh
502 3555 68 29 ab,out
574 3557 68 31 .sixty

65 3588 232 32 pound*j:,&ndi-yield
307 3591 34 24 28
351 3588 90 32 pounds
451 3588 27 24 of
492 3588 32 23 fat
534 3597 6 21 ;
553 3597 3 12 :
563 3588 37 25 the
611 3592 31 23 25

64 3623 51 30 pigs
125 3621 82 25 should
218 3623 53 23 each
280 3621 74 32 weigh
361 3623 50 25 .150
421 3621 91 32 pounds
522 3627 23 18 at
556 3621 39 25 the
602 3630 40 17 ex-

63 3656 97 31 piration
172 3655 25 24 of
212 3657 30 22 18
254 3655 99 29 months,
365 3655 55 26 and.
425 3655 56 24 each
499 3655 60 30 yield
576 3655 68 25 about

66 3691 46 24 125
124 3688 88 33 pounds
222 3688 25 24 of
254 3688 34 24 fat
296 3696 26 16 or
329 3689 40 31 pig
378 3688 37 24 oil.
452 3687 44 25 We
505 3695 91 17 assume
604 3689 37 24 the

64 3722 101 31 quantity
177 3722 25 23 of
210 3721 32 24 fat
253 3724 23 21 to
290 3721 29 24 be
330 3721 103 24 obtained
445 3721 58 24 from
520 3729 16 16 a
545 3722 41 30 pig
596 3722 26 23 of
630 3729 13 17 a

64 3756 67 30 given
141 3754 92 31 weight;
241 3754 43 24 but
303 3754 59 32 hope
372 3762 54 24 very
437 3762 57 16 soon
513 3759 23 19 to
555 3755 28 23 be
593 3754 52 25 able'

64 3794 23 17 to
98 3792 57 20 state
167 3787 38 24 the
215 3788 52 23 fact.
277 3808 2 7 ,
304 3787 50 24 Our
365 3788 141 31 assumption
513 3792 56 20 rests

63 3822 92 23 relative
173 3828 137 25 appearance
328 3821 25 23 of
368 3821 67 31 sheep
447 3821 54 27 .and
517 3822 71 31 pigs..
611 3822 30 24 In

63 3855 41 24 the
110 3854 84 27 former
211 3853 64 25 flesh,
287 3861 95 23 appears
397 3854 88 31 greatly
503 3859 22 19 to
543 3862 97 24 prepon-

62 3888 82 28 derate,
153 3887 68 25 while
233 3887 37 23 the
285 3887 68 23 latter
364 3895 94 24 appears
469 3888 83 31 nearly-
558 3888 30 24 all
594 3884 50 28 'fat/

63 3917 5 12 :
95 3921 25 24 A
131 3928 46 16 ewe
188 3918 72 33 yields
268 3928 31 15 an
307 3920 100 24 increase
416 3921 27 23 of
451 3928 42 16 one
499 3921 26 22 in
532 3920 37 25 the
578 3924 61 21 Same

62 3954 53 25 time
126 3952 50 26 that
185 3961 14 16 a
210 3960 46 18 sow
265 3952 74 34 yields
356 3961 29 17 an
401 3954 103 23 increase
515 3952 26 26 of
556 3957 87 28 twenty,

543 68 102 46 Ifet
659 65 121 44 Wrtto
806 57 208 48 mua&b
1039 50 192 54 &mitti
1236 54 11 24 l
1251 55 93 40 mn
1367 49 298 47 ggteWngton
1688 44 253 60 fowttator.

36 212 95 31 New
162 212 221 31 Zealand
415 212 221 31 Gazette

36 243 72 32 AND
132 243 240 32 WELLINGTON
396 243 240 32 SPECTATOR.

157 279 156 23 Wednesday.
330 276 56 22 May
402 275 31 25 15,
450 275 63 21 1844.

230 330 213 24 EXPORTS.

2444 103 8 13 h

1865 141 54 17 sons
1929 132 103 24 desirous
2043 129 26 25 of
2079 137 14 16 a
2103 129 86 30 dietary
2196 128 65 24 other
2269 128 55 24 than
2334 128 48 23 tbat
2392 137 54 23 pro-

1866 165 65 26 vided
1942 165 36 24 for
1990 172 12 16 a
2013 162 124 33 particular
2147 161 81 29 vessel,
2239 161 80 23 should
2331 161 51 24 take
2394 170 56 22 pas-

1865 206 55 24 sage
1930 199 25 23 in
1966 205 14 16 a
1991 196 74 25 vessel
2074 200 42 19 not
2136 194 87 31 subject
2241 198 23 19 to
2276 194 137 31 regulations
2425 199 28 20 to.

1867 231 73 24 which
1951 231 53 30 they
2016 236 37 17 are
2065 233 40 19 not
2115 227 86 31 willing
2211 231 23 19 to
2248 226 108 24 conform.

1901 264 98 24 Messrs.
2011 262 126 30 Ridgways
2156 265 58 18 state
2232 260 51 23 that
2302 258 36 24 the
2351 258 98 27 Theresa

1867 304 46 15 was
1924 300 41 19 not
1974 295 73 24 under
2066 297 148 28 engagement
2225 297 23 19 to
2260 292 94 31 proceed
2365 292 50 23 first
2425 297 23 19 to

1868 328 46 25 this
1924 333 60 26 port.
2020 328 50 24 The
2080 327 52 24 card
2142 325 117 25 furnished
2271 330 22 18 to
2304 324 39 23 the
2356 332 92 23 passen-

1868 369 59 23 gers,
1939 361 113 28 however,,
2069 366 71 18 states
2157 359 39 23 the
2214 358 98 23 Theresa
2331 362 23 18 to
2372 357 27 23 be
2411 358 37 24 the

1966 393 50 31 ship
2035 393 72 24 direct
2125 393 36 23 for
2180 391 148 30 Wellington,
2354 389 95 31 Nelson,

1869 427 45 23 and
1925 426 57 24 New
2166 424 59 24 This
2237 431 94 24 appears
2343 423 107 24 evidence

1870 460 25 23 of
1909 459 120 27 intention,
2041 459 45 22 and
2105 459 19 22 if
2140 459 37 22 the
2196 462 105 25 contrary
2311 463 59 17 were
2387 460 23 19 to
2422 457 29 23 ba

1870 493 38 23 the
1929 499 60 21 case,
2011 491 141 30 Wellington
2175 490 43 24 and
2248 490 57 23 New
2327 488 124 31 Plymouth

1870 525 82 24 should
1963 525 56 22 have
2031 523 101 31 changed
2145 523 75 32 places
2231 530 31 16 on
2273 523 37 23 the
2323 521 59 24 card.

1904 558 37 24 No
1954 557 141 31 comparison
2113 564 41 16 can
2174 555 28 24 be
2220 555 65 24 made
2300 555 101 23 between
2413 554 38 25 the

1871 598 100 24 expense
1982 590 25 23 of
2015 589 135 31 proceeding
2169 589 30 30 by
2211 593 72 18 steam
2295 587 85 25 vessels
2391 592 60 19 cost-

1870 626 41 29 ing
1929 625 111 22 immense
2060 630 63 16 sums
2142 622 24 23 of
2186 629 83 23 money
2286 626 23 18 to
2329 620 61 24 build
2409 621 44 24 and

1871 658 117 27 maintain,
2000 656 44 24 and
2056 663 29 16 an
2096 655 105 30 ordinary
2212 654 82 30 sailing
2312 653 81 24 vessel.
2430 653 23 24 It

1871 691 20 23 is
1902 699 14 14 a
1927 691 53 27 fact,
1994 689 48 24 that
2054 688 38 24 the
2110 688 79 31 longer
2209 687 39 24 the
2262 694 85 24 voyage
2358 693 30 24 up
2400 692 23 17 to
2441 696 13 15 a

1871 724 67 30 given
1949 723 71 31 point,
2032 721 38 25 the
2082 721 91 24 smaller
2184 720 38 24 the
2236 727 98 23 expense
2346 724 24 18 at
2381 720 74 23 which

1873 757 37 23 the
1928 755 74 24 vessel
2023 763 44 15 can
2084 754 29 24 be
2133 754 70 24 sailed
2213 762 7 20 ;
2244 753 65 23 while
2330 753 38 23 the
2385 752 71 25 direct

1872 794 106 25 contrary
2000 789 20 23 is
2043 788 39 24 the
2105 787 45 24 fact
2179 787 137 30 concerning
2342 794 15 15 a
2383 791 72 18 steam

1873 822 82 24 vessel.
1991 821 50 24 The
2053 829 68 16 cause
2140 820 24 24 of
2180 820 38 23 the
2230 823 100 20 contrast
2340 819 21 23 is
2371 818 85 32 having

1873 860 23 19 to
1909 862 64 23 carry
1987 854 67 24 coals.
2089 854 25 24 A
2126 858 70 20 steam
2208 853 61 29 boat,
2281 851 136 32 proceeding
2428 859 29 16 on

1874 896 14 15 a
1906 895 95 24 passage
2012 888 117 31 requiring
2147 894 42 16 one
2206 886 63 30 day's
2282 885 45 24 fuel
2339 885 60 31 only,
2412 885 45 24 will

1875 921 55 23 have
1943 920 77 31 nearly
2032 929 24 15 as
2068 921 68 23 much
2147 927 66 24 space
2229 925 24 17 to
2265 919 78 23 devote
2356 922 22 19 to
2390 925 67 23 cargo

1875 961 28 16 on
1919 953 85 32 freight
2023 961 25 15 as
2069 961 13 15 a
2099 953 83 30 sailing
2192 952 82 29 vessel,
2287 951 64 23 while
2363 959 14 15 a
2387 955 72 20 steam

1875 987 73 23 vessel
1958 986 84 31 having
2055 991 21 18 to
2088 985 97 32 perform
2198 993 13 15 a
2226 992 96 23 passage
2341 984 116 33 requiring

1875 1019 70 31 thirty
1958 1019 55 31 days
2028 1019 68 29 coals,
2111 1018 45 23 will
2166 1019 28 22 be
2212 1017 67 24 laden
2297 1017 76 30 nearly
2385 1017 20 23 if
2420 1022 39 18 not

1875 1052 83 31 wholly
1971 1052 54 24 with
2044 1060 67 23 cargo
2129 1052 40 22 she
2188 1051 51 28 will,
2252 1058 107 16 consume
2379 1057 29 16 on
2421 1050 37 24 the

1875 1094 105 23 passage,
1994 1085 42 24 and
2048 1084 161 32 consequently
2222 1084 46 23 will
2283 1084 56 23 have
2350 1083 42 23 but
2401 1083 58 24 little

1875 1120 21 22 if
1914 1127 43 22 any
1969 1127 62 16 room
2052 1120 35 22 for
2099 1126 66 23 cargo
2184 1126 28 15 on
2230 1117 92 31 freight.
2358 1116 23 25 A
2392 1116 67 24 fairer

1876 1153 141 29 comparison
2029 1153 19 22 is
2060 1152 104 23 between
2183 1150 135 32 proceeding
2330 1155 21 18 to
2364 1149 95 26 Quebec

1876 1186 24 22 in
1912 1194 13 14 a
1936 1186 82 30 sailing
2030 1186 82 27 vessel,
2124 1185 79 30 giving
2218 1184 56 23 such
2286 1191 13 16 a
2310 1183 94 31 dietary,
2417 1183 42 24 and

1877 1226 32 16 we
1921 1219 67 23 think
1999 1227 12 15 a
2023 1224 67 26 party
2102 1218 72 23 would
2183 1217 28 23 be
2222 1217 69 23 taken
2300 1216 48 24 that
2359 1216 100 23 distance

1877 1256 24 19 at
1921 1252 59 23 from
2002 1252 55 24 £10
2077 1257 21 17 to
2119 1252 61 26 £12,
2204 1250 45 23 and
2270 1250 29 22 be
2323 1248 136 32 abundantly

1878 1285 103 30 supplied
2002 1286 55 22 with
2076 1284 37 24 the
2130 1283 104 30 ordinary
2247 1283 51 23 food
2317 1287 42 27 put
2370 1290 62 23 upon
2448 1290 11 16 a

1879 1318 110 30 captain's
2001 1318 68 23 table.

1912 1355 43 23 We
1964 1356 58 30 hope
2035 1356 37 23 the
2082 1362 152 23 consequence
2248 1354 24 23 of
2282 1355 44 22 this
2334 1354 126 23 discussion

1879 1389 45 23 will
1936 1389 36 28 be,
1985 1389 48 23 that
2046 1389 37 23 the
2103 1389 104 30 question
2225 1388 25 22 of
2269 1388 112 22 sufficient
2397 1388 63 30 price

1880 1422 44 23 will
1945 1422 28 23 be
1994 1421 175 29 re-considered,
2182 1421 43 24 and
2246 1421 19 23 if
2283 1421 52 24 £35
2348 1421 28 22 be
2392 1421 69 23 found

1879 1461 40 18 not
1930 1455 121 29 sufficient,
2065 1455 47 23 that
2124 1455 37 23 the
2173 1459 47 19 rate
2232 1454 47 23 will
2288 1454 28 23 be
2330 1454 73 23 raised
2416 1459 22 18 to
2450 1462 12 16 a

1879 1490 64 30 point
1955 1496 118 24 necessary
2086 1494 21 17 to
2120 1488 81 31 supply
2213 1488 38 23 the
2262 1494 135 24 passengers
2408 1487 54 24 with

1879 1522 131 24 abundance
2023 1522 25 24 of
2056 1522 58 31 good
2124 1521 61 23 food.
2221 1520 25 24 It
2256 1522 20 22 is
2290 1521 86 23 useless
2387 1525 24 18 to
2423 1527 39 24 put

1881 1563 13 16 a
1905 1555 61 24 scale
1976 1556 25 22 of
2009 1555 122 31 quantities
2143 1555 46 22 into
2203 1553 37 24 the
2252 1554 71 23 hands
2336 1553 24 24 of
2370 1561 92 23 persons

1880 1588 84 31 utterly
1975 1589 105 30 ignorant
2097 1588 68 24 about
2184 1587 57 23 such
2256 1592 93 18 matters
2359 1596 7 19 ;
2385 1587 77 23 unless

1881 1621 38 24 the
1929 1622 86 31 parties
2034 1621 125 31 purposing
2169 1625 23 18 to
2213 1621 108 29 emigrate
2333 1620 73 23 would
2426 1624 36 26 try

1881 1655 55 23 such
1949 1663 13 15 a
1982 1654 86 31 dietary
2079 1654 61 23 scale
2159 1654 35 22 for
2206 1662 13 14 a
2237 1653 65 23 week
2314 1661 28 15 on
2361 1653 66 23 shore
2439 1662 23 14 as

1882 1688 53 30 they
1955 1696 39 15 are
2016 1693 22 18 to
2060 1687 58 23 have
2141 1695 28 16 on
2187 1687 78 28 board,
2284 1687 44 22 and
2349 1687 53 22 then
2427 1686 36 23 the

1882 1722 104 31 question
2008 1721 25 23 of
2059 1722 130 28 sufficiency
2213 1720 74 23 would
2315 1719 101 32 speedily
2437 1720 26 23 be

1882 1755 91 22 settled.
2009 1754 25 23 It
2045 1755 20 22 is
2077 1754 35 23 far
2129 1754 56 23 from
2208 1762 40 14 our
2265 1753 55 23 wish
2338 1758 22 18 to
2372 1760 91 16 censure

1882 1788 98 23 Messrs.
1994 1787 124 31 Ridgways
2140 1788 23 22 &
2182 1787 50 28 Co.,
2250 1787 33 23 for
2303 1794 31 15 we
2353 1786 43 24 feel
2417 1786 46 24 that

1883 1821 128 30 something
2034 1822 20 22 is
2072 1821 44 23 due
2138 1821 59 22 them
2215 1821 35 22 for
2271 1820 37 23 the
2328 1820 65 30 spirit
2411 1819 52 24 with

1883 1855 72 22 which
1969 1854 50 31 they
2032 1854 119 23 continued
2163 1859 22 18 to
2199 1854 55 23 send
2265 1853 94 29 vessels,
2372 1852 91 24 without

1883 1888 38 22 the
1933 1893 94 25 support
2038 1888 24 23 of
2069 1888 47 22 -the
2137 1887 133 30 emigration
2289 1886 63 29 fund,
2365 1894 25 15 or
2408 1893 55 17 even

1883 1927 153 17 countenance
2048 1921 24 23 of
2082 1921 37 23 the
2129 1920 56 23 New
2195 1919 101 24 Zealand
2306 1919 124 30 Company.

2011 1984 93 21 PORT
2126 1983 208 22 NICHOLSON.

1256 144 37 28 be,
1303 141 50 24 that
1359 140 38 23 the
1407 139 68 23 white
1485 145 55 16 man
1550 136 94 33 provide
1664 135 37 23 the
1717 135 68 28 grain
1803 135 34 23 for

1256 174 62 29 seed,
1329 173 45 24 and
1379 190 4 9 v
1385 173 37 23 the
1433 170 139 32 implements
1581 168 107 32 required
1743 174 94 24 prepare

1256 208 40 24 the
1314 205 42 25 soil
1364 214 16 20 ;-
1397 204 44 24 and
1461 204 49 23 that
1528 203 38 24 the
1590 201 99 33 produce
1708 199 28 25 be
1748 199 91 24 divided

1257 241 101 23 between
1369 238 38 23 the
1419 241 42 19 two
1472 237 93 30 parties.
1613 234 25 25 It
1654 239 94 26 appears
1759 240 14 16 a
1783 239 56 24 very

1257 272 94 25 feasible
1362 270 59 32 plan,
1435 269 42 24 and
1491 269 71 31 ought
1572 273 24 19 to
1607 268 28 23 be
1648 264 140 32 encouraged
1808 264 31 31 by

1258 306 31 24 all
1301 304 49 24 who
1360 304 56 22 have
1428 302 110 24 influence
1555 301 56 24 with
1623 300 39 24 the
1681 299 85 24 natives
1777 307 7 19 ;
1802 297 38 23 for

1258 340 20 23 it
1289 336 72 26 would
1372 336 54 23 both
1437 335 67 23 make
1515 335 61 23 them
1588 339 53 18 turn
1655 333 57 23 their
1729 330 112 25 attention

1260 378 22 17 to
1294 379 14 15 a
1319 368 80 31 higher
1409 367 66 25 order
1484 368 25 23 of
1523 366 132 28 cultivation
1672 365 43 26 and
1737 362 103 25 valuable

1259 403 73 25 fellow
1343 401 115 24 labourers
1471 406 22 18 to
1505 400 40 24 the
1559 399 99 24 settlers.
1704 398 25 25 It
1747 398 20 22 is
1778 395 63 32 plain

1260 437 49 23 that
1320 435 38 24 the
1370 434 74 23 native
1454 433 43 24 has
1508 437 39 19 not
1559 438 40 26 yet
1609 431 105 31 acquired
1724 430 77 23 habits
1818 427 26 25 of

1260 467 120 26 continued
1391 466 110 31 industry,
1514 473 41 19 nor
1564 473 43 15 can
1617 464 29 24 he
1657 464 28 23 be
1695 461 109 34 expected
1818 466 23 19 to

1260 502 76 30 forego
1348 500 37 26 his
1395 499 82 24 second
1491 503 78 20 nature
1589 502 24 19 at
1628 506 15 15 a
1660 500 106 25 moment,
1785 502 56 16 even

1261 533 86 32 though
1363 533 27 22 he
1402 532 28 23 be
1449 531 122 24 convinced
1589 531 49 23 that
1653 531 19 22 it
1689 528 73 25 would
1779 528 28 23 be
1819 532 23 19 to

1261 568 35 23 his
1308 566 124 29 advantage
1444 570 23 18 to
1477 565 29 23 do
1518 572 33 15 so.
1588 563 25 24 It
1623 564 19 22 is
1654 563 34 23 for
1700 569 40 16 our
1749 562 95 22 interest

1262 601 48 23 that
1321 600 45 22 this
1375 598 46 23 fact
1432 598 29 23 be
1472 597 58 31 kept
1538 598 26 22 in
1583 596 62 24 mind
1655 605 6 18 ;
1681 595 33 23 for
1731 594 56 24 then
1805 593 38 24 the

1263 633 85 24 useless
1369 635 95 27 attempt
1484 630 25 23 of
1535 629 166 30 endeavouring
1721 632 24 19 to
1756 631 39 27 get
1806 626 37 24 the

1263 665 77 25 Maori
1361 668 23 19 to
1401 663 64 24 work
1486 662 48 24 like
1556 670 14 15 a
1588 661 78 24 settler
1676 660 46 24 will
1732 660 29 23 be
1773 660 70 23 aban-

1263 697 80 26 doned.
1378 697 100 30 Bearing
1494 696 24 23 in
1535 694 64 24 mind
1621 693 38 25 the
1674 693 74 23 habits
1767 692 25 23 of
1806 692 38 23 the

1263 732 82 27 native,
1357 737 33 16 we
1408 728 66 25 think
1493 729 18 22 it
1528 727 45 24 will
1592 727 29 24 be
1635 726 70 24 found
1724 733 63 16 more
1804 725 40 23 ad-

1263 769 138 25 vantageous
1428 767 25 18 to
1480 768 126 23 encourage
1634 760 48 23 him
1709 764 22 18 to
1759 765 85 24 pursue

1264 796 137 32 agriculture
1413 795 54 24 than
1485 800 22 18 to
1528 794 93 24 become
1641 801 14 15 a
1671 791 65 25 stock
1752 791 91 31 keeper.

1264 830 50 24 The
1325 829 83 23 former
1418 828 108 24 demands
1538 834 77 16 severe
1627 826 78 24 labour
1717 829 23 19 at
1759 824 86 24 certain

1264 861 89 34 periods
1364 861 25 24 of
1404 861 38 23 the
1453 868 54 23 year
1519 869 6 20 ;
1544 860 39 23 the
1604 859 67 23 latter
1682 866 51 22 may
1752 862 40 19 not
1805 857 40 23 de-

1264 895 68 25 mand
1355 901 77 17 severe
1453 894 86 28 labour,
1562 892 42 24 but
1618 892 38 23 the
1675 890 53 24 task
1746 898 52 23 may
1818 890 28 23 be

1265 928 49 25 said
1324 934 68 17 never
1404 931 22 19 to
1435 927 29 23 be
1485 925 135 32 completed.
1667 924 49 23 The
1735 923 111 23 attention

1265 963 20 23 is
1296 960 124 24 demanded
1431 964 40 18 not
1480 960 53 30 only
1544 958 68 31 daily,
1625 958 42 23 but
1685 956 81 31 hourly
1776 965 6 20 ;
1802 955 45 24 and

1267 995 36 24 the
1314 993 90 32 pursuit
1415 993 20 22 is
1448 992 109 23 therefore
1571 991 58 24 unfit
1641 991 34 23 for
1686 989 36 25 the
1733 989 76 23 native
1821 996 25 16 so

1265 1028 54 30 long
1329 1034 26 16 as
1366 1026 36 23 his
1413 1029 92 28 present
1515 1025 76 23 habits
1602 1024 60 23 exist
1673 1024 23 23 in
1712 1030 45 23 any
1775 1022 70 23 force.

1266 1061 23 24 A
1300 1060 74 24 native
1386 1058 72 24 would
1470 1062 64 19 exert
1545 1057 94 24 himself
1647 1056 84 31 readily
1749 1060 24 18 to
1794 1062 52 25 pre-

1266 1101 53 25 pare
1332 1092 38 24 the
1381 1092 95 31 ground,
1489 1094 42 27 put
1540 1091 25 23 in
1576 1099 14 14 a
1601 1098 53 23 crop
1670 1090 25 23 of
1708 1089 74 32 grain,
1802 1087 44 25 and

1268 1128 40 22 hoe
1321 1125 38 24 the
1367 1125 88 31 ground
1472 1128 43 20 two
1533 1132 25 15 or
1576 1123 64 23 three
1654 1123 64 23 times
1726 1140 7 11 ,
1752 1122 96 23 because

1267 1160 28 24 he
1304 1158 73 24 would
1388 1158 66 23 know
1467 1157 48 24 that
1526 1157 85 30 having
1622 1156 124 30 completed
1757 1155 38 23 the
1803 1155 41 31 job

1268 1194 27 23 he
1305 1191 64 24 could
1381 1191 53 23 take
1445 1191 20 23 it
1475 1198 54 23 easy
1540 1189 57 24 until
1609 1189 91 23 harvest
1710 1189 62 27 time,
1783 1188 65 23 when

1268 1226 28 23 he
1308 1224 73 24 would
1392 1224 65 31 again
1465 1231 29 23 go
1501 1228 23 19 to
1534 1222 63 24 work
1605 1221 88 31 briskly
1700 1221 33 23 for
1742 1229 13 15 a
1763 1220 84 31 period.

1268 1259 47 24 But
1325 1257 102 31 walking
1438 1257 57 23 after
1507 1256 67 31 sheep
1587 1255 31 23 all
1629 1255 52 28 day,
1693 1262 24 15 or
1729 1254 120 30 collecting

1269 1299 57 17 cows
1338 1290 43 24 and
1394 1290 97 30 milking
1503 1290 62 23 them
1576 1289 65 24 twice
1657 1287 59 31 daily
1728 1294 67 23 every
1807 1287 42 29 day

1268 1327 22 22 in
1301 1325 38 23 the
1348 1323 63 24 week
1422 1323 31 24 all
1460 1323 39 23 the
1508 1330 54 23 year
1568 1321 80 30 round,
1656 1320 72 24 would
1736 1320 113 29 evidently

1268 1358 54 23 with
1333 1357 36 24 his
1380 1361 91 27 present
1481 1356 83 28 habits,
1576 1356 28 22 be
1616 1363 14 15 a
1646 1354 51 23 task
1709 1362 24 15 so
1750 1353 99 23 irksome

1269 1392 48 23 that
1328 1390 29 24 he
1368 1389 72 24 would
1452 1389 116 30 assuredly
1580 1388 103 24 abandon
1694 1388 24 27 it,
1732 1391 23 19 at
1771 1395 14 14 a
1795 1394 55 22 very

1269 1424 61 31 early
1341 1423 86 32 period.
1463 1422 44 24 We
1522 1422 44 23 feel
1587 1421 112 24 confident
1718 1421 49 22 that
1778 1419 19 23 if
1813 1419 38 23 the

1270 1458 73 23 native
1355 1456 115 24 character
1481 1455 27 23 be
1521 1455 52 31 duly
1586 1453 124 29 estimated,
1722 1453 40 23 the
1776 1453 75 23 native

1270 1490 128 32 population
1418 1497 52 23 may
1489 1489 27 23 be
1534 1487 110 25 rendered
1664 1494 24 17 as
1705 1486 103 23 valuable
1825 1493 26 16 as

1270 1524 71 24 fellow
1353 1522 121 32 producers
1492 1530 25 15 as
1536 1521 89 24 settlers
1636 1520 59 23 from
1707 1527 43 24 any
1768 1523 50 27 part
1828 1518 26 24 of

1270 1557 37 24 the
1319 1556 68 23 world
1396 1565 6 19 ;
1421 1555 44 24 and
1475 1556 19 22 it
1505 1562 51 24 may
1566 1555 28 22 be
1606 1562 14 15 w
1627 1555 33 22 ise
1672 1558 22 18 to
1706 1552 103 24 abandon
1821 1551 31 24 all

1272 1589 108 32 thoughts
1398 1589 25 23 of
1444 1588 95 31 making
1558 1595 84 23 money
1659 1586 31 31 by
1709 1586 99 23 sections
1828 1585 26 24 of

1270 1623 52 24 land
1333 1623 46 23 and
1390 1627 58 18 town
1460 1622 53 28 lots,
1526 1621 42 24 and
1582 1620 31 23 all
1623 1624 93 19 matters
1729 1618 122 24 connected

1272 1656 52 24 with
1344 1656 37 23 the
1400 1654 127 24 Wakefield
1538 1658 93 27 system,
1649 1652 44 24 and
1710 1652 49 31 rely
1771 1651 82 31 wholly

1270 1697 60 24 upon
1343 1689 37 23 the
1390 1696 117 15 resources
1519 1688 24 23 of
1557 1687 40 23 the
1609 1690 94 26 country
1713 1685 55 23 with
1779 1685 73 23 which

1272 1731 32 15 we
1315 1730 37 16 are
1364 1722 139 31 acquainted,
1512 1720 43 24 and
1564 1728 41 15 can
1613 1720 43 23 feel
1665 1727 49 22 may
1720 1718 28 24 be
1755 1718 98 30 brought

1272 1762 22 18 to
1306 1756 53 23 bear
1370 1760 23 19 at
1404 1763 13 15 a
1428 1762 53 24 very
1493 1753 66 24 small
1568 1753 73 30 outlay
1657 1753 25 23 of
1695 1751 90 32 capital.

1305 1789 51 23 The
1367 1788 42 23 low
1417 1788 62 31 price
1486 1787 73 23 which
1570 1786 41 23 has
1622 1785 113 32 prevailed
1744 1784 34 24 for
1788 1784 61 32 agri-

1272 1821 95 25 cultural
1378 1821 99 31 produce
1489 1821 23 22 in
1523 1819 125 29 Australia,
1661 1819 41 23 has
1713 1818 105 31 operated
1830 1818 23 22 in

1272 1864 14 15 a
1303 1854 157 31 discouraging
1475 1861 94 16 manner
1588 1852 61 24 here.
1686 1852 71 29 Many
1768 1850 86 25 believe

1273 1887 48 26 tßat
1341 1889 17 22 it
1369 1887 45 24 will
1432 1892 40 18 not
1489 1887 29 23 be
1536 1885 99 33 possible
1653 1890 22 19 to
1693 1889 80 26 export
1790 1885 65 30 grain

1272 1921 127 33 profitably,
1446 1920 35 24 To
1503 1920 45 23 this
1568 1918 71 24 belief
1656 1926 33 15 we
1709 1918 57 23 have
1787 1925 68 16 never

1273 1955 95 31 yielded.
1404 1953 50 24 The
1467 1961 66 16 cause
1544 1953 24 23 of
1587 1953 42 22 low
1641 1952 71 31 prices
1730 1951 20 23 is
1762 1950 93 24 evident

1274 1989 43 21 and
1500 1986 49 22 The
1560 1985 56 29 high
1626 1985 62 29 price
1696 1984 73 29 owing
1782 1989 22 16 to
1812 1984 43 22 bad

1274 2019 104 24 harvests
1399 2017 73 24 which
1494 2017 113 31 prevailed
1629 2016 35 23 for
1685 2016 64 30 grain
1772 2017 23 21 in
1818 2015 37 23 the

1275 2052 164 31 neighbouring
1450 2050 98 24 colonies
1568 2050 44 23 and
1632 2050 39 22 the
1691 2049 131 23 abundance
1833 2049 25 22 of

1275 2085 90 32 capital,
1376 2085 36 23 led
1424 2090 23 18 to
1459 2092 13 15 a
1482 2088 65 27 great
1555 2084 101 22 increase
1668 2082 25 23 of
1701 2082 137 30 agriculture
1848 2090 5 20 ;

1275 2120 40 23 but
1326 2120 18 21 it
1355 2118 45 23 will
1418 2118 27 23 be
1460 2117 70 23 found
1542 2116 50 23 that
1603 2124 13 15 a
1627 2120 62 26 great
1708 2120 51 26 part
1768 2115 24 22 of
1808 2115 48 22 that

1275 2153 99 22 increase
1388 2158 44 16 was
1444 2151 131 30 contingent
1587 2157 61 24 upon
1655 2156 52 23 very
1716 2148 55 31 high
1783 2148 73 30 prices

1274 2186 35 23 for
1320 2185 72 31 grain.
1428 2183 63 24 Such
1510 2183 56 23 have
1586 2182 81 31 passed
1678 2189 69 23 away,
1759 2181 45 23 and
1823 2188 33 16 we

1275 2219 75 30 firmly
1371 2217 86 24 believe
1480 2216 49 23 that
1550 2216 64 23 there
1636 2216 20 22 is
1682 2222 49 16 now
1754 2223 14 14 a
1790 2214 67 23 much

1276 2252 91 23 smaller
1375 2250 95 24 breadth
1481 2250 26 23 of
1514 2249 53 24 land
1578 2249 71 23 under
1657 2248 64 30 grain
1730 2247 55 24 than
1794 2248 63 23 there

1277 2293 44 16 was
1334 2293 13 15 a
1357 2292 54 23 year
1429 2291 25 15 or
1474 2288 52 23 two,
1537 2283 71 27 since,
1621 2281 119 32 especially
1758 2281 25 23 in
1801 2280 56 24 New

1277 2318 73 25 South
1364 2317 83 24 Wales.
1482 2317 52 22 The
1551 2315 43 24 low
1613 2316 70 30 price,
1696 2314 65 24 while
1779 2315 18 22 it
1816 2314 41 23 has

1277 2351 100 25 checked
1382 2350 144 32 agriculture,
1534 2348 41 24 has
1581 2348 115 24 increased
1701 2348 155 30 consumption

1277 2385 43 24 and
1333 2388 68 19 waste
1413 2382 151 30 enormously,
1574 2381 46 24 and
1630 2389 33 16 we
1675 2381 57 31 fully
1744 2385 80 26 expect
1835 2386 23 18 to

1277 2419 54 23 hear
1343 2418 48 23 that
1401 2417 38 23 the
1454 2416 72 24 belief
1540 2416 23 22 in
1585 2415 38 23 the
1642 2415 113 23 existence
1775 2414 26 23 of
1815 2414 40 23 im-

1277 2459 80 16 mense
1368 2450 78 24 stocks
1456 2449 26 24 of
1491 2449 64 31 grain
1567 2449 23 22 in
1601 2448 53 23 Van
1665 2447 118 24 Diernen's
1793 2447 65 23 Land

1278 2485 44 23 and
1332 2484 118 24 Australia
1460 2484 20 22 is
1493 2481 131 32 unjustified
1636 2481 30 31 by
1678 2481 36 23 the
1726 2481 54 23 fact.
1815 2480 44 23 We

1279 2518 53 23 hear
1343 2518 49 23 that
1402 2517 23 23 in
1438 2516 37 23 the
1488 2515 83 24 former
1590 2515 79 30 colony
1681 2514 36 23 the
1736 2520 67 24 crops
1814 2513 46 23 will

1279 2552 27 23 be
1325 2558 54 25 very
1396 2550 105 24 deficient
1519 2548 46 24 this
1582 2555 55 24 year
1648 2557 6 19 ;
1682 2548 19 23 if
1724 2546 46 25 this
1791 2554 69 24 prove

1279 2589 48 19 true
1340 2592 32 15 we
1383 2587 91 27 suspect
1485 2582 31 23 all
1534 2582 86 30 parties
1635 2581 46 23 will
1691 2581 27 23 be
1730 2579 131 25 astonished

1275 2623 26 18 at
1312 2618 39 23 the
1362 2618 61 30 price
1436 2621 23 19 to
1471 2615 73 24 which
1564 2615 65 30 grain
1641 2614 45 23 will
1701 2614 82 25 attain.
1816 2613 44 24 We

1279 2658 37 16 are
1334 2650 100 24 satisfied
1453 2649 50 24 that
1521 2648 38 24 the
1578 2655 96 24 average
1690 2647 62 31 price
1763 2647 25 24 of
1802 2647 59 23 flour

1279 2684 44 24 will
1334 2684 28 23 be
1373 2682 71 25 found
1455 2682 83 31 during
1559 2680 38 25 the
1609 2686 56 19 next
1682 2681 43 23 five
1743 2688 67 24 years
1822 2685 39 18 not

1279 2722 22 19 to
1313 2717 28 23 be
1350 2717 70 23 below
1430 2720 85 26 twenty
1525 2714 89 32 pounds
1623 2722 40 23 per
1675 2720 46 23 ton,
1733 2722 15 15 a
1758 2714 62 31 price
1831 2713 30 24 all

1279 2755 62 19 must
1351 2750 70 24 admit
1436 2749 50 23 that
1502 2748 46 24 will
1567 2748 75 31 amply
1661 2752 142 19 remunerate
1823 2746 38 24 the

1279 2783 176 31 agriculturalist
1473 2782 25 24 of
1512 2782 57 24 New
1581 2781 108 29 Zealand,
1701 2785 23 19 to
1745 2781 73 23 whom
1830 2788 31 15 we

1280 2825 40 23 say
1331 2816 94 32 proceed
1437 2816 54 23 with
1501 2814 129 25 confidence
1641 2814 48 23 that
1695 2821 46 24 you
1750 2814 47 24 will
1806 2814 55 24 have

1279 2851 57 29 good
1348 2849 101 24 markets
1460 2849 36 24 for
1507 2856 54 24 very
1571 2855 70 24 many
1651 2855 66 24 years
1729 2852 25 20 to
1766 2856 71 16 come.

1347 2924 116 24 CHEAP
1486 2924 106 24 CABIN
1610 2922 182 26 PASSAGES.

650 155 52 24 five.
736 153 52 24 The
806 152 102 23 increase
924 149 25 23 of
968 147 39 25 the
1025 154 45 17 sow
1088 146 20 23 is
1124 145 27 23 fit
1162 149 22 19 to
1201 144 29 23 be

651 186 71 25 killed
742 187 32 30 in,
785 187 29 22 18
821 182 106 25 -months
944 181 35 23 for
997 180 39 23 the
1054 186 62 17 same
1133 184 98 24 purpose

651 219 73 24 that'a
734 219 69 29 sheep
814 220 63 21 mfcst
893 215 27 23 be
928 213 57 32 kept
1002 215 16 22 3
1028 219 73 24 yean.
1136 210 58 23 This
1210 210 21 22 is

652 257 42 19 two
706 256 23 19 to
740 258 43 16 one
793 250 24 23 in
828 249 63 27 time,
899 248 26 23 in
931 246 81 24 favour
1021 245 25 23 of
1052 245 37 23 the
1099 243 47 31 pig,
1159 242 73 24 which

648 285 99 31 justifies
758 291 28 15 us
796 283 23 22 in
832 281 86 30 stating
927 279 48 24 that
985 279 40 30 pig
1035 276 106 30 breeding
1153 275 20 23 is
1181 275 51 31 fifty

652 322 22 18 to
687 324 42 16 one
739 323 63 16 more
818 314 168 30 advantageous
997 311 55 23 than
1071 308 69 31 sheep
1151 306 81 25 breed-

651 351 48 29 ing.
734 348 52 24 The
796 347 70 31 sheep
877 346 47 23 will
939 344 61 32 yield
1012 346 31 21 28
1055 341 88 32 pounds
1155 340 25 24 of
1188 340 42 29 fat,

652 374 154 39 and.ihelpig
823 381 47 23 125
889 377 92 33 .pounds
991 376 25 24 of
1033 375 47 28 fat;
1104 373 39 25 the
1162 373 40 32 pig
1212 374 20 22 is

652 420 61 21 more
721 414 59 24 than
789 413 53 30 fpnr
859 416 25 19 to
894 418 42 16 one
954 417 63 16 more
1028 407 129 32 productive
1179 406 53 23 than

653 448 38 23 the
711 447 77 31 sheep.
823 445 52 24 The
891 443 51 30 fifty
959 446 24 20 to
1000 449 42 16 one
1060 438 125 33 multiplied
1202 439 31 30 by

651 480 52 23 four
712 479 92 23 renders
816 478 38 23 the
865 477 41 31 pig
917 477 49 22 200
978 479 24 20 to
1013 481 42 16 one
1065 480 62 17 more
1139 472 93 31 profita-

652 513 38 23 ble
703 512 54 23 than
769 512 38 22 the
818 510 79 30 sheep.

685 545 26 24 A
720 546 40 29 pig
771 544 24 23 of
810 544 48 22 150
870 540 88 33 pounds
976 539 84 31 weight
1074 537 101 33 yielding
1186 539 46 22 125

652 577 89 32 pounds
753 577 25 23 of
787 576 31 24 fat
832 580 23 19 at
871 579 44 19 two
926 580 71 25 pence
1009 580 39 24 per
1065 570 85 33 pound,
1161 569 73 24 would

652 610 61 32 yield
724 609 78 31 nearly
812 609 48 24 £1.
896 607 52 24 One
959 605 101 30 farthing
1069 611 40 25 per
1119 603 78 31 pound
1208 610 26 16 or

654 650 42 17 two
709 642 88 32 pounds
814 649 41 23 per
872 645 48 24 ton,
932 638 73 25 would
1023 645 44 24 pay
1079 636 37 24 the
1136 643 99 24 expense

654 677 23 23 of
696 676 108 30 bringing
823 674 40 23 the
873 674 35 23 fat
917 673 59 23 from
995 671 38 24 the
1054 673 61 20 coast
1135 673 24 19 to
1180 668 56 26 Pqrt

654 709 134 24 Nicholson.
825 707 26 23 If
859 707 37 23 £1
910 705 66 24 could
994 704 29 24 be
1034 702 86 31 readily
1131 700 105 25 obtained

654 742 36 24 for
701 742 38 23 the
751 741 33 23 fat
793 740 25 23 of
825 739 58 24 such
893 739 52 31 pigs
952 745 31 16 on
993 737 38 23 the
1042 740 70 23 coast,
1118 735 19 23 it
1148 735 19 22 is
1174 734 62 31 plain

654 775 50 24 that
713 782 31 16 no
755 774 89 31 pursuit
853 772 72 24 would
936 772 28 22 be
976 777 26 16 so
1011 768 116 33 profitable
1138 767 26 23 in
1175 767 62 24 New

654 807 102 25 Zealand
773 814 25 16 as
816 807 41 30 pig
873 803 116 31 breeding.
1025 801 50 25 The
1091 800 90 24 natives
1199 807 37 16 are

654 840 103 24 satisfied
774 838 54 24 with
846 844 43 18 one
909 843 75 26 penny
995 843 41 24 per
1054 833 75 33 pound
1140 834 35 22 for
1192 832 45 23 live

655 875 59 30 pigs.
749 873 35 23 At
795 876 43 19 two
849 878 71 24 pence
931 869 101 30 farthing
1048 874 39 25 per
1097 866 77 31 pound
1185 866 51 30 pigs

655 907 33 23 fat
701 913 25 16 or
736 905 75 23 tallow
818 903 68 24 could
897 903 29 24 be
937 901 95 31 shipped
1043 905 23 18 at
1073 900 54 24 £18
1139 906 41 23 per
1188 903 47 18 ton.

655 939 36 24 As
705 946 31 15 we
749 938 57 23 have
817 935 92 32 already
920 934 80 28 stated,
1012 933 39 23 the
1068 935 93 28 present
1176 931 61 30 price

656 972 26 22 of
691 972 50 31 pigs
753 970 40 29 fat,
807 974 23 19 at
847 969 75 29 home,
935 968 20 23 is
966 967 59 23 from
1035 966 52 24 £35
1099 968 24 20 to
1134 965 53 24 £40
1199 971 39 24 per

656 1008 49 20 ton.
741 1002 84 31 Surely
835 1001 55 24 here
901 1002 21 22 is
941 1000 89 31 margin
1041 997 90 32 enough
1141 997 35 24 for
1195 1005 43 23 any

656 1045 111 23 expenses
779 1035 73 24 which
863 1041 52 24 may
926 1034 28 23 be
966 1031 113 33 supposed
1093 1035 24 19 to
1128 1031 60 22 arise
1197 1029 41 24 be-

657 1071 48 23 fore
716 1070 39 24 the
766 1068 78 25 article
861 1068 21 23 is
893 1066 107 33 disposed
1010 1065 25 23 of
1053 1065 24 23 in
1087 1062 115 32 England,
1214 1070 24 16 or

659 1111 46 23 any
716 1111 63 16 error
790 1109 32 16 we
833 1108 53 24 may
897 1101 56 22 have
971 1098 66 25 made
1055 1098 25 23 in
1089 1104 42 16 our
1141 1095 97 25 calcula-

646 1133 2 25 I
659 1137 70 21 tions.

694 1169 58 31 Pigs
763 1175 52 23 may
826 1167 29 24 be
866 1164 126 34 purchased
1004 1164 24 24 of
1038 1163 37 25 the
1085 1163 97 23 moaries
1193 1161 45 26 and

658 1201 48 24 also
717 1201 57 24 bred
785 1201 29 30 by
822 1200 39 24 the
870 1200 143 29 Europeans.
1048 1196 50 24 The
1105 1194 134 25 faulffound

659 1235 55 23 with
737 1234 39 24 the
793 1234 75 23 native
885 1233 47 31 pig,
944 1233 20 22 is
981 1231 50 23 that
1046 1230 19 22 it
1081 1229 20 23 is
1121 1234 38 18 too
1174 1227 65 25 hard.

659 1268 58 24 This
731 1267 118 31 might.be
860 1265 70 23 found
949 1272 15 15 a
974 1263 72 24 defect
1058 1261 71 24 which
1150 1268 52 22 may
1213 1261 28 23 be

660 1301 71 31 easily
745 1299 75 24 cured.
857 1299 56 29 Pigs
926 1297 24 24 of
960 1297 39 24 the
1016 1294 56 25 kind
1082 1294 77 24 before
1172 1294 70 23 killed

660 1334 74 31 might
750 1334 31 22 be
800 1332 39 24 fed
857 1332 36 23 for
915 1335 43 19 two
978 1328 92 25 months
1089 1334 60 24 upon
1169 1327 73 23 boiled

659 1372 112 26 potatoes.
806 1365 59 24 This
877 1363 71 25 would
967 1363 29 23 be
1007 1360 69 25 found
1093 1365 24 18 to
1134 1360 56 23 alter
1203 1360 37 23 the

660 1400 116 23 condition
786 1403 59 19 most
862 1395 125 31 materially
996 1404 6 20 ;
1023 1395 43 22 and
1078 1393 37 24 the
1131 1398 109 26 potatoes,

661 1434 25 22 in
698 1433 38 23 the
755 1436 96 26 country
861 1430 98 24 districts
980 1428 73 31 might
1068 1427 27 23 be
1115 1426 127 31 purchased

661 1466 59 23 from
744 1465 38 24 the
802 1465 87 23 natives
908 1468 23 17 at
953 1466 39 19 ten
1011 1460 104 29 shillings
1135 1467 40 23 per
1194 1464 46 19 ton.

661 1498 96 24 Besides
768 1499 51 30 pigs
828 1497 38 23 fed
872 1497 25 23 in
909 1504 14 15 a
933 1501 93 18 manner
1033 1493 72 23 which
1116 1492 126 24 heretofore

661 1531 110 24 rendered
783 1530 61 24 them
851 1529 112 24 valueless
970 1526 81 25 should
1062 1533 49 16 now
1118 1525 29 24 be
1158 1525 83 24 looked

660 1572 64 23 upon
745 1572 26 16 as
789 1563 38 24 the
847 1567 61 19 most
924 1560 126 33 profitable.
1093 1558 59 31 Pigs
1171 1558 72 24 which

661 1597 58 24 have
731 1597 56 23 been
799 1596 68 23 about
877 1595 99 30 whaling
987 1593 93 24 stations
1087 1592 45 24 and
1145 1591 55 24 have
1206 1591 37 24 fed

662 1638 62 23 upon
740 1629 102 27 blubber,
854 1629 58 23 have
931 1628 59 23 been
1007 1626 86 23 useless
1110 1633 25 15 as
1146 1624 52 24 food
1208 1624 35 23 for

663 1671 52 16 man
727 1672 5 20 ;
754 1663 36 23 for
800 1662 89 30 boiling
905 1661 64 23 down
990 1659 53 30 they
1054 1666 51 23 may
1115 1665 69 24 prove
1206 1658 37 23 the

663 1702 60 18 most
738 1695 128 32 profitable.
902 1694 24 24 It
945 1701 52 22 may
1007 1699 50 16 now
1074 1691 27 24 be
1115 1690 128 24 considered

663 1729 119 31 profitable
802 1733 23 19 to
845 1727 51 24 feed
915 1735 26 16 as
962 1733 68 23 many
1049 1725 51 31 pigs
1118 1723 69 25 about
1206 1723 37 24 the

664 1763 100 30 whaling
781 1762 94 22 stations
887 1769 25 15 as
930 1758 107 33 possible,
1048 1757 42 24 and
1101 1762 23 19 to
1136 1757 60 24 close
1207 1756 36 25 the

663 1796 99 30 whaling
773 1802 81 16 season
875 1795 30 29 by
915 1793 89 30 boiling
1020 1791 60 24 them
1091 1790 65 24 down
1172 1791 23 23 in
1207 1790 36 24 the

666 1836 63 16 same
739 1833 52 27 pots
802 1836 25 16 as
840 1827 65 23 those
921 1827 24 23 in
957 1824 73 25 which
1046 1824 36 23 the
1094 1823 84 24 whales
1188 1823 55 24 have

665 1862 56 22 been
734 1861 57 23 tried
802 1865 47 19 out.

699 1894 44 24 We
762 1894 67 23 know
840 1897 41 20 not
900 1892 38 24 the
949 1891 104 32 quantity
1063 1890 24 24 of
1104 1890 53 31 pigs
1174 1889 71 24 which

665 1928 74 30 might
749 1927 30 24 be
788 1927 76 24 boiled
875 1926 64 24 down
947 1925 95 23 without
1053 1923 144 30 diminishing
1208 1923 37 23 the

665 1962 102 22 increase
779 1960 25 24 of
812 1961 60 30 pigs.
909 1958 25 24 If
943 1958 51 30 fifty
1003 1956 107 32 thousand
1122 1957 51 30 pigs
1181 1955 63 24 could

666 1994 28 22 be
715 2002 25 14 so
753 1993 106 30 disposed
870 1992 28 22 of
912 1990 113 29 annually;
1038 1997 30 16 we
1084 1989 74 28 might
1167 1988 54 22 with
1233 1997 13 12 a

666 2025 87 31 trifling
765 2024 136 33 application
913 2023 25 24 of
946 2023 82 30 capital
1040 2021 58 24 send'
1105 2025 22 19 to
1140 2019 106 31 England

666 2059 33 23 fat
711 2059 48 23 that
770 2057 73 25 would
854 2057 61 31 yield
927 2064 13 16 a
948 2061 78 18 return
1037 2060 22 18 to
1070 2049 57 30 Kew
1138 2053 107 29 Zealand,

667 2092 25 23 of
703 2099 61 16 some
783 2090 148 30 seventy-five
943 2085 109 26 thousand
1069 2087 97 31 pounds.
1200 2086 46 24 Be-

668 2125 61 23 sides
749 2125 38 23 the
799 2124 40 28 fat,
853 2124 38 22 the
910 2122 99 28 bristles,
1021 2120 70 28 skins,
1103 2120 45 23 and
1169 2120 76 28 bones,

667 2158 74 30 might
760 2158 28 23 be
807 2155 117 33 exported.
959 2154 41 25 All
1019 2154 65 23 know
1094 2153 39 23 the
1145 2153 63 23 value
1225 2153 24 22 of

667 2190 92 24 bristles
776 2190 111 31 imported
898 2190 57 22 from
967 2187 93 29 Russia,
1072 2186 43 24 and
1132 2186 49 24 that
1197 2186 50 30 pigs

667 2224 86 23 leather
762 2224 86 23 fetches
859 2230 14 15 a
884 2229 55 23 very
948 2221 56 30 high
1011 2221 62 31 price,
1081 2219 35 24 for
1127 2218 39 24 the
1175 2226 41 16 use
1226 2218 24 23 of

668 2256 110 24 saddlers.
812 2256 53 24 The
874 2255 71 23 bones
955 2255 68 29 being
1034 2261 52 23 very
1095 2252 67 24 small
1173 2251 74 24 would

667 2290 34 23 fill
712 2298 31 22 up
754 2290 39 23 the
804 2289 88 24 broken
903 2292 97 26 stowage
1012 2287 24 23 of
1050 2285 39 25 the
1108 2285 85 23 vessels
1205 2284 43 24 and

668 2323 73 23 would
753 2331 29 22 go
793 2322 67 24 home
877 2325 24 20 at
912 2329 14 15 a
936 2328 53 23 very
1001 2318 167 32 smallfreight,
1180 2317 66 24 while

669 2356 53 30 they
734 2364 38 15 are
783 2364 54 22 very
850 2354 102 24 valuable
964 2361 24 16 as
1000 2360 100 16 manure.

702 2389 51 24 The
764 2390 51 31 pigs
825 2388 81 24 should
918 2388 27 23 be
956 2386 74 24 boiled
1037 2385 63 26 down
1108 2393 29 16 on
1147 2384 29 24 all
1185 2388 62 27 parts

668 2422 26 24 of
713 2422 39 24 the
774 2426 77 24 coast;
872 2420 45 24 and
936 2419 85 32 boiling
1046 2419 64 23 down
1129 2417 120 24 establish-

668 2460 75 20 ments
755 2454 80 25 should
849 2461 69 25 prove
929 2461 29 16 an
969 2452 37 25 aid
1017 2452 44 24 and
1071 2455 95 27 support
1177 2456 22 18 to
1211 2450 38 24 the

668 2489 134 31 missionary
821 2484 191 28 establishments.
1047 2485 49 24 The
1117 2492 43 16 one
1177 2484 72 23 would

666 2522 95 32 provide
772 2521 52 24 food
835 2519 45 26 and
891 2520 101 30 clothing
1003 2518 35 24 for
1050 2518 36 24 the
1104 2517 68 31 body,
1184 2517 66 23 while

668 2556 39 23 the
719 2555 64 24 other
802 2553 109 33 provided
922 2553 36 23 for
978 2552 37 24 the
1032 2551 69 25 mind.
1136 2551 44 24 We
1198 2557 51 24 may

668 2589 58 23 have
736 2593 24 19 to
772 2596 39 22 say
824 2587 69 24 much
905 2593 61 18 more
978 2593 29 16 on
1020 2585 37 24 the
1068 2584 96 31 subject,
1176 2583 40 24 but
1227 2584 23 21 in

668 2622 39 23 the
717 2621 122 24 meantime
851 2628 33 16 we
895 2618 73 28 would
976 2623 58 19 state
1043 2620 37 29 try
1086 2616 97 24 whether
1194 2616 56 23 boil-

668 2654 41 32 ing
721 2654 64 24 dovn
793 2652 56 32 pigs
858 2652 50 24 will
917 2654 40 21 not
973 2650 94 32 provide
1081 2658 29 15 an
1126 2648 125 25 immediate

667 2687 83 25 article
760 2686 29 31 of
802 2689 88 28 export,
902 2684 73 25 which
985 2684 49 24 will
1047 2691 46 24 pay
1104 2682 48 33 for
1163 2682 33 24 all
1211 2681 36 25 the

668 2719 94 25 articles
771 2727 32 16 we
812 2718 56 24 need
879 2720 26 21 at
911 2720 95 29 present
1013 2717 90 31 import.

701 2752 45 24 We
757 2752 74 24 would
842 2752 71 23 invite
924 2751 38 24 the
973 2750 110 24 attention
1094 2750 25 23 of
1134 2749 39 23 the
1183 2748 65 24 Lon-

670 2786 45 24 don
727 2786 58 24 New
801 2785 102 24 Zealand
913 2784 145 25 Association
1076 2787 23 19 to
1111 2782 45 24 this
1167 2783 83 30 impor-

670 2823 50 20 tant
739 2818 98 33 subject,
861 2818 45 24 and
927 2821 95 27 suggest
1042 2816 38 24 the
1096 2815 121 32 propriety-
1230 2814 23 24 of

670 2853 60 23 their
741 2853 125 29 obtaining,
879 2851 59 24 from
947 2851 116 28 America,
1070 2849 37 24 the
1117 2848 134 32 particulars

670 2886 26 24 of
705 2886 37 23 the
755 2885 63 23 mode
826 2886 24 22 in
859 2884 72 24 which
942 2884 40 31 pig
989 2883 31 24 oil
1027 2884 20 23 is
1058 2882 109 33 prepared
1180 2880 70 30 there,

670 2919 50 26 and,
731 2918 155 30 transmitting
906 2917 37 24 the
955 2924 63 17 same
1037 2920 24 19 to
1072 2915 45 24 this
1134 2914 80 32 colony
1226 2922 25 16 so

670 2960 56 16 soon
737 2959 25 16 as
774 2950 108 31 possible.

830 3002 262 25 AGRICULTURE.

1917 2038 51 23 The
1997 2038 84 31 barque
2110 2037 68 29 Tvne,
2203 2037 144 23 commanded
2374 2037 30 30 by
2428 2037 36 24 the

1884 2072 87 23 sincere
2004 2072 44 22 and
2084 2070 76 31 highly
2195 2070 113 24 esteemed
2343 2070 74 24 friend
2444 2071 24 22 of

1885 2106 37 22 the
1959 2104 136 28 settlement,
2125 2104 96 30 Captain
2250 2103 137 29 Robertson,
2422 2103 45 24 will

1884 2138 43 23 sail
1945 2138 24 22 in
2000 2143 42 17 two
2076 2145 25 15 or
2128 2137 62 23 three
2211 2137 56 30 days
2291 2137 35 23 for
2356 2136 106 24 London.

1886 2171 50 24 The
1948 2171 89 23 settlers
2048 2179 38 14 are
2099 2171 104 22 indebted
2215 2175 22 18 to
2257 2170 95 30 Captain
2365 2169 98 24 Robert-

1885 2212 41 16 son
1938 2204 35 23 for
1983 2204 112 30 affording
2107 2204 60 23 them
2187 2204 56 23 such
2263 2211 28 15 an
2303 2203 110 23 excellent
2424 2211 39 24 op-

1886 2238 115 31 portunity
2011 2237 25 24 of
2046 2238 189 29 communicating
2248 2237 52 23 with
2309 2237 56 23 their
2373 2237 90 23 friends.

1886 2271 50 24 The
1949 2271 50 31 brig
2012 2270 106 29 Gannett,
2130 2278 33 15 we
2176 2270 93 29 believe,
2282 2278 50 23 may
2344 2270 27 23 be
2382 2277 81 24 expec-

1886 2304 36 24 ted
1935 2304 54 23 here
1999 2304 24 23 in
2035 2304 68 23 about
2122 2311 14 16 a
2154 2303 87 29 month,
2255 2306 57 21 from
2332 2303 133 28 Newcastle,

1886 2338 57 24 New
1955 2338 75 23 South
2041 2337 78 23 Wales
2153 2337 44 23 and
2209 2344 32 16 we
2255 2337 57 31 hope
2328 2337 49 23 that
2387 2336 30 31 by
2430 2337 35 23 the

1886 2371 43 24 end
1942 2371 25 24 of
1981 2371 61 31 July,
2055 2379 14 15 a
2080 2371 72 23 vessel
2173 2370 53 23 with
2238 2379 13 14 a
2263 2378 66 22 cargo
2341 2370 25 23 of
2381 2370 31 23 oil
2423 2370 43 23 will

1886 2404 28 24 be
1930 2404 68 32 ready
2019 2409 22 18 to
2061 2404 96 31 proceed
2179 2408 23 19 to
2224 2403 107 32 England
2349 2403 58 24 from
2423 2403 44 23 this

1887 2443 58 26 port.
1990 2438 42 23 We
2052 2437 56 24 ha7e
2131 2437 110 24 therefore
2265 2437 37 23 the
2322 2442 104 26 prospect
2446 2437 22 22 of

1887 2471 149 30 maintaining
2048 2478 14 16 a
2074 2478 52 23 very
2133 2470 59 31 good
2200 2470 70 24 direct
2282 2470 184 24 communication

1888 2504 52 23 with
1953 2504 107 30 England
2072 2504 137 30 throughout
2222 2505 37 22 the
2271 2512 61 22 year.

1921 2541 45 24 We
1978 2542 55 23 have
2044 2550 29 15 no
2086 2542 120 30 particular
2226 2543 144 22 information
2386 2546 22 19 to
2420 2542 47 23 fur-

1889 2576 52 23 nish
1960 2576 37 23 the
2015 2576 85 23 friends
2119 2576 25 23 of
2169 2575 39 24 the
2228 2575 130 24 settlement
2373 2576 54 23 with
2447 2581 21 18 at

1889 2609 74 29 home,
1976 2616 29 16 on
2026 2609 37 23 the
2084 2618 12 21 j.
2100 2614 75 18 resent
2197 2609 112 23 occasion.
2354 2609 114 23 Accounts

1889 2642 57 24 have
1957 2642 58 24 been
2026 2642 102 24 received
2140 2643 57 23 from
2209 2642 47 24 Mr.
2267 2642 78 31 Spain,
2354 2647 22 18 at
2388 2642 80 23 Mana-

1890 2682 67 17 watu.
1996 2676 38 23 He
2052 2683 45 16 was
2116 2675 52 24 then
2187 2676 24 23 in
2230 2684 111 23 company
2353 2675 53 23 with
2419 2675 47 24 Col.

1890 2709 129 24 Wakeneld
2041 2710 69 23 about
2125 2714 22 18 to
2164 2709 98 31 proceed
2283 2714 22 18 to
2333 2708 133 32 Wanganui.

1891 2743 51 23 The
1961 2747 57 19 state
2037 2743 26 23 of
2086 2743 38 23 the
2143 2743 54 23 land
2216 2743 105 31 question
2340 2750 33 16 we
2391 2747 77 19 cannot

1890 2776 98 30 furnish,
2008 2776 41 23 but
2069 2784 34 15 we
2120 2776 85 23 believe
2223 2784 33 15 we
2277 2783 38 16 are
2329 2775 101 32 justified
2448 2776 20 22 in

1891 2811 85 30 stating
1987 2811 15 22 it
2014 2810 20 23 is
2046 2809 109 31 tolerably
2166 2809 151 31 satisfactory.
2352 2808 66 24 Each
2429 2809 39 30 day

1892 2844 118 23 convinces
2023 2843 38 23 the
2072 2842 89 24 settlers
2173 2842 49 23 that
2241 2850 32 15 we
2285 2843 55 23 have
2352 2849 116 17 numerous

1892 2884 123 21 resources,
2036 2876 45 23 and
2102 2875 47 24 that
2170 2875 38 23 the
2229 2880 59 19 state
2311 2875 25 24 of
2361 2875 36 24 the
2419 2875 49 25 land

1891 2911 106 30 question
2017 2909 45 24 and
2083 2908 37 25 the
2138 2908 123 31 deficiency
2284 2909 25 23 of
2332 2908 83 31 capital
2436 2915 32 17 are

1891 2950 41 16 our
1943 2944 61 22 main
2016 2941 140 25 drawbacks.
2192 2941 51 25 The
2263 2942 89 24 settlers
2365 2950 36 16 are
2414 2946 54 19 most

1891 2977 96 23 anxious
1999 2976 49 24 that
2065 2974 59 25 their
2136 2974 85 25 friends
2230 2976 26 23 in
2274 2975 106 32 England
2392 2974 76 25 should

1890 3015 40 18 not
1941 3010 28 23 be
1981 3009 37 24 led
2028 3009 31 31 by
2070 3009 39 24 the
2121 3008 133 32 complaints
2270 3009 64 24 made
2345 3009 123 33 respecting

1891 3044 38 23 the
1940 3043 85 24 defects
2037 3044 24 22 in
2073 3042 38 24 the
2129 3042 138 31 Company's
2287 3042 74 32 plans,
2379 3042 44 25 and
2434 3042 34 23 the

1891 3081 158 27 management
2067 3076 26 24 of
2111 3075 58 25 their
2186 3076 86 29 affairs,
2284 3081 23 19 to
2328 3075 84 27 believe
2424 3075 44 23 that

1891 3110 53 31 they
1955 3118 39 16 are
2004 3109 158 32 disappointed
2182 3110 24 22 in
2217 3109 57 24 New
2286 3109 107 24 Zealand.
2429 3107 39 24 We

1890 3143 86 24 believe
1997 3143 48 23 that
2065 3142 38 24 the
2123 3142 89 24 settlers
2231 3142 117 32 generally
2366 3150 37 16 are
2422 3140 46 25 well

1890 3176 102 24 satisfied
2003 3176 53 24 with
2076 3176 38 24 the
2126 3175 89 24 climate
2234 3176 47 23 and
2299 3175 138 32 capabilities
2447 3174 20 23 of

1890 3210 57 24 New
1955 3210 108 29 Zealand,
2076 3209 43 25 and
2130 3209 45 25 feel
2185 3209 49 25 that
2244 3209 21 24 if
2271 3209 38 24 the
2319 3209 148 24 Government

1889 3243 45 24 and
1955 3244 119 31 Company
2085 3248 23 19 at
2119 3243 66 24 home
2197 3242 75 25 would
2283 3242 52 32 only
2346 3242 69 25 foster
2427 3240 40 24 this

1889 3284 79 24 young
1985 3277 80 31 colony
2076 3277 35 23 for
2131 3284 13 16 a
2166 3276 64 24 short
2247 3276 86 32 period,
2354 3275 29 25 all
2399 3273 67 25 would

1889 3310 57 24 have
1958 3318 81 16 reason
2049 3315 23 19 to
2092 3310 29 24 be
2140 3309 48 25 well
2208 3309 92 32 pleased
2317 3308 59 28 with,
2388 3308 77 28 having

1889 3343 99 24 selected
2006 3344 47 24 this
2069 3351 26 16 as
2111 3343 38 24 the
2166 3343 43 24 site
2227 3343 25 23 of
2267 3343 58 23 their
2336 3342 128 32 operations.

1889 3376 44 25 We
1944 3385 39 16 are
1994 3378 54 30 glan
2059 3382 23 19 to
2093 3377 55 28 find,
2165 3376 35 31 by.
2208 3376 38 24 the
2261 3376 131 24 November
2403 3381 61 18 num-

1889 3410 53 24 bers
1954 3411 25 24 of
1989 3411 37 24 the
2036 3410 60 24 New
2114 3409 104 25 Zealand
2232 3408 106 30 Journal,
2350 3409 39 23 the
2400 3407 65 25 editor

1890 3444 26 23 of
1929 3445 51 23 that
1999 3452 70 24 paper
2087 3442 113 31 evidently
2215 3442 57 24 feels
2292 3442 49 23 that
2358 3442 38 23 the
2413 3440 50 25 New

1889 3477 103 25 Zealand
2014 3478 118 30 Company
2148 3483 39 16 are
2208 3483 31 16 as.
2250 3475 73 32 likely
2341 3481 23 18 to
2380 3475 83 23 become

1889 3511 88 24 useless
1999 3511 44 23 and
2067 3510 111 31 apathetic
2200 3516 25 16 as
2248 3516 45 24 any
2316 3508 147 25 Government

1890 3552 52 16 ever
1954 3552 53 21 was,
2020 3544 21 23 if
2057 3547 41 20 not
2116 3541 70 32 urged
2199 3549 29 17 on
2244 3542 31 31 by
2286 3541 38 25 the
2335 3540 99 26 remarks
2444 3537 21 25 of

1889 3578 39 24 the
1934 3578 77 31 public
2021 3583 73 25 press.
2129 3576 51 23 Our
2189 3581 170 26 contemporary
2366 3578 96 20 censures

1890 3611 78 24 Lieut.
1980 3610 75 24 Wood
2065 3609 36 24 for
2120 3608 143 32 begrudging
2280 3608 91 24 Colonel
2382 3606 80 24 Wake-

1889 3644 53 24 field
1960 3644 36 23 his
2015 3642 82 32 salary,
2109 3643 85 30 stating
2212 3642 50 23 that
2280 3642 37 24 the
2336 3641 100 24 labourer
2445 3638 17 22 is

1889 3677 87 31 worthy
1988 3677 24 23 of
2030 3676 36 23 his
2084 3676 57 24 hire.
2177 3676 43 23 We
2231 3675 58 24 have
2300 3683 28 16 no
2340 3674 67 24 doubt
2419 3671 44 26 Mr..

1891 3710 72 24 Wood
1983 3711 19 22 is
2023 3709 70 31 ready
2110 3714 23 18 to
2154 3708 70 25 admit
2244 3708 39 25 the
2301 3715 69 22 same,
2382 3708 38 22 but
2438 3704 25 24 he

1888 3744 29 29 is,
1938 3743 45 25 and
2008 3743 106 23 nineteen
2123 3756 12 5 -
2144 3742 128 24 twentieths
2292 3742 25 24 of
2338 3741 63 24 those
2418 3737 44 24 who

1889 3777 73 24 reside
1973 3777 24 23 in
2009 3776 39 24 the
2060 3776 137 32 Company's
2213 3775 139 25 settlements
2364 3781 36 16 are
2417 3778 45 25 pre-

1888 3809 70 33 pared
1970 3814 23 20 to
2004 3809 63 24 show
2084 3809 50 24 that
2145 3809 37 25 the
2194 3809 80 32 saying
2290 3809 20 23 is
2321 3812 39 20 not
2370 3805 91 33 applica-

1889 3843 36 24 ble
1937 3843 65 24 when
2013 3842 66 25 made
2091 3843 24 24 in
2133 3843 96 24 relation
2240 3847 23 18 to
2277 3841 39 24 the
2334 3836 127 33 Company's

1888 3877 87 31 Agent.
2023 3876 53 24 One
2100 3875 43 25 and
2165 3875 31 25 all
2223 3874 113 32 begrudge
2359 3873 46 24 him
2431 3869 31 23 his

1889 3911 84 31 salary,
1984 3910 97 28 because
2091 3910 52 31 they
2148 3909 82 24 feel-he
2243 3908 41 23 has
2295 3908 57 23 been
2360 3906 36 23 the
2405 3903 56 24 main

1889 3951 68 17 cause
1969 3944 25 24 of
2003 3943 39 25 the
2055 3943 62 25 chief
2125 3942 57 26 evils
2192 3942 61 26 from
2262 3941 78 25 which;
2349 3947 31 16 we
2389 3935 71 30 suffer-

1311 2981 25 25 A
1347 2981 66 24 letter
1427 2980 59 24 from
1504 2980 98 24 Messrs.
1619 2979 132 32 Ridgway's
1762 2979 45 24 and
1819 2979 42 25 Co.

1279 3014 45 25 will
1334 3014 30 24 be
1373 3014 69 24 found
1453 3014 23 23 in
1489 3013 96 24 another
1595 3018 52 27 part
1658 3013 25 24 of
1696 3020 42 16 our
1749 3020 78 24 paper,
1838 3013 23 24 in

1279 3047 64 32 reply
1354 3051 22 21 to
1387 3047 38 24 the
1437 3047 78 23 article
1526 3046 74 24 which
1619 3054 34 16 we
1664 3053 55 25 gave
1732 3046 72 24 under
1815 3046 46 24 this

1278 3081 58 23 head
1348 3089 30 15 on
1389 3081 38 23 the
1440 3082 37 22 Ist
1489 3081 94 23 instant.

1311 3114 45 24 We
1367 3122 56 16 were
1436 3121 72 17 aware
1529 3113 49 24 that
1598 3112 39 24 the
1654 3120 135 24 passengers
1803 3120 58 16 were

1279 3147 53 32 only
1343 3147 93 24 entitled
1455 3152 24 19 to
1498 3154 14 16 a
1528 3147 68 31 given
1616 3146 102 31 quantity
1736 3146 26 23 of
1776 3146 85 23 certain

1279 3180 68 24 kinds
1358 3181 25 23 of
1397 3180 59 24 food.
1493 3179 51 25 The
1555 3180 123 31 quantities
1698 3179 45 24 and
1761 3178 100 33 descrip-

1279 3214 59 23 tions
1364 3221 38 17 are
1421 3213 119 24 furnished
1562 3214 25 23 in
1609 3213 97 24 Messrs.
1728 3212 133 32 Ridgway's

1277 3247 75 24 letter.
1387 3246 111 25 Whether
1515 3246 66 24 those
1601 3246 120 31 quantities
1742 3246 29 24 be
1792 3253 26 17 or
1833 3246 28 24 be

1279 3284 40 20 not
1329 3280 120 30 sufficient,
1461 3287 34 16 we
1506 3287 37 17 are
1554 3279 84 24 unable
1649 3284 23 19 to
1684 3282 57 21 state
1750 3287 7 21 ;
1775 3279 42 23 but
1828 3286 33 17 we

1277 3321 106 25 presume
1399 3314 49 24 that
1465 3320 69 24 many
1554 3313 26 23 of
1595 3312 38 24 the
1644 3312 118 24 Directors
1783 3312 26 23 of
1823 3312 38 24 the

1279 3347 125 31 Company,
1416 3347 85 31 having
1517 3345 46 25 had
1573 3345 70 24 much
1655 3350 23 19 to
1689 3345 28 24 do
1728 3344 56 25 with
1795 3345 64 32 ship-

1277 3381 64 31 ping,
1352 3380 73 24 would
1445 3380 29 24 be
1485 3380 61 31 quite
1565 3382 128 27 competent
1703 3383 23 19 to
1738 3378 123 24 determine

1280 3413 36 24 the
1327 3414 72 31 point,
1411 3413 45 24 and
1468 3420 25 16 as
1510 3413 54 31 they
1575 3411 82 24 settled
1676 3411 38 24 the
1733 3411 96 32 dietary,
1842 3413 19 22 it

1279 3446 75 24 would
1361 3447 29 23 be
1401 3446 62 31 right
1474 3450 23 20 to
1509 3453 92 17 assume
1618 3444 50 25 that
1679 3445 17 23 it
1706 3445 21 23 is
1738 3445 122 25 sufficient.

1279 3480 29 24 In
1319 3487 86 16 answer
1416 3484 23 19 to
1450 3479 54 29 this,
1516 3486 33 16 we
1567 3478 58 23 have
1644 3478 38 24 the
1701 3482 123 20 statement
1839 3479 22 23 of

1278 3521 134 24 passengers
1432 3513 49 23 that
1503 3512 63 24 there
1589 3519 46 16 was
1658 3516 38 20 not
1714 3520 15 15 a
1748 3512 113 24 sufficient

1277 3547 103 31 quantity
1392 3546 24 23 of
1430 3545 61 29 food,
1503 3545 65 24 while
1581 3553 25 16 as
1618 3544 97 25 Messrs.
1734 3545 127 31 Ridgways

1277 3584 58 20 state
1347 3587 28 16 an
1388 3580 54 23 offer
1449 3587 46 15 was
1506 3578 65 24 made
1581 3578 40 24 the
1631 3585 136 24 passengers
1776 3583 23 18 to
1808 3579 52 31 give

1278 3618 39 19 out
1327 3613 40 24 the
1378 3613 122 31 quantities
1518 3611 78 24 before
1614 3611 62 24 them
1695 3611 45 24 and
1757 3611 54 32 they
1823 3612 38 23 did

1278 3651 39 19 not
1327 3650 79 27 accept
1416 3647 26 28 it,
1454 3646 19 23 it
1482 3646 22 22 is
1514 3644 134 24 reasonable
1658 3649 24 19 to
1692 3644 58 24 infer
1761 3644 50 25 that
1822 3645 39 24 the

1277 3680 41 23 full
1331 3679 120 24 allowance
1461 3686 47 16 was
1516 3678 119 32 provided.
1670 3678 50 24 The
1729 3679 132 24 conclusion

1277 3715 19 22 is
1308 3712 110 25 therefore
1429 3712 25 23 in
1465 3712 64 24 iavor
1547 3712 26 24 of
1588 3712 38 23 the
1639 3712 84 31 dietary
1733 3716 43 20 not
1792 3712 69 32 being

1277 3747 113 24 sufficient
1401 3746 24 23 in
1435 3750 90 27 respect
1538 3745 26 24 of
1580 3746 111 30 quantity.

1311 3779 51 25 The
1381 3778 111 24 remedies
1507 3786 36 16 .we
1561 3778 172 24 recommended
1754 3779 66 24 made
1842 3779 19 23 it

1278 3813 89 25 evident
1378 3820 33 16 we
1430 3820 59 16 were
1507 3819 72 16 aware
1598 3811 50 24 that
1667 3812 38 23 the
1721 3812 68 23 small
1799 3819 61 16 mess

1277 3847 53 32 paid
1341 3847 25 23 in
1376 3853 63 18 some
1450 3853 49 23 way
1510 3846 34 23 for
1554 3844 41 25 the
1606 3844 86 32 change
1703 3846 25 24 in
1738 3845 62 24 their
1811 3845 49 24 die-

1278 3885 57 27 tary.
1371 3879 47 24 But
1428 3886 34 17 we
1474 3887 38 16 are
1524 3879 99 31 opposed
1642 3878 35 24 for
1688 3886 68 24 many
1766 3885 94 17 reasons

1278 3918 23 19 to
1312 3913 106 31 allowing
1434 3920 43 23 any
1490 3912 56 24 such
1564 3912 131 26 distinction
1707 3919 55 16 even
1773 3911 21 24 if
1808 3911 53 32 paid

1277 3946 43 24 for.
1355 3945 44 24 We
1416 3945 68 24 think
1501 3945 20 24 it
1538 3945 75 24 would
1623 3945 30 23 be
1664 3944 72 25 better
1747 3945 52 24 that
1808 3952 53 23 per-
