2529 4029
144 1962 123 29 Monday,
286 1964 85 23 April
388 1964 40 28 27,
448 1965 73 23 1844.

217 1999 112 25 Pkaratyn
337 2007 21 13 v.
370 2000 78 21 Smith.

73 2029 43 22 Mr.
132 2027 123 25 Wakefield
274 2030 44 22 had
338 2030 104 24 obtained
452 2040 13 14 a
475 2033 55 26 rule,
542 2031 80 28 calling

44 2061 29 16 on
87 2056 38 21 the
141 2056 97 27 plaintiff
250 2061 21 17 to
290 2057 61 22 show
366 2066 65 14 cause
447 2059 50 27 why
506 2059 116 28 judgment

43 2081 79 24 should
139 2087 38 18 not
193 2084 27 21 be
234 2084 104 27 arrested,
350 2092 25 14 or
389 2092 14 14 a
416 2093 49 14 new
475 2086 50 22 trial
539 2087 45 21 had
595 2094 27 14 on

43 2109 98 27 grounds
151 2113 33 18 set
194 2109 56 23 forth
260 2110 23 22 in
294 2112 85 21 several
389 2111 117 23 affidavits.

71 2135 44 23 Mr.
136 2134 93 25 Hanson
249 2145 51 14 now
321 2138 90 22 showed
433 2147 74 15 cause.
545 2141 33 21 As
602 2144 20 18 to

42 2163 109 27 arresting
160 2163 36 22 the
203 2163 125 28 judgment,
337 2172 29 14 no
375 2166 96 25 grounds
483 2174 55 14 were
544 2165 75 24 shewn

41 2190 24 21 in
82 2190 38 21 the
136 2190 113 22 affidavits.
283 2191 74 22 There
371 2196 59 19 must
445 2193 28 21 be
490 2200 59 15 some
565 2202 59 14 error

45 2221 106 23 apparent
165 2224 29 15 on
206 2218 35 21 the
257 2218 122 28 pleadings,
389 2219 45 21 and
446 2219 53 22 here
509 2220 61 22 there
580 2228 43 14 was

43 2250 59 15 none
113 2250 27 14 on
151 2244 38 21 the
198 2244 116 27 plaintiff's
326 2246 53 22 side.
405 2246 52 22 The'
471 2246 70 28 plaint
557 2251 66 18 states

43 2270 32 21 all
92 2270 49 21 that
160 2271 18 20 is
196 2277 116 21 necessary
331 2275 23 18 to
372 2272 64 27 proof
452 2273 36 21 the
508 2274 115 26 plaintiff's

43 2302 57 17 case.
130 2298 32 21 As
172 2300 22 19 to
204 2298 119 27 amending
332 2299 36 21 the
377 2299 64 27 issuer
457 2300 36 22 the
504 2298 119 25 defendant

43 2326 80 19 cannot
139 2324 114 28 complain,
269 2326 35 20 for
313 2325 36 22 the
360 2325 128 23 affirmative
499 2332 124 18 averments

44 2357 38 15 are
91 2350 41 26 his,
144 2350 44 22 and
198 2351 28 22 he
234 2359 42 14 can
287 2353 52 26 only
349 2353 53 21 wish
417 2353 37 23 the
464 2360 72 21 power
544 2355 25 21 of
579 2355 44 22 sale

43 2379 24 19 to
76 2377 28 21 be
114 2377 72 22 raised
194 2381 22 18 to
225 2381 37 23 get
271 2379 34 21 rid
315 2380 26 20 of
348 2379 36 22 the
395 2387 49 15 case
453 2388 27 14 on
491 2388 13 14 a
514 2382 109 22 technical

42 2404 63 26 point
121 2403 73 23 beside
219 2406 35 20 the
271 2407 83 21 merits.
388 2407 96 26 Besides,
503 2409 29 26 by
547 2409 77 26 giving

43 2437 31 21 up
83 2430 38 21 the
130 2430 53 22 land
201 2431 80 27 order*,
294 2433 37 21 the
341 2433 121 23 defendant
475 2435 41 21 has
526 2436 98 22 affirmed

43 2457 38 22 the
90 2464 35 15 vei
130 2456 52 24 diet.
214 2458 47 22 The
274 2466 52 16 case
335 2467 75 15 comes
425 2461 76 22 within
513 2461 36 23 the
566 2464 57 27 prin-

44 2484 57 27 ciple
111 2484 45 22 laid
165 2484 64 23 down
238 2486 23 20 in
270 2486 106 27 Mangole
385 2493 18 16 v.
412 2487 115 28 Hampton
535 2490 88 21 Smith's

43 2510 59 28 legal
121 2518 68 19 cases,
210 2512 42 21 vol.
266 2513 26 21 2:
313 2513 73 23 where
405 2514 59 27 legal
483 2517 140 26 proceedings

43 2544 38 15 are
88 2539 150 26 comtaenced,
249 2540 44 20 and
302 2547 14 14 a
327 2545 61 23 party
398 2541 53 23 does
465 2543 126 28 something
601 2547 21 18 to

43 2564 85 23 benefit
135 2564 96 29 himself,
240 2566 30 22 he
279 2570 84 19 cannot
375 2568 127 22 afterwards
512 2569 86 28 dispute
607 2571 17 21 it

44 2592 86 25 against
144 2592 36 21 his
189 2597 116 23 opponent.
334 2595 47 21 The
396 2595 76 28 giving
487 2603 29 20 up
526 2597 36 21 the
572 2597 51 22 land

45 2618 74 25 ordejra
135 2619 80 21 admits
236 2619 38 22 the
297 2621 96 27 verdict;
414 2623 41 21 but
476 2622 37 22 the
535 2625 88 21 counsel

44 2651 30 15 on
85 2645 37 21 the
133 2645 63 22 other
206 2646 45 21 side
261 2651 40 22 say
310 2647 53 28 they
371 2654 56 21 gave
444 2649 62 22 them
515 2656 29 21 up
554 2651 70 22 under

44 2677 15 17 a
66 2671 160 23 mk-direction
233 2679 5 20 ;
254 2673 44 21 this
307 2673 20 22 is
337 2682 12 14 a
359 2675 93 23 mistake
463 2676 25 22 of
497 2676 48 27 law,
558 2678 43 22 and
611 2686 13 13 a

43 2701 68 24 party
118 2702 81 18 dannot
214 2707 92 14 recover
313 2707 80 22 money
403 2709 24 15 or
441 2708 46 22 any
496 2704 63 27 thing
568 2705 56 21 back

45 2723 74 27 which
128 2724 28 23 he
165 2725 42 22 has
215 2726 51 26 paid
280 2733 25 15 or
318 2728 78 27 parted
405 2728 52 23 with
467 2730 72 22 under
546 2736 14 16 a
572 2732 52 21 mis-

45 2751 51 22 tak*
105 2751 27 22 of
138 2751 49 23 law.
215 2752 47 22 Thß
273 2753 121 23 defendant
402 2760 50 18 now
460 2760 70 18 wants
541 2760 21 19 to
568 2758 56 22 have

45 2785 14 14 a
71 2785 49 16 new
137 2778 59 22 issue
210 2780 45 22 and
272 2787 15 15 a
302 2787 52 15 new-
368 2781 61 28 trial?
444 2783 41 22 but
500 2783 28 21 he
543 2788 81 19 cannot

45 2804 53 23 take
109 2805 37 22 the
155 2806 83 22 chance
249 2806 25 22 of
281 2814 42 15 one
334 2808 98 27 defence,
443 2809 45 22 and
497 2810 65 22 when
573 2812 27 22 he
607 2812 17 21 is

44 2831 69 22 foiled
128 2835 35 24 try
173 2831 98 24 another.
301 2835 129 28 Something
444 2836 46 22 had
508 2837 54 22 been
578 2839 47 21 said

45 2858 69 23 about
129 2859 82 28 equity,
226 2860 41 22 but
280 2860 29 23 he
324 2861 65 23 could
402 2862 46 22 find
461 2869 31 16 no
507 2864 48 22 hint
574 2866 25 21 of
612 2872 13 15 a

44 2890 75 22 pp#er
127 2886 97 28 residing
233 2887 22 21 in
265 2894 46 21 any
320 2889 68 21 Court
396 2890 26 20 of
435 2888 83 30 Equity
528 2894 21 19 to
558 2891 67 23 inter-

45 2913 46 20 fere
101 2912 73 22 where
184 2921 14 13 a
207 2918 62 17 court
278 2917 26 19 of
310 2914 41 23 law
362 2915 40 22 haft
411 2916 57 22 been
478 2919 106 26 appealed
594 2923 29 23 to,

47 2938 44 21 and
111 2942 23 17 at
152 2938 48 25 law.
213 2945 14 17 a
245 2940 122 24 detendant
387 2948 82 17 cannot
487 2944 27 22 be
533 2945 91 22 allowed

46 2969 23 17 to
88 2971 24 16 re
123 2968 56 19 state
194 2966 33 22 his
242 2974 50 15 case
309 2969 63 21 when
388 2969 28 22 he
427 2970 40 22 ha«
479 2978 55 15 once
544 2972 80 22 chosen

47 2992 89 24 In-line
152 2992 27 22 of
194 2993 98 23 defence.
320 2995 50 23 Rex
381 3002 22 14 v.
415 2997 60 27 Peto>
487 2997 81 28 Young
581 2999 43 22 and

45 3018 81 27 Jervis,
153 3021 55 22 169;
233 3020 90 24 Vernon
348 3028 20 16 v.
391 3023 101 29 Hankey,
513 3027 14 19 2
544 3027 25 21 T.
590 3027 32 26 R;

46 3046 108 21 Bateman
166 3053 21 15 v.
199 3047 91 27 Willow,
299 3049 140 27 Brhlgman's
448 3049 82 30 Equity
540 3053 83 27 Digest.

45 3071 99 28 Besid.es,
154 3080 14 15 a
182 3077 62 24 party
255 3075 92 28 seeking
363 3077 66 21 relief
439 3082 59 18 must
508 3085 62 16 come
579 3081 45 21 into

45 3099 129 24 Court.with
185 3100 61 22 clean
257 3101 78 28 hands,
346 3101 46 24 and
401 3104 120 23 defendant
534 3107 41 22 has
584 3111 40 24 put

43 3126 93 22 himself
147 3131 39 17 out
201 3128 25 20 of
238 3128 68 22 Court
320 3130 28 26 by
360 3129 33 22 his
405 3132 162 29 contradictory
577 3135 46 21 affi-

45 3152 78 23 davits.
152 3153 37 22 He
204 3152 46 24 first
264 3162 81 16 swears
358 3156 38 22 he.
403 3157 38 23 did
456 3163 41 17 not
509 3159 63 23 know
586 3161 37 24 the

45 3180 64 21 value
119 3180 27 21 of
158 3180 36 22 the
211 3181 53 27 ship,
276 3182 44 22 and
335 3182 28 23 he
373 3191 48 15 now
438 3191 80 17 swears
533 3194 34 15 an-
576 3187 48 22 affi-

45 3206 66 26 davit,
123 3207 80 26 setting
219 3208 58 22 forth
288 3216 66 21 every
364 3211 84 23 minute
458 3213 164 24 circumstance.

47 3234 45 20 Xhe
109 3235 88 22 counsel
215 3241 37 15 on.
257 3235 37 22 the
310 3236 63 22 other
390 3238 46 22 side
451 3246 41 19 say
504 3240 52 27 they
567 3241 55 22 have

43 3259 58 23 been
111 3260 81 22 candid
201 3260 22 22 in
233 3260 55 24 th«ir
293 3262 141 30 admissions;
436 3275 28 6 —
464 3267 59 21 their
530 3267 93 23 defence

43 3286 43 21 has
104 3291 23 17 at
142 3286 30 22 all
192 3291 75 18 events
284 3289 57 22 been
357 3291 77 27 fought
450 3293 52 21 with
517 3295 48 21 Teal
579 3295 45 22 and

45 3314 144 26 pertenfecity.
223 3314 38 22 AH
276 3315 37 22 the
329 3316 122 27 defendant
466 3319 107 24 admitted
586 3322 37 22 the

43 3340 99 24 plaintiff
152 3340 66 22 could
232 3340 55 23 have
302 3344 88 27 proved,
472 3347 40 22 has
532 3349 92 26 proVfefl..

44 3367 48 22 Ine
102 3367 85 28 deposit
195 3375 43 15 was
247 3371 95 25 proved;
358 3371 113 24 the^jms
486 3379 29 16 on
525 3373 71 24 which
607 3376 16 21 it

43 3400 46 16 was
97 3394 67 22 made
180 3401 55 15 were
248 3397 92 25 p*6ved,
349 3399 46 21 and
410 3399 37 22 the
464 3404 103 24 property
579 3406 45 18 wtt&

43 3420 77 23 traced
130 3421 71 23 home,
214 3425 21 18 to
245 3422 49 21 the,
297 3423 136 25 defendant's
449 3427 79 22 hands.
559 3429 65 22 What

44 3446 41 23 did
90 3448 56 26 they
154 3448 70 22 admit
228 3448 10 22 ?
264 3449 49 23 The
319 3450 65 22 letter
391 3452 25 22 of
422 3451 148 31 ihstrufetioM,
578 3446 43 31 ittd

43 3475 39 21 the
96 3475 41 22 bill
153 3476 26 21 of
193 3475 109 28 bottomry
313 3476 71 23 which
400 3484 63 17 were-
471 3484 117 25 necessary
600 3486 22 19 to

43 3500 39 22 the
105 3501 138 23 def«ndant'«
264 3509 49 16 own
340 3510 49 16 ccaske
391 3519 5 7 k
438 3506 48 23 The
502 3505 120 26 defendant

43 3528 73 23 BVated
134 3536 30 15 no
177 3528 99 28 grounds
294 3531 36 21 for
346 3532 97 27 refusing
462 3534 42 22 th«
518 3531 104 31 ship^-b*

43 3556 84 26 merely
136 3556 49 22 said
252 3557 75 23 would
334 3557 56 23 have
400 3560 94 27 nothing
502 3564 23 18 to
533 3561 27 22 do
568 3564 54 21 with

43 3580 47 28 her,
110 3582 41 23 but
168 3583 73 22 would
262 3583 54 23 hold
340 3585 36 21 the
559 3589 63 23 Here

44 3614 65 20 again
126 3608 29 22 he
169 3609 20 22 is
202 3613 36 19 too
252 3609 52 24 late*
331 3610 38 23 No
379 3618 42 16 one
436 3620 40 16 can
488 3615 113 23 maintain-
610 3623 12 16 a

41 3633 59 28 legal
118 3636 144 25 powtion.dll
281 3637 77 28 foiled,
376 3639 46 23 and
441 3641 54 22 then
514 3644 107 22 entrench

44 3662 89 22 tuniself
140 3681 5 3 .
153 3662 81 23 behind
254 3663 37 23 the
313 3669 48 19 seat
382 3667 26 21 of
428 3665 37 24 the
489 3667 132 26 chancellor,

44 3688 83 29 tqmty
146 3689 51 27 only
215 3691 115 23 interferes
349 3693 23 22 in
397 3699 13 16 a
431 3694 106 28 defence,-
551 3693 71 26 Which

43 3716 66 21 could
126 3719 40 18 not
180 3716 28 22 be
224 3717 64 22 made
304 3719 107 23 available
425 3724 25 18 at
463 3726 99 18 common
572 3723 48 26 laW,

43 3740 86 29 (Chitty
137 3749 11 15 s
158 3742 129 29 Gen..Prac,
301 3745 43 23 vol.
353 3748 21 26 2,
385 3748 57 26 404,)
451 3748 45 22 ahd
506 3756 19 14 a-
529 3750 92 23 mistake

42 3770 74 23 mtUe.
122 3770 94 22 defence
224 3777 19 15 is
252 3775 40 18 not
306 3773 95 27 enough,
414 3775 85 28 (Evann
507 3782 20 15 •»
537 3772 62 31 golly
608 3778 18 21 2'

43 3792 57 25 Chit.
113 3796 57 23 Gen.
187 3796 25 23 P.
221 3798 58 25 406.)
308 3799 33 22 As
357 3804 23 18 to
393 3801 38 22 the
446 3802 87 28 alleged
548 3802 78 25 m»

41 3826 84 20 reption
134 3827 19 17 it
161 3823 98 23 resolves
271 3825 63 23 itself
343 3827 48 23 into
407 3835 15 15 a
434 3830 103 27 questfrm
546 3832 28 21 of
584 3832 37 22 the

42 3852 268 28 yaiu^oftaejnipj.and
327 3858 44 17 was
385 3852 236 32 properiy^leftto/thte

40 3879 67 27 J.Ufy.!
116 3892 4 7 <
128 3877 47 22 The
186 3878 103 22 evidence
304 3886 44 16 was
363 3879 49 24 that
426 3882 38 23 the
479 3877 147 32 caWirthad'

42 3908 31 16 no
78 3907 83 23 jmw*t,
166 3904 50 23 .arid
224 3904 49 22 that
278 3905 67 23 ihere
359 3914 162 23 was-no-com*/
530 3909 96 28 and'tW

43 3931 224 27 4«tt»towMrWghttb
277 3931 168 28 I»»ve,st4o\the
455 3937 58 27 Jd*y
523 3938 103 24 whetWr-

1393 123 80 23 NEW
1501 123 207 23 PLYMOUTH.

542 40 96 41 ZUt
664 40 116 42 %m
806 40 205 39 Zealand
1035 38 191 45 &&}Mt
1252 38 91 39 atti>
1372 36 296 45 meUmatmi
1693 34 254 46 £iwtatar.

550 88 3 4 •
623 90 6 3 *.
721 87 4 5 *
792 91 3 2 ,
824 90 4 3 ■•
869 89 5 4 f
923 85 60 8 *v'Vif
989 83 10 10 i?
1007 87 10 6 -rf
1025 87 13 6 'V
1047 84 4 6 i
1050 79 25 14 l^n
1079 87 4 6 i
1084 85 3 5 i
1108 87 4 3 L
1158 88 4 5 <l
1184 84 21 6 *J
1214 86 4 5 *
1389 88 5 2 -
1417 84 4 4 *
1425 84 16 8 i^*
1488 81 9 7 **
1812 82 2 4 '

44 128 83 26 (which
142 135 45 15 was
203 127 82 29 quoted
303 131 23 18 at
340 127 37 22 the
393 127 57 27 trial,
467 127 46 22 and
527 127 73 22 which
614 126 14 25 I

43 154 94 27 thought
147 162 44 14 was
201 154 91 22 entitled
308 157 24 23 to
342 153 112 24 sufficient
462 150 162 36 consideration
634 153 2 12 !

42 186 24 17 to
74 181 80 22 induce
170 188 36 14 me
220 184 22 18 to
258 186 88 16 reserve
358 180 37 21 the
407 180 67 30 ;pbint
488 184 87 23 against
586 187 40 22 my

42 215 50 14 own
108 207 130 27 impression
253 207 29 21 of
294 207 36 22 th«
348 206 58 27 law,)
417 205 44 23 «the
473 214 50 14 case
536 207 90 23 differed

41 234 56 21 from
107 233 38 22 the
160 236 96 25 present.
281 233 75 24 .There
372 233 36 22 tbe
422 233 98 27 plaintiff
529 234 64 21 caned.
598 241 28 14 on

42 260 37 23 the
90 259 94 28 original
194 259 37 23 bill
238 267 6 19 ;
262 259 86 22 besides
358 259 71 24 which
445 260 37 21 tbe
490 260 135 22 substituted

41 286 38 23 bill
92 294 43 15 wag
145 294 29 14 on
179 286 94 32 entirely
276 286 105 23 -different
390 287 89 26 parties.
509 286 35 21 No
549 287 75 21 notice

41 321 46 14 was
96 313 103 28 required
215 317 22 17 to
248 311 38 22 tbe
302 312 86 22 drawer
401 313 26 21 of
441 313 37 22 the
494 311 130 23 substituted

41 340 46 26 bill,
98 341 93 20 because
202 342 35 18 the
245 338 80 22 holder
333 338 38 22 did
380 343 41 18 not
427 339 86 24 intend,
524 339 44 22 and
579 339 44 22 had

42 370 39 17 not
88 365 80 27 agreed
174 369 22 18 to
201 364 80 22 lookto
288 365 55 22 him.
361 365 157 31 But^lthough
523 366 18 20 it
549 373 44 14 was
600 374 24 13 bo

41 393 70 25 ruled,
123 391 37 22 the
168 391 119 27 judgment
294 389 26 24 of
327 391 43 23 Mr.
381 392 87 22 Justice
478 393 32 21 Le
521 392 70 22 Blanc
600 393 23 20 in

42 419 37 21 the
90 424 56 20 case,
156 419 19 20 is
185 424 29 15 an
224 416 111 28 authority
344 419 35 21 for
392 426 37 20 my
438 421 90 24 present
544 416 77 29 ruling,

119 444 48 21 said
179 444 47 22 that
240 443 90 24 learned
341 445 78 27 Judge,
461 445 44 22 this
514 443 44 24 had

42 478 28 14 an
90 471 71 21 action
179 471 85 26 against
280 470 88 23 Tucker
384 471 47 26 (the
547 471 27 21 of
586 469 35 24 the

42 497 130 22 substituted
190 497 57 26 bill,)
265 497 63 23 there
341 499 20 20 is
374 502 29 17 no
421 495 69 24 doubt
508 495 35 23 the
559 499 62 28 party

42 525 65 21 could
112 528 39 17 not
158 523 56 23 have
221 523 121 23 succeeded
348 524 90 22 without
441 520 92 36 proyijig
540 520 80 34 notice,

40 550 73 22 unless
123 551 28 21 he
161 550 64 22 could
234 550 56 22 have
297 550 84 27 proved
391 550 47 22 that
445 550 71 23 Lewis
523 549 47 27 (the
580 557 39 15 ac-

41 577 110 27 acceptor)
164 577 44 21 had
217 583 29 15 no
257 577 80 22 effects.
368 577 42 21 But
419 577 63 21 there
495 576 20 22 is
525 577 42 21 this
579 575 42 23 dif-

41 605 89 21 ference
139 604 48 21 that
200 603 38 22 the
247 603 74 22 action
336 604 20 20 is
365 605 40 19 not
414 608 27 16 on
460 603 49 21 that
521 601 48 29 bill,
579 603 41 21 but

43 636 28 16 on
81 631 38 21 the
130 630 90 25 original
229 629 37 21 bill
274 630 91 25 -against
374 629 62 21 other
446 630 92 27 parties;
555 629 22 23 in
587 637 34 14 re-

43 661 61 22 spect
114 657 25 21 of
146 657 71 21 which
233 656 37 21 the
280 655 99 28 plaintiff
389 656 40 22 has
440 656 94 27 pursued
543 656 31 22 all
583 655 37 24 the

43 690 115 19 necessary
302 682 44 22 Mr.
367 681 54 23 Ross
440 683 40 21 has
496 682 124 23 contended

42 709 48 23 that
99 709 43 22 this
151 709 64 21 order
222 708 70 27 might
298 708 58 22 have
363 709 54 21 been
422 709 68 26 given
498 709 22 22 in
528 716 13 15 a
548 709 71 27 letter,

43 736 44 22 and
97 735 83 23 indeed
189 735 47 22 that
247 736 19 20 it
274 735 20 21 is
307 734 94 29 nothing
417 742 68 16 more.
515 734 57 25 lam
582 739 39 19 not

42 762 71 22 called
123 770 59 20 upon
194 765 21 18 to
226 762 101 21 consider
335 762 58 21 what
407 763 71 27 might
490 761 58 23 have
560 762 59 23 been

42 789 36 21 the
89 788 71 22 duties
167 789 24 21 of
194 789 39 21 the
243 787 100 29 plaintiff,
351 788 44 22 had
402 788 55 23 such
467 796 13 14 a
490 788 63 24 letter
562 790 57 22 been

42 815 112 23 delivered
163 819 22 18 to
194 815 45 21 him
246 823 5 19 ;
262 814 35 23 for
306 815 43 22 this
358 815 18 21 is
384 813 71 30 really
463 822 14 15 a
487 813 43 25 Bill
539 815 26 22 of
575 814 45 24 Ex-

41 842 87 27 change
142 842 92 28 payable
250 845 22 18 to
290 841 70 23 order.
389 842 43 22 For
452 842 61 22 these
531 849 89 16 reasons

43 869 61 21 there
114 874 59 16 must
182 869 26 21 be
210 880 26 4 —

69 895 123 27 Judgment
201 895 32 22 for
242 894 128 22 defendant.

227 927 75 23 Mabey
318 933 21 14 v.
354 926 75 21 Hume.

71 958 42 22 Mr.
124 956 59 23 Hart
193 958 85 26 applied
287 962 20 17 to
319 957 37 23 the
365 958 67 23 Court
443 963 21 18 to
475 958 88 28 deprive
580 959 37 22 the

42 982 98 30 plaintiff
159 985 25 20 of
204 984 36 23 the
261 988 57 19 costs
334 984 27 23 of
381 985 135 27 proceeding
533 986 23 21 iv
580 986 39 21 the

43 1013 104 26 Supreme
167 1012 73 25 Court,
260 1018 25 14 as
303 1011 38 22 the
362 1019 50 15 sum
436 1012 119 23 recovered
575 1019 45 16 was

42 1038 72 22 under
123 1038 53 26 £20,
187 1038 86 21 namelv
273 1049 29 5 —
302 1039 33 21 Ml
348 1040 42 20 10s.

71 1066 43 21 Mr.
134 1065 91 22 Hanson
241 1064 49 23 said
307 1064 63 23 there
385 1073 43 14 was
443 1073 29 15 no
486 1066 86 28 ground
586 1066 34 22 for

41 1092 37 21 the
95 1092 138 26 application.
267 1089 49 24 The
334 1092 72 22 action
422 1093 66 22 could
504 1097 38 18 not
560 1093 57 22 have

41 1118 58 22 been
111 1118 93 26 Drought
211 1118 22 21 in
243 1118 38 21 the
290 1118 88 27 County
388 1120 74 31 Court,
479 1126 24 15 as
516 1120 18 21 it
549 1120 72 26 might

41 1145 89 22 involve
149 1145 47 21 title
198 1156 25 4 —
224 1143 92 28 besides,
334 1145 38 22 the
386 1146 99 26 plaintiff
502 1146 42 21 had
563 1146 57 28 good

43 1171 105 22 evidence
157 1171 27 21 of
192 1172 95 26 damage
296 1171 85 27 beyond
390 1172 55 24 £20.

70 1198 43 21 Mr.
134 1198 84 22 Justice
236 1198 122 27 Chapman,
379 1205 28 16 on
426 1198 121 28 Thursday,
573 1198 46 23 said

43 1225 36 21 the
90 1226 87 25 County
186 1225 67 22 Court
263 1229 36 16 act
308 1231 56 21 gave
374 1225 45 22 him
435 1231 29 16 no
478 1231 73 22 power
568 1232 53 15 over

43 1256 64 20 costs,
118 1252 44 21 and
173 1251 36 22 the
220 1250 91 27 English
322 1256 46 17 acts
378 1252 38 22 did
425 1256 41 19 not
476 1252 72 28 apply.
573 1252 46 22 The

43 1279 85 26 County
139 1278 68 21 Court
215 1278 44 21 had
273 1278 140 27 jurisdiction
429 1280 72 21 where
515 1279 38 22 the
572 1285 48 16 sum

65 1306 74 25 sought
148 1307 21 18 to
179 1306 23 20 be
210 1306 108 20 recovered
354 1306 20 21 is
383 1306 71 22 under
469 1306 54 27 £20,
539 1305 47 23 and
602 1306 18 21 is

43 1336 40 18 not
92 1332 104 23 confined
210 1336 21 18 to
247 1338 62 16 cases
325 1332 71 23 where
411 1333 39 22 the
464 1339 51 16 sum
530 1332 90 27 actually

42 1360 109 20 recovered
160 1359 53 22 does
227 1363 39 17 not
282 1359 83 22 exceed
382 1360 47 21 that
446 1363 98 19 amount.
582 1360 37 22 He

44 1386 119 27 thoightit
179 1393 28 14 an
224 1386 93 22 omision
334 1386 48 22 that
398 1386 36 22 the
450 1386 118 23 ordinance
583 1386 38 23 did

42 1417 38 17 not
90 1420 50 20 give
151 1412 37 22 the
198 1412 72 26 Judge
281 1418 75 20 power
365 1419 52 16 over
432 1417 56 18 cost
490 1417 12 18 9
504 1414 72 22 where
593 1421 28 14 an

42 1440 72 21 action
124 1447 42 13 was
175 1439 132 27 improperly
318 1438 44 23 and
373 1440 137 28 vexatiously
527 1440 94 28 brought

43 1470 51 17 •nto
113 1466 37 21 the
170 1466 104 23 Supreme
294 1466 74 21 Court.
407 1466 26 21 In
454 1466 44 22 this
515 1473 49 16 case
589 1468 32 21 his

52 1493 80 22 Honor
149 1492 115 21 intimated
280 1492 48 22 that
341 1490 30 24 he
381 1493 78 22 should
473 1497 42 18 not
523 1494 55 22 have
587 1494 34 22 in-

42 1519 95 22 terfered
147 1519 52 21 with
209 1523 63 21 costs,
284 1526 55 15 eves
351 1520 43 21 had
403 1520 28 21 he
441 1520 45 21 had
497 1520 37 22 the
539 1528 80 20 power,

43 1546 35 22 for
90 1546 28 21 he
139 1545 93 27 thought
247 1546 37 21 the
300 1547 74 21 action
393 1548 102 26 properly
514 1548 105 26 brought:

43 1574 123 25 Moreover,
175 1572 25 22 in
207 1571 28 22 all
245 1572 55 22 Such
315 1580 61 15 cases
392 1572 134 28 application
540 1574 81 22 should

44 1600 27 21 be
88 1599 65 22 made
168 1601 23 19 at
206 1600 34 19 the
255 1600 58 21 trial.
355 1597 48 24 The
424 1604 94 17 Statutes
536 1601 85 27 usually

41 1626 51 27 give
107 1633 73 20 power
189 1629 22 20 to
222 1628 35 20 the
266 1626 73 28 Judge
357 1630 23 18 at
390 1627 48 21 Nwj
448 1628 70 26 Prius,
530 1628 43 21 and
582 1630 39 20 not

45 1658 21 15 to
82 1653 37 21 the
135 1653 67 21 Court
217 1660 24 15 or
256 1660 14 15 a
285 1653 75 27 Judge
375 1654 56 22 after
447 1654 36 22 the
499 1655 49 22 trial
585 1655 36 22 He

43 1680 126 21 mentioned
179 1680 43 22 this
231 1687 24 15 as
266 1687 12 14 a
285 1681 68 25 guide
362 1680 33 22 for
406 1682 36 21 the
452 1682 80 21 future.

225 1714 65 20 Wood
302 1720 22 14 v.
337 1715 108 19 Robinson.

71 1744 45 23 Mr.
127 1745 57 22 Ross
203 1746 88 28 applied
304 1746 36 22 for
355 1753 13 14 a
382 1747 46 22 rule
445 1748 41 20 nisi
503 1747 81 27 calling
593 1754 28 15 on

216 1789 6 10 ,
231 1779 14 14 a
255 1774 88 21 witness
353 1774 22 21 in
385 1773 43 22 (his
438 1781 72 19 cause,
522 1779 22 16 to
558 1776 60 20 show

45 1806 65 15 cause
121 1798 48 28 why
179 1807 28 14 an
218 1800 136 22 attachment
363 1798 78 24 should
452 1805 38 18 not
506 1802 26 20 be
548 1801 73 22 issued

44 1827 87 26 against
148 1826 47 22 him
213 1827 35 21 for
265 1831 40 17 not
324 1827 93 27 obeying
435 1835 15 14 a
473 1828 108 26 subpoena
601 1831 20 18 to

44 1852 77 22 attend
132 1861 23 13 as
164 1860 13 15 a
187 1853 91 21 witness.
315 1854 66 21 After
395 1861 60 14 some
472 1855 149 21 cousidertion

43 1887 26 14 a«
85 1884 26 17 to
125 1879 37 22 the
177 1879 127 28 sufficiency
314 1881 25 21 of
351 1880 37 23 the
398 1881 110 22 affidavits
522 1881 37 22 the
574 1882 47 21 rule

43 1913 44 15 was
96 1906 102 26 granted.

1285 172 105 26 (Extract
1392 171 62 25 frotlt
1464 172 207 24 vprtSßte'teltWto
1682 170 34 21 the
1722 170 95 26 EditorJ

1444 198 59 24 New
1513 198 132 32 Plymouth,
1663 196 90 31 March,
1764 198 43 25 24.

1292 232 52 24 The
1357 231 139 24 Governor's
1507 231 109 32 expected
1624 231 56 24 Visit
1691 231 22 24 tb
1725 229 118 26 Taranaki

1259 269 62 20 must
1332 264 57 24 have
1399 264 59 24 been
1472 268 42 28 put
1523 265 37 29 off,
1572 263 61 25 until
1650 263 76 33 public
1736 264 106 24 business

1260 304 22 18 at
1292 297 125 24 Auckland
1428 298 41 23 has
1482 299 54 22 been
1548 303 42 26 put
1602 305 29 16 on
1643 305 14 16 a
1671 299 74 22 better
1755 296 89 32 footing

1260 332 53 23 than
1323 331 21 22 it
1354 330 20 23 is
1386 335 23 19 at
1417 335 100 26 present.
1553 330 51 24 Itis
1616 335 22 19 to
1650 330 29 24 be
1687 328 80 33 hoped,
1779 328 63 25 how-

1260 370 59 22 ever,
1332 362 49 24 that
1391 371 34 16 we
1442 363 67 30 shall,
1521 371 36 16 ere
1569 363 63 31 long,
1642 363 59 24 have
1710 363 38 24 the
1759 363 85 24 benefit

1259 398 26 23 of
1298 397 39 22 the
1349 396 140 24 Governor's
1500 396 105 31 personal
1614 397 115 24 Influence
1738 394 56 25 with
1805 395 38 24 the

1260 429 109 28 Maories,
1381 429 50 24 who
1444 430 45 24 will
1499 436 44 25 pay
1554 435 56 25 very
1621 429 58 25 little
1696 430 111 23 attention
1817 432 25 20 to

1261 463 45 24 Mr.
1321 461 79 31 Spain,
1417 470 25 16 or
1453 469 43 24 any
1510 464 63 22 other
1583 462 152 24 subordinate.
1772 460 70 26 From

1261 495 28 24 all
1301 495 14 23 I
1327 502 42 16 can
1380 495 70 28 learn,
1464 496 53 30 they
1529 504 37 15 are
1577 496 122 31 preparing
1709 499 23 19 to
1745 496 52 31 give
1811 502 31 23 up

1261 529 57 23 their
1338 528 53 23 land
1403 536 28 15 on
1448 533 107 26 payment
1567 528 24 24 of
1607 528 38 23 the
1662 529 114 31 promised
1793 530 47 21 utu.

1260 561 36 24 No
1308 561 78 27 doubt,
1399 561 57 23 their
1468 560 153 33 expectations
1629 569 37 15 are
1680 561 74 23 rather
1765 567 76 17 extra-

1259 598 83 27 vagant
1362 601 24 16 as
1407 599 23 18 to
1451 595 38 23 the
1510 599 92 18 amount
1611 603 7 19 ;
1647 595 49 27 but,
1717 595 66 22 when
1804 594 38 23 the

1259 628 103 31 question
1373 628 21 21 is
1406 631 48 27 put,
1498 628 55 22 Will
1559 635 47 23 you
1616 626 52 24 take
1680 627 39 23 the
1727 627 114 28 blankets,

1259 668 65 24 guns,
1338 659 99 30 tobacco,
1457 661 53 27 Sec.,
1522 661 45 22 and
1584 661 86 30 quietly
1683 660 103 23 abandon
1804 659 38 25 the

1259 693 52 24 land
1319 701 7 20 ;
1347 700 25 16 or
1382 692 59 32 keep
1453 693 38 23 the
1503 693 53 23 land
1567 697 23 19 to
1601 701 46 22 you
1659 694 80 22 almost
1757 693 84 23 worth-

1258 727 53 28 less,
1322 725 46 23 and
1382 726 75 23 refuse
1469 726 39 23 the
1525 728 40 21 utu
1604 738 34 4 —
1638 726 87 31 depend
1736 732 62 25 upon
1814 727 27 28 it,

1260 760 36 23 the
1320 758 76 24 Maori
1416 759 46 23 will
1482 759 59 30 yield
1564 763 22 19 to
1610 759 39 23 the
1666 760 134 30 temptation
1818 760 26 22 of

1259 793 122 29 European
1393 792 124 23 valuables.
1551 792 40 24 All
1604 792 50 23 that
1670 793 97 22 remains
1780 798 22 17 to
1814 792 28 23 be

1259 825 103 24 obtained
1374 826 21 23 is
1405 826 37 23 the
1454 825 148 24 interference
1615 826 25 23 of
1656 825 155 24 Government
1818 830 23 19 to

1259 857 85 30 compel
1356 858 130 31 fulfilment
1504 858 31 31 of
1555 857 38 24 the
1612 857 110 32 bargain;
1750 859 35 23 for
1804 859 38 23 the

1259 891 63 24 affair
1334 891 45 23 will
1391 891 53 24 then
1450 891 30 24 be
1491 891 69 24 taken
1567 894 42 20 out
1619 892 26 23 of
1656 892 37 23 the
1703 891 142 31 Company's'

1259 924 79 22 hands.

1290 956 94 24 Several
1394 957 25 24 of
1434 957 37 24 the
1484 964 134 24 passengers
1626 957 31 31 by
1668 957 39 24 the
1713 955 129 33 Himalaya

1259 998 35 16 are
1306 990 97 31 actively
1413 990 104 31 engaged
1532 991 25 23 in
1569 989 111 32 breaking
1691 998 31 23 up
1733 990 54 23 land
1807 991 35 23 for

1258 1029 93 18 autumn
1363 1024 86 30 sowing
1461 1024 26 23 of
1500 1023 81 29 wheat,
1642 1024 76 30 barley
1736 1022 46 24 and
1793 1028 49 19 oats

1303 1057 39 23 the
1364 1057 87 31 spring.
1498 1056 97 31 Captain
1616 1057 90 31 Creagh
1727 1057 44 23 and
1793 1056 47 24 Mr.

1258 1089 116 25 Thatcher
1394 1097 38 16 are
1452 1089 56 24 each
1527 1089 132 31 employing
1677 1090 62 31 eight
1760 1096 25 17 or
1804 1094 38 19 ten

1258 1130 60 17 men.
1356 1122 54 24 Two
1423 1123 59 23 flour
1492 1122 61 23 mills
1564 1130 37 15 are
1615 1130 50 16 now
1678 1128 23 18 at
1711 1123 72 29 work,
1798 1123 44 23 and

1259 1165 30 14 we
1308 1163 38 16 are
1367 1157 76 30 eating
1461 1155 134 24 wholesome
1617 1162 68 17 sweet
1697 1156 69 23 bread
1784 1158 58 22 from

1259 1188 207 30 Taranaki-grown
1480 1195 61 17 corn.

1293 1222 53 23 The
1357 1221 109 24 Deborah
1475 1222 43 23 has
1527 1221 58 24 been
1596 1221 55 24 here
1663 1222 35 23 for
1713 1230 62 15 some
1788 1223 55 29 days

1261 1255 145 31 discharging
1414 1261 50 25 part
1474 1256 25 22 of
1508 1263 13 15 a
1528 1263 66 22 cargo
1605 1255 26 23 of
1638 1255 66 28 flour,
1717 1256 56 28 coal,
1790 1255 52 29 &c,

1259 1290 58 23 from
1330 1288 155 25 Launceston.
1521 1288 34 24 Of
1571 1287 37 24 the
1619 1288 59 24 flour
1692 1290 28 22 15
1733 1294 52 18 tons
1794 1289 49 23 sold

1259 1327 22 19 at
1292 1323 54 23 £15
1360 1322 44 23 and
1415 1327 37 18 ten
1466 1327 51 18 tons
1528 1327 23 18 at
1570 1322 54 23 £16
1637 1330 40 23 per
1695 1326 46 19 ton.
1780 1322 64 24 With

1258 1355 39 24 her
1311 1355 131 29 assistance,
1455 1355 39 23 the
1512 1355 104 30 mooring
1634 1355 67 31 buoy,
1712 1355 48 23 laid
1779 1356 63 23 down

1259 1389 29 31 by
1300 1388 39 23 the
1352 1388 121 23 Timandra
1482 1388 49 31 just
1542 1393 42 19 two
1596 1396 67 22 years
1670 1397 50 22 ago,
1732 1388 42 24 has
1786 1390 56 22 been

1259 1421 132 30 exchanged
1402 1422 35 23 for
1448 1430 14 14 a
1473 1429 49 15 new
1534 1429 49 21 one,
1594 1421 70 31 lately
1675 1422 103 23 received
1785 1423 57 22 from

1259 1455 116 31 England.
1410 1455 52 23 The
1474 1454 37 24 old
1522 1463 42 14 one
1576 1463 95 22 appears
1688 1456 61 29 quite
1761 1456 81 28 sound,

1260 1489 51 28 and,
1323 1488 65 23 when
1399 1488 100 30 painted,
1511 1488 46 23 will
1568 1487 28 24 be
1609 1488 46 23 laid
1673 1489 64 22 down
1748 1496 14 15 a
1780 1489 64 23 short

1260 1522 100 23 distance
1371 1522 59 22 from
1449 1521 38 23 the
1496 1521 74 29 shore,
1588 1521 36 23 for
1635 1521 38 23 the
1692 1523 150 23 convenience

1260 1554 24 24 of
1299 1551 66 27 small
1383 1554 85 23 Vessels
1469 1567 33 3 —
1503 1559 40 25 say
1560 1554 64 23 those
1642 1555 71 22 under
1725 1557 49 22 200
1791 1560 51 19 tons

1258 1588 95 24 harden.
1390 1584 57 27 This
1466 1589 122 30 operation,
1605 1587 112 30 however,
1736 1592 61 20 must
1814 1589 29 23 be

1259 1620 126 33 postponed
1391 1621 58 23 ftutil
1463 1621 36 23 the
1510 1620 81 24 arrival
1602 1621 25 23 of
1642 1621 37 24 the
1691 1628 81 24 proper
1780 1622 63 23 sifced

1261 1655 83 23 anchor
1355 1654 57 24 from
1424 1654 101 31 Sydney,
1541 1654 75 24 which
1638 1654 36 24 the
1692 1654 65 31 Lady
1772 1654 73 31 Leigh

1259 1689 21 22 is
1290 1688 109 31 expected
1412 1692 21 19 to
1445 1688 63 23 leave
1520 1691 23 20 at
1557 1688 58 23 New
1626 1687 124 30 Plymouth
1762 1694 29 17 on
1803 1688 40 23 her

1260 1725 77 19 return
1354 1721 58 23 from
1425 1720 92 31 Sydney
1534 1726 23 18 to
1582 1720 86 24 Cook's
1685 1721 91 23 Straits.
1830 1721 12 24 I

1261 1754 66 24 think
1349 1754 63 23 these
1433 1753 120 25 additional
1573 1755 119 29 moorings
1709 1754 46 24 will
1774 1755 27 23 be
1821 1755 25 23 of

1261 1784 106 27 essential
1379 1787 125 29 advantage
1515 1793 22 18 to
1550 1787 37 23 the
1598 1787 128 24 roadstead.

1292 1821 70 23 Some
1382 1820 104 24 valuable
1508 1821 90 23 settlers
1615 1820 58 24 have
1697 1821 69 23 taken
1786 1821 58 23 their

1260 1861 95 24 passage
1373 1854 22 23 in
1414 1854 37 23 the
1464 1858 55 19 next
1536 1854 60 30 ship,
1609 1854 73 23 which
1701 1854 45 24 will
1758 1854 30 23 be
1805 1854 39 23 the

1260 1887 66 23 Bella
1336 1886 105 25 Marina.
1478 1887 46 23 She
1536 1887 19 23 is
1566 1887 111 30 expected
1686 1888 22 22 in
1720 1887 70 23 about
1802 1893 42 18 two

1261 1920 97 22 months.

1293 1953 139 24 Labourers'
1449 1960 75 24 wages
1541 1953 54 23 here
1614 1961 37 16 are
1670 1961 48 16 now
1729 1953 59 24 from
1808 1957 35 20 2s.

1261 1992 22 17 to
1295 1989 37 20 2s.
1346 1986 39 23 6d.
1398 1994 40 22 per
1450 1987 44 28 day
1503 1995 6 19 ;
1537 1992 25 17 fed
1574 1986 50 23 that
1636 1987 37 22 the
1685 1987 82 22 farmer
1779 1987 41 22 has
1831 1995 14 14 a

1261 2025 104 25 prospect
1377 2019 25 23 of
1416 2019 87 30 raising
1524 2019 146 30 agricultural
1680 2019 99 31 produce
1790 2025 24 17 at
1831 2026 14 16 a

1262 2052 112 23 moderate
1387 2056 56 19 cost.
1478 2052 34 23 At
1522 2052 36 23 the
1571 2051 88 24 Nelson
1668 2057 47 19 rate
1727 2053 24 22 of
1761 2060 83 22 wages,

1263 2085 11 23 I
1287 2089 82 19 cannot
1381 2092 36 16 see
1430 2085 50 23 how
1492 2085 36 23 the
1541 2085 114 31 capitalist
1671 2093 40 16 can
1722 2087 54 29 gain
1789 2094 56 22 any-

1263 2119 64 30 thing
1338 2119 30 29 by
1379 2119 106 29 farming.
1522 2118 191 32 Stock-keeping,
1726 2127 29 14 no
1767 2119 77 29 doubt,

1261 2152 19 22 is
1301 2160 12 14 a
1334 2152 73 23 better
1427 2152 103 22 business
1540 2160 6 20 ;
1576 2152 42 22 but
1628 2160 33 15 we
1677 2157 81 19 cannot
1771 2160 25 15 as
1808 2157 37 25 yet

1261 2185 95 30 pretend
1364 2190 22 18 to
1393 2185 77 23 match
1480 2185 86 23 Nelson
1574 2185 24 22 in
1605 2190 122 26 pasturage
1734 2185 35 23 for
1776 2185 69 32 sheep

1262 2223 25 17 or
1298 2218 76 22 cattle.

1294 2251 45 23 We
1355 2251 57 24 have
1424 2248 43 26 had
1479 2251 46 24 fine
1536 2251 107 31 showery
1661 2251 96 24 weather
1768 2251 78 31 lately,

1262 2284 112 24 excellent
1384 2285 35 23 for
1438 2284 38 24 the
1487 2289 110 26 potatoes,
1618 2286 37 22 the
1672 2286 102 30 growing
1793 2290 53 27 crop'

1263 2317 24 23 of
1303 2317 82 24 Indian
1398 2326 60 20 corn,
1472 2318 45 23 and
1531 2318 137 29 vegetables.

1295 2348 57 34 [We
1365 2352 62 22 learn
1439 2352 49 22 that
1499 2351 37 24 the
1549 2350 98 25 Theresa
1658 2360 45 15 was
1714 2350 24 25 in
1750 2359 13 16 a
1774 2353 71 22 situa-

1263 2385 47 22 tion
1322 2385 26 22 of
1362 2388 64 27 great
1435 2384 58 32 peril
1500 2383 64 25 while
1574 2385 33 22 off
1616 2385 125 24 Taranaki.
1778 2385 68 24 After

1263 2418 104 30 carrying
1379 2425 61 23 away
1452 2418 39 23 the
1503 2418 58 31 buoy
1574 2418 26 23 of
1616 2418 37 24 the
1666 2419 122 30 moorings,
1805 2419 40 23 she

1263 2459 44 15 was
1319 2451 98 31 brought
1429 2458 30 24 up
1471 2451 30 31 by
1516 2451 39 24 her
1567 2451 85 24 anchor
1670 2450 77 25 within
1758 2460 15 15 a
1793 2452 53 23 mile

1263 2485 42 22 and
1318 2484 50 23 half
1382 2484 27 24 of
1421 2484 38 24 the
1478 2485 75 23 shore.
1590 2484 25 24 If
1630 2493 81 24 proper
1731 2493 50 15 care
1802 2486 44 22 had

1262 2518 56 23 been
1330 2517 70 24 taken
1410 2519 25 22 in
1447 2517 38 24 the
1498 2523 97 26 stowage
1607 2519 26 22 of
1648 2519 40 22 her
1696 2526 74 23 cargo,
1779 2526 67 23 every

1263 2551 77 23 article
1359 2551 34 23 for
1412 2551 58 24 New
1482 2552 124 30 Plymouth
1624 2552 75 31 might
1711 2553 58 22 have
1788 2552 57 23 been

1262 2584 80 23 landed
1358 2585 54 22 with
1430 2592 52 16 ease
1494 2592 29 16 on
1539 2585 38 23 the
1590 2585 52 24 first
1659 2591 43 18 two
1715 2585 55 31 days
1790 2585 57 24 after

1262 2618 39 22 her
1313 2618 89 29 arrival,
1416 2618 64 23 When
1492 2618 38 24 the
1541 2618 99 24 weather
1654 2627 47 15 was
1712 2618 135 31 beautifully

1261 2651 45 23 fine
1317 2660 6 18 ;
1352 2651 88 24 instead
1451 2650 26 24 of
1492 2651 72 24 which
1584 2652 39 23 the
1644 2652 52 23 hold
1714 2652 44 23 had
1777 2657 23 18 to
1818 2653 29 22 be

1263 2684 118 23 ransacted
1396 2684 35 24 for
1443 2691 13 17 a
1473 2684 101 32 package
1586 2686 54 22 here
1659 2686 44 23 and
1715 2686 70 29 there,
1803 2686 44 24 and

1263 2717 36 23 the
1317 2717 75 24 vessel
1409 2717 104 24 detained
1532 2726 15 15 a
1564 2719 111 30 fortnight
1696 2720 23 22 in
1739 2727 30 15 an
1790 2726 58 24 open

1263 2750 120 24 roadstead
1399 2751 24 23 in
1435 2758 162 24 consequence.
1633 2752 64 24 Witb
1717 2757 90 26 respect
1825 2757 23 19 to

1263 2784 37 23 the
1318 2784 92 30 opinion
1423 2785 121 30 expressed
1561 2786 31 30 by
1604 2792 42 17 our
1664 2787 184 30 co-respondent,

1264 2817 47 24 that
1323 2816 39 24 the
1374 2816 102 25 Maories
1489 2824 80 18 cannot
1580 2819 69 23 resist
1661 2819 37 24 the
1713 2820 136 31 temptation

1264 2851 24 23 of
1303 2850 123 32 European
1444 2849 115 29 valuables
1570 2852 25 23 in
1611 2858 108 26 payment
1736 2853 35 23 for
1790 2851 59 26 their

1264 2884 60 28 land,
1336 2888 34 19 We
1390 2885 111 23 entertain
1512 2891 61 18 some
1592 2885 91 25 doubts.
1718 2887 25 23 A
1762 2886 86 31 sample

1264 2915 25 25 of
1303 2918 38 22 the
1354 2917 77 24 effects
1442 2917 72 33 likely
1525 2924 24 18 to
1565 2919 72 24 result
1649 2919 59 24 from
1720 2920 37 23 the
1774 2920 75 31 policy

1263 2950 25 23 of
1302 2950 38 24 the
1358 2955 91 26 present
1468 2951 157 25 Government
1644 2957 52 27 may
1707 2953 28 23 be
1753 2959 55 17 seen
1820 2959 29 17 on

1263 2983 36 24 the
1313 2983 77 30 Hutt^
1417 2983 44 25 add
1473 2992 33 17 we
1518 2985 66 24 think
1600 2987 19 22 it
1630 2985 45 26 will
1685 2991 70 27 prove
1767 2990 80 20 conta-

1262 3016 159 32 gious.—-Ed;
1433 3016 89 26 Nels&n
1532 3016 151 35 E&dntiner.]

1295 3075 120 24 Accounts
1426 3076 58 24 have
1496 3077 65 23 been'
1572 3077 103 24 received
1686 3077 25 24 of
1726 3077 40 23 the
1782 3077 68 24 death

1264 3108 25 23 of
1304 3108 45 23 Dr.
1362 3108 31 25 A.
1407 3109 71 29 Petit,
1491 3110 51 23 who
1551 3115 47 18 Was
1609 3114 95 20 seat'oU
1713 3118 14 16 a
1739 3111 112 24 scientific

1261 3142 98 22 mission
1380 3147 23 19 to
1426 3143 135 30 Abyssmk^
1582 3143 30 31 by
1633 3143 40 24 t%«
1696 3143 109 25 Museum
1827 3145 25 23 of

1262 3175 100 23 Natural
1373 3175 107 32 -History
1492 3176 25 23 of
1531 3176 75 25 Paris'.
1644 3177 30 24 In
1685 3178 103 31 crossing
1788 3186 2 6 1
1808 3185 43 16 one

1266 3208 24 23 of
1304 3208 40 23 the
1364 3206 111 27 branches
1497 3209 25 24 of
1539 3209 42 25 the
1601 3207 61 27 Blue
1681 3208 63 33 Nile,
1758 3211 30 24 he
1805 3218 46 16 was

1261 3241 76 23 seized
1349 3239 31 32 by
1392 3251 13 15 a
1417 3242 112 25 crocodile
1539 3242 45 25 and
1595 3242 122 26 devoured.

1296 3274 52 24 Her
1372 3274 101 33 Majesty
1497 3276 42 24 has
1560 3277 96 31 granted
1678 3286 14 15 a
1711 3278 97 31 pension
1829 3278 25 23 of

1263 3308 73 23 £200
1353 3315 40 24 per
1409 3317 85 16 annum
1507 3314 23 19 to
1548 3309 39 25 Sir
1598 3306 104 29 William
1721 3310 130 30 Hamilton,

1265 3341 121 24 Professor
1396 3342 25 24 of
1435 3343 148 31 Astronomy,
1593 3344 45 23 and
1650 3343 124 25 President
1780 3345 25 23 of
1814 3345 39 23 the

1266 3373 77 29 Royal
1356 3375 62 24 Irish
1438 3375 126 33 AtaSemy.

2114 3081 123 20 DUTIES.

1878 3104 99 22 British
1989 3105 91 22 Spirits
2296 3106 33 20 4s.
2338 3112 40 21 per
2385 3105 74 28 gallon.

1878 3131 106 21 Foreign
1996 3131 57 22 ditto
2296 3132 33 22 ss.
2338 3139 40 20 per
2384 3131 75 29 gallon.

1877 3158 107 22 Tobacco
1994 3158 178 29 manufactured,
2299 3159 31 21 Is.
2337 3165 41 21 per
2385 3159 30 22 lb.

1993 3185 218 23 Unmanufactured.
2218 3199 5 7 .
2230 3199 8 7 »
2246 3200 5 6 .
2261 3200 6 6 .
2274 3200 5 6 .
2295 3185 39 22 Yd.
2343 3192 40 21 per
2390 3186 28 22 lb.

1878 3213 76 21 Snuff
2298 3214 32 21 2s.
2338 3213 75 27 perlb.

1879 3238 88 23 Cigars
2299 3241 32 21 2s.
2340 3247 40 22 per
2386 3239 28 22 lb.

1879 3264 83 24 Wlfcfes
2290 3266 25 22 15
2329 3269 100 26 percent.

1880 3293 56 26 Tea,
1950 3293 86 28 Sdgar-,
2054 3293 87 28 Floor,

1898 3320 46 22 and
1952 3320 66 22 other
2028 3321 88 28 Grain,
2126 3323 13 20 5
2148 3328 42 21 per
2199 3324 60 19 cent.
2271 3316 4 27 I
2285 3334 3 4 •
2316 3334 12 15 A

1880 3347 40 22 All
1928 3347 64 22 other
2001 3348 108 23 Foreign
2115 3348 144 28 productions
2268 3335 62 47 fad
2412 3342 27 15 18-

1893 3374 45 22 and
1943 3376 170 22 manufactures
2120 3378 26 20 10
2152 3383 41 19 per
2200 3378 58 19 cent.
2264 3371 12 31 J

2084 3401 189 25 EXCHANGE.

1882 3442 127 24 IWMI.,
2019 3451 29 15 on
2058 3443 97 24 London
2170 3443 4 4 '
2185 3428 274 58 {»&*s%££

1882 3483 144 28 OnSydney.
2033 3495 171 10 ........<....
2301 3483 74 24 Ditto.

1882 3510 89 23 Private
1979 3511 53 22 bills
2116 3524 101 11 ..._.,...
2237 3534 8 2 _
2280 3512 112 23 Nominal.

1902 3555 40 17 The
1953 3555 49 17 New
2012 3553 100 19 ZiASitfb
2122 3555 138 18 GASXtzkand
2412 3556 51 16 Smo-

1882 3578 64 14 tatoß
1951 3576 16 16 Ib
1973 3576 99 21 published
2077 3580 56 17 every
2138 3576 116 18 Wednesday
2264 3578 37 17 and
2310 3578 92 19 Saturday.
2421 3576 40 17 Sub*

1880 3597 64 21 jrt-nei
1949 3601 30 12 ate
1986 3595 32 18 the
2024 3596 57 17 tertas
2085 3601 29 10 :—

1903 3618 142 18 PuMoliai
2052 3618 96 17 PABsa.—
2148 3618 58 21 Porty
2209 3618 87 22 (hillings
2301 3623 33 18 per
2342 3620 72 18 *natn»>
2425 3619 36 20 V*T

1882 3637 40 19 able
1928 3639 20 16 in
1954 3639 81 16 advance
2040 3644 5 14 ;
2056 3643 21 12 or
2082 3639 87 20 sixpence
2175 3639 29 17 for
2209 3639 61 23 single
2280 3641 91 17 numbers.

1903 3660 31 17 All
1939 3660 67 19 orders,
2016 3660 161 21 advertisement*,
2187 3661 38 16 awd
2434 3659 26 16 th#

1883 3679 70 21 Editor,
1957 3684 31 13 are
1993 3681 99 20 requested
2098 3682 19 15 to
2123 3682 23 16 be
2152 3681 100 17 addressed
2257 3684 20 14 to
2281 3683 39 16 this
2326 3681 61 18 Offloe.

1903 3700 158 18 Advertisements
2149 3706 67 18 appear
2225 3702 22 17 in
2257 3700 32 20 the
2299 3703 77 21 ensuing
2386 3702 70 17 numbM

1882 3723 17 17 if
1906 3722 84 17 received
1995 3722 48 17 later
2048 3722 46 17 than
2106 3724 21 16 10
2134 3723 74 19 o'clock,
2213 3728 52 15 a.m.,
2271 3728 23 13 on
2301 3724 127 19 ttte-mornrags
2433 3720 20 18 W
2453 3723 7 9 k

1881 3744 37 16 fore
1932 3742 121 22 publication.
2073 3743 160 20 Advertisements
2246 3744 39 18 will
2294 3745 22 16 be
2326 3744 95 17 continued
2427 3740 31 19 and

1881 3764 79 21 charged
1970 3764 50 16 until
2028 3766 172 20 counter-otdered;'
2208 3765 47 17 iuoh
2260 3766 52 16 order
2317 3764 76 19 mustte
2400 3764 39 17 sent
2443 3763 16 15 to

1882 3785 31 17 the
1922 3784 56 17 Office'
1989 3785 37 17 two
2045 3785 44 21 days
2179 3784 119 24 publication,
2303 3786 44 17 .and
2354 3787 50 16 must
2411 3785 21 16 b»
2440 3783 18 16 is

1882 3806 78 20 writing.
1983 3806 159 18 Advertisements
2154 3807 85 18 received
2256 3806 52 23 after
2325 3806 21 18 10
2361 3806 64 17 o'clock
2438 3806 19 14 od

1882 3827 83 19 Tuesday
1976 3827 38 17 and
2024 3827 68 22 Friday
2102 3829 95 21 mornings
2208 3827 38 17 will
2255 3829 23 15 be
2289 3828 76 20 charged
2376 3827 49 17 twice
2433 3824 26 16 the

1882 3848 54 15 usual
1941 3849 54 14 rates.

1261 3430 243 40 WHOLESALE
1511 3432 127 30 PRICES
1661 3430 186 40 CURRENT.

2030 3886 76 16 Printed
2119 3887 36 16 and
2168 3884 100 23 published
2285 3890 54 16 every
2355 3882 104 20 Wedneidtjr

1903 3905 89 21 morning,
2006 3907 24 19 Uy
2049 3907 85 17 S&mssx,
2148 3908 89 17 RsVans,
2255 3907 20 16 at
2289 3907 32 17 the
2335 3902 55 22 Offlcls
2406 3905 19 16 of
2434 3905 25 13 tne

1903 3952 44 13 tob.
1957 3947 158 23 Muratti*trt«t(
2124 3947 116 23 W«tt»g<ob,
2250 3945 52 21 •*«*
2310 3941 102 25 NftKtlafo
2421 3942 38 21 W*

1904 3969 84 18 Zealand.
2153 3970 4 2 '
2394 3972 6 17 \

655 123 37 23 the
702 123 49 28 ship
760 132 43 14 was
819 122 24 24 oT
855 123 110 23 sufficient
979 122 63 25 value
1057 127 54 21 with
1123 128 61 25 those
1193 131 40 22 de-

652 152 65 20 fects;
738 159 4 4 -
746 151 103 26 Besides/
853 151 149 23 mißdirectibn
1010 159 28 15 on
1048 160 13 14 a
1071 160 61 16 mere
1141 157 92 24 collate-

652 178 33 20 ral
697 177 73 29 point-
777 177 19 21 is
807 182 45 16 not
894 177 96 27 ground,
996 178 34 22 for
1045 187 14 14 a
1073 180 55 23 new'
1137 180 78 26 trial—
1215 185 22 22 if

654 203 62 23 there
730 210 42 14 was
787 203 88 26 enough
890 207 23 18 to
1031 207 37 21 the
1079 208 91 25 verdicJL
1198 212 35 22 As

653 231 34 21 for
696 228 43 24 the-
743 229 140 23 defendant's
897 230 105 29 candour;
1014 232 36 22 the
1059 233 120 30 plaintiff's
1188 238 43 22 had

653 259 23 18 at
689 256 62 22 least-
759 256 56 22 been
832 258 66 25 equal
913 260 21 20 to
949 259 23 26 it,
988 258 47 22 and
1050 267 24 14 so
1089 259 37 23 the
1138 260 95 27 learned

652 282 75 28 Judge
731 282 44 27 intf
777 283 73 21 mated
859 288 24 17 at
893 284 36 23 the
940 285 56 22 trial.
1026 287 35 21 On
1069 286 39 23 the
1113 291 86 25 ground
1209 292 27 21 of
1240 294 1 12 '

649 309 114 21 -excessive
769 309 107 27 damages
886 311 37 22 the
938 312 107 22 affidavits
1059 321 38 14 are
1114 313 110 26 defective

652 335 99 21 because'
760 335 53 28 they
827 336 60 22 refer
899 342 26 18 to
944 339 106 22 evidence
1068 340 73 23 which
1161 344 72 24 might
1240 346 1 7 '

650 361 58 22 have
719 361 55 22 been
784 363 196 28 produced.'^The
995 366 113 23 affidavits
1116 368 70 24 about
1196 371 37 22 the
1240 372 2 13 ;

650 387 98 28 plaintiff
762 389 107 27 choosing
882 390 34 22 his
932 398 49 15 own
998 392 53 22 land
1068 400 57 15 were
1142 396 27 21 of
1189 396 44 24 this
1240 408 2 4 ■

651 415 84 26 nature,
755 414 45 23 and
809 418 90 24 'Strange
916 415 108 25 affidavits
1041 419 53 28 they
1110 428 44 15 are.
1184 424 47 22 The

650 441 81 27 parties
745 446 58 17 want
821 445 23 18 to
861 444 59 21 show
927 443 40 23 the
982 445 66 23 Court
1062 446 49 22 that
1129 448 54 28 they
1195 451 37 22 did

649 468 40 20 n6t
711 467 65 22 know
793 468 18 21 it
829 471 23 19 at
869 469 38 23 the
924 471 60 26 time,
1004 473 45 21 and
1065 473 53 28 they
1136 478 97 24 proceed

650 493 51 22 thus
709 494 83 22 {—The
807 494 120 24 defendant
943 495 52 24 does
1010 501 40 19 not
1065 507 70 16 swear
1152 502 29 23 he
1195 504 38 23 did

648 523 40 18 not
697 521 65 21 know
770 521 29 21 it:
812 520 40 22 the
868 523 139 23 defendant's
1016 526 97 22 solicitor
1129 527 54 24 does
1193 536 40 17 not

648 551 70 17 sweat
731 547 27 21 he
775 546 39 23 did
831 551 41 19 not
890 549 64 23 know
971 551 17 21 it
995 558 6 19 ;
1024 552 41 22 but
1082 553 38 22 the
1134 556 99 23 solicitor

648 579 80 16 swears
736 575 25 20 he
770 574 84 21 believes
868 575 38 23 the
921 575 119 25 defendant
1056 579 38 22 did
1111 585 39 17 not
1165 582 66 23 know

648 599 24 22 it.
699 600 34 21 To
743 601 64 21 make
821 601 38 22 the
875 603 113 28 absurdity
1003 607 117 27 complete,
1137 608 38 22 the
1192 610 40 22 de-

648 628 94 20 fendant
754 628 67 27 ought
830 632 24 18 to
862 628 57 23 have
930 635 70 18 Sworn
1017 633 26 20 he
1052 634 86 21 believes
1148 636 38 22 the
1197 644 35 15 so-

648 653 72 22 licitor
728 653 39 22 did
774 659 39 17 not
828 655 64 23 know
901 657 24 21 it.
955 657 35 23 No
1007 661 99 24 grounds
1115 668 37 15 are
1162 663 68 25 given

648 681 34 20 for
691 681 38 20 the
738 682 116 21 solicitor's
871 683 77 28 belief;
965 691 29 15 no
1005 687 52 21 time
1070 687 20 21 is
1100 690 131 22 mentioned

648 708 63 20 when
721 708 35 20 the
766 715 62 22 maps
837 709 46 21 and
890 710 72 22 books
974 712 26 21 of
1011 712 36 22 the
1058 713 57 22 New
1128 714 103 25 Zealand

648 734 114 27 Company
775 740 57 16 were
847 735 120 29 inspected,
985 739 44 22 and
1047 740 17 22 it
1082 740 72 28 might
1172 742 59 24 have

648 762 56 20 been
715 762 73 20 before
795 762 64 27 trial;
875 763 40 22 but
923 769 24 17 as
963 764 37 23 the
1010 767 121 22 defendant
1139 775 52 20 saya
1202 771 29 22 he

648 790 45 21 met
701 786 38 22 the
755 786 97 29 plaintiff
861 793 23 17 at
893 796 14 16 a
923 791 98 28 meeting
1035 797 22 18 to
1072 793 81 24 choose
1169 796 53 23 land

648 814 37 21 the
700 814 89 22 learned
805 815 118 23 solicitor's
939 817 69 23 belief
1024 827 55 20 may
1097 819 29 24 be
1145 829 78 17 wrone

647 840 33 22 As
690 843 22 19 to
720 840 38 23 the
768 842 122 27 complaint
898 843 49 23 that
962 844 38 23 the
1016 846 141 25 defendant's
1173 842 59 32 leijai

647 867 99 22 advisers
755 873 55 17 were
818 865 99 28 hurried
931 871 24 22 in
969 870 92 31 making
1075 882 30 20 up
1115 875 37 22 the
1163 876 67 26 issue,

648 896 18 18 it
683 894 80 22 should
781 894 56 23 have
854 895 59 23 been
931 900 118 25 supported
1073 900 28 27 by
1122 901 101 26 affidavit

647 920 63 27 They
719 926 37 17 are
765 924 64 19 acute
849 923 88 27 enough
953 928 24 18 to
992 929 41 23 put
1047 926 38 23 the
1103 927 94 27 delence
1206 930 24 23 in

648 948 35 19 the
701 948 52 21 beat
769 953 55 22 way.
862 949 34 22 As
915 954 22 18 to
953 951 104 29 bringing
1079 960 84 22 money
1182 957 48 22 into

648 974 74 25 Court,
732 974 21 21 if
762 979 46 23 any
818 982 18 14 is
846 974 98 29 brought
952 977 31 28 in,
989 979 31 21 all
1028 984 59 19 must
1095 981 30 22 be
1134 979 97 30 brought

647 1006 30 15 m.
1191 1002 13 9 °

675 1033 45 23 Mr.
732 1033 128 29 Wakefield,
871 1033 25 26 in
904 1041 91 25 support
1003 1039 26 22 of
1040 1038 38 24 the
1087 1041 47 23 rule
1144 1043 87 28 said,—

647 1062 28 20 he
683 1062 79 21 should
773 1065 39 18 not
821 1062 87 28 dispute
918 1064 33 23 his
958 1064 92 25 learned
1059 1066 74 24 friend
1141 1077 10 14 s
1162 1076 69 17 state-

648 1090 62 19 ment
720 1087 25 22 of
755 1088 38 22 the
802 1088 50 28 law,
862 1097 25 14 as
901 1089 29 24 he
944 1092 108 24 admitted
1067 1094 62 22 thsre
1141 1104 45 15 was
1198 1104 31 16 no

647 1115 86 25 ground
742 1115 33 22 for
785 1123 28 14 an
823 1122 71 17 arrest
909 1118 27 21 of
942 1119 119 27 judgment
1078 1126 25 17 Or
1118 1127 49 18 new
1179 1125 51 21 trial

648 1143 21 20 in
678 1142 111 27 England,
799 1143 41 22 but
854 1143 54 23 here
922 1145 19 22 it
957 1152 45 16 was
1017 1147 110 23 different.
1155 1151 75 23 There

647 1173 43 16 was
701 1175 29 14 no
742 1169 66 22 Court
816 1170 46 21 like
871 1170 44 23 this
923 1173 23 21 in
956 1178 44 22 any
1009 1180 50 21 part
1068 1176 27 20 of
1101 1176 37 22 the
1149 1179 77 21 world.

648 1195 22 21 It
680 1200 43 16 was
734 1195 51 22 both
794 1203 13 14 a
817 1195 68 24 Court
894 1198 26 22 of
930 1199 54 22 Law
993 1201 43 22 and
1046 1202 26 21 of
1078 1202 84 26 Equity
1169 1212 6 12 :
1192 1205 38 23 the

648 1221 68 22 Court
734 1221 61 22 itself
812 1230 24 14 or
852 1223 29 22 its
903 1224 73 29 Judge
996 1228 103 26 presided
1121 1237 54 16 over
1193 1232 37 22 the

647 1254 64 21 issue,
733 1249 43 22 and
796 1257 42 14 was
856 1253 134 22 answerable
1014 1255 35 21 for
1063 1256 19 20 it
1103 1257 44 21 and
1170 1264 61 16 must

648 1275 83 22 amend
746 1276 58 22 what
821 1283 43 15 was
880 1278 78 28 faulty.
1002 1280 108 28 Injustice
1119 1283 44 22 had
1176 1285 55 23 beea

648 1303 57 21 done
726 1303 34 20 the
775 1303 122 23 defendant
916 1307 140 27 somewhere,
1076 1310 45 21 ami
1140 1311 29 21 he
1190 1313 38 21 the

648 1329 92 21 learned
750 1330 88 23 counsel
854 1332 123 24 contended
991 1335 18 21 it
1024 1342 44 15 was
1083 1336 58 22 done
1151 1339 31 26 by
1193 1340 38 21 the

649 1357 75 20 Court.
753 1357 32 22 At
794 1357 29 22 all
831 1364 86 22 events,
928 1361 18 21 it
961 1367 43 16 was
1019 1361 58 23 done
1087 1365 143 23 somewhere.

652 1384 43 20 The
706 1384 74 28 Judge
790 1384 78 23 should
877 1385 57 24 have
943 1388 48 22 said
1029 1389 42 21 this
1085 1390 19 20 is
1115 1397 12 14 a
1137 1399 51 15 case
1197 1393 34 22 for

649 1416 83 21 equity,
764 1413 38 22 but
815 1411 50 24 that
880 1420 44 15 was
939 1414 132 24 overlooked
1086 1417 57 22 both-
1154 1419 29 26 by
1193 1421 38 21 the

649 1438 74 25 Judge
733 1440 41 21 and
789 1440 37 22 the
843 1438 141 25 defendant's
993 1443 97 22 counsel.
1118 1445 48 22 The
1177 1447 51 25 skip

651 1470 42 14 was
709 1464 68 23 worth
796 1463 95 31 nothing
911 1469 92 21 without
1021 1477 13 14 a
1052 1471 56 26 title,
1122 1473 47 22 and
1188 1474 43 22 this

648 1495 68 17 never
724 1499 64 16 came
798 1494 75 21 before
888 1494 37 24 the
938 1496 60 27 jury.
1026 1497 122 29 Assuming
1158 1501 42 22 her
1209 1502 26 21 of

648 1524 29 13 no
688 1519 71 27 value,
770 1520 44 23 had
824 1527 40 16 not
873 1521 37 22 the
921 1523 121 22 defendant
1049 1531 15 14 a
1072 1525 60 26 right
1141 1531 24 17 to
1175 1528 55 22 hold

650 1544 35 21 the
695 1548 128 22 securities?
850 1548 54 22 This
918 1550 19 22 is
946 1557 15 15 a
976 1550 110 23 sufficient
1099 1555 88 24 ground
1197 1556 22 21 fo
1221 1566 11 15 r

650 1572 36 19 the
696 1574 146 23 interference
861 1576 26 21 of
897 1577 38 22 the
949 1577 75 28 Court,
1034 1579 85 28 though
1129 1588 29 15 no
1169 1584 64 24 other

647 1600 70 20 Court
727 1600 64 23 could
801 1602 28 22 do
838 1610 31 14 so.
899 1604 29 22 In
944 1605 31 21 ail
983 1607 39 21 the
1036 1612 63 16 cases
1111 1612 83 23 quoted
1203 1619 29 16 on

650 1627 36 22 the
697 1627 63 22 other
769 1629 46 22 side
833 1630 37 22 the
887 1633 81 25 parties
978 1640 55 16 were
1043 1635 150 25 interested—
1194 1640 37 23 thfe

649 1655 37 20 the
697 1655 119 23 defendant
826 1664 28 14 on
864 1658 38 22 the
912 1660 62 21 other
983 1660 60 25 hand
1050 1662 39 23 has
1095 1670 30 15 no
1131 1666 92 23 interest

650 1684 37 19 not
697 1687 56 16 even
764 1689 13 15 a
786 1685 148 23 commission.
963 1688 21 20 A
991 1686 39 25 bill
1038 1691 27 21 of
1071 1692 80 23 review
1158 1697 74 21 would

650 1712 48 17 now
719 1713 58 18 meet
795 1710 35 22 the
843 1713 82 25 justice
942 1715 27 23 of
981 1715 37 23 the
1028 1725 57 14 case.
1114 1718 60 26 That
1186 1724 19 21 is
1218 1731 14 14 a

650 1736 131 28 proceeding
795 1738 73 22 where
885 1740 61 23 there
963 1742 39 23 has
1018 1744 55 23 been
1089 1753 31 15 an
1134 1755 61 16 error
1207 1753 24 20 in

650 1769 12 14 a
673 1763 78 22 decree
761 1771 24 15 m
795 1769 81 23 equity.
907 1768 47 26 (He
963 1772 83 25 quoted
1056 1773 90 24 Smith's
1158 1776 73 24 Chan-

650 1790 167 26 ceryPrantwe
843 1793 44 23 vol.
898 1796 20 25 2,
936 1802 20 21 p.
967 1798 43 26 49.)
1039 1800 22 21 A
1072 1800 38 21 bill
1126 1802 25 22 of
1162 1804 69 23 inter-

650 1818 90 26 pleader
756 1824 44 17 was
815 1819 37 22 the
866 1828 80 21 proper
960 1830 83 26 course,
1054 1827 43 22 and
1115 1828 36 23 the
1169 1832 64 22 other

649 1847 64 23 party
724 1844 43 22 had
786 1851 27 17 flo
832 1849 60 25 right
907 1854 22 16 to
946 1851 63 27 place
1026 1853 36 22 the
1074 1854 124 26 defendant
1207 1859 24 22 in

650 1871 43 21 this
710 1877 100 23 position,
829 1875 35 20 for
878 1876 37 22 the
932 1878 99 27 plaintiff
1040 1881 65 22 could
1119 1887 38 18 not
1174 1885 57 23 have

650 1898 122 26 proceeded
800 1901 93 23 without
922 1904 141 25 defendant's
1090 1908 133 26 admissions

649 1924 47 22 The
713 1929 76 24 giving
805 1935 15 15 U
822 1936 13 19 p
854 1930 26 20 of
898 1930 37 22 the
949 1931 54 23 land
1023 1934 74 23 orders
1115 1945 28 13 no
1163 1939 59 22 doub

650 1951 108 23 admitted
776 1954 37 22 the
831 1955 50 28 law,
906 1958 44 22 and
972 1960 54 27 only
1043 1960 40 24 left
1106 1964 18 21 it
1148 1968 22 18 to
1195 1967 36 21 the

647 1985 52 20 jury
715 1982 22 18 to
753 1986 69 17 assess
838 1983 39 22 the
897 1985 111 28 damages,
1023 1986 42 24 but
1084 1990 37 21 the
1137 1992 95 25 Judge's

651 2005 189 25 toisdirectioiiM
863 2012 107 26 material,
994 2000 100 38 fb/the
1125 2001 74 39 wan*
1209 2021 25 20 of

650 2032 60 26 legal
726 2035 25 19 tit
760 2041 12 13 c
787 2035 78 23 should
880 2037 57 22 have
952 2040 55 21 been
1023 2046 39 25 put
1076 2051 25 14 as
1120 2052 27 14 an
1163 2047 68 21 infer-

650 2066 55 17 ence
716 2059 25 21 of
752 2061 36 21 the
804 2063 75 22 Court.
908 2065 48 22 The
970 2068 62 26 spirit
1047 2070 25 21 of
1084 2077 40 15 our
1134 2073 99 25 applica-

652 2092 43 18 tion
706 2092 19 15 is
736 2087 46 22 that
800 2089 37 22 the
856 2092 67 21 Court
938 2094 43 21 will
996 2095 28 21 do
1035 2096 147 29 justice-he,
1195 2100 37 23 the

650 2113 91 23 learned
750 2118 88 21 counsel
849 2119 68 23 asked
926 2121 55 22 this:
996 2122 49 30 th>t
1063 2125 35 21 the
1109 2125 124 25 defendant

651 2141 84 24 having
744 2148 27 14 no
781 2146 93 21 interest
883 2148 23 20 in
924 2149 37 21 the
971 2149 85 27 subject
1065 2155 80 20 matter
1155 2155 23 21 in
1190 2152 43 24 dis-

651 2176 13 34 s
667 2176 12 24 ?ff*'Jr?
675 2171 83 39 ff*'Jr
769 2171 15 20 C
779 2201 6 9 .
786 2178 27 14 0U
814 2176 20 34 ?
843 2172 79 23 should
923 2201 5 5 .
939 2176 30 22 do
983 2176 8 27 J
996 2178 67 22 astice
1066 2195 4 5 -
1101 2178 22 23 A
1134 2182 56 21 total
1198 2183 35 20 in-

651 2196 117 22 difference
779 2201 21 18 to
810 2199 37 22 the
865 2205 93 23 position
978 2204 22 21 of
1014 2204 36 23 the
1062 2206 122 24 defendant
1194 2209 39 21 has

652 2224 25 38 S?
679 2230 28 14 en
715 2224 126 30 .betrayed;
864 2230 72 27 equity
953 2234 38 18 has
1007 2231 56 23 been
1083 2235 148 27 overlooked;

652 2253 35 18 the
709 2253 120 22 defendant
842 2255 42 23 has
897 2261 40 18 not
955 2258 54 22 been
1021 2259 115 28 'regarded
1151 2270 25 14 as
1192 2269 40 15 one

652 2281 82 23 having
743 2285 28 15 no
788 2284 102 26 interest;
906 2284 37 22 the
958 2286 69 27 judge
1037 2288 50 21 who
1096 2289 102 26 presided
1209 2294 24 18 at

651 2305 36 20 the
697 2312 58 15 issue
765 2307 37 23 did
815 2314 42 17 not
871 2311 66 22 think
953 2312 25 22 of
988 2314 81 29 it-^the
1090 2316 89 22 counsel
1190 2317 44 22 for-

650 2336 39 21 got
697 2337 24 17 it.
750 2336 25 19 If
786 2336 43 22 tins
836 2342 21 16 is
867 2343 41 16 not
915 2338 99 29 granted,
1021 2336 64 28 'there
1095 2343 20 21 is
1124 2350 28 14 no
1162 2344 72 27 safety

651 2364 23 15 in
684 2362 79 21 future.
793 2363 32 22 As
835 2364 34 21 for
880 2372 12 14 a
902 2371 49 17 new
969 2364 49 25 trial
1032 2369 17 21 it
1057 2367 19 23 is
1087 2376 50 15 now
1147 2371 84 22 insuffi-

652 2390 57 17 cient
718 2390 23 18 to
751 2394 58 17 meet
819 2390 37 23 the
867 2392 81 26 justice
965 2393 25 21 Of
1001 2394 37 22 the
1049 2403 48 15 case
1105 2404 6 20 ;
1129 2397 59 22 what
1196 2399 36 26 he,

652 2417 36 16 the
704 2417 91 20 learned
810 2419 91 21 counsel
918 2420 71 22 would
1005 2419 44 25 like
1066 2430 52 19 was,
1129 2430 13 15 a
1156 2425 40 22 bill
1211 2426 27 21 of

652 2446 89 17 review.

680 2473 44 24 Mr.
736 2474 58 24 Hart
803 2475 103 25 followed
916 2486 28 15 on
955 2480 37 22 the
1003 2488 60 15 same
1073 2482 56 23 side.
1158 2484 25 21 If
1196 2484 37 22 the

652 2502 57 26 legal
726 2502 95 23 advisers
837 2504 26 22 of
875 2504 36 23 the
923 2506 122 23 defendant
1059 2509 45 22 had
1115 2510 55 23 been
1181 2512 53 21 mis-

652 2530 72 27 taken,
740 2530 18 21 it
775 2538 44 14 was
836 2538 30 15 on
885 2540 13 13 a
915 2534 62 26 point
995 2542 29 14 on
1040 2536 72 22 which
1129 2545 45 19 any
1190 2546 43 14 one

652 2557 71 26 might
732 2557 56 22 have
796 2557 58 22 been
866 2560 116 27 mistaken,
992 2562 35 21 for
1040 2562 37 23 the
1087 2564 59 21 rules
1156 2565 28 21 do
1196 2570 39 17 not

652 2583 35 26 lay
698 2584 65 23 down
772 2592 44 20 any
827 2591 77 18 course
915 2587 24 22 of
954 2589 138 28 proceeding.
1123 2590 47 26 (He
1180 2592 53 22 then

652 2611 52 22 read
723 2613 84 21 several
817 2611 28 23 of
862 2611 37 24 the
909 2614 65 28 rules,
985 2616 38 21 the
1042 2618 58 26 10th,
1111 2618 59 25 26th,
1189 2619 46 22 and

652 2638 59 27 70th,
723 2646 32 14 we
770 2637 141 30 understood,
927 2646 22 17 to
965 2649 67 20 prove
1048 2643 49 22 that
1112 2644 37 23 the
1165 2646 70 22 Court

652 2666 163 27 contemplated
838 2665 112 29 equitable
971 2670 163 28 proceedings.)
1176 2673 58 21 Both

653 2692 36 22 the
699 2700 83 19 powers
793 2693 43 22 and
845 2694 121 23 intentions
976 2696 25 21 of
1008 2696 36 24 the
1059 2699 87 26 captain
1162 2700 73 27 might

652 2720 130 27 reas6nably
792 2720 27 22 be
829 2722 115 26 suspected
951 2730 6 19 ;
972 2722 28 23 he
1010 2724 72 28 might
1095 2725 56 22 have
1162 2730 73 18 trans-

653 2745 72 22 ferred
742 2746 35 22 the
793 2747 49 27 ship
864 2748 45 22 and
928 2748 97 29 register,
1045 2751 47 22 and
1106 2752 53 22 then
1177 2754 58 22 have

652 2779 57 20 gone
720 2776 22 18 to
752 2781 13 14 a
781 2774 134 29 magistrate,
933 2776 44 22 and
987 2779 84 21 treated
1088 2778 38 22 the
1143 2780 92 22 defend-

654 2802 38 18 ant
711 2807 24 14 as
749 2808 14 14 a
775 2804 119 25 trespasser
917 2809 24 16 as
964 2810 54 16 soon
1041 2812 24 15 as
1084 2805 30 22 he
1134 2806 45 23 had
1196 2812 40 23 got

654 2826 36 21 the
710 2827 119 28 securities,
849 2835 26 15 so
896 2828 49 24 that
960 2830 36 22 the
1012 2830 121 24 defendant
1150 2834 19 21 is
1184 2841 51 15 now

654 2853 71 22 called
748 2861 27 14 on
799 2859 21 18 to
849 2855 67 22 suffer
942 2865 14 14 a
983 2854 58 34 legal
1060 2858 173 30 responsibility,

654 2879 93 22 because
774 2881 28 22 he
827 2881 72 23 would
923 2888 40 18 not
985 2884 27 22 do
1035 2892 28 16 an
1091 2886 75 28 illegal
1189 2892 44 18 act.

655 2908 44 21 The
724 2908 117 22 defendant
861 2908 130 25 disclaimed
1011 2912 29 22 all
1068 2913 90 23 interest
1175 2915 60 23 from

654 2933 35 22 the
708 2933 54 28 first,
781 2935 43 22 and
842 2935 22 22 if
880 2936 37 22 the
931 2935 75 29 Judge
1024 2940 45 24 had
1089 2941 85 22 thrown
1197 2945 38 19 out

654 2968 13 13 a
682 2961 57 26 hint,
756 2969 31 14 we
805 2962 81 23 should
905 2963 57 24 have
972 2965 80 25 abided
1061 2968 29 27 by
1104 2968 24 21 it.
1156 2969 24 21 A
1193 2969 41 22 bill

654 2987 25 22 of
702 2988 145 28 interpleader
873 2990 19 21 is
916 2990 38 23 the
973 2999 76 17 course
1076 2995 24 21 in
1129 2995 106 28 England

654 3015 71 22 where
737 3022 12 14 a
759 3021 62 22 party
831 3016 19 22 is
867 3021 39 18 out
920 3019 26 21 of
957 3018 38 23 the
1008 3021 138 27 jurisdiction
1156 3023 28 21 of
1195 3023 38 22 the

653 3043 74 25 Court,
739 3043 38 22 but
785 3043 29 22 he
824 3043 73 23 could.
899 3052 37 15 see
946 3046 92 29 nothing
1047 3049 22 21 in
1082 3048 38 22 the
1129 3049 60 23 rules
1204 3057 30 15 on

653 3068 36 21 the
708 3069 91 28 subject.
827 3068 54 25 This
901 3079 49 16 case
967 3070 72 26 differs
1052 3075 58 22 from
1128 3076 69 23 Stobo
1212 3084 20 16 v.

652 3095 72 23 Smith
734 3096 42 22 and
787 3097 70 22 Jones
873 3106 20 14 v.
904 3097 72 24 Smith
989 3101 24 22 in
1027 3102 63 23 other
1104 3103 80 27 points,
1195 3105 39 21 be-

651 3122 57 24 sides
728 3123 23 22 in
770 3124 36 22 the
826 3132 76 15 excess
921 3128 25 20 of
962 3127 111 28 damages.
1112 3130 63 22 Here
1196 3131 37 22 the

651 3150 130 23 Affirmative
792 3150 25 23 of
829 3150 39 24 the
876 3152 59 23 issue
946 3161 43 15 was
1003 3157 83 25 proved
1101 3156 36 22 for
1145 3157 41 22 the
1195 3158 39 22 de-

651 3176 99 23 fendant.
778 3177 47 23 The
841 3178 92 23 learned
946 3181 127 27 gentleman
1090 3183 87 23 further
1186 3185 54 23 said,

651 3204 48 20 that
713 3204 53 27 they
777 3204 45 23 had
839 3204 58 24 been
917 3206 108 24 thwarted
1043 3213 25 19 at
1085 3217 68 21 every
1169 3215 62 24 atep:

652 3230 36 20 the
705 3232 64 20 other
786 3236 63 22 party
865 3233 74 22 would
956 3234 93 25 disclose
1068 3237 99 28 nothing)
1180 3239 53 26 they

652 3258 43 20 had
706 3258 68 21 asked
784 3258 35 22 the
831 3258 67 23 Chief
911 3260 85 24 Justice
1005 3263 35 21 for
1050 3271 13 15 a
1076 3264 154 28 Commission,

651 3284 39 20 but
698 3288 18 17 it
727 3291 43 15 was
784 3285 98 27 opposed
897 3287 44 22 and
956 3289 95 23 refused.
1081 3291 55 27 (Mr.
1146 3291 87 23 Justice

652 3312 157 36 VM^rV
817 3320 28 15 011
854 3320 14 15 a
868 3314 73 27 PP»ed
956 3316 71 22 under
1041 3317 37 23 the
1094 3321 36 19 act
1139 3319 26 21 of
1172 3319 59 23 Will.

651 3340 50 24 IV.,
711 3340 70 21 which
789 3340 53 22 does
849 3344 40 18 not
896 3342 76 27 apply.;
988 3349 13 16 a
1009 3344 146 24 Commission
1158 3346 74 23 would

650 3364 58 22 have
725 3364 55 23 been
796 3369 77 20 waste-
879 3375 74 20 paper,
971 3376 24 15 as
1010 3370 42 23 this
1068 3373 69 21 Court
1150 3373 40 22 has
1203 3381 28 14 no

650 3393 327 25 power-toenforce-obedience
984 3397 89 24 abroad.
1103 3399 41 22 We
1150 3401 80 22 under-

650 3420 65 20 stood
724 3418 33 22 his
773 3420 79 22 Honor
861 3423 22 19 to
900 3427 39 22 say
948 3423 28 22 he
992 3425 124 23 concurred
1130 3424 54 25 with
1198 3427 34 22 his

650 3446 93 21 learned
760 3447 89 22 brother
866 3453 33 17 oa<
914 3450 36 22 the
970 3451 102 29 etibject.)
1106 3453 44 22 Mr.
1172 3454 61 22 Hart

651 3472 51 21 then
713 3474 146 22 continued—
859 3474 48 23 The
916 3476 90 24 learned
1012 3479 67 23 Chief
1085 3479 85 23 Justice
1179 3481 52 22 then

649 3500 66 21 made
726 3500 37 21 the
773 3501 47 21 rule
831 3508 23 15 as
869 3505 23 18 to
908 3502 38 23 the
961 3503 114 31 discovery
1090 3507 26 21 of
1125 3507 106 22 evidence

650 3528 24 19 to
683 3530 61 18 meet
751 3527 44 22 this
805 3535 59 15 case,
873 3529 46 22 and
933 3530 38 22 the
987 3533 60 21 truth
1056 3533 53 28 only
1118 3541 65 16 came
1190 3538 46 19 out

650 3557 24 16 in
684 3557 151 25 consequence
845 3556 26 20 of
878 3555 47 23 that
934 3557 54 23 rule.
1016 3561 33 21 As
1059 3564 23 18 to
1093 3558 37 24 the
1144 3562 55 21 offer
1209 3562 26 21 of

650 3579 37 22 the
706 3580 56 28 ship,
781 3582 19 21 it
817 3589 45 15 was
880 3582 94 30 nothing
995 3587 92 22 without
1110 3595 74 20 power
1208 3592 22 18 to

650 3608 101 21 transfer.
783 3608 48 22 Thfe
850 3609 89 28 captain
957 3613 106 27 proposed
1081 3618 23 18 to
1125 3614 27 22 do
1172 3616 59 21 what

642 3643 2 8 ■
650 3637 43 18 was
702 3634 80 27 illegal.
810 3634 49 24 The
869 3639 49 19 true
928 3639 101 26 question
1043 3641 27 26 is,
1082 3639 100 25 whether
1193 3643 38 21 the

642 3665 2 10 1
650 3662 120 21 defendant
782 3662 40 22 has
832 3668 40 16 not
881 3663 56 23 been
947 3665 96 24 assessed
1058 3668 24 21 in
1093 3667 105 29 damages
1209 3673 22 18 to

650 3687 71 23 which
731 3688 28 22 he
769 3689 18 21 is
796 3694 40 17 not
845 3690 112 29 equitably
967 3691 72 29 liable,
1050 3693 46 24 and
1105 3702 24 15 as
1139 3695 44 23 this
1191 3697 21 22 is
1217 3703 14 15 a

650 3714 68 22 Court
728 3715 25 21 of
760 3716 87 28 Equity,
859 3721 33 18 we
902 3717 39 22 ask
951 3719 34 21 for
996 3719 70 24 relief.

642 3756 2 8 ,
676 3741 48 23 The
735 3742 89 24 learned
834 3743 74 28 Judge
923 3745 117 24 intimated
1054 3747 49 23 that
1111 3747 29 23 he
1149 3749 82 24 should

650 3768 51 22 take
708 3772 56 18 time
772 3772 24 20 to
804 3770 102 22 consider
914 3771 34 23 his
955 3773 126 28 judgment,
1092 3775 45 22 and
1146 3780 31 19 oh

642 3807 3 34 {
814 3805 112 31 Friday,
941 3808 62 24 May
1023 3811 38 28 10,

641 3848 3 19 ;
676 3832 43 27 His
729 3836 79 23 Honor
824 3837 113 24 delivered
953 3847 14 15 a
977 3846 52 22 very
1039 3842 112 23 elaborate
1161 3844 70 28 judg-

648 3864 69 27 ment,
729 3863 141 29 discharging
878 3865 38 22 the
925 3867 49 22 rule
982 3867 53 23 with
1042 3874 64 17 costs,
1136 3870 22 22 It
1163 3872 21 21 is
1193 3876 38 17 too

647 3890 54 27 long
717 3890 34 23 for
770 3898 39 16 our
827 3899 65 20 space
909 3894 87 27 to-day*
1013 3895 41 22 but
1072 3902 34 15 we
1120 3893 61 26 We
1200 3905 28 16 an

641 3921 3 20 !
648 3919 115 30 authentic
777 3926 63 21 copy,
852 3919 71 23 which
939 3928 33 15 we
981 3921 57 23 shall
1049 3923 62 27 print
1120 3924 112 23 verbatim

641 3944 31 29 |in
681 3944 42 23 bur
732 3949 60 18 next.
957 3948 5 4 '
981 3966 25 7 w
1026 3965 7 8 v
1041 3957 31 8 -..-
1093 3951 104 22 /,•■;...,<

1871 123 88 21 Coffee
1966 128 7 14 :
1978 121 71 26 Java,
2060 127 40 20 par
2108 120 32 22 lb.
2154 132 45 8 ....
2218 120 14 20 0
2260 120 14 20 0
2300 120 14 20 3
2332 133 17 6 ..
2368 121 13 20 0
2408 123 13 19 0
2447 127 15 18 o

1871 146 227 28 CHESSBV'CtiesTiu'e
2217 146 14 21 0
2260 147 10 18 1
2298 146 15 21 4
2331 160 17 6 ..
2367 147 13 20 0
2409 147 9 22 1
2447 152 16 19 6

1987 174 57 22 Pine
2055 172 75 29 Apple
2151 173 79 21 ....0
2260 173 10 20 1
2298 172 13 20 2
2330 186 5 6 .
2342 186 5 6 .
2364 174 15 19 t)
2407 176 13 19 0
2445 179 16 19 o

1987 200 110 23 Dutch-.'
2217 200 14 19 6
2259 201 14 19 0
2298 200 14 19 8
2330 212 17 7 ..
2365 200 16 20 0
2406 202 56 22 010

1871 241 16 13 -
1978 227 30 23 N.
2020 227 118 32 Ziperlb.
2149 239 47 9 ....
2212 227 17 20 «
2257 226 10 21 1
2297 226 50 20 B'..
2365 227 15 20 0
2406 229 14 20 0
2446 232 16 20 0

1871 255 106 23 Candlss
1985 262 5 14 :
1996 254 99 27 English
2101 260 57 20 wax,
2164 259 42 22 per

2013 281 25 22 lb
2215 279 14 21 0
2257 280 13 19 2
2297 278 14 21 3
2329 292 18 7 ..
2366 280 14 19 0
2408 282 14 20 3
2448 285 14 19 ft

1978 306 80 29 Sperm
2215 307 14 19 0
2257 302 11 25 1
2285 303 27 24 10
2328 318 19 7 ..
2366 307 15 20 0
2408 308 14 21 3
2448 312 13 18 o

1977 334 83 23 Mould
2212 333 17 20 0
2257 333 13 20 0
2297 332 14 20 6
2328 345 18 7 ..
2365 332 15 21 0
2408 335 13 19 0
2446 335 14 21 8

1980 361 57 27 Dips
2213 360 15 20 0
2256 360 13 20 0
2297 358 13 20 5
2326 370 21 9 ..
2363 360 16 19 0
2406 362 16 18 0
2446 364 14 18 0

1871 387 92 22 Flour:
1973 389 35 20 Ist
2013 388 93 27 quality,
2117 391 84 24 perton

1992 415 27 21 of
2029 416 55 20 2000
2093 414 34 22 lbs
2195 412 28 22 25
2250 414 16 19 0
2293 414 13 19 0
2325 426 6 5 .
2338 426 6 5 .
2365 414 14 19 0
2408 415 13 19 0
2447 418 12 19 0

1969 441 47 21 2nd
2025 441 56 21 ditto
2213 441 14 19 0
2256 441 13 19 0
2296 440 14 20 0
2327 452 18 7 ..
2366 440 14 20 0
2407 442 13 19 0
2447 445 13 19 o

1871 468 75 21 Flax:
1962 467 28 21 N.
2002 468 27 21 Z.
2039 471 87 24 perton
2149 466 78 22 ....15
2252 468 17 19 t)
2294 467 15 20 0
2364 467 13 19 0
2406 468 14 20 0
2445 471 14 19 0

1897 493 73 23 Do.—
1972 501 29 14 on
2008 494 97 22 board—
2105 491 119 29 pressedl7
2253 493 14 21 0
2293 493 14 20 0
2326 506 19 7 ..
2363 493 14 20 0
2404 495 14 19 0
2444 497 14 20 C

1871 521 61 22 Gin:
1953 520 53 22 Pale
2022 520 25 22 in
2058 521 61 21 bond
2215 521 14 20 0
2256 519 13 22 3
2297 520 14 20 6
2328 533 18 6 ..
2366 520 12 20 0
2406 520 12 21 5
2446 522 13 21 6

1920 548 62 26 Case,
1990 548 15 20 4
2011 547 37 28 gal
2057 548 38 20 4-5
2102 548 25 20 in
2135 545 62 23 bond
2212 544 12 22 1
2254 546 14 21 0
2295 545 50 22 0..
2366 546 10 19 1
2404 547 13 20 5
2446 551 11 19 0

1871 574 81 22 Hams:
1968 573 130 27 Yorkshire,
2112 573 85 28 perlb.
2213 575 15 20 0
2255 574 15 20 0
2296 572 14 21 5
2327 586 18 7 ..
2365 575 13 19 0
2405 575 14 20 0
2443 574 12 22 T

1952 601 30 21 N.
1994 601 26 21 Z.
2031 600 72 28 perlb
2213 602 16 20 0
2255 601 15 20 0
2297 601 14 20 0
2328 611 19 8 ..
2366 601 14 20 0
2406 601 14 20 0
2446 603 12 19 5

1871 626 127 24 Mustard:
2014 625 43 24 Per
2066 627 71 22 dozen
2215 629 14 19 0
2244 627 26 21 16
2297 628 15 19 0
2327 638 20 9 .>
2366 628 13 20 0
2394 628 26 20 18
2445 631 13 19 0

1871 654 100 22 Mutton
1979 662 6 14 :
2004 652 96 24 Carcase
2110 661 40 21 per
2159 654 69 22 lb.O
2257 654 12 20 0
2295 650 38 25 7.
2340 668 5 6 .
2366 653 12 21 0
2406 652 13 23 6
2445 657 12 19 9

1871 681 122 22 Muskets:
2009 680 93 22 Walnut
2107 678 94 24 stocked
2215 681 14 20 0
2244 680 25 21 15
2297 680 13 21 0
2327 694 18 7 ..
2367 680 10 21 1
2404 683 16 18 t)
2447 684 11 19 0

1871 708 77 22 Milk:
1964 708 43 22 Per
2014 708 49 27 pint
2213 708 14 20 0
2255 708 14 20 0
2295 707 14 21 2
2326 721 19 6 ..
2363 708 15 20 0
2405 709 13 19 0
2444 709 12 21 3

1871 735 92 22 Maize:
1978 742 40 20 per
2029 734 79 22 bushel
2214 735 14 20 0
2255 735 14 20 3
2296 734 13 20 0
2328 748 7 7 ,
2340 744 7 11 k
2366 735 12 20 0
2406 735 13 20 3
2446 737 13 20 6

1871 762 56 22 Oil:
1943 762 105 25 Linseed,
2058 768 41 20 per
2107 761 77 27 gallon
2191 775 8 6 .
2214 762 14 19 0
2255 762 14 19 6
2296 762 13 19 6
2326 774 19 7 ..
2365 762 13 19 0
2406 760 13 22 7
2445 764 13 20 6

1943 786 78 29 Black,
2026 788 23 22 in
2055 788 174 27 cask,pertonlß
2257 788 13 20 0
2297 788 14 19 0
2328 789 50 20 ..20
2406 789 13 20 0
2446 791 11 19 0

1978 815 80 27 Sperm
2195 813 28 22 50
2251 814 13 20 0
2291 814 13 19 0
2323 814 50 22 ..75
2403 815 12 19 0
2444 816 10 19 0

1871 842 75 22 Pork:
1961 842 79 27 Fresh,
2057 847 90 16 carcase
2161 847 40 22 per

1985 869 31 22 lb.
2212 869 14 20 0
2255 869 12 20 0
2294 869 15 20 0
2326 882 18 6 ..
2363 869 13 20 0
2405 871 13 19 0
2444 871 14 21 4

1871 895 75 22 Pork:
1963 895 66 28 Irish,
2040 902 40 21 per
2089 895 74 22 barrel
2174 908 20 7 ..
2213 895 14 20 0
2255 896 14 20 0
2295 896 83 20 0..4
2392 896 26 20 10
2445 899 13 19 0

1950 922 60 22 N.Z
2209 923 15 19 2
2239 923 26 20 10
2291 923 15 20 0
2323 936 18 6 ..
2360 923 13 20 3
2403 924 13 20 0
2441 925 13 19 0

1871 949 118 22 Potatoes
1996 956 5 15 :
2023 949 56 21 New
2093 948 107 26 Zealand,

2047 982 40 20 per
2095 979 40 18 ton
2213 976 14 19 4
2255 976 13 20 0
2296 976 13 20 0
2326 989 19 9 ...
2363 977 13 20 6
2404 976 14 21 0
2444 979 11 19 0

1871 1002 93 22 Porter
1973 1009 5 14 :
2008 1002 104 27 Dunbar,
2123 1002 24 22 in
2154 1002 47 22 bot.

2037 1036 41 20 per
2088 1028 42 22 doz
2213 1029 14 20 0
2255 1029 14 20 9
2296 1029 13 20 0
2326 1041 5 8 .
2338 1043 7 6 .
2362 1031 13 19 0
2391 1030 26 21 12
2443 1033 12 19 6

1978 1055 87 28 Bryant
2074 1056 45 21 and
2129 1056 70 21 Davis
2213 1056 14 20 0
2255 1057 12 19 9
2296 1057 13 19 0
2326 1069 5 7 .
2338 1069 7 7 .
2363 1058 13 19 0
2392 1057 26 21 12
2444 1061 11 18 0

1871 1082 97 22 Pickles
1979 1090 6 14 :
2017 1082 117 27 Assoi.^ed,
2163 1089 40 21 per

2043 1109 57 26 doz.,
2106 1107 6 29 |
2124 1113 76 24 quarts
2215 1111 13 19 0
2244 1109 25 21 15
2297 1110 13 20 0
2327 1123 18 7 ..
2366 1111 12 21 0
2394 1110 25 22 17
2445 1113 12 19 0

1871 1136 73 22 Pitch
1957 1143 5 14 :
1995 1136 138 28 Stockholm,
2163 1143 40 21 per

2019 1163 73 22 barrel
2214 1164 14 20 2
2256 1165 13 19 0
2297 1164 13 20 0
2327 1177 18 7 ..
2363 1165 14 19 0
2404 1166 14 20 0
2445 1168 12 18 0

1872 1188 79 24 Plank
1959 1198 5 13 :
1993 1190 55 22 Port
2069 1190 132 26 Nicholson,

2020 1224 39 21 per
2068 1218 41 20 100
2118 1216 46 23 feet
2177 1232 6 6 .
2190 1231 6 5 .
2215 1219 14 19 0
2257 1219 13 19 6
2297 1214 13 24 6
2328 1231 5 6 .
2340 1231 6 7 .
2363 1219 55 20 010
2444 1223 11 18 0

1871 1243 69 22 Rice:
1954 1243 108 23 Common
2072 1251 40 20 per
2118 1247 49 19 cwt.
2178 1257 19 7 ..
2216 1245 13 20 0
2244 1245 26 20 10
2298 1245 13 20 0
2328 1258 19 6 ..
2366 1246 12 20 0
2405 1247 13 19 0
2444 1248 12 20 0

1953 1270 66 22 Good
2215 1273 12 19 0
2243 1271 26 21 15
2298 1272 13 20 0
2328 1285 17 6 ..
2364 1273 13 19 0
2405 1273 13 20 0
2444 1276 12 18 0

1872 1297 52 21 Rum
1933 1304 5 14 :
1956 1297 24 21 P.
1990 1297 27 22 B.
2028 1297 34 26 P.,
2077 1303 40 21 per
2126 1298 75 27 gallon

1991 1324 25 21 in
2030 1324 62 22 bond
2215 1327 14 19 0
2256 1326 14 20 4
2297 1325 13 21 3
2327 1339 19 6 ..
2364 1327 14 19 0
2404 1328 14 20 0
2443 1329 12 19 0

1872 1350 88 22 Sugar:
1976 1351 121 21 Mauritius
2107 1358 40 21 per
2153 1355 50 19 cwt.
2218 1353 14 20 0
2260 1353 13 21 0
2300 1353 49 19 0..
2381 1359 55 15 none

1978 1378 82 22 Brown
2074 1377 56 22 ditto
2148 1380 78 20 ....0
2255 1381 13 19 0
2293 1380 16 20 O
2325 1393 5 5 .
2338 1392 6 6 .
2362 1380 13 20 0
2403 1382 14 19 0
2443 1383 12 19 0

1979 1405 97 22 Refined
2092 1405 54 28 loaf,
2163 1412 40 22 per

2004 1432 23 22 lb
2215 1435 12 19 0
2256 1434 13 20 0
2296 1432 13 21 5
2327 1447 18 6 ..
2363 1435 14 19 0
2404 1435 13 20 0
2442 1437 14 19 6

1980 1458 97 23 Manilla
2096 1466 39 21 per
2149 1463 48 19 cwt.
2213 1461 11 19 1
2254 1461 14 20 0
2295 1459 13 22 0
2325 1473 19 7 ..
2362 1457 11 24 1
2406 1462 50 21 16

1871 1485 72 22 Salt:
1960 1485 126 28 Liverpool,
2097 1494 40 19 per
2145 1490 40 18 ton
2194 1487 33 21 .15
2253 1489 17 24 jO
2296 1488 14 20 0
2327 1487 50 21 ..18
2404 1490 14 19 0
2443 1490 13 20 0

1871 1513 59 21 Soap
1938 1520 6 14 :
1971 1513 103 21 Hawes's
2097 1514 103 25 London,

2199 1541 28 20 40
2255 1542 14 20 0
2295 1542 14 20 0
2326 1554 19 7 ..
2361 1543 16 20 O
2404 1544 14 19 0
2446 1546 11 18 0

2008 1567 100 27 iverpool
2199 1567 27 21 35
2256 1569 13 19 0
2296 1569 13 19 0
2326 1581 18 7 ..
2362 1569 14 20 0
2403 1571 14 19 0
2444 1572 11 19 0

1871 1593 91 21 Starch
1969 1601 5 14 :
1990 1593 44 23 Per
2042 1593 31 23 lb.
2216 1595 13 20 0
2257 1596 13 19 0
2297 1595 12 20 5
2328 1609 5 6 .
2340 1609 6 5 .
2364 1595 13 21 0
2405 1597 13 20 0
2444 1598 13 20 0

1871 1620 144 22 Scantling:
2029 1621 43 21 Per
2080 1621 41 21 100
2129 1621 68 22 feet-
2216 1622 13 20 0
2258 1623 12 19 6
2298 1623 13 19 0
2328 1635 19 7 ..
2363 1624 15 20 0
2405 1624 13 20 8
2446 1625 11 19 0

1871 1647 114 22 Shingles
1992 1655 6 13 :
2015 1647 42 22 Per
2065 1649 61 26 1000,
2135 1649 29 21 N.
2174 1647 25 23 Z.
2215 1649 14 20 0
2257 1650 12 19 6
2297 1649 13 20 0
2328 1661 5 7 .
2340 1662 5 6 .
2364 1650 13 20 0
2392 1650 26 21 10
2446 1652 10 19 0

2000 1675 70 27 Ditto,
2093 1675 28 21 V.
2133 1676 30 21 D.
2173 1675 26 22 L.
2215 1677 13 19 0
2256 1677 13 19 0
2297 1677 14 19 0
2327 1689 6 6 .
2340 1689 5 7 .
2364 1677 13 20 0
2392 1678 25 20 12
2443 1680 14 18 0

1871 1701 50 22 Tar
1928 1717 5 6 .
1949 1701 54 22 Coal
2216 1703 11 19 1
2257 1704 12 19 0
2297 1703 14 19 0
2328 1716 5 6 .
2341 1717 5 5 .
2366 1704 10 19 1
2405 1704 13 20 5
2446 1707 11 18 0

1953 1728 129 22 Stockholm
2217 1730 13 20 2
2258 1731 12 19 0
2298 1729 80 22 0..0
2404 1732 14 19 0
2445 1733 12 18 0

1872 1755 47 21 Tea
1928 1763 5 13 :
1943 1755 80 27 Hyson
2029 1755 55 27 skin,
2091 1763 40 20 per
2140 1755 63 23 chest
2217 1757 13 20 4
2258 1758 13 19 0
2298 1757 13 20 0
2328 1770 19 6 ..
2365 1758 12 20 6
2404 1758 14 21 6
2445 1760 12 18 0

1946 1783 93 26 Congou
2216 1784 13 20 8
2257 1785 13 19 0
2297 1784 80 21 0..13
2403 1786 15 20 0
2443 1787 15 18 0

1872 1809 103 21 Tobacco
1984 1817 5 13 :
2004 1809 142 28 Negrohead,
2163 1816 41 21 per

2030 1836 30 22 lb.
2073 1837 24 21 in
2114 1837 60 22 bond
2216 1839 13 19 0
2260 1838 8 20 1
2297 1838 49 20 6..
2364 1840 13 19 0
2406 1840 11 19 1
2444 1840 13 19 9

1873 1863 163 21 Turpentine:
2051 1863 43 22 Per
2098 1864 99 26 gallon..
2215 1866 14 18 0
2259 1866 11 18 7
2298 1865 13 20 6
2329 1878 18 6 ..
2366 1866 13 20 0
2406 1867 12 20 8
2444 1868 14 18 0

1874 1889 160 22 Whalebone:
2051 1890 43 21 Per
2103 1895 37 17 ton
2152 1891 93 20 ....l«0
2258 1894 14 18 0
2299 1892 13 19 0
2330 1893 62 20 ..120
2407 1895 12 18 0
2446 1896 11 17 0

1874 1915 80 23 Wine:
1970 1917 88 28 Sherry,
2070 1925 40 20 per
2118 1918 51 27 pipe
2180 1919 50 19 ..20
2258 1920 14 19 0
2299 1920 13 19 0
2329 1920 49 20 ..40
2405 1922 14 19 0
2446 1923 11 17 0

1982 1944 71 27 Ditto,
2069 1952 40 19 per
2123 1944 79 22 dozen.
2220 1946 7 19 1
2259 1947 13 19 0
2300 1946 12 19 0
2330 1959 17 6 ..
2366 1947 12 19 2
2407 1948 13 19 0
2447 1950 11 17 0

1982 1971 60 26 Port,
2052 1978 41 20 per
2103 1972 49 26 pipe
2178 1986 5 6 .
2192 1985 5 6 .
2203 1972 26 20 25
2258 1974 12 19 0
2297 1973 14 20 0
2328 1986 5 6 .
2340 1986 5 6 .
2351 1974 26 19 40
2404 1974 13 20 0
2444 1975 13 18 0

2049 2004 39 20 per
2099 1998 48 20 doa.
2178 2012 5 5 .
2191 2010 6 7 .
2217 2000 10 18 1
2257 2000 13 18 0
2297 2000 14 18 0
2328 2012 4 5 .
2340 2012 5 6 .
2363 2001 13 18 2
2404 2002 13 17 0
2443 2002 12 17 0

1981 2023 151 28 Champagne,
2147 2023 56 22 ditto
2218 2025 12 20 0
2258 2026 13 18 0
2298 2025 14 19 0
2328 2038 19 6 ..
2364 2026 14 20 0
2405 2027 13 19 C
2445 2028 13 18 0

1982 2051 75 21 Claret
2218 2054 13 18 0
2248 2052 25 20 10
2300 2052 13 19 0
2330 2065 17 6 ..
2366 2054 13 18 0
2407 2054 13 19 0
2446 2054 12 18 0

1876 2077 118 21 Poultry:
2011 2077 79 28 Fowls,
2098 2085 39 20 per
2143 2079 61 26 pair.
2220 2080 13 18 0
2260 2080 13 19 3
2301 2079 12 19 6
2331 2092 18 6 ..
2368 2080 13 19 0
2408 2080 12 19 5
2448 2084 12 15 0

2009 2104 84 28 Ducks,
2105 2105 56 21 ditto
2181 2120 6 5 .
2194 2118 5 6 .
2218 2106 14 19 0
2260 2105 12 20 5
2300 2106 13 19 0
2330 2119 5 6 .
2343 2119 6 6 .
2367 2107 12 18 0
2408 2107 12 20 8
2447 2109 12 17 0

2010 2132 80 26 Geese,
2102 2132 54 21 each
2180 2145 19 7 ..
2217 2133 13 20 0
2245 2133 26 19 10
2298 2132 14 20 0
2329 2146 18 6 ..
2366 2134 12 19 0
2394 2134 24 19 12
2447 2135 13 18 0

2008 2158 109 27 Turkeys,
2129 2159 55 21 each
2220 2160 9 19 1
2261 2160 12 19 0
2300 2160 13 19 0
2331 2172 18 7 ..
2370 2161 9 19 1
2408 2160 13 20 5
2448 2162 12 19 0

2010 2185 104 26 Pipreons,
2125 2185 78 27 (wild,)

2036 2219 40 21 per
2085 2212 49 27 pair
2220 2214 13 19 0
2261 2214 12 18 0
2301 2214 80 21 0..0
2408 2216 13 19 0
2447 2217 13 17 0

2010 2239 85 26 Ducks,
2104 2239 35 22 do.
2150 2238 51 23 do..
2220 2240 14 20 0
2261 2240 13 20 5
2302 2241 12 18 0
2332 2254 18 5 ..
2368 2242 13 20 0
2408 2243 14 20 0
2448 2243 12 18 0

1874 2266 74 21 Eggs:
1966 2265 42 23 Pe*
2018 2266 72 21 dozen
2221 2268 13 19 0
2264 2268 8 19 1
2302 2267 13 20 6
2332 2281 19 5 ..
2369 2269 12 18 0
2409 2270 13 19 0
2448 2267 12 21 0

1875 2294 77 21 Cows:
1967 2291 73 24 Milch
2207 2294 28 21 12.
2262 2296 12 18 0
2302 2295 12 19 0
2332 2296 50 19 ..20
2409 2297 13 19 0
2447 2298 13 17 0

1876 2320 95 23 Mares:
1987 2319 76 23 Brood
2168 2321 66 21 ».»20
2259 2323 15 18 O
2301 2322 13 19 0
2331 2322 51 21 ..70
2409 2324 13 19 0
2447 2323 13 19 0

1876 2347 115 22 Working
2009 2347 119 22 Bullocks
2136 2355 5 13 :
2164 2348 43 21 Per

1900 2375 50 27 pair
2207 2374 28 21 30
2263 2376 15 19 O
2302 2375 16 20 0,
2333 2376 49 20 ..35
2410 2378 13 19 0
2448 2377 12 18 0

1876 2401 65 22 Hire
1950 2408 26 14 of
1988 2408 67 14 ditto
2062 2408 7 14 :
2084 2401 43 22 Per
2134 2401 51 28 day,
2194 2407 13 15 a

1900 2432 63 17 team
1971 2428 47 21 and
2024 2428 76 21 driver
2221 2430 13 19 0
2250 2428 28 21 15-
2302 2430 17 19 0-
2333 2442 20 7 .„
2368 2428 17 23 ft
2410 2432 13 19 0
2448 2432 12 17 0

1875 2455 88 22 Sheep:
1980 2454 61 22 Each
2220 2457 13 19 0
2248 2456 26 20 15
2302 2456 13 20 0
2330 2467 21 8 »*
2371 2458 7 19 1
2408 2457 12 20 5
2447 2458 13 19 0

1875 2482 63 21 Boat
1950 2482 73 21 Hire:
2039 2482 44 21 Per
2087 2482 51 27 day,
2143 2482 63 22 with-

2067 2514 40 16 out
2116 2510 72 21 hands
2198 2524 5 5 .
2219 2512 13 18 0
2251 2512 23 18 10
2302 2511 13 20 0
2332 2523 18 6 ..
2370 2512 9 19 1
2410 2513 12 18 0
2447 2513 13 18 0

1875 2536 86 22 Wages
1968 2543 5 13 :
2003 2535 139 27 Mechanics,
2169 2543 39 21 per

2036 2562 43 28 day
2222 2564 13 19 0
2264 2564 12 21 6
2304 2565 12 20 0
2334 2578 19 6 ..
2371 2566 13 20 0
2411 2566 13 21 8
2449 2566 12 19 0

2011 2589 127 23 Labourers
2156 2591 78 20 ....0
2260 2591 15 20 3
2302 2592 81 21 0..0
2410 2593 13 20 5
2449 2593 12 20 0

1875 2617 81 22 Bark:
1971 2617 31 21 N.
2013 2617 26 22 Z.
2050 2624 40 20 per
2100 2620 37 19 ton
2151 2630 46 8 ....
2215 2618 14 20 3
2257 2619 14 20 0
2297 2619 14 19 0
2330 2632 18 6 ..
2364 2620 15 20 4
2406 2621 14 19 0
2444 2621 13 19 0

1876 2644 78 22 Black
1965 2644 51 22 Dye
2025 2644 47 22 :N.
2081 2644 26 21 Z.
2115 2652 41 20 per
2163 2648 39 19 ton
2216 2644 14 21 5
2255 2646 17 20 O
2298 2646 14 19 0
2329 2659 5 6 .
2341 2659 6 6 .
2365 2647 14 20 6
2406 2648 15 20 0
2445 2647 14 20 0

1876 2670 72 23 Wool
1957 2679 6 13 :
1978 2669 30 24 N.
2019 2671 27 22 Z.
2055 2678 40 21 per
2104 2671 24 22 lb
2216 2672 14 21 0
2258 2673 14 20 0
2298 2673 14 20 9
2331 2686 4 5 .
2343 2686 6 6 .
2364 2674 16 20 0
2408 2675 10 19 1
2445 2674 14 20 0

1875 2698 106 22 Timbers
2007 2698 29 22 N.
2057 2698 27 22 Z.
2095 2698 112 22 furniture
2224 2716 5 3 .

1902 2731 41 21 per
1952 2727 41 20 100
2004 2726 46 21 feet
2220 2726 15 21 2
2262 2727 14 20 0
2302 2727 15 20 0
2335 2740 19 8 ..
2370 2727 14 21 2
2397 2727 28 21 10
2448 2727 14 21 0

1877 2752 124 22 Cordage:
2011 2752 94 28 English
2111 2760 39 21 per
2156 2756 50 18 cwt.
2222 2754 14 20 3
2260 2753 16 20 -5
2304 2754 13 20 0
2335 2767 17 6 ..
2371 2755 14 20 0
2412 2756 13 19 0
2448 2755 14 19 0

2003 2780 64 22 N.Z-
2072 2781 96 21 without
2173 2784 35 18 tar
2222 2781 14 20 3
2264 2781 13 20 0
2304 2781 14 20 0
2336 2790 19 11 .v
2369 2783 16 19 0
2412 2782 14 20 0
2450 2783 13 19 0

1877 2806 119 22 Canvass:
2011 2814 41 20 per
2065 2807 49 21 bolt
2224 2808 11 20 1
2251 2807 26 21 15
2305 2808 13 20 0
2336 2821 20 7 
2373 2809 13 21 2
2413 2808 12 21 5
2451 2809 13 20 0

1877 2834 105 21 Copper:
1997 2834 106 27 sheeting
2121 2842 40 20 per
2175 2834 31 22 lb.
2223 2835 13 20 0
2265 2835 11 20 1
2305 2832 13 22 6
2336 2848 18 6 ..
2373 2837 12 19 0
2413 2837 14 19 0
2451 2836 12 20 0

1995 2861 63 21 Bolts
2073 2870 32 11 ..;
2222 2862 14 20 0
2265 2861 9 20 1
2304 2861 81 23 9..0
2413 2864 13 19 0
2451 2863 12 19 0

1994 2887 64 23 Nails
2140 2900 6 8 k
2222 2889 14 20 0
2262 2888 14 20 5
2304 2889 81 20 0..0
2414 2891 13 19 6
2451 2890 12 19 0

1877 2914 80 22 Lead:
1972 2914 65 22 sheet
2045 2922 41 19 per
2096 2919 41 18 ton
2155 2915 79 21 ...*3O
2261 2916 15 20 0
2301 2915 15 21 0
2335 2916 49 21 ..85
2412 2918 13 20 0
2450 2917 13 19 0

1877 2941 59 21 Iron
1946 2948 5 13 :
1963 2941 95 27 English
2067 2941 43 23 bar
2119 2950 40 19 per
2169 2942 68 22 tonl4
2265 2943 13 20 0
2305 2943 14 20 0
2337 2957 6 5 .
2350 2957 6 6 .
2372 2945 15 20 0
2414 2945 13 20 0
2451 2944 13 20 0

1958 2964 69 31 Hoop
2036 2976 40 20 per
2083 2971 38 19 ton
2206 2969 26 20 25
2262 2969 14 21 0
2302 2970 14 20 0
2334 2983 18 7 ..
2371 2972 13 20 0
2412 2972 13 20 0
2450 2971 14 19 0

1878 2995 44 21 Oil
1934 2995 78 22 Butts
2022 3003 5 14 :
2051 2995 116 23 Gordon's
2186 3002 26 16 or

2023 3023 72 22 Mills'
2102 3030 40 21 per
2150 3024 56 27 imp.

2023 3053 41 19 tun
2220 3051 14 21 3
2263 3051 13 21 0
2303 3053 14 19 0
2334 3063 20 8 ..
2370 3053 14 20 3
2399 3051 25 22 15
2447 3050 15 21 0

1361 3475 140 21 CORRECTED,
1509 3476 29 15 UP
1553 3477 29 14 TO
1596 3477 57 15 LAST
1669 3479 82 15 NIGHT.

1257 3501 2 13 !
1389 3514 22 10 
1427 3515 9 4 _
1603 3493 17 21 JB
1643 3503 16 12 8.
1685 3499 18 18 d.
1759 3498 17 19 £
1842 3503 12 16 A

1262 3514 176 29 Attr:perhhtf.
1604 3519 16 20 0
1648 3520 13 21 0
1688 3520 15 23 0
1758 3524 15 19 0
1800 3521 15 24 0
1841 3526 14 19 0

1437 3548 42 23 pe*
1483 3541 101 26 barrel;.
1602 3546 15 21 0
1644 3547 15 22 0
1686 3549 16 21 0
1718 3561 20 8 ..
1757 3552 14 20 0
1800 3553 15 20 0
1841 3555 15 19 o

1342 3596 22 3 „
1383 3597 18 9 „
1437 3570 93 27 P«tdo*
1606 3572 54 24 011
1691 3577 50 20 0..
1759 3578 56 22 013
1841 3582 16 20 0

1342 3596 30 22 N.
1382 3597 27 22 Z.
1420 3604 40 21 per
1469 3598 77 26 gallon
1566 3614 6 6 .
1578 3614 7 5 .
1604 3601 14 20 0
1645 3602 15 21 2
1687 3604 15 21 0
1721 3618 5 6 .
1733 3619 6 6 .
1758 3606 13 21 0
1800 3606 15 22 0
1841 3609 16 20 0

1261 3625 100 22 Arrack
1371 3632 5 14 :
1390 3625 44 22 Per
1442 3625 46 27 gal.
1497 3625 26 22 in
1531 3625 63 23 bond
1608 3626 14 23 Q
1651 3630 11 19 1
1690 3629 14 23 6
1721 3645 5 7 .
1733 3646 7 6 .
1758 3633 15 21 0
1801 3636 14 18 2
1841 3639 14 15 n

1260 3652 96 22 Bread:
1371 3651 45 23 Per
1421 3651 48 24 2lb.
1479 3652 52 23 loaf
1544 3668 47 7 ....
1608 3655 134 24 ODO..
1760 3659 19 23 0<
1801 3663 14 21 0
1842 3663 15 21 6

1260 3679 76 22 Beef:
1351 3679 79 28 Fresh,
1449 3686 91 17 carcase
1556 3688 41 21 per

1377 3706 32 23 H>.
1427 3721 7 6 •
1602 3708 15 23 ft
1646 3711 13 20 0
1688 3713 14 21 8
1720 3727 19 7 ..
1756 3715 16 21 0
1801 3715 14 23 0
1829 3717 26 21 11

1368 3733 56 27 Salt,
1434 3741 42 21 per
1488 3735 69 22 tierce
1570 3750 19 7 ..
1608 3735 11 23 1
1637 3739 27 21 10
1690 3741 15 21 0
1722 3754 18 8 ..
1758 3738 15 26 $
1801 3745 14 20 0
1841 3745 14 19 0

1261 3761 109 22 Bdtter:
1387 3761 66 28 Irish,
1462 3769 42 20 per
1511 3762 33 23 Ib.
1567 3765 53 20 ..0
1648 3767 92 22 09..
1758 3769 15 21 0
1802 3771 12 21 1
1843 3770 14 22 0

1382 3787 71 24 Fresh
1609 3792 15 21 0
1652 3794 10 20 1
1691 3792 15 24 6
1723 3808 19 8 ..
1759 3797 16 21 o
1803 3799 15 20 0
1843 3795 15 23 d

1261 3815 112 23 Brand?:
1389 3814 60 23 First
1454 3816 95 28 quality,
1556 3823 42 22 per

1410 3842 77 28 gallon
1497 3843 25 22 in
1531 3840 61 26 bond
1606 3847 14 20 0
1649 3846 13 22 5
1690 3849 15 21 0
1721 3862 19 10 
1758 3851 15 20 0
1801 3850 15 22 7
1842 3851 14 21 6

1260 3869 87 22 Brown
1366 3869 77 23 STocf
1450 3877 5 15 :
1480 3875 41 23 per
1533 3870 55 23 hhd.
1604 3870 13 23 5
1646 3875 15 20 0
1687 3877 16 21 0
1719 3890 31 7 ...
1758 3872 56 27 610
1841 3878 14 20 0

1253 3914 2 8 ,
1262 3897 88 22 Cigars
1358 3904 6 15 :
1376 3896 105 28 Manilla,
1488 3905 41 20 per
1533 3898 63 28 1000,

1252 3941 2 10 ,
1411 3924 25 21 iii
1445 3924 62 22 btfnd
1516 3931 33 15 .v.
1556 3940 5 6 .
1570 3941 5 6 .
1582 3940 7 7 .
1607 3928 15 20 2
1650 3929 14 21 0
1690 3931 20 20 o'
1722 3943 18 7 ..
1759 3929 22 23 3'
1800 3931 15 21 0
1842 3933 15 19 0

1371 3949 216 29 ChinsurahperlOO
1608 3954 11 19 1
1650 3955 14 20 0
1691 3957 51 20 o".'.
1756 3955 29 23 i)-
1801 3957 14 23 0
1842 3959 14 19 0
