3243 4219
173 18 418 345 Hot
730 18 698 345 Lakes
1567 18 1395 345 Chronicle.

427 364 214 38 JL2>T3D
695 365 505 41 TOURISTS'
2079 375 482 44 JOURirAL.

445 477 451 88 Circulating
917 480 456 85 throughout
1396 480 127 68 the
1547 480 289 71 Tourist
1883 484 302 72 Resorts
2233 490 80 69 of
2347 493 126 68 the
2519 494 267 71 World.

63 632 55 21 VOL.
133 633 18 16 4.
181 632 39 18 No.
239 632 36 17 188

114 666 52 10 awssar
215 666 60 9 3«ar^cjs

1298 631 141 22 EOTORUA,
1455 632 59 22 N.Z.,
1532 632 186 22 WEDNESDAY,
1735 633 74 20 JULY
1823 636 17 20 8,
1860 636 48 17 1896

2838 650 109 20 PEICE—
2946 650 2 26 I
2948 652 145 24 THKEEPEN
3099 657 33 19 OE.

63 717 22 24 BY
97 715 86 25 SPECIAL
209 713 75 45 ggg
296 716 149 25 APPOINTMENT

90 764 58 26 ASK
173 764 146 26 GROCERS
345 765 56 25 FOR

90 1031 162 27 CEYLON

92 1066 132 26 INDIAN

90 1102 185 25 BLENDED

169 1142 153 19 AWARDED

66 1169 69 23 SOLD
146 1169 56 24 AND
213 1170 97 23 SILVER
322 1171 108 22 MEDALS

80 1209 59 26 Why
154 1211 44 25 buy
215 1211 96 20 Inferior
326 1211 55 20 Teas
396 1212 64 19 when

38 1242 38 21 you
90 1242 42 14 can
148 1239 35 24 get
198 1237 25 20 N.
240 1238 26 19 M.
284 1237 17 20 &
316 1237 55 21 Co.'s
385 1239 24 19 at
425 1238 35 20 the

37 1268 55 16 same
106 1263 67 25 price.
207 1263 37 21 All
258 1263 78 21 others
354 1270 39 14 are
408 1264 52 25 only

37 1290 67 25 copies
123 1290 24 19 in
166 1295 73 18 name,
254 1291 46 19 and
322 1296 38 14 are
374 1290 85 25 pushed

37 1317 31 20 for
80 1319 64 17 sxtra
158 1316 75 25 profit.

80 1350 13 13 A
103 1350 45 16 proof
158 1350 16 13 of
187 1350 25 13 the
225 1350 95 17 superiority
332 1350 16 13 of
357 1350 18 13 N.
388 1350 20 14 M.
418 1350 10 13 A

65 1366 39 14 Co.'b
113 1366 39 14 Teas
158 1367 13 13 is
181 1367 27 13 the
218 1367 32 13 fact
259 1367 35 13 that
303 1367 75 14 although
385 1367 43 13 tliero

64 1387 25 9 are
98 1383 79 13 hundreds
188 1383 16 13 of
215 1383 56 17 packet
281 1384 32 12 teas
325 1387 18 8 on
356 1383 26 12 the
392 1387 27 8 mar-

65 1399 31 15 ket,
115 1400 17 13 N.
146 1400 21 13 M.
180 1400 11 13 &
206 1400 41 13 Co.'h
263 1400 38 13 Teas
316 1404 26 9 nrc
358 1399 16 13 in
392 1400 37 13 such

65 1416 65 13 dorar.nd
139 1416 34 12 that
185 1416 37 16 they
236 1416 27 13 sell
276 1416 53 16 uearly
340 1415 88 13 one-fourth

65 1432 15 13 of
97 1432 27 13 the
142 1432 48 14 whole
207 1432 16 14 of
241 1433 27 14 the
285 1433 25 13 tea
329 1432 86 14 consumed.

37 1452 99 25 SOLD
173 1452 284 25 EVERYWHEf?™

56 1518 54 15 -iTrtir-r.
113 1517 120 16 ryfltasiu

121 1568 48 26 Do
182 1569 57 25 not
252 1568 118 31 Forget

83 1680 166 20 CURIOSITY
270 1680 80 18 SHOP
368 1679 46 19 and
440 1672 2 36 j

176 1707 143 23 MUSEUM,

106 1748 114 24 Opposite
228 1748 78 19 Grand
314 1747 76 22 Hotel,
440 1747 2 25 i

69 1789 126 26 PRINCES
207 1788 44 29 ST,
263 1773 179 41 AUCKLAND.!

119 1913 142 16 IHSaRG
287 1912 92 16 WITH

32 1948 71 16 THERi
111 1945 4 19 >
120 1947 49 17 JTK
177 1947 98 15 BRITISH
285 1946 56 16 PIKE
347 1945 13 16 &
369 1945 97 16 MARINE

106 1969 41 16 COY.
159 1968 30 16 OF
200 1968 56 15 NEW
266 1967 120 16 ZEALAND.

31 1991 71 16 Cai'itat
362 1988 103 19 £1,900,000

76 2011 94 17 Unlimited
184 2011 77 19 liability
270 2010 18 16 of
294 2009 129 17 Shareholders.

31 2034 56 19 Being
96 2039 8 9 a
115 2032 76 17 Colonial
205 2032 103 16 Institution
322 2030 62 17 Profits
398 2035 28 11 are
439 2030 18 16 in-

181 2053 58 16 vested
246 2053 69 21 locally.

31 2075 50 16 Head
97 2075 53 16 Office
375 2073 91 16 Auckland

30 2097 51 17 Local
91 2094 51 20 me;.i
324 2095 12 15 J
353 2095 26 16 W.
387 2094 79 20 Wrigley

34 2159 211 45 Rotorua
269 2154 196 49 Sawmill

119 2213 249 56 Company.

40 2303 118 23 fTJ-H/'-r.
172 2302 54 17 ANT)
245 2302 52 17 RED
316 2300 63 17 PIXE
398 2300 21 17 of
435 2300 31 17 llio

43 2318 33 27 VV
183 2325 75 24 quality
266 2324 39 18 and
318 2323 93 22 carefully
428 2324 37 16 cut.

217 2348 65 18 ALSO

30 2377 89 23 Matai.
152 2376 128 27 Pukatea,
310 2375 51 22 and
388 2374 78 23 Tawa

70 2407 131 29 Shingies,
213 2406 116 30 Palings,
344 2404 96 23 Blocks

174 2437 53 23 and.
235 2438 83 21 rosts-

55 2469 18 19 A
87 2476 26 19 go
122 2477 15 11 >ii
153 2469 40 18 and
205 2468 91 19 assorted
306 2467 74 25 supply
390 2466 76 25 always

30 2503 25 12 on
64 2496 54 18 band
130 2498 21 16 at
161 2495 36 19 the
207 2494 83 19 Timber
300 2493 63 24 Yard,

155 2527 183 16 ROTORUH.

31 2556 162 26 N.ls.—Special
203 2563 46 12 care
258 2556 64 19 taken
332 2555 21 18 in
371 2554 35 19 (lie

207 2582 80 24 soiling.

31 2621 106 19 PRICES
150 2620 41 18 AT
205 2618 144 19 CURRENT
362 2618 104 19 RATES.

70 2653 38 18 W.
123 2650 171 22 HENSHAW,
304 2650 119 22 Manager.

125 2702 29 40 F,
200 2699 173 46 GOODSON,

174 2750 153 34 ROTORUA

32 2798 83 32 COAL
179 2798 62 32 &
242 2794 108 35 FIREWOOD
370 2793 97 37 YARD,

117 2842 146 20 PUKUATUA
275 2840 103 20 STREET,

199 2878 104 17 Rotoeua.

54 2926 64 18 Goods
127 2924 95 18 delivered
231 2924 50 16 after
294 2921 69 19 arrival
377 2921 20 16 of
409 2920 60 17 trains

32 2951 19 16 to
59 2949 27 17 all
94 2950 52 22 parts
155 2949 21 17 of
184 2948 33 17 the
226 2949 53 15 town
288 2945 46 17 with
343 2945 125 22 promptness.

31 2986 61 22 Large
103 2984 56 18 Stock
172 2984 21 17 of
210 2983 46 18 Coal
273 2982 38 18 and
329 2980 97 18 Firewood
440 2980 19 16 al-

102 3014 50 17 ways
162 3013 26 12 on
195 3007 52 17 hand
258 3005 38 18 and
305 3003 95 19 delivered

156 3033 22 15 at
186 3031 32 17 the
232 3030 83 17 shortest
324 3029 21 16 at

33 3071 156 24 GREATLY
194 3067 154 26 REDUCED
353 3066 108 24 BATES

348 3161 10 19 5

33 3194 437 39 CAEPEKTEE,

138 3240 106 19 FENTON
261 3238 103 21 STREET,

127 3274 101 18 Opposite

56 3304 68 17 Sashes
132 3303 56 18 made
197 3304 19 16 to
226 3302 61 18 order.

55 3361 69 53 A.
167 3356 279 61 BRADY,

32 3423 115 20 BARBER
170 3422 60 20 AND
260 3421 53 20 HAI
319 3419 151 24 KDREStvER,

32 3455 93 44 BEGS
136 3458 20 16 to
167 3461 106 13 announce
284 3454 45 18 that
337 3452 25 19 ho
373 3452 38 18 lias
417 3457 42 13 com-

101 3481 84 20 menced
196 3481 93 18 business
301 3480 21 17 in
333 3478 34 19 the
384 3478 51 24 shop
451 3476 20 19 in

32 3511 35 19 the
84 3508 32 19 old
132 3510 61 20 town,
214 3506 97 24 formerly
331 3504 96 25 occupied
444 3503 28 25 by

33 3537 33 19 Mr
75 3534 126 25 McFadyen,
211 3532 87 19 saddler,
316 3530 41 19 and
372 3530 64 25 hopes
451 3531 21 17 to

33 3562 59 20 merit
103 3568 12 11 a
125 3562 60 17 share
197 3560 21 18 of
228 3559 35 18 the
275 3558 68 25 public
353 3558 91 23 support.

117 3593 160 20 RAZORS
306 3591 77 19 SET.

56 3664 22 18 A
87 3661 84 20 Choice
183 3658 153 20 Assortment
350 3656 26 19 of
386 3656 72 19 Tobac-

32 3692 46 17 cos,
89 3685 87 26 Cigars,
188 3683 131 23 Cigarettes
327 3680 20 19 &
355 3679 117 20 Smoker's

33 3709 140 24 Requisites.

50 3758 10 13 A
79 3754 88 19 UCKL
173 3753 40 17 AN
221 3753 17 16 D
251 3752 41 16 AD
299 3751 16 16 V
324 3750 16 17 E
347 3749 17 18 R
370 3748 102 19 TISING

34 3768 44 31 J\_
191 3774 113 20 AGENCY,

56 3810 101 18 Vicrov.iA
169 3808 90 19 Arcade,
273 3806 73 19 Queen
362 3803 85 18 Svueet.

88 3839 123 22 Advertising
218 3838 19 17 in
246 3838 26 17 all
284 3838 25 16 its
317 3835 99 18 branches.

32 3866 53 17 New.
100 3864 78 22 Unique
194 3862 37 17 and
245 3859 86 19 Tasteful
348 3857 124 22 Advertising

207 3885 92 17 Medium.

56 3911 69 18 Orders
134 3910 50 17 from
193 3908 25 17 all
228 3909 52 21 parts
289 3904 92 19 attended
389 3905 20 16 to
425 3902 46 18 with

33 3941 42 12 cave
84 3934 38 17 and
130 3931 116 24 expedition.

35 3965 95 65 ™(T
130 3963 48 38 T
187 3981 52 44 M
247 3960 26 38 7
279 3979 45 45 A
337 3976 104 19 DIEY
442 3960 4 70 '

33 4054 124 25 Plumber
174 4053 21 22 &
206 4048 114 27 General
332 4044 140 25 Mechanic

125 4112 134 20 Tutanekai
279 4106 93 21 Street,

94 4158 167 27 ROTO
281 4156 30 23 R
327 4155 33 23 V
377 4154 32 22 7*

989 727 5 96 I

1436 729 5 94 I

780 891 281 50 ROTOROJL
1107 891 127 45 .NEW
1271 891 274 47 ZEfIWJJD.

487 979 37 42 I)
531 979 181 18 OTORUA.—This
720 980 107 18 wonderful
834 981 74 17 district
915 981 16 17 is
940 980 130 23 unparalleled
1078 980 20 18 in
1107 981 31 17 the
1147 981 71 17 known
1227 981 60 18 world
1296 982 30 17 for
1333 981 33 18 the
1375 981 79 18 number
1462 982 39 17 and
1509 982 74 23 variety
1592 983 20 17 of
1620 982 25 18 its
1653 983 87 17 Thermal
1750 983 86 23 Springs.

555 1003 26 17 As
590 1009 12 11 a
610 1003 65 17 health
684 1005 61 15 resort
752 1004 25 17 its
785 1004 111 23 popularity
903 1004 16 17 is
927 1004 75 22 rapidly
1011 1004 111 23 increasing,
1133 1004 38 17 and
1184 1004 44 17 that
1242 1005 81 22 entirely
1340 1011 24 11 on
1378 1005 24 17 its
1419 1011 43 11 own
1478 1006 71 20 merits,
1568 1011 21 12 as
1605 1006 83 17 hitherto
1704 1006 83 23 nothing
1802 1006 35 17 has

485 1025 48 18 been
543 1026 48 17 done
600 1027 19 16 in
628 1027 33 16 the
670 1032 42 17 way
720 1027 21 17 of
748 1027 123 23 advertising.

509 1049 86 17 Patients
605 1049 91 23 suffering
704 1049 48 18 from
762 1050 87 22 Chronic,
860 1050 100 20 Articular,
971 1050 37 17 and
1016 1050 98 18 Muscular
1121 1050 130 21 rheumatism,
1262 1051 57 21 Gout,
1329 1051 103 17 Rliumatic
1437 1051 57 21 Gout,
1509 1052 47 17 Skin
1564 1052 92 21 Diseases,
1674 1052 85 20 Sciatica,
1776 1053 45 17 Lum-

485 1072 56 22 bago,
562 1072 110 22 Neuralgia,
691 1073 85 18 Nervous
793 1073 126 20 Exhaustion,
938 1073 78 18 Uterine
1032 1073 99 21 Ailments,
1149 1073 38 17 and
1204 1074 56 22 tardy
1277 1075 141 16 convalescense
1435 1075 49 17 from
1500 1077 56 15 acute
1573 1075 80 18 diseases
1670 1081 42 17 may
1729 1075 40 23 rely
1786 1081 51 17 upon

486 1095 100 23 obtaining
595 1096 91 17 immense
694 1096 59 19 relief,
764 1096 38 17 and
809 1098 21 15 in
836 1097 33 17 the
878 1096 91 23 majority
978 1096 19 17 of
1006 1102 50 12 cases
1065 1103 11 10 a
1085 1096 93 23 complete
1187 1102 50 12 cure.

510 1156 53 17 THE
576 1156 113 17 PRIEST'S
698 1157 147 17 BATH.—This
854 1158 14 16 is
878 1157 88 23 strongly
973 1157 48 17 acid,
1035 1157 113 21 aluminous,
1164 1157 81 23 sulphur
1261 1159 65 19 water,
1344 1158 65 23 acting
1426 1164 20 12 as
1462 1164 12 12 a
1490 1159 93 22 powerful
1600 1159 42 17 skin
1658 1160 105 18 stimulant.
1796 1160 42 17 Hot

486 1179 39 17 and
534 1179 42 17 cold
585 1180 88 19 showers,
683 1180 37 17 and
729 1180 82 18 douches
820 1187 32 11 are
860 1180 92 23 provided
960 1180 38 18 and
1006 1180 127 22 comfortably
1141 1181 87 17 enclosed
1237 1181 86 23 dressing
1332 1187 62 12 rooms

510 1202 115 18 MADAME
646 1203 126 18 RACHEL'S
792 1204 147 17 BATH.—This
948 1204 105 17 celebrated
1062 1204 71 22 Spring
1140 1204 16 17 is
1165 1209 11 11 a
1192 1204 63 17 Saline
1269 1206 59 15 water
1341 1204 47 17 with
1404 1204 91 22 Silicates,
1510 1206 39 16 and
1561 1206 35 17 has
1613 1211 24 12 an
1650 1206 81 17 alkaline
1748 1206 89 17 reaction.

486 1225 40 17 The
536 1227 58 16 water
603 1226 15 16 is
627 1226 40 17 also
675 1232 23 11 us
703 1226 18 17 id
729 1227 103 22 internally
841 1228 30 16 for
879 1227 25 17 its
912 1227 98 17 beneficial
1018 1227 63 17 action
1090 1233 24 11 on
1123 1227 32 17 the
1164 1227 85 22 kidneys.

510 1249 53 17 THE
585 1249 69 17 BLUE
674 1249 146 18 BATH.—This
836 1251 17 16 is
868 1251 33 16 the
918 1250 71 23 largest
1004 1249 78 18 natural
1098 1250 109 23 swimming
1222 1250 48 17 bath
1284 1251 20 17 in
1320 1251 31 17 the
1368 1251 94 17 Southern
1471 1251 131 23 Hemisphere.
1628 1253 20 16 It
1656 1252 69 17 affords
1733 1252 106 18 rheumatic

487 1272 81 17 invalids
577 1279 11 10 a
597 1277 64 12 means
670 1273 21 16 of
698 1272 68 22 taking
774 1274 82 21 painless
865 1274 87 19 exercise,
963 1273 61 17 which
1033 1274 46 21 they
1087 1274 68 21 highly
1164 1274 114 22 appreciate.

510 1295 54 17 THE
573 1295 124 18 SULPHUR
705 1296 106 18 VAPOUR
821 1297 75 17 BATH.
898 1296 69 18 —This
973 1296 15 17 is
994 1302 12 12 a
1011 1296 77 18 natural
1093 1296 35 18 hot
1132 1302 80 17 vapour,
1218 1297 70 22 highly
1293 1297 83 24 charged
1381 1297 47 18 with
1434 1298 80 22 sulphur
1522 1304 60 17 gases,
1595 1298 105 17 conducted
1714 1299 40 16 into
1768 1305 12 10 a
1793 1304 33 17 pro-

487 1318 54 22 perly
550 1319 120 17 constructed
679 1319 59 20 chest,
747 1319 20 17 in
776 1319 62 19 which
844 1320 32 16 the
883 1320 33 17 the
921 1321 74 20 patient
1004 1320 38 20 sits,
1053 1319 56 18 while
1118 1326 11 10 a
1135 1321 71 16 stream
1211 1321 20 16 of
1237 1320 87 23 palpable
1333 1320 80 22 sulphur
1418 1321 15 17 is
1439 1321 58 23 being
1503 1322 108 21 constantly
1616 1321 98 23 deposited
1719 1327 24 12 on
1750 1322 33 16 the
1789 1322 48 17 skin.

511 1341 53 18 THE
585 1341 61 18 NEW
666 1341 124 19 SULPHUR
810 1343 145 17 BATH.—This
969 1343 15 17 is
997 1348 11 11 a
1020 1348 45 17 very
1079 1344 65 21 strong
1157 1343 59 18 acidic
1228 1345 60 16 water
1300 1343 19 18 of
1331 1344 47 21 high
1391 1345 133 21 temperature,
1537 1345 39 16 and
1592 1345 87 22 strongly
1696 1345 143 17 r''commanded

487 1365 19 16 in
524 1370 51 12 cases
592 1365 20 17 of
628 1365 124 18 rheumatism
760 1366 38 17 and
807 1366 57 17 allied
873 1366 86 17 diseases.
984 1366 39 17 The
1032 1366 47 17 bath
1094 1366 58 17 house
1169 1367 15 16 is
1201 1366 76 17 divided
1293 1366 40 18 into
1350 1367 68 17 Ladies
1434 1366 38 19 and
1488 1367 122 18 Gentlemens
1627 1367 128 23 departments
1769 1367 38 18 and
1823 1369 16 16 is

488 1388 78 22 capable
575 1388 20 16 of
603 1388 164 23 accommodating
774 1390 35 16 400
818 1389 77 17 bathers
905 1389 57 22 daily.

512 1411 53 17 THE
574 1411 164 18 ELECTRICAL
747 1412 254 18 DEPARTMENT.—This
1010 1412 121 23 department
1145 1413 16 17 is
1179 1413 71 22 replete
1266 1414 47 16 with
1327 1414 32 16 the
1376 1415 49 16 most
1439 1414 78 18 modern
1533 1414 109 23 appliances
1658 1415 30 17 for
1704 1414 88 23 carrying
1806 1416 33 16 out

488 1434 76 17 various
573 1434 59 17 forms
642 1435 19 16 of
669 1435 79 17 medical
757 1435 94 18 electrical
860 1437 103 16 treatment
972 1436 18 17 in
999 1437 49 16 their
1059 1436 88 22 entirety.

513 1458 54 17 THE
573 1458 191 17 HYDROPATHIC
771 1459 118 17 PACKING
894 1459 53 17 AND
955 1458 120 19 MASSAGE
1080 1459 223 18 DEPARTMENT.—A
1313 1460 55 17 series
1374 1460 20 17 of
1399 1466 63 12 rooms
1469 1467 31 11 are
1509 1461 99 17 furnished
1616 1461 38 17 and
1662 1461 28 18 set
1696 1462 56 21 apart
1758 1461 30 17 for
1794 1461 45 18 each

489 1486 39 14 sex,
536 1481 19 17 in
562 1481 55 17 order
622 1482 20 16 to
651 1486 54 17 carry
711 1483 33 16 out
753 1482 37 17 this
795 1482 106 22 important
907 1482 79 23 adjunct
992 1484 19 16 to
1018 1483 108 17 treatment.
1133 1483 39 17 The
1178 1483 78 18 services
1263 1484 20 17 of
1288 1489 11 11 a
1304 1483 89 22 qualified
1399 1484 96 17 Masseuse
1501 1484 37 17 and
1543 1484 87 17 Masseur
1638 1490 31 11 are
1677 1484 115 17 obtainable.

490 1536 91 18 Resident
590 1536 107 23 Engineer:

560 1560 117 18 CAMILLE
689 1561 134 20 MALFROY,
833 1562 46 18 Esq.

1386 1540 91 17 Resident
1484 1540 84 17 Medical
1576 1540 169 22 Superintendent:

1463 1564 104 17 ALFRED
1581 1564 120 17 GINDERS,
1715 1564 53 17 M.D.

713 1705 910 74 WHAKAREWAREWA.

697 1830 58 23 Two
769 1830 69 23 miles
852 1831 76 30 from
947 1830 122 34 Rolorua,
1091 1831 136 32 adjoining
1240 1832 151 32 interesting
1400 1833 84 23 native
1495 1834 144 24 settlement.

670 1893 365 56 GEYSER
1092 1874 176 90 #§§£
1322 1897 338 55 HOTEL.

1014 1996 68 23 PA
1106 1997 25 22 T
1146 1998 25 21 R
1191 1997 22 23 O
1230 1998 33 22 N
1280 1997 21 24 S
1312 2006 9 16 ;

632 2026 55 19 Earl
711 2027 26 18 of
760 2027 106 22 Kintore,
894 2028 54 18 Earl
972 2028 26 18 of
1021 2028 100 23 Onslow,
1144 2028 105 25 Marquis
1271 2030 26 17 of
1315 2030 129 23 Droglieda,
1468 2030 61 19 Lord
1551 2030 145 24 Carrington.

490 2050 90 32 rpTIIS
594 2050 93 19 HOTEL
697 2050 37 19 lias
744 2051 90 24 recently
845 2051 51 19 been
907 2051 142 24 considerably
1057 2052 104 23 enlarged,
1173 2053 116 24 renovated,
1301 2053 40 19 and
1352 2054 130 19 refurnished
1492 2054 115 25 regardless
1616 2056 21 17 of
1652 2061 94 19 expanse,
1767 2055 40 19 and
1823 2055 17 18 is

504 2076 16 20 L
557 2076 74 24 widely
640 2076 75 19 known
726 2077 32 18 for
769 2077 26 18 its
805 2077 99 19 excellent
915 2078 177 21 accommodation,
1104 2078 89 23 Cuisine,
1206 2080 33 18 &c.

867 2112 74 24 Here
953 2121 45 15 are
1010 2112 41 24 the
1065 2112 81 31 Chief
1154 2113 90 31 Sights
1256 2115 33 30 of
1296 2115 40 23 the
1348 2115 119 23 District.

621 2152 47 17 The
676 2152 140 18 Wonderful
826 2152 81 19 Steam
917 2152 45 19 and
972 2153 47 18 Hot
1029 2153 83 18 Water
1122 2153 130 24 Petrifying
1261 2154 99 24 Geysers
1375 2155 80 22 playing
1467 2155 67 22 nearly
1553 2157 32 15 100
1602 2156 38 17 feet
1655 2156 53 22 high.

489 2175 133 23 Petrifying
631 2175 106 23 Geysers,
748 2175 130 18 Cauldrons
887 2176 26 17 of
920 2176 90 23 Boiling
1019 2176 58 19 Mud
1085 2176 47 18 and
1142 2177 41 18 Oil.
1211 2178 75 22 Spout
1296 2177 65 23 Bath,
1372 2178 36 18 Oil
1418 2178 66 22 Bath,
1494 2178 71 19 Alum
1575 2179 60 18 Bath
1644 2179 21 18 &
1679 2178 78 19 Jack's
1771 2179 67 18 Bath.

489 2198 83 20 Known
583 2200 33 18 for
624 2199 33 19 the
666 2199 154 24 extraordinary
829 2206 58 12 cures
893 2201 22 17 of
924 2200 149 23 Eheumatism,
1084 2200 120 25 Neuralgia,
1213 2200 114 26 Lumbago,
1336 2202 91 23 Sciatica,
1436 2202 89 24 Kidney,
1538 2202 62 19 Liver
1607 2202 40 19 and
1654 2203 58 18 other
1720 2202 120 26 complaints

607 2233 42 46 C.
676 2235 40 44 E.
739 2233 238 51 .NELSOJM,
1091 2261 15 6 -
1442 2237 279 55 Proprietor.

903 2291 102 26 Guide
1110 2307 10 3 -
1190 2307 12 4 -
1305 2293 123 32 Sophia.

643 2400 407 53 OKOROIRE
1108 2400 156 54 HOT
1327 2402 368 63 SPRINGS,

913 2466 39 23 On
976 2467 40 22 the
1040 2467 91 23 Direct
1154 2467 81 23 Route
1256 2470 22 21 to
1298 2468 119 23 Rotorua-

727 2506 45 18 For
789 2506 108 23 Scenery,
913 2506 109 19 Curative
1035 2507 132 22 Properties
1176 2508 26 17 of
1208 2508 40 18 the
1258 2508 73 18 Baths
1340 2508 46 18 and
1395 2508 208 23 accommodation,

635 2538 122 24 EXCEL
789 2538 70 24 ALL
893 2538 140 26 PLACES
1065 2538 46 25 OF
1141 2539 75 25 THE
1251 2540 87 24 KIND
1371 2540 31 25 IN
1435 2540 75 25 THE
1543 2540 160 26 COLONY.

516 2602 67 19 These
594 2602 93 25 Springs,
698 2601 67 20 which
775 2602 32 18 for
817 2601 54 19 their
890 2601 96 20 Curative
997 2602 116 25 Properties
1123 2602 41 19 and
1174 2602 138 19 Comfortable
1322 2603 96 24 Fittings,
1430 2602 52 20 have
1494 2603 49 19 been
1562 2605 129 23 pronounced
1706 2604 28 25 by
1750 2606 27 18 all
1794 2606 45 19 who

489 2628 54 19 have
563 2628 73 20 visited
657 2628 56 19 them
729 2634 76 12 second
823 2634 24 12 to
865 2634 55 12 none
936 2634 22 12 i.\
974 2628 52 18 New
1043 2628 107 19 Zealand.
1178 2628 43 19 The
1234 2635 110 13 numerous
1355 2629 134 19 testimonials
1499 2630 92 18 received
1603 2637 21 12 as
1635 2633 21 16 to
1666 2631 54 19 their
1729 2638 58 13 cures
1797 2632 42 19 and

490 2654 86 19 comfort
588 2654 75 19 should
682 2654 25 19 be
725 2654 99 18 sufficient
842 2656 21 16 to
880 2653 72 20 induce
967 2653 92 20 Tourists
1075 2654 41 19 and
1129 2655 68 18 others
1214 2657 20 17 to
1245 2655 47 19 visit
1304 2655 61 19 them.
1394 2655 32 19 No
1437 2658 58 17 extra
1505 2656 75 25 charge
1591 2656 17 19 is
1618 2656 59 19 made
1686 2657 33 19 for
1727 2658 35 19 the
1772 2665 36 12 use
1818 2658 22 19 of

490 2681 35 18 tho
536 2681 61 18 batbs
608 2684 20 15 to
638 2686 84 19 persons
732 2681 82 24 staying
824 2682 21 16 at
855 2680 34 18 the
900 2680 61 18 hotel.

811 2727 83 25 THE
920 2715 533 40 OKOK^IRE~SANATORIUM

518 2769 21 18 Is
549 2769 110 19 connected
669 2768 50 19 with
729 2768 34 19 the
774 2768 135 25 Telegraphic
920 2771 73 22 system
1004 2769 22 18 of
1036 2769 34 18 the
1080 2768 83 26 Colony,
1174 2769 34 18 the
1216 2769 116 25 Telegraph
1344 2769 60 19 Office
1414 2769 109 26 adjoining
1534 2770 34 19 the
1579 2770 70 20 Hotel.
1677 2771 36 19 All
1720 2772 119 25 Telegrams

491 2795 103 25 promptly
604 2794 78 24 replied
692 2797 26 16 to.

518 2820 96 23 Coaches,
626 2821 99 24 Buggies,
737 2820 40 19 and
788 2820 142 24 Conveyances
939 2820 21 19 of
970 2820 27 19 all
1007 2820 61 19 kinds
1087 2820 57 19 leave
1162 2821 40 18 this
1221 2821 62 18 Hotel
1301 2828 24 11 on
1344 2821 111 25 Tuesdays,
1477 2821 124 26 Thursdays,
1621 2823 39 19 and
1679 2823 119 26 Saturdays,
1818 2831 22 12 or

491 2846 56 25 daily
557 2847 17 18 if
584 2847 103 24 required.
729 2846 88 19 Persons
837 2852 24 12 en
880 2849 57 15 route
957 2846 31 18 for
1006 2846 92 19 liotorua
1113 2853 33 12 are
1166 2847 102 18 therefore
1289 2848 84 18 enabled
1395 2851 19 15 to
1435 2848 45 19 visit
1492 2848 35 19 the
1543 2849 91 19 wonders
1645 2849 20 19 of
1679 2849 104 25 Okoroire,
1800 2851 39 18 and

492 2872 61 26 enjoy
563 2873 35 18 the
609 2872 89 19 Natural
709 2872 42 19 Hot
762 2872 66 19 Baths
837 2872 40 18 and
885 2879 12 11 a
907 2872 57 24 day's
974 2875 40 16 rest
1024 2873 95 24 previous
1129 2876 21 15 to
1161 2873 138 25 undertaking
1310 2880 12 11 a
1331 2874 87 25 journey
1429 2876 20 17 to
1460 2874 34 19 the
1506 2874 73 19 Lakes.

1052 2921 84 15 THIS
1162 2921 120 17 HOTEL

665 2948 45 19 Has
718 2948 90 25 recently
818 2948 50 19 been
880 2948 85 23 erected,
974 2948 40 19 and
1028 2948 17 19 is
1056 2950 76 23 replete
1143 2950 49 18 with
1209 2957 60 16 every
1279 2951 85 17 comfort
1375 2950 31 19 for
1416 2950 93 19 Tourists
1518 2951 41 18 and
1569 2950 99 21 Invalids.

521 2975 187 19 Note.—Tourists
716 2977 22 17 to
748 2974 103 28 Kotorua!
880 2974 30 19 Be
920 2980 45 13 sure
978 2976 21 17 to
1016 2975 47 18 take
1082 2982 52 17 your
1152 2976 85 25 railway
1254 2976 74 19 tickets
1346 2976 32 19 for
1394 2976 115 19 Okouoihe.
1547 2977 142 25 Conveyances
1704 2981 53 16 meet
1776 2979 64 19 trains

492 3001 105 23 Okoroire,
609 3001 95 24 carrying
714 3007 122 19 passengers
845 3002 21 16 to
877 3000 62 18 Hotel
949 3001 42 17 free
1008 3001 21 17 of
1038 3001 81 24 charge.

671 3034 47 45 L.
758 3034 383 51 CALLAGHAN,
1238 3062 16 7 -
1353 3062 18 8 -
1466 3037 253 56 Manager.

618 3332 61 52 E.
750 3329 477 56 ROBERTSON

754 3393 245 40 EXPRESS
1034 3393 136 39 LINE
1206 3394 69 41 OF

494 3445 230 56 Carrying
743 3445 98 44 .Her
867 3443 254 58 .Majesty's
1156 3445 136 45 .Mails

658 3515 276 19 TAURANGA-EOTORUA
946 3515 70 17 LINE,

651 3548 67 22 depart
765 3547 87 22 Tuesday
861 3546 37 17 and
907 3546 94 22 Saturday

761 3638 86 23 Monday
864 3638 37 18 r.nd
918 3638 70 23 Friday

1295 3332 163 53 AND
1507 3332 207 56 CO.'S

1312 3395 267 40 COACHES.

1325 3457 51 35 as
1415 3459 83 43 per
1528 3447 311 55 Time-tables,

1346 3516 218 18 ROTORUA-TAUPO
1582 3517 69 17 LINE,

1309 3547 67 23 depart
1423 3548 120 22 Wednesday
1559 3548 38 17 and
1618 3548 95 23 Saturday
1777 3551 8 16 7
1796 3556 43 10 a.m.

1424 3638 100 23 Thursday
1539 3640 37 16 and
1592 3640 85 22 Monday

663 3765 125 33 Special
802 3764 230 31 Conveyances
1045 3764 158 31 arranged
1216 3763 48 25 for
1278 3763 32 25 at
1323 3762 53 26 the
1390 3762 148 26 Shortest
1550 3763 122 26 Notice.

820 3800 200 27 STABLES:
1039 3799 169 27 Tutanekai
1237 3800 112 30 Street,
1372 3800 143 25 Rotorua.

658 3844 114 33 Buggies,
790 3842 118 31 Goaet?e§
926 3841 50 32 ar?d
994 3840 96 28 Saddle
1110 3841 92 32 gorges
1218 3849 31 23 01?
1267 3840 51 32 l?ire
1336 3849 30 23 or?

980 3882 130 16 TEF27UtS
1138 3882 217 16 MODERKTB.

846 3913 144 30 Telegrams
1002 3911 53 23 mid
1064 3911 100 23 Letters
1173 3911 149 30 punctually
1336 3911 117 23 attended
1462 3914 29 20 to.

494 3984 78 33 N.B.
608 3983 114 26 Please
734 3981 76 24 note
823 3979 132 25 address

614 4024 61 65 (*,
726 4016 461 70 ROBERTSON
1234 4016 48 64 Ei
1317 4015 127 66 CO.,
1484 4023 233 48 Rotorua.

825 4096 307 47 contractors
1155 4090 77 47 for
1246 4090 183 47 Messrs
1449 4089 46 47 T.
1517 4089 127 48 Cook.
1664 4090 47 48 &
1733 4090 105 49 Son.

2059 732 59 25 Hot
2145 733 96 25 Lakes
2261 735 33 23 of
2311 735 70 25 New
2399 736 144 26 Zealand.

1998 881 28 18 IS
2039 882 22 17 A
2074 882 192 21 FIRST-CLASS
2280 884 205 21 TEMPERANCE
2498 887 106 19 HOTEL.

1948 920 237 24 HINe7VYOTT
2202 922 197 25 STREET,
2420 924 238 25 ROTORUH.

1859 983 84 32 rpHIS
1955 985 59 16 NEW
2027 985 53 17 AND
2094 986 191 17 COMFuRj-ABLE
2297 986 217 19 ESTABLISHMENT
2522 990 16 15 is
2547 990 82 17 situated,
2637 990 19 17 in
2665 991 33 16 the
2706 996 41 11 now

1865 1004 24 22 X
1921 1007 124 23 townshiplof
2053 1008 90 20 Rotorua,
2153 1009 49 17 close
2211 1011 19 15 to
2240 1009 32 17 the
2282 1009 126 19 Government
2423 1011 120 19 Sanatorium
2556 1013 37 17 and
2606 1013 66 21 Baths,
2686 1013 61 17 which

2180 1032 91 22 comprise
2279 1033 32 17 the
2320 1033 106 18 celebrated

1858 1059 93 18 Priest's
1961 1059 65 22 Bath,
2039 1059 107 19 Madame
2155 1060 87 19 Rachel
2251 1061 78 22 Baths,
2339 1061 140 20 Chameleon
2488 1063 95 19 Douche
2593 1064 65 22 Bath,
2674 1065 73 22 Large

1929 1082 56 18 Blue
1995 1082 137 24 Swimming
2141 1084 66 21 Bath,
2224 1084 102 23 Sulphur
2341 1085 92 23 Vapour
2442 1085 61 19 Bath
2512 1087 46 18 and
2567 1087 111 18 Galvanic

2216 1107 97 23 Battery
2322 1108 65 21 Bath,

1859 1129 69 17 OYER
1941 1129 91 17 WHICH
2048 1129 86 17 LARGE
2152 1131 117 16 BATHING
2287 1131 139 18 PAVILIONS
2446 1132 73 18 HAVE
2540 1133 69 17 BEEN
2630 1134 117 18 ERECTED

1964 1152 45 17 with
2018 1158 101 13 numerous
2128 1153 91 23 Dressing
2235 1154 75 20 Rooms,
2320 1155 35 16 etc.
2381 1155 75 17 Besides
2465 1156 53 17 these
2526 1156 53 18 there
2587 1157 15 16 is
2611 1157 33 17 the

1859 1174 134 19 Pain-killer
2005 1175 66 22 Bath,
2087 1176 133 23 Coffee-pot,
2237 1176 130 19 Cameron's
2381 1178 45 17 and
2442 1178 127 19 Hinemaru
2583 1179 73 18 Baths
2670 1179 24 18 in
2708 1180 40 18 the

2164 1199 149 19 Sanatorium
2331 1200 112 19 Grounds.

1859 1242 114 20 Bathgate
1992 1243 73 19 House
2082 1243 37 19 lms
2136 1244 51 19 Won
2206 1244 80 25 greatly
2303 1244 96 26 enlarged
2414 1246 32 19 for
2463 1246 92 19 Tourists
2571 1253 22 13 as
2613 1247 45 19 well
2676 1254 22 12 as
2717 1248 32 18 for

2097 1270 71 24 people
2181 1270 74 25 taking
2265 1277 12 12 a
2286 1277 69 12 coursa
2366 1271 20 18 of
2395 1272 35 19 the
2440 1271 73 20 Baths.

2115 1304 132 20 TERMS
2268 1306 230 21 MODERATE.

2037 1348 54 35 S.
2139 1350 52 34 T.
2234 1337 53 47 ~B
2314 1338 111 48 R'e
2450 1353 44 33 M
2519 1353 52 39 T,

2185 1396 241 18 PROPRIETOR.

1861 1419 125 19 N.8.-Most
1995 1421 20 17 of
2023 1421 54 19 those
2085 1423 43 18 who
2138 1424 43 17 visit
2190 1425 75 28 Brents
2273 1426 24 17 do
2306 1433 20 11 so
2334 1428 85 23 through
2428 1429 32 17 the
2474 1430 48 18 kind
2534 1432 181 19 recommendations
2731 1434 20 17 of

2201 1454 87 16 previous
2297 1452 107 17 customers.

1907 1557 430 56 WAVERLEY
2422 1563 280 66 HOTEL,

1963 1632 166 37 QUEEN
2156 1634 203 37 STB.KET,
2378 1637 275 34 AUCKLAND.

2091 1682 108 20 UNDER
2211 1684 75 18 NEW
2299 1684 225 21 MANAGEMENT.

2080 1727 28 44 <J
2116 1727 102 48 OSE
2226 1728 65 46 RH
2324 1730 161 47 MJ
2494 1732 42 48 E,

2060 1793 22 18 of
2091 1794 35 18 lite
2136 1793 57 20 Lake
2203 1794 71 19 lloufg
2289 1795 40 18 and
2344 1796 73 19 Palace
2427 1796 80 23 Hotels,
2519 1797 108 25 Rotorua.)

2110 1825 49 18 Has
2165 1825 51 23 just
2226 1826 71 18 taken
2309 1831 55 13 over
2372 1827 47 18 this
2429 1827 76 19 Hotel.

1863 1846 128 18 Travellers
2000 1846 46 19 will
2055 1847 48 18 find
2112 1853 70 18 every
2192 1848 96 19 Modern
2298 1850 160 19 Convenience
2468 1851 122 19 combined
2596 1852 57 18 with
2660 1852 92 24 Civility

2168 1872 45 18 and
2221 1872 96 23 Prompt
2324 1873 123 19 attention.

1888 1913 44 20 The
1943 1914 98 19 situation
2051 1916 21 18 of
2088 1916 33 18 the
2138 1916 125 20 Waverley
2281 1917 83 20 renders
2384 1918 14 19 it
2418 1919 97 24 specially
2534 1920 119 18 convenient
2671 1921 31 17 for
2718 1921 34 17 the

1869 1940 4 30 )
1879 1940 101 25 ravelling
1991 1940 72 20 Public
2074 1942 40 19 and
2133 1942 88 20 Visitors
2237 1946 19 16 to
2274 1944 35 19 tbe
2326 1944 45 24 City
2387 1945 53 18 from
2456 1945 34 19 the
2507 1945 89 25 Country
2613 1945 28 25 by
2660 1947 54 18 train
2730 1953 22 12 or

1863 1968 92 17 steamer.

1864 1991 102 31 Special
1975 1992 207 30 Arrangements
2193 1996 74 22 made
2278 1996 39 22 for
2330 1996 45 22 the
2391 1997 176 23 convenience
2581 1997 28 23 of
2621 1997 129 25 Families.

2056 2032 201 18 NIGHT
2302 2035 261 18 F^ORTER.

1865 2072 175 26 First-class
2056 2074 117 26 Billiard
2191 2075 118 26 Rooms.
2346 2077 100 25 Wines
2459 2079 61 24 and
2537 2079 108 26 Spirits
2658 2079 30 25 of
2697 2079 54 25 the

1943 2105 68 26 best
2028 2106 124 26 Brands.
2198 2108 170 27 Hancock's
2390 2111 83 25 Prize
2488 2111 103 25 XXXX
2606 2112 68 25 Ales

2136 2140 112 33 always
2268 2149 37 18 on
2332 2143 140 32 draught.

1863 2264 80 18 Under
1950 2264 40 19 the
1996 2265 172 23 distinguished
2174 2267 128 23 patronage
2309 2268 26 18 of
2339 2268 42 18 His
2388 2269 139 24 Excellency
2537 2270 60 18 Lord
2606 2271 144 23 Carrington,

1886 2296 120 18 Governor
2015 2297 26 17 of
2048 2297 99 22 N.S.W.,
2159 2298 46 18 and
2215 2298 60 19 Lord
2293 2299 93 19 Onslow
2396 2300 119 19 Governor
2524 2302 25 17 of
2556 2302 57 18 New
2622 2302 104 19 Zealand.

2769 714 216 46 IMPERIAL
3041 721 144 48 HOTEL,

2811 771 122 23 fort
2956 774 195 25 street.

2902 810 159 22 AUCKLAND.

2796 874 95 25 Splendid,
2906 877 166 20 accommodation
3084 879 32 19 for
3128 880 51 18 Tour-

2770 899 35 19 ists
2815 900 39 19 and
2864 900 116 21 Travellers.

2786 938 181 31 Higli-class
2985 941 109 26 Wines
3116 944 62 25 and

2880 972 113 32 Spirits
3006 974 82 33 kept.

2816 1051 39 25 W.
2890 1053 29 24 H.
2949 1053 48 24 PE
3013 1055 20 23 A
3050 1055 18 24 R
3084 1055 21 25 C
3123 1056 28 30 E,

2896 1089 175 32 Proprietor.

2771 1128 176 11 cap——■——r-n
2983 1130 63 9 ——i
3053 1131 17 5 ■'»
3079 1131 9 9 ■
3112 1128 1 13 i
3123 1133 70 8 Ttirra-n

2851 1146 344 25 LENALVON,

2875 1188 110 18 SYMONDS
2999 1190 94 21 STREET,

2773 1217 94 21 (Formerly
2875 1218 27 16 Sir
2912 1218 50 17 Fred.
2975 1219 104 18 Whitaker's
3090 1221 106 21 Residence,)

2914 1248 95 21 Telephone
3022 1250 37 16 511.

2794 1277 16 14 A
2818 1277 40 15 Few*
2866 1277 62 16 Ladies
2935 1278 34 15 and
2978 1278 99 17 G-entlemsn
3090 1285 31 10 can
3135 1281 19 15 bo
3168 1286 19 10 ac-

2772 1298 116 16 commodated
2893 1298 119 21 withsuperior
3017 1300 54 16 Board
3078 1301 13 16 &
3097 1301 99 16 Residence.

2794 1327 36 16 The
2838 1328 52 15 house
2897 1328 15 15 is
2919 1328 74 16 situated
3001 1329 16 16 in
3023 1329 48 21 large
3076 1331 80 19 grounds,
3164 1331 33 16 and

2773 1349 97 15 commands
2877 1349 110 20 magnificent
2994 1350 51 16 views
3053 1352 18 15 of
3080 1352 29 15 the
3117 1352 79 16 harbour.

2794 1378 64 16 Tennis
2866 1378 59 16 Lawn.

2795 1407 35 16 Ten
2839 1408 80 15 minutes'
2928 1409 43 15 walk
2982 1409 42 16 from
3033 1409 29 16 the
3070 1409 41 17 Tost
3119 1411 57 16 Office.

2796 1437 41 16 Cars
2847 1438 32 15 and
2888 1437 60 17 Busses
2956 1444 38 14 pass
3004 1439 28 16 the
3037 1441 81 14 entranco

2775 1483 48 25 W.
2836 1483 36 24 K.
2892 1483 28 26 &
2938 1484 38 25 H.
3004 1486 30 26 C.

2848 1531 129 21 SURGEON
2989 1535 137 22 DENTISTS.

2820 1601 120 24 (Successors
2951 1604 20 17 to
2982 1604 24 18 A.
3017 1604 23 19 L.
3055 1604 103 28 Wright.)

2803 1635 71 23 Notify
2882 1636 44 18 that
2937 1637 47 23 they
2993 1644 33 13 are
3036 1639 120 26 continuing
3166 1641 35 19 the

2777 1660 95 20 Business
2882 1664 20 16 at
2910 1662 34 19 the
2953 1662 99 22 Premises
3062 1668 35 22 toji
3104 1667 20 17 of
3131 1668 59 18 Short-

2777 1686 125 20 land-street.
2929 1689 41 18 The
2980 1690 112 24 high-class
3109 1693 55 18 work
3180 1694 21 18 of

2777 1712 34 19 the
2820 1712 41 19 late
2871 1713 31 19 Mr
2912 1713 23 19 A.
2945 1715 23 18 L.
2980 1715 84 27 Wright
3074 1717 40 19 will
3124 1718 25 19 be
3165 1719 24 19 ad-

2777 1738 61 19 hered
2848 1742 24 21 to,
2884 1740 39 18 and
2933 1747 40 19 any
2987 1741 37 20 left
3041 1743 116 20 unfinished
3174 1745 27 25 by

2777 1764 44 20 that
2830 1765 115 25 gentleman
2956 1767 40 18 will
3006 1768 25 19 be
3045 1771 112 23 completed
3175 1771 26 25 by

2869 1791 34 19 the
2910 1798 42 13 new
2962 1798 146 21 management.

2777 1824 113 26 Telephone
2900 1827 43 18 057.

2811 1879 22 25 J.
2855 1879 30 25 H.
2907 1880 261 35 BUCHANAN,

2850 1929 93 26 Stone
2956 1931 172 27 Merchant.

2867 1976 175 20 ESTABLISHED
3060 1980 49 17 1892.

2799 2025 116 23 Statuary,
2943 2025 159 21 Monumental
3134 2030 45 18 and

2891 2048 96 19 General
2997 2050 88 20 Mason.

2775 2083 106 17 MAIiIiLE
2891 2084 14 16 &
2911 2084 148 19 FREESTONE
3068 2087 123 19 CHIMNEY
3196 2100 5 4 -

2799 2106 94 20 PIECES,
2910 2107 126 23 MANTELS,
3051 2109 84 22 VASES,
3145 2111 32 17 Ac.

2803 2139 136 27 VICTORIA
2957 2142 117 26 STREET
3091 2143 84 29 EAST.-

2779 2178 420 41 HUCKLRND.

2802 2241 86 25 Designs
2907 2242 39 19 and
2964 2243 65 19 Prices
3048 2244 113 20 forwarded
3179 2248 20 17 to

2776 2273 39 19 any
2825 2270 44 22 part
2879 2268 20 18 of
2909 2268 33 18 the
2952 2268 98 21 Province
3059 2277 22 12 or
3088 2270 76 23 Colony
3175 2278 25 12 ou

2775 2293 128 25 application.

2025 2571 575 38 THURHNGH.

1863 2653 9 15 r
1874 2653 75 22 FHE
1990 2653 86 22 STAR
2109 2654 15 18 is
2136 2655 129 24 pronounced
2276 2655 26 24 by
2318 2656 25 18 its
2356 2656 86 19 Patrons
2460 2659 20 16 to
2495 2656 25 19 be
2535 2657 35 18 the
2587 2656 45 19 best
2645 2656 53 20 built
2712 2658 40 18 and

1869 2675 21 21 J.
1931 2681 44 17 best
1984 2680 107 19 furnished
2103 2680 63 19 Hotel
2177 2681 20 18 in
2208 2681 34 19 the
2251 2681 67 19 North
2329 2681 75 20 Island.

1896 2710 136 26 Private
2046 2711 106 26 Suites
2162 2712 21 19 of
2193 2712 132 25 Apartments
2335 2714 31 17 for
2378 2714 101 19 Families.

2179 2745 102 30 Sample
2296 2747 94 22 Rooms
2412 2748 31 18 for
2458 2747 133 21 Commercial
2601 2747 123 21 Gentlemen.

1862 2778 90 19 Coaches
1961 2778 57 19 leave
2027 2778 35 19 the
2072 2779 63 19 Hotol
2143 2780 32 18 for
2192 2780 34 19 the
2240 2780 66 19 Lakes
2324 2787 26 13 on
2366 2782 75 19 arrival
2457 2783 21 18 of
2495 2782 26 19 all
2538 2785 104 16 steamers.
2672 2783 79 25 Special

1970 2804 93 26 Buggies
2079 2805 41 18 and
2130 2806 76 19 Saddle
2216 2806 78 19 Horses
2304 2813 36 13 can
2357 2808 25 19 be
2398 2808 97 19 obtained
2512 2809 32 18 for
2554 2808 27 19 all
2594 2813 55 20 parts

2220 2833 21 18 of
2251 2833 35 18 the
2302 2833 95 25 Country.

1863 2864 186 27 First-class
2063 2865 126 32 Sailing
2203 2867 61 25 and
2277 2867 137 32 Rowing-
2427 2868 99 27 Boats
2538 2869 49 25 for
2599 2869 153 26 Pleasure

2127 2900 63 24 and
2209 2900 133 32 Fishing
2356 2901 134 26 Parties.

1863 2939 64 26 The
1960 2939 164 26 Saltwater
2154 2940 128 33 Bathing
2317 2942 126 25 Pavilion
2481 2943 22 25 is
2538 2943 100 25 within
2664 2944 88 25 three

2067 2973 139 26 minutes'
2229 2975 74 24 walk
2324 2976 33 24 of
2372 2976 55 25 the

2083 3014 120 25 Telegrams
2222 3015 78 19 receive
2328 3018 80 23 prompt
2427 3018 106 18 attention.

1982 3062 99 39 ZMI.
2154 3045 503 67 KSSfE-A-Xjir,

2172 3116 282 27 PROPRIETOR.

1956 3234 230 47 ROBERT
2219 3236 255 49 FURWESS
2506 3238 46 46 &
2585 3238 82 50 Co.,

1900 3335 380 29 MANUFACTURERS
2318 3338 112 26 AND
2470 3340 252 30 IMPORTERS,

2058 3429 181 35 FORT
2275 3431 291 35 STRC-eT.

2826 2351 159 46 Steele
3008 2352 136 46 Bros.

2790 2450 184 41 MARAEROA
3020 2451 167 42 SAWMILL,

2778 2534 129 43 DESIRE
2916 2535 24 17 to
2949 2535 74 18 thank
3032 2535 40 19 the
3081 2536 77 22 public
3166 2537 35 17 for

2843 2558 53 22 past
2910 2558 76 18 favors
3001 2558 45 18 and
3061 2559 44 23 beg-
3124 2561 24 16 to
3163 2565 26 13 an-

2776 2585 89 13 nounce
2874 2580 51 19 that
2933 2581 85 23 having
3027 2587 14 12 a
3054 2582 63 23 large
3133 2584 67 17 stock

2776 2603 26 18 of
2811 2603 170 19 well-seasoned
2990 2605 120 18 first-class
3118 2606 83 18 timber

2776 2632 29 13 on
2815 2627 60 18 hand
2884 2627 54 23 they
2947 2632 37 13 are
2993 2629 112 21 prepared
3112 2629 24 17 to
3143 2629 58 18 fulfil

2776 2650 78 18 orders
2862 2651 25 17 at
2895 2650 97 18 reduced
3001 2652 69 18 rates.

2778 2718 35 42 X
2867 2718 24 40 A
2893 2718 21 42 J
2968 2718 166 42 JTAKRISON,
3147 2719 47 18 B.A.

2811 2780 140 18 BARRISTER
2963 2781 52 17 AND
3026 2781 139 20 SOLICITOR,

2789 2821 38 20 118,
2848 2820 96 17 Victoria
2963 2821 88 20 Arcade,
3073 2822 116 17 Auckland.

2953 2860 63 18 ALSO

2776 2899 91 18 Barrister
2879 2899 36 17 and
2930 2900 84 16 Solicitor
3029 2900 19 17 of
3065 2900 32 17 tho
3113 2901 88 22 Supreme

2868 2923 62 20 Court,
2938 2923 82 20 Ontario,
3027 2923 82 17 Canada.

2866 2996 79 44 m

2778 3154 72 18 Losses
2859 3154 14 17 P
2886 3158 24 13 .id
3083 3154 120 20 £20,000,000

2778 3186 50 16 Fire
2840 3185 98 17 Premium
2953 3186 94 17 Exceeds
3095 3186 108 21 £1,500,00#

2778 3217 147 17 Accumulated
2930 3217 68 17 Funds
3003 3217 83 17 Exceed
3095 3217 108 21 £1,000,000

2846 3255 37 19 W.
2905 3255 94 19 WARD
3018 3256 108 22 BAKER,

2810 3295 95 18 District
2913 3295 116 23 Manager,
3038 3295 129 19 Auckland.

2862 3334 36 19 W.
2912 3335 28 18 A.
2954 3334 164 23 WILLIAMS,

2836 3374 68 18 Local
2924 3374 82 22 Agent,
3034 3375 109 19 Rotorua.

2001 3553 160 23 ItQTORUA.

2051 3638 58 19 THE

1864 3680 428 86 Langham.

1885 3783 48 23 (One
1940 3784 89 17 minute's
2038 3784 50 17 walk
2096 3786 49 16 from
2152 3786 33 17 the
2191 3787 71 17 Govem-

2014 3810 53 15 ment
2075 3808 76 23 Baths.)

1888 3951 45 23 35s
1941 3958 46 22 per
2006 3952 89 28 week;
2115 3953 29 22 6s
2159 3960 46 22 per
2213 3954 57 30 day.

1889 3989 61 23 Two
1963 3990 90 22 weeks
2062 3997 28 16 or
2100 3991 99 29 longer,
2216 3993 55 23 30s.

1897 4070 27 32 C.
1958 4070 135 33 HAWKER
2123 4073 141 39 WILSON,

1988 4123 188 23 PBOPKIETOK.

2348 3553 115 23 Visitors
2474 3554 26 22 to
2513 3554 46 22 the
2575 3554 52 23 Hot
2636 3554 89 23 Lakes.

2510 3622 58 19 TI-IE

2309 3656 4 67 |
2352 3656 174 46 Palace
2563 3656 158 55 Hotel,

2323 3721 67 19 M'timt
2403 3721 11 18 (1
2441 3721 18 18 in
2484 3721 35 19 the
2543 3721 49 19 New
2615 3722 134 18 Government

2322 3747 106 23 Township
2446 3754 18 11 in
2481 3754 53 13 Ciose
2553 3748 107 24 proximity
2678 3751 21 16 to
2719 3747 34 19 the

2321 3773 71 23 Baths,
2409 3773 136 23 Sanatorium,
2564 3774 49 19 Post
2636 3774 59 19 Office
2714 3774 38 19 ar.d

2321 3799 91 25 •Rai.woy
2421 3800 73 19 Static
2496 3799 4 25 l
2504 3799 4 25 .

2347 3851 42 18 The
2400 3851 61 19 Hotel
2474 3852 16 18 is
2506 3851 126 25 luxuriously
2647 3851 105 20 furnished

2321 3877 39 19 s;id
2372 3877 77 22 replete
2460 3877 46 19 with
2514 3884 58 18 every
2582 3878 132 19 convenience
2722 3878 31 18 for

2321 3903 85 19 tourists
2418 3904 38 18 and
2467 3904 73 18 other-.
2571 3904 21 18 It
2612 3910 10 13 c
2637 3904 89 19 minands
2742 3909 10 12 ft

2321 3929 91 24 splendid
2425 3930 47 18 view
2483 3930 21 18 of
2516 3930 34 18 the
2557 3929 56 19 Lake
2623 3930 37 18 and
2670 3930 16 18 is
2695 3930 46 18 with-

2321 3955 19 19 in
2352 3962 46 17 easy
2409 3962 67 12 access
2488 3956 21 18 of
2527 3955 33 19 the
2576 3957 77 23 Geyser
2669 3956 83 25 Springs

2322 3981 20 19 of
2353 3981 187 20 Whskarewarewa
2550 3982 39 18 and
2600 3982 26 19 all
2639 3981 31 19 the
2689 3981 63 25 Bights

2322 4007 20 19 of
2353 4007 34 19 the
2397 4007 86 19 district.

2335 4033 33 19 All
2377 4033 107 25 telegrams
2496 4033 102 26 promptly
2608 4033 94 20 attended
2712 4036 26 17 to.

2387 4101 86 31 JOHN
2501 4101 183 37 JOHNSTON,

2309 4133 1 32 !
2454 4147 170 18 PROPRIETOR.

2831 3453 105 41 DAVID
2966 3453 182 48 SHERRIFF,

2860 3527 111 20 FAMILY
2987 3527 137 26 BUTCHER,

2831 3579 77 17 Ahawa
2931 3577 90 23 Street,
3045 3577 104 20 Rotohua.

2803 3626 21 19 Is
2842 3632 42 12 now
2904 3626 94 24 carrying
3016 3633 25 11 on
3060 3626 33 19 the
3109 3626 90 19 business

2777 3660 60 25 lately
2858 3659 109 20 conducted
2986 3660 27 25 by
3031 3660 73 19 Messrs
3121 3660 77 18 Jecklin

2777 3694 39 19 and
2826 3694 73 22 Cotter,
2911 3694 40 19 aiul
2961 3694 17 18 is
2987 3694 98 24 prepared
3096 3697 18 15 to
3127 3693 71 25 supply

2777 3728 33 19 the
2820 3727 67 26 public
2898 3728 46 19 with
2956 3728 63 25 prime
3027 3728 77 25 qualify
3113 3728 20 18 of
3145 3728 52 17 meat

2777 3762 38 19 and
2824 3762 57 19 small
2891 3762 62 25 goods

2848 3805 34 19 AT
2897 3805 115 19 LOWEST
3027 3804 99 20 PRICES.

2803 3886 171 22 WYNYAEB
2987 3882 183 28 &FI7ECHAS,

2837 3936 126 19 Barhistuks
2970 3941 41 13 and
3021 3935 116 21 Solicitors,

2777 3990 78 19 J3.N.Z.
2863 3990 115 23 Chambers,
2986 3989 67 20 Qu'een
3058 3988 27 23 St,
3093 3987 103 19 Auckland

2776 4084 80 43 WE
2868 4084 52 19 have
2928 4089 70 18 money
3008 4084 20 17 to
3038 4081 45 19 lonil
3095 4088 25 12 on
3135 4081 49 19 Mort-

2864 4116 52 19 gage
2926 4110 20 18 of
2960 4108 97 19 Freehold
3072 4107 39 19 and
3126 4107 59 20 Lease-

2775 4136 47 19 hold
2831 4138 94 23 property
2935 4136 20 18 at
2965 4137 78 17 current
3052 4136 59 16 rates.
