3218 4275
607 3375 123 18 VISITORS'
744 3376 62 17 LIST.

620 3420 82 19 Geyser
718 3422 76 17 Hotel.

513 3443 106 18 Mesdames
629 3444 86 23 Findlay,
729 3445 101 18 Transvaal
838 3452 9 15 ;•
864 3446 48 17 Hart-

490 3466 37 23 ley,
549 3466 96 19 Dunediu.
677 3468 67 17 Misses
769 3465 154 26 Brimblecotnbe,

490 3489 91 18 Brisbane
589 3487 4 27 ;
607 3490 86 23 Findlay,
700 3487 116 27 Transvaal';
834 3492 89 22 Edridge,

490 3512 101 23 England.-
612 3513 69 18 Messrs
697 3514 155 22 Briinblccombe,
873 3515 41 18 Bris-

490 3535 49 17 bane
546 3535 3 26 ;
563 3536 64 21 Jones,
638 3536 81 20 Deacon,
735 3537 63 20 Want,
815 3538 108 23 Pettigrew,

490 3558 91 23 England
588 3564 9 15 ;■
607 3559 86 22 Findlay,
704 3559 100 24 Morrisby,
811 3561 102 17 Transvaal
919 3558 4 25 ;

491 3582 81 22 Hartley
590 3582 37 17 and
642 3583 72 17 Master
728 3583 87 22 Hartley,
825 3583 98 23 Duncdin;

491 3604 79 23 Speedy,
593 3604 71 23 Napier
674 3604 3 24 ;
700 3605 77 23 Young,
807 3606 100 18 Hamilton
919 3614 6 14 ;•

491 3627 76 21 Adams,
577 3627 83 19 Hawkes
669 3623 47 28 Bay.

556 3674 89 17 Brent's
656 3675 112 17 Bathgate
781 3675 76 18 House.

513 3696 106 19 Mesdmiies
626 3697 62 21 Krull,
697 3695 113 25 Wanganiii;
818 3698 105 22 Marcharit,

491 3719 46 18 New
559 3720 102 21 Plymouth
673 3719 4 25 ;
699 3720 79 22 Martin)
798 3721 125 23 .Wairarapa;

491 3742 101 22 Millward,
607 3742 126 25 Wellington;
753 3743 77 22 Barker,
846 3744 67 18 Canter-

490 3765 55 28 bury.
575 3766 47 17 Miss
646 3766 66 20 Beath,
741 3767 118 17 Melbourne.
897 3768 29 17 Di-

491 3788 21 17 B.
522 3788 21 17 T.
555 3788 79 21 Itussell,
652 3790 89 20 Ireland;'
760 3790 70 18 Messrs
846 3791 77 21 Martin,

491 3811 109 23 Wairarapa
607 3811 4 26 ;
626 3812 100 21 Milliard,
736 3812 21 18 P.
773 3814 81 19 Telford,
867 3814 56 23 Gray,

492 3834 121 24 Wellington;
628 3835 76 21 Barker,
724 3835 128 24 Canterbury;'
864 3837 48 22 Cope-

490 3858 51 19 land,
552 3858 100 21 Clements,
662 3857 100 20 Auckland
769 3857 3 23 ;
786 3859 67 21 Beath,
874 3860 37 17 Mel-

491 3880 81 21 bourne;
588 3880 194 24 Browne,-.England;
797 3882 125 24 Lam]'lough,

491 3903 48 25 Fiji;
555 3903 81 24 Reaney,
651 3904 122 24 Wellington.

512 3950 70 17 The
605 3950 186 17 Langham.

514 3972 106 19 Mcsdamcs
644 3973 78 22 Joshua,
742 3975 76 22 Taupo;
846 3975 77 22 Corlett,

491 3996 89 17 Tokuanu
591 3996 4 25 ;
609 3997 76 20 Parnta,'
694 3997 105 24 Tauranga.
824 3998 47 18 Miss
877 3999 38 18 Bat

491 4019 38 21 toy,
537 4019 83 18 Pokenb.
645 4019 63 24 Judge
717 4020 77 22 Wilson,
813 4021 98 19 Auckland
919 4019 4 24 ;

491 4041 70 18 Messrs
578 4042 75 22 Parata,
678 4044 110 22 Tauranga;
816 4044 107 22 Tarawhiti,

490 4063 82 24 Huntly;
588 4065 69 24 Sleigh,
669 4065 97 22 Scotland;
781 4066 85 21 Skinner,
876 4068 36 22 Syd-

490 4092 53 17 ney;.
563 4087 106 20 Richmond
696 4089 102 22 Gishomo;
827 4091 96 21 Lichfield,

491 4110 90 18 Lismore.

950 103 57 19 THE
1026 103 57 19 HOT
1102 103 94 19 LAKES
1215 103 170 19 CHRONICLE

1137 139 57 11 AND

1052 164 109 20 Tourists'
1178 165 101 23 Journal.

997 217 171 21 WEDNESDAY,
1181 217 68 18 JULY
1258 219 16 19 8,
1287 218 30 17 1896.

950 268 58 19 THE
1041 267 206 20 PURIFICATION
1274 267 35 20 OF
1327 266 58 21 THE

1121 293 91 18 TOWN.

951 346 33 19 Mr
994 345 94 20 Gerhard
1097 343 94 24 Mueller,
1200 346 21 18 iu
1231 352 12 12 a
1253 345 60 19 letter
1320 347 20 17 to
1351 345 35 19 the

951 372 109 19 Chairman
1078 373 21 17 of
1120 372 36 18 tho
1178 371 62 19 Town
1259 371 73 23 Board,
1351 378 24 12 ex-

951 404 78 19 presses
1039 398 32 18 his
1080 400 68 23 regret
1160 397 45 19 that
1219 398 25 18 he
1254 404 40 12 was
1311 397 75 19 unable

950 428 21 15 to
979 424 26 18 be
1020 426 83 23 present
1120 426 20 16 at
1153 423 34 19 the
1201 423 40 19 last
1257 424 89 25 meeting
1364 424 22 18 of

950 451 35 17 the
994 449 68 19 Board
1071 456 22 12 as
1101 449 26 19 he
1138 449 66 19 would
1214 451 52 17 hive
1277 449 107 19 embraced

951 476 34 18 the
996 475 132 25 opportunity
1138 477 21 17 of
1178 476 63 25 going
1260 482 54 12 more
1332 475 54 24 fully

950 502 43 18 into
1009 502 35 18 the
1066 501 101 24 proposed
1188 502 66 18 works
1277 501 108 19 connected

951 527 48 20 with
1008 529 36 17 tiie
1053 527 99 25 drainage
1162 527 39 19 and
1212 534 102 17 sewerage
1321 527 21 19 of
1350 527 35 19 the

951 557 59 15 town.
1046 553 34 18 Ho
1100 554 98 18 forwards
1222 554 35 18 the
1282 553 64 19 result
1364 555 22 17 of

949 579 81 19 further
1040 579 102 25 enquiries
1151 580 59 18 made
1228 580 71 22 which,
1316 580 19 18 in
1347 586 39 12 our

950 606 88 24 opinion,
1050 607 63 16 meets
1131 605 34 19 the
1182 605 113 25 objections
1309 605 75 20 offered

953 632 24 24 by
988 638 12 12 a
1010 631 157 25 correspondent
1181 632 21 18 of
1212 632 34 19 tho

950 658 83 24 signing
1052 657 83 19 himself
1304 658 38 19 and
1364 662 21 15 to

951 687 65 15 whose
1027 683 91 18 remarks
1139 690 28 12 we
1183 684 90 18 referred
1291 687 22 16 nt
1330 691 55 13 some

949 710 71 24 length
1029 710 21 17 in
1060 709 35 18 the
1106 709 148 20 CiiuoxicLKof
1263 710 55 19 June
1330 711 54 20 17th.

949 736 66 19 There
1026 736 22 21 i-,
1060 736 20 17 in
1101 735 46 22 fact,
1167 736 52 18 little
1236 736 109 20 likelihood
1363 738 22 18 of

951 764 5 8 '
963 760 115 21 iVotorua's'
1086 761 53 18 fears
1158 761 63 25 beiug
1230 762 85 20 realised
1324 763 16 19 if
1349 764 35 18 tho

950 792 74 20 system
1041 787 16 18 is
1074 786 95 26 properly
1186 788 77 19 carried
1282 792 41 16 out.
1351 789 34 19 Mr

950 814 87 19 Mueller
1047 813 37 19 has
1103 812 50 20 been
1174 814 20 18 in
1214 815 169 20 Communication

951 840 48 18 with
1009 839 34 19 Mr
1052 838 26 19 I).
1088 838 35 19 W.
1135 838 32 20 Mo
1168 840 85 22 Arthur,
1272 840 41 19 late
1323 841 61 19 Town

949 866 104 24 Engineer
1064 865 21 18 of
1100 864 110 24 Horsham,
1228 866 96 25 Victoria,
1344 868 40 18 and

949 894 21 17 at
979 893 82 24 present
1069 890 103 25 Engineer
1182 895 19 15 to
1212 892 36 18 the
1265 892 117 20 Ohinemuri

949 918 86 24 County,
1047 917 41 18 and
1098 918 34 18 tho
1142 917 131 20 information
1290 920 94 25 supplied

949 944 27 24 by
984 943 49 21 him,
1042 943 65 19 which
1116 943 41 19 will
1165 943 24 19 be
1198 945 64 19 found
1270 945 20 19 in
1299 946 85 18 another

949 970 85 22 column,
1046 969 17 18 is
1073 969 38 18 full
1121 970 21 17 of
1150 969 84 20 interest
1245 972 40 18 and
1295 978 22 12 ns
1327 978 45 18 prac-

948 995 48 19 tical
1006 1002 21 12 as
1038 995 15 19 it
1064 995 45 18 well
1123 1001 37 13 can
1177 996 31 18 be.
1236 997 26 19 In
1280 998 73 23 regard
1363 1000 21 16 to

948 1022 35 18 tho
993 1028 125 18 conveyance
1128 1021 20 18 (if
1158 1022 99 20 ni»htaoil
1265 1025 21 17 to
1304 1024 34 18 the
1349 1025 24 18 de-

947 1050 37 23 pot
994 1047 34 19 the
1039 1050 74 21 system
1126 1049 100 23 proposed
1245 1049 26 24 by
1290 1049 33 19 Mr
1341 1051 42 18 Me-

949 1073 78 19 Arthur
1038 1073 16 18 is
1065 1073 20 18 in
1096 1075 104 23 operation
1218 1075 21 18 in
1250 1082 60 18 many
1320 1079 63 16 towns

948 1100 21 19 iu
980 1099 91 20 Victoria
1090 1099 40 19 and
1151 1099 50 20 New
1221 1100 65 20 South

949 1126 50 19 with
1009 1125 130 25 populations
1148 1127 90 25 ranging
1247 1127 51 19 from
1309 1129 44 18 that
1362 1129 22 17 of

948 1152 93 19 Kotoraa
1051 1155 20 15 to
1090 1153 72 21 20,000
1181 1153 61 18 souls.
1273 1154 38 18 Wo
1329 1153 53 20 have

948 1177 93 25 personal
1057 1178 120 25 knowledge
1196 1179 21 18 of
1236 1179 26 19 its
1273 1180 108 25 efficiency,

949 1204 40 18 and
1007 1203 22 18 iu
1048 1210 25 12 no
1092 1210 44 13 c.-ise
1156 1204 66 19 where
1241 1206 16 18 it
1274 1206 39 19 has
1331 1206 51 20 been

949 1230 87 24 adopted
1048 1232 35 16 tins
1093 1230 16 18 it
1127 1230 51 19 been
1197 1231 127 20 abandoned.
1355 1235 28 16 As

948 1256 33 19 Mr
993 1256 113 19 McArthur
1117 1262 46 18 says
1172 1256 4 27 :
1191 1257 26 19 So
1227 1258 77 25 perfect
1313 1259 16 18 is
1342 1259 39 18 thia

948 1286 74 20 system
1034 1282 45 18 that
1089 1282 34 18 the
1133 1282 92 26 clearing
1235 1284 20 19 of
1266 1284 71 19 closets
1345 1291 37 13 can

949 1308 24 18 be
984 1308 111 25 proceeded
1105 1308 48 19 with
1164 1309 22 18 in
1201 1310 35 18 the
1255 1310 89 25 daytime
1360 1318 22 12 as

949 1334 56 19 there
1014 1334 18 18 is
1041 1340 26 12 no
1077 1334 58 19 smell
1145 1341 22 12 or
1186 1336 101 19 nuisance.
1316 1337 25 19 In
1350 1344 22 11 re-

948 1360 52 25 gard
1010 1362 20 17 to
1048 1360 35 18 the
1102 1363 61 16 street
1180 1361 98 26 drainage
1295 1362 34 20 Mr
1339 1364 43 18 Mc-

947 1386 79 19 Arthur
1036 1386 17 18 is
1062 1386 22 18 of
1093 1386 83 25 opinion
1187 1388 44 18 that
1241 1388 36 19 the
1287 1389 95 25 ordinary

948 1412 64 25 liquid
1024 1415 73 15 matter
1104 1413 53 19 from
1165 1413 73 20 houses
1245 1421 38 12 can
1287 1411 26 22 fie
1320 1416 61 19 taken

947 1445 57 18 away
1013 1439 27 24 by
1050 1439 34 17 tho
1095 1439 78 19 surface
1186 1444 92 16 concrete
1286 1437 96 23 channels

947 1471 22 12 as
979 1464 106 25 proposed,
1097 1465 35 18 but
1149 1465 17 19 if
1175 1466 16 18 it
1210 1466 90 25 requires
1319 1467 53 19 disin-

946 1491 78 24 fecting
1033 1490 17 18 it
1059 1490 74 19 Should
1142 1491 28 19 bo'
1179 1492 28 24 by
1226 1493 155 26 undei-ground

947 1517 68 18 drains
1025 1516 81 25 leaving
1116 1518 35 18 tho
1170 1524 52 19 open
1237 1519 96 19 channels
1350 1520 32 18 for

947 1543 34 19 tho
992 1546 61 15 «torm
1065 1546 67 16 water.
1161 1544 18 18 A
1189 1545 71 24 simple
1272 1545 80 19 method
1361 1547 21 17 of

947 1569 131 21 disinfecting
1088 1569 98 26 drainage
1241 1570 41 20 fbia
1298 1571 49 19 kind
1365 1573 7 17 i-

947 1596 68 18 shown
1027 1594 27 25 by
1066 1595 31 18 Mr
1113 1595 117 23 McArthur,
1248 1597 39 19 Mid
1302 1597 78 26 though

948 1628 28 12 we
987 1628 33 11 are
1031 1621 75 18 unable
1116 1625 21 15 to
1146 1622 111 25 reproduce
1267 1619 33 23 th>6
1311 1624 69 19 sketch

947 1647 64 20 which
1023 1648 139 24 accompanies
1172 1649 34 18 tho
1216 1653 68 22 report
1294 1656 29 12 wo
1329 1649 52 21 have

947 1673 126 20 endeavored
1083 1677 20 14 to
1120 1674 81 24 explain
1220 1675 34 19 tho
1271 1682 18 13 m
1292 1679 52 16 Hitter
1360 1684 21 12 as

946 1700 74 23 clearly
1031 1705 22 12 as
1064 1700 94 24 possible.

972 1726 21 19 It
1004 1726 16 18 is
1041 1725 127 26 satisfactory
1187 1730 21 16 to
1227 1725 41 22 find
1286 1729 44 19 thnt
1349 1729 32 19 Sir

946 1752 78 19 Robert
1035 1750 59 20 Stout
1111 1752 42 22 has,
1170 1760 21 11 in
1207 1755 33 18 the
1258 1752 123 28 Legislative

946 1777 114 25 Assembly,
1072 1781 6 14 t
1094 1778 37 19 ken
1143 1785 27 19 up
1180 1780 34 18 the
1225 1781 84 24 parable
1319 1782 20 19 in
1350 1788 19 13 re-

947 1804 52 26 gnrd
1009 1808 20 14 to
1039 1804 34 17 the
1088 1804 91 26 sanitary
1193 1806 101 20 condition
1311 1808 20 19 of
1347 1809 33 18 the

947 1834 61 15 town.
1044 1829 34 19 He
1093 1831 90 19 referred
1200 1837 19 14 to
1235 1834 34 18 tho
1288 1835 91 24 reported

947 1856 117 26 prevalence
1074 1857 22 17 of
1106 1857 83 25 typhoid
1200 1858 75 26 dur?ng
1284 1860 35 19 the
1332 1865 46 20 past

947 1889 70 12 season
1029 1882 39 18 and
1079 1882 65 19 stated
1155 1883 44 19 that
1210 1884 16 19 if
1234 1886 35 18 the
1285 1888 84 17 unfavor-

947 1910 46 18 able
1009 1908 120 25 impression
1146 1910 57 19 made
1220 1918 24 12 on
1262 1910 33 21 the
1312 1913 68 25 p'&blie

947 1941 41 13 was
999 1938 34 16 not
1045 1935 63 24 wiped
1119 1940 35 14 out.
1165 1936 33 18 the
1208 1938 64 19 result
1283 1938 65 19 would
1355 1939 24 20 be

947 1962 116 18 disastrous,
1095 1961 31 18 lie
1137 1962 117 20 considered
1269 1965 45 18 that
1325 1969 55 21 steps

947 1987 71 19 should
1031 1986 24 19 be
1066 1987 61 18 taken
1139 1988 83 20 without
1238 1990 59 25 delay
1314 1994 21 16 ttf
1343 1995 37 21 put

947 2015 34 18 the
992 2013 64 19 whole
1066 2017 53 14 town
1139 2013 19 19 in
1177 2021 10 12 a
1205 2018 95 23 sanitary,
1311 2017 57 19 condi-

947 2041 49 18 tion.
1025 2039 43 18 'lhe
1078 2036 95 23 Minister
1182 2041 21 20 of
1210 2042 74 24 Lands,
1293 2044 21 18 in
1323 2044 55 24 reply

947 2070 20 15 to
977 2066 33 20 Sir
1018 2065 84 23 Robert,
1114 2067 66 18 stated
1198 2069 45 18 that
1253 2068 25 20 ho
1293 2069 39 19 had
1349 2077 20 11 re-

947 2091 67 20 ceived
1025 2095 77 20 reports
1112 2091 51 20 from
1174 2093 49 20 time
1236 2098 20 16 to
1266 2096 48 18 time
1325 2102 53 15 upon

947 2119 41 18 this
998 2117 85 25 subject,
1095 2118 40 18 and
1146 2119 34 18 tho
1191 2121 136 19 Government
1337 2122 42 19 had

947 2145 51 18 been
1009 2144 63 23 doing
1083 2143 54 19 what
1154 2145 49 25 they
1217 2147 68 19 could.-
1317 2147 47 20 How-

947 2177 52 16 ever,
1011 2170 25 18 he
1047 2175 39 12 was
1097 2170 63 25 going
1170 2173 19 17 to
1200 2173 36 18 ask
1256 2173 34 19 the
1309 2172 70 20 Hotifle

946 2199 20 16 to
977 2197 46 25 give
1034 2195 41 18 him
1086 2202 12 11 a
1107 2202 45 13 sum
1163 2198 21 18 of
1201 2204 73 19 money
1288 2202 24 16 to'
1324 2199 55 26 plnco

947 2223 34 19 the
992 2225 53 16 town
1053 2222 20 17 in
1081 2228 11 12 a
1102 2223 91 26 sanitary
1200 2224 109 20 condition.
1337 2226 42 19 The

947 2249 58 25 plans
1015 2248 40 19 and
1063 2249 146 23 specifications
1222 2258 51 12 were
1288 2258 44 12 now
1344 2253 23 17 be-

947 2276 35 23 ing
992 2274 100 25 prepared
1109 2275 33 18 for
1153 2282 12 12 a
1183 2277 105 25 thorough
1306 2282 73 20 system

946 2302 21 18 of
977 2301 105 23 drainage.
1110 2301 43 19 The
1173 2305 109 17 statement
1291 2304 44 19 that
1345 2305 19 18 th
1364 2305 19 18 6'

946 2327 137 20 Government
1100 2326 40 19 had
1160 2328 50 19 been
1245 2329 62 26 doing
1326 2331 54 18 what

946 2354 47 24 they
1004 2352 58 19 could
1075 2352 4 27 '
1100 2353 16 18 is
1133 2360 11 12 a
1160 2361 56 18 sorry
1233 2356 107 19 admission
1360 2357 21 18 of

947 2379 110 22 weakness,
1074 2378 33 19 for
1123 2380 47 19 with
1189 2381 35 18 the
1243 2383 104 23 exception
1360 2383 21 19 of

946 2406 88 24 sending
1044 2411 37 12 one
1092 2411 22 12 or
1127 2409 40 16 two
1187 2407 58 19 futile
1264 2408 114 25 telegrams,

946 2432 48 24 they
1002 2430 74 25 simply
1086 2431 34 20 did
1131 2433 88 25 nothing
1228 2436 20 17 at
1259 2434 28 19 all
1314 2434 48 19 How-

946 2465 52 15 ever,
1010 2463 30 13 we
1051 2457 40 19 will
1101 2460 94 17 noteavil
1212 2466 48 12 over
1275 2460 34 19 the
1326 2460 42 19 Min-

946 2484 65 18 ister's
1020 2483 137 26 phraseology
1169 2486 15 17 if
1193 2486 15 18 it.
1217 2487 18 18 is
1243 2486 31 19 his
1280 2486 99 19 intention

946 2513 20 15 to
975 2510 47 19 take
1033 2510 64 19 active
1106 2513 55 21 steps
1172 2515 50 15 uo\v.

946 2561 122 19 ROTORUA
1076 2563 110 18 AI'FAIIiS
1193 2559 31 22 11?'
1228 2564 56 18 THE
1287 2559 93 23 HOUSE.

970 2609 22 16 In
1002 2609 29 17 his
1039 2609 54 22 reply
1102 2610 19 17 to
1131 2610 30 17 Sir
1169 2610 71 18 Robert
1249 2611 56 18 Stout
1313 2618 19 11 re
1348 2612 34 17 the

947 2632 83 22 sanitary
1039 2632 96 18 condition
1144 2634 20 16 of
1171 2634 85 17 Eotorua
1266 2634 32 17 the
1314 2635 55 17 Minis-

946 2657 28 15 ter
995 2655 19 17 of
1032 2655 64 17 Lands
1110 2662 48 16 gave
1174 2663 25 11 an
1220 2661 99 15 assurance
1338 2658 44 18 thufi

946 2684 68 17 money
1022 2679 64 16 would
1095 2679 23 17 be
1127 2679 66 23 placed
1201 2686 25 12 on
1227 2679 1 23 1
1240 2681 35 17 the'
1288 2681 94 19 estimates

947 2702 29 17 for
985 2702 87 23 carrying
1081 2704 33 15 out
1123 2703 32 16 the
1164 2703 91 23 drainage
1263 2704 38 17 and
1314 2711 55 12 sewer-

947 2730 34 17 age
991 2725 60 17 works
1061 2725 38 17 and
1108 2726 42 16 that
1159 2732 11 10 a
1179 2726 35 17 Bill
1227 2726 63 18 would'
1303 2728 39 17 also
1359 2730 23 17 be

946 2748 112 18 introduced
1067 2749 45 16 with
1122 2750 32 16 the
1164 2750 63 21 object
1235 2751 20 17 of
1263 2751 77 22 placing
1348 2753 33 17 the

947 2771 100 23 municipal
1057 2771 62 18 affairs
1133 2773 19 16 of
1169 2773 32 17 the.
1329 2780 25 12 on
1371 2782 11 10 a

947 2794 120 23 satisfactory
1076 2795 83 22 footing.-

969 2817 39 17 The
1016 2818 66 17 House
1091 2818 33 18 has
1133 2819 75 22 agreed,
1224 2825 24 12 on
1261 2820 32 18 the
1310 2822 72 17 motion

947 2841 20 16 of
974 2841 32 16 Mr
1060 2841 62 22 Kelly,
1138 2844 20 14 to
1173 2843 48 17 have
1234 2849 9 11 a
1258 2845 64 16 reirtni
1338 2852 33 15 pre-

947 2864 62 22 pared,
1020 2864 87 22 showing
1116 2865 19 16 in
1144 2865 58 18 detail
1211 2866 32 17 the
1251 2867 79 23 receipts
1345 2869 37 16 and

947 2887 123 22 expenditure
1079 2890 20 14 of
1107 2888 33 17 the
1148 2888 84 18 Eotorua
1245 2890 60 17 TWr.-
1312 2892 69 20 Board,

947 2910 48 17 from
1004 2911 60 22 April,
1076 2910 53 23 189:5,■
1136 2914 20 14 to
1165 2912 72 21 March,
1253 2914 54 17 l'B9(k-
1333 2915 20 17 It
1367 2915 15 17 is

947 2935 20 15 to
974 2933 24 18 be
1007 2933 62 22 hoped
1082 2934 43 17 that
1140 2935 32 17 the
1185 2937 26 15 re!
1216 2941 34 12 urn
1267 2938 69 22 sou'glit
1354 2938 28 17 for

947 2956 39 17 will
994 2956 40 18 also
1042 2957 53 17 show
1103 2958 32 17 thc
1136 2956 3 23 :
1143 2961 78 14 amount
1235 2959 18 17 ih
1267 2966 71 12 arrears
1354 2962 28 17 for

947 2981 43 15 rent
998 2980 36 17 due
1042 2980 33 17 the
1084 2981 57 17 Town
1150 2982 62 17 Board
1221 2982 38 17 and
1267 2989 21 12 so
1296 2988 30 13 oil.

970 3003 24 16 In
1003 3003 32 17 the
1044 3005 70 15 matter
1122 3005 20 16 of
1150 3005 33 17 the
1192 3006 79 21 petition
1281 3007 20 17 of
1313 3006 69 19 Messrs

947 3026 68 17 Austin
1025 3027 38 16 and
1071 3027 103 23 Mounsey,.
1181 3028 32 17 the
1221 3029 77 18 tourists
1306 3036 64 17 wrong-

947 3049 48 22 fully
1005 3050 83 17 arrested
1097 3050 29 17 for
1136 3051 108 23 complicity
1252 3052 20 17 in
1281 3053 32 17 the
1322 3054 48 17 Roto-

947 3078 34 11 rua
990 3072 46 18 Post
1046 3072 57 18 Office
1112 3073 86 23 robbery,
1206 3075 29 17 for
1241 3077 141 22 compensation

947 3096 31 16 the
988 3095 93 18 Petitions
1089 3096 113 18 Committee
1210 3098 48 18 have
1266 3100 87 22 reported
1362 3106 20 12 as

1077 3119 49 17 That
1135 3119 33 18 the
1176 3121 60 21 police
1248 3123 21 16 at
1282 3123 100 17 Auckland

946 3142 44 19 had,
1000 3142 20 17 in
1028 3142 66 17 March
1100 3143 43 19 lust,
1150 3144 123 18 information
1282 3146 43 17 that
1331 3152 51 12 some

947 3165 88 17 doubtful
1044 3165 105 18 characters
1164 3172 48 12 were
1225 3173 24 12 en
1263 3171 54 15 route
1333 3170 49 17 from

947 3187 74 23 Sydney
1031 3189 21 16 to
1065 3189 106 21 Auckland,
1188 3191 44 17 who
1248 3191 45 23 duly
1310 3193 72 17 arrived

947 3211 38 17 and
998 3213 51 16 wont
1063 3213 19 16 to
1098 3211 96 23 Rotorua;
1214 3214 43 17 that
1274 3215 57 18 about
1350 3217 32 17 tin}

947 3239 51 12 same
1006 3234 65 23 period
1080 3236 20 16 of
1112 3236 45 17 time
1172 3236 32 17 the
1217 3238 110 23 petitioners
1343 3239 39 18 also

947 3257 73 17 arrived
1028 3259 21 15 at
1057 3258 84 18 Rotoriiu
1150 3259 49 18 from
1209 3260 82 23 Sydney,
1305 3262 31 17 via
1350 3262 32 17 the

948 3280 59 17 South
1025 3281 35 17 Sea
1074 3281 80 21 Islands,
1170 3288 20 12 as
1206 3284 83 21 tourists,
1305 3285 29 17 for
1350 3286 32 16 the

947 3304 69 16 benefit
1025 3304 21 17 of
1054 3304 49 17 their
1107 3305 71 21 health,
1187 3306 38 17 and
1233 3307 56 18 while
1296 3309 21 16 at
1323 3308 48 18 Eoto-

947 3332 33 11 rua
990 3327 31 17 the
1031 3328 43 21 post
1091 3328 52 18 office
1155 3328 54 18 there
1223 3335 38 12 was
1275 3331 70 17 robbed
1363 3332 19 17 of

948 3349 49 17 £2OO
1006 3350 18 17 in
1034 3350 43 17 cash
1084 3349 3 26 ;
1102 3351 43 17 that
1153 3352 33 16 the.
1201 3353 60 22 police
1278 3354 104 18 constables

947 3373 20 16 in
975 3373 32 17 the
1016 3373 100 18 Auckland
1124 3374 80 22 district,
1214 3381 51 17 upon
1270 3377 112 18 insufficient

948 3396 113 22 description
1070 3397 20 16 of
1101 3397 30 17 She
1140 3399 93 21 supposed
1241 3400 93 23 burglars,
1346 3406 24 11 un-

948 3419 117 22 fortunately
1073 3420 83 18 arrested
1165 3422 32 19 the
1205 3422 116 22 petitioners,
1339 3424 43 17 who

947 3448 48 11 were
1004 3443 57 16 taken
1070 3444 20 16 to
1101 3443 30 17 the
1140 3444 60 21 police
1213 3446 69 17 station
1298 3446 36 17 and
1349 3446 22 18 de-

948 3465 63 17 tained
1020 3466 52 17 there
1081 3466 30 17 for
1119 3467 91 23 two-days
1218 3474 8 14 ;•
1235 3469 41 17 that
1284 3469 31 17 the
1322 3470 60 22 police

947 3488 116 21 authorities,
1075 3495 19 11 so
1103 3495 45 12 soon
1157 3496 21 11 as
1192 3492 14 15 it
1223 3492 80 17 becaind'
1314 3492 68 18 known

948 3513 19 15 to
976 3511 51 17 then;
1037 3512 43 16 that
1093 3512 33 17 the
1138 3514 110 21 petitioners
1261 3521 49 11 were
1327 3516 44 17 abso-

947 3534 60 22 lutely
1027 3534 59 18 above
1107 3537 95 21 reproach,
1221 3538 32 17 did
1269 3539 113 22 everything

947 3558 81 21 possible
1037 3558 19 17 to
1069 3563 75 13 remove
1158 3565 38 17 any
1208 3560 97 23 indignity

947 3581 38 17 had
997 3580 48 18 been
1059 3583 40 15 cast
1116 3587 52 17 upon
1184 3584 32 16 the
1231 3584 109 22 petitioners
1356 3585 26 22 by

947 3607 66 13 reason
1021 3604 21 17 of
1050 3605 50 16 their
1107 3607 61 15 arrest
1176 3607 37 16 and
1219 3604 106 25 detention;
1339 3608 43 17 that

947 3627 32 16 the
989 3626 127 19 Government
1124 3628 23 17 be
1155 3630 143 18 recommended
1307 3632 19 16 to
1335 3631 46 17 send

948 3655 11 11 a
967 3649 55 18 letter
1030 3651 21 16 to
1059 3650 33 17 tlie
1100 3652 110 20 petitioners
1224 3653 20 16 in
1260 3654 47 17 Xew
1322 3654 60 17 South

947 3673 67 18 Wales,
1025 3674 110 22 expressing
1143 3677 63 20 regret
1214 3676 44 17 that
1263 3676 46 22 they
1315 3677 67 17 should

947 3695 48 17 have
1011 3695 46 18 been
1072 3696 97 22 subjected
1190 3699 20 16 to
1225 3699 32 17 the
1272 3699 110 23 indignities

948 3718 117 22 complained
1075 3720 25 19 of,
1110 3720 37 16 and
1155 3721 70 23 asking
1232 3721 52 18 them
1292 3724 21 16 to
1326 3723 56 17 allow

947 3741 33 17 the
988 3741 47 17 New
1049 3742 82 17 Zealand
1147 3743 127 18 Government
1289 3746 20 16 to
1325 3746 45 17 reim-

947 3764 55 17 burse
1015 3765 52 16 them
1081 3765 30 17 for
1124 3772 38 15 any
1174 3768 102 21 pecuniary
1293 3774 89 17 expenses

947 3787 45 21 paid
999 3787 26 22 by
1034 3787 52 18 them
1096 3788 18 17 in
1128 3789 100 18 Auckland
1242 3791 25 21 by
1280 3796 65 13 reason
1362 3792 20 17 of

947 3810 49 17 their
1004 3812 60 15 arrest
1072 3811 38 17 and
1251 3814 40 17 The
1299 3814 83 18 Premier

947 3833 67 17 moved
1023 3834 32 16 the
1064 3834 91 22 adoption
1164 3836 20 16 of
1192 3836 33 17 the
1234 3838 68 18 report.

1431 101 39 17 The
1478 101 89 22 monthly
1583 102 75 16 concert
1672 101 20 17 of
1708 101 32 17 the
1754 101 54 17 Band
1825 102 20 17 of

1408 124 56 22 Hope
1472 124 62 17 which
1542 124 64 17 would
1623 124 99 18 otherwise
1729 124 49 17 have
1786 124 58 17 taken

1408 148 53 21 place
1470 153 24 11 on
1503 147 71 22 Friday
1581 146 48 18 next
1637 148 34 16 has
1679 148 47 16 boon
1735 148 109 22 postponed

1407 170 31 17 till
1452 170 119 22 Wednesday
1580 170 32 18 the
1622 170 49 17 22nd
1679 170 38 17 inst
1727 176 20 11 as
1765 177 12 11 a
1790 170 54 18 mark

1408 194 20 16 of
1435 195 74 20 respect
1517 194 31 16 for
1555 194 33 16 the
1597 198 85 17 memory
1688 194 20 16 of
1717 193 40 17 Mrs
1764 193 77 22 Wykes,

1408 216 54 23 (Miss
1482 217 63 16 Zillah
1561 216 105 23 Robinson)
1684 217 20 16 at
1720 222 35 11 one
1771 217 45 17 time
1833 223 12 11 a

1408 240 48 17 most
1465 240 63 16 useful
1536 240 90 19 member,

1430 271 40 17 The
1482 277 52 11 same
1550 271 129 17 Government
1691 271 78 17 Gazette
1782 271 62 17 which

1408 294 85 17 contains
1502 294 32 17 the
1541 294 115 22 resignation
1672 294 20 17 of
1709 294 33 17 the
1759 294 85 17 Colonial

1407 317 101 17 Treasurer
1523 317 40 17 also
1577 316 75 18 notifies
1668 317 44 17 that
1733 317 32 17 the
1787 318 56 16 exact

1408 341 62 17 centre
1476 341 20 16 of
1505 340 72 22 danger
1590 341 20 17 of
1624 341 32 15 the
1756 340 51 20 rock,
1814 341 27 16 off

1407 363 32 17 the
1449 363 124 23 Invercargill
1581 366 58 16 Coast,
1649 363 34 17 has
1693 363 47 17 been
1750 363 92 22 correctly

1407 386 117 17 ascertained
1531 386 26 22 by
1562 386 33 17 the
1602 386 133 17 Government.
1745 386 52 17 With
1806 387 38 16 this

1409 410 109 22 knowledge
1536 410 33 17 the
1585 409 130 18 Government
1734 409 43 22 ship
1799 416 45 16 may

1407 433 33 21 yet
1448 435 48 14 steer
1505 433 55 17 clear.

1432 464 92 21 Sergeant
1529 464 62 18 Green
1599 464 19 17 of
1626 464 112 22 Onehunga,
1745 464 42 17 who
1792 469 52 12 came

1407 489 20 15 to
1436 487 86 17 Rbtorua.
1533 487 37 17 last
1576 487 52 17 week
1642 493 21 11 as
1672 493 10 10 a
1691 487 76 17 witness
1775 487 19 17 in
1811 487 33 17 the

1408 510 69 23 charge
1496 511 77 21 against
1593 511 82 18 Thomas
1693 510 87 20 Downes,
1801 516 43 11 now

1408 534 110 16 committed
1527 534 30 16 for
1563 534 44 16 trial
1616 539 24 11 on
1649 539 11 11 a
1669 534 69 21 charge
1747 534 20 16 of
1775 533 57 18 house-

1407 556 97 22 breaking,
1514 556 46 18 took
1569 556 30 18 his
1610 556 102 22 departure
1726 556 118 18 homewards

1407 585 25 11 on
1440 579 92 23 Monday.
1566 579 76 23 J)uring
1651 579 28 17 his
1687 579 54 17 short
1755 581 42 21 stay
1811 580 33 19 the

1408 603 74 22 worthy
1495 605 88 20 sergeant
1597 603 34 17 has
1639 603 48 17 been
1700 603 144 22 peregrinating

1407 626 32 17 the
1453 626 157 22 neighbourhood
1623 626 37 17 and
1674 625 79 22 making
1768 626 76 17 himself

1407 649 113 22 acquainted
1545 649 47 17 with
1615 656 12 10 a
1640 649 38 17 few
1704 649 20 17 of
1744 649 25 17 its
1787 655 56 16 many

1407 672 86 17 marvels.

1431 703 133 17 Considerable
1571 703 103 18 hesitation
1687 703 17 17 is
1713 703 39 17 still
1766 703 78 18 evinced

1407 726 25 22 by
1444 727 32 16 the
1493 727 74 17 natives
1575 727 20 16 in
1603 726 116 23 proceeding
1731 727 45 16 with
1794 727 50 16 their

1406 750 86 17 business
1498 750 64 17 before
1571 750 36 17 His
1620 750 67 17 Honor
1691 750 65 22 Judge
1765 750 77 17 Wilson.

1407 772 40 18 One
1462 773 20 17 of
1502 773 34 17 the
1559 773 133 17 Rotoinaliana
1716 772 127 23 Purckerangi

1406 795 64 18 blocks
1479 796 15 18 is
1503 802 49 14 now,
1562 796 94 20 however,
1667 796 90 23 claiming
1765 796 33 17 the
1811 798 20 15 at-

1407 819 73 18 tention
1489 819 20 17 of
1517 819 33 18 the
1567 819 60 19 Court
1644 819 36 17 and
1689 819 16 17 it
1719 819 15 18 is
1751 819 91 18 surmised

1407 842 42 17 that
1458 842 26 22 by
1493 842 33 17 the
1542 842 46 17 time
1602 843 43 17 that
1661 843 15 16 is
1692 842 80 17 finished
1788 843 55 16 other

1407 871 50 11 cases
1465 865 40 17 will
1512 866 23 16 be
1543 866 59 22 ready
1613 868 21 15 to
1647 865 24 17 bo
1687 871 49 17 gone
1753 871 24 11 on
1788 866 53 17 with.

1406 888 39 18 The
1453 889 73 17 natives
1534 889 62 22 allege
1604 895 21 11 a?
1633 889 32 17 the
1674 894 66 12 reason
1752 889 29 17 for
1794 889 50 17 tho'ir

1406 911 102 18 hesitation
1519 912 43 17 that
1574 913 46 21 they
1634 918 31 11 are
1682 911 83 18 desirous
1779 912 20 17 of
1814 912 19 17 al-

1406 934 71 23 lowing
1486 935 45 16 land
1545 937 79 16 matters
1632 937 20 15 to
1665 935 71 18 remain
1750 935 19 17 in
1784 935 47 22 abey-

1406 964 45 10 ance
1460 958 50 18 until
1518 958 32 18 the
1559 958 59 18 result
1625 959 20 17 of
1653 958 33 17 the
1715 958 61 18 Home
1783 958 40 18 rule

1406 981 80 22 petition
1496 983 19 15 to
1524 981 33 17 the
1567 982 64 18 Queen
1642 982 16 16 is
1667 981 74 18 known.

1430 1012 38 18 The
1478 1012 81 23 Library
1565 1013 37 17 and
1611 1013 87 22 Heading
1712 1013 59 17 Room
1785 1013 42 17 Com-

1407 1035 64 17 mittee
1485 1038 76 20 request
1572 1042 21 11 us
1606 1038 21 15 to
1644 1036 51 17 draw
1712 1037 93 18 attention
1822 1038 20 15 to

1406 1059 33 17 the
1448 1059 39 18 fact
1495 1059 44 17 that
1548 1059 136 22 subscriptions
1693 1059 30 18 for
1729 1059 33 18 the
1767 1061 76 16 current

1406 1087 45 17 year
1460 1088 31 11 are
1499 1088 44 11 now
1550 1082 42 17 due.
1618 1080 52 25 They
1679 1088 31 11 are
1725 1082 82 18 desirous
1823 1084 20 16 of

1406 1105 107 23 increasing
1526 1106 33 17 the
1568 1106 81 18 number
1657 1106 20 17 of
1693 1106 59 17 books
1766 1111 43 12 now
1818 1112 24 11 on

1406 1128 33 17 the
1453 1129 72 17 shelves
1541 1129 37 17 and
1597 1135 68 16 money
1679 1129 16 17 is
1708 1129 90 22 urgently
1812 1135 20 11 re-

1407 1151 65 23 quired
1482 1152 30 17 for
1519 1152 43 17 that
1569 1158 88 17 purpose.
1672 1153 24 16 As
1704 1158 24 11 an
1738 1151 105 18 additional

1406 1181 64 11 means
1483 1177 21 15 to
1513 1176 38 16 this
1560 1176 37 17 end
1606 1175 33 18 the
1654 1176 80 17 Concert
1750 1175 79 17 Commit-

1405 1200 30 14 tee
1444 1198 49 17 have
1510 1198 77 18 decided
1605 1200 20 16 to
1639 1199 42 21 give
1698 1205 24 11 an
1739 1199 92 17 entertain-

1405 1223 52 15 ment
1473 1222 21 16 in
1509 1221 32 18 the
1564 1222 120 18 Schoolroom
1700 1228 23 10 oil
1743 1222 33 16 the
1799 1223 42 16 17th

1404 1245 38 16 inst
1451 1244 38 17 and
1498 1251 19 11 as
1526 1245 33 17 the
1576 1246 143 21 arrangements
1727 1245 39 17 will
1774 1245 23 18 bo
1818 1251 24 11 on

1405 1273 11 11 a
1424 1273 51 12 more
1485 1268 48 17 than
1541 1268 77 23 usually
1627 1269 95 16 elaborate
1735 1268 49 17 scale
1797 1268 45 23 they

1405 1291 43 17 look
1458 1291 29 17 for
1496 1291 33 17 the
1540 1291 66 22 hearty
1616 1291 132 22 co-operation
1762 1292 20 16 of
1797 1292 33 16 sub-

1404 1314 78 17 scribers
1491 1314 38 17 and
1536 1315 99 23 thepublie
1644 1315 103 22 generally.

1428 1345 38 17 The
1481 1346 56 17 usual
1557 1346 87 23 monthly
1663 1346 84 21 meeting
1768 1346 20 17 of
1809 1346 33 17 the

1404 1368 81 23 Library
1494 1369 38 17 and
1550 1369 87 23 Reading
1652 1369 61 17 Room
1731 1369 111 18 Committee

1404 1392 45 17 took
1465 1392 54 22 place
1534 1398 24 11 on
1575 1393 71 21 Friday
1662 1393 45 17 last,
1717 1393 55 17 when
1788 1393 54 17 there

1404 1420 49 12 were
1459 1417 76 20 present
1549 1416 70 17 Messrs
1631 1416 74 17 Purcell
1714 1415 67 23 (chair)
1795 1416 35 17 Cor-

1404 1438 42 21 lett,
1455 1438 76 23 ;Boord,
1545 1439 97 20 Williams,
1658 1439 51 17 Kirk,
1726 1438 37 18 and
1781 1439 59 17 Watt.

1404 1462 38 17 The
1459 1463 103 17 treasurers
1577 1464 102 16 statement
1695 1462 77 17 showed
1795 1462 44 17 that

1404 1486 49 16 after
1466 1485 84 23 meeting
1573 1487 75 16 current
1665 1485 95 18 liabilities
1785 1485 57 18 funds

1405 1508 61 17 would
1475 1508 24 17 be
1505 1508 110 18 exhausted.
1626 1509 38 17 The
1674 1510 92 21 secretary
1780 1508 61 17 stated

1405 1532 42 17 that
1456 1532 32 16 the
1502 1534 89 15 accounts
1605 1532 30 17 for
1649 1532 31 17 the
1695 1533 75 16 current
1780 1532 61 22 year's

1404 1555 136 22 subscriptions
1548 1555 37 17 Jfad
1595 1555 46 17 been
1650 1555 46 22 duly
1705 1555 90 17 rendered
1804 1555 37 17 and

1404 1585 10 11 a
1421 1578 121 22 satisfactory
1547 1578 59 18 result
1614 1579 64 22 might
1689 1578 22 17 bo
1719 1578 120 22 anticipated.

1404 1602 100 18 Attention
1513 1605 38 14 w'as
1560 1602 65 17 drawn
1632 1604 19 15 to
1668 1602 33 17 the
1717 1602 40 17 fact
1770 1602 43 17 that
1826 1602 15 17 it

1403 1626 38 17 had
1464 1625 48 17 been
1529 1625 109 17 mentioned
1652 1625 74 17 outside
1745 1625 41 17 that
1808 1625 33 17 the

1404 1649 89 21 ordinary
1506 1649 56 17 retain
1564 1649 23 16 tic
1599 1654 39 11 was
1651 1648 58 23 being
1722 1647 85 19 divertod
1821 1649 20 16 to

1404 1672 88 22 building
1501 1672 48 16 fund
1566 1675 96 19 purposes.
1673 1672 19 16 It
1707 1677 37 11 was
1760 1671 79 23 pointed

1404 1698 33 15 out
1456 1696 44 16 th*bt
1517 1695 40 17 this'
1574 1701 37 11 was
1629 1695 79 22 entirely
1729 1695 110 22 erroneous;

1403 1719 43 17 that
1463 1719 32 17 the
1515 1718 89 23 bViildmg
1619 1718 48 17 fund
1682 1718 63 17 would
1757 1718 45 21 onTy
1818 1718 23 17 bo

1403 1741 83 18 credited
1495 1741 46 18 with
1550 1747 52 12 sums
1610 1741 97 23 expressly
1721 1741 120 17 contributed

1403 1765 30 17 for
1441 1763 42 19 that
1500 1767 87 20 purpose.
1621 1765 31 16 ill'
1670 1764 72 18 Corlett
1755 1770 38 13 was
1810 1770 20 11 re-

1403 1788 78 22 quested
1489 1790 20 15 to
1518 1788 55 17 effect
1587 1793 23 12 an
1625 1788 99 17 insurance
1743 1788 46 16 with
1807 1788 33 17 the

1403 1811 90 17 National
1507 1811 102 17 Insurance
1630 1811 98 22 Company
1748 1811 29 17 for
1790 1811 50 17 £250

1403 1840 44 12 over
1456 1835 31 17 the
1496 1834 94 22 building,
1608 1834 94 17 furniture
1719 1834 38 17 and
1771 1833 65 18 books.

1403 1858 18 17 It
1428 1864 39 11 was
1476 1857 85 18 resolved
1570 1858 43 16 that
1630 1857 25 17 £5
1670 1857 62 18 worth
1746 1858 20 16 of
1781 1857 60 18 books

1402 1881 23 17 be
1444 1880 92 23 procured
1561 1881 38 17 and
1619 1880 42 18 that
1686 1881 33 17 the
1739 1882 100 20 secretary,

1402 1906 94 15 treasurer
1505 1904 38 17 and
1552 1904 32 16 Mr
1592 1903 62 18 Boord
1669 1903 57 18 select
1734 1904 32 16 the
1779 1910 56 10 same.

1402 1927 31 17 Mr
1451 1927 92 18 Williams
1568 1927 62 18 stated
1644 1927 43 17 that
1703 1927 33 17 the
1760 1927 81 18 Concert

1402 1951 113 17 Committee
1535 1950 37 17 had
1587 1950 93 23 arranged
1696 1956 24 11 an
1736 1951 92 16 entertain-

1402 1976 52 15 ment
1468 1976 19 15 to
1497 1974 44 17 take
1555 1974 53 22 place
1625 1974 19 16 in
1661 1974 33 16 the
1711 1973 127 21 Schoolroom,

1402 2003 24 11 on
1435 1997 32 17 the
1479 1997 44 17 17th
1535 1997 45 17 inst.

1481 2027 84 18 HOME,
1576 2028 86 17 SWEET
1675 2028 82 17 HOME.

1425 2079 38 17 The
1479 2080 87 15 sweetest
1574 2078 37 17 and
1621 2079 49 17 most
1679 2078 91 17 desirable
1783 2078 56 22 thing

1401 2102 30 17 for
1439 2101 56 18 home
1503 2102 15 17 is
1528 2100 71 21 liealt'b,
1609 2101 39 18 and
1656 2103 20 16 to
1682 2107 86 17 preserve
1774 2101 64 18 health

1402 2131 34 11 one
1445 2125 68 17 should
1522 2131 35 10 use
1561 2125 78 17 Wolfe's
1648 2124 105 22 Schnapps;

1424 2194 53 17 THE
1484 2194 136 17 DRAINAGE
1631 2194 32 17 OF
1672 2194 52 16 THE
1733 2193 80 18 TOWN.

1402 2241 81 16 Repoht
1496 2245 27 13 nv
1532 2240 36 17 Mr
1576 2241 24 16 D.
1609 2240 30 17 W.
1656 2240 128 20 McAiitiiuji,
1801 2244 36 13 c.e.

1425 2272 38 16 The
1474 2272 100 23 following
1589 2273 83 15 extracts
1684 2272 49 16 from
1747 2272 32 16 Mr
1795 2272 42 17 Mc-

1401 2295 88 17 Artliur's
1498 2297 64 20 report
1571 2295 38 17 will
1620 2295 22 17 bo
1651 2295 60 17 found
1726 2295 19 17 of
1760 2295 79 17 interest

1402 2319 19 16 .at
1430 2318 32 17 the
1471 2319 76 21 present
1553 2318 89 22 jutocture

1425 2341 64 18 Closet
1496 2341 108 23 Nightsoil:
1618 2342 39 16 The
1666 2341 89 22 air-tight
1762 2341 26 17 lid
1797 2347 30 16 sys-

1402 2366 44 19 tem,
1457 2365 9 16 I
1475 2365 62 19 tliink,
1547 2365 15 17 is
1575 2365 33 17 the
1623 2366 49 16 most
1687 2365 78 21 perfect,
1783 2365 56 17 when

1402 2388 91 22 carefully
1502 2388 72 17 carried
1583 2389 43 19 out,-
1632 2388 43 17 that
1692 2389 34 16 has
1736 2389 33 21 yet
1787 2394 52 11 come

1402 2411 40 17 into
1459 2417 39 14 use,
1513 2411 62 17 where
1585 2411 93 22 nightsoil
1692 2411 34 16 lias
1739 2413 20 15 to
1772 2411 23 17 be
1808 2417 20 11 re-

1402 2434 69 17 moved
1481 2434 99 18 otherwise
1598 2434 47 17 than
1660 2434 26 22 by
1703 2439 63 12 sewer.
1799 2434 40 18 The

1402 2457 77 17 method
1488 2458 15 16 is
1512 2463 21 11 as
1541 2457 74 17 follows
1623 2462 7 12 :•
1631 2457 102 17 —Provide
1742 2464 11 10 a
1763 2458 65 22 10-gal-

1402 2481 32 17 lon
1442 2480 110 23 pan,'made
1560 2481 20 17 of
1588 2481 37 17 No.
1635 2481 23 16 24
1667 2481 54 16 li.Vv*.
1731 2481 96 22 guagegal-

1402 2504 77 17 vanised
1487 2504 48 20 iron,
1545 2504 30 17 for
1583 2509 56 17 every
1648 2504 58 17 closet
1714 2504 19 16 in
1742 2504 33 17 the
1781 2505 56 19 town,

1402 2526 39 18 and
1449 2527 39 17 also
1497 2533 11 11 a
1517 2533 54 16 spare
1580 2528 22 16 20
1611 2533 21 11 or
1641 2528 22 15 -10
1677 2533 48 16 pans
1738 2527 101 23 according

1402 2552 20 15 to
1431 2551 32 16 the
1472 2550 36 17 size
1517 2551 21 16 of
1546 2551 32 16 the
1587 2552 58 15 town.
1675 2551 60 16 These
1747 2556 52 16 pans'
1808 2556 31 12 are

1402 2573 25 17 all
1437 2573 91 22 carefully
1538 2573 54 18 mtt.de
1601 2574 21 17 to
1630 2579 24 12 an
1663 2575 55 15 exact
1731 2573 57 23 shape
1801 2573 38 18 and

1402 2597 42 20 sisfe,
1455 2603 19 10 so
1484 2596 42 17 that
1535 2603 12 10 a
1555 2598 28 15 set
1592 2597 20 17 of
1621 2596 35 17 lids
1665 2603 44 16 may
1717 2596 21 17 fit
1745 2597 45 17 eacli
1797 2603 41 11 one.

1403 2620 104 22 Assuming
1514 2620 52 21 then,
1578 2620 43 17 that
1629 2620 32 16 the
1669 2620 53 16 town
1730 2621 20 15 to
1759 2620 23 17 bo
1788 2620 52 17 dealt

1404 2643 45 17 with
1458 2643 35 17 has
1502 2649 11 11 a
1529 2643 52 17 clean
1594 2643 38 17 and
1648 2648 41 12 new
1706 2648 38 18 pan
1760 2643 20 17 in
1794 2644 45 16 each

1403 2666 63 20 closet,
1477 2666 38 17 and
1523 2666 43 17 that
1575 2666 92 17 these-are
1681 2667 21 16 to
1718 2666 23 17 be
1757 2666 83 22 emptied

1403 2689 72 22 weekly
1492 2695 21 11 or
1528 2689 121 23 fortnightly,
1667 2690 47 16 then
1730 2695 60 12 comes
1807 2690 33 17 the

1404 2713 107 17 contractor
1521 2718 21 12 or
1550 2712 107 23 nightman,
1668 2712 46 18 with
1724 2719 11 10 a
1751 2712 89 23 specially

1404 2735 119 18 constructed
1533 2738 39 15 cart
1582 2736 109 22 containing
1704 2740 33 18 say
1752 2737 22 16 '2O
1787 2736 53 17 clean

1402 2765 48 16 pans
1459 2758 37 18 and
1506 2765 20 10 as
1536 2765 58 16 many
1602 2759 49 21 lids;'
1663 2759 23 16 he
1695 2760 52 21 stops
1761 2761 19 15 at
1794 2759 45 18 each

1404 2782 57 17 closet
1470 2784 20 15 to
1499 2782 23 17 bo
1531 2782 83 23 emptied
1623 2782 38 17 and
1669 2782 53 17 takes
1731 2788 24 11 an
1775 2784 65 21 empty

1404 2811 37 16 pan
1450 2805 38 17 and
1496 2805 26 17 lid
1532 2805 48 17 from
1590 2806 32 16 the
1632 2807 45 17 cart,
1687 2806 44 21 puts
1737 2805 32 17 the
1776 2807 64 20 empty

1404 2828 52 17 clean
1463 2834 38 17 pa,n
1510 2829 66 16 within
1586 2829 32 17 the
1628 2829 63 19 closet,
1702 2828 53 18 takes
1762 2829 33 17 the
1804 2829 36 17 lull

1404 2857 35 11 one
1448 2853 33 15 out
1490 2852 38 16 and
1537 2852 46 17 with
1592 2852 33 17 the
1634 2852 26 17 lid
1670 2852 72 22 tightly
1755 2852 86 17 fastened

1404 2880 24 11 on
1436 2874 16 18 it
1460 2874 63 23 places
1532 2875 15 17 it
1555 2875 21 17 in
1585 2875 32 17 the
1627 2877 45 16 cart,
1683 2874 38 18 and
1729 2881 20 11 so
1759 2881 23 11 on
1791 2876 50 16 until

1405 2898 32 16 the
1446 2899 40 16 cart
1495 2898 85 17 contains
1589 2899 33 16 the
1631 2899 22 15 20
1662 2898 36 17 full
1706 2904 48 16 pans
1762 2899 25 16 all
1796 2904 33 11 cov-

1404 2921 43 16 ered
1456 2921 45 16 with
1511 2921 91 23 air-tight
1610 2921 42 18 lids.
1678 2921 31 17 He
1725 2921 46 18 then
1787 2921 54 18 takes

1404 2944 32 16 the
1446 2944 44 17 load
1498 2945 20 16 to
1527 2944 32 17 the
1576 2944 58 22 depot
1650 2944 38 17 and
1705 2944 86 18 trenches
1808 2945 33 17 the

1404 2968 86 16 contents
1499 2967 41 17 into
1548 2968 33 16 the
1589 2968 81 22 ground,
1681 2973 19 11 so
1710 2967 42 17 that
1761 2969 21 15 at
1793 2968 48 17 least

1406 2991 19 16 12
1446 2991 64 17 inches
1527 2991 20 17 of
1563 2991 35 17 soil
1614 2996 63 12 covers
1693 2991 33 17 the
1742 2991 97 22 nightsoil.

1404 3013 38 18 The
1458 3019 48 17 pai.s
1521 3019 20 12 so
1559 3014 83 22 emptied
1662 3019 31 12 are
1712 3014 129 22 immediately

1404 3036 75 17 washed
1488 3037 118 22 thoroughly
1615 3037 53 17 clean
1677 3036 37 17 and
1729 3037 112 17 disinfected

1404 3060 46 16 with
1460 3060 81 17 carbolic
1550 3066 21 11 or
1580 3060 82 23 plienyle
1677 3060 38 17 and
1728 3060 76 18 stacked
1821 3061 19 16 in

1404 3088 23 11 an
1437 3083 84 17 inverted
1531 3084 82 21 position
1623 3089 19 11 so
1651 3090 21 10 as
1681 3085 19 15 to
1707 3083 60 17 admit
1778 3089 11 11 a
1802 3083 39 17 free

1404 3106 82 22 opening
1495 3107 20 16 to
1524 3107 79 16 the'air.-
1625 3107 38 16 The
1681 3107 99 22 following
1795 3107 43 22 day,

1403 3129 32 17 the
1445 3130 108 17 contractor
1561 3130 89 22 proceeds
1659 3131 34 16 out
1702 3130 47 17 with
1762 3128 32 19 the
1810 3136 20 11 re-

1403 3153 86 22 gaining
1498 3153 21 16 20
1529 3153 53 17 clean
1590 3158 48 17 pans
1647 3153 38 17 and
1694 3152 40 18 acts
1742 3153 19 16 in
1771 3159 10 11 a
1787 3153 41 17 simi-

1403 3175 29 17 lar
1438 3181 79 12 manner
1525 3176 47 17 with
1581 3177 58 20 them,
1649 3176 39 17 and
1697 3176 33 17 the
1738 3175 52 18 third
1803 3176 38 22 day

1403 3198 24 17 he
1435 3198 53 17 takes
1499 3200 34 15 out
1541 3199 34 17 tlie
1583 3199 27 17 lot
1618 3199 47 18 used
1672 3199 21 17 in
1702 3200 31 16 the
1750 3199 40 17 first
1804 3199 37 22 day

1404 3222 37 16 and
1450 3227 20 12 so
1479 3227 31 11 on.
1536 3222 39 18 The
1583 3222 37 18 lids
1629 3227 31 13 are
1669 3228 20 11 so
1695 3222 119 18 constructed
1821 3229 20 10 as

1404 3246 19 15 to
1431 3245 24 17 he
1464 3245 58 22 easily
1532 3245 85 17 fastened
1627 3251 29 15 on,
1667 3245 37 17 and
1711 3251 20 11 so
1738 3245 71 22 tightly
1816 3245 25 17 do

1405 3267 44 23 they
1458 3268 49 17 close
1515 3274 27 16 up
1550 3269 33 16 the
1588 3274 53 16 pans,
1648 3269 43 16 that
1696 3274 45 11 even
1752 3269 14 16 if
1773 3268 68 17 turned

1404 3297 44 11 over
1456 3291 19 16 in
1484 3292 70 16 transit
1568 3292 45 22 they
1627 3292 71 16 remain
1713 3291 51 22 quite
1782 3292 59 21 tight.-

1404 3314 24 17 So
1436 3314 74 22 perfect
1517 3315 16 16 is
1542 3314 38 17 this
1588 3316 71 21 syetem
1670 3314 41 18 that
1719 3315 32 17 the
1758 3314 83 23 clearing

1404 3337 19 17 of
1432 3337 67 17 closets
1508 3343 34 11 can
1551 3337 25 17 bo
1591 3337 104 23 proceeded
1710 3337 44 17 v.'ith
1772 3338 18 16 in
1808 3338 33 16 the

1404 3360 89 22 daytime,
1503 3366 20 11 as
1532 3361 53 17 there
1594 3362 15 16 is
1618 3367 24 11 no
1655 3361 53 17 smell
1717 3367 20 10 or
1745 3361 96 17 nuisance-

1404 3383 38 17 The
1451 3385 49 15 most
1509 3384 121 22 Satisfactory
1638 3389 42 17 way
1689 3386 20 14 to
1718 3384 48 16 have
1775 3384 45 16 such
1830 3391 11 9 a

1404 3407 77 16 method
1488 3407 71 16 carried
1565 3408 39 20 out,
1614 3407 16 17 is
1638 3408 20 16 to
1667 3407 71 22 specify
1742 3407 32 17 the
1781 3407 58 20 work,

1404 3429 106 23 describing
1519 3430 32 17 the
1559 3430 118 22 particulars,
1688 3429 37 18 and
1734 3429 45 18 then
1791 3430 50 17 after

1404 3453 99 22 accepting
1512 3453 32 16 the
1552 3453 68 17 lowest
1628 3453 71 20 tender,
1710 3453 57 16 strike
1773 3459 10 10 a
1789 3453 40 16 sani-

1404 3477 42 20 tary
1455 3477 40 15 rate
1505 3481 21 11 or
1535 3476 69 22 charge
1613 3481 24 12 on
1646 3476 54 17 those
1715 3476 72 22 having
1801 3476 29 17 clo-

1404 3500 37 15 sets
1448 3500 20 15 at
1476 3504 52 11 same
1536 3501 41 15 rate
1583 3505 21 11 as
1617 3499 91 17 tendered
1721 3499 30 17 for
1766 3499 25 21 by
1808 3501 5 14 t
1817 3499 23 17 he

1404 3523 107 16 contractor
1512 3522 53 17 —for
1580 3522 91 20 instance,
1688 3522 16 17 if
1726 3522 33 17 the
1775 3522 66 17 tender

1403 3550 38 11 was
1451 3545 30 16 for
1489 3545 100 22 emptying
1603 3545 67 17 closets
1684 3544 73 23 weekly
1772 3546 20 15 at
1808 3546 32 16 20s

1404 3573 33 16 per
1446 3573 77 15 annum,
1533 3568 45 16 then
1588 3568 59 17 strike
1655 3568 33 17 the
1696 3568 68 22 charge
1774 3569 19 16 at
1801 3569 38 16 20s.

1404 3591 10 16 I
1422 3590 48 17 have
1479 3590 61 17 found
1548 3591 43 17 that
1600 3591 32 16 the
1641 3591 42 17 host
1691 3591 56 22 thing
1752 3591 16 16 is
1773 3591 30 17 for
1808 3591 32 17 the

1404 3614 108 16 contractor
1519 3615 21 15 to
1549 3614 69 22 supply
1629 3614 32 17 the
1675 3620 47 16 pans
1739 3614 37 17 and
1793 3615 46 20 cart,

1403 3636 38 17 and
1449 3636 44 22 give
1502 3636 40 17 him
1550 3643 12 10 a
1574 3637 53 17 three
1639 3638 60 21 years'
1714 3639 89 18 contract,
1820 3643 20 11 as

1402 3659 21 17 in
1431 3659 37 17 this
1478 3665 43 17 way
1529 3661 76 21 greater
1613 3666 42 11 care
1663 3661 15 15 is
1688 3660 56 16 taken
1759 3660 25 22 by
1801 3661 38 16 him

1403 3682 20 17 of
1431 3682 32 17 the
1472 3682 60 22 plant,
1543 3683 68 22 simply
1623 3687 76 13 because
1709 3683 14 16 it
1732 3683 15 17 is
1755 3683 29 17 his
1790 3689 48 12 own.

1426 3705 39 17 The
1473 3705 91 22 nightsoil
1575 3706 69 17 should
1656 3706 27 17 he-
1693 3706 90 17 trenched
1799 3706 40 17 into

1403 3728 32 17 soil
1446 3728 62 18 which
1517 3729 16 16 is
1542 3730 20 16 of
1570 3735 24 11 an
1603 3729 102 17 absorbant
1714 3730 73 19 nature,
1802 3730 38 16 and

1403 3751 62 18 where
1479 3751 32 18 the
1524 3752 77 22 ground
1615 3752 62 22 slopes
1693 3758 53 16 away
1757 3753 54 16 -from
1829 3759 10 11 a

1402 3775 59 16 water
1481 3775 70 22 supply
1573 3781 21 11 or
1608 3775 142 23 neighborhood
1771 3775 19 17 of
1806 3776 33 17 the

1402 3798 58 19 town,
1470 3797 38 17 and
1516 3798 34 17 not
1558 3803 67 12 nearer
1630 3800 32 15 the
1670 3799 58 18 town,
1738 3798 101 22 ifi>os.-ible

1404 3820 45 16 than
1458 3827 10 9 a
1478 3821 49 17 mile,
1538 3822 37 16 and
1584 3822 40 16 also
1633 3828 22 10 on
1665 3821 44 17 that
1717 3821 38 17 side
1764 3822 20 16 of
1794 3822 16 16 it
1819 3828 20 10 so

1402 3843 44 17 that
1453 3843 33 18 the
1494 3845 107 22 prevailing
1609 3844 60 17 winds
1682 3844 39 17 will
1735 3845 50 16 blow
1802 3850 37 17 any

1402 3866 82 22 possible
1493 3868 66 16 stencli
1568 3868 49 17 from
1626 3868 32 17 the
1666 3868 58 17 town.

1468 3903 94 18 Estimate
1570 3904 31 17 for
1608 3910 34 16 say
1651 3905 34 16 3£o
1698 3904 71 18 closets.

1403 3935 34 16 •100
1446 3940 47 16 pans
1502 3936 20 16 at
1531 3937 20 15 0s
1741 3935 50 17 £IOO
1804 3937 11 14 0
1828 3937 10 15 0

1415 3958 22 16 20
1446 3959 66 20 patent
1521 3958 91 23 ail--tight
1620 3958 36 18 lids
1665 3959 21 16 at
1700 3959 31 16 30s
1769 3960 22 16 30
1804 3961 10 14 0
1827 3961 10 14 0

1428 3981 5 15 1
1443 3981 148 18 ;:uitableeai'tof
1594 3981 81 17 suitable
1679 3981 64 22 design
1769 3982 22 16 30
1804 3982 11 16 0
1828 3984 10 14 (i

1430 4005 9 14 I-
1447 4005 67 21 strong
1522 4004 54 17 liorse
1644 4004 14 22 ..
1714 4004 14 22 ..
1768 4005 22 16 30
1804 4005 10 16 0
1828 4006 9 15 0

1742 4050 13 17 £
1760 4050 4 18 1
1769 4051 22 17 SO
1804 4051 11 16 0
1827 4052 11 15 0

1428 4073 38 16 The
1475 4074 108 16 contractor
1590 4073 64 17 would
1662 4073 45 17 thus
1719 4073 59 23 begin
1791 4073 46 17 with

1404 4101 23 11 an
1437 4096 64 22 outlay
1511 4097 20 16 of
1540 4096 55 20 £1!J0,
1606 4096 37 17 and
1652 4101 80 17 suppose
1740 4097 24 16 he
1777 4096 37 17 had
1828 4103 10 10 a

1404 4119 85 17 contract
1498 4119 29 17 for
1536 4120 10 16 3
1562 4125 61 15 yeais,
1637 4120 20 16 at
1673 4125 34 15 say
1724 4120 33 16 100
1772 4119 66 18 closets

1866 103 74 23 weekly
1948 105 20 16 at
1981 104 32 18 17s
2027 103 24 17 Gd
2063 103 38 17 and
2119 105 34 15 250
2170 105 21 16 at
2208 105 30 17 Ms
2255 105 39 17 fort-

1866 127 77 22 nightly
1951 127 29 17 his
1990 127 88 22 earnings
2085 127 63 17 would
2153 127 24 17 be
2185 133 33 16 per
2227 133 77 11 annum.

1868 156 33 16 100
1910 156 68 17 closets
1987 157 20 16 at
2017 156 31 17 17s
2056 155 24 17 6d
2095 155 88 23 (weekly)
2208 156 37 18 £B7
2260 158 21 15 10
2293 158 11 14 0

1867 179 34 16 250
1934 192 12 7 ~
1971 179 21 17 at
2002 179 31 16 14s
2049 178 132 24 (fortnightly)
2214 181 31 15 175
2270 182 11 14 0
2294 181 10 15 0

1889 201 72 18 E.itras
1969 203 30 16 for
2007 202 61 17 hotels
2076 207 39 13 say,
2162 201 3 19 .
2174 201 3 19 .
2224 203 22 16 20
2270 203 12 16 (i
2293 204 11 15 0

2196 248 49 18 £2S2
2293 250 11 15 0

1890 275 38 17 For
1936 275 32 17 the
2008 280 60 17 years,
2086 275 33 17 the
2136 276 89 21 earnings
2242 276 62 17 would

1866 299 23 17 be
1898 299 45 17 thus
1952 298 49 18 £S47
2013 299 29 16 10s
2052 298 37 18 and
2098 298 91 22 allowing
2194 296 22 19 56
2222 304 34 17 per
2262 300 42 16 cent

1867 322 29 17 for
1905 322 32 17 the
1946 322 128 22 depreciation
2082 322 20 15 of
2110 322 55 22 plant
2174 322 34 17 the
2216 323 76 16 contrac-

1866 346 31 16 tor
1905 342 64 20 would
1978 344 56 17 stand
2043 349 20 12 as
2075 344 75 18 follows

1866 372 95 23 Earnings
1970 372 31 17 for
2009 374 10 15 .'3
2028 377 53 17 years
2097 372 14 23 ..
2168 372 3 23 .
2180 372 2 23 .
2196 372 48 17 £fii7
2260 374 20 15 10
2293 374 11 15 0

1866 396 75 17 Deduct
1948 396 21 16 50
1974 401 35 16 per
2015 396 43 16 cent
2063 395 28 17 off
2095 395 54 22 plant
2154 395 51 18 £l9O
2223 396 21 17 95
2270 397 10 14 0
2293 397 11 15 0

2194 441 50 18 £752
2260 443 20 16 10
2293 443 10 15 0

1889 469 19 17 It
1917 469 16 17 is
1941 469 45 17 thus
1994 468 75 17 evident
2078 469 32 16 the
2120 468 108 19 contractor
2239 469 64 17 would

1866 498 44 11 earn
1928 499 11 10 a
1956 492 49 17 clear
2018 491 51 17 £250
2085 497 34 17 per
2133 498 78 13 annum,
2229 492 47 17 with
2293 499 11 10 a

1865 516 56 21 plant
1929 522 24 11 on
1963 515 30 17 his
2006 515 61 17 hands
2081 516 19 16 at
2117 516 33 16 the
2168 515 55 18 finish
2241 516 62 16 worth

1867 538 37 17 £95
1914 539 36 16 and
1959 538 24 17 be
1992 539 18 16 in
2019 538 33 17 the
2066 538 42 17 best
2122 539 84 21 position
2222 538 82 24 possible

1866 563 20 16 to
1904 563 32 20 get
1952 562 32 17 the
1997 563 85 16 contract
2099 562 66 22 again/
2197 562 26 17 Of
2239 567 65 12 course

1865 584 55 18 horse
1929 584 41 18 feed
1980 584 38 18 and
2026 584 71 23 repairs
2111 590 32 12 are
2159 586 35 16 not
2211 584 92 18 reckoned

1865 614 21 11 as
1894 608 32 16 the
1936 607 51 18 £250
1994 613 34 17 per
2036 613 71 12 annum
2116 608 15 17 is
2141 607 51 23 g'o'od
2200 614 37 17 pay
2244 609 31 16 for
2292 614 11 10 a

1866 636 49 10 man,
1925 631 56 15 horse
1990 630 35 16 and
2036 631 54 15 dray.

1889 654 62 20 Street
1959 654 97 22 I,)rninage
2064 654 4 22 :
2082 654 51 17 With
2150 661 12 10 a
2180 655 50 21 good
2244 656 60 15 water

1865 676 75 23 supply,
1958 677 91 23 drainage
2058 678 28 16 fro
2088 677 17 17 ft
2122 678 68 16 houses
2207 684 34 11 can
2255 678 39 17 easi-

1865 700 19 22 ly
1894 701 23 16 be
1925 700 58 18 taken
1992 706 54 16 away
2055 700 26 23 by
2094 701 80 19 surface,
2190 701 75 19 asphalt
2282 706 22 12 or

1865 726 86 15 concrete
1959 723 70 21 drains,
2036 724 15 17 if
2060 724 140 22 a,satisfactory
2204 724 45 17 final
2260 725 32 16 out-

1865 744 26 19 let
1900 746 15 18 is
1923 746 98 21 available,
2034 748 28 16 for
2070 747 93 18 instance;
2177 748 40 16 into
2225 754 11 10 a
2252 748 51 21 good

1867 770 85 22 running
1960 770 55 21 river,
2025 770 35 18 but
2069 771 15 16 if
2092 772 40 19 not,
2142 770 38 18 and
2187 771 15 17 if
2210 770 14 18 it
2235 770 34 18 has
2282 772 21 16 to

1865 790 22 20 Tie
1897 793 73 17 treated
1988 793 30 18 for
2030 793 125 22 purification,
2171 794 16 16 it
2201 793 61 18 would
2279 793 24 18 bo

1864 816 42 19 best
1920 818 20 16 to
1956 817 48 17 have
2021 817 16 16 it
2051 817 19 16 in
2086 817 136 22 underground
2239 817 64 18 drains

1865 839 47 17 with
1921 841 49 16 most
1978 840 21 17 of
2013 840 32 17 the
2060 840 130 17 st6rm-\<'uter
2203 841 57 16 taken
2277 841 27 16 oil

1864 863 26 21 by
1898 863 33 17 the
1940 863 73 17 surface
2021 863 70 19 drains,
2103 870 21 10 as
2139 863 24 17 a'n
2178 864 62 17 undue
2257 864 44 17 rush

1865 883 20 20 of
1893 885 121 18 flood-water
2027 887 63 17 would
2105 887 75 17 disturb
2194 887 33 17 the
2242 887 50 17 disin-

1865 909 72 23 fecting
1945 908 60 23 plant.

1888 932 26 17 To
1931 932 88 18 disinfect
2032 933 90 22 drainage
2136 934 21 16 of
2163 934 49 17 ..this
2228 933 46 17 kind
2291 939 11 11 a

1865 955 50 21 good
1924 956 44 21 plan
1978 956 16 16 is
2008 962 19 11 as
2045 956 165 18 follows:—Have
2227 957 24 17 all
2269 957 33 17 the

1865 978 90 24 drainage
1964 979 49 18 from
2022 984 67 13 sowers
2101 985 94 16 converge
2211 980 40 17 inlo
2267 986 35 11 one

1865 1001 53 18 drain
1927 1004 20 15 at
1956 1008 11 11 a
1982 1002 50 17 little
2049 1001 84 19 distance
2150 1004 49 16 from
2215 1004 24 16 its
2256 1003 46 18 final

1864 1025 55 22 point
1926 1026 21 16 of
1955 1025 49 17 issue
2012 1026 41 17 into
2069 1026 32 17 the
2118 1026 48 18 lake.
2201 1026 101 18 Construct

1864 1049 38 17 tveo
1910 1054 49 12 rows
1968 1049 20 17 of
1996 1049 79 21 settling
2082 1049 68 22 ponds,
2159 1050 54 16 three
2222 1050 17 16 in
2248 1050 52 20 each,

1866 1071 59 18 which
1933 1077 43 16 may
1985 1071 23 18 be
2017 1071 51 18 filled
2077 1073 49 16 from
2135 1072 33 19 the
2176 1073 50 17 main
2243 1078 59 12 sewer

1864 1094 26 23 by
1898 1101 12 10 a
1919 1095 128 22 switch-gate.
2072 1096 26 16 At
2111 1096 76 17 various
2200 1097 63 21 points
2279 1103 11 10 a-

1864 1118 47 22 lou'g
1919 1118 33 17 the
1961 1118 49 17 main
2020 1124 58 13 sewer
2086 1118 54 23 place
2154 1119 148 22 aluifjinopheric

1865 1141 54 17 cakes
1926 1147 20 11 so
1955 1141 42 17 that
2006 1141 26 17 all
2041 1142 32 17 the
2082 1147 73 17 sewage
2173 1143 40 17 will
2225 1143 23 17 be
2264 1143 25 17 im-

1863 1164 112 22 pregnated.
2001 1165 60 17 Guide
2067 1167 33 18 the
2105 1165 91 23 drainage
2204 1166 26 22 by
2237 1171 64 12 moans

1865 1188 19 16 of
1893 1188 32 16 the
1934 1187 122 24 switch-gate
2065 1189 40 16 into
2114 1189 33 16 the
2155 1195 40 11 row
2204 1190 20 16 of
2240 1189 61 22 ponds

1864 1210 72 18 desired
1946 1212 19 16 to
1974 1211 23 17 be
2006 1208 41 20 first
2059 1211 45 17 used
2120 1212 37 17 and
2171 1212 52 18 leave
2239 1212 16 16 it
2271 1213 31 17 for

1865 1234 69 17 several
1944 1234 46 22 days
1999 1235 49 17 until
2056 1235 33 17 the
2098 1235 93 18 sediment
2206 1235 93 19 solidifies,

1865 1257 45 17 then
1919 1257 52 17 draw
1980 1258 66 17 oil'the
2055 1258 49 17 clear
2112 1260 61 16 water
2178 1259 26 22 by
2209 1263 65 13 means
2281 1259 21 17 of

1864 1286 11 11 a
1884 1280 37 18 low
1928 1280 47 18 level
1985 1281 55 17 valve
2048 1281 36 17 and
2095 1283 39 16 cart
2143 1288 54 16 away
2206 1282 32 17 the
2253 1282 48 17 solid

1865 1305 74 16 matter.
1964 1304 43 17 And
2017 1310 20 11 so
2046 1305 35 17 the
2087 1306 39 16 two
2140 1308 51 16 rows'
2204 1306 19 16 of
2239 1305 61 22 ponds

1864 1332 31 11 are
1904 1327 45 17 Vised
1959 1327 118 22 alternately.
2102 1328 39 18 The
2152 1329 148 22 almninepbeiic

1864 1350 100 17 substance
1973 1350 73 18 cm-dies
2055 1351 31 17 the
2096 1351 37 17 dirt
2147 1352 38 17 and
2199 1357 65 17 grease
2281 1352 19 17 in

1865 1374 32 16 the
1906 1376 59 14 water
1973 1374 37 16 and
2020 1374 38 18 this
2067 1375 128 22 immediately
2202 1375 65 18 settles
2281 1377 19 15 to

1865 1397 31 17 rhe
1905 1397 74 17 bottom
1990 1397 52 17 when
2053 1398 76 21 coming
2137 1399 20 16 to
2166 1398 33 21 tl|e
2211 1398 80 22 settling-

1864 1420 60 22 ponds
1933 1418 38 19 and
1980 1420 62 18 leaves
2051 1421 32 17 the
2096 1423 60 15 water
2173 1421 77 23 flowing
2267 1423 34 16 out.

1863 1443 53 22 quite
1924 1442 55 19 clear.
1990 1444 19 16 If
2015 1444 45 17 such
2070 1444 137 22 drainage.,for
2215 1445 85 18 instance

1864 1472 37 12 was
1910 1468 20 16 to
1939 1466 23 18 be
1971 1466 83 23 emptied
2061 1467 42 18 into
2118 1473 11 11 a
2145 1468 49 20 lake,
2213 1469 9 16 I
2238 1468 62 17 would

1863 1491 119 16 recommend
1989 1490 43 17 that
2040 1491 32 16 the
2081 1491 56 17 shotff.
2147 1491 24 17 be
2180 1491 92 19 extended
2289 1499 11 10 a

1864 1513 36 16 few
1907 1513 64 17 chains
1980 1513 40 18 into
2030 1514 31 17 the
2070 1514 42 17 lake
2122 1515 37 16 and
2173 1520 19 11 so
2202 1515 98 22 discharge

1863 1536 24 17 its
1896 1538 87 15 contents
1992 1536 40 17 into
2041 1537 47 23 deep
2096 1538 66 19 water;
2179 1538 38 17 The
2227 1538 45 18 sizes
2281 1539 20 16 of

1863 1559 32 17 the
1905 1560 24 16 set
1933 1559 51 23 tling
1992 1560 68 22 ponds;
2068 1566 21 15 atj
2099 1556 42 22 vfreil
2149 1566 20 13 as
2178 1562 33 21 tlje
2219 1562 82 18 number,

1863 1583 20 16 of
1893 1583 54 17 cakes
1956 1583 20 17 of
1985 1583 151 23 aluminepheric.
2147 1585 63 17 would
2227 1585 73 22 depend

1863 1612 51 16 upon
1924 1606 31 17 ihe
1964 1606 88 22 quantity
2061 1607 20 17 of
2095 1607 93 23 draing,g6'
2194 1606 23 21 to.
2231 1609 22 16 bo
2270 1604 20 21 lo-

1863 1629 59 17 cated.
1948 1629 40 17 The
1997 1630 52 19 solid,
2056 1631 70 17 matter
2139 1631 77 17 cleaned
2230 1632 33 17 out
2280 1632 20 17 of

1863 1652 52 18 these
1924 1652 61 22 ponds
1994 1653 67 17 should
2071 1654 23 18 be
2102 1654 73 19 .carted
2192 1660 53 17 away
2262 1655 38 17 and

1862 1675 129 22 immediately
2000 1675 89 19 trenched
2098 1676 40 21 into
2147 1678 33 16 the
2189 1677 62 23 d6pot.
2262 1678 38 17 and

1863 1699 38 17 this
1911 1699 61 20 might
1980 1699 24 17 be
2013 1700 51 17 work
2074 1701 31 16 the
2114 1701 93 22 nightsoil
2213 1703 76 16 contrac-

1863 1724 30 15 tor
1901 1722 56 17 could
1966 1723 105 17 undertake
2079 1720 38 21 and
2125 1729 20 12 so
2155 1724 66 17 enable
2230 1724 39 19 Jum
2279 1726 19 16 to

1863 1745 66 17 devote
1938 1746 30 17 his
1976 1746 61 18 whole
2038 1745 1 26 1
2054 1746 48 18 timi'
2116 1748 20 17 to
2153 1748 46 17 such
2216 1748 84 23 clearing

1862 1769 59 15 work.

1885 1792 140 22 Scavenging:.
2030 1792 25 17 fir
2076 1795 11 14 si
2102 1792 52 22 tpwfi
2168 1793 22 18 of
2197 1800 12 12 «
2217 1794 37 17 size
2270 1793 19 18 al-

1862 1814 57 23 ready
1928 1815 106 21 estimated,
2041 1816 15 17 it
2067 1816 63 17 would
2140 1816 23 17 Tie
2173 1816 43 18 well
2225 1818 19 16 to
2253 1823 34 16 pro-

1862 1838 41 16 vide
1912 1844 11 11 a
1940 1844 103 17 scavenger
2059 1839 41 17 who
2119 1840 63 19 would
2198 1846 25 15 go
2237 1840 61 17 round

1862 1861 54 18 twice
1922 1867 11 12 a
1950 1861 50 18 week
2018 1862 37 17 and
2070 1864 72 20 empty,
2152 1863 33 18 the
2203 1863 57 17 boxes
2277 1864 20 16 of

1862 1885 104 21 sweepings
1973 1885 37 17 and
2020 1886 54 16 other
2085 1886 78 17 rubbish
2173 1887 47 16 from
2231 1887 67 17 houses

1862 1908 60 17 which
1929 1908 33 17 the
1971 1910 104 19 occupaniA
2082 1908 63 18 would
2158 1910 54 22 place
2225 1906 73 23 oufside

1862 1931 52 21 Ijieir.
1928 1933 54 20 giit.v
1999 1937 22 15 c;i
2041 1934 72 20 certain,
2128 1933 99 23 mornings
2237 1934 21 16 to
2274 1933 24 17 be

1862 1954 116 23 fixed.upon.
2004 1955 66 23 (Mem.
2100 1956 43 22 Any
2160 1957 62 19 town,
2230 1956 56 23 adopt-

1861 1978 34 22 ing
1902 1978 32 18 (he
1943 1978 106 22 foregoing,
2065 1979 45 19 will,
2121 1979 10 17 I
2146 1985 31 12 am
2187 1979 52 23 quite
2248 1985 49 15 sure,

1862 2000 78 23 entirely
1949 2001 47 22 wipe
2003 2003 34 15 out
2043 2002 86 22 typhoid,
2136 2002 115 23 diphtheria,
2257 2004 40 18 &c.,

1862 2024 48 17 from
1924 2025 25 17 its
1966 2025 73 22 midst.)
2071 2025 67 22 AVljeVc
2155 2026 46 20 stif.h
2218 2026 80 18 diseases

1861 2053 61 15 occur,
1931 2049 56 21 great
1997 2054 41 11 care
2047 2047 68 19 should
2124 2049 25 17 be'
2154 2048 58 18 taTcen
2220 2051 20 16 to
2248 2046 50 20 bum

1861 2071 24 16 itll
1896 2073 75 15 excreta
1978 2072 49 16 from
2036 2072 88 21 patients,
2135 2072 66 21 or.6lse
2217 2072 50 21 bury
2277 2073 20 16 IS

1861 2094 63 17 inches
1933 2094 47 23 deep
1993 2094 46 18 with
2055 2094 66 23 plenty
2138 2096 19 16 of
2175 2095 55 23 Quick
2241 2096 58 21 ,limc.'

1861 2117 38 17 The
1912 2117 99 23 Inspector
2036 2118 20 17 of
2072 2118 104 18 Nuisances
2192 2119 64 17 would
2272 2120 24 16 bo

1861 2140 63 18 bound
1933 2142 21 15 to
1963 2146 29 12 see
2001 2141 43 17 that
2052 2147 69 16 proper
2136 2147 101 19 measures,
2246 2148 50 11 wore

1861 2164 81 21 adopted
1950 2170 23 10 on
1983 2164 58 22 being
2049 2164 78 17 notified
2135 2164 26 23 by
2175 2165 35 17 the'
2222 2161 75 22 cfoctors

1861 2187 20 17 of
1889 2187 32 17 the
1929 2187 95 17 existence
2033 2188 20 16 of
2062 2188 59 16 fever.-

1862 2241 120 17 ALLEGED
2007 2241 237 21 HOUSE-BREAKING
2265 2243 32 17 AT

1987 2263 181 19 STRATHMORE.

1943 2311 143 17 Information-
2099 2316 118 14 dismissed.'

1884 2343 25 16 At
1918 2342 32 17 the
1959 2342 64 17 Police
2032 2342 58 17 Court
2100 2349 23 11 on
2133 2344 71 22 Friday
2212 2338 37 23 fast
2263 2344 23 17 be-

1862 2366 38 17 fore
1909 2366 27 16 Dr
1945 2365 80 18 Ginders
2034 2366 38 17 and
2079 2366 31 18 Mr
2117 2366 18 18 S.
2143 2367 21 17 T.
2173 2367 64 20 Brent,
2243 2366 55 21 J.Ps..

1862 2395 9 11 a
1885 2389 64 17 native
1964 2389 68 17 named
2046 2389 67 17 Rewiti
2128 2390 54 17 Ku'iti
2199 2391 20 17 of
2236 2390 61 18 Ohaki

1862 2418 36 11 was
1908 2412 82 22 charged
1999 2418 23 11 on
2036 2413 31 16 the
2082 2413 123 18 information
2220 2414 21 17 of
2257 2413 27 18 Ed-

1862 2435 50 17 ward
1921 2435 86 23 Douglas
2016 2436 20 16 of
2044 2436 106 17 Matamata
2164 2437 49 19 with
2226 2438 72 22 having

1862 2458 58 18 about
1927 2458 34 18 the
1971 2459 44 17 17th
2023 2458 86 23 Janu.ary
2117 2459 37 17 last
2171 2460 72 18 broken
2257 2460 41 18 into'

1862 2482 36 17 and
1908 2482 76 17 entered
1993 2482 29 17 his
2027 2479 160 26 dwelling-house
2195 2485 19 15 at
2222 2483 65 18 Strath-

1862 2511 50 11 more
1921 2505 37 17 and
1967 2505 60 17 stolon
2037 2505 103 18 therefrom
2149 2507 38 17 two
2199 2506 96 22 windows,

1862 2528 34 17 five
1905 2528 47 23 bags
1962 2529 20 16 of
1990 2528 54 19 chaff,
2055 2534 35 11 one
2096 2530 56 17 cow's
2160 2530 44 19 bell,
2215 2530 36 17 and
2263 2536 35 11 one

1862 2551 127 17 bullock'bow
2003 2552 31 16 the
2048 2552 89 23 property
2151 2553 20 17 of
2187 2552 110 18 informant'.

1862 2575 40 17 Mrs
1911 2575 58 21 Foley
1978 2575 115 21 interpreted
2102 2576 33 20 the
2148 2576 73 23 charge'
2232 2578 19 15 to
2266 2582 21 12 ac-

1862 2598 55 17 cused
1926 2598 42 17 who
1978 2598 95 17 answered
2082 2599 20 16 to
2110 2599 30 17 liis
2149 2599 45 17 bail.

1884 2621 103 18 Constable
1996 2621 79 23 Murray
2083 2622 62 19 stated
2158 2624 20 15 to
2192 2623 32 16 the
2237 2622 60 18 bench

1862 2644 41 17 that
1913 2650 19 12 as
1946 2645 32 16 the
1994 2650 80 17 expense
2091 2645 19 17 of
2126 2645 38 18 this
2180 2647 118 21 prosecution

1862 2667 62 18 woidd
1933 2667 35 18 fall
1977 2673 52 17 upon
2037 2668 36 17 the'
2078 2669 129 17 Government
2221 2669 23 17 lie
2258 2669 39 17 had

1862 2690 107 17 considered
1979 2691 16 16 it.
2003 2690 29 17 his
2041 2691 47 23 duty
2097 2691 20 18 to
2126 2690 55 19 make
2187 2693 69 19 certain
2264 2699 22 10 en-

1862 2714 68 22 quiries
1940 2714 31 17 the
1981 2714 59 18 result
2049 2715 20 17 of
2077 2714 61 18 which
2151 2716 25 16 lie
2190 2716 63 17 would
2267 2716 32 22 lay

1862 2737 63 17 before
1933 2737 33 17 the
1976 2737 64 17 Court.
2066 2738 55 17 After
2135 2739 68 22 taking
2214 2737 37 29 Jhe
2268 2740 20 16 in-

1863 2761 65 16 formal
1933 2761 36 17 ion.
1989 2760 60 18 which
2063 2767 20 11 as
2091 2760 4 24 7
2096 2767 11 11 a
2122 2762 60 22 police
2196 2762 62 17 officer
2275 2763 23 17 he

1862 2789 38 12 was
1909 2783 64 17 bound
1982 2784 20 16 to
2011 2784 30 20 do,
2051 2784 23 17 lie
2087 2785 38 16 had
2141 2785 123 22 telegraphed
2279 2787 19 16 to

1864 2806 31 18 the
1903 2806 60 23 police
1971 2807 19 17 in
2000 2807 71 22 Napier
2079 2807 68 24 giving
2156 2808 50 18 them
2215 2810 73 21 particu-

1863 2830 37 16 lars
1908 2830 38 17 and
1955 2830 72 22 stating
2036 2831 43 17 that
2086 2829 75 24 though
2170 2832 130 21 Pouglas.had

1863 2853 59 17 called
1930 2853 33 17 the
1971 2853 59 18 house
2037 2853 28 17 his
2074 2855 91 21 property
2173 2855 24 17 lie
2205 2855 94 21 liad.bedh

1862 2876 94 17 informed
1964 2876 44 17 that
2016 2876 15 17 it
2039 2876 94 23 belonged
2142 2878 21 17 to
2171 2878 32 21 My
2212 2878 61 17 Baker
2279 2879 22 16 of

1863 2900 75 21 Napier.
1964 2899 31 17 Ho
2004 2899 56 17 asked
2069 2897 43 20 that
2121 2900 31 17 Mr
2160 2901 63 17 Baker
2231 2901 69 17 should

1863 2923 22 17 be
1894 2922 111 23 questioned
2020 2928 20 11 as
2054 2924 20 16 to
2083 2923 36 21 .his
2136 2924 79 18 interest
2230 2925 21 17 ill'
2267 2925 33 17 the

1863 2947 90 21 property
1961 2946 37 17 and
2007 2946 15 16 if
2030 2946 70 17 Rewiti
2107 2946 38 18 had
2154 2953 38 17 any
2196 2947 102 23 .authority

1863 2969 49 17 from
1921 2969 45 17 him.
1993 2969 30 17 Ho
2032 2969 84 18 received
2132 2971 79 22 a.reply

1863 2992 42 17 that
1914 2993 32 16 Mr
1954 2992 75 18 Horace
2037 2993 63 17 Baker
2107 2993 21 17 of
2142 2993 71 22 Napier
2227 2994 44 18 held
2288 3000 11 11 a

1862 3021 64 16 power
1934 3015 21 17 of
1963 3016 88 20 attorney
2060 3022 44 11 over
2118 3016 118 19 Stratlimore
2250 3017 48 17 from

1863 3038 32 17 the
1905 3044 63 11 owner
1977 3039 32 16 Mr
2024 3039 81 17 Thomas
2120 3040 67 20 Baker,
2204 3041 22 21 .of
2241 3040 59 18 Grdat

1862 3061 114 21 Yarmouth,
1988 3061 96 22 England.
2114 3063 69 17 Rewiti
2197 3064 39 17 had
2251 3064 48 17 been

1863 3085 56 21 given
1928 3085 69 22 charge
2006 3085 20 16 of
2034 3085 33 17 the
2075 3087 91 22 property
2174 3087 26 21 by
2208 3087 39 17 him
2260 3087 38 17 last

1863 3107 103 18 Christmas
1975 3108 38 17 and
2023 3108 37 17 had
2069 3109 98 23 authority
2176 3110 20 17 ?o
2204 3112 32 15 act
2246 3116 21 11 as
2276 3109 23 18 Tie

1862 3130 38 17 had
1909 3130 48 17 done
1964 3137 6 3 -
1982 3131 85 22 Douglas
2076 3132 38 17 had
2128 3138 25 11 no
2167 3133 98 22 authority
2279 3132 20 18 fo

1862 3153 44 17 take
1914 3154 129 23 proceedings.

1886 3177 38 17 The
1933 3177 64 17 Bench
2006 3178 108 17 considered
2124 3179 42 17 that
2174 3179 15 17 if
2195 3185 11 11 a
2213 3180 85 21 question

1863 3200 103 23 regarding
1975 3201 41 17 title
2025 3202 20 16 to
2055 3201 31 17 the
2095 3203 90 21 property
2194 3208 38 12 was
2241 3203 19 16 to
2276 3203 24 16 be

1863 3223 60 17 raised
1932 3224 45 21 they
1986 3224 38 17 had
2032 3230 24 11 no
2065 3230 65 17 power
2138 3225 19 18 to
2164 3225 40 17 deal
2215 3226 44 17 with
2267 3224 33 19 the

1863 3247 75 17 matter.
1964 3243 39 21 The
2011 3247 92 23 telegram
2111 3248 97 22 produced
2217 3248 83 23 'implied

1863 3269 42 17 that
1914 3269 45 18 smell
1968 3270 63 17 would
2041 3270 22 18 be
2072 3271 66 17 raised.
2170 3271 52 23 They
2237 3272 63 17 would

1863 3293 87 17 however
1958 3293 45 18 hear
2012 3294 51 17 what
2072 3290 31 21 the
2112 3297 111 19 prosecutor
2232 3295 38 17 had
2279 3296 20 16 to

1863 3321 39 10 sav.

1887 3340 82 16 Edward
1978 3340 86 23 Douglas
2073 3340 62 18 stated
2143 3341 44 17 that
2196 3342 57 16 about
2262 3342 37 17 two

1863 3368 54 16 years
1926 3368 36 18 ago
1971 3363 24 17 lm
2002 3363 76 22 bought
2086 3363 33 17 the
2126 3364 81 18 lease-of
2214 3365 32 17 the
2254 3370 34 17 pro-

1863 3387 56 25 perty
1926 3386 49 17 from
1985 3386 75 17 Donald
2070 3387 47 17 Ross
2126 3387 43 18 who
2183 3387 39 18 had
2238 3387 61 18 leased

1863 3409 15 17 it
1887 3410 48 16 from
1948 3415 11 11 a
1971 3410 65 16 native
2048 3410 69 17 named
2130 3410 26 17 Te
2269 3410 30 17 He

1863 3432 135 22 subsequently
2004 3433 90 22 occupied
2100 3433 33 17 tlie
2139 3433 52 18 land.
2216 3433 83 23 Finding

1863 3455 87 18 however
1958 3455 44 17 that
2009 3455 30 18 liis
2051 3455 42 18 title
2107 3462 39 12 was
2159 3459 35 15 not
2210 3457 50 22 good
2276 3457 23 17 he

1862 3478 92 22 prepared
1966 3479 21 16 to
1995 3478 59 18 leave.
2083 3479 67 17 Before
2164 3479 59 23 doing
2239 3485 20 12 so
2276 3480 23 17 he

1863 3501 58 17 heard
1929 3502 43 16 that
1981 3501 74 18 Horace
2069 3502 62 17 Baker
2144 3508 39 12 was
2197 3504 58 21 agent
2270 3504 29 16 for

1863 3524 32 17 the
1904 3530 71 11 owners
1985 3525 37 16 and
2030 3526 60 16 wrote
2098 3527 20 15 to
2126 3525 40 18 liim
2183 3526 73 22 stating
2270 3526 29 17 his

1862 3547 99 18 intention,
1966 3548 19 17 of
1994 3547 75 23 leaving
2078 3548 38 17 and
2124 3548 88 24 advising
2225 3549 39 17 him
2278 3550 21 16 to

1863 3570 45 17 send
1915 3576 87 11 someono
2007 3572 20 15 to
2033 3571 43 17 take
2082 3572 70 21 charge
2159 3578 22 11 as
2186 3572 32 17 the
2226 3572 72 17 natives

1863 3599 47 11 were
1920 3593 57 22 ready
1985 3594 20 16 to
2127 3595 37 17 and
2173 3595 43 17 take
2225 3601 63 17 posses-

1863 3615 46 18 sion.
1934 3616 32 18 He
1973 3617 85 17 received
2066 3623 11 11 a
2086 3617 45 17 wire
2140 3617 49 18 from
2197 3618 33 17 Mr
2237 3618 62 17 Baker

1862 3639 19 17 in
1890 3640 54 21 reply
1952 3639 62 17 which
2023 3645 20 12 as
2051 3645 46 12 near
2105 3646 20 11 as
2135 3641 22 16 ho
2170 3641 55 17 could
2239 3641 50 18 recol-

1862 3662 38 17 lect
1908 3669 34 11 ran
1951 3668 20 11 as
2121 3661 64 20 Onder
2197 3670 65 16 power
2279 3665 20 16 of

1863 3687 88 20 attorney
1960 3685 9 17 I
1979 3686 43 22 give
2030 3690 38 17 you
2076 3687 104 20 possession
2190 3688 20 16 of
2226 3688 72 16 Paeroa

1862 3708 54 21 East,
1925 3709 37 16 No.
1972 3710 11 15 4
1993 3709 29 19 8.,
2032 3709 20 16 to
2060 3709 45 17 hold
2114 3710 105 22 possession
2228 3711 20 16 at
2261 3716 37 16 any

1863 3732 39 17 oust
1910 3732 30 17 for
1950 3732 32 17 tlio
1990 3737 72 12 owners
2069 3732 43 17 who
2121 3739 31 10 are
2158 3733 21 17 in

1862 3754 48 18 That
1919 3754 102 18 document
2030 3760 37 12 was
2076 3756 21 16 at
2112 3756 30 19 his
2154 3756 59 18 house
2229 3757 20 17 in
2265 3757 33 17 tlio

1862 3777 94 17 Ywiikato.
1980 3777 31 17 He
2025 3777 37 18 had
2076 3778 39 17 also
2128 3779 48 17 been
2192 3780 19 16 in
2225 3785 61 12 corres-

1862 3800 96 22 pondence
1967 3800 44 17 with
2018 3800 33 17 the
2058 3807 72 12 owners
2136 3802 112 17 themselves
2254 3803 43 17 who

1862 3823 147 23 acknowledged
2018 3824 42 17 that
2067 3824 24 17 he
2105 3830 38 12 was
2149 3825 21 17 in
2185 3826 111 22 possession,

1862 3847 34 17 but
1905 3847 61 17 stated
1975 3847 43 17 that
2027 3847 15 16 if
2049 3847 25 17 lie
2089 3853 39 12 was
2143 3849 20 16 to
2177 3848 88 18 continue
2282 3848 16 18 it

1864 3869 60 18 v.-ould
1933 3869 45 22 only
1987 3869 22 18 bo
2018 3869 37 18 fair
2063 3871 20 16 to
2096 3871 47 17 offer
2154 3878 12 10 a
2182 3871 54 17 small
2248 3873 48 15 rent.

1862 3893 6 16 1
1874 3893 17 16 to
1900 3892 38 17 had
1946 3892 72 23 replied
2034 3894 20 16 to
2067 3894 38 16 this
2122 3894 35 17 but
2173 3894 83 18 received
2272 3898 25 14 ilo

1862 3921 77 12 answer.

1884 3939 29 17 Dr
1929 3938 91 24 G:ndcrs:
2038 3939 44 17 Was
2098 3939 38 18 this
2153 3941 52 21 prior
2224 3942 20 16 to
2260 3941 37 17 last

1862 3961 103 18 Christinas
1972 3961 8 17 ?

1886 3985 80 17 Witness
1975 3985 4 24 :
1994 3985 19 16 It
2023 3991 38 11 was
2069 3986 38 17 two
2116 3992 54 16 years
2183 3993 42 16 ago.

1884 4008 28 16 Dr
1921 4007 80 18 Cinders
2009 4007 3 20 :
2027 4008 19 17 It
2058 4008 16 17 in
2090 4008 63 18 .slated
2169 4010 44 16 that
2229 4010 68 17 Rewiti

1861 4036 38 12 was
1908 4031 102 22 appointed
2020 4032 19 16 to
2048 4032 43 16 take
2100 4032 68 22 charge
2177 4033 38 17 last
2224 4033 62 17 Christ-

1862 4059 45 12 mas.

1974 4076 4 25 :
1992 4076 9 17 I
2010 4077 38 17 had
2057 4083 24 11 no
2090 4078 56 17 letter
2160 4079 50 16 from
2224 4084 73 17 anyone

1861 4099 97 22 notifying
1978 4100 32 16 the
2030 4106 57 12 same.
2121 4101 42 18 Nt
2179 4101 32 17 did
2228 4102 69 17 Eewiti

1861 4123 62 20 notify
1931 4128 36 11 inc.
1993 4123 30 17 He
2032 4123 69 20 simply
2117 4130 52 11 came
2186 4125 37 17 and
2239 4124 58 17 broke

2317 103 2 25 [
2328 104 40 16 into
2376 103 34 17 tlio
2418 104 59 22 pluce.
2503 104 10 17 I
2523 104 86 18 consider
2617 103 44 18 that
2669 104 10 16 I
2688 110 30 11 inn
2737 110 19 11 re-

2316 126 2 24 j
2328 126 94 23 sponsible
2432 127 30 17 for
2470 127 33 17 the
2510 128 54 22 place
2573 127 38 17 and
2620 127 113 23 everything
2747 128 18 16 in

2316 150 1 16 I
2327 150 22 16 it.

2351 172 28 18 Dr
2388 172 90 24 Ginders:
2492 174 61 17 When
2570 179 38 17 you
2617 179 48 11 were
2674 172 41 18 told
2724 173 43 17 that

2329 202 37 16 you
2376 201 48 11 were
2434 197 90 21 expected
2533 198 20 16 to
2561 203 39 16 pay
2608 203 12 11 a.
2629 198 42 16 rent
2683 196 32 18 did
2729 202 37 16 you

2329 219 46 18 offer
2384 224 38 17 any
2428 219 8 17 ?

2439 242 4 18 :
2456 242 37 18 No,
2503 243 10 16 I
2523 243 31 17 did
2563 244 40 16 not.

2350 264 101 18 Constable
2463 266 80 23 Murray
2557 266 84 23 thought
2657 266 43 17 that
2716 266 49 17 their

2326 288 97 22 Worships
2434 289 56 17 could
2498 295 29 11 see
2543 289 44 17 that
2604 296 11 10 a
2632 295 41 12 case
2691 289 20 17 of
2728 289 36 17 this

2326 311 115 21 description
2451 312 56 17 could
2515 314 35 15 not
2564 312 23 17 be
2602 312 84 20 brought
2701 311 64 18 befiie

2326 341 12 10 a
2346 334 51 21 jury.

2349 357 40 17 Tim
2396 359 109 20 prosecutor
2513 358 63 18 stated
2584 358 43 17 that
2636 358 15 17 if
2658 358 33 17 Mr
2702 358 62 18 Balcer

2326 380 76 17 himself
2410 381 37 17 had
2457 387 52 11 come
2517 381 37 17 and
2563 381 50 17 done
2627 381 52 17 what
2696 381 68 18 Bewiti

2326 403 33 16 did
2366 404 24 17 he
2399 404 64 17 would
2475 405 48 17 have
2539 404 59 17 taken
2613 405 63 16 action
2688 405 76 22 against

2326 426 45 15 him.

2349 449 69 18 Bewiti
2427 456 24 12 on
2460 451 57 20 b6ing
2532 451 59 17 asked
2605 451 16 16 if
2635 451 23 16 lie
2671 451 37 16 had
2727 457 37 16 any

2326 472 96 23 authority
2432 473 47 18 from
2490 474 31 17 Mr
2529 473 64 18 Baker
2602 475 20 16 to
2631 475 31 16 act
2668 473 95 23 produced

2326 501 10 10 a
2345 495 56 18 letter
2410 496 48 18 from
2467 497 43 17 that
2526 497 110 23 gentleman
2651 496 56 17 dated
2725 497 26 17 De-

2326 518 73 17 cember
2407 519 43 21 Vast,
2465 520 68 23 giving
2549 520 40 17 him
2605 520 97 21 authority
2720 526 44 11 over

2325 541 33 17 the
2366 541 45 18 land
2419 543 37 17 and
2466 543 53 17 stock
2528 543 40 17 also
2577 548 64 17 power
2650 544 19 16 to
2678 544 45 16 turn
2738 544 26 16 off

2326 570 37 16 any
2371 565 111 23 trespassers
2491 567 38 16 and
2537 566 45 17 take
2590 566 105 22 possession
2704 567 21 16 of
2731 566 32 17 the

2324 586 103 25 buildings.
2453 590 19 16 It
2490 596 38 11 was
2545 589 105 23 stipulated
2664 590 43 15 th'at
2725 595 36 16 any

2326 616 53 16 crops
2388 611 44 17 thf*n
2443 613 88 22 growing
2538 612 70 18 should
2616 612 71 22 belong
2695 614 20 16 to
2731 612 32 17 the

2325 633 70 22 parties
2403 635 74 23 sowing
2484 636 51 17 them
2545 635 39 17 and
2592 635 43 17 that
2643 635 47 23 they
2695 635 68 17 should

2326 656 47 17 have
2381 658 110 21 permission
2500 661 19 15 to
2528 659 78 17 harvest
2613 658 33 17 the
2660 664 50 11 same
2725 659 38 16 and

2326 681 52 15 enter
2387 682 24 15 (m
2420 681 33 17 the
2463 684 91 20 property
2569 682 30 17 for
2615 681 43 19 that
2674 687 87 17 purpose.

2325 703 45 17 This
2378 709 39 11 was
2425 704 67 23 signed
2500 705 25 22 by
2534 705 76 17 Horace
2619 705 68 20 Bal??r,
2705 706 58 22 agent

2326 726 30 17 for
2364 726 81 19 Tli6iuas
2454 728 67 21 Baker,
2539 728 20 18 of
2573 728 59 17 Great
2647 728 114 21 Yarmouth,

2325 748 96 23 England.
2446 751 31 17 lie
2486 751 39 18 also
2533 751 45 17 held
2586 757 12 12 a
2606 751 45 17 wire
2660 751 37 17 and
2706 757 11 10 a
2726 751 27 18 let-

2326 773 30 16 ter
2364 772 83 18 received
2455 774 84 23 recently
2548 776 9 16 f
2558 774 83 23 eferring
2646 776 21 16 to
2672 774 33 17 the
2711 780 52 12 same

2324 795 66 23 thing:

2348 818 42 18 The'
2396 818 109 22 prosecutor
2514 821 62 17 stated
2584 821 45 17 that
2636 821 23 16 he
2668 820 38 17 li'ftd
2714 821 47 17 be£n

2325 842 64 17 forced:
2397 844 20 15 t6
2425 842 48 23 keep
2482 849 12 11 a
2502 849 43 12 man
2555 846 20 17 at
2583 844 33 17 the
2626 844 53 22 place
2688 845 20 15 at
2716 850 34 11 con-

2325 865 93 17 siderable
2425 868 46 16 cost.
2497 867 31 17 Mr
2537 867 62 17 Baker
2607 866 39 18 had
2655 867 55 22 given
2718 872 44 12 over

2324 888 33 17 the
2366 888 52 22 place
2427 890 20 16 to
2457 890 67 17 Kewiti
2534 891 19 16 in
2562 891 56 17 order
2626 892 20 15 to
2655 891 33 21 get
2697 890 32 18 rid
2742 891 20 17 of

2324 912 84 17 witness:
2427 912 31 17 Ho
2467 913 63 18 would
2538 915 35 17 not
2581 913 43 23 give
2633 919 25 17 up
2667 913 32 17 the
2708 913 53 22 place

2324 934 61 18 either
2393 935 20 17 to
2422 935 68 18 Bewiti
2500 942 20 11 or
2611 936 30 18 till
2655 936 33 17 the
2704 936 58 18 latter

2324 959 51 15 went
2383 958 72 23 legally
2463 959 58 17 about
2530 960 20 17 it.
2580 958 3 23 ,

2347 981 26 17 At
2382 981 20 24 th
2412 981 9 24 6
2431 981 68 24 request
2507 985 20 15 of
2535 983 32 17 the
2576 982 60 18 b£nch
2643 983 67 17 Bewiti
2716 989 33 16 pro-

2324 1004 60 17 duced
2393 1004 34 17 th#
2434 1004 56 19 letter
2502 1006 37 17 and
2553 1006 92 23 telegram
2664 1007 49 16 frofn
2730 1006 31 17 Mr

2323 1026 63 18 li'aker
2394 1028 82 18 referred
2484 1030 26 16 to.
2535 1030 40 17 The
2583 1029 93 22 telegram
2688 1035 38 12 was
2740 1035 21 12 as

2324 1050 86 17 follows:
2536 1052 34 18 has
2578 1058 25 12 no
2612 1052 103 23 standing;
2737 1052 24 18 he

2324 1074 51 17 must
2430 1074 32 18 the
2471 1079 49 13 Case:
2544 1076 34 22 My
2588 1075 88 18 evidence
2688 1082 35 10 can
2737 1076 23 16 be

2324 1098 55 15 lalen
2389 1097 49 17 here.
2464 1098 10 17 I
2483 1098 47 18 have
2545 1099 40 17 sold
2601 1099 32 17 the

2324 1120 39 16 The
2371 1119 57 26 lettejf
2436 1122 114 19 stated.that
2565 1122 34 17 the
2615 1124 90 21 property
2722 1122 38 17 had

2323 1143 47 17 been
2380 1142 40 18 sold
2429 1146 20 14 to
2456 1145 32 16 Mr
2496 1145 25 17 H.
2531 1145 90 21 Butcher,
2637 1146 42 16 who
2697 1146 63 16 Would

2323 1166 43 17 t.-ike
2375 1166 104 22 possi'ssion
2488 1174 24 11 on
2521 1167 46 22 July
2578 1169 26 16 16.

2346 1190 55 17 After
2415 1189 138 20 ibrisideratiori
2568 1191 34 18 the
2620 1189 60 20 beiich
2697 1192 62 17 stated

2322 1212 43 18 that
2374 1213 15 17 it
2398 1214 38 16 \Viis
2445 1214 76 17 evident,
2527 1214 43 18 that
2576 1215 69 17 Rcwiti
2650 1221 38 11 was
2694 1215 65 22 acting

2322 1235 60 17 under
2391 1237 97 22 authority
2499 1238 48 17 from
2556 1243 24 12 an
2592 1238 106 23 efriployer;
2716 1238 43 18 that

2322 1259 87 23 Douglas
2417 1259 38 18 had
2464 1261 29 17 his
2502 1261 77 23 remedy
2587 1261 27 22 by
2628 1261 42 17 civil
2685 1266 74 17 process

2322 1282 38 17 and
2368 1283 43 16 that
2419 1283 35 17 the'
2460 1288 42 13 ca'se
2510 1284 64 18 would
2582 1285 94 17 therefore
2688 1285 23 16 lie
2720 1285 29 17 dis-

2322 1306 74 15 missed.

2346 1329 16 16 A
2370 1329 70 17 second
2448 1329 122 19 info'rfnafiOn
2583 1329 94 24 charging
2690 1330 68 18 Rewiti

2322 1351 46 18 with
2377 1352 82 24 stealing
2467 1359 55 12 seven
2537 1356 55 20 gates
2605 1354 38 17 and
2658 1355 23 16 50
2694 1354 64 18 chains

2322 1376 43 21 post
2373 1375 38 17 arid
2421 1376 44 17 wire
2473 1377 78 21 fencing
2558 1383 39 12 was
2605 1377 40 18 als6
2654 1377 103 18 dismissed.

2322 1432 52 17 THE
2396 1432 219 20 WAIKAREMOANA
2629 1433 122 19 COUNTRY.

2345 1478 31 18 Mr
2382 1477 21 19 C.
2411 1479 22 17 B.
2440 1479 77 22 Turner,
2528 1481 43 17 who
2579 1480 86 19 hasbefell
2672 1482 86 22 engaged

2322 1502 30 17 for
2361 1504 53 15 some'
2420 1503 46 17 time
2474 1504 44 21 past
2526 1504 19 17 in
2555 1504 32 17 tlic
2601 1506 69 21 survOy
2678 1505 52 17 work
2738 1505 20 17 in

2322 1525 112 18 connection
2443 1526 47 18 with
2497 1527 32 17 the
2535 1527 91 21 Rotorua,
2635 1527 79 18 Galatea
2721 1528 37 17 and

2323 1548 156 19 WaikareiViOafia
2490 1550 51 20 road,
2557 1550 74 17 arrived
2639 1551 20 16 in
2673 1552 52 17 town
2734 1555 24 14 on

2321 1571 85 23 Moiiday
2415 1572 37 18 and
2461 1573 103 22 proceeded
2572 1575 19 16 to
2608 1574 100 17 Auckland
2714 1580 33 17 yes-

2321 1595 73 22 terday.
2420 1595 92 24 tlittorly,
2522 1597 32 17 Mr
2570 1597 78 19 Turner,
2659 1597 33 17 has
2708 1597 48 18 Wen

2322 1618 78 22 camped
2409 1620 20 16 at
2442 1616 32 20 fhe
2491 1620 48 17 head
2556 1621 20 16 of
2593 1618 32 19 the
2640 1619 118 19 Wliakatane

2321 1641 73 23 Valley,
2405 1642 37 17 and
2452 1644 47 16 from
2509 1644 43 17 that
2559 1643 45 18 base
2613 1644 34 17 lias
2655 1644 49 17 done
2713 1651 33 11 con-

2322 1665 92 17 siderable
2423 1666 51 17 work
2484 1667 20 17 of
2512 1672 23 12 an
2545 1666 122 24 exploratory
2683 1669 73 19 nature,

2321 1687 86 19 between
2416 1689 53 17 there
2483 1689 38 17 and
2535 1689 33 17 La.
2577 1696 9 11 c
2594 1688 162 20 Waikarcnioana.

2321 1711 70 23 Plenty
2408 1712 19 17 of
2443 1713 137 23 nice-looking,
2605 1713 51 23 light
2679 1714 79 23 grazing

2321 1737 81 20 country
2412 1741 37 11 was
2459 1737 38 16 fact
2505 1736 52 20 with,
2568 1742 43 11 save
2626 1742 23 11 on
2666 1737 33 16 tho
2714 1737 44 17 lake

2321 1758 40 16 side
2369 1758 21 17 of
2398 1758 31 17 the
2440 1759 114 17 water-slied
2567 1759 62 18 where
2638 1760 16 17 it.
2661 1760 16 18 is
2693 1762 34 16 not
2735 1761 21 17 fit

2321 1781 30 17 for
2360 1781 62 24 inu<ih.
2448 1782 39 17 Tho
2495 1785 83 19 sfcenery,
2588 1783 87 17 however
2680 1783 15 17 is
2702 1790 41 15 mag-

2321 1804 82 21 nificent,
2414 1805 38 18 and
2461 1805 53 18 when
2524 1806 32 17 the
2565 1806 45 17 road
2620 1806 15 17 is
2652 1807 105 21 completed

2320 1827 15 17 it
2344 1828 16 16 is
2368 1828 63 17 bound
2441 1830 19 15 to
2473 1829 77 17 become
2565 1836 12 10 u
2591 1830 80 17 favorite
2688 1830 68 17 tourist

2320 1852 63 16 route.'
2410 1851 56 17 From
2488 1852 25 17 To
2533 1852 70 18 Whaifi
2624 1852 33 18 the
2675 1853 46 17 road
2741 1854 15 17 is

2321 1874 53 17 made
2395 1875 20 16 to
2436 1881 11 10 a
2466 1875 45 17 mile
2530 1875 77 23 beyond
2627 1876 32 17 the
2680 1877 77 17 summit

2321 1898 19 16 of
2347 1897 32 17 the
2393 1898 145 22 Tarapounamu
2554 1899 65 18 saddle
2633 1899 38 18 and
2687 1900 45 17 here
2746 1907 10 10 a

2320 1920 38 18 few
2369 1926 43 12 men
2429 1927 31 12 arc
2475 1922 39 17 still
2531 1922 100 23 employed
2647 1923 19 16 in
2683 1924 73 16 surface

2321 1943 56 18 work.
2404 1944 56 18 From
2469 1945 38 17 this
2516 1946 56 22 point
2586 1946 31 17 tho
2633 1952 68 17 survey
2718 1946 38 18 line

2320 1967 80 17 extends
2415 1969 19 16 to
2448 1968 33 18 the
2496 1968 48 18 head
2560 1969 20 17 of
2593 1969 33 17 the
2640 1969 46 17 Wha
2701 1971 55 16 atane

2320 1990 73 22 Valley,
2403 1990 45 18 then
2459 1997 61 12 across
2536 1992 33 17 the
2585 1992 88 17 Huiarau
2689 1993 67 22 Range

2320 2013 55 17 down
2384 2017 20 13 to
2414 2014 71 18 Waikai
2491 2021 84 15 omoann,
2582 2015 61 18 round
2650 2016 31 17 the
2688 2016 56 17 north-

2320 2042 32 12 ern
2362 2037 47 22 edge
2418 2037 20 17 of
2446 2038 32 18 the
2487 2039 41 17 lake
2540 2040 20 16 to
2579 2039 92 22 Onepoto,
2688 2039 68 18 thence

2320 2061 20 16 to
2350 2059 124 21 Frasertown,
2485 2068 11 11 a.
2504 2061 55 18 small
2573 2061 100 23 European
2690 2063 56 17 settle-

2320 2084 57 20 ment,
2387 2084 38 17 and
2434 2089 25 12 on
2472 2086 20 15 to
2509 2085 82 18 Wairoa.
2616 2086 39 17 The
2672 2085 83 18 distance

2320 2106 49 18 from
2379 2106 78 18 Galat6ii
2471 2109 19 16 to
2507 2108 52 17 Lake
2576 2108 156 18 Waikaremoana
2740 2110 15 16 is

2320 2130 57 17 about
2419 2130 57 22 miles,
2488 2131 36 17 and
2533 2131 15 17 it
2558 2131 15 17 is
2589 2131 59 17 about
2663 2133 24 15 30
2701 2132 54 18 miles

2320 2153 74 17 further
2401 2155 20 15 to
2430 2153 81 18 Wairoa.
2537 2155 78 17 Around
2624 2155 33 16 tho
2663 2155 43 17 lake
2720 2161 23 11 na-

2320 2177 38 16 tive
2366 2176 63 17 tracks
2436 2177 44 22 only
2488 2177 48 18 esist
2541 2179 21 15 at
2568 2179 82 21 present,
2657 2178 37 17 and
2701 2178 54 18 those

2320 2199 47 17 have
2375 2199 47 17 been
2439 2200 76 18 utilised
2532 2201 25 22 by
2572 2200 32 18 the
2621 2206 98 17 surveyors
2735 2202 20 17 in

2320 2222 82 23 packing
2412 2223 88 23 supplies.
2527 2224 57 17 From
2592 2223 32 18 the
2630 2224 76 22 heights
2711 2225 44 17 here

2320 2253 11 10 a
2339 2246 128 18 well-defined
2476 2247 63 23 valley
2552 2247 15 17 is
2584 2247 105 18 decerniblii
2707 2249 47 16 from

2320 2269 31 17 the
2360 2268 45 18 lake'
2411 2269 56 19 down
2476 2272 19 15 to
2596 2270 38 17 and
2642 2271 16 16 it
2668 2271 15 17 is
2692 2272 63 16 stated

2320 2293 41 16 that
2370 2292 25 17 Te
2405 2293 57 17 Kooti
2473 2295 20 15 at
2502 2300 35 11 one
2552 2294 45 17 time
2605 2293 109 19 considered
2723 2294 32 18 the

2320 2315 106 23 possibility
2436 2317 19 16 of
2464 2317 83 23 opening
2560 2323 26 17 up
2603 2323 11 11 a
2629 2323 80 17 passage
2727 2319 29 15 for

2320 2339 32 17 the
2360 2340 83 21 pent-up
2452 2341 67 16 waters
2528 2341 20 16 of
2556 2341 33 16 the
2598 2340 42 17 lake
2657 2341 45 16 with
2719 2341 32 17 the

2320 2362 41 17 idea
2370 2363 20 16 of
2403 2362 116 23 inundating
2532 2364 32 16 the
2579 2364 108 17 settlement
2701 2370 40 11 men-

2320 2385 72 17 tioned.-
2415 2385 85 24 Lticily,
2510 2387 91 19 however,
2612 2387 29 17 for
2647 2387 32 17 the
2685 2387 67 23 people

2320 2409 20 16 of
2345 2409 91 21 Waireoa,
2442 2410 206 22 thisengineeringfeat
2652 2416 37 11 was
2695 2411 48 16 aban-

2320 2431 67 17 doned.

2343 2455 30 17 No
2390 2456 73 18 serious'
2479 2456 108 23 opposition
2602 2456 35 18 lias
2653 2457 47 17 been
2716 2459 40 15 met

2320 2478 47 17 with
2375 2479 49 17 from
2433 2479 32 18 the
2474 2481 73 16 natives
2555 2479 20 18 in
2583 2480 33 17 the
2625 2485 66 17 survey
2703 2481 52 17 work

2320 2502 81 23 though,
2411 2503 101 23 naturally,
2512 2502 3 24 -
2522 2503 50 17 their
2584 2503 51 17 ideas
2651 2504 19 15 in
2687 2504 69 22 regard

2321 2526 19 16 to
2349 2523 33 19 tlib
2388 2531 65 13 course
2462 2526 33 18 the
2510 2526 46 18 road
2573 2526 68 18 should
2657 2526 44 18 take
2717 2527 38 17 and

2321 2548 53 17 those
2383 2549 19 17 of
2411 2549 32 17 the
2460 2555 99 17 surveyors
2578 2554 31 12 arc
2626 2551 20 15 at
2662 2550 92 18 variance.

2320 2572 39 17 The
2368 2572 73 17 natives
2449 2573 53 20 place
2510 2579 45 16 very
2564 2572 47 23 high
2620 2573 55 17 value
2690 2579 24 11 011
2724 2573 32 18 the

2321 2595 47 17 miro
2377 2596 53 20 trees,
2441 2595 137 24 (podocaiu'US
2586 2596 140 23 ijskiujoixea)
2732 2603 22 10 on

2321 2618 61 17 which
2392 2619 31 16 the
2432 2620 78 24 pigeons
2524 2619 48 20 feed,
2583 2620 37 16 and
2637 2621 62 16 resent
2707 2620 49 17 their

2321 2641 58 23 being
2388 2641 102 19 interfered
2500 2643 44 17 with
2554 2643 18 16 in
2582 2648 37 16 any
2628 2648 48 17 way.
2697 2643 59 17 These

2321 2665 48 17 trees
2379 2671 32 11 are
2419 2666 140 22 distinguished
2567 2666 25 22 by
2601 2669 71 17 n-anies,
2682 2666 36 17 and
2725 2673 31 11 are

2321 2687 144 19 individualised
2474 2690 19 16 in
2501 2690 54 16 other
2562 2692 58 19 ways.
2646 2685 38 21 I'he
2692 2690 64 17 native

2321 2711 76 17 wet-hod
2404 2713 19 15 of
2428 2713 78 22 snaring
2512 2713 33 17 the
2550 2713 79 22 pigeons
2635 2712 15 17 is
2657 2712 99 23 ingenious

2321 2734 38 17 and
2368 2735 59 17 worth
2438 2735 112 23 describing,
2576 2735 61 18 When
2645 2736 32 17 the
2686 2736 47 17 miro
2741 2737 15 16 is

2321 2758 19 16 in
2349 2758 37 17 full
2394 2758 47 17 fruit
2449 2760 15 16 it
2473 2760 84 17 becomes
2570 2758 32 18 the
2620 2759 79 16 favorite
2712 2760 44 16 food

2321 2781 20 17 of
2354 2781 32 17 the
2394 2781 85 23 pigeons.
2480 2781 2 23 l
2505 2782 19 17 It,
2532 2782 15 18 is
2557 2787 44 17 very
2610 2782 101 22 fattening,
2721 2783 36 17 but

2321 2805 20 16 at
2352 2804 31 17 the
2397 2810 51 12 same
2464 2806 51 20 time,
2529 2805 77 17 induces
2623 2806 54 21 great
2693 2805 63 18 thirst.

2321 2827 68 18 ISefore
2398 2828 32 17 the
2435 2829 87 22 ripening
2529 2829 21 17 of
2555 2828 33 17 the
2595 2829 47 16 fruit
2646 2829 33 16 the
2684 2829 73 18 natives

2322 2851 96 18 construct
2431 2849 64 20 walias
2509 2850 63 24 (small
2586 2852 86 22 troughs,
2689 2857 56 12 canoe-

2322 2873 78 24 shaped)
2409 2874 38 18 and
2456 2875 59 17 either
2523 2874 83 23 suspend
2611 2875 52 17 them
2669 2876 50 16 froia
2726 2875 31 17 the

2321 2897 92 20 brajiches
2421 2899 21 17 of
2450 2899 32 17 the
2499 2899 46 16 miro
2562 2904 22 11 or
2600 2898 47 17 raise
2663 2899 52 17 them
2733 2904 23 11 on

2321 2920 67 18 forked
2396 2921 58 21 poles.
2479 2922 59 17 Tliese
2547 2927 31 12 are
2586 2921 53 18 filled
2646 2921 47 18 with
2699 2923 58 16 water

2321 2944 38 17 and
2365 2944 31 17 the
2404 2944 78 23 pigeons
2492 2951 46 11 soon
2546 2945 76 17 become
2628 2944 45 17 used
2679 2946 19 16 to
2705 2945 51 17 them

2321 2967 39 17 and
2368 2967 55 17 drink
2432 2968 48 17 from
2489 2968 58 17 the/'n.
2578 2968 26 17 As
2621 2974 46 11 soon
2683 2974 20 11 as
2719 2968 38 17 this

2321 2989 90 24 happens,
2421 2996 70 16 snares,
2501 2991 54 17 made
2563 2991 21 17 of
2592 2991 84 23 running
2684 2997 73 12 nooses,-

2322 3014 124 22 overlapping
2460 3014 45 17 each
2522 3015 61 19 other,
2601 3020 33 11 are
2649 3014 66 22 placed
2732 3015 25 16 all

2321 3037 61 17 round
2390 3034 31 20 the
2430 3037 64 17 wnkas
2507 3043 19 11 so
2535 3038 44 17 that,
2587 3038 32 17 the
2629 3038 50 17 birds
2688 3039 69 16 cannot

2322 3060 56 17 drink
2388 3060 80 18 without
2475 3061 79 22 placing
2567 3061 50 17 their
2630 3060 58 18 heads
2696 3060 19 17 in
2725 3060 32 18 the,

2322 3089 63 12 noose.
2411 3083 22 18 In
2442 3084 135 23 withdrawing
2588 3084 46 22 they
2646 3090 31 11 are
2686 3084 71 22 caught

2321 3106 26 22 by
2356 3106 32 17 the
2402 3106 48 18 neck
2459 3107 82 18 feathers
2549 3105 43 22 aid,
2601 3107 114 23 struggling,
2726 3111 31 13 are

2322 3129 103 23 strangled.
2450 3130 53 17 Food
2512 3131 20 16 of
2540 3130 38 17 this
2586 3130 47 17 kind
2641 3131 15 16 is
2665 3130 19 17 in
2695 3130 49 17 abun-

2322 3152 58 18 dance
2389 3158 48 16 now,
2453 3153 38 17 and
2505 3154 18 16 in
2539 3153 86 17 addition
2640 3154 32 16 the
2684 3154 73 17 natives

2321 3175 55 18 make
2391 3176 57 17 bread
2463 3177 48 17 from
2527 3177 59 17 hijiau
2599 3177 68 17 berries

2322 3203 76 13 CAItITS
2413 3200 114 23 dextatus)
2550 3200 26 22 by
2588 3200 116 21 macerating
2719 3200 38 17 and

2322 3222 101 23 potlii'diiig.
2441 3223 53 17 them
2506 3224 41 16 into
2560 3229 11 11 a
2592 3229 50 11 mass
2662 3222 62 18 which
2742 3223 15 17 is

2321 3245 68 17 baked.
2415 3246 39 17 The
2463 3247 54 17 cakes
2526 3252 21 12 so
2561 3246 95 23 produced
2665 3252 30 10 arc
2712 3251 45 17 very

2322 3268 56 17 black
2386 3269 37 16 and
2434 3269 24 18 do
2466 3271 35 16 not-
2508 3269 49 18 have
2565 3276 12 11 a
2585 3269 41 18 nice
2635 3274 121 17 appearance.

2322 3292 52 21 Tlicy
2394 3297 30 12 are
2442 3292 119 19 wholesome,
2576 3293 91 20 however,
2684 3292 37 17 and
2738 3293 19 16 of

2322 3311 50 24 gboil
2390 3314 65 18 flavor.
2488 3316 39 17 The
2544 3316 73 17 natives
2631 3321 31 11 arc
2678 3314 46 18 fond
2738 3316 19 16 of

2321 3337 100 23 European
2431 3339 44 17 food
2484 3340 21 16 of
2513 3344 56 17 every
2582 3338 51 20 kind,
2649 3338 38 17 and
2699 3338 58 17 hover

2322 3361 60 17 round
2391 3361 36 17 the'
2440 3363 63 21 camjVs
2519 3362 87 23 begging
2620 3361 32 17 the
2667 3361 90 22 pakelia's

2322 3385 65 16 stores.
2412 3385 39 16 The
2460 3385 64 21 chiefs,
2542 3385 92 19 however,
2652 3390 31 11 are
2696 3384 61 17 above

2321 3407 43 20 this,
2375 3407 35 18 bst
2430 3410 66 21 a'ecept
2515 3407 48 24 any,
2575 3408 83 21 delicacy
2678 3407 75 17 offered.

2321 3430 52 22 They
2381 3431 57 17 know
2455 3432 81 22 enough,
2555 3431 87 17 however
2656 3432 20 15 to
2684 3430 53 22 place
2746 3437 11 11 a

2321 3453 45 23 high
2376 3454 51 22 price
2437 3460 24 11 on
2469 3455 51 17 their
2528 3460 42 12 own
2580 3454 87 22 produce.
2698 3454 47 16 Pota-

2322 3478 41 16 toes
2372 3482 31 12 arc
2413 3478 82 22 charged
2505 3479 31 16 30s
2553 3483 34 16 per
2601 3477 38 22 bag
2647 3476 38 18 and
2703 3478 30 15 lus
2741 3477 16 17 is

2321 3499 104 18 demanded
2434 3501 30 17 for
2472 3501 121 22 paddocking
2601 3506 10 11 a
2624 3500 60 20 horse,
2709 3500 36 16 Ver-

2321 3523 34 21 ily,
2365 3523 32 17 the
2406 3523 62 18 Maori
2473 3524 21 17 of
2499 3524 33 17 the
2536 3523 155 18 Waikaremoana
2698 3528 47 12 coun-

2321 3549 31 19 try
2361 3546 14 17 is
2389 3552 20 11 as
2418 3548 62 17 astute
2489 3553 20 11 as
2517 3548 33 16 the
2559 3551 38 12 rest
2606 3547 19 16 of
2634 3546 31 17 the
2672 3546 84 17 children

2321 3570 20 15 of
2349 3575 43 10 men
2400 3569 4 16 !

2343 3592 32 17 Mr
2383 3593 77 22 Eoaney
2468 3592 88 18 returned
2562 3593 49 17 from
2624 3592 38 17 this
2678 3592 77 22 locality

2320 3615 37 17 Inst
2373 3616 86 23 evening.
2493 3617 31 16 He
2540 3616 38 17 had
2595 3615 70 17 several
2679 3611 76 21 toreros

2319 3638 48 17 with
2376 3639 33 16 the
2418 3639 73 18 natives
2500 3639 36 17 and
2553 3644 39 11 was
2608 3638 109 22 hospitably
2725 3644 20 11 re-

2320 3662 63 16 ceived
2399 3662 122 22 everywhere.
2555 3662 40 16 The
2610 3662 51 16 most
2673 3661 82 22 friendly

2320 3684 71 23 feeling
2399 3690 39 12 was
2447 3685 76 17 evinced
2540 3685 38 17 and
2593 3685 14 16 it
2625 3690 38 11 was
2680 3684 75 18 evident

2320 3707 44 18 that
2371 3708 33 17 the
2413 3708 71 18 Maoris
2493 3714 31 11 are
2533 3707 60 18 under
2606 3713 24 12 an
2644 3707 111 22 impression

2319 3729 43 18 that
2369 3731 91 22 promises
2468 3736 48 13 were
2524 3730 55 18 made
2588 3730 26 22 by
2628 3730 127 18 Government

2319 3754 104 23 regarding
2439 3754 36 17 lino
2489 3754 20 17 of
2529 3754 52 20 road,
2593 3754 47 16 miro
2656 3754 49 17 trees
2722 3754 32 17 &e.

2319 3777 39 17 The
2366 3778 69 16 matter
2444 3777 37 17 will
2498 3777 23 17 bo
2538 3777 82 17 referred
2632 3777 21 17 to
2669 3777 32 16 the
2709 3782 34 16 pro-

2319 3805 33 16 per
2365 3801 81 20 quarter.

2375 3855 183 18 FOOTBALLERS
2571 3857 35 16 ON
2618 3857 69 16 TOUR.

2435 3904 31 17 By
2474 3903 45 18 Oxe
2532 3908 24 13 of
2567 3904 68 16 Them.

2341 3934 33 17 We
2381 3936 26 14 set
2416 3936 31 14 out.
2459 3940 21 11 on
2494 3935 91 20 Saturday,
2600 3933 47 16 June
2662 3934 47 20 27th,
2726 3935 28 16 for

2319 3955 74 20 Matata,
2413 3956 59 20 stayed
2490 3958 19 14 at
2527 3956 73 16 Makctu
2613 3956 92 20 overnight
2719 3957 35 16 i.nd

2319 3977 73 16 reached
2401 3982 31 10 our
2439 3977 104 16 destination
2554 3982 21 10 on
2584 3975 77 22 Sunday,
2670 3977 29 15 the
2705 3977 47 17 28th.

2319 3998 27 15 On
2356 3998 28 15 the
2393 3998 90 21 following:
2489 3998 82 20 jnorninp
2575 3997 75 16 wohada
2656 3998 38 15 look
2700 4000 19 13 at
2724 3999 29 16 the

2320 4019 74 20 ground,
2404 4020 14 14 it
2427 4024 36 11 was
2473 4025 40 15 very
2521 4019 61 20 heavy,
2593 4023 17 11 as
2617 4019 32 15 bud
2655 4024 19 10 us
2682 4020 28 14 the
2715 4025 28 11 sea-

2319 4039 49 17 shore
2380 4042 17 13 to
2406 4041 40 19 play
2453 4046 27 10 on.
2508 4042 7 14 1
2520 4041 21 15 ho
2550 4040 57 16 match
2618 4040 57 20 began
2688 4043 18 13 at
2719 4044 34 13 two

2319 4061 73 16 o'clock.
2415 4061 28 15 Mr
2451 4061 18 16 .7.
2479 4061 40 17 Win
2523 4061 47 16 brick
2580 4061 90 20 captained
2682 4067 31 10 our
2721 4067 21 16 op-

2319 4085 73 17 ponents
2400 4082 51 16 while
2459 4083 29 15 the
2498 4083 62 16 referee
2573 4088 34 10 was
2616 4088 11 10 a
2636 4083 58 19 player
2708 4083 44 17 from

2319 4103 111 16 Whakatane
2437 4103 3 21 ;
2454 4104 21 15 he
2484 4109 42 14 gave
2536 4106 34 13 two
2579 4103 67 21 grossly
2655 4109 58 15 wronij
2721 4105 20 16 de-

2319 4125 68 18 cisions,
2397 4125 42 15 each
2447 4130 44 13 gave
2501 4130 9 10 a
2519 4127 27 16 try
2555 4126 18 14 to
2581 4124 74 19 Matata,
2665 4125 51 17 while
2721 4131 32 11 our

2791 104 39 16 first
2843 106 29 18 try
2887 110 34 10 was
2938 104 102 19 disallowed.
3069 110 38 17 Sc\v
3110 119 7 10 r
3122 116 8 10 .'
3145 118 15 13 y

2789 125 69 20 players
2876 125 101 18 afterwards

2789 146 42 16 tries
2840 146 18 16 in
2867 146 45 16 their
2919 147 49 16 favor
2975 148 59 16 should
3043 155 29 13 not
3085 147 40 22 hiivn
3137 143 23 26 !!"'
3191 143 3 26 -

2789 167 73 17 warded.
2884 167 36 16 Th'e
2929 174 49 14 game
2986 170 52 16 ended
3047 172 34 17 Ma'
3089 179 20 13 .t,,

2788 193 32 10 rua
2831 190 16 15 3.
2871 189 26 15 As
2906 191 17 14 to
2931 189 28 16 the
2974 190 41 20 play
3029 197 30 12 our
3074 192 75 24 forward
3177 189 4 27 t

2788 214 77 16 superior
2874 212 17 13 to
2900 210 53 16 theirs
2961 211 30 16 but
3001 217 33 11 our
3038 214 49 17 back.*
3132 210 2 22 .
3143 210 2 22 :
3177 214 11 17 7
3189 215 6 10 e

2788 236 19 10 or
2815 230 73 22 playing
2897 231 52 16 much'
2959 235 30 13 nut
3003 234 17 15 of
3178 227 2 30 '
3189 227 3 30 1

2787 252 87 16 taiument
2882 252 18 16 of
2908 253 32 16 oiuf
2952 253 65 17 fellows
3031 256 22 21 by
3063 257 64 21 Mutata
3142 252 32 26 ix'I**'
3174 252 1 26 1
3177 255 17 11 **'

2790 273 92 21 rangitihi)
2891 279 35 10 was
2935 274 83 21 splendid.
3030 277 35 17 The
3072 280 41 17 hon«
3115 289 8 10 0
3130 278 22 22 i„'
3166 289 12 5 -
3179 272 8 15 :i

2788 299 26 11 we
2823 294 53 16 dined
2884 299 35 11 wa«
2932 301 11 9 a
2956 297 55 19 grand
3027 301 80 18 specimen
3123 311 9 9 0
3133 306 6 15 f
3153 294 32 27 aY'"'
3187 299 7 11 -1

2787 315 123 17 architecture-
2923 317 15 15 it
2945 322 34 11 was
2987 317 52 20 lately
3045 324 60 13 CDeupil
3112 325 40 12 l™.it
3163 331 5 6 ,
3184 315 9 15 ri

2787 337 30 15 the
2824 337 56 16 Maori
2888 337 56 21 King.
3122 332 10 15 y
3147 331 25 15 uh
3173 337 20 14 «N

2809 358 26 16 On
2844 358 79 21 Tuesday
2932 359 29 16 the
2970 360 38 16 30th
3015 366 25 11 we
3046 365 76 18 returned
3129 370 14 14 to
3147 370 16 14 V
3172 358 3 26 •

2787 381 19 13 tu
2815 383 33 12 wet
2857 380 76 20 through
2944 383 16 13 to
2969 381 28 16 the
3005 382 46 21 skin,-
3058 385 28 16 the
3093 388 37 16 only
3138 397 9 9 u
3149 380 3 26 ,

2786 403 40 13 sant
2834 401 34 20 day
2877 407 25 10 we
2911 402 32 15 had
2953 402 62 21 during
3024 404 29 17 the
3060 407 32 18 trip
3144 414 13 10 v

2786 422 65 16 several
2860 422 19 16 of
2885 428 33 10 our
2927 423 67 21 players
3005 430 30 10 wei
3039 432 8 10 e
3055 427 71 20 knocked
3133 421 59 28 aw'"

2785 444 45 19 good
2839 444 39 15 deil
2887 444 4 24 •
2900 445 46 15 these
2959 449 39 12 men
3011 448 48 15 stood
3071 454 28 12 out
3107 455 17 13 at

2786 465 34 15 and
2829 464 49 16 made
2887 470 31 11 our
2924 465 46 17 team
2979 473 10 9 h
2997 468 48 16 weak
3053 475 35 14 one,
3103 478 17 11 so
3132 477 31 14 thl

2785 491 41 10 won
2835 486 22 20 by
2865 487 41 19 only
2916 488 8 14 2
2933 487 61 21 points,
3005 489 33 15 viz.
3050 491 9 15 5
3067 484 39 26 to'o.
3128 496 20 11 to
3176 487 7 10 t
3183 484 2 26 '
3187 489 6 11 6

2785 507 52 20 again
2848 508 107 16 entertained
2963 509 47 20 right
3018 512 72 19 loyally.
3149 506 7 9 u
3162 506 12 11 *
3175 508 5 10 e
3182 506 3 25 '
3187 511 6 10 e

2808 528 26 16 On
2841 528 43 22 July
2893 529 33 21 2a£
2937 535 23 10 we
2972 536 43 10 were
3030 537 21 11 on
3067 535 28 16 the
3109 542 43 12 rm.v,.
3165 549 7 5 ,

2785 554 52 14 more,
2847 550 35 15 this
2890 550 41 16 time
2941 553 17 13 to
2965 551 25 16 Te
2996 551 53 19 Puke.
3072 555 18 17 ll
3091 562 26 12 ere
3128 565 12 11 w
3173 550 3 26 !
3177 550 2 26 '
3180 551 6 10 c
3187 553 5 11 '

2785 571 70 19 aged'to
2864 574 32 17 put
2904 576 22 16 up
2937 572 18 16 15
2967 574 62 19 points,
3040 576 9 14 5
3061 578 39 16 tiios
3107 582 18 13 to

2785 597 22 10 no
2815 592 50 20 goals
2878 593 51 20 being
2945 593 65 17 kicked.
3041 598 70 19 Against
3126 602 21 16 T-
3159 592 32 26 pT'

2785 616 32 12 Our
2824 614 52 16 backs
2883 614 88 21 regularly
2980 621 46 12 came
3034 610 32 23 ouF
3071 609 109 28 o'fthc-ir",/■>

2785 634 72 21 playing
2878 635 28 16 the
2918 636 37 16 best
2970 642 50 15 gam,
3032 639 19 15 ~f
3062 640 28 16 the
3107 645 37 15 tour
3165 630 26 30 t'

2785 656 60 19 passed
2857 662 9 10 a
2876 662 40 15 very
2924 658 76 19 pleasunt
3009 660 72 21 evening
3099 665 36 17 .vith
3144 659 28 24 \nr

2784 678 59 15 native
2851 678 33 16 and
2893 678 98 21 European,
3008 682 71 21 turning
3093 684 16 16 in
3124 688 44 17 ;.bout

2784 703 10 10 o
2801 699 52 16 clock.
3179 699 4 16 J
3186 706 5 4 -

2805 721 65 18 Friday
2879 721 29 15 the
2915 721 30 15 3rd
2953 727 35 9 saw
2996 727 20 11 us
3026 722 25 17 off
3057 725 17 15 to
3089 725 81 21 Tan'ras™

2784 744 41 20 play
2834 743 29 15 the
2872 745 44 13 most
2924 743 94 20 important
3025 746 56 16 match
3088 748 17 16 of
3113 750 26 16 the
3150 755 24 14 wi

2784 765 27 16 On
2828 764 29 15 the
2872 764 41 15 road
2940 769 24 10 we
2976 766 60 19 stayed
3055 769 17 14 at
3086 768 77 22 Mamieka
3174 761 16 29 f'

2784 786 57 16 lunch.
2871 785 36 15 The
2919 785 67 17 uatifes
3005 792 43 11 were
3065 794 40 17 very

2784 809 109 26 everywhere
2900 806 85 21 although
2993 807 41 21 they
3041 809 42 17 have
3089 811 37 17 been
3132 819 27 13 run
3163 823 28 12 vcrv

2784 829 48 15 short
2839 828 23 19 by
2871 827 29 16 the
2909 828 54 16 Maori
2978 828 49 21 King
3041 832 33 15 and
3088 833 25 16 his
3126 835 59 19 follower

2784 851 101 19 quartering
2894 849 102 16 tlieiiiselfes
3004 852 20 13 oh
3032 851 45 17 them
3083 854 92 22 wherevcrtli

2784 872 55 15 could.
2858 872 26 13 At
2895 870 87 17 Manueka
2991 877 24 10 we
3023 872 71 18 lunched
3102 875 16 16 in
3126 877 25 17 the
3156 868 33 28 tJ'

2784 892 56 16 Maori
2848 891 76 21 meeting
2933 892 52 16 hfttiso
2994 892 18 16 of
3022 899 33 15 any
3061 895 36 17 that
3104 897 8 15 I
3118 888 73 29 havesJ'

2784 913 18 16 It
2811 919 35 11 was
2855 913 46 16 built
2909 913 26 16 for
2944 913 66 16 Pokiha'
3017 914 64 22 (Major
3088 917 35 17 Pox
3126 913 2 25 l
3132 913 2 25 .
3153 922 19 16 I'h

2783 940 29 12 aire
2831 932 70 21 fittings
2916 934 28 16 for
2959 934 49 16 boots
3022 937 32 15 and
3071 941 91 19 receptacles
3173 931 18 29 f?

2782 956 66 16 clothes
2867 955 23 16 all
2905 955 65 16 aroiirtd
2984 956 28 16 tli6
3026 958 73 21 skirting
3111 963 15 14 to
3139 967 52 16 urcvc-it

2783 978 132 21 diffiguremtnt
2922 977 19 16 of
2949 977 29 16 the
2986 978 45 16 sides
3040 979 22 21 by

2782 1000 52 16 nails;
2853 999 36 15 The
2898 999 88 20 panelling
2994 1000 67 16 worked
3070 1001 18 16 in
3095 995 96 30 drfterent°de°

2782 1021 49 19 signs
2839 1020 35 15 had
2882 1025 10 10 a
2902 1025 40 15 Tery
2954 1021 92 16 handsome
3059 1026 97 18 appearance
3168 1019 23 28 anj

2782 1044 47 14 mu-t
2836 1042 45 16 have
2888 1041 52 16 taken
2949 1047 9 9 a
2966 1041 41 21 long
3015 1042 41 16 time,
3064 1046 17 13 to
3089 1045 51 19 linisli.
3159 1050 19 16 yj
3180 1041 4 26 r

2782 1068 36 11 rors
2827 1068 44 11 were
2878 1063 25 16 let
2908 1063 16 15 in
2934 1064 22 14 on'
2963 1063 40 16 each
3012 1063 36 17 side
3056 1065 18 15 of
3081 1066 28 16 the
3116 1063 44 24 door;
3166 1073 25 14 two

2783 1084 55 21 lamps
2845 1085 51 19 hung
2904 1084 45 15 from
2964 1086 29 13 the
3008 1084 73 25 ceiling;
3100 1090 59 19 against
3171 1094 19 15 t)..

2782 1106 66 16 central
2856 1105 73 21 upright
2937 1110 35 11 was
2980 1106 45 16 fixed
3039 1112 9 10 a
3059 1102 71 25 'portrait
3140 1113 15 15 of
3166 1114 24 17 Tv

2783 1127 56 16 wliiao
2847 1127 34 15 and
2890 1127 53 16 lower
2950 1127 49 16 down
3009 1132 36 11 was
3050 1134 9 10 a
3064 1129 46 17 clock

2781 1149 31 15 the
2832 1147 11 10 •'
2850 1148 48 20 right
3006 1149 101 22 Altogethor
3121 1153 13 16 it
3148 1160 27 11 was
3184 1150 5 7 =

2782 1170 59 20 gritty
2848 1169 55 21 sight,
2912 1169 58 16 rather
2978 1170 60 22 gaudy
3045 1171 17 15 in
3075 1173 44 17 color
3125 1175 26 17 but
3158 1178 32 16 clean

2782 1192 33 15 and
2823 1190 77 20 pleasiug
2900 1190 3 20 -
2911 1192 16 14 to
2935 1191 29 15 the
2971 1196 37 14 eye.

2803 1212 35 16 But
2847 1214 17 14 to
2873 1216 57 12 return
2940 1214 17 14 to
2965 1212 30 16 the
3003 1212 56 21 object
3070 1216 19 15 of
3095 1216 28 17 the
3135 1219 27 15 triii

2782 1233 66 16 arrived
2858 1233 18 16 in
2985 1239 21 10 on
3014 1234 65 23 Friday
3087 1237 52 21 night,
3150 1242 41 17 andia

2782 1255 29 15 tho
2819 1255 90 16 afternoon
2917 1255 20 15 of
2944 1255 29 15 the
2980 1255 90 22 following
3082 1259 32 20 day
3122 1251 68 29 th'o'Tuu.

2781 1281 55 15 rnnga
2845 1276 59 16 unlive
2912 1276 47 16 brass
2966 1276 46 16 hand
3021 1278 78 17 marched
3107 1285 29 12 our
3141 1282 33 21 toys
3179 1287 12 14 to

2781 1297 29 16 the
2819 1297 71 16 football
2900 1299 72 19 ground.
2996 1297 37 17 Tho
3041 1304 49 16 game
3098 1303 57 17 started
3161 1308 13 13 at
3185 1308 5 15 3

2781 1318 63 16 o'clock
2859 1319 61 20 sharp;
2948 1318 18 17 It
2983 1325 34 10 was
3031 1321 112 19 characterise!
3143 1315 4 29 5
3148 1315 1 29 ,
3159 1315 17 29 iy
3184 1334 7 10 a

2781 1340 78 20 splendid
2868 1340 67 21 display
2943 1346 21 10 on
2973 1341 29 16 the
3010 1344 39 17 part
3056 1343 18 15 of
3087 1349 29 11 our
3128 1344 63 21 forward,

2781 1361 70 16 inferior
2859 1362 43 15 back
2911 1362 40 21 play
2960 1362 33 15 and
3001 1362 34 15 had
3047 1363 45 21 luck,
3107 1367 16 15 to
3135 1372 25 16 say
3172 1370 9 15 t]
3181 1376 10 11 !e

2781 1382 42 16 least
2833 1383 18 15 of
2859 1383 64 15 several
2932 1386 43 13 most
2982 1384 77 20 peculiar
3066 1385 78 19 decisions
3148 1394 17 11 on
3171 1391 19 17 the

2781 1405 38 19 part
2828 1404 18 16 of
2854 1404 28 15 tho
2891 1404 69 16 referee.
2984 1405 108 21 Taurunga'n
3099 1409 34 15 first
3139 1412 23 16 'try
3167 1417 24 12 was

2781 1425 63 20 gained
2852 1425 24 22 by
2883 1426 57 15 Asher
2948 1426 45 19 (who
2999 1431 34 11 was
3040 1428 75 22 off-side)
3122 1430 69 19 following

2781 1452 23 14 up
2813 1447 28 16 the
2849 1445 34 17 bull
2893 1446 44 16 fr6m
2945 1452 10 11 a
2963 1447 37 16 kick
3010 1448 21 20 hy
3040 1450 31 15 One
3079 1451 18 15 of
3104 1451 25 16 his
3136 1452 33 18 side.
3180 1454 12 17 If

2781 1473 35 11 was
2824 1468 56 16 either
2887 1470 59 14 arrant
2954 1469 72 16 laziness
3033 1471 126 19 orcarelessneui
3164 1475 27 16 tbu'

2781 1489 71 16 allowed
2861 1490 46 15 them
2921 1490 29 15 the
2952 1495 15 11 in
2981 1493 17 13 to
3013 1496 46 12 score
3073 1492 27 16 for
3115 1499 27 11 our
3154 1496 38 18 backs

2781 1516 44 10 were
2893 1515 60 12 nearor
2960 1511 29 16 the
3003 1512 40 17 ball.
3066 1513 36 18 The
3116 1515 34 17 fust
3161 1519 31 16 sw-U

2781 1532 54 16 ended
2844 1532 95 21 Taurauga.
2947 1538 15 14 ;r,
2972 1531 77 19 liotorua
3057 1536 14 15 0.

2801 1553 22 16 In
2842 1554 31 15 tho
2887 1553 61 17 seiond
2963 1553 37 17 half
3015 1560 31 11 our
3061 1557 64 17 fellows
3144 1560 48 19 pinned

2779 1573 96 22 Tuuranga
2882 1575 18 15 in
2909 1575 44 16 their
2960 1577 27 18 2.3,
2998 1576 28 16 the
3035 1578 34 15 ball
3075 1584 34 10 was
3114 1579 35 21 only
3155 1586 37 14 away

2780 1601 46 15 once,
2837 1596 48 15 when
2895 1598 34 15 tw()
2937 1602 38 11 men
2984 1600 30 18 got
3022 1604 49 15 away
3087 1600 42 16 fiom
3143 1602 23 16 tho
3177 1604 14 15 25

2780 1617 34 16 line
2822 1619 35 14 and
2865 1618 76 21 actually
2949 1624 30 10 rati
2988 1619 29 16 the
3027 1620 53 17 whole
3087 1621 55 21 length
3151 1625 14 14 of
3171 1625 20 15 the

2780 1638 39 16 field
2832 1639 78 21 pausing,,
2921 1641 18 14 to
2954 1640 32 16 and
3002 1640 32 20 fro,
3051 1642 34 16 and
3093 1644 53 16 scored
3153 1649 8 11 a
3172 1647 19 19 try

2780 1661 55 14 which
2844 1665 37 11 w-.vs
2889 1666 10 10 a
2911 1660 107 17 rt£rit6'rious
3032 1668 37 11 one.
3092 1664 51 17 Three
3155 1666 37 17 times

2779 1685 32 11 cur
2819 1687 38 10 men
2865 1682 67 16 formed
2939 1687 66 12 scrums
3014 1684 59 17 within
3082 1691 10 9 a
3099 1686 40 20 yard
3146 1692 15 11 or
3167 1692 26 12 two

2779 1703 18 15 of
2805 1703 157 21 Taura.ngii's'goal
2970 1704 34 16 line
3012 1706 34 15 ami
3061 1706 44 16 their
3111 1708 56 17 referee
3178 1710 15 15 a'-'

2780 1724 68 15 warded
2857 1724 94 22 Tauraoga
2958 1725 35 16 free
3002 1726 53 19 kicks,
3065 1728 46 16 what
3124 1729 24 16 fur
3160 1735 33 12 none

2779 1745 18 15 of
2805 1750 21 11 us
2834 1745 56 17 know.
2921 1746 30 17 N#
2963 1748 61 15 ftoimer
3038 1748 28 16 did
3082 1755 30 10 our
3125 1750 68 19 forwards

2779 1771 49 12 move
2836 1767 30 16 the
2874 1771 64 13 fCruma
2946 1765 42 19 fhaii
2996 1769 30 16 tho
3033 1770 66 16 whistle
3108 1774 41 14 went
3159 1774 21 14 for
3186 1779 6 10 a
3209 1765 1 24 •

2779 1788 36 16 free
2822 1788 39 16 kick
2871 1788 4 25 ;
2883 1789 16 15 it
2908 1795 34 10 wus
2949 1792 44 13 moat
3001 1792 121 21 exasperating
3129 1788 3 25 ;
3144 1793 14 16 in
3165 1794 27 17 fact

2779 1809 47 16 there
2839 1814 36 11 was
2887 1813 28 13 too
2930 1811 51 15 much
2996 1812 68 16 whittle
3078 1814 93 21 altogether,
3184 1816 9 16 it

2779 1830 65 21 spoiled'
2850 1831 31 16 the
2888 1837 56 15 game.
2968 1832 22 17 6.
2999 1832 69 22 Dansey
3078 1835 37 16 who
3122 1835 54 21 played
3186 1842 7 10 a

2779 1852 44 20 good
2831 1858 51 15 game
2890 1858 34 11 was
2933 1853 60 16 within
3002 1859 10 10 a
3019 1856 43 19 yard
3069 1861 20 10 or
3096 1858 33 14 two
3136 1858 16 15 of
3158 1863 28 10 scor-

2779 1873 30 20 ing
2817 1879 41 10 once
2867 1874 31 15 hut
2906 1877 43 13 roost
2962 1875 99 22 unselfishly
3069 1877 21 16 he
3104 1879 56 19 passed
3172 1880 21 16 the

2779 1894 35 16 ball
2821 1896 34 14 and
2863 1894 71 23 Tapself
2943 1896 51 16 failed
3003 1899 17 13 to
3028 1899 40 14 take
3083 1899 19 16 it.
3132 1899 9 16 I
3155 1900 29 16 thor-

2779 1916 64 20 oughly
2852 1917 64 16 believe
2924 1920 25 13 w.i
2957 1918 61 16 should
3030 1919 43 17 have
3089 1920 47 17 twice
3149 1922 46 16 scored

2779 1943 20 10 on
2808 1938 28 15 the
2844 1938 35 15 liiiM
2887 1939 31 15 hut
2925 1940 28 14 for
2961 1939 28 16 tho
3005 1940 80 17 referee's
3095 1942 63 16 curious
3168 1943 15 15 de-

2778 1959 68 16 cisions.
2870 1958 105 23 Eventually
2984 1961 29 15 the
3028 1967 50 14 game
3094 1963 50 16 ended
3157 1963 27 16 Tuu-

2778 1985 55 15 ranga
2841 1981 15 18 8,
2866 1981 78 16 Kotorua
2953 1983 15 14 0.
2991 1982 37 16 The
3036 1984 74 21 evening
3118 1986 52 19 passed
3176 1986 17 16 off

2779 2005 40 18 very
2827 2002 72 21 jovially
2908 2003 41 16 with
2958 2005 11 14 a'
2975 2005 94 20 gathering
3077 2006 18 15 of
3104 2007 36 14 both
3149 2009 44 14 teams'

2778 2026 17 13 at
2801 2028 11 11 a'
2819 2024 58 15 smoke
2885 2027 19 13 CO
2907 2030 8 9 ii
2918 2027 35 13 cert
2956 2025 18 15 in
2981 2025 29 15 tho
3016 2025 114 21 Temperance
3139 2024 3 22 i
3146 2028 30 16 fall.

2937 2075 107 23 TAUPO.

2809 2131 64 21 [FROM
2885 2136 41 13 OUIt
2939 2136 45 14 OW.V
2992 2136 161 16 COltßlisroXDEN'T

2799 2158 37 17 The
2843 2159 58 16 rabbit
2909 2161 85 19 inspector
3005 2162 41 20 paid
3062 2168 19 10 us
3096 2169 10 9 a
3121 2165 36 15 visit
3169 2165 24 17 last

2778 2181 45 15 week
2834 2181 33 15 and
2876 2183 67 18 reports
2949 2182 38 16 that
2995 2183 28 16 the
3030 2184 115 19 rod.eptsliftvo
3152 2178 41 25 fomid

2778 2201 44 16 their
2832 2207 37 15 way
2877 2202 37 16 into
2922 2203 29 15 the
2959 2203 73 17 district.
3056 2204 25 17 To
3093 2212 49 15 provo
3155 2208 11 15 it
3179 2208 16 16 he'

2778 2223 38 15 shot
2824 2229 10 9 a
2842 2225 60 19 couple
2910 2224 33 16 and
2952 2229 44 16 guve
3010 2226 46 15 them
3071 2230 18 12 to
3103 2233 11 10 a
3127 2229 68 17 resident.-

2778 2244 18 16 It
2803 2245 14 15 is
2827 2247 17 13 to
2853 2245 21 15 be
2883 2245 54 18 hoped
2945 2246 42 21 they
2996 2248 33 15 will
3039 2250 30 14 not
3082 2254 77 12 over-run
3173 2251 20 16 the

2777 2265 67 16 district
2852 2267 67 21 as'they
2928 2268 43 15 lVave
2978 2269 18 16 in
3005 2274 51 16 mauy
3065 2270 49 16 other
3123 2271 54 21 places.

2799 2287 37 16 The
2843 2288 81 20 shooting
2935 2294 58 11 season
3008 2290 15 16 is
3037 2296 39 11 now
3091 2297 45 12 over.
3162 2293 32 16 T-.vo

2777 2311 78 18 separate
2864 2309 43 16 local
2915 2311 63 19 parties
2991 2312 46 15 went
3050 2316 29 12 out
3095 2313 26 16 for
3135 2319 10 10 a
3158 2315 36 15 week

2777 2330 47 16 each.
2848 2330 36 16 The
2899 2331 38 16 first
2949 2334 51 19 party
3015 2333 34 16 hud
3065 2334 31 15 but
3110 2335 84 17 ihdiffereit

2778 2351 38 15 luck
2827 2352 53 16 ducks
2887 2352 53 21 being
2948 2353 44 17 their
3005 2355 84 20 principal
3102 2356 33 21 bag
3167 2358 27 15 The

2777 2373 50 15 other
2835 2375 51 19 party
2895 2379 44 12 were
2947 2378 51 13 storm
3003 2373 4 22 -
3011 2375 56 17 bound
3073 2382 22 10 ou
3102 2378 28 15 tin:
3137 2382 57 13 western

2778 2394 35 16 side
2821 2395 18 15 of
2847 2395 30 15 the
2886 2395 37 17 lake
2931 2396 34 16 and
2974 2397 16 15 in
3000 2397 29 16 the
3037 2399 74 20 evening
3119 2401 59 15 created
3188 2407 7 9 »

2778 2415 24 16 bit
2811 2416 18 15 of
2837 2422 10 9 a
2855 2417 50 19 panic
2914 2417 23 21 by
2945 2417 52 21 firing
3005 2419 25 15 off
3038 2419 45 16 their
3091 2425 44 14 guns
3149 2422 15 15 in
3177 2426 18 11 nr.

2776 2436 31 16 der
2815 2440 17 12 to
2841 2440 30 17 pet
2887 2444 10 9 a
2910 2439 80 16 boatman
3007 2442 17 13 to
3039 2443 31 17 put
3086 2441 45 16 them
3145 2448 49 11 acro.«.

2778 2458 54 21 Many
2841 2459 77 20 thought
2925 2465 11 11 a
2943 2460 91 17 first-class
3042 2462 94 21 shipwreck
3147 2469 30 11 was
3182 2464 12 15 in

2777 2483 88 17 progress.-

2799 2500 18 17 it
2825 2502 82 16 lias'been
2914 2501 68 18 tiotieed
2989 2504 76 21 recently
3077 2505 39 16 that
3128 2507 26 15 the
3167 2507 28 16 like

2778 2522 35 16 will
2829 2523 114 22 occasionally
2963 2525 31 15 fall
3013 2526 33 15 and
3065 2526 33 16 rise
3116 2528 79 16 somewli»t

2778 2544 69 21 quickly
2856 2545 55 16 which
2919 2545 15 16 iij
2942 2547 84 19 suppo-ed
3034 2549 18 14 to
3060 2547 20 16 be
3089 2548 37 16 duo'
3134 2552 15 13 to
3161 2555 23 10 son
3189 2554 6 11 e

2778 2565 75 16 Volcanic
2862 2568 95 15 riiOvement
2970 2568 18 15 in
3003 2566 28 18 the
3046 2570 57 16 centre
3119 2571 16 15 of
3149 2571 46 15 T.iuto'

2778 2586 70 17 Moana.

2800 2608 37 16 The
2849 2608 65 22 wintry
2924 2610 77 18 feather
3014 2615 54 11 seems
3076 2613 18 14 to
3102 2613 42 16 have
3151 2616 22 13 set
3184 2613 11 16 in

2779 2629 17 16 in
2805 2631 74 19 earnest,
2888 2636 19 10 r.s
2920 2631 81 16 Tauharu
3015 2632 32 16 had
3060 2638 10 10 a
3083 2634 51 17 white
3147 2641 28 14 cup
3185 2640 10 10 a:

2779 2650 29 16 the
2816 2651 31 15 end
2857 2653 19 14 of
2883 2653 29 14 the
2921 2654 46 15 week
2976 2653 32 16 arid
3016 2659 22 10 on
3047 2653 70 24 Sunday
3126 2657 26 15 the
3163 2656 24 16 Kai-

2778 2677 79 11 manawa
2866 2678 44 11 were
2917 2679 10 10 a
2941 2677 58 18 pretty
3015 2676 48 19 sight
3074 2677 18 15 in
3109 2678 28 16 the
3151 2679 21 14 Lu'
3179 2678 16 15 -bt

2778 2693 84 18 sunlight.

2799 2714 52 16 From
2860 2715 83 17 Tokafiiito
2951 2719 25 14 we
2984 2717 41 16 hoar
3033 2719 82 21 whispers
3133 2721 16 16 of
3164 2720 32 16 Gold

2779 2738 107 18 prospectors
2897 2737 53 21 doiiig
2961 2739 52 21 fairly
3022 2740 44 23 well,
3074 2742 34 16 and
3117 2742 36 16 that
3161 2743 30 15 tlios-

2779 2757 18 15 of
2805 2758 29 15 the
2842 2758 92 17 Tarawera
2942 2760 69 20 locality
3025 2761 44 16 have
3084 2763 53 16 found
3150 2770 9 9 a
3172 2763 25 16 ra-i

2780 2779 103 16 somewhere
2891 2780 19 16 in
2923 2782 33 16 the'
2967 2781 129 19 Kaimanawas.
3121 2785 16 15 It
3154 2784 43 16 would

2779 2800 21 15 lie
2808 2805 10 10 a
2894 2802 58 20 thing,
2961 2803 27 16 for
3003 2803 29 16 the
3048 2805 54 17 whole
3117 2806 61 16 district
3189 2806 8 14 it

2780 2821 47 16 these
2967 2830 44 10 were
3018 2825 106 23 thoroughly
3137 2833 59 10 sui-ce.-*-

2779 2842 32 17 ful.
2842 2843 114 23 Prcppecrthg
2978 2846 31 15 lias
3021 2847 35 15 also
3069 2848 41 16 been
3124 2850 49 19 iroin<?
3183 2853 14 11 oa

2779 2864 27 16 for
2823 2864 47 16 soihe
2884 2866 42 17 time
2939 2872 20 11 on
2974 2867 29 16 the
3015 2867 79 19 Westeiui
3108 2871 34 15 side
3150 2871 15 14 of
3178 2869 19 16 the

2779 2885 47 21 lake,:
2832 2890 18 11 as
2860 2887 29 16 the
2994 2888 70 23 already
3072 2892 89 19 published
3173 2891 24 15 will

2779 2906 53 20 show,
2841 2909 35 15 and
2886 2909 57 17 where
2951 2909 47 18 tfiero
3011 2915 30 11 are
3053 2907 77 21 "'traces''
3140 2918 22 10 we
3169 2916 28 16 may

2779 2928 44 20 hope
2832 2928 27 16 for
2874 2932 99 20 something
2988 2936 46 11 more
3048 2934 84 20 tangible.
3161 2933 35 16 With

2779 2954 10 10 a
2797 2949 82 21 goldffeid
2888 2957 22 11 on
2919 2958 33 10 one
2961 2953 46 15 hand
3015 2954 33 16 and
3058 2956 28 14 tlm
3100 2956 30 16 hot
3141 2954 56 18 mineral

2780 2973 62 13 waters
2850 2974 34 15 and
2893 2974 109 20 phenomena
3010 2979 20 10 on
3041 2975 28 16 the
3077 2977 55 19 other,
3145 2981 44 12 crown-

2780 2991 19 16 ed
2813 2993 43 15 with
2872 3000 9 10 a
2897 2995 35 16 fine
2950 2996 72 19 bracing
3036 2998 67 16 climate
3118 3004 23 10 we
3156 2997 42 17 miirlit

2780 3013 38 15 well
2834 3014 45 22 hope
2893 3016 29 17 for
2938 3017 78 19 brighter
3030 3018 43 21 days
3090 3018 108 20 commercially

2779 3034 27 15 for
2815 3034 160 23 Tapuwaeharuru,
2985 3038 33 16 and
3026 3040 37 15 that
3071 3045 53 16 many
3131 3041 59 19 footstep-

2778 3059 41 17 may
2828 3057 21 16 be
2856 3058 53 16 heard
2919 3059 71 17 therein.

2802 3077 58 18 When
2869 3080 29 16 the
2907 3080 76 21 analysis'
2990 3081 14 15 is
3012 3082 49 16 made
3069 3083 19 16 of
3096 3083 28 16 the
3137 3083 60 16 Rotorus

2779 3098 72 18 mineral
2861 3104 54 14 water
2921 3102 50 16 could
2980 3104 31 14 not
3025 3103 48 17 those
3089 3105 17 15 of
3119 3104 55 21 Taupo
3185 3104 12 14 t:

2779 3120 72 17 treated.
2884 3121 57 18 Those
2955 3123 110 18 intererested
3079 3126 56 16 would
3148 3125 50 19 readily

2779 3141 71 19 provide
2858 3144 75 20 samples
2941 3145 36 17 and'
2982 3146 42 15 send
3040 3147 45 15 them
3095 3150 16 13 to
3124 3153 33 15 any
3168 3152 22 10 ana-

2781 3161 34 20 lyst
2828 3164 39 15 who
2882 3170 40 16 may
2935 3165 22 17 ba
2971 3167 69 16 dboseti.
3071 3168 60 21 Stirely
3140 3170 25 14 tiio
3177 3168 14 15 im-

2778 3186 83 16 ports,iee
2868 3186 18 15 of
2892 3186 36 16 this
2937 3189 62 14 damiot
3007 3189 20 15 be
3035 3189 28 16 too
3070 3189 63 22 highly
3140 3189 58 19 thmiglit

2779 3204 23 22 of,
2811 3207 34 15 and
2853 3212 40 10 now
2902 3208 40 16 that
2950 3209 29 19 the
2987 3212 63 14 matter
3058 3210 31 16 has
3102 3212 41 16 been
3156 3211 42 15 befors

2779 3225 107 18 Parliament
3047 3233 55 15 svould
3110 3233 21 15 do
3146 3232 34 16 well
3189 3234 9 13 to

2779 3247 32 16 stir
2818 3249 76 18 himself.

2801 3269 66 22 Taupo,
2877 3271 48 20 July,
2936 3274 32 17 G,-1
2972 3274 36 15 SOS.

1239 35 59 23 tils
1325 31 58 27 koT
1410 37 93 20 lakes
1533 36 172 26 chronicle,
1733 38 191 23 Wednesday,
1954 40 73 20 july
2056 37 17 25 b',
2092 41 49 18 is%

123 224 56 16 NEW
191 224 207 16 ZEALAND-iiimiwd.

110 261 12 7 j,
124 260 101 15 u)ruoi':D
238 260 92 15 ma'Aiii
339 251 70 24 i/iavC

161 322 93 22 Tuesday,
263 321 46 22 July
323 321 14 18 7,
355 320 9 15 5
373 324 45 16 p.m.

113 364 49 15 FOR
172 363 44 15 auU
224 366 5 12 l
239 363 64 15 ■li.-.Uis
315 361 78 15 I'OKl'b.

36 399 99 15 Takattjna
142 404 52 15 every
203 398 76 20 Monday

36 420 131 18 Maiiinapua
175 425 56 17 every
236 418 104 21 Thursday.

35 458 92 16 Auckland
134 457 67 16 Branch
253 455 55 16 Pahnt
308 454 3 20 j
314 459 45 11 r.>i««!:
372 454 49 14 -Biiilil

189 525 123 60 ISI%

187 572 117 15 BatSaSsssM

37 600 161 46 Huddart,
224 599 111 19 PARKER,
356 596 54 18 AND
431 593 32 21 do

199 622 108 24 (limited),

59 670 96 23 Splendid,
164 668 163 24 Well-appointed
332 668 94 17 Steamers
431 666 39 17 will

35 694 23 18 be
67 693 115 22 despatched
189 693 49 17 from
247 694 119 16 Auckland,
376 696 20 11 as
410 689 61 18 under

35 717 90 23 (weather
141 716 38 17 and
197 716 55 17 other
268 715 143 18 circumstances
426 719 33 15 per-

35 740 85 22 mitting')
128 744 28 12 :

35 764 42 17 Foil
83 762 135 20 GISBORNE,
225 760 105 20 NAPIER,
336 759 117 18 WELLING-

56 786 58 20 TON,
125 785 158 19 LYTTELTON,
294 785 14 16 &
318 782 127 20 DUNEDIN,

36 810 115 17 Tasmania.
160 807 12 21 ..
179 809 108 19 sTuesday,
294 807 47 21 July
349 807 26 19 14,
385 807 20 16 12
412 811 57 11 noon.-

36 834 101 18 Anglian,
146 832 102 18 Tuesday,
262 830 47 23 July
317 831 28 17 28,
357 830 20 16 12
389 834 56 12 noon.

162 877 51 18 FOR
228 872 111 24 SYDNEY,

80 901 115 23 (Returning
207 903 21 15 to
236 899 99 18 Auckland
344 898 79 23 Direct.)

35 924 94 23 Currying
148 924 114 22 Passengers
282 924 30 16 for
333 922 135 18 Melbourne,-

46 948 54 18 other
105 949 132 16 Australian
244 947 72 19 PortSj
323 945 37 17 and
365 945 91 19 Holaht,

38 978 100 19 Anglian,
144 989 27 4 ...
180 976 104 19 .Monday,
301 974 46 21 July
365 974 49 20 13,4
421 978 47 16 p.m.

36 1001 115 16 Tasmania.
160 997 14 22 ..
183 999 106 19 .Monday,
304 997 45 22 July
363 997 27 19 27,
400 997 10 15 4
422 1001 45 16 p.m.

59 1027 32 17 All
99 1026 75 17 Tickets
181 1032 31 11 are
221 1025 91 17 available
322 1024 38 17 ulso
374 1023 30 18 for
412 1023 45 21 Stop-

36 1056 45 11 over
89 1055 21 12 or
118 1050 71 17 Return
203 1049 26 18 bv
241 1048 55 18 ANY
410 1046 37 17 CO.
457 1046 12 17 S

37 1072 140 21 STEAMERS,
188 1067 34 22 ami
231 1072 75 17 holders
315 1071 20 17 of
343 1069 66 18 U.S.S.
426 1069 43 17 Co's

37 1096 74 18 Tickets
132 1101 43 16 may
192 1095 60 17 travel
268 1095 26 22 by
315 1093 116 18 ANGLIAN
449 1098 21 11 or

36 1119 139 17 TASMANIA.

133 1148 22 17 L.
169 1148 23 16 D.
202 1147 109 17 NATHAN
325 1146 13 16 &
352 1145 45 20 CO.,

363 1169 80 19 Agents.-

39 1234 291 47 Ehrenfriecl
346 1233 121 46 Bros

182 1290 143 23 BREWERS,

116 1323 109 19 ALBERT
240 1321 148 24 BREWERY,

59 1354 217 24 QUEEN-STREET,
292 1352 156 21 AUCKLAND

57 1407 68 16 WINE
138 1407 50 16 AND
200 1406 33 16 MM
240 1404 40 20 I;IT
290 1404 154 20 MERCHANTS,

77 1435 123 16 BOTTLERS
212 1434 51 15 AND
279 1432 144 20 IMPORTERS,

120 1458 27 17 ■l3,
163 1460 58 12 QUKEN
224 1458 4 17 -
232 1460 63 11 &TEKKT
311 1458 68 12 WIIABI'.

127 1508 51 11 TlilZß
189 1507 60 12 MEDAL
260 1507 35 12 AND
306 1505 71 12 AWAP.D3

34 1531 24 15 At
68 1529 27 17 the
111 1529 89 16 following'
217 1528 112 16 Exhibitions
346 1528 25 15 for
379 1533 31 10 our
419 1527 37 16 well-

130 1551 61 15 known
206 1550 44 16 Bulk
260 1550 33 15 «nd
302 1548 68 16 Bottled

146 1571 48 17 ALE
206 1571 51 16 AND
268 1570 87 17 STOUT:

36 1600 68 20 Sydney
113 1597 125 18 Intfiiiiirior.iil
247 1598 107 17 Exhibition,
366 1598 46 16 IS7O.

35 1621 102 16 'Melbourne
146 1620 125 16 Inteninticniil
278 1619 108 17 Exhibition,
397 1619 67 15 ISBO-S1

36 1639 42 19 J,'c\v
87 1642 73 16 Zealand
168 1640 206 18 IndiiMiiitlExhibition,
378 1639 77 21 Welling-

79 1667 35 15 ton,
126 1663 47 16 ISSS.

36 1685 43 16 New
98 1684 75 16 Zealand
188 1684 32 16 and
235 1684 53 16 South
302 1683 40 15 Seas
358 1682 108 16 Exhibition.

78 1706 87 16 Dnnedin.
177 1707 5 14 I
188 1707 67 14 SS'-i-90.

36 1728 20 15 In
66 1728 77 15 addition
152 1729 17 13 to
179 1726 53 16 above
240 1727 43 15 have
301 1726 41 16 been
358 1724 78 17 awnided
450 1726 17 14 at

78 1749 106 15 Taf-mnniun
215 1747 109 19 Exhibition,
351 1746 115 19 Luunceston,

80 1771 80 15 1891-92.

121 1799 59 18 FIVE
191 1800 71 17 FIRST
278 1797 105 19 AWARDS

236 1827 33 11 FOR

45 1841 69 20 Xt'lK
125 1842 111 18 BOTTLED
250 1842 59 17 ALES
326 1842 50 16 AND
394 1841 75 17 STOUT

229 1864 48 18 Also,

123 1886 251 33 CHAMPIONSHIP

66 1928 65 23 Gold
144 1928 86 23 Medal
241 1928 27 22 of
278 1926 165 24 Australasia

141 1968 71 12 AGAINST
224 1967 98 12 ALLCOMERS
332 1967 31 12 FOE

40 1997 90 25 15ULK
144 1999 69 23 AND
232 1997 145 24 BOTTLED
392 1998 65 22 ALE

127 2051 73 19 Having
209 2056 10 10 a
229 2050 57 20 Large
295 2050 51 16 Stock
355 2050 17 15 of

147 2082 48 16 ALE
207 2081 51 17 AND
271 2081 82 20 STOUT,

39 2117 69 16 Bottled
116 2116 18 15 in
142 2118 51 18 qiinrt
202 2116 34 15 and
251 2116 39 20 pint
303 2116 67 16 hottlo\
386 2114 82 21 specially

36 2138 68 16 Viewed
113 2138 27 15 for
148 2136 3 19 1
155 2138 22 15 lie
186 2142 73 10 summer
268 2137 54 18 trade,
332 2136 54 16 which
395 2142 28 10 arc
429 2141 39 11 now

37 2159 104 19 thoroughly
150 2158 84 18 matured,
247 2163 31 10 can
292 2157 42 16 with
349 2163 51 15 ever}'
413 2157 44 16 confi-

35 2180 52 16 dence
98 2179 107 16 recommend
221 2184 46 10 siime
283 2181 17 13 to
315 2183 118 11 connoisseurs
449 2183 19 11 as

35 2201 60 16 second
104 2204 18 13 to
130 2206 45 11 none
184 2201 16 15 in
211 2201 29 15 the
248 2200 72 20 Colony.

286 2270 37 14 ITP>

194 2324 6 11 v
312 2321 10 14 )'

73 2345 69 14 TRADE
367 2341 66 16 STARK.

190 2460 55 19 ASK
262 2459 53 19 FOR

36 2512 160 46 HAN
212 2510 254 45 COCKS'

160 2584 181 20 CELEBRATED

214 2636 87 32 nix

146 2696 39 42 A
203 2695 38 43 L
255 2695 38 43 E
313 2695 43 50 S,

165 2766 57 13 MADE
231 2766 55 13 FROM
296 2765 41 14 TIIE

41 2801 114 35 FINEST
182 2805 87 31 mil
290 2804 64 31 AND
371 2803 95 37 HOPS,

229 2855 42 13 AND

75 2893 52 12 2-iacK
140 2892 55 13 prom
207 2892 39 13 all
259 2892 127 13 antiseptics
399 2892 25 13 ok

142 2918 138 14 DELETERIOUS
298 2918 64 14 ACIDS.

40 2984 138 31 CAPTAIN
200 2984 82 31 COOK
301 2979 167 41 BREWERY,

140 3027 191 19 NEWMARKET.

38 3078 179 23 AUCKLAND
237 3078 52 22 and
306 3077 161 23 WAIKATO

180 3104 141 22 AGENCY-

48 3139 56 18 Near
114 3139 91 19 Catholic
215 3138 87 23 Church,
315 3137 135 20 BOTORUA.

138 3192 44 20 TVJ
215 3191 110 21 C7TT

139 3211 11 13 A
171 3218 13 6 A.
257 3214 12 10 M.
290 3210 13 14 %.
311 3214 41 10 jSa/ra*.
362 3216 38 8 *****
410 3213 11 11 r'

36 3250 256 34 BEDSTEADS,

191 3285 278 31 MATTRESSES,

228 3319 57 18 AND

54 3345 184 25 Household
269 3344 181 26 Furniture.

124 3398 48 46 S.
191 3398 192 54 Dando,

86 3464 211 26 Commission
312 3464 109 31 Agent.

143 3521 81 23 FOE
247 3521 114 23 SALE-

41 3572 119 43 I)LANT.
166 3573 22 18 in
196 3574 93 24 working
296 3573 58 19 order
362 3573 20 18 in
391 3573 76 25 Taupo,

64 3598 13 9 x
106 3599 122 25 comprising
236 3607 33 10 :

40 3634 11 16 i;
62 3631 110 24 Launches,
184 3639 37 12 one
229 3634 62 23 large,
301 3639 36 13 one
346 3633 64 22 small,
419 3633 49 19 with

66 3657 49 23 fuel,
129 3660 22 16 HO
162 3659 45 18 cord
217 3660 20 18 of
247 3659 62 22 wood,
323 3665 26 12 on
356 3659 65 18 hand.-

61 3683 79 24 Sailing
149 3683 67 24 Bouts,
227 3687 39 17 two
276 3687 35 16 ton
320 3685 55 18 <ach.

40 3712 10 15 •\
62 3709 85 25 Pulling
156 3709 61 19 Boats
227 3711 40 18 Mid
276 3717 54 18 gear.

40 3735 71 19 House
135 3734 39 19 and
308 3737 42 17 r'.o
369 3736 99 25 goodwill.

65 3760 93 24 Leaving
168 3767 23 12 on
202 3765 81 15 account,
292 3763 19 17 of
323 3762 75 19 iiealth.

163 3786 84 18 TERMS
260 3787 86 19 CASH.

39 3835 79 26 Apply,■

63 3868 90 19 Rickitt
164 3867 14 18 &
188 3866 78 22 Ajiams,
275 3867 83 25 Agents,
365 3868 77 26 Taupo.

77 3901 27 15 or,
117 3892 85 20 Geojsok
212 3892 94 24 Earpkr,
316 3894 112 19 Auckland.

111 3943 24 23 A
150 3942 114 24 SOCIAL
277 3930 115 39 LAiCE.

36 3995 120 26 YJ<Y.F.JtY
167 3994 98 20 Saturdfv
276 3995 60 24 night
343 3996 20 17 in
373 3995 95 20 Pukeroa

105 4021 58 20 Hull.
179 4022 30 18 On
219 4020 38 19 heJi
275 4021 15 17 If
300 4021 21 17 of
328 4020 58 20 Baud
393 4021 75 20 Eunds.

76 4052 128 19 Gentlemen
217 4052 26 16 Is.
271 4050 78 19 Ladies
362 4050 63 19 Ehee.

188 4082 19 17 J.
219 4081 33 19 W.
263 4080 126 24 WEBBER,

334 4106 54 16 Hon.
400 4107 41 15 Sec.

529 103 119 24 PUBLIC
667 103 218 23 SCHOOLROOM.

656 155 107 18 GRAND

506 185 91 21 vocal
611 186 60 19 and
686 183 229 23 Instrumental

793 223 90 25 I^Tjkri

494 226 262 47 HUH

504 285 25 19 Ik
541 286 34 18 aid
586 287 20 17 of
619 286 34 18 the
664 286 87 25 Library
767 285 40 19 and
821 284 96 26 Reading

638 312 65 19 Room
713 311 66 19 Fund.

544 343 117 31 FRIDAY,
674 346 77 26 JULY
763 346 35 28 17,
813 345 67 25 1896.

520 381 26 18 TV
550 381 39 18 hen
600 389 10 11 a
621 381 80 26 Special
710 381 132 25 Prdgrnmine
852 379 41 20 will
903 379 25 19 be

493 407 113 24 presented.

547 440 148 23 Admission:
710 441 48 18 One
767 440 104 23 Shilling.

492 472 61 17 Doors
562 478 48 16 open
624 473 46 17 7.3D.
695 473 112 17 Commence
823 473 10 16 S
850 471 77 18 o'clock.

498 520 230 47 Blocker's
777 521 149 53 Dutefj

630 577 160 47 Coeoa.

494 674 138 31 Highest
642 675 125 25 awards
781 675 33 25 at
827 681 101 27 every

616 715 195 26 Exhibition;

527 757 64 25 The
603 757 98 26 latest
714 757 28 25 is
755 757 54 25 the
830 758 97 26 Cross

493 789 34 25 of
533 790 111 25 Honor
657 792 33 24 at
707 790 55 26 the

493 823 72 25 dam
574 823 189 26 Exhibition
773 823 91 31 1895,
872 824 55 25 the

491 855 130 32 highest
629 857 138 31 possible
776 858 117 24 awards

551 1004 115 25 Rotorua
680 1005 80 23 Town
773 1004 67 24 Soar
842 1012 15 15 a

492 1057 153 20 fIHENDERS
652 1064 35 13 are
696 1057 76 19 incited
783 1057 28 24 by
819 1058 34 18 the
864 1052 61 25 lioto-

500 1078 23 25 X
559 1090 38 12 rua
607 1084 66 19 Board
685 1084 31 18 for
725 1084 35 19 the
770 1083 87 19 erection
875 1084 21 18 of
914 1090 12 12 a

491 1110 90 19 two-rail
591 1110 40 19 and
640 1111 99 18 two-wirfe
749 1110 56 18 fence
816 1110 64 20 round
891 1109 35 20 the

491 1135 95 20 Football
596 1143 47 12 area
654 1143 24 11 on
690 1136 35 18 the
735 1135 101 20 Pukeroa.
859 1136 65 23 Posts,

490 1162 49 18 iMils
549 1162 41 18 and
600 1162 47 19 wire
660 1161 94 26 supplied
765 1160 26 26 by
810 1161 35 20 the
859 1162 66 19 Board

490 1195 25 11 on
527 1188 35 19 the
574 1188 85 24 ground.-

516 1214 51 19 Also
577 1215 31 17 for
617 1214 34 19 the
661 1214 86 18 erection
758 1214 21 18 of
796 1220 12 12 a
824 1217 46 21 post
885 1214 40 19 and

490 1240 108 19 three-rail
606 1240 57 19 fence
673 1240 65 19 round
748 1240 33 19 the
787 1241 79 24 portion
874 1240 41 19 late-

490 1266 20 23 ly
522 1266 80 19 cleared
612 1266 19 18 in
643 1266 33 18 the
687 1265 104 26 Cemetery
802 1264 94 22 Reserve.

490 1292 59 18 Posts
558 1292 41 19 and
609 1292 47 18 rails
676 1291 94 26 supplied
786 1299 26 12 on
828 1293 36 19 the
880 1294 45 23 spot

490 1318 26 24 by
527 1318 35 18 the
572 1318 73 19 Board.

516 1345 112 18 Tenderers
638 1347 19 16 to
668 1346 52 17 state
737 1344 54 25 price
811 1349 37 20 per
866 1345 58 19 chain

489 1371 40 18 and
540 1370 79 20 enclose
629 1376 12 13 a
650 1371 79 24 deposit
739 1371 21 18 of
772 1372 23 16 10
803 1377 36 18 per
847 1374 45 16 cent
900 1378 25 12 on

490 1397 34 18 the
534 1396 50 20 total
596 1400 81 15 amount
685 1397 21 17 of
714 1399 95 17 contract.
837 1397 88 19 Tenders

489 1425 20 16 to
517 1422 26 19 be
551 1421 108 20 addressed
669 1425 20 16 to
699 1423 34 19 the
741 1420 109 22 Chairman
861 1423 51 19 Roto-

489 1454 37 13 rua
536 1449 73 18 Board.

515 1475 89 19 Tenders
615 1474 52 19 close
678 1477 20 17 at
715 1481 54 13 noon
784 1482 25 12 on
826 1475 33 19 the
877 1475 47 19 loth

489 1501 82 19 instant.
600 1501 148 25 Specifications
758 1503 20 17 to
795 1502 24 18 be
836 1508 47 12 seen
904 1504 21 16 at

489 1526 35 19 the
536 1527 50 19 Post
598 1527 68 20 Office.

660 1554 22 19 C.
699 1553 143 23 MALFROY,

778 1580 116 19 Chairman.

543 1625 116 23 Rotorua
678 1626 81 23 Town
779 1627 91 22 Board.

490 1677 230 43 APPLICATIONS
731 1679 20 19 in
763 1679 81 25 writing
850 1686 33 12 are
892 1679 22 19 in-

561 1703 56 20 vited
638 1705 27 23 l>y
689 1705 34 19 tbo
744 1705 92 19 Rotorua
863 1705 61 19 Town

490 1729 68 19 Board
577 1729 31 19 for
628 1731 33 18 the
681 1730 106 20 combined
814 1731 64 19 offices
904 1731 21 19 of

490 1754 67 24 Clerk,
568 1754 117 26 Treasurer,
696 1757 60 19 Clerk
767 1757 21 18 of
796 1753 84 29 Works,.
887 1757 24 19 In-

490 1784 79 21 spector
579 1782 22 19 of
617 1782 113 20 Nuisances
748 1783 40 19 and
804 1783 120 26 Slaughteiv

491 1804 80 22 Jrottges.
600 1808 72 26 Solary
682 1809 41 19 £52
734 1816 36 18 per
779 1816 83 12 annum.
889 1810 24 18 Of-

489 1835 37 16 tico
536 1840 57 13 room
602 1835 69 21 found,
689 1835 74 19 Whole
774 1836 21 18 of
805 1835 119 25 applicant's

490 1860 48 18 time
550 1863 36 16 not
597 1863 20 16 to
628 1861 74 25 belong
711 1864 21 16 to
743 1862 34 19 the
786 1861 75 20 Boftrd.

517 1886 34 23 Or,
563 1886 68 19 Offers
642 1888 40 19 will
700 1888 25 19 be
744 1888 91 19 received
857 1891 20 16 to
896 1888 29 19 fill

490 1912 35 19 the
535 1915 93 22 separate
638 1914 65 19 offices
713 1914 21 19 of

520 1938 39 24 (1.)
574 1938 59 19 Clerk
643 1940 40 19 and
694 1940 115 19 Treasurer.

519 1965 39 23 ('2.)
573 1964 60 19 Clerk
644 1966 20 18 of
761 1966 38 18 and
821 1966 104 26 Inspector

543 1990 21 19 of
568 1991 113 20 .Nuisances
685 1992 40 19 and
733 1992 191 24 Slaughterhouses.

490 2016 86 25 Anyoiio
596 2015 87 27 offering
699 2018 31 19 for
752 2025 55 12 same
833 2022 24 15 to'
873 2020 51 18 state

491 2042 66 21 salary
567 2044 102 24 required.

516 2069 140 24 Applications
671 2070 103 25 enclosing
790 2068 135 22 testimonials

490 2098 54 15 mibt
556 2095 26 19 be
591 2095 108 20 addressed
715 2098 19 17 to
754 2097 34 18 tlie
808 2096 113 19 Chairmaji.

490 2121 93 19 Rotorua
591 2117 73 25 tsoard.
677 2122 39 19 and
727 2122 74 25 lodged
812 2128 25 13 on
849 2129 21 13 or
889 2122 24 20 be-

490 2145 43 20 fore
543 2142 142 29 Wednesday,
696 2148 35 18 the
744 2148 46 18 15th
801 2148 55 25 July,
868 2150 55 21 1800,

491 2173 40 18 and
542 2173 98 19 endorsed
801 2174 31 19 for

516 2199 43 18 The
582 2201 109 18 successful
711 2200 103 25 applicant
832 2201 32 19 for
889 2201 35 19 the

490 2225 106 19 combined
606 2223 65 22 offices
682 2232 22 12 or
713 2226 31 18 for
762 2226 45 18 that
823 2227 21 18 of
863 2227 61 18 Clerk

489 2251 39 18 and
539 2251 110 20 Treamrer
657 2251 41 20 will
709 2252 25 18 bo
748 2252 95 25 required
853 2256 19 15 to
882 2253 42 19 find

490 2283 12 12 a
512 2277 55 18 £IOO
580 2277 52 19 bond
643 2278 20 18 in
674 2277 82 20 himself
763 2279 126 24 guaranteed'
897 2279 27 24 by

490 2309 54 13 some
558 2303 90 26 Fidelity
664 2304 86 24 Society,
769 2304 38 18 and
828 2308 38 15 two
887 2312 24 18 ap-

489 2329 76 25 proved
584 2331 84 18 sureties
688 2331 21 18 of
727 2332 56 17 £IOO
803 2331 54 23 each,
884 2331 39 19 and

490 2357 55 17 mu>t
553 2355 26 20 be
589 2357 99 24 prepared
706 2359 20 16 to
744 2359 58 16 enter
821 2363 52 19 upon
892 2357 32 19 his

490 2381 67 19 duties
569 2382 71 19 within
652 2389 11 12 a
672 2382 56 19 week
738 2383 53 18 from'
800 2382 34 19 the
845 2386 68 22 accept-

490 2412 48 14 ance
550 2409 20 18 of
580 2408 31 19 his
621 2408 129 26 application.

516 2433 89 20 Further
626 2435 120 24 particulars
764 2434 21 19 of
804 2435 34 18 lite
857 2436 67 19 duties

489 2466 48 18 may
555 2460 26 19 be
603 2466 47 13 seen
669 2464 20 16 at
708 2461 34 18 the
761 2460 92 20 Rotorua
875 2462 48 18 Post

490 2486 68 19 Office.

771 2513 32 18 By
818 2512 78 20 Order.

518 2538 89 19 Rotorua
617 2535 61 22 Town
690 2535 73 27 Board,

544 2564 48 19 20th
602 2565 59 21 June,
675 2563 55 21 18061

494 2664 268 46 Clearance
811 2665 112 46 Sale

691 2745 38 20 BY

513 2794 169 44 PUBLIC
696 2795 207 44 AUCTION

691 2863 36 19 AT

491 2902 151 38 THE
698 2907 225 34 MART.

492 2978 63 46 At
574 2992 63 32 an
655 2980 138 55 early
807 2980 116 46 date

525 3101 141 25 Further
678 3101 194 32 particulars
891 3102 33 25 in

491 3133 107 26 future
618 3134 93 25 issue.

492 3239 46 45 J.
574 3239 59 46 EL
669 3239 251 46 TAYLOR.

946 3875 434 149 dfdasfas

1026 4031 62 28 £SO,
1105 4032 60 28 £lO,
1181 4033 57 28 £lO,
1256 4034 42 25 £5.

949 4061 64 19 Given
1023 4068 58 18 away
1091 4064 32 17 for
1133 4069 12 12 a
1155 4063 66 25 single
1229 4070 66 18 guess.
1328 4064 50 20 Send

949 4090 65 22 stump
1024 4087 32 20 for
1065 4088 121 24 particulars
1196 4090 40 18 and
1251 4090 94 19 circulars
1360 4094 19 15 to

947 4112 44 19 Lux
1004 4114 43 23 176,
1060 4113 22 24 P.
1082 4113 34 24 0.,
1130 4114 131 26 Wellington.

972 4206 101 39 Aek
1100 4208 71 37 for
1197 4208 264 40 Hancock's
1492 4210 274 38 Celebrated
1796 4209 190 39 XXXX
2021 4210 113 40 /lies
2162 4214 94 36 and
2282 4207 118 44 Stbu

2884 3319 35 18 DO
2938 3321 54 17 YOU
3010 3321 100 20 SUFFER

2882 3344 3 20 ,
2971 3344 49 18 from

2874 3365 78 19 LIVEI!
2963 3367 150 20 COMPLAINT

2904 3389 177 21 LNDIGESTIOX.

2900 3409 200 28 CONSTIPATION,'

2914 3436 87 17 lIEART
3005 3438 11 16 B
3022 3438 24 17 {'}
3050 3436 3 21 '
3060 3436 19 21 \,

2907 3458 177 22 FLATULENCE.

2778 3479 27 17 Or
2813 3486 38 16 nay
2860 3483 104 21 symptoms
2973 3486 19 14 ot
3002 3490 10 10 ii
3028 3484 107 20 disordered
3150 3479 16 25 <li

2775 3503 1 26 ;
2778 3503 38 17 tive
2825 3506 103 20 apparatus
2939 3511 6 11 .**
2959 3506 18 17 If
2985 3512 26 13 so,
3018 3507 52 18 their
3079 3509 16 17 is
3102 3516 24 10 no
3137 3507 60 22 reined)'

2778 3532 17 10 in
2806 3526 32 18 the
2847 3527 58 17 world
2915 3534 21 11 so
2945 3531 38 15 silt.,*
2998 3530 38 17 and
3044 3537 43 12 sure
3101 3536 20 13 to
3135 3533 38 16 five
3179 3536 18 12 ro*

2778 3549 33 17 lief
2828 3556 20 10 as
2870 3550 103 20 Fletcher's
2996 3553 47 18 Pills
3063 3555 38 17 and
3121 3547 78 26 Cfeiuei.a'

2777 3572 64 18 lonic.
2871 3573 60 18 Don't
2945 3575 24 17 ho
2987 3577 67 17 misled
3072 3579 41 17 into
3133 3578 64 20 wjistin.2

2831 3596 38 17 and
2877 3603 69 17 money
2954 3604 24 12 on
2987 3605 38 17 any
3030 3600 20 17 of
3063 3601 33 18 the
3194 3595 4 27 ;

2847 3622 97 16 nostrums
2957 3627 20 12 so
2992 3623 105 23 speciously
3108 3622 90 21 advertised

2776 3641 26 23 hy
2811 3642 103 24 designing
2917 3645 70 21 quacks
2996 3646 200 25 anddishonestroguos.

2777 3664 118 22 Remember,
2914 3668 53 17 these
2983 3669 38 17 tvro
3047 3671 90 19 remedies

2777 3688 55 17 stood
2840 3689 34 17 the
2882 3690 38 17 test
2928 3691 21 16 of
2959 3691 50 21 time,
3026 3692 43 18 that
3089 3695 50 17 their
3149 3693 47 19 merio

2777 3716 32 12 are
2816 3712 78 21 proved,
2903 3714 37 17 and
2949 3714 43 18 that
3000 3721 11 11 a
3020 3716 37 16 few
3073 3717 86 23 shillings
3177 3717 13 16 in-

2775 3735 66 19 vested
2856 3741 25 12 on
2897 3736 53 18 them
2963 3743 45 16 may
3022 3744 43 12 save
3084 3740 51 18 them
3150 3739 46 19 weci;

2776 3758 42 16 and-
2829 3759 78 17 months
2921 3760 21 17 of
2954 3761 96 23 suffering,
3067 3763 43 21 and,
3123 3764 72 22 pcrhii]»>.

2776 3781 75 21 pounds
2856 3783 21 16 of
2885 3781 86 24 eipensfi,
2982 3784 30 17 for
3020 3785 45 23 they
3074 3786 48 18 have
3131 3787 44 18 done
3185 3781 4 27 -

2776 3803 18 17 in
2804 3804 97 19 hundreds
2914 3812 19 11 ox
2950 3812 50 12 cases
3013 3808 38 17 and
3069 3815 28 11 wc
3114 3811 38 16 will
3164 3818 6 8 :■

2776 3832 44 16 yon,
2830 3828 87 18 evidence
2926 3831 21 15 to
2960 3835 57 17 prove
3030 3837 36 11 our
3074 3839 9 10 a
3087 3834 84 17 ssertions
3190 3828 2 24 -
3194 3828 2 24 :

2776 3850 71 23 receipt
2875 3852 20 17 of
2917 3858 48 16 your
2987 3859 56 12 name
3067 3856 38 17 and
3128 3850 67 24 addiv—•

2776 3873 117 22 Remember,
2905 3874 54 24 delay
2967 3876 16 17 is
2989 3876 112 23 dangerous,
3119 3880 37 17 and
3167 3873 28 26 i?''■

2776 3900 56 19 every
2844 3897 50 18 hour
2906 3904 39 16 you
2959 3899 76 23 neglect
3052 3907 48 16 your
3117 3908 40 13 case
3176 3900 18 20 th«

2776 3920 133 22 complication
2926 3922 90 18 increases
3031 3924 38 17 and
3086 3931 11 11 a
3115 3932 42 11 cure
3176 3930 20 11 i•-

2776 3947 61 13 comes
2850 3949 52 12 moro
2917 3944 85 19 difficult.
3028 3946 52 19 Shun
3099 3949 33 17 the
3152 3949 23 17 ch<
3185 3952 7 15 ■:

2776 3966 61 21 quack
2855 3966 74 19 doctors
2947 3968 36 17 and
3003 3968 101 26 designing
3124 3973 72 16 uostrau

2776 3990 148 23 compounders;
2950 3992 47 16 stick
3021 3994 20 16 to
3067 3995 14 16 t!
3091 3990 9 20 '<■
3121 3994 75 19 roneili«

2776 4012 95 18 Clements
2891 4013 59 18 Tonic
2968 4015 38 17 and
3027 4016 102 19 Fletchers'
3156 4017 39 18 Pill-:-

2775 4035 53 22 They
2841 4041 32 12 are
2886 4036 106 24 absolutely
3009 4040 87 20 genuine,
3109 4041 38 18 and
3162 4041 34 17 h::vi

2775 4059 70 21 proved
2853 4059 50 17 their
2912 4060 75 23 efficacy
2994 4061 19 17 in
3022 4062 96 19 hundreds
3124 4065 20 17 of
3159 4059 3 24 •

2775 4081 38 17 and
2821 4082 39 17 will
2869 4083 24 16 do
2902 4088 20 12 so
2929 4089 56 17 every
2991 4085 51 17 time.
3069 4087 51 22 They
3129 4093 30 12 are
3167 4093 19 10 s:
3192 4081 2 28 :

2775 4105 118 22 everywhere
2913 4106 37 17 and
2967 4107 55 18 made
3042 4109 44 23 only
3105 4111 26 22 by
3144 4111 20 17 F.
3177 4122 5 3 -
3182 4105 3 28 1
3187 4105 3 28 '

2775 4127 100 20 Clements,
2890 4129 47 18 New
2940 4131 37 16 tow.
2981 4137 15 11 .1,
3008 4131 88 17 Svdnov.-
