3218 4169
1197 30 58 21 THE
1268 31 57 20 HOT
1339 30 93 20 LAKES
1445 30 167 21 CHRONICLE
1622 31 193 24 WEDNESDAY,
1831 31 73 20 JULY
1935 30 4 25 ,
1958 34 35 17 189

2786 4007 80 19 Printed
2883 4010 39 17 and
2939 4010 103 22 published
3052 4012 26 22 by
3087 4012 21 17 F.
3118 4012 19 16 F.

2809 4033 21 16 at
2838 4032 33 18 tho
2877 4033 108 22 registered
2998 4035 89 22 printing
3096 4035 53 17 office,
3157 4031 19 19 Hfc

2809 4061 43 11 moil
2861 4056 65 21 street,
2935 4057 93 18 Hotorua.

2821 4094 177 24 WEDNESDAY,
3009 4097 69 19 JULY
3095 4099 16 19 S,
3127 4096 43 19 1596,

78 123 158 53 PURE
273 122 294 55 AERATED
612 122 288 52 WATERS.

190 257 45 19 One
250 257 22 19 of
289 257 33 19 the
332 256 117 20 nc-cess-ities
459 256 22 19 of
490 255 35 20 the
535 255 79 25 coming
623 255 76 20 Season
710 256 39 19 will
760 256 25 19 be

46 314 24 22 A
109 314 114 23 COOL
262 313 96 24 AND
399 311 331 25 REFRESHING
770 312 161 24 DRINK

71 369 141 19 TTntinctured
224 369 25 24 by
257 374 37 16 any
305 366 127 20 Deleterious
448 365 100 21 Chemical
559 366 137 24 Compounds.
725 366 18 18 A
753 365 59 19 drink
823 367 21 17 at
854 372 50 12 once

266 420 184 29 Exhilarating
471 419 51 24 and
539 419 166 30 Refreshing,

46 477 38 19 and
98 476 64 20 which
178 475 36 19 jrill
225 482 60 19 prove
295 482 12 12 a
317 475 119 23 preventive
445 474 24 19 of
475 474 117 25 Dyspepsia
609 475 38 17 and
664 474 28 19 ail
708 473 94 20 Internal
821 473 108 21 Disorders

73 503 87 19 Aerated
172 502 81 18 Waters
263 501 40 19 and
313 501 99 21 Cordials,
431 500 122 25 comprising
569 500 35 18 the
613 499 74 20 Purest
697 500 122 23 Lemonade,
837 500 35 20 the
883 500 46 21 Mos

46 529 102 20 Delicious
159 529 78 23 Grirger
245 527 45 23 Ale,
305 527 175 25 Highly-charged
499 526 53 19 Soda
562 526 20 19 Y\
582 526 7 7 r
592 529 49 21 ater,

301 577 378 37 XOLAKONE,

45 643 10 12 a
66 643 41 12 icv
116 636 149 25 Invigor.iting,
275 635 148 20 non-alcoholic
434 636 102 23 Beverage
546 634 4 27 ;
565 635 56 19 Lime
629 635 60 19 Juice
706 634 87 24 Cordial,
804 635 126 24 Raspberry,

44 662 139 25 Peppermint,
195 661 76 23 Cloves,
282 661 51 19 Pine
342 661 74 25 Apple,
427 661 40 19 and
478 662 75 18 Lemou
564 663 76 22 Sirups
650 661 38 19 and
708 661 135 24 Sarsaparilla
860 668 34 12 are
904 662 25 18 all

311 688 156 19 manufactured
477 694 26 12 or»
512 687 35 19 the
554 687 104 24 premises.

232 713 116 19 Lemonade
357 713 41 19 and
408 713 77 25 Ginger
494 713 44 23 Ale,
550 716 71 22 quarts
630 713 41 19 and
677 713 61 24 pints.

131 960 229 54 WHERE
393 962 82 52 TO
513 959 329 55 PURCHASE

425 1033 118 26 FROM

72 1086 34 42 A
146 1081 533 47 TTELL-ASSOBTED
706 1082 198 43 STOCK

459 1151 53 25 OF

45 1208 176 55 Lamps
504 1204 175 46 Cruets

285 1261 216 46 Brushes
745 1260 182 46 Knives

45 1321 191 44 Trunks
501 1319 187 54 Spoons

345 1376 154 45 Locks
689 1374 151 46 Forks

45 1435 181 45 Razors
498 1433 151 56 Trays

293 1490 208 56 Teapots
738 1490 189 44 Churns

77 1573 97 25 Lawn
199 1573 142 29 Mowers,
367 1572 92 30 Hoes,
485 1571 116 30 Rakes,
630 1571 129 31 Spades,
783 1570 112 31 Forks,

153 1630 55 25 AT
221 1628 198 27 GREATLY
438 1628 200 26 REDUCED
658 1628 160 26 PRICES.

120 1785 54 29 d.
230 1777 58 36 &
449 1775 399 46 DICEZET,

66 1839 80 22 (Fourth
156 1839 46 22 shop
211 1839 48 17 from
270 1838 100 23 Wolleslcy
384 1837 76 23 Street.)
516 1837 46 18 304
575 1837 20 18 &
607 1837 47 19 306
667 1837 105 23 QUEEN
786 1836 119 19 STREET.

46 1953 436 60 GEYSER
555 1952 372 59 HOUSE

74 2046 338 56 Hydropathic
435 2045 158 53 Hotel,
628 2043 269 47 Wairakei.

237 2111 36 18 Six
283 2110 58 19 juiles
350 2111 52 19 from
413 2110 56 19 Lake
479 2109 71 26 Taupo
560 2110 101 25 (Eotorua
670 2111 61 24 side.)

217 2168 180 26 SUPERIOR
418 2168 335 26 ACCOMMODATION.

242 2225 50 16 ALL
304 2225 52 16 THE
369 2224 135 19 COMFORTS
517 2224 31 17 OF
561 2225 16 16 A
590 2224 76 17 HOME
679 2225 52 17 FOR

287 2260 146 19 TOURISTS
450 2260 65 18 AND
529 2260 153 19 INVALIDS.

42 2339 65 25 Hot
132 2337 187 31 Swimming
341 2338 110 31 Baths,
477 2337 184 27 Kiri-o-Kai
683 2345 34 18 or
744 2339 80 25 £Tew
848 2338 80 26 Skin

118 2379 92 31 Bath,
223 2379 65 25 Hot
301 2378 130 26 Douche
445 2379 110 30 Baths,
576 2379 111 26 Grand
708 2380 145 26 Climate.

160 2419 170 26 Elevation
351 2419 91 33 1,350
462 2420 62 25 feet
537 2420 101 26 above
652 2427 54 19 sea
718 2421 93 25 level.

46 2469 194 23 COMPETENT
255 2469 121 23 GUIDES
391 2476 122 18 accompany
529 2469 83 20 tourists
627 2472 21 17 to
665 2471 34 18 the
720 2471 82 19 various
823 2471 67 25 places
908 2472 21 18 of

174 2496 89 20 interest,
273 2495 65 19 which
351 2495 58 19 baffle
419 2496 35 18 the
464 2497 52 17 most
526 2495 59 19 facile
595 2502 46 19 pen,
652 2497 41 18 and
710 2503 38 13 can
766 2497 47 24 only
834 2497 24 19 be
876 2497 42 19 real-

174 2521 43 19 ized
226 2521 59 19 when
294 2527 54 13 seen.

45 2587 411 23 CeYSGRVHLL6Y
470 2587 90 19 contains
576 2587 35 19 the
629 2587 105 26 following
751 2588 124 25 unequalled
885 2589 30 19 Na-

121 2613 55 18 tural
195 2612 90 19 wonders
307 2612 4 27 :
314 2613 150 22 —Tuhuatahi,
484 2620 23 11 or
530 2613 62 19 Great
616 2613 133 26 Champagne
766 2612 112 27 Cauldron;
894 2615 35 19 the

122 2638 62 19 Great
194 2638 105 19 Wairakei
309 2638 77 25 Geyser
394 2638 4 28 ;
411 2640 34 18 the
456 2639 86 25 Donkey
551 2639 92 26 Engine;
657 2640 35 19 the
703 2640 54 19 Bath
768 2641 21 18 of
798 2640 35 19 the
843 2640 85 26 Fairies;

120 2665 35 18 the
174 2664 114 24 Lightning
303 2664 64 24 Pool;
381 2666 35 18 the
433 2665 87 19 Cascade
536 2665 81 23 Geyser,
637 2673 22 12 or
676 2666 103 24 Dragon's
797 2666 84 24 Mouth;
894 2667 35 19 the

120 2690 65 19 Black
195 2690 88 24 Geyser;
298 2691 35 18 tho
345 2691 51 19 Mud
409 2692 87 23 Geyser;
511 2691 34 18 the
564 2691 52 19 Blue
633 2692 69 24 Lake;
713 2692 35 19 the
765 2692 32 19 Oil
816 2692 65 24 Bath;
895 2693 34 20 the

120 2716 82 24 Eagle's
210 2716 63 23 Nest;
286 2716 34 19 the
328 2717 77 18 Devil's
412 2717 72 19 Punch
492 2716 70 27 Bowl;
577 2718 35 18 the
619 2717 75 20 Prince
701 2719 21 18 of
730 2718 77 19 Wales'
816 2718 99 20 Feathers
924 2716 4 27 ;

121 2742 35 19 the
175 2742 73 19 Mirror
256 2749 5 17 ;
275 2742 35 19 the
329 2742 57 19 Twin
407 2743 88 24 Geyser:
510 2743 34 18 the
561 2743 58 20 Coral
637 2744 76 25 Geyser
721 2751 5 16 ;
741 2744 35 19 the
786 2744 65 19 Green
867 2742 60 27 Pool;

124 2768 126 19 Terekerehe
261 2775 22 12 or
301 2768 49 19 Hell
370 2769 87 25 Geyser;
480 2769 35 18 the
534 2769 67 19 Steam
621 2770 106 19 Hammer.
756 2770 84 19 Guide's
858 2772 32 18 fee
908 2775 21 16 to

122 2794 75 25 Geyser
207 2794 78 25 Valley,
297 2796 35 22 ss;
347 2794 89 20 distance
447 2796 51 17 from
507 2795 34 18 the
554 2796 61 23 hotel,
631 2794 4 25 1
649 2796 54 19 mile.

45 2854 99 22 TH6
163 2854 334 23 HROHTSHTSK
510 2860 21 13 °r
548 2853 81 20 Ladder
646 2855 85 25 Eapids.
769 2855 42 19 The
828 2855 101 21 Grandest

121 2880 77 24 .Rapids
209 2880 20 18 in
240 2880 35 18 the
284 2879 101 20 Southern
396 2880 147 25 Hemisphere;
557 2881 74 25 falling
647 2881 21 18 in
685 2881 32 19 six
736 2881 81 19 distinct
836 2883 93 19 cascades

122 2907 93 23 amongst
224 2906 63 18 weird
297 2906 40 19 and
346 2906 82 26 rugged
444 2913 82 17 scenery
552 2906 97 20 Distance
666 2907 53 19 from
738 2907 34 19 the
790 2907 61 25 hotel,
871 2909 57 19 three

121 2932 64 19 miles.
212 2931 74 19 Saddle
296 2932 70 19 horses
376 2935 20 16 to
405 2932 48 20 visit
466 2932 35 19 the
515 2932 79 25 Eapids
608 2934 22 18 7s
640 2933 26 19 6d
676 2934 56 19 each.

46 2991 229 23 KSRKPITI
292 2997 23 13 or
323 2991 35 19 tho
368 2991 78 19 Devil's
455 2991 97 25 Trumpet
570 2992 18 18 is
607 2993 43 18 said
668 2994 21 17 to
708 2993 49 18 emit
777 3000 11 12 a
804 2999 94 19 pressure
908 2995 20 19 of

124 3017 68 19 lbOlbs
203 3018 20 18 of
233 3021 63 15 steam
308 3019 21 17 to
339 3018 35 18 the
383 3017 52 23 inch,
449 3017 52 19 from
511 3024 26 12 an
553 3021 94 22 aperture
657 3019 21 18 of
697 3019 63 18 about
778 3019 72 19 twelve
859 3020 69 20 inches

121 3043 21 18 in
153 3043 103 19 diameter.
284 3043 97 19 Distance
473 3043 55 19 hotel
546 3043 58 20 three
623 3045 40 19 and
684 3051 11 12 a
713 3045 45 18 half
776 3045 69 24 miles;
859 3046 68 20 saddle

120 3069 70 19 horses
198 3071 21 17 to
226 3069 49 19 visit
284 3069 34 18 the
329 3069 71 21 above,
410 3071 23 17 2s
443 3069 25 19 6d
478 3069 56 19 each.

49 3128 97 23 THO
323 3130 165 23 FKLLS,
505 3128 35 19 Ihe
557 3128 100 20 Grandest
675 3129 56 19 Falls
741 3130 21 18 in
780 3130 34 18 the
833 3130 94 21 southern

124 3154 134 25 hemisphere.
287 3155 42 19 Tho
339 3154 57 20 Falls
406 3161 44 18 may
463 3155 24 18 bo
497 3154 73 19 visited
580 3161 25 12 on
614 3156 35 18 the
662 3162 54 12 same
736 3156 115 24 expedition
861 3163 22 12 as
894 3157 34 20 the

123 3180 77 19 Devil's
211 3180 104 25 Trumpet.
344 3181 97 19 Distance
451 3181 52 19 from
513 3180 56 19 hotel
578 3181 57 19 three
647 3181 38 19 and
696 3188 12 12 a
724 3182 45 18 half
777 3182 69 24 miles;
859 3183 69 20 saddle

121 3206 59 18 horse
189 3212 27 17 or.
221 3206 70 25 buggy
302 3208 22 18 2s
335 3207 26 19 6d
374 3207 57 19 each.

47 3265 129 53 MRS
198 3265 35 52 R
269 3265 293 63 GRAHAM,
598 3266 328 55 Proprietress.

497 3411 34 18 TO
546 3412 58 18 THE
619 3412 105 19 PUBLIC
739 3413 34 18 OF
790 3412 137 21 EOTOEUA.

497 3514 24 42 I
535 3514 56 20 BEG
603 3518 20 16 to
633 3515 65 19 thank
708 3516 34 18 tho
756 3516 72 19 Public
838 3518 21 17 of
867 3517 49 20 Eoto-

550 3547 40 12 rua
608 3542 32 18 for
655 3542 53 18 their
715 3542 169 26 favours'during
894 3544 35 19 tho

496 3569 45 21 past
552 3567 70 19 fifteen
631 3574 65 18 years,
709 3568 40 18 and
764 3572 20 14 to
800 3569 65 24 notify
885 3569 44 19 that

497 3597 31 13 tor
537 3592 35 18 the
584 3594 134 18 convenience
729 3595 20 17 of
758 3594 99 19 residents
866 3595 21 19 in
895 3596 33 18 the

497 3618 50 18 Now
558 3618 116 25 Township,
688 3619 41 19 und
738 3626 33 18 my
783 3620 58 19 trade
858 3628 60 17 gener-

496 3643 48 25 ally,
555 3643 11 19 I
577 3645 52 18 have
639 3645 53 18 built

523 3698 53 19 New
584 3699 105 20 Premises
696 3706 22 13 in
727 3700 44 19 Fen
775 3706 36 13 ton
817 3701 85 25 Street,

497 3756 65 19 which
574 3764 33 12 aie
617 3764 45 12 now
675 3765 51 18 open
734 3758 32 19 for
775 3758 98 25 business,
890 3760 39 19 and

497 3783 10 18 I
518 3789 33 12 am
570 3784 100 25 prepared
691 3787 21 16 to
725 3784 73 26 supply

636 3834 72 20 Prime
727 3835 64 19 Meat

497 3889 20 18 in
529 3889 50 19 both
590 3890 50 20 New
652 3891 40 19 and
703 3891 38 19 Old
751 3892 125 26 Townships.

530 3996 42 23 An
586 3998 151 29 Inspection
752 4000 22 23 is
788 4000 108 24 invited.

705 4053 103 21 HENEY
821 4056 81 19 KIEK.

47 3382 159 41 ROTORUA
230 3382 89 41 BOOT
342 3382 24 40 &
384 3382 90 41 SHOE

195 3441 124 41 DEPOT,

236 3710 117 29 /mm

236 3737 14 16 a
255 3729 4 24 i
266 3729 87 24 iA&rtk;

45 3817 19 19 A
84 3817 68 26 Largo
170 3817 59 21 Stock
249 3821 20 17 of
287 3821 92 24 German,
396 3821 77 19 French

115 3844 40 19 and
165 3844 90 19 Colonial
264 3845 61 20 Boots
335 3848 75 24 always

207 3871 22 18 in
246 3871 66 19 Stock.

47 3916 68 20 iiSEST
123 3916 152 20 MATERIAL.,
308 3916 68 21 BEST
388 3918 84 19 WOEK

123 3961 157 20 AUCKLAND
290 3962 105 21 PRICES.

47 4044 161 24 Hand-sewn
218 4043 78 23 Boots
306 4050 16 16 a
336 4044 137 31 Specialty.

1318 249 152 34 THE

1189 351 203 106 Lakes

957 610 239 54 Published
1220 621 144 45 every
1383 607 283 57 Wednesday
1682 607 135 47 After-

1334 677 134 37 noon,

1159 846 114 41 RATES
1298 846 44 41 OF
1367 846 277 42 SUBSCRIPTION:

1115 918 63 18 PAID
1191 918 30 18 IN
1233 918 129 18 ADVANCE.

1139 950 44 22 Six
1195 950 106 23 Months
1312 951 28 21 5s
1351 957 5 20 ;

1138 977 52 21 One
1207 976 68 22 Year
1285 976 43 22 10s
1339 983 5 21 ;

1552 919 114 18 BOOKED.

1595 951 36 22 6s.

1583 978 49 22 12s.

1132 1097 337 32 ADVERTISING
1489 1098 176 33 BAT£S:

979 1152 66 20 Three
1055 1152 100 25 Shillings
1165 1158 37 20 por
1211 1152 47 19 inch
1264 1158 36 20 per
1310 1153 61 23 issue,
1380 1159 27 19 up
1416 1155 21 17 to
1444 1155 11 16 3
1465 1153 114 19 insertions.
1596 1154 130 25 Subsequent
1733 1154 114 19 Insertions

953 1178 43 19 half
1006 1183 61 15 rates.
1098 1178 80 26 Special
1187 1181 62 17 terms
1260 1180 31 17 for
1301 1179 73 25 longer
1385 1179 88 25 periods.

978 1233 179 18 Announcements
1166 1232 22 19 of
1199 1231 69 20 Births
1279 1231 41 20 and
1329 1231 80 20 Deaths
1419 1238 34 13 are
1463 1232 89 24 charged
1567 1234 23 17 2s
1606 1233 55 23 each,
1682 1236 35 16 not
1736 1233 111 25 exceeding

952 1261 23 16 30
987 1259 71 19 words.
1087 1258 103 25 Marriage
1200 1260 172 17 announcements
1388 1259 28 18 3s.
1444 1258 92 23 NOTE.
1540 1259 111 23 —Tiiese
1667 1259 111 24 charges
1802 1266 44 16 ate

952 1285 39 23 for
1002 1284 177 30 Prepayment
1189 1284 72 29 Only-

1059 1432 239 47 JOBBING
1334 1433 399 49 DEPJSRTJWE.NT.

953 1520 158 32 Invoices,

1004 1561 173 30 Billheads,

1053 1603 103 25 Memo
1170 1604 121 32 Forms,

1105 1644 82 26 Bills
1200 1644 34 26 of
1243 1646 90 28 Fare,

1154 1686 154 25 Business
1333 1687 109 32 Cards,

1204 1727 141 34 Visiting
1366 1729 110 32 Cards,

1285 1770 97 25 Menu
1401 1771 108 31 Cards,

1338 1811 153 33 Luggage
1504 1813 123 32 Labels,

1382 1853 74 26 Ball
1475 1853 235 34 Programmes,

1435 1897 172 32 Circulars,

1506 1940 138 31 Posters,

1556 1982 183 32 Handbills,

1649 2023 196 33 Pamphlets,

1121 2061 64 32 &c.,
1286 2062 68 33 &e.,
1456 2063 66 32 &>c.,
1625 2065 58 26 &c.

1014 2143 123 46 Done
1171 2151 51 39 at
1259 2146 81 52 tfye
1362 2146 223 53 Shortest
1607 2149 182 45 .Notice.

1267 2422 575 58 STATIONERY!!

1201 2533 68 45 On
1295 2533 113 46 Sale
1439 2537 52 42 at
1527 2536 86 46 the

1020 2636 435 69 eHßONiete
1490 2641 285 66 oraee.

950 2737 66 18 Plain
1025 2737 46 18 and
1080 2737 80 23 Fancy
1169 2738 67 23 Note,
1251 2738 133 24 Envelopes
1392 2739 31 19 all
1431 2739 66 23 sizes,

950 2759 126 25 Mourning
1085 2761 74 23 Paper
1168 2761 45 18 and
1223 2762 137 23 Envelopes,
1375 2763 152 19 Commercial
1537 2764 141 24 Stationery,

952 2783 114 23 Foolscap
1076 2784 73 22 Paper
1158 2785 46 17 and
1213 2785 89 18 Official
1312 2785 136 24 Envelopes,

951 2806 116 23 Drawing,
1078 2807 114 22 Exercise,
1201 2808 179 19 Memorandum
1388 2810 46 17 and
1443 2810 109 19 Account
1561 2811 84 23 Books,

950 2829 108 24 Ledgers,
1070 2831 116 22 Journals,
1198 2831 50 24 Day
1257 2832 47 18 and
1313 2832 61 18 Cash
1382 2832 83 23 Books,

950 2852 81 19 Letter
1041 2853 82 23 Books,
1135 2854 106 23 Brushes,
1252 2855 83 18 Water
1345 2856 79 22 Wells,
1436 2855 47 23 &c.,

950 2876 124 23 Stephen's
1083 2877 104 23 Writing
1196 2879 46 17 and
1251 2878 106 24 Copying
1366 2879 62 22 Inks,

950 2899 106 24 Blotting
1065 2900 78 23 Paper,
1155 2901 110 18 Business
1274 2902 48 17 and
1331 2902 102 24 Visiting
1442 2903 77 23 Cards,

950 2922 56 19 Blue
1016 2923 96 22 Pencils,
1124 2923 62 19 Lead
1195 2925 46 17 and
1250 2925 64 18 Slate
1324 2926 96 22 Pencils,
1432 2926 46 18 and
1488 2926 81 23 Slates,

950 2945 109 24 Marking
1067 2947 50 21 Ink,
1128 2947 66 18 India
1203 2947 93 19 Rubber
1305 2949 84 22 Bands,
1400 2949 17 19 G
1423 2955 39 13 am
1470 2950 46 18 and
1525 2951 115 19 Gummed
1650 2952 80 23 Paper,

950 2968 103 19 Indexed
1063 2970 66 22 Files,
1143 2970 47 18 and
1199 2971 73 23 Paper
1281 2972 69 22 Clips,

950 2992 134 23 Inkstands,
1095 2993 46 18 and
1150 2994 96 18 Bottles.

983 3094 22 24 A
1025 3094 139 25 CHOiCE
1180 3095 208 26 SELECTION
1409 3097 46 24 OF
1471 3097 187 26 BIRTHDAY
1678 3099 130 26 CARDS.

954 3241 343 61 NEWS
1364 3245 474 61 AGENCY.

1014 3347 192 56 English
1232 3349 205 56 Foreign,
1467 3350 89 46 and
1582 3351 200 47 Colonial

1104 3413 178 55 Papers,
1305 3413 280 56 .Magazines,
1610 3416 86 47 &e.

953 3488 185 41 SYDNEY
1178 3491 236 42 BULLETIN
1455 3493 30 40 &
1523 3495 316 42 CANTERBURY

1202 3548 146 41 TIMES
1375 3549 61 41 ON
1466 3551 128 42 SALE.

1147 3726 92 70 To
1290 3727 349 73 Tourists.

952 3844 190 58 JJgeney
1166 3848 77 46 for
1263 3850 217 47 .Martin's
1505 3854 169 53 Photos
1695 3855 56 45 of
1762 3857 80 53 tlje

1296 3907 208 47 District.

1900 224 340 57 Hydropathic
2283 225 163 53 Hotel,
2495 224 236 45 Rotorua.

2154 306 226 33 ESTABLISHED
2401 308 78 31 1881.

1869 367 71 19 Under
1955 366 35 20 tlie
2000 368 112 23 patrorage
2123 366 22 19 of
2154 367 33 18 Sir
2197 366 36 19 AT.
2253 365 87 26 Jervois,
2357 367 49 19 Earl
2424 367 39 19 and
2481 366 103 20 Countess
2603 366 22 19 of
2644 365 121 27 Hopetoun,

2040 392 36 20 the
2088 393 51 19 Hon.
2154 393 89 19 Premier
2253 393 40 19 aiid
2307 393 104 19 Members
2427 393 21 19 of
2460 393 131 19 Parliament.

1894 497 42 19 Tlie
1949 497 62 19 llotei
2024 504 16 11 m
2050 497 90 20 situated
2150 504 25 12 on
2186 504 26 12 an
2222 497 94 20 elevated
2326 497 89 26 position
2425 505 26 12 on
2462 498 35 20 the
2507 498 70 20 shores
2593 497 22 19 of
2631 497 55 20 Lake
2702 497 51 19 Roto-

1869 530 43 18 rua,
1923 525 123 19 convenient
2056 528 22 15 to
2088 524 27 19 all
2126 524 34 19 sha
2171 524 65 24 sights
2245 524 21 19 in
2277 524 36 19 the
2323 524 88 20 district,

1940 576 115 23 Slllnhur
2068 576 52 23 and
2133 576 113 23 Mineral
2259 576 84 23 Baths
2357 577 21 18 iu
2389 577 35 18 the
2436 576 97 20 Grounds
2544 577 22 19 of
2575 576 37 20 the
2622 577 72 19 Hotel.

2038 682 107 19 'eductior.
2161 681 17 18 is
2196 681 59 19 wade
2270 683 23 16 to
2304 681 77 25 weekly
2391 688 24 13 or
2424 682 92 25 monthly
2526 682 107 20 boarders.

1870 733 69 20 Gui<io
1949 734 17 18 R
1975 734 43 19 :ok3
2029 734 38 19 and
2077 734 135 19 information
2224 733 18 27 «j•
2247 734 39 18 ativ
2297 736 20 17 at
2330 733 55 20 Cook
2401 734 39 19 and
2458 734 59 19 Sons'
2533 735 52 25 (sole
2602 736 81 24 agent*)
2700 734 67 20 offices

2185 760 126 23 throughout
2323 760 34 19 the
2367 760 86 19 Colonv.

1905 990 275 64 NOTiee
2214 990 104 65 TO
2346 990 384 66 TOURISTS.

1903 1078 65 26 The
1988 1078 216 33 undersigned
2225 1086 54 19 are
2297 1086 75 19 now
2387 1080 141 32 running
2543 1080 143 33 Buggies
2703 1081 63 25 and

1871 1111 141 27 Coaches
2034 1118 33 20 to
2087 1113 22 24 f
2126 1119 16 18 o
2154 1112 167 32 following
2333 1113 108 32 places
2455 1113 34 25 of
2504 1113 135 26 interest
2658 1114 34 25 in
2712 1113 54 26 tlie

1869 1144 243 33 neighborhood
2129 1152 17 19 a
2180 1146 129 32 greatly
2333 1146 139 26 reduced
2496 1148 95 25 rates.
2640 1146 126 33 Special

1869 1179 184 26 reductioais
2062 1179 49 26 for
2124 1179 71 32 larg-
2222 1179 129 33 parties.

1869 1219 143 19 WHAKAP
2018 1219 145 19 HWAR'IiW
2170 1221 17 17 A
2196 1219 3 25 ,
2252 1220 50 18 VAI
2309 1219 62 25 <IAK
2394 1220 10 18 I
2425 1220 21 18 &
2467 1220 101 19 TAUPO
2577 1219 4 25 ;
2606 1221 126 19 TIKITEE
2734 1221 20 19 E
2762 1219 4 25 ;

2138 1243 2 23 .
2168 1243 21 19 &
2202 1243 105 20 OK3RE
2321 1244 111 22 PALLS;
2446 1244 176 20 WAIOTAPU.

1882 1290 94 28 Special
1988 1292 170 26 Conveyances
2171 1290 32 28 -..0
2211 1290 8 28 d
2227 1290 7 28 -
2262 1292 52 19 ddle
2326 1292 84 23 tforsss
2421 1295 23 16 to
2455 1292 27 19 all
2494 1296 62 22 parts
2572 1293 23 19 of
2607 1292 40 20 the
2664 1292 87 20 district

2196 1324 22 13 at
2359 1319 79 20 Pates.

1915 1365 49 20 Bus
1969 1366 79 19 leaves
2055 1367 65 18 Lake
2126 1367 85 21 House,
2220 1367 86 24 calling
2312 1367 26 19 at
2344 1367 31 18 all
2382 1367 83 18 Hotels
2471 1367 46 18 and
2524 1367 118 24 Boarding
2648 1368 95 18 Houses

1891 1389 37 18 for
1936 1389 227 23 Whakarewarewa,
2173 1390 50 19 twic
2251 1390 119 23 forenoon,
2381 1390 69 19 twice
2458 1390 130 21 afternoon.

2059 1426 46 46 J.
2140 1426 314 46 FALLOONA
2476 1427 47 45 &
2547 1428 99 54 Co.,

2371 1493 332 56 Proprietors.

1884 1568 129 28 BOOKING
2027 1568 107 27 OFFICE
2145 1569 61 26 AND
2219 1569 136 27 STABLES
2369 1569 146 27 OPPOSITE
2526 1569 103 27 GRAND
2646 1571 104 25 HOTEL.

2620 1758 87 46 Y6\s>

2531 1788 179 102 SK

2007 1873 17 25 i

2290 1997 24 53 l

2267 2054 26 17 as

2147 2101 46 26 m

1991 2103 41 21 >jS&

1926 2484 21 15 v
1960 2479 20 15 v

2257 2541 28 34 u

1879 2550 41 23 m

2260 2686 32 17 ///

1909 2866 468 31 WHOLESALE
2413 2869 301 32 JLG-ZEJISrTS

1872 2934 60 53 L.
2004 2934 69 55 D.
2143 2936 330 54 NATHAN
2537 2938 52 57 &
2655 2942 99 55 Co.

1912 3064 31 40 A,
1971 3064 71 41 AND
2068 3065 31 41 G.
2127 3067 127 47 BROOK,

1865 3124 82 23 BOOT
1962 3124 70 24 AND
2049 3126 82 23 SHOE
2153 3126 147 30 MAKERS,

1925 3164 88 20 Fkn'ton-
2029 3166 89 24 Street,
2141 3167 107 20 Kotorua.

1866 3204 45 20 And
1935 3208 22 16 at
1987 3206 83 19 Parnpll
2092 3207 40 19 and
2161 3208 139 20 Newmarket.

1892 3274 67 25 Large
1968 3276 39 18 and
2019 3276 68 19 vaiied
2104 3277 62 18 Stock
2178 3276 21 19 of
2209 3277 92 25 English,

1866 3300 87 25 Foreign
1966 3302 39 18 and
2017 3302 91 19 Colonial
2119 3303 62 19 Boots
2192 3305 38 17 and
2239 3304 62 19 Shoes

1927 3329 23 16 to
1960 3328 73 19 choose
2045 3330 49 17 from
2106 3331 22 17 at
2139 3330 34 18 the
2185 3333 52 16 most

1901 3365 216 33 REASONABLE
2139 3366 127 32 PRICES.

1958 3406 93 21 FKESH
2069 3408 88 19 STOCK
2171 3408 36 20 OF

1865 3439 170 25 FOOTBALL
2050 3442 99 23 BOOTS
2159 3443 43 24 just
2215 3443 86 19 arrived.

1866 3481 34 18 All
1917 3481 70 19 orders
2004 3482 40 19 and
2060 3483 76 25 repairs
2152 3483 149 26 expeditiously

2030 3509 115 19 exf-cuted..

1865 3540 23 19 S.
1903 3540 25 19 E.
1941 3541 150 23 FORDYCE,
2117 3553 8 3 -
2149 3553 8 3 -
2181 3543 119 24 Manager.

1925 3619 39 39 W.
1992 3619 31 39 A.
2056 3619 186 43 WILLIAMS'

1868 3691 223 23 PIONEER
2134 3693 168 27 STORE,

1946 3737 101 24 Opposite
2063 3737 73 21 Palace
2153 3739 69 20 Hotel.

1866 3787 139 26 GROCERY,

1907 3819 139 20 OILMEN'S
2061 3821 111 25 STORES,

1948 3850 220 26 IRONMONGERY,

2000 3881 254 26 CROCKERYWARE,

2052 3916 145 26 DRAPERY,
2213 3920 44 22 Ac.,
2266 3921 35 19 &c-

1894 3950 15 13 A
1927 3946 151 20 well-assorted
2094 3948 58 20 stock
2170 3949 20 19 in
2207 3950 27 19 all
2251 3950 50 20 lines

1866 3973 18 17 oi
1898 3972 34 19 the
1941 3973 63 20 above
2014 3977 20 16 at
2044 3973 73 21 lowest
2127 3982 72 16 prices.

1866 4007 50 19 New
1928 4007 88 20 Zealard
2023 4008 66 24 Dairy
2097 4010 148 19 Association's
2253 4012 36 19 Fac-

1902 4034 46 22 tory
1960 4033 75 20 Butter
2044 4035 57 20 fresh
2111 4036 58 19 twiee
2179 4037 84 25 weekly.

1941 4077 52 20 New
2002 4077 53 21 Laid
2065 4078 61 25 Eggs,
2136 4080 43 23 &c.,
2191 4080 35 19 &c.

2375 3076 134 41 HORACE
2532 3077 180 42 STEWART,

2325 3140 109 21 SADDLE,
2448 3141 125 22 HARNESS,
2588 3143 54 18 AND
2660 3143 102 19 COLLAR

2495 3173 101 23 MAKER,

2369 3208 182 24 FENTON-ST.,
2566 3210 153 20 ROTORUA.

2326 3275 104 23 Saddles,
2448 3276 94 24 Bridles,
2559 3278 94 24 Collars,
2669 3280 92 23 Chains,

2349 3307 56 23 Bits,
2413 3308 80 23 Spurs,
2502 3309 104 19 Harness
2620 3311 68 23 Soap,
2697 3312 40 19 &c.

2349 3368 118 21 Coaehaline,
2478 3375 10 11 a
2504 3371 116 23 waterproof
2635 3373 127 22 preservative

2325 3391 31 17 for
2364 3391 25 17 all
2398 3392 55 17 kinds
2462 3393 20 17 of
2493 3393 80 18 leather.

2349 3423 86 21 Axleine,
2453 3429 11 11 a
2477 3425 73 21 perfect
2565 3425 97 19 lubricant
2676 3428 32 16 for
2721 3434 30 11 car-

2325 3446 67 23 riages,
2403 3453 97 17 waggons,
2511 3449 32 16 &c.

2349 3477 73 18 Collars
2431 3478 54 18 made
2497 3480 21 17 to
2532 3486 85 12 measure
2630 3487 25 11 on
2671 3481 33 18 the
2718 3488 33 16 pre-

2325 3500 55 17 mises
2389 3507 12 11 a
2410 3502 102 22 speciality.
2551 3503 125 23 Lengthened
2687 3506 64 22 experi-

2325 3530 45 11 ence
2378 3524 20 17 in
2406 3525 27 17 all
2441 3525 67 18 classes
2517 3526 20 17 of
2542 3526 96 19 Saddler's
2646 3528 59 17 work.
2730 3529 31 17 All

2326 3547 63 17 orders
2399 3549 98 22 promptly
2505 3550 91 17 attended
2607 3551 27 17 to.

2328 3639 118 32 UNITED
2467 3640 188 34 INSURANCE
2675 3643 83 39 COY.,

2476 3687 128 20 LIMITED.

2387 3747 151 30 CAPITAL,
2555 3749 145 30 £500,000.

2328 3815 90 46 FIRE
2427 3817 53 19 risks
2488 3817 21 19 of
2516 3818 27 19 all
2552 3819 74 20 classes
2632 3821 128 19 undertaken

2396 3845 21 16 at
2427 3842 70 20 lowest
2506 3848 82 17 current
2598 3849 61 16 rates.

2326 3876 76 20 Claims
2410 3878 73 19 settled
2492 3881 103 24 promptly
2605 3881 41 19 and
2659 3881 101 26 liberally.

2337 3926 47 17 New
2394 3926 82 18 Zealand
2486 3928 57 18 Head
2552 3930 63 21 Office,
2625 3931 124 23 Wellington.

2360 3954 91 17 Resident
2460 3954 46 22 Sec.,
2516 3956 68 18 James
2592 3958 20 17 S.
2625 3958 101 18 Jamesox.

2451 3989 101 19 Auckland
2561 3989 75 25 Agent:

2387 4016 23 16 A.
2424 4016 109 22 Heather,
2543 4019 79 18 Custom
2630 4020 68 17 Street.

2458 4053 86 19 Rotorua
2552 4053 75 25 Agent:

2372 4086 22 16 F.
2408 4086 21 16 P.
2439 4086 67 22 Watt,
2521 4088 119 19 Chronicle
2651 4090 65 18 Office.

2789 90 229 42 HINEMOA
3049 94 80 44 STO

2789 264 101 24 Bycroft's
2900 265 111 19 Snowdrift
3022 266 48 19 N.Z.
3079 269 56 22 Flour

2789 289 103 24 Sultanas,
2903 290 101 20 Muscatel
3011 293 40 19 and
3059 293 86 25 Valencia
3157 301 25 21 IV

2841 316 28 20 sin
2869 316 20 20 9,
2901 317 41 18 and
2950 316 98 21 Currants

2789 341 50 24 Figs
2847 341 40 19 and
2897 342 111 20 Preserved
3019 344 79 27 Ginger,
3109 348 56 24 Sniees

2789 368 76 18 Lemon
2876 368 39 18 and
2926 369 81 24 Orange
3018 370 47 20 Peel

2844 393 70 20 White
2925 395 112 24 Sugar—A
3053 397 97 29 Speciality

2790 420 51 19 New
2851 420 92 19 Zealand
2950 421 63 25 Dairy
3020 423 132 25 Association's
3157 430 26 22 But

2895 449 37 17 ter.

2815 472 61 19 TEA.
2935 472 113 21 COFFEE.
3099 477 76 26 COCOA.

2790 520 87 20 General
2890 522 128 20 Assortment
3035 524 20 19 of
3072 525 117 31 Storekeeper'.

2968 548 75 21 Goods.

2791 665 45 42 TO
2851 665 25 42 &
2893 666 94 42 FROM
3007 668 67 42 THE
3100 670 86 50 BATE

2791 778 10 9 a
2827 778 52 9 •

2793 790 37 17 KJ
2837 797 7 8 .
2876 791 66 15 tween
2956 788 34 19 the
3007 789 39 20 Old
3060 790 96 27 Township
3167 802 22 17 and

2790 813 35 19 the
2836 813 66 20 Baths
2910 815 127 24 throughout
3046 816 34 19 the
3090 818 40 25 day.
3146 814 6 7 *

2790 875 50 19 Also
2863 875 199 26 Wlinlcarewarewa,
3086 879 64 22 Sodom
3166 889 24 19 and

2827 902 114 19 Gomorrah
2951 903 40 19 and
3002 904 58 19 other
3069 905 60 25 sights
3135 914 36 16 near

2954 929 36 19 the
3000 932 60 17 town.

2890 981 81 23 Pares
2986 982 134 25 Moderate.

2790 1036 53 43 B.
2886 1036 43 44 S.
2979 1037 34 43 C
3034 1018 156 47 OE^

2897 1093 219 27 ARCHITECT,

2870 1127 99 26 Building
2983 1129 107 25 Surveyor.
3107 1132 30 19 &c.

2792 1167 70 23 Agent
2882 1166 33 19 for
2933 1166 35 19 the
2992 1166 97 21 National
3111 1169 39 21 Fire
3166 1175 24 20 and

2883 1192 81 20 Marine
2971 1193 113 20 Insurance
3095 1195 31 20 Co.

2856 1250 150 21 OKOIA
3076 1252 65 48 yI
3152 1256 13 20 E
3175 1258 15 21 w

2945 1303 125 21 PRIVATE

2790 1334 247 35 BOARDING
3054 1337 136 39 HOUSE,

2790 1395 112 27 Opposite
2917 1395 40 21 the
2974 1397 54 19 Post
3039 1397 45 20 and
3095 1400 95 25 Telegraph

2969 1422 79 21 Office.

2790 1454 45 18 And
2856 1460 49 12 near
2926 1454 33 20 the
2980 1455 119 20 Celebrated
3121 1457 69 24 PRIEST

2829 1479 118 21 RACHEL
2964 1482 40 19 and
3016 1481 58 20 other
3083 1482 78 22 BATHS

2934 1506 145 22 ROTORUA.

2789 1558 111 31 TERMS:
2909 1559 43 19 25s
2960 1565 42 18 per
3008 1561 71 22 week,
3090 1562 24 18 43
3120 1568 34 17 per
3159 1564 29 25 day

2822 1589 115 41 MRS
2982 1590 189 49 YOUNG,

2922 1640 171 22 Propkiethess.

2790 1708 218 48 Rotorua
3031 1712 160 59 Bakery

2797 1910 107 33 BAKER
2916 1912 25 31 &
2952 1912 231 35 CONFECTIONER.

2837 1989 87 24 Bread
2937 1992 134 23 delivered
3087 1993 69 30 daily,

2837 2058 168 26 GROCERIES,

2982 2096 143 23 DRAPERY,

2977 2134 45 13 AND

2781 2160 126 19 GENERAL
2913 2161 207 21 STOREKEEPER'S
3126 2164 65 18 GOODS.

2801 2213 42 45 J.
2875 2215 47 45 R.
2959 2215 219 49 LDJJDOJJ,

2917 2284 166 24 SOLICITOR,

2805 2320 29 20 26,
2846 2320 219 24 SIIOHTLAND-STEEET,
3074 2323 103 17 AUCKLAND.

2781 2366 155 19 N.B.—Attends
2945 2371 82 21 country
3036 2369 67 18 Courts
3110 2370 25 22 by
3144 2370 47 22 special

2781 2391 140 22 arrangement.

2785 2438 212 48 Rotorua
3025 2441 165 57 Library

2783 2537 101 47 OPEN
2898 2539 53 19 from
2964 2542 23 17 10
2999 2547 47 12 a.m.
3057 2543 21 16 to
3089 2543 9 16 5
3109 2548 43 18 p.m.
3166 2541 24 19 and

2843 2566 46 18 6.30
2900 2568 21 16 to
2931 2567 23 17 10
2961 2572 50 19 p.m.
3016 2566 93 26 Sundays
3114 2566 30 26 till
3152 2566 7 26 9
3167 2566 23 26 pa.

2802 2602 165 24 Subscription
2975 2602 4 24 :
2992 2605 43 18 20s
3045 2605 43 19 Per
3095 2606 85 18 Annum.

2808 2639 88 21 Visitors
2914 2648 47 18 may
2978 2648 85 19 procure
3078 2643 65 19 Books
3157 2643 33 18 from

2782 2666 34 19 the
2827 2666 88 25 Library
2925 2674 26 12 on
2969 2669 87 25 making
3072 2676 12 12 a
3102 2669 68 25 deposit
3180 2668 10 19 of

2782 2695 35 16 not
2827 2692 40 19 less
2877 2693 49 19 than
2948 2696 28 21 ss,
2995 2695 41 19 and
3053 2695 114 25 purchasing
3181 2697 9 16 Is

2782 2725 80 19 coupon
2870 2719 34 19 for
2914 2726 61 19 every
2987 2721 54 19 Four
3051 2721 69 19 books.

2809 2752 42 19 The
2870 2753 88 25 Library
2981 2755 18 19 is
3018 2762 51 18 open
3091 2756 68 25 during
3171 2755 19 19 the

2783 2779 94 26 evening.

2790 2837 40 43 M
2838 2838 17 17 K
2890 2838 78 45 AY.
3009 2839 46 45 ,J.
3088 2839 103 45 N™

2784 2892 173 20 BARRISTER
2969 2895 67 19 AND
3054 2895 136 19 SOLICITOR.

2785 2925 146 19 Commissioner
2946 2928 21 16 of
2980 2928 33 16 tlm
3027 2928 90 23 Supreme
3129 2928 46 18 Court
3182 2926 9 18 of

2982 2951 43 22 Fiji.

2786 2979 88 19 Solicitor
2882 2982 21 16 to
2912 2982 32 16 the
2956 2982 48 17 N.Z.
3019 2983 125 17 Government
3155 2981 36 18 under

2851 3004 40 17 The
2899 3005 100 18 Advances
3007 3007 20 17 to
3034 3006 77 18 Settlers

2784 3034 100 18 Victoria
2892 3036 90 21 Akcade,
2994 3038 111 21 Queejt-st,
3114 3035 77 20 Auckland,

2808 3066 69 23 Money
2888 3068 21 17 to
2915 3067 54 18 Lend
2978 3074 25 12 on
3012 3069 84 17 freehold
3111 3068 66 22 security
3181 3070 10 13 at

2784 3088 38 18 low
2837 3091 51 16 rates
2905 3091 21 16 of
2938 3091 85 18 interest.
3053 3093 70 22 Money
3134 3089 57 20 invested

2785 3112 30 16 for
2823 3112 66 18 clients
2898 3114 39 17 free
2947 3115 20 17 of
2975 3115 76 23 charge.

2836 3161 28 26 J.
2886 3162 50 25 W.
2959 3146 232 45 WRIGLEY,'

2809 3201 194 21 archi
3033 3205 17 18 t
3080 3203 97 21 ect

2916 3237 184 17 RGTORUH.

2813 3264 69 24 Agent
2891 3265 32 18 for
2939 3266 36 18 the
2992 3266 64 19 South
3078 3267 73 19 British
3168 3265 23 20 Fire

2786 3289 41 19 and
2836 3290 81 20 Marine
2926 3292 114 20 Insrrance
3049 3293 106 25 Company.

2785 3338 179 16 MBBBBSaMi'■■'■■■
3095 3345 9 12 H
3126 3346 5 1 ■■

2848 3360 80 19 When
2936 3361 25 18 in
2969 3362 126 19 Auckland
3103 3363 51 18 visit

2861 3393 34 25 E.
2922 3393 221 29 SPENCER'S

2830 3435 152 25 CURIO
3010 3439 158 23 DEPOT.

2865 3472 38 23 (On
2912 3473 66 19 Queen
2987 3474 62 18 Street
3061 3473 80 23 Wharf.)

2820 3510 40 20 For
2878 3512 28 19 all
2922 3513 63 19 kinds
3002 3514 21 18 of
3036 3514 48 19 New
3095 3511 71 22 Zealand-

2785 3538 2 25 i
2853 3538 73 20 Curios
2945 3540 42 18 and
3006 3540 139 19 Greenstones.

2804 3607 83 55 W.
2915 3608 267 60 THOMAS,

2788 3680 268 28 MONUMENTAL
3081 3678 108 33 MASON,

2837 3730 125 19 VICTORIA
2981 3732 96 18 STREET
3098 3732 63 19 EAST,

2894 3772 218 18 RUCKLHND,

2808 3806 87 20 Orders
2909 3808 24 18 in
2949 3809 96 23 Marble,
3065 3809 91 19 Granite
3166 3801 24 24 ani

2785 3837 78 24 Stone,
2886 3841 122 23 promptly
3033 3841 46 19 and
3104 3835 86 25 faithfully

2785 3871 121 19 executed.

2833 3907 102 25 Designs
2943 3909 49 19 and
3000 3909 76 24 prices
3090 3911 45 18 free
3143 3913 24 14 on

2927 3941 152 23 application.
