2529 4039
76 106 2392 144 THE

76 250 378 73 NEW
580 250 881 73 ZEALAND
1587 250 881 73 GAZETTE

76 323 2392 73 AND

76 396 1139 73 WELLINGTON
1329 396 1139 73 SPECTATOR.

594 508 218 39 PUBLISHED
857 506 133 40 EVERT
1034 506 257 39 WEDNESDAY
1335 509 87 37 AND
1468 510 228 38 SATURDAY
1741 511 207 39 MORNING.

105 626 64 30 No.
193 625 87 38 280.1

2416 141 2 7 ij

600 623 110 32 PORT
732 623 256 38 NICHOLSON,
1011 622 265 32 WEDNESDAY
1298 625 209 37 MORNING,
1530 625 247 44 SEPTEMBER
1790 633 59 33 .13,
1878 631 87 29 1843.

2262 631 94 28 ivol.
2373 618 58 41 'm.
2455 617 7 40 -'

100 723 14 5 ■'
138 716 3 4 '
154 720 5 7 y
187 716 53 23 For
252 717 126 21 ,'JLondon
403 717 96 24 direct,
537 717 5 7 ''

106 756 58 22 j-jgr
214 750 95 22 fTiHE
337 750 46 22 fine
412 750 45 21 fast
479 749 81 28 sailing
586 750 49 27 brig

82 769 125 42 jgfc&s-,
224 769 30 33 X
360 778 178 24 NE-.ZSQN,

82 801 128 37 TSejsguk'
231 805 94 30 George^
341 804 123 23 Maclaren'
482 807 87 27 master,
591 803 44 23 will

75 826 136 37 JfrjfliflCffi:
231 831 38 22 sail
276 832 77 21 'about
362 832 36 21 the
412 831 53 24 20th
482 831 60 27 inst.,
551 831 84 27 having

57 863 159 31 EESmESI
268 858 41 23 her
319 865 67 20 caTgo
396 858 108 28 engaged.

76 910 4 4 ■
98 898 3 3 '
256 894 43 23 For
308 903 92 20 passage
410 895 60 28 only,
483 895 67 28 apply
560 898 21 19 to

366 934 83 23 Waitt
464 934 50 23 and-
523 934 85 23 Tyser.

81 968 144 29 Wellington,
236 972 88 27 August
333 971 20 27 7,
367 972 59 21 1843.

246 1017 55 20 For
314 1016 126 25 London,

205 1044 92 29 HF^HE
315 1049 84 28 barque
425 1051 210 24 GLENARM,

85 1070 86 25 fflfeffll
212 1070 28 26 J-
250 1101 6 5 1
280 1077 45 20 '298
345 1080 56 21 tons,
421 1077 81 26 hourly
520 1077 115 27 expected,

54 1098 148 40 >jajyNP£^
230 1107 19 15 W
250 1100 23 22 *H
283 1101 52 22 take
346 1109 66 20 cargo
422 1103 44 21 and
476 1110 136 21 passengers.

52 1130 150 43 MrjiT^^
257 1137 75 28 Apply
341 1140 24 19 to
375 1138 23 21 C.
415 1139 34 21 M.
466 1139 89 27 Penny,
567 1147 24 15 or

395 1191 123 22 BOULCOTT
533 1193 19 21 &
567 1193 39 21 Co.

76 1218 131 27 September
216 1219 19 25 1,
246 1219 60 21 1842.

184 1263 120 26 Passage
319 1265 29 19 to
371 1263 126 21 London.

203 1296 91 35 rpHE
307 1298 63 25 Tyne,
380 1296 69 27 being
459 1297 73 23 Under
539 1305 96 20 engage-

71 1319 108 38 tWSiwn
277 1327 64 18 ment
360 1328 23 17 to
400 1323 52 22 load
470 1324 54 22 wool
543 1328 23 18 at
581 1324 54 22 Port

216 1349 88 29 Phillip,
322 1350 80 23 should
416 1350 146 24 inducement
572 1351 61 27 offer,

50 1373 148 39 ■jsnßHfc
215 1375 39 22 she
270 1377 45 22 will
331 1377 43 22 call
390 1378 52 21 here
459 1385 30 14 on
497 1378 42 24 her
548 1385 49 21 way
611 1381 24 19 to

76 1440 42 22 For
132 1447 92 20 passage
236 1440 58 27 only,
306 1440 82 27 having
397 1442 100 26 superior
510 1449 125 16 accommo-

50 1467 93 26 dations,
154 1467 67 28 apply
231 1470 21 20 to
263 1467 94 27 Captain
369 1468 132 26 Robertson,
513 1476 24 14 or
546 1472 23 18 to

307 1494 114 23 Bethune
436 1495 46 22 and
496 1496 109 22 Hunter.

77 1520 144 27 Wellington,
231 1520 89 28 August
329 1522 34 25 15,
374 1523 61 25 1843,

246 1566 53 21 For
313 1566 115 26 Nelson,

209 1600 27 20 Te
249 1600 40 21 sail
303 1601 22 19 in
337 1606 13 14 a
356 1600 47 25 few
418 1600 59 27 days,

203 1634 91 22 ITHHE
313 1634 45 22 fine
377 1634 43 22 fast
443 1635 82 27 sailing
548 1636 86 26 barque

78 1654 94 29 JwifiL
210 1654 28 28 JL
363 1662 114 22 TYNE.

52 1680 141 42 Jj||Pei3jk
243 1688 42 22 For
296 1688 82 27 freight
388 1696 24 14 or
421 1696 101 21 passage,
533 1691 67 27 apply
610 1694 23 18 to

216 1715 61 28 Capt.
289 1715 132 28 Robertson,
432 1723 26 15 or
468 1720 22 18 to
544 1723 6 8 •'

50 1745 144 34 3QsMJii(§OF
329 1752 114 22 Bethune
459 1754 21 21 &
496 1754 108 22 Hunter.

76 1779 144 27 Wellington,
231 1779 89 27 August
329 1780 33 26 15,
374 1781 60 21 1843.

50 1825 50 21 For
120 1825 109 26 Sydney
243 1825 54 20 and
322 1825 184 25 Launceston,
529 1826 105 27 calling

256 1853 28 19 at
307 1852 114 25 Nelson,

91 1881 71 26 ».*SOS!
221 1878 89 22 nPHE
325 1879 45 21 fine
381 1879 43 21 fast
434 1879 81 26 sailing
524 1879 109 22 schooner

81 1900 100 39 j®HS^.
228 1900 28 26 X
337 1907 210 24 DEBORAH,

78 1926 131 40 Jws£!s|fe'
234 1931 93 28 Captain
351 1933 64 26 Wing
424 1940 7 19 ;
457 1933 41 21 has
516 1933 48 21 first
582 1937 49 18 rate

71 1955 138 32 jfmfrrißr'
232 1959 191 22 accommodation
434 1959 35 22 for
477 1966 140 22 passengers.

57 1983 157 35 SSSSJOP
246 1990 42 21 For
297 1989 21 22 ff
320 1988 61 29 eigHt
535 1992 66 27 apply
609 1995 23 18 to

386 2027 22 21 J.
424 2027 34 21 M.
473 2028 102 26 Taylor,

520 2055 83 26 Agent.

77 2086 126 28 September
215 2088 31 24 12,
258 2088 60 20 1843.

51 2131 87 50 MR.
155 2131 83 21 JOHN
253 2131 95 22 WADE
366 2131 40 23 has
421 2132 104 22 received
537 2133 94 23 instruc-

151 2158 59 22 tions
229 2161 21 19 to
268 2158 41 22 sell
330 2159 29 26 by
379 2159 77 22 Public
477 2160 103 26 Auction,
602 2168 27 15 on

50 2185 85 26 Friday,
146 2185 36 21 the
193 2184 50 22 15th
252 2185 57 27 inst.,
322 2189 23 17 at
355 2187 10 19 1
381 2186 86 22 o'clock
481 2187 114 28 precisely,
607 2192 24 18 at

48 2213 32 21 his
102 2212 80 26 Stores,
208 2219 28 14 an
261 2216 134 18 assortment
414 2213 26 21 of
461 2213 167 29 ironmongery,

49 2239 119 26 consisting
179 2238 25 22 of
204 2249 25 4 —

73 2266 71 26 Ship's
154 2272 103 21 scrapers,
268 2265 76 23 cook's
353 2265 77 28 ladles,
446 2267 75 22 cook's
530 2268 68 27 forks,

76 2293 87 23 Sailor's
172 2293 71 26 palms
252 2293 45 21 and
307 2293 98 26 needles,

74 2319 89 23 Shovels
174 2319 27 21 of
207 2319 30 22 all
246 2319 150 28 descriptions,

75 2346 83 27 Starch,
168 2345 58 28 blue,

71 2376 26 20 10
111 2374 69 22 boxes
188 2373 66 22 black
264 2376 42 23 tea,

71 2402 13 21 5
97 2401 73 22 chests
179 2407 68 20 green
257 2403 43 24 tea,

73 2430 25 20 10
111 2427 56 27 kegs
175 2427 91 22 tobacco
276 2427 25 21 in
310 2427 65 22 small
386 2427 59 28 kegs,

73 2456 24 21 15
110 2455 57 25 bags
176 2453 75 27 coffee,

70 2481 27 22 40
110 2480 90 23 bushels
210 2480 111 23 chevalier
330 2480 83 29 barley,

71 2510 13 21 3
97 2509 55 26 kegs
162 2507 97 28 superior
268 2507 144 23 Waikawaite
422 2506 82 30 Kutter,
536 2521 4 4 -

73 2536 52 21 Port
134 2535 57 21 wine
201 2535 23 21 in
235 2537 92 24 octaves,

73 2561 68 23 Black
151 2561 58 26 hats,

76 2590 47 21 Eau
133 2589 27 21 de
171 2588 104 27 Cologne,

72 2617 102 24 Scissors,

71 2643 53 22 And
134 2641 65 23 other
208 2641 86 23 articles
304 2643 25 21 of
340 2643 165 23 merchandize.

301 2681 62 20 ALSO,

71 2700 23 21 A
111 2700 64 28 large
193 2703 134 20 assortment
345 2702 26 21 of
391 2702 68 27 toilet,
484 2703 76 28 awing,
586 2704 44 22 and

47 2726 99 28 polished
154 2726 60 28 plate
224 2726 88 28 looking
321 2727 90 28 glasses.

71 2758 132 27 September
213 2759 32 26 12,
256 2760 60 20 1843.

46 2802 72 50 ON
132 2803 87 26 SALE,
230 2810 28 15 ex
265 2804 99 21 Deborah
374 2805 56 22 from
441 2806 145 28 Lauuceston,
600 2808 30 28 by

122 2829 39 22 the
170 2829 146 28 undersigned
318 2843 27 4 —

97 2864 42 20 500
153 2863 87 23 bushels
250 2868 54 23 oats,

97 2891 42 21 200
153 2890 87 22 bushels
250 2891 92 28 English
352 2893 84 28 barley,

96 2918 41 20 380
151 2917 89 23 bushels
250 2919 78 27 wheat,

96 2945 42 21 230
151 2944 90 23 busheh
250 2946 63 27 malt,

96 2970 73 28 Flour,
180 2971 42 28 ale,
269 2988 3 10 ,
304 2994 4 4 .

96 2999 12 21 2
122 2998 73 28 drays,
209 3001 8 19 1
228 2999 90 28 plough,
327 3001 69 27 yokes
405 3002 47 22 and
461 3002 85 27 chains,
558 3004 40 21 &c.

381 3034 21 24 J,
419 3036 33 24 M-
468 3036 102 28 Ta.yj.or,

69 3058 129 28 September
207 3060 33 25 12,
251 3060 59 21 1843.
563 3053 65 43 *^

45 3104 69 48 ON
130 3103 86 27 SALE,
231 3106 23 21 at
268 3104 64 26 Jojin
348 3104 149 29 Johnston's,
515 3108 111 23 Lambton

120 3129 72 28 Quay,
212 3130 60 28 silks,
288 3131 82 27 velvet,
391 3132 75 22 velvet
483 3133 98 28 ribbons,
598 3135 28 22 de

41 3154 56 23 lame
116 3156 53 22 and'
178 3156 91 22 muslin-
279 3157 101 28 dresses,'
398 3158 55 28 lace,
479 3159 146 30 bombazeen,

42 3181 64 24 black
124 3183 43 22 silk
186 3182 188 31 handkerchiefs,-
390 3185 79 23 ladies'
492 3187 65 23 shoes
581 3190 46 21 and

41 3208 81 29 gloves,
129 3213 94 29 carpets,
231 3218 57 20 rugs,
296 3216 171 24 counterpanes,
473 3214 61 22 table
541 3222 84 21 covers,

41 3239 83 24 regatta
140 3237 74 27 shirks,
226 3239 50 21 10-4
292 3239 47 23 and
356 3240 51 22 12-4
422 3239 112 29 blankets,
546 3241 79 29 lamps,

43 3266 64 25 coats,
117 3264 50 23 loaf
170 3272 76 23 sugar,
257 3265 87 27 raisins,
356 3269 50 25 port
416 3267 64 28 wine,
492 3267 73 28 Hock,
577 3269 50 23 best

43 3289 99 29 Dantzic,
155 3298 58 16 mess
223 3292 54 22 beef
282 3292 44 23 and
335 3293 62 28 pork.

66 3322 171 29 Septembers,
248 3326 60 21 1843.

94 3366 101 28 Mjpsftßs.
220 3369 154 25 HOLROYD
398 3380 47 17 and
472 3373 96 28 HART,

200 3403 126 24 Notaries
350 3406 109 26 Public,

126 3439 39 16 TE
193 3441 70 21 ARO,
292 3443 240 20 WELLINGTON.

67 3469 130 27 September
204 3472 21 25 4,
236 3472 59 22 1843.

258 3519 53 22 For
325 3521 70 27 Sale,

43 3549 105 49 D^
148 3552 22 22 V
185 3553 106 36 S^Sf?
296 3556 33 31 &
344 3557 113 29 Alligator,
470 3559 64 28 Capt.
550 3560 69 27 Cook,

118 3578 58 23 from
186 3579 98 24 Twofold
295 3581 56 29 Bay,
361 3585 34 20 via
405 3586 129 27 Auckland,

134 3613 36 21 58
196 3613 135 26 HEIFERS
360 3619 18 20 2
405 3619 108 29 BULLS,

43 3641 112 32 originally
164 3645 96 24 selected
273 3650 24 19 to
312 3655 42 16 our
368 3650 65 24 order
445 3652 59 23 from
514 3653 37 23 the
562 3654 59 22 cele-

43 3670 70 22 brated
120 3671 67 24 herds
196 3673 27 23 of
228 3674 39 23 Dr.
278 3674 82 30 Imlay,
370 3685 29 14 on
409 3683 97 19 account
515 3681 26 22 of
553 3681 23 23 J.
586 3681 31 23 D.

42 3702 77 38 hS,
113 3705 32 15 Wfl
148 3706 23 34 °f
177 3716 5 11 '
195 3700 17 22 E
210 3707 14 33 j
225 3708 69 32 V°
295 3709 20 14 w
322 3703 38 32 .*«
365 3704 55 29 JWfo
428 3706 50 24 *kat
487 3707 132 28 gentleman

134 3726 90 32 '.ef^ed
241 3728 63 23 them
362 3739 152 22 consequence
524 3735 25 23 of
560 3735 61 26 their

42 3752 36 18 not
87 3757 94 23 arriving
190 3754 76 24 within
276 3752 39 27 the
327 3758 56 22 time
393 3761 89 25 agreed.
503 3758 3 10 !

309 3791 36 22 W.
362 3793 26 22 B.
403 3793 96 25 Rhodes
513 3797 21 22 &
548 3798 40 22 Co.

198 3822 21 23 5,
231 3822 58 23 1843.

42 3857 166 56 CFoflE?^
217 3867 173 31 ?4RTIES,for
399 3871 46 26 sale
456 3879 66 19 atthe
531 3878 87 32 Gazette

64 3913 70 28 Sugar
138 3924 85 22 papeira,

64 3939 70 26 Bknk
138 3946 74 22 j»u*ic
224 3946 72 29 bflob,

802 716 89 20 Town
908 716 31 20 of
951 717 167 22 Manewatu.

670 749 92 49 THE
782 748 215 25 PROPRIETORS
1021 750 26 22 of
1070 750 39 23 the
1113 753 5 8 1
1131 750 62 24 three
1202 750 45 22 'first

757 776 87 21 choices
859 776 71 22 at-the
948 776 43 22 last
1005 777 107 21 selection
1123 778 25 21 of
1162 780 85 24 country

668 803 71 26 lands,
752 802 82 28 having
852 803 140 22 determined
1005 811 61 19 upon
1082 804 39 22 the
1138 805 40 21 site
1193 804 33 22 for
1240 810 7 15 a

682 837 93 22 TOWN
790 837 43 22 ON
846 837 67 22 THE
928 833 188 35 MANEWATU
1131 838 106 26 RIVER,

668 864 57 21 after
728 865 78 20 several
814 865 61 19 visits
884 868 22 17 to
913 864 40 21 the
962 864 187 28 iieighbouroood,
1160 865 47 22 and
1216 864 31 23 the!

668 894 57 19 most
744 891 95 27 careful.
846 891 45 22 and
911 891 83 22 minute
1014 892 150 21 examination
1179 891 27 22 of
1217 891 30 21 the

669 922 70 17 entire
756 919 91 26 district,'
862 917 72 22 aided'
984 917 37 22 the
1036 918 145 28 professional
1195 917 52 28 skilly

668 945 25 22 '«.
699 945 105 27 owledge,
823 945 45 22 and
882 945 136 27 experience,
1029 945 25 22 of
1065 945 38 22 the
1118 948 61 19 most
1193 950 54 17 com>

669 974 75 24 petent
751 971 88 28 judges,
855 978 94 21 propose
964 975 23 18 to
1003 972 53 22 offer
1066 972 33 21 for
1117 971 103 29 disposal,
1231 974 16 19 at

816 999 37 21 the
868 1001 90 25 present
967 999 59 26 time,
1037 999 69 21 about

669 1028 216 25 TWENTY-FIVE
921 1030 105 26 ACRES,
1066 1030 35 22 IN
1139 1029 108 23 ALLOT-

670 1056 111 27 MENTS,
796 1056 86 23 EACH
903 1056 40 21 OF
968 1056 62 24 ONE
1051 1056 149 24 QUARTER
1214 1055 33 23 OF

882 1082 45 22 AN
944 1083 89 22 ACRE.

678 1130 4 4 .
693 1109 48 22 The
750 1113 48 24 spot
807 1110 51 21 thus
867 1110 105 23 selected,
976 1117 109 20 possesses
1095 1109 38 23 the
1143 1113 58 19 most
1215 1117 32 14 ex-

666 1136 87 21 tensive
766 1136 99 26 frontage
880 1138 23 19 to
922 1136 55 30 deep
990 1139 67 19 water
1071 1137 27 22 of
1106 1144 47 25 any
1168 1144 29 15 on
1215 1136 32 22 the

666 1162 65 21 river.
760 1162 22 21 It
798 1162 19 21 is
836 1162 96 21 situated
948 1162 47 26 just
1008 1165 22 18 at
1046 1162 48 22 that
1113 1164 64 26 point
1196 1164 51 21 from

729 1188 71 22 which
809 1195 14 14 a
832 1188 54 21 road
898 1188 73 22 would
979 1189 90 22 Branch'
1074 1189 34 22 off
1115 1194 23 18 to
1146 1190 39 22 the

668 1222 94 15 WOODED
784 1222 46 15 AND
851 1222 99 14 FERTILE
971 1222 114 15 DISTRICTS
1107 1224 76 15 ALONG
1207 1223 40 16 THE

835 1248 56 15 BASE
905 1249 27 14 OF
948 1249 45 15 THE
1000 1244 81 26 VHIILS;
1098 1261 2 4 .
1171 1253 1 4 '
1212 1260 4 6 ,
1236 1262 3 4 .

666 1268 44 21 and
722 1268 69 22 above
802 1268 73 21 which
885 1268 37 22 the
938 1269 127 25 navigation
1078 1269 36 22 for
1124 1270 81 22 vessels
1214 1270 33 22 be-

666 1302 75 14 comes
750 1296 85 24 tedious,
845 1296 25 24 if
875 1297 37 18 not
921 1296 88 25 difficult
1033 1295 34 22 .Tt
1074 1296 17 21 is
1098 1296 109 26 therefore
1214 1297 33 26 thft

863 1322 63 27 point
1019 1322 36 22 the
1144 1320 2 7 '
1176 1327 3 3 '

667 1355 88 22 LAND
771 1355 66 22 AND
851 1355 115 23 WATER
981 1356 162 25 CARRIAGE
1158 1357 89 24 MEET,

667 1387 43 21 and
720 1387 71 21 where
802 1394 13 15 a
824 1387 70 22 Town
912 1395 60 14 must
988 1395 28 14 be
1030 1393 91 17 formed
1139 1388 65 23 when
1212 1389 35 22 the

667 1413 85 22 district
767 1414 18 21 is
794 1414 87 21 settled.
912 1414 22 21 It
943 1421 44 15 was
997 1414 95 23 selected
1110 1416 29 26 by
1150 1416 38 21 the
1200 1416 47 21 Sur-

667 1441 80 26 veying
758 1441 56 21 Staff
826 1448 23 14 as
860 1441 38 21 the
908 1442 137 23 rendezvous
1052 1442 37 23 for
1098 1442 64 23 .their
1176 1442 60 27 body
1242 1449 5 20 j

667 1467 42 22 and
720 1467 40 22 has
769 1468 56 21 been
835 1475 51 14 now
899 1468 79 27 found,
988 1469 56 21 after
1054 1469 87 22 several
1157 1470 90 21 months'

666 1494 103 26 location*,
781 1498 21 17 to
816 1494 28 21 be
852 1494 39 21 the
901 1498 59 18 most
974 1495 165 27 advantageous
1148 1496 99 28 position,

666 1520 57 23 from
739 1521 28 21 its
781 1520 97 28 peculiar
899 1522 86 27 facility
1001 1522 25 22 of
1037 1522 113 28 approach
1160 1522 53 23 both
1223 1523 24 27 by

666 1547 54 22 land
729 1548 45 21 and
783 1552 73 17 water.
1040 1557 2 5 ■

694 1574 28 22 In
731 1574 154 23 confirmation
896 1575 26 22 of
927 1575 39 22 the
976 1576 130 27 superiority
1116 1576 27 23 of
1150 1576 45 23 this
1204 1578 43 25 spot

665 1608 108 21 over.any
782 1602 62 22 other
852 1606 39 24 yet
899 1602 91 27 known,
1001 1602 39 22 the
1049 1603 91 22 Messrs.
1148 1603 99 29 Kebbell,

666 1628 58 21 after
741 1628 37 21 the
797 1629 152 22 examination
965 1630 26 21 of
1007 1629 37 22 the
1062 1629 60 22 river
1137 1630 59 21 from
1214 1629 33 22 the

668 1654 89 22 Paneiri
766 1655 45 22 Pah
821 1660 23 17 to
852 1655 30 22 its
892 1656 86 27 mouth,
990 1656 139 23 determined
1143 1663 28 15 on
1181 1660 65 19 erect
1246 1661 1 12 l

903 1683 40 26 ing
956 1682 58 23 their

666 1715 66 21 SAW
748 1715 78 23 MILL
847 1715 230 23 IMMEDIATELY
1092 1716 155 23 OPPOSITE.

664 1748 49 23 The
731 1748 70 23 works
819 1748 25 22 of
859 1749 51 22 that
927 1750 168 22 establishment
1113 1757 38 15 are
1171 1754 23 18 at
1209 1750 38 22 this

665 1779 101 19 moment
783 1776 22 21 in
820 1776 64 28 rapid
899 1783 108 21 progress,
1024 1776 44 23 and
1086 1777 39 22 die
1143 1777 104 28 proposed

664 1801 71 23 Town
745 1802 43 23 will
797 1803 134 27 necessarily
937 1804 91 27 partake
1034 1804 27 21 of
1066 1804 44 21 this
1118 1804 129 28 advantage.

692 1835 50 23 The
761 1835 90 23 nucleus
866 1835 26 22 of
908 1843 14 14 a
939 1836 68 22 Town
1023 1837 26 26 is,
1058 1837 24 21 in
1097 1837 53 27 fact,
1161 1837 86 29 already

666 1861 96 27 created,
772 1862 28 27 by
809 1862 37 22 the
858 1863 165 22 concentration
1038 1863 26 22 of
1077 1863 38 22 the
1127 1865 120 26 Surveying

666 1888 58 22 Staff
730 1896 30 14 on
770 1888 46 22 that
825 1892 55 23 spot,
893 1896 24 14 as
925 1889 39 22 the
974 1893 73 20 centre
1063 1890 26 22 of
1099 1891 148 23 communica-

665 1915 45 22 tion
722 1918 23 19 to
756 1915 35 21 the
801 1915 149 28 surrounding
960 1915 96 28 district';
1072 1917 39 21 the
1121 1918 97 22 erection
1229 1917 18 23 of

667 1942 89 22 Messrs.
768 1942 114 22 Kebbell's
898 1943 50 21 Saw
964 1943 62 21 Mills
1042 1944 112 29 opposite';
1171 1944 76 28 by^th*i

651 1986 4 4 .
664 1972 164 23 arrangement*
842 1969 405 31 for-^-^^nam^cuetahSfare^

664 1994 45 22 and
718 1995 31 27 by
757 1994 35 22 the
802 1995 43 21 late
855 1995 134 31 application
996 1996 33 20 for
1037 2003 15 14 a
1058 1997 109 21 Licensed
1175 1995 72 25 H#use

664 2028 27 14 on
700 2021 39 21 the
745 2025 52 27 jpart
806 2022 25 20 of
843 2028 29 16 an
881 2022 124 21 individual
1019 2022 48 22 who
1082 2023 49 27 has,
1141 2023 61 23 since
1213 2025 34 21 the

653 2048 128 22 -formation
798 2048 25 21 of
838 2048 38 24 the
893 2048 92 27 Colony,
999 2049 97 27 pursued
1143 2051 104 23 lucrative

664 2074 63 22 trade
739 2075 50 21 with
798 2074 38 22 the
846 2075 94 27 natives,
952 2075 45 23 and
1007 2075 71 23 whose
1091 2077 129 28 knowledge
1228 2079 19 21 of

664 2101 37 22 the
711 2101 134 27 advantages
856 2102 26 21 of
888 2102 38 23 the
937 2102 99 27 position,
1045 2104 117 27 prompted
1171 2104 47 22 him
1228 2108 19 18 at

664 2135 56 15 once
731 2132 22 18 to
762 2129 72 25 prefer
843 2128 49 22 that
904 2129 141 26 application.

690 2155 49 22 The
749 2154 92 22 Natives
854 2155 31 28 by
894 2150 74 27 wfiom
984 2156 42 22 this
1036 2157 53 21 land
1100 2164 45 15 was
1155 2158 92 22 claimed

663 2189 37 14 are
711 2182 61 27 quite
781 2182 108 27 prepared
898 2185 23 18 to
929 2182 51 27 give
986 2190 30 21 up
1023 2185 130 26 possession,
1161 2185 44 22 and
1211 2193 36 15 are

663 2209 144 27 exceedingly
817 2209 95 21 anxious
924 2213 23 17 to
962 2209 57 22 have
1028 2218 14 14 a
1051 2211 119 28 European
1179 2220 68 20 popu-

662 2235 67 22 lation
741 2242 80 20 among
831 2235 67 28 them,
911 2235 83 28 having
1011 2237 55 22 been
1075 2245 61 20 upon
1146 2239 37 21 the
1193 2243 54 18 most

661 2262 97 30 friendly
765 2262 84 27 footing
859 2262 55 22 with
922 2263 38 21 the
972 2264 124 27 Surveying
1106 2265 59 22 Staff
1169 2265 78 27 during

659 2289 38 22 the
707 2289 51 22 four
767 2296 23 14 or
800 2289 42 22 five
851 2289 90 22 months
951 2290 53 27 they
1024 2291 56 21 have
1096 2292 56 22 been
1162 2292 85 23 located

659 2316 72 23 there.

688 2343 34 22 As
732 2343 37 22 the
777 2343 138 27 Proprietors
923 2351 94 20 purpose
1025 2348 22 18 to
1058 2344 87 29 dispose
1155 2346 26 22 of
1186 2347 41 21 but
1236 2354 11 14 a

660 2370 86 22 limited
761 2370 86 27 portion
864 2370 28 22 of
901 2370 39 22 the
955 2371 68 22 Town
1039 2375 23 18 at
1078 2376 98 24 present,
1197 2374 50 30 they

659 2397 80 28 pledge
749 2397 131 22 themselves
889 2397 55 28 that,
956 2401 23 18 at
988 2405 28 15 no
1035 2398 73 22 future
1118 2399 63 28 sales,
1193 2401 54 22 shall

661 2424 37 21 the
709 2425 126 21 allotments
844 2424 28 22 be
882 2427 40 25 put
928 2431 30 20 up
969 2428 23 18 at
1000 2433 14 14 a
1024 2422 44 26 less
1078 2434 50 14 sum
1138 2427 54 21 than
1201 2435 46 15 now

661 2451 90 22 offered.

687 2480 22 21 A
729 2479 130 27 Prospectus
878 2478 46 22 and
944 2478 55 23 Plan
1019 2480 26 22 of
1059 2480 38 22 the
1115 2481 69 22 Town
1205 2482 42 22 will

660 2505 86 28 shortly
756 2506 25 22 be
790 2505 68 28 ready
867 2505 36 22 for
911 2505 124 28 inspection
1051 2510 22 19 at
1085 2508 39 22 the
1135 2508 81 23 Offices
1226 2510 21 21 of

663 2533 89 21 Messrs.
764 2533 67 21 Waitt
840 2533 45 21 and
895 2533 76 27 Tyser,
982 2533 30 22 Te
1023 2535 54 21 Aro.

687 2564 144 27 Wellington.
843 2564 67 25 April
918 2566 35 24 22,
963 2566 60 23 1842.

889 2613 42 20 On
946 2613 70 25 Sale,

662 2644 91 49 THE
783 2644 71 22 NEW
878 2646 152 23 ZEALAND
1059 2648 186 27 PORTFOLIO,

736 2671 125 22 conducted
878 2672 32 28 by
927 2673 33 22 H.
976 2674 22 21 S.
1017 2674 122 28 Chapman,
1161 2676 36 26 (of
1209 2676 38 22 the

663 2698 87 22 Middle
757 2698 108 28 Temple,)
877 2699 213 24 Barrister-at-Law.

689 2730 43 22 No.
746 2730 47 22 I.—
793 2731 22 21 A
831 2731 78 22 Letter
923 2735 23 19 to
965 2732 37 22 the
1019 2733 69 28 Right
1105 2734 64 25 Hon.
1187 2735 60 25 Lqrd

663 2757 97 27 Stanley,
779 2758 117 27 Secretary
916 2759 25 21 of
958 2760 59 22 State
1036 2761 35 21 for
1088 2761 39 22 the
1147 2762 100 24 Colonial

662 2784 152 27 Department,
848 2785 36 22 On
892 2785 38 22 the
937 2786 187 24 Administration
1131 2789 26 22 of
1160 2789 86 24 Justice

662 2811 22 21 in
694 2809 57 23 New

689 2844 44 22 No.
746 2844 61 23 ll.—
808 2846 76 22 Letter
899 2850 23 18 to
938 2846 60 23 John
1014 2848 58 23 Abel
1087 2850 80 27 Smith,
1184 2851 60 28 Esq.,

663 2871 68 27 M.P.,
807 2872 38 22 the
852 2873 146 28 Advantages
1005 2875 70 23 which
1082 2877 75 21 would
1166 2884 79 16 accrue

661 2902 22 18 to
692 2898 94 28 English
797 2900 125 27 Capitalists
932 2901 57 22 from
999 2902 37 22 the
1047 2904 169 24 establishment
1223 2905 24 21 of

661 2933 12 14 a
682 2927 59 20 Loan
753 2927 99 26 Company
863 2927 35 22 for
906 2929 54 20 New
970 2930 97 27 Zealand,
1078 2931 86 23 similar
1176 2935 22 21 to
1208 2931 37 23 the

661 2953 126 22 Australian
797 2954 66 23 Trust

687 2980 43 22 No.
840 2982 36 21 An
889 2982 98 23 Address
997 2987 22 19 to
1029 2984 37 22 the
1077 2984 57 23 New
1145 2985 100 23 Zealand

660 3007 65 22 Land
735 3008 135 28 Proprietors
880 3010 99 22 resident
991 3010 25 23 in
1025 3011 38 23 the
1073 3011 85 23 United
1174 3013 71 26 King-

659 3034 58 27 dom,
729 3042 30 15 on
774 3036 84 21 several
873 3039 93 20 matters
976 3038 26 21 of
1007 3038 138 28 importance
1155 3043 23 19 to
1188 3039 57 23 their

685 3088 44 22 No.
746 3088 41 22 IV.
788 3100 28 5 —
844 3090 35 22 On
899 3090 39 22 the
958 3091 114 23 Financial
1091 3093 114 23 condition
1222 3093 25 22 of

659 3114 55 22 New
856 3117 31 27 by
896 3118 93 22 Charles
997 3119 75 28 Terry,
1085 3120 60 28 Esq.,
1155 3121 88 24 F.R.S.,

660 3143 80 20 r.S.A.

685 3168 44 22 No.
745 3168 57 22 V.—
802 3171 20 20 l.
1056 3180 29 15 on
1110 3173 134 28 facilitating

659 3195 138 27 Emigration
819 3199 25 19 to
866 3197 57 22 New
947 3199 107 28 Zealand,
1073 3201 30 27 by
1124 3208 78 15 means
1221 3201 26 21 of

659 3221 115 23 Moderate
793 3222 99 29 Charges
906 3225 36 21 for
961 3225 66 23 Chief
1044 3227 42 22 and
1103 3228 139 24 Fore-Cabin

817 3250 27 22 In
854 3258 14 14 a
878 3250 79 23 Letter
966 3255 23 19 to
999 3253 83 28 Joseph
1092 3256 85 25 Somes,
1190 3255 51 26 Esq.

658 3276 39 21 &c.
708 3276 41 22 &c.
778 3276 33 28 By
821 3277 31 21 H.
864 3278 23 22 S.
899 3278 122 28 Chapman.

684 3304 20 21 2.
746 3303 22 22 A
777 3304 75 22 Letter
862 3312 29 14 on
902 3305 106 29 Banking
1017 3307 24 22 in
1051 3308 55 23 New

657 3329 35 27 By
701 3330 87 22 Arthur
796 3331 25 22 T.
834 3332 110 28 Holroyd,
956 3333 53 29 Esq.

683 3363 44 22 No.
835 3365 160 24 Observations
1010 3375 27 15 on
1047 3368 37 23 the
1096 3369 145 28 Advantages

657 3389 25 26 of
694 3397 14 15 a
725 3391 183 28 Representative
923 3394 121 28 Assembly
1058 3396 36 22 for
1114 3397 57 24 New
1186 3396 56 23 Zea-

656 3416 60 25 land.

683 3444 98 23 General
791 3445 47 23 title
848 3446 46 23 and
903 3447 151 25 introduction
1064 3453 23 19 to
1097 3450 38 22 the
1147 3450 81 22 Series.

843 3485 70 16 PRICE
931 3488 119 16 SIXPENCE.

683 3509 87 21 Gazette
780 3509 78 28 Office,
870 3511 69 28 Sept.,
949 3513 63 21 1843.

656 3555 90 48 THE
868 3558 120 21 Examiner
1010 3560 43 20 and
1073 3561 54 21 New
1150 3559 94 23 Zealand

729 3582 108 23 Chronicle
851 3584 130 30 (puhJisheH
990 3589 22 18 at
1021 3586 103 28 Nelson,)
1140 3587 19 22 is
1176 3594 66 21 regu-

651 3608 57 28 larly
728 3610 140 23 transmitted
880 3614 26 19 to
922 3610 145 31 WelUngton,
1086 3613 46 23 and
1147 3620 53 22 may
1214 3614 27 22 be

652 3635 44 23 had
704 3639 25 19 at
738 3636 38 23 the
786 3638 61 22 office
858 3638 26 22 of

678 3667 49 23 The
736 3669 78 22 Nelson
819 3668 121 24 -Examiner
955 3672 45 21 will
1008 3673 28 22 be
1046 3673 71 22 found
1126 3680 30 15 an
1167 3673 74 22 excel-

650 3695 49 22 lent
706 3695 99 24 medium
814 3697 35 22 for
859 3697 141 24 advertisers.
1108 3708 5 3 -
1129 3702 2 7 '
1169 3721 7 5 „
1202 3706 4 3 '

677 3727 80 23 Terms
760 3728 38 23 for
807 3728 38 23 the
854 3737 76 21 paper,
941 3733 37 20 ten
987 3731 100 27 shillings
1101 3739 41 20 per
1151 3734 91 25 quarter

650 3755 94 27 payable
753 3755 24 22 in
785 3755 109 24 advance.
1197 3770 2 5 ■

678 3786 82 23 Orders
782 3787 33 23 for
835 3789 38 22 the
896 3796 69 21 paper
986 3789 45 23 and
1054 3789 186 23 advertisements

649 3813 104 27 rpceived
762 3817 22 19 at
793 3815 38 22 the
842 3815 73 23 Office
924 3816 27 22 of
962 3816 44 22 this
1015 3823 76 20 paper.

720 3859 54 21 For
788 3860 71 25 Sale,
874 3861 93 25 Seeds,
982 3866 36 15 ex

649 3892 95 49 JUST
766 3893 121 27 received,',
896 3900 15 14 a
922 3894 4 4 '
934 3893 102 23 valuable
1059 3897 137 20 assortment
1215 3895 26 22 Of
1246 3902 2 5 •

712 3919 62 23 freßh
781 3920 70 22 Seeds
860 3921 60 21 from
931 3920 101 22 London.

699 3953 94 22 Gaeettt)
826 3953 81 28 Office,
920 3954 89 27 August
1019 3955 33 27 11,
1064 3955 61 24 1848.

1286 716 63 22 Just
1359 718 133 26 received,
1504 724 35 15 ex
1677 720 55 21 and

1284 755 50 49 A
1345 756 107 22 LARGE
1468 750 162 33 QUANTITY
1641 757 40 22 OF
1696 757 172 33 BLANKETS,

1362 782 64 22 West
1441 783 25 22 of
1479 782 104 30 England
1597 781 109 31 superfine
1720 785 75 23 broad.
1800 785 67 26 cloth,

1253 811 2 14 1
1284 807 59 28 blue,
1352 807 76 30 black,
1441 810 53 22 dark
1503 818 74 20 green,
1592 811 87 22 Oxford
1693 811 114 28 mixtures,
1818 812 50 27 &c.,

1254 852 5 17 j
1283 834 55 27 pilot
1348 835 67 28 doth,
1426 837 89 27 flannel;
1526 839 3 5 '
1551 841 3 4 '
1618 840 3 4 '
1651 854 3 8 ,
1701 840 4 5 '

1254 859 5 10 *
1310 861 22 24 A
1350 863 105 28 quantity
1475 864 25 21 of
1512 867 78 24 grass,.
1599 864 99 28 vetches,
1718 865 79 27 clover,
1823 865 45 24 and

1254 897 6 19 p
1284 887 85 28 garden
1378 890 71 27 seeds,
1459 891 128 27 stationery,
1597 894 96 19 account
1701 891 75 28 books,
1811 896 3 3 '

1254 919 6 21 !■•
1310 914 132 30 Iron-waVe,
1453 920 36 18 tea
1498 915 88 29 kettles,
1597 917 49 23 iron
1657 922 39 21 &a.u
1693 918 3 6 (
1697 915 87 32 c'epans,

1310 942 22 21 A
1343 940 85 31 variety
1439 944 27 21 of
1472 943 71 22 China
1552 945 43 21 and
1606 943 52 24 blue
1667 948 70 24 ware,'
1770 964 4 3 .
1789 951 4 3 •
1814 950 4 5 •

1254 978 2 14 i
1311 968 60 28 Pins,
1381 970 99 27 needles,
1491 971 45 21 and
1545 971 113 28 thimbles,
1669 976 36 18 tea
1714 976 65 23 trays,

1312 995 20 22 A
1341 996 60 27 large
1421 997 137 22 assortment'
1573 997 25 22 of
1613 998 46 22 fine
1676 1002 45 24 cut,
1729 999 59 27 clasp
1802 999 65 27 nails,

1253 1041 2 5 .
1283 1021 61 23 hand
1350 1023 46 22 and
1405 1023 72 22 frame
1482 1031 45 15 saw
1534 1025 54 27 files,
1595 1025 188 25 Britanniametal
1790 1026 77 27 goods,

1254 1056 2 11 !.
1283 1050 128 26 percussion
1421 1057 58 19 guns
1487 1051 45 21 and
1542 1051 112 28 caps;-b6d
1663 1058 85 21 screws;
1755 1056 34 19 rat
1800 1056 67 24 traps,

1284 1075 103 23 standard
1397 1077 78 26 scales,
1486 1077 66 27 globe
1561 1078 59 27 glass
1628 1079 97 26 reading
1732 1079 76 28 lamps,
1814 1080 55 21 'iron

1253 1121 2 5 ,
1284 1103 103 27 weights,-
1392 1103 55 22 seed
1456 1103 80 28 wheat',
1548 1105 40 21 &c.
1625 1113 3 4 •
1697 1113 4 3 -
1717 1112 5 5 -
1793 1108 40 11 •'•■

1253 1145 2 7 .
1394 1135 3 7 '
1433 1141 3 5 •
1588 1138 2 4 '
1640 1141 4 2 ■
1661 1131 84 23 'James
1759 1133 81 22 Mayo.

1310 1161 99 24 Herbert
1418 1163 79 26 Street,
1507 1163 32 22 Te
1550 1164 52 27 Aro,
1615 1162 60 30 Septi
1686 1166 19 26 1,
1717 1166 59 21 1843.

1513 1209 42 21 On
1570 1209 70 26 Sale,

1284 1240 71 49 EX
1371 1255 3 6 >
1392 1242 121 26 Vanguard,
1553 1243 62 26 Tyne,
1628 1244 4 6 '
1646 1243 43 22 and
1703 1253 4 8 *
1719 1243 70 22 'other
1823 1244 46 22 late

1360 1270 125 21 arrivals—-'
1508 1283 6 3 -

1253 1307 2 16 ;
1310 1299 59 27 Port,
1381 1300 138 27 Tarragona,
1529 1300 46 22 and
1585 1300 97 28 Malaga'
1685 1301 66 22 wines
1757 1303 24 21 in
1793 1303 76 26 wood,

1282 1324 77 29 sherry
1378 1326 59 22 wine
1454 1327 25 21 in
1497 1327 77 25 bottle,
1597 1327 46 22 fine
1667 1334 90 21 cognac
1774 1329 95 28 brandy,

1282 1352 108 28 blankets,
1409 1353 77 27 prints,
1505 1353 87 27 shawls,
1609 1354 77 25 scarfs,
1698 1355 29 21 de
1736 1355 77 28 lames,
1825 1357 45 21 and

1254 1377 1 32 \
1284 1386 13 14 a
1305 1380 85 27 variety
1397 1380 27 21 of
1431 1381 63 21 other
1504 1380 63 27 piece
1577 1381 70 26 goods
1656 1381 45 22 and
1708 1382 57 28 slops
1773 1390 7 19 ;
1790 1383 78 28 spices,

1254 1406 9 16 '-'
1283 1407 42 20 viz.
1327 1417 27 4 —
1355 1410 110 25 nutmegs,
1475 1407 84 27 cloves,
1574 1408 87 27 ginger,
1675 1409 75 27 cassia,
1761 1410 107 28 pimento;

1283 1440 110 20 carraway
1409 1434 70 26 seeds,
1496 1442 67 19 sago:
1584 1435 66 21 black
1665 1435 45 22 and
1729 1443 65 20 green
1814 1440 54 24 teas,

1253 1470 2 16 :
1273 1460 85 27 .coffee,
1374 1468 75 19 sugar,
1467 1461 72 22 China
1557 1469 122 20 preserves,
1699 1463 74 22 lemon
1793 1471 75 20 syrup,

1284 1486 67 28 hams,
1371 1488 88 26 raisins,
1484 1488 80 22 cheese
1573 1496 5 20 ;
1603 1489 73 21 men's
1700 1489 73 28 strong
1795 1491 72 26 boots,
1869 1493 2 5 '

1253 1530 2 4 .
1281 1512 101 29 leather,,
1382 1515 48 21 and
1444 1515 118 27 grindery;
1579 1523 28 14 an
1622 1516 90 24 invoice
1720 1517 35 21 -of
1770 1519 99 22 assorted

1284 1540 98 28 sadlery;
1409 1549 14 14 a
1442 1542 59 27 large
1525 1543 104 26 quantity
1654 1543 26 21 of
1701 1544 101 22 Colonial
1824 1545 45 23 and

1253 1583 2 14 ;
1282 1567 120 27 American
1414 1568 93 27 timber,.
1512 1569 74 27 slates,
1597 1570 91 24 biscuits
1699 1571 44 21 and
1757 1571 111 28 crackers,

1284 1595 90 21 tobacco
1392 1595 26 22 in
1437 1597 69 22 2001b
1524 1595 61 28 kegs,
1606 1597 104 27 feathers,
1729 1599 138 25 turpentine:

1254 1630 7 15 ;,
1284 1621 64 22 white
1367 1621 83 28 clover,
1465 1623 102 28 timothy,
1588 1623 44 22 and
1650 1631 62 20 grass
1727 1624 68 27 seeds,
1816 1625 54 22 seed

1253 1647 2 26 \
1284 1647 75 28 barley
1366 1656 5 19 ;
1393 1649 84 22 bullets
1495 1649 45 23 and
1558 1650 68 27 flints,
1652 1651 46 21 and
1716 1658 14 14 a
1743 1651 85 28 variety
1847 1653 23 21 of

1284 1675 62 21 other
1355 1676 89 22 articles
1452 1676 73 22 suited
1535 1681 23 17 to
1569 1677 37 22 the
1618 1681 71 19 wants
1699 1678 27 21 of
1732 1678 34 22 the
1775 1679 95 28 Colony.

1561 1710 36 22 W.
1613 1711 27 22 B.
1658 1712 94 21 Rhodes
1766 1712 21 22 &
1802 1712 38 22 Co.

1254 1755 1 17 f
1299 1736 100 27 .August
1409 1736 34 26 17,
1454 1738 60 21 1843.

1481 1783 44 21 Ex

1371 1815 79 24 SALE
1464 1816 29 28 by
1508 1816 38 23 the
1562 1816 179 29 undersigned—

1325 1862 13 8 
1362 1842 84 23 Hunt's
1455 1844 99 27 superior
1564 1844 37 22 old
1611 1848 52 24 port
1671 1845 64 27 .wine,
1750 1846 85 21 bottled
1846 1846 24 22 in

1284 1869 91 27 Oporjo,

1309 1896 105 28 Hosiery,
1425 1896 55 28 lace,
1491 1897 47 22 and
1546 1898 96 27 netting,

1298 1940 3 3 .
1308 1922 167 29 Earthenware,
1487 1924 50 22 well
1546 1925 108 26 assorted,
1665 1946 6 9 x

1291 1962 12 10 .•■
1308 1948 155 35 CltamapJonjS:
1475 1951 47 31 9°*'
1523 1959 11 14 8
1545 1959 11 13 v
1559 1959 12 19 '.
1567 1959 28 14 ne
1595 1959 31 21 S5-
1626 1959 12 16 K
1645 1959 8 22 f
1654 1959 15 15 n
1680 1952 188 28 halfhogsjueada.

1278 1974 89 35 '^-V
1388 1974 9 9 *
1622 1978 6 9 r
1629 1978 22 27 r
1663 1976 89 33 Wit'iis
1765 1987 22 21 &
1801 1987 38 22 Co.

1308 2016 146 28 Wellington,
1466 2018 89 26 August
1566 2020 33 24 14,
1611 2020 61 20 1848.

1520 2063 54 21 For
1590 2063 70 25 Sale,

1281 2093 158 50 WHEAT
1459 2094 66 21 AND
1547 2095 111 27 FLOUR,
1675 2096 37 21 the
1731 2096 96 27 produce
1845 2096 25 23 of

1376 2120 38 22 the
1425 2120 65 27 Hutt,
1501 2121 24 22 in
1541 2122 54 27 bags
1607 2122 104 28 (200Ifes,)
1724 2128 23 16 at
1762 2124 34 23 £2
1811 2125 56 26 10a.,

1282 2147 49 22 half
1346 2148 53 25 bags
1418 2148 32 21 £1
1472 2149 31 20 ss.
1543 2149 57 26 Bags
1621 2152 22 18 to
1663 2150 28 21 be
1710 2150 111 27 returned,
1842 2159 26 14 or

1282 2174 94 27 charged
1391 2175 32 20 2s.
1439 2174 36 22 6d.
1504 2175 55 22 Also
1569 2183 13 14 a
1592 2176 64 21 small
1673 2176 100 28 quantity
1784 2178 25 21 of
1814 2178 54 22 seed

1282 2201 74 28 spring
1365 2201 47 22 and
1422 2202 78 23 winter
1510 2202 73 22 wheat
1592 2202 44 22 and
1646 2203 94 24 bkinless
1750 2204 83 28 barley.

1309 2235 74 27 Apply
1394 2238 23 18 to
1434 2235 90 22 Messrs.
1536 2236 97 22 Rhodes
1650 2237 46 21 and
1708 2238 45 26 Co.,
1764 2237 33 23 Te
1814 2239 53 27 Aro,

1282 2269 24 15 or
1315 2265 23 18 to
1348 2262 44 22 Mr.
1408 2263 128 26 Swainson,
1553 2263 152 28 Hawkshead,
1717 2264 68 23 River
1801 2265 67 23 Hutt.

1308 2293 55 28 July
1371 2295 21 25 4,
1405 2295 62 21 1843.

1284 2339 69 50 ON
1370 2339 85 27 SALE,
1465 2342 22 19 at
1496 2340 38 22 the
1545 2341 74 21 Stores
1629 2342 25 20 of
1662 2341 37 22 the
1711 2342 156 27 undersigned,

1358 2374 29 15 vx
1398 2368 100 20 Scotia—

1389 2398 76 28 Flour,

1376 2448 3 5 ,
1390 2425 64 28 Rice,

1390 2453 78 27 Sugar,

1389 2479 98 28 Brandy,

1391 2507 88 22 Bottled
1489 2507 35 22 ale
1534 2507 45 22 and
1590 2511 83 25 porter,
1684 2509 101 27 Dunbar,

1524 2535 99 22 Thomas
1639 2535 38 22 M.
1689 2536 149 22 Machattie.

1307 2559 65 28 Apri!
1381 2561 19 26 7,
1416 2562 60 21 1843.

1446 2606 90 24 Beach
1553 2608 147 26 Frontage.

1282 2639 64 49 TO
1361 2640 39 22 BE
1416 2640 65 27 LET,
1496 2641 71 21 beach
1578 2641 102 26 frontage
1696 2641 42 22 lots
1747 2642 23 21 in
1781 2645 87 20 section

1351 2669 42 19 490
1403 2674 30 15 on
1449 2667 37 22 the
1497 2667 56 23 Plan
1564 2668 28 21 of
1597 2667 38 22 the
1645 2669 68 21 Town
1729 2669 24 22 of
1759 2669 109 28 Welling-

1278 2697 46 22 ton,
1336 2694 116 27 adjoining
1461 2695 44 21 Mr.
1513 2695 89 22 Taine's
1610 2698 69 24 store;
1695 2695 44 22 and
1745 2696 26 21 in
1781 2697 87 22 section

1277 2721 48 26 616,
1333 2721 101 23 between
1444 2721 75 28 Major
1526 2721 92 23 Baker's
1628 2722 45 22 and
1681 2723 45 21 Mr.
1734 2723 134 22 Swainson's

1279 2746 87 24 houses.
1468 2765 4 3 .
1486 2752 3 16 I
1541 2760 2 8 i
1661 2763 4 4 .

1305 2775 55 21 Also
1371 2774 37 22 the
1418 2775 113 27 following
1541 2775 96 24 sections
1647 2784 30 13 on
1687 2776 38 21 the
1733 2777 54 22 Plan
1796 2777 27 22 of
1829 2777 38 22 the

1277 2800 77 29 Town,
1366 2802 46 22 viz:
1414 2813 29 5 —

1378 2834 29 21 55
1543 2836 43 21 519
1735 2837 39 21 022

1367 2862 42 21 240
1544 2862 41 21 718
1725 2864 49 21 1079

1304 2888 75 27 Apply
1393 2891 25 18 to

1454 2915 26 24 E,
1496 2915 23 24 J,
1534 2915 151 26 Wakbfjeid,
1701 2923 26 15 or

1452 2946 35 21 W.
1504 2947 27 21 V.
1548 2947 108 26 Brewer,
1672 2948 193 22 Manners-street.

1440 2992 42 21 Ex

1275 3025 103 51 NOW
1390 3025 157 28 LANDING,
1563 3025 44 23 and
1616 3033 30 15 on
1656 3026 51 22 Sale
1719 3029 22 19 at
1751 3026 37 22 the
1799 3027 65 21 Store

1356 3053 26 21 of
1388 3053 39 22 the
1441 3052 179 27 undersigned-

1302 3085 109 22 Blankets
1432 3086 31 26 11,
1480 3086 32 25 12,
1527 3084 45 23 and
1590 3087 25 21 13
1633 3089 108 24 quarters,
1760 3085 105 27 superior

1275 3112 91 28 quality,
1381 3126 4 4 -
1712 3121 3 5 '
1806 3123 3 5 •
1832 3114 7 17 '.

1301 3139 73 22 Bottle
1381 3139 76 26 fruits,
1470 3142 108 24 currants,
1588 3139 88 27 rais'ns,

1301 3166 86 23 Lemon
1399 3173 67 21 syrup
1475 3166 24 21 in
1514 3166 78 27 bottle,
1602 3166 48 28 gin,
1656 3166 50 25 .'and
1715 3174 14 14 a
1738 3167 87 29 variety
1839 3167 26 22 of

1275 3192 63 23 other
1346 3193 80 27 goods.

1374 3225 33 22 M.
1419 3225 30 22 A.
1459 3225 45 21 will
1522 3225 54 27 buy,
1594 3225 34 22 for
1647 3225 60 27 cash,
1728 3227 25 20 10
1768 3228 52 20 tons
1839 3225 26 22 of

1274 3252 71 22 Black
1354 3252 38 22 Oil
1402 3259 28 15 of
1438 3259 69 20 more,
1518 3259 28 15 on
1557 3252 116 22 moderate
1682 3255 73 19 terms.

1423 3287 2 7 '
1448 3293 3 4 '
1516 3286 36 23 M.
1567 3286 105 23 Asher's
1686 3285 69 28 Store,

1637 3312 111 25 Lambton
1757 3312 75 29 Quay.

1302 3339 88 27 August
1400 3340 34 26 17,
1446 3341 60 21 1843.
1700 3345 6 2 -
1743 3345 5 2 -

1327 3385 120 21 Wanted
1461 3387 29 22 to
1506 3385 144 28 purchase,
1665 3384 43 24 for
1724 3385 78 26 Cash,

1280 3422 17 35 |
1308 3422 69 35 (\f\
1402 3423 85 22 TUNS
1504 3423 54 22 OIL
1572 3423 69 22 AND
1658 3422 90 28 BONE,
1764 3422 96 23 deliver-

1280 3445 63 27 Xvf
1345 3453 31 21 V
1407 3450 51 22 able
1468 3450 23 22 in
1502 3457 25 15 or
1537 3450 69 22 about
1614 3450 73 22 Cooks
1696 3450 79 25 Straits
1787 3457 5 20 ;
1811 3450 48 22 also

1408 3485 15 14 a
1432 3477 101 28 quantity
1544 3476 26 22 of
1577 3476 51 23 Seal
1640 3472 75 27 Skins.
1733 3495 3 4 .
1760 3495 5 7 ,

1300 3508 73 29 Apply
1393 3512 23 18 to
1427 3518 5 5 •
1437 3508 91 27 Captain
1549 3508 133 27 Robertson,
1690 3513 4 3 '
1700 3509 27 22 of
1739 3509 35 22 the
1794 3510 64 26 Tyne,

1273 3541 25 15 or
1307 3538 24 18 to
1566 3539 3 3 '
1602 3540 5 2 '

1531 3562 115 24 Bethune
1661 3562 47 23 and
1719 3563 111 23 Hunter.

1300 3592 146 30 Wellington,
1456 3594 89 30 August
1556 3595 33 27 15,
1600 3596 70 21 1848.-

1379 3645 43 21 On
1437 3644 69 26 Sale,
1522 3650 36 16 ex
1567 3646 28 19 .*'
1602 3645 146 28 Brigand.'*
1793 3655 16 10 -■•

1272 3674 65 26 OK
1369 3677 115 23 CHESTS
1513 3678 207 24 GUNPOWDER
1745 3678 70 28 TEA,

1272 3700 67 24 £d*J
1394 3706 22 20 5'
1423 3709 52 17 tons
1539 3712 73 20 sugar,

1395 3733 15 20 2
1425 3732 68 28 tons'
1493 3732 82 28 Bengal
1584 3733 54 26 rice,

1398 3758 93 28 Ginger,
1503 3766 89 21 pepper,
1601 3760 43 21 Ac.
1681 3765 3 6 •

1337 3799 2 6 '
1451 3796 3 5 '
1507 3798 4 7 '
1524 3796 123 23 'BETftuNE
1663 3796 43 22 aad
1715 3796 114 24 .Hunter,

1298 3820 146 29 Wellington,
1454 3822 91 28 August
1557 3824 33 26 15,
1601 3824 62 21 1843.
1682 3835 5 5 -

1456 3873 66 21 Just
1534 3873 134 22 received.

1270 3903 127 28 T>LANS
1420 3903 27 22 of
1466 3903 39 24 the
1527 3904 70 23 Town
1616 3905 28 22 of
1650 3895 3 9 '
1661 3904 169 25 Wbiiington.

1270 3930 28 24 X
1343 3930 55 23 Plan
1420 3930 27 22 of
1453 3930 37 23 the
1501 3931 109 23 Harbour
1620 3931 26 23 of
1660 3931 56 23 Port
1733 3932 125 23 Nicholson

1297 3958 103 26 Mesaaffß
1410 3956 70 29 cards,
1569 3970 4 2 -
1747 3978 3 4 .

1952 723 207 26 IMPORTANT
2187 725 249 37 SUPPLEMENT..
2449 746 6 9 ,

1933 780 24 24 A
1974 779 184 33 supplementary
2168 781 97 24 number
2281 781 26 24 of
2324 782 40 23 the
2385 782 101 30 Gazette,

1900 814 60 30 price
1981 816 44 27 Is.,
2050 814 62 29 cash,
2134 814 21 23 is
2178 822 30 16 on
2230 814 47 24 sale
2299 819 24 19 at
2344 816 47 23 this
2412 815 74 31 office,

1900 847 133 30 containing
2044 856 14 14 a
2068 847 67 24 letter
2146 852 23 18 to
2181 847 65 24 Lord
2258 848 103 32 Stanley,
2373 854 24 19 to
2412 847 75 26 which

1899 880 20 23 is
1942 880 115 31 appended
2080 889 13 14 a
2124 880 47 24 full
2197 889 117 23 summary
2342 882 25 23 of
2395 881 30 24 all
2446 881 47 25 the.

1899 913 144 24 information
2055 919 24 17 at
2089 918 94 27 present
2194 913 76 25 before
2281 915 40 22 the
2336 914 79 32 public
2425 913 61 25 rela-

1900 946 45 23 tive
1957 952 20 17 to
1996 946 39 24 the
2054 946 46 23 late
2119 954 113 16 massacre
2249 952 24 18 at
2284 946 104 30 Wairau,
2400 947 44 24 and
2456 955 30 16 an

1900 983 94 20 account
2006 979 26 23 of
2040 979 60 23 what
2117 979 40 24 has
2169 979 82 32 passed
2263 981 24 22 in
2298 980 47 24 this
2357 981 131 24 settlement

1900 1012 53 23 with
1964 1013 115 23 reference
2091 1017 23 18 to
2134 1012 51 24 that
2196 1018 65 19 event
2281 1013 64 24 since
2356 1014 30 23 its
2406 1021 80 17 occur-

1900 1053 74 16 rence.
2016 1046 45 23 We
2079 1046 58 23 have
2156 1046 56 24 been
2230 1046 99 24 induced
2348 1052 24 19 to
2392 1054 94 25 prepare

1900 1079 46 23 this
1958 1079 150 31 Supplement
2119 1080 22 23 in
2155 1080 65 23 order
2232 1084 23 19 to
2267 1080 73 23 afford
2347 1088 42 16 our
2395 1080 96 25 reader*

1901 1112 37 23 the
1956 1120 77 16 means
2051 1113 26 23 of
2092 1113 98 30 sending
2206 1113 67 23 home
2291 1113 31 32 by
2333 1113 40 24 the
2390 1106 97 35 Is/etson,

1900 1145 59 24 what
1978 1153 33 16 we
2032 1146 87 23 believe
2136 1146 47 23 will
2201 1154 69 24 prove
2288 1152 23 18 to
2323 1146 30 25 be
2363 1150 20 21 a'
2388 1143 42 27 full
2441 1150 47 21 and

1901 1184 102 18 accurate
2023 1184 98 18 account
2138 1179 25 24 of
2181 1179 37 24 the
2237 1185 61 18 most
2310 1180 88 24 serious
2409 1179 78 32 public

1901 1217 66 18 evenl
1976 1212 76 24 which
2062 1213 42 23 has
2117 1213 106 23 occurred
2234 1214 62 22 since
2306 1213 39 24 the
2354 1213 134 24 foundation

1902 1244 25 24 of
1936 1245 37 23 the
1985 1246 99 30 Colony.

1929 1313 63 21 Just
2013 1314 116 26 opened,
2144 1314 56 20 and
2213 1314 43 21 for
2277 1315 62 21 Sale
2360 1312 37 29 by
2412 1315 44 21 the

2096 1345 195 28 undersigned,

1903 1383 249 50 GENTLEMEN'S
2174 1384 143 28 Wellington,
2336 1386 63 28 drab,
2420 1386 66 25 black;

1981 1411 88 26 button,
2081 1411 44 21 and
2134 1409 106 24 Ciarence
2249 1412 72 27 boots,

1929 1442 102 27 Blucher,
2044 1443 110 27 Oxonian,
2167 1443 44 22 and
2224 1444 58 27 light
2296 1444 98 28 walking
2409 1444 75 29 shoes,

1929 1469 106 27 Working
2045 1470 71 21 men's
2125 1470 76 21 nailed
2211 1470 49 23 half
2266 1472 72 26 boots,

1929 1496 65 27 Boys'
2006 1496 64 21 shoes
2079 1496 44 22 and
2133 1500 60 19 stout
2201 1497 49 22 half
2256 1498 70 27 boots,

1930 1523 65 22 Girls'
2011 1524 44 21 and
2068 1524 122 23 children's
2205 1524 65 23 shoes
2280 1525 47 22 and
2337 1525 60 22 cloth
2406 1526 78 25 button

1901 1550 70 27 boots,

1929 1576 86 23 Ladies'
2045 1576 60 23 cloth
2133 1577 72 27 boots,
2232 1577 158 23 double-soled
2411 1579 73 28 shoes,

1903 1604 109 26 Morocco,
2023 1604 89 27 lasting,
2122 1604 45 22 and
2177 1604 85 23 French
2272 1609 78 25 carpet
2358 1606 97 29 slipper*,
2475 1613 3 5 •

1928 1630 46 23 The
1992 1631 72 22 above
2080 1631 89 22 articles
2185 1638 36 15 are
2240 1632 25 22 of
2281 1639 14 15 a
2313 1639 55 21 very
2385 1633 101 28 superior

1901 1656 140 29 description.

1929 1685 37 21 An
1974 1687 132 20 assortment
2117 1684 23 23 of
2148 1685 131 28 Stationery,
2291 1686 123 28 consisting
2423 1686 24 22 of
2449 1694 28 14 :—
2477 1698 6 5 ■

1929 1711 56 27 Post,
1997 1711 61 22 bank
2067 1712 45 21 and
2121 1712 96 28 foolscap
2227 1720 74 24 paper,

1928 1738 80 27 Demy,
2018 1738 104 28 blotting,
2133 1739 45 22 and
2190 1740 99 27 imperial
2300 1747 48 22 cap,
2395 1747 2 5 •
2424 1745 3 5 '
2442 1740 4 7 '

1930 1765 170 22 Memorandum
2110 1766 76 27 books,
2197 1767 104 27 assorted,

1931 1792 87 26 Oblong
2029 1792 90 28 clasped
2127 1792 74 28 pencil
2211 1793 74 28 books,

1929 1818 89 23 Collins'
2028 1819 115 27 indelible,
2154 1820 107 28 assorted,

1929 1846 102 21 Account
2040 1846 77 28 books,
2128 1847 58 21 from
2197 1854 42 14 one
2249 1848 64 27 quire
2322 1848 109 28 upwards,

1929 1872 91 28 Wafers,
2034 1873 85 27 sealing
2129 1881 56 19 wax,
2197 1874 44 22 and
2251 1874 39 22 ink
2300 1874 107 29 powders,

1928 1899 88 23 Artist's
2025 1900 93 28 pencils,
2125 1901 60 27 good
2193 1901 93 28 writing,
2293 1901 47 23 and
2348 1902 137 28 carpenter's

1901 1926 67 28 leads,
2232 1945 3 5 .
2336 1933 114 19 -•'■/',

1929 1954 56 21 Steel
1996 1961 57 20 pens
2062 1953 45 22 and
2116 1961 43 20 pen
2171 1954 97 27 holders,

1929 1981 8 20 1
1943 1981 9 20 1
1964 1980 48 21 doz.
2024 1980 93 22 Smith's
2127 1988 56 21 copy
2193 1980 60 32 slips,

1929 2007 96 21 Gillott's
2035 2006 77 22 school
2121 2015 61 19 pens,
2194 2008 71 26 quills,

1927 2034 131 27 Envelopes,
2070 2034 100 22 national
2180 2034 75 22 school
2263 2034 73 28 slates,

1927 2060 80 28 Coffee,
2017 2064 44 23 tea,
2072 2060 43 24 and
2124 2061 85 22 refined
2219 2068 72 21 sugar,

1927 2087 72 22 Prime
2011 2088 57 21 Cork
2077 2088 75 22 butter
2161 2088 23 22 in
2194 2088 81 27 firkins,
2288 2096 26 14 or
2322 2089 31 28 by
2362 2089 39 23 the
2411 2090 73 22 dozen

1900 2114 90 27 pounds,

1926 2142 28 20 40
1966 2141 82 21 barrels
2057 2141 110 28 superfine
2176 2142 121 22 American
2310 2143 63 27 flour,

1927 2168 120 22 American
2056 2168 111 27 chopping
2176 2176 59 21 axes,
2246 2169 50 22 iron
2307 2173 37 19 tea
2352 2170 86 27 kettles,

1927 2195 12 21 5
1954 2198 48 18 cwt.
2022 2195 124 22 Rodway's
2165 2199 79 24 patent
2266 2195 66 23 horse
2356 2197 64 22 shoes
2437 2197 47 23 and

1898 2222 64 26 nails,

1928 2248 72 22 Hall's
2010 2249 59 26 glass
2078 2249 143 27 gunpowder,
2229 2249 90 28 powder
2327 2249 75 29 flasks,

1929 2276 63 34 Ivory
2016 2276 98 22 handled
2140 2283 81 20 razors,
2248 2277 131 23 Cowovan's
2399 2279 85 23 Canton

1900 2310 62 14 razor
1971 2302 136 28 sharpeners,

1928 2329 118 28 Crockery,
2061 2329 115 28 including
2195 2330 86 28 dinner,
2301 2331 120 28 breakfast,
2438 2332 47 22 and

1901 2359 36 19 tea
1948 2357 101 26 services,

1928 2383 53 22 Fine
1991 2387 39 18 cut
2039 2383 107 23 tumblers
2155 2383 47 23 and
2210 2385 57 21 wine
2276 2385 92 27 glasses,

1929 2410 91 27 Pickles,
2032 2411 93 26 vinegar
2139 2411 23 21 in
2178 2411 66 28 pints,
2255 2411 74 23 lemon
2341 2412 69 28 juice,
2421 2413 63 22 salad

1901 2437 36 27 oil,
1949 2444 81 21 capers,
2042 2444 84 19 sauces,
2136 2438 105 27 mustard,
2253 2439 62 28 pearl
2327 2439 84 32 barley,
2422 2447 60 20 sago,

1901 2464 101 27 oatmeal,
2013 2465 46 21 and
2070 2465 92 27 tapioca,

1928 2490 67 23 Fresh
2006 2491 85 23 salmon
2103 2491 44 23 and
2156 2499 66 20 soups
2230 2492 25 22 in
2264 2493 114 27 canisters,

1929 2518 108 22 Hockins'
2049 2522 76 23 patent
2134 2518 87 23 seidlitz
2230 2519 25 21 in
2266 2520 108 27 powders,

1929 2545 55 21 Soda
1994 2545 45 22 and
2048 2545 80 27 ginger
2136 2546 54 22 beer
2199 2546 106 27 powders,

1929 2573 165 26 Raspberryade
2105 2572 45 22 and
2161 2573 147 23 Cheltenham
2318 2573 60 28 salts,

1928 2599 79 22 Steer's
2026 2599 124 28 opodildoc,
2167 2599 96 23 James's
2280 2601 98 27 powder,
2390 2601 94 28 Dalby's

1900 2626 143 26 carminitive,

1926 2653 78 22 Brown
2014 2653 112 27 Windsor,
2137 2653 74 28 fancy,
2222 2653 43 23 and
2275 2653 93 28 shaving
2377 2662 71 21 soaps,

1926 2680 94 22 Essence
2036 2681 27 21 of
2072 2680 87 28 ginger,
2175 2680 85 29 brandy
2273 2681 87 28 bitters,
2375 2680 108 25 aromaiic

1900 2707 96 27 vinegar,
2007 2707 164 22 inexhaustible
2183 2708 58 26 salts,

1927 2734 136 22 Permanent
2070 2734 47 27 ink,
2129 2735 103 26 scouring
2242 2735 73 28 drops,
2326 2735 96 28 pastiles,

1927 2761 46 22 Salt
1983 2762 26 20 of
2014 2761 93 27 lemons,
2120 2764 63 19 court
2191 2761 97 28 plaister,

1928 2787 118 23 Lavender
2056 2791 68 19 water
2133 2789 47 21 Eau
2192 2789 26 21 de
2228 2789 107 27 Cologne,

1927 2815 66 21 Bears
2002 2822 84 21 grease,
2098 2815 51 21 cold
2159 2822 81 21 cream,
2252 2823 110 15 macassar
2373 2816 36 27 oil,
2421 2815 63 23 tooth

1899 2841 93 27 powder,
2003 2843 50 25 &c,

1927 2868 85 22 Ladies'
2028 2868 90 23 tortoise
2133 2868 57 23 shell
2206 2869 47 22 side
2268 2869 86 28 combs,
2374 2870 108 28 dressing,

1898 2895 45 21 and
1953 2895 61 22 small
2025 2895 62 21 tooth
2099 2895 84 21 combs.

1926 2921 61 27 Hair,
2018 2921 69 27 tooth,
2119 2922 52 26 nail,
2201 2922 100 28 shaving,
2327 2923 45 22 and
2399 2923 85 22 clothes

1898 2948 96 27 brushes,

1925 2975 76 26 Slates,
2013 2975 57 21 slate
2077 2975 87 27 cistern,
2175 2975 98 27 hearths,
2285 2975 106 29 chimney
2400 2977 82 27 pieces,

1925 3002 77 22 Hones
2013 3002 44 22 and
2066 3002 103 27 chimney
2180 3005 55 25 pots,

1924 3029 52 22 And
1992 3036 120 15 numerous
2128 3029 64 22 other
2206 3029 94 28 articles,
2311 3029 74 23 which
2395 3030 43 23 will
2453 3031 29 22 be

1896 3055 48 26 sold
1954 3063 52 20 very
2015 3056 51 27 low,
2077 3056 35 22 for
2121 3056 53 22 cash
2185 3056 59 28 only,
2256 3057 29 27 by

2119 3095 21 22 J.
2155 3096 162 27 Boddingtow,

1986 3130 112 22 Lambton
2110 3130 71 28 Quay,
2192 3137 54 15 near
2257 3130 44 23 the.
2304 3131 55 22 Post
2368 3131 77 28 Office,
2457 3138 26 16 or

2117 3164 77 23 Jamei
2207 3165 112 27 Jackson,

2251 3196 112 28 Lambton
2373 3198 78 28 .Quay.

1921 3224 58 22 June
1989 3225 21 25 2,
2022 3225 61 21 1843.

2061 3270 79 20 Meat
2160 3269 150 26 Company.

1894 3302 90 51 THE
2004 3301 237 29 UNDERSIGNED,
2259 3302 87 29 having
2363 3303 58 22 been
2441 3310 39 22 ap-

1966 3330 89 27 pointed
2072 3330 110 26 Manager
2192 3329 25 22 of
2230 3329 37 22 the
2274 3330 73 22 'Meat
2355 3330 123 28 Company,

1892 3356 55 27 begs
1955 3359 21 20 to
1986 3356 187 23 aimounce-that-
2178 3364 14 14 a
2199 3356 90 28 regular
2298 3356 79 32 supply
2385 3357 27 22 of
2420 3356 58 26 beef,

1892 3386 92 24 mutton,
2006 3384 45 21 and
2068 3383 57 29 pork
2141 3391 53 25 may
2213 3383 82 29 always
2314 3384 27 21 be
2357 3382 123 29 depended

1892 3417 60 21 upon
1962 3415 23 17 at
1995 3410 44 22 this
2049 3410 174 27 establishment.
2294 3422 3 4 •
2324 3417 12 10 <•

1919 3443 33 21 As
1975 3443 42 21 this
2042 3443 115 28 Company
2177 3450 106 25 purposes
2300 3441 80 28 selling
2386 3445 36 19 -at
2439 3441 43 24 th»

1891 3469 76 22 lowest
1976 3470 71 30 prices
2057 3474 24 18 at
2094 3469 74 23 which
2176 3474 20 18 it
2208 3470 19 22 is
2235 3469 72 22 found
2317 3469 37 21 the
2362 3471 61 19 meat
2435 3476 54 17 can,

1891 3496 28 22 be
1929 3497 106 28 afforded,
2047 3497 37 22 the
2093 3496 151 28 undersigned
2252 3496 19 21 is
2284 3495 54 33 only
2347 3495 128 23 authorized

1892 3526 22 18 to
1924 3523 49 28 give
1978 3531 54 20 very
2040 3524 86 22 limited
2133 3523 78 26 teredit,
2219 3522 45 22 and
2271 3522 41 22 has
2317 3522 56 22 been
2383 3522 94 27 ordered

1891 3554 23 18 to
1930 3554 47 25 stop
1991 3551 30 26 a]l
2037 3553 104 20 accounts
2155 3549 72 23 which
2239 3555 40 16 are
2294 3552 42 19 not
2350 3548 52 29 paid
2405 3552 4 12 ;
2416 3552 59 27 upon

1891 3577 105 23 demand.-
2050 3590 8 3 -
2080 3591 2 5 •
2099 3581 3 3 '

1917 3609 47 22 The
1974 3609 101 23 business
2084 3609 27 22 of
2117 3608 37 23 the
2165 3608 113 26 Company
2286 3605 21 24 is
2317 3607 85 23 carried
2411 3615 29 16 on
2449 3608 27 23 in

1891 3635 57 23 their
1960 3643 51 16 new
2025 3636 109 27 building,
2146 3634 87 23 erected
2250 3634 103 23 between
2371 3634 104 24 Frarice'i

1891 3662 68 23 Hotel
1978 3663 42 22 and
2041 3663 38 22 the
2096 3662 69 23 head-
2171 3661 28 22 of
2210 3660 38 23 the
2263 3660 58 28 Bay,
2338 3660 45 24 and
2394 3661 83 29 'nearly

1891 3690 96 28 opposite
1994 3693 27 20 -to
2030 3690 47 23 Mr.
2087 3688 84 28 Lyori's
2181 3688 68 22 Store.
2266 3688 13 12 -'

2161 3722 37 22 W.
2212 3721 102 27 Flvobr,
2331 3722 117 28 Manager.

1919 3761 128 23 November
2056 3762 33 24 23,
2103 3761 58 21 1842.

2129 3810 110 22 Cheese.

1891 3846 51 49 A
1952 3843 116 25 SUPPLY
2077 3843 103 24 received
2188 3843 119 28 weekly.of
2314 3843 165 30 New^eriend

1969 3872 64 23 made
2044 3871 92 26 Cheese,
2143 3870 58 24 from
2210 3870 38 23 the
2256 3868 219 33 Cowpastur^dairy,

1890 3899 88 28 apd'for
1985 3899 47 22 sale
2041 3901 24 20 at
2077 3897 41 23 the
2128 3897 106 29 premises
2244 3897 26 23 of
2282 3897 39 23 the
2337 3895 140 30 MeatfC.om-

1889 3933 68 23 pany-
2087 3923 9 7 %
2216 3944 4 6 ,
2256 3934 3 10 '•
2440 3944 4 8 ,

2065 3962 6 11 (
2171 3952 35 23 W,
2217 3953 103 26 Flyobr,
2329 3949 120 31 Manager.
2472 3967 10 5 -
