2559 4060
88 114 2446 133 THE

88 247 386 76 NEW
603 247 901 76 ZEALAND
1633 247 901 76 GAZETTE

88 323 2446 75 AND

88 398 1165 75 WELLINGTON
1369 398 1165 75 SPECTATOR.

610 507 221 39 PUBLISHED
875 506 131 40 EVERY
1049 504 257 40 WEDNESDAY
1346 506 91 38 AND
1482 499 228 45 SATURDAY
1755 505 207 39 MORNING.

118 626 65 36 NO.
205 623 89 40 299.]

2533 27 3 27 I

2528 34 4 11 1

2528 27 4 4 si

634 623 110 33 PORT
766 623 255 39 NICHOLSON,
1045 621 224 33 SATURDAY
1292 622 209 38 MORNING,
1522 623 236 32 NOVEMBER
1783 626 47 34 18,
1858 625 89 30 1843.

2274 613 94 44 [Ydi,.
2388 615 76 40 IM-

68 728 12 7 -
94 727 4 3 -
209 719 54 22 For
276 717 118 22 London
407 716 96 22 direct.

97 761 4 3 -
125 755 58 23 iJer
240 754 43 24 HP
288 751 44 23 HE
356 751 45 22 fine
423 750 45 22 fast
490 749 82 29 sailing
600 750 50 28 brig

97 769 104 42 jBBk
247 774 28 27 X
358 776 208 27 VICTORIA,

97 799 133 28 KhmSßm
251 807 42 21 300
307 808 56 23 tons,
379 804 94 23 Sinclair
499 809 91 23 master,
605 804 44 23 will

252 833 41 23 sail
303 833 36 22 for
353 833 92 22 London
457 839 29 16 on
501 840 26 14 or
536 833 69 22 about
612 832 37 23 the

73 860 161 38 C2553H1
252 868 9 21 *
264 870 22 18 8t
304 865 133 27 December,
456 865 85 28 having
558 865 32 23 all
610 865 40 22 her

256 893 57 23 dead
329 892 81 29 weight
425 893 123 27 engaged;,
557 893 40 22 she
611 892 39 23 has

64 929 65 16 room
138 922 54 28 only
202 922 35 22 for
247 928 14 15 a
270 920 41 22 few
322 924 50 18 tons
381 920 26 22 of
412 919 58 28 light
478 919 77 29 goods.

92 954 45 24 For
155 961 100 22 passage,
270 951 85 29 having
373 959 53 21 very
445 951 100 29 superior
564 957 86 17 accom-

62 982 126 26 modation,
198 980 66 29 apply
277 983 24 19 to

212 996 14 14 *
282 996 19 17 *
379 1004 84 25 Waitt
478 1005 45 23 and
536 1005 87 22 Tyser.

93 1042 147 27 Wellington,
252 1041 50 22 Oct.
313 1041 34 26 13,
358 1041 60 21 1843.

259 1094 54 21 For
327 1093 127 24 London,

177 1130 31 19 To
226 1129 41 20 tail
285 1134 26 14 on
331 1128 36 20 the
381 1128 38 19 sth
433 1127 106 25 proximo,

87 1164 80 23 rl^f%^
166 1176 6 11 t
225 1163 44 18 rr\
286 1161 24 22 H
325 1161 20 22 E
433 1160 44 22 fine
565 1160 85 27 barque

98 1178 97 40 jtf&L
232 1178 29 32 X
331 1187 257 26 INDEMNITY,

70 1208 147 40 jMf&mS^
237 1214 27 22 R.
289 1213 116 27 Sedgwick
435 1213 149 28 commander,
609 1215 41 20 312

236 1244 56 23 tons,
312 1241 42 22 has
372 1240 104 27 splendid
496 1240 154 22 accommoda-

61 1262 158 40 fl^^^Sp
236 1268 59 23 tions
304 1267 37 23 for
350 1273 136 21 passengers.

266 1298 17 24 j>
284 1306 26 15 or
318 1298 14 23 f
329 1306 24 15 re
354 1298 47 28 jght
411 1305 24 16 or
443 1305 100 21 passage,
551 1297 66 28 apply
627 1300 23 18 to

246 1353 8 2 .
281 1333 133 26 Ridqways,
426 1332 106 27 Guyton,
548 1331 20 23 &
583 1331 38 23 Co.

92 1366 146 28 Wellington,
249 1366 130 23 November
388 1368 21 26 3,
420 1367 61 22 1843.

208 1412 53 22 For
275 1412 118 22 London
409 1411 95 25 direct,

219 1448 92 28 rpHE
330 1448 46 23 fine
397 1448 43 22 fast
463 1448 81 26 sailing
565 1448 85 28 barque

87 1467 113 41 &££*
226 1467 30 30 J-
351 1476 209 24 GLENARM,

67 1499 150 38 /jSPjPVk
233 1503 21 22 A
274 1504 20 26 1,
313 1504 44 20 300
376 1506 57 24 tons,
459 1502 31 22 H.
511 1503 54 27 Guy
589 1509 61 15 com-

64 1524 154 30 aiMßßHfc
232 1531 94 21 mander
332 1538 7 16 ;
355 1529 40 23 has
403 1530 105 22 first-rate
522 1537 128 14 accommo-

233 1556 77 22 dation
328 1557 35 21 for
381 1563 137 25 passengers,
538 1556 45 22 and
606 1556 44 22 will

231 1583 119 28 positively
359 1583 43 22 sail
410 1582 45 23 this
464 1583 87 22 month.

90 1610 46 24 For
148 1610 87 28 freight
243 1618 26 15 or
282 1616 102 23 passage,
395 1610 66 29 apply
473 1614 23 18 to
506 1610 39 22 the
555 1610 95 28 Captain

62 1645 30 15 on
102 1638 78 27 board,
191 1645 26 15 or
226 1641 23 18 to
433 1657 2 3 .
461 1651 2 4 •

308 1664 22 22 J.
348 1664 64 22 BouL
410 1678 4 17 i
414 1671 26 15 eo
440 1681 3 10 I
441 1664 64 24 TT.&
519 1664 48 26 Co.,

425 1691 113 23 Lambton
548 1691 74 27 Quay.

89 1718 100 22 October
197 1720 22 25 6,
231 1719 62 22 1842.

89 1750 59 22 N.B.
149 1761 29 5 —
178 1750 50 22 The
245 1750 93 28 Captain
349 1749 45 23 will
409 1753 40 19 not
466 1750 28 22 be
513 1749 137 28 responsible

61 1777 35 24 for
106 1784 45 21 any
160 1777 68 23 debts
238 1777 129 23 contracted
376 1778 29 27 by
417 1778 37 21 the
464 1784 65 15 crew.

101 1830 55 21 For
170 1829 108 22 Kobart
292 1830 88 20 Town
395 1829 54 22 and
463 1829 146 21 Adelaide.

116 1867 58 23 jcKKT
230 1864 92 26 nnHE
366 1864 51 21 'first
466 1864 57 21 class
577 1862 73 24 vessel

99 1881 90 44 >S«|.
237 1881 29 31 X
323 1890 122 22 JOSEPH
470 1890 122 27 ALBINO,

90 1912 131 39 I^^KMr
242 1917 92 28 Captain
371 1917 83 25 Finn's,
484 1917 19 22 is
540 1916 110 28 expected

79 1940 142 35 J§fnjbjfT~
241 1944 81 28 hourly
332 1945 56 21 from
399 1944 93 28 Nelson,
503 1944 46 22 and
557 1944 44 22 will
608 1944 41 22 sail

67 1966 159 41 gßjggggJ
241 1972 7 22 i
250 1979 14 14 n
275 1979 13 14 a
297 1972 13 22 f
308 1979 33 14 ew
354 1972 62 27 days.

85 2013 46 21 P<?r
139 2013 85 25 frefght
233 2019 25 13 or
266 2018 104 21 pasaag**
379 2012 67 25 t*j>p]y
456 2015 22 17 to
644 2019 2 7 '

374 2041 83 23 Waitt
473 2043 44 21 and
533 2043 88 24 Tyser.

87 2068 130 24 November
228 2070 33 25 10,
273 2070 62 21 1843.

65 2113 158 50 MESSRS.
240 2113 94 28 HORT,
353 2113 155 28 MOCATTA,
530 2122 47 15 and
598 2115 49 27 Co.,

153 2140 43 23 will
219 2140 38 23 sell
278 2140 28 28 by
325 2141 75 27 public
419 2142 98 26 auction,
543 2146 23 17 at
590 2142 59 22 their

63 2169 79 25 Stores,
154 2168 32 22 Te
196 2168 54 26 Aro,
261 2175 28 14 on
303 2168 99 27 Monday
412 2172 61 22 next,
484 2173 23 17 at
519 2170 26 21 12
555 2169 92 27 o'clock,

62 2195 37 22 the
108 2202 66 20 cargo
185 2196 22 21 of
223 2194 36 23 the
271 2196 39 20 Sir
323 2196 57 20 John
397 2196 110 26 Franklin,
525 2197 124 27 consisting

62 2222 25 23 of
95 2230 35 19 ;—

90 2247 75 24 About
174 2250 26 21 28
212 2252 49 19 tons
271 2250 99 27 superior
381 2249 50 22 Van
449 2249 116 24 Diemen's
583 2250 65 24 Land

62 2276 61 23 flour.

90 2305 26 20 14
125 2303 70 22 boxes
203 2302 87 28 raisins,

90 2332 39 20 100
144 2330 89 23 bushels
243 2333 54 23 oats,

88 2358 27 21 20
125 2357 54 27 bags
188 2357 48 22 first
245 2357 84 32 quality
337 2357 91 28 biscuit,

87 2386 27 20 29
123 2384 54 28 kegs
188 2391 97 19 superior
292 2384 60 23 Cork
363 2391 47 16 rose
421 2385 81 27 butter,

88 2412 15 21 4
110 2411 55 27 bags
176 2411 83 22 Jordan
266 2410 109 26 almonds,

88 2438 21 22 A
125 2438 62 22 small
198 2438 100 28 quantity
308 2439 62 27 pearl
379 2438 84 28 barley,

87 2466 14 21 2
111 2465 55 27 bags
175 2465 87 27 ground
273 2472 90 21 pepper,

89 2494 10 19 1
115 2492 44 28 bag
168 2492 86 27 ground
263 2492 87 27 ginger,

90 2518 107 22 lOtboxpst'
203 2520 73 20 lemon
289 2526 75 20 syrup,

87 2547 14 21 2
111 2545 52 23 Van
174 2546 117 22 Diemen's
302 2546 63 22 Land
376 2545 102 29 ploughs,

251 2572 79 23 Terms
346 2580 28 15 at
390 2574 65 21 Sale.

87 2604 31 23 Te
127 2605 55 26 Aro,
194 2604 90 28 Friday,
294 2605 130 22 November
435 2605 33 27 17,
480 2607 59 21 1843.

61 2648 149 23 Extensive
245 2650 54 21 and
328 2651 164 20 unreserved
501 2654 12 3 ~
520 2650 61 21 Sale
610 2650 37 27 by

87 2676 131 26 Auction,
243 2679 29 19 at
296 2678 45 21 the
367 2678 91 24 Stpres
480 2677 31 22 of
531 2677 114 22 Messrs.

87 2702 87 23 Waitt
203 2704 57 21 and
287 2704 96 26 Tyser,
410 2704 114 21 Custom
551 2704 94 22 House

87 2730 103 25 Wharf,
205 2734 29 18 at
249 2731 31 22 12
295 2731 115 22 o'clock.

61 2759 92 55 MR*.
178 2765 37 23 W.
240 2765 220 23 FITZHERBERT
483 2765 41 23 has
541 2765 104 24 received

149 2792 145 22 instructions
310 2793 59 21 from
388 2793 89 22 Messrs.
497 2792 82 23 Waitt
600 2800 46 18 anp

59 2818 85 27 Tyser,
155 2823 23 18 to
193 2819 41 22 sell
250 2819 36 22 the
304 2819 72 22 entire
391 2826 66 20 cargo
472 2819 27 22 of
517 2819 38 22 the
570 2821 76 26 Joseph

59 2846 82 26 Albino,
153 2846 57 22 from
223 2847 69 21 South
303 2846 120 27 Australia,
442 2852 28 16 on
489 2846 153 30 Wednesday,

60 2873 37 22 thft
113 2874 30 21 22.
149 2873 94 27 instant,
254 2873 122 28 consisting
384 2873 36 22 of:
422 2884 27 5 —

87 2901 40 21 188
137 2899 91 23 bushels
238 2904 55 23 oats,

85 2927 42 22 764
135 2927 56 27 bags
201 2927 63 28 bran,

85 2955 14 20 2
109 2954 65 21 casks
184 2955 60 26 salts,

48 2983 6 7 *
85 2982 16 21 4
109 2980 55 27 kegs
177 2981 143 28 gunpowder,

84 3008 43 22 260
138 3008 53 27 bags
200 3015 73 21 sugar,

84 3035 29 22 40
127 3035 54 27 bags
191 3036 77 27 coffee,

84 3060 29 24 37
125 3062 58 28 bags
193 3062 65 27 flour,

85 3089 15 20 2
108 3087 56 28 kegs
174 3089 82 26 butter,

86 3115 28 21 12
122 3121 62 15 cases
194 3115 93 28 brandy.

87 3141 22 21 11
123 3141 54 26 bags
188 3141 78 28 wheat,

87 3167 28 21 25
123 3167 70 22 boxes
203 3172 43 23 tea,

87 3194 27 22 10
123 3193 75 23 chests
209 3198 43 22 tea,

85 3221 14 21 2
114 3221 108 22 tons-best
233 3221 123 24 Newcastle
368 3223 68 27 coals,

86 3247 56 23 And
149 3256 13 14 a
172 3249 61 27 large
243 3255 136 17 assortment
388 3250 26 23 of
426 3251 84 28 sundry
527 3252 118 23 merchan-

59 3273 57 24 dize.

250 3303 80 23 Terms
341 3311 29 16 at
381 3305 68 22 Sale.

196 3337 75 19 Lunch
291 3338 44 19 will
357 3338 24 20 be
399 3339 109 24 provided.

83 3365 144 31 Wellington,
240 3369 131 22 November
382 3370 105 26 17,1843.

295 3416 108 22 Notice.

57 3447 92 49 THE
162 3447 231 25 UNDERSIGNED
408 3450 67 28 being
484 3451 68 22 about
562 3456 23 17 to
641 3452 6 7 1

117 3475 55 22 ceed
183 3480 22 16 to
216 3476 104 27 England
336 3478 77 26 bythe
427 3478 50 23 first
494 3480 150 28 opportunity,

57 3501 44 21 and
111 3509 24 14 as
144 3501 28 22 he
183 3502 90 23 intends
283 3505 117 28 returning
416 3507 22 20 to
452 3506 140 28 Wellington
603 3508 43 21 im-

56 3527 128 29 mediately,
202 3529 44 22 will
261 3530 28 21 be
306 3530 73 30 happy
395 3537 22 18 to
433 3537 97 18 transact
546 3534 99 22 business

56 3555 36 21 for
99 3562 46 21 any
145 3559 2 6 1
153 3556 84 27 parties
245 3556 49 23 that
307 3565 53 21 may
369 3560 81 23 favour
466 3562 48 21 him
524 3561 53 23 with
588 3562 59 22 their

54 3584 155 21 instructions.
348 3596 5 7 >
389 3591 2 4 '

102 3631 8 14 t
276 3630 6 5 -
349 3613 115 24 Wileiam'
471 3616 146 22 Bannister.

56 3638 111 25 Lambton
177 3642 74 28 Quay,
263 3643 128 25 November
400 3649 21 24 7,
431 3649 61 21 1843.

230 3688 77 22 Aleut
321 3690 147 29 Company.

54 3720 188 52 WANTED*,
258 3730 13 14 a
277 3724 71 22 vessel
358 3725 26 21 of
397 3726 67 23 about
473 3729 28 21 30
511 3730 58 23 tons,
581 3731 23 20 to
614 3729 28 22 be

70 3774 5 5 _
110 3772 4 5 f
149 3750 60 26 keptr
221 3751 127 28 constantly
364 3753 116 28 employed
495 3755 23 22 in
536 3756 109 28 bringing

54 3780 57 22 pigs,
120 3779 47 19 ata
175 3777 62 22 fixed
246 3784 60 20 price
315 3786 41 20 per
365 3781 82 28 pound,
454 3783 57 23 from
522 3783 111 23 the>coasr
633 3800 9 12 y
646 3799 4 5 .

52 3804 35 19 tor
97 3804 44 23 this
151 3804 178 24 establishment.

103 3856 4 5 •
124 3859 2 11 ,
324 3838 38 24 W.
377 3840 101 30 Flyobr,
493 3843 121 30 Manager.,

81 3866 129 29 September
219 3871 34 26 29,
266 3871 61 24 1843.

56 3911 69 49 (\N
141 3913 130 28 SAj&E^at,
273 3917 45 24 this
328 3917 73 27 office;
410 3920 70 25 blank
487 3922 60 24 Bin
558 3923 80 24 Books

80 3937 23 39 £
280 3944 74 30 office,
363 3945 58 26 Bee.
428 3949 22 22 4.

80 3965 69 28 Sugai
157 3975 86 19 papers,

871 717 119 26 Sheriffs.
1005 717 70 21 Sale.

773 749 37 31 IJJ
824 749 64 22 THE
902 748 145 23 SUPREME
1065 747 109 23 COURT.

684 781 104 23 Between
812 781 110 22 William
947 780 99 27 Galpin,
1077 779 114 25 Plaintifft
1219 776 40 23 and

748 808 94 22 Firman
853 807 91 23 Victor
955 808 106 26 M*rtin,
1070 807 129 26 Defendant.

683 839 70 50 BY
767 839 71 23 virtue
854 839 26 22 of
897 846 13 14 a
927 837 58 23 Writ
1001 839 25 21 of
1038 839 133 23 Execution-
1178 836 81 29 against

759 867 38 21 the
816 865 68 28 goods
902 865 44 22 and
968 864 94 24 chatties
1087 866 27 22 of
1134 864 38 24 the
1195 864 64 22 above

683 893 86 23 named
775 892 136 27 Defendant,
923 892 37 22 the
971 892 87 22 Sheriff
1068 891 44 23 will
1129 898 65 16 cause
1205 895 21 17 to
1235 889 24 22 be

683 921 47 21 sold
750 920 30 27 by
798 919 75 28 public
892 919 96 28 auction,
1005 919 93 22 without
1116 924 94 20 reserve,
1232 923 27 15 on

684 946 100 28 Monday
796 947 37 21 the
842 945 51 23 20th
909 946 89 26 instant,
1016 950 23 18 at
1056 953 42 15 one
1115 944 85 23 o'clock
1215 950 44 21 pre-

684 974 74 26 cisely,
780 973 85 27 (unless
882 971 43 23 this
949 973 117 22 execution
1089 973 28 21 be
1139 970 120 29 previously

684 1001 85 26 stayed)
780 1005 24 17 at
814 999 141 23 Machattie's
964 1001 81 24 Stoics,
1056 999 186 26 Lambton-quay,

695 1038 3 4 ■
710 1029 26 21 IU
744 1027 56 26 kegs
811 1027 24 21 of
845 1027 68 27 paint,
925 1028 11 20 1
946 1026 45 28 bag
999 1027 76 26 coffee,

710 1054 21 22 A
743 1053 40 22 few
794 1052 43 24 kits
847 1053 25 21 of
883 1060 59 19 corn,
953 1055 11 19 1
978 1052 51 23 cask
1038 1051 129 27 containing
1176 1050 54 27 lard,

710 1082 10 20 1
731 1080 46 22 box
786 1080 26 22 of
823 1080 163 22 merchandize.

738 1107 44 27 (By
792 1107 75 26 order)
932 1107 86 21 Henry
1033 1105 37 23 St.
1086 1105 69 26 Hill,
1177 1103 82 23 Sheriff.

783 1150 41 20 To
852 1149 86 21 Cover
966 1149 55 21 this
1050 1149 112 23 Season,

884 1184 31 20 At
927 1184 134 25 Wellington,

684 1217 90 49 THE
827 1217 276 23 THOROUGHBRED
1158 1214 101 24 HORSE

887 1245 225 24 WANDERER,

682 1271 37 22 the
729 1274 106 26 property
845 1271 26 22 of
877 1271 85 23 Robert
972 1271 104 23 Jenkins.

708 1305 126 22 Wanderer
842 1312 43 14 was
894 1309 38 22 got
942 1305 30 27 by
981 1304 82 28 Young
1073 1305 131 26 Wanderer,
1210 1302 49 23 bred

682 1331 28 27 by
728 1332 61 22 Lord
807 1331 127 28 Egremont,
955 1332 45 22 and
1018 1333 110 26 imported
1147 1333 47 21 into
1214 1330 45 23 Van

682 1358 109 23 Diemens
811 1359 65 24 Land
894 1359 29 27 by
944 1358 77 23 James
1044 1358 88 29 Henty,
1159 1359 59 28 Esq.,
1242 1357 17 22 of

683 1385 150 23 Launceston.

710 1413 59 21 Dam
784 1420 14 15 a
808 1412 66 22 blood
890 1419 60 15 mare
960 1412 31 27 by
1000 1411 67 23 Peter
1082 1412 68 27 Finn,
1160 1415 42 19 out
1216 1411 26 22 of
1252 1417 7 17 a

682 1439 66 22 blood
760 1446 62 16 mare
832 1441 28 26 by
873 1439 105 23 Bollivar.

709 1466 110 24 Bollh'ar,
826 1474 44 15 was
879 1466 111 28 imported
1006 1465 76 28 bythe
1094 1465 52 23 Van
1159 1465 100 23 Diemens

684 1493 64 23 Land
768 1495 121 26 Company,
910 1493 45 23 and
972 1493 20 22 is
1009 1494 39 22 the
1066 1494 43 22 sire
1128 1493 26 22 of
1174 1491 85 24 Donald

683 1521 73 26 Caird,
774 1521 51 22 Yon
842 1521 89 27 Trump,
947 1521 45 21 and
1002 1521 63 21 other
1081 1521 98 26 winning
1191 1519 68 23 horses

682 1555 29 15 on
722 1548 38 22 the
772 1548 51 22 Van
833 1547 106 23 Diemens
950 1547 64 23 Land
1025 1547 52 23 turf.

708 1575 48 22 The
765 1575 124 28 proprietor
898 1574 75 22 deems
990 1575 16 21 it
1015 1581 149 20 unnecessary
1174 1578 23 18 to
1212 1573 47 23 offer

682 1605 122 22 comment,
814 1609 25 15 as
851 1602 80 27 judges
941 1601 26 22 of
981 1601 77 23 horses
1072 1600 44 24 will
1130 1606 23 17 at
1169 1608 55 15 once
1237 1600 22 22 be

682 1629 125 22 convinced
826 1629 48 22 that
891 1629 34 21 his
943 1628 75 27 blood,
1038 1629 64 25 bone,
1119 1628 46 22 and
1183 1629 76 25 beauty

682 1656 92 22 reaches
782 1663 80 15 nearer
871 1655 120 27 perfection
1002 1655 54 23 than
1065 1656 49 21 that
1120 1656 27 21 of
1152 1662 45 21 any
1204 1655 55 21 other

682 1683 65 21 horse
758 1683 23 21 in
791 1682 46 22 this
846 1683 93 27 Colony.

709 1710 86 26 Terms,
807 1717 14 14 a
830 1709 139 28 singl^mare
980 1710 34 23 £4
1032 1711 41 24 45.,
1084 1708 94 29 payable
1188 1716 29 15 on
1228 1709 31 22 the

682 1738 34 21 Ist
727 1737 123 27 February,
862 1737 60 21 1844.

709 1771 131 23 November
849 1772 32 25 10,
894 1772 59 20 1843.

684 1820 116 51 SPARS
818 1820 59 22 FOR
891 1820 86 26 SALE,
986 1820 27 22 of
1015 1820 102 22 different
1124 1820 135 23 dimensions,

748 1848 64 27 lying
828 1852 23 17 at
870 1847 43 22 Kai
933 1847 85 22 Warra.
1057 1848 72 26 Large
1146 1848 113 27 quantities

682 1883 40 14 can
734 1876 27 21 be
778 1874 114 23 furnished
908 1878 22 18 to
947 1875 72 27 order,
1037 1876 34 21 for
1086 1876 142 26 exportation
1242 1883 17 14 oi

682 1902 66 22 home
758 1909 49 14 use.

940 1936 64 19 ALSO,

707 1956 48 22 The
766 1956 77 22 Lease
853 1956 26 21 of
885 1955 68 23 about
962 1957 27 21 50
1000 1963 61 14 acres
1070 1956 26 21 of
1103 1955 52 23 land
1170 1959 23 19 at
1207 1956 52 22 Orua

680 1984 91 21 Mntera
781 1985 24 24 (a
816 1983 44 21 flue
878 1982 40 27 bay
929 1982 86 22 district
1029 1983 69 21 about
1108 1985 14 20 6
1137 1982 63 23 miles
1209 1983 50 22 from

682 2009 164 25 Wellington),-
853 2008 55 22 with
924 2009 40 20 the
979 2009 70 21 house
1065 2015 30 15 ovt
1104 2009 46 21 The
1163 2010 96 26 gVtftind)

680 2034 63 23 there
753 2042 37 14 are
800 2036 68 22 about
879 2039 36 18 ten
930 2042 63 15 actes
1007 2035 96 26 cleared,
1123 2036 44 21 and
1184 2036 51 21 four
1243 2036 16 21 in

680 2062 141 21 cultivation.
851 2062 41 21 For
903 2062 87 21 further
999 2062 139 27 particulars,
1149 2063 67 27 apply
1226 2067 21 18 to

873 2095 118 24 Kenneth
1007 2095 150 28 Mathieson,

790 2122 55 29 Ship
862 2122 103 27 Building
980 2122 45 24 and
1037 2123 119 28 Repairing
1169 2123 68 27 Yard,

957 2149 45 23 Kai
1016 2149 86 23 Warra.

708 2177 131 25 November
849 2179 19 24 6,
880 2177 60 24 1848.

795 2227 43 21 On
852 2227 69 25 Sale,
936 2233 36 15 ex

687 2266 23 20 C
774 2265 103 25 BOXES
900 2266 97 21 assorted
1011 2266 144 22 TOBACCO
1171 2267 88 28 PIPES,

680 2288 68 26 tSfl
779 2293 41 21 100
834 2293 78 21 tierces
922 2293 120 24 American
1056 2293 58 28 beef,

778 2321 28 20 20
820 2319 55 22 coils
884 2320 98 22 assorted
992 2320 88 27 Europe
1090 2328 62 20 rope.

997 2354 83 24 Waitt
1094 2355 45 22 and
1153 2355 84 23 Tyser.

707 2384 148 28 Wellington,
866 2386 51 22 Oct.
929 2388 33 25 10,
974 2387 60 22 1843.

802 2432 54 21 For
870 2432 69 26 Sale,
955 2438 37 16 ex

683 2465 40 25 T>
732 2464 206 30 UTHERFORD,
979 2467 117 28 DRURY,
1138 2468 21 22 &
1193 2468 66 23 CO.'S

681 2488 51 28 XV
759 2493 100 34 superior
869 2494 74 26 wines,
955 2494 37 22 viz
998 2502 7 14 :
1008 2505 27 5 —

707 2519 60 26 Port,
777 2520 84 29 sherry,
873 2520 44 22 and
933 2521 100 22 Madeira
1044 2521 23 22 in
1078 2521 78 28 bottle,

707 2546 53 22 Pale
771 2547 45 21 and
827 2547 74 23 brown
911 2548 78 29 sherry
998 2549 23 21 in
1033 2549 72 26 wood,

707 2574 54 22 Port
770 2574 23 22 in
806 2575 70 26 wood,

706 2600 106 23 Madeira
821 2601 24 23 in
856 2601 70 28 wood,

707 2627 143 28 Hennessy's
858 2636 84 21 cognac
951 2629 25 22 in
986 2629 70 28 wood,

706 2655 45 23 Old
762 2655 50 28 pale
824 2657 69 22 bottle
903 2656 96 29 brandy.

995 2690 83 24 Waitt
1092 2692 47 23 and
1152 2693 85 24 Tyser.

697 2721 147 29 Wellington,
857 2722 136 28 September
1004 2723 31 28 19,
1048 2725 60 22 1843.

681 2765 70 49 ON
769 2766 88 26 SALE,
868 2770 24 18 at
899 2766 100 24 reduced
1010 2772 58 17 rate
1065 2772 17 17 3
1077 2768 36 23 for
1122 2770 52 21 cask
1181 2777 35 14 :—

745 2792 74 22 Prime
832 2793 57 22 Irish
899 2793 81 27 butter,

743 2819 97 23 Manilla
849 2821 78 27 Sugar,

743 2847 61 22 Loaf
856 2848 43 25 do.,

742 2874 92 24 Bottled
844 2875 42 23 ale.

678 2928 21 3 _
728 2928 7 7 ,
787 2929 23 6 „
932 2903 136 30 RIDGWA,YS>
1077 2906 109 29 GCJYTOM,
1196 2908 20 22 &
1226 2907 33 23 Co;

678 2928 33 23 Te
721 2928 55 27 Aro,
787 2929 130 24 November
926 2930 20 27 7,
958 2932 60 23 1843.

880 2977 43 21 Ex

680 3010 71 49 ON
767 3010 82 23 SALE
862 3010 30 28 by
905 3010 38 25 the
958 3012 182 29 undersigned-

758 3036 86 25 Hunt's
852 3039 99 27 superior
961 3039 37 22 old
1009 3045 51 22 port
1069 3042 64 27 wine,
1148 3042 84 24 bottled
1242 3042 17 24 in

679 3064 95 27 Oporto,

706 3091 106 29 Hosiery,
823 3091 55 29 lace,
891 3092 44 23 and
944 3094 95 28 netting,

706 3118 167 28 Earthenware,
885 3120 49 22 well
943 3122 108 26 assorted,

706 3146 128 28 Champion.
842 3148 21 21 &
873 3147 59 23 Co.'s
941 3148 93 29 vinegar,
1043 3150 23 22 in
1077 3149 52 23 half
1134 3150 125 29 hogsheads.

1058 3183 91 25 Willis
1165 3186 20 22 &
1199 3186 38 23 Co.

707 3213 147 29 Wellington,
865 3216 88 26 August
963 3217 34 27 14,
1009 3219 61 21 1843.
1104 3229 2 6 -

826 3266 35 22 H.
890 3266 233 30 HARDEMAN,

702 3299 95 23 Tailor
811 3302 56 21 and
880 3301 112 28 Draper,
1007 3303 232 30 Lambton-quay.

842 3356 113 28 Superfine
967 3358 72 28 Coats,
1050 3358 56 25 from
1123 3360 34 24 £3
1171 3363 14 20 0
1199 3363 13 20 0

679 3386 116 30 Superfine
806 3388 100 25 Doeskin
917 3389 119 30 Trowsers,
1051 3393 56 23 frdm
1122 3394 33 25 £1
1171 3394 14 22 5
1199 3395 15 21 0

780 3429 29 16 TO
819 3430 134 17 MEASURE—
954 3429 44 19 gOR
1006 3433 59 17 CASH
1065 3433 2 6 1
1075 3434 30 16 OS
1115 3433 124 23 DELIVERY.

734 3462 103 35 Messrs.
863 3469 155 25 HOLROYD
1040 3480 49 16 and
1114 3473 97 28 HART,

843 3504 128 23 Notaries
993 3507 108 27 Public,

767 3542 39 15 TB
835 3544 72 19 ARO,
965 3546 213 17 ELLINGTON.

705 3565 133 30 September
846 3570 21 25 4,
878 3571 62 22 1843.

677 3617 123 28 Country
813 3619 125 23 Sections
958 3621 44 22 for
1021 3623 60 21 Sale
1104 3630 38 15 on
1161 3624 98 21 Libera

922 3648 102 22 Terms.

677 3671 166 50 SEVERAL
877 3673 101 26 Sections
1005 3677 27 21 of
1062 3677 102 28 Country
1192 3677 67 28 Land,

741 3699 92 34 already;
843 3699 81 24 chosen
934 3702 23 23 in
968 3702 37 24 the
1020 3703 92 24 Porirua
1127 3704 96 28 disfrict>,
1230 3704 29 23 for

675 3727 58 27 Sale,
744 3734 76 15 terms
830 3735 106 16 liberal.
964 3730 80 29 Apply
1051 3734 22 19 to

769 3759 26 22 P.
810 3760 31 23 A.
856 3760 170 31 MdLBSwoRTH,
1042 3763 187 29 Murphy-street,
1240 3772 19 14 or

767 3786 38 23 W.
821 3787 29 23 V.
865 3788 107 27 Brewer,
983 3791 196 23 Manners-street.
1207 3803 5 4 -

848 3834 79 22 Meat
938 3837 151 26 Company,

673 3866 76 50 AN
775 3864 202 27 APPRENTICE
1005 3873 24 16 «
1044 3889 3 6 ,
1056 3868 39 25 the
1117 3870 108 24 Business
1244 3871 15 23 is

735 3920 6 5 #
751 3895 98 23 wanted.
877 3896 48 22 For
939 3896 140 29 particulars,
1096 3897 69 29 apply
1181 3903 34 18 on'
1226 3897 33 25 the

669 3920 118 30 premises.
918 3941 4 4 .
938 3925 4 19 ;
965 3932 6 11 i
982 3929 3 14 ;

698 3973 18 8 „.
809 3953 57 25 .i'J
903 3974 9 4 ..
943 3950 38 23 W.
995 3950 106 29 Fly-obe,
1108 3951 126 29 .Manager.

697 3975 134 29 September
838 3977 37 27 29,
885 3977 61 23 1843.

1499 711 39 26 £5
1551 715 126 21 Reward.

1295 748 53 50 A
1361 747 138 24 REWARD
1513 748 26 22 of
1554 748 34 23 £5
1608 748 44 22 will
1672 747 30 23 be
1718 748 67 27 given
1800 747 36 23 for
1845 747 38 22 the

1375 775 115 26 discovery
1501 775 25 21 of
1537 774 37 22 the
1591 781 91 20 persons
1692 774 51 23 who
1757 781 39 16 are
1808 775 23 21 in
1845 774 38 22 the

1295 800 64 23 habit
1377 801 26 23 of
1415 800 94 29 stealing
1518 801 58 21 from
1591 800 38 22 the
1645 801 58 23 back
1713 801 27 21 of
1752 800 38 22 the
1799 801 84 27 garden

1295 828 27 21 of
1332 828 37 22 the
1379 827 155 28 undersigned,
1545 828 23 22 in
1584 825 103 30 Murphy'
1692 827 79 22 Street.

1619 860 26 23 T.
1662 860 33 23 M.
1711 860 145 23 Partridge.

1322 888 129 22 November
1461 888 33 26 15,
1506 888 62 22 1843.

1443 933 170 26 Strawberry
1627 933 107 21 Plants.

1296 963 92 50 THE
1401 964 159 27 undersigned,
1569 964 84 26 having
1663 971 13 14 a
1684 963 63 28 large
1754 963 102 25 .Humber
1862 963 26 21 of

1370 991 38 22 the
1419 991 66 22 finest
1494 990 135 28 Strawberry
1640 990 85 27 Plants,
1734 991 44 21 and
1789 990 96 27 wishing

1295 1021 23 17 to
1333 1025 124 20 encourage
1473 1017 39 22 the
1527 1017 134 28 production
1676 1018 27 21 of
1718 1017 61 26 fruit,
1795 1017 47 22 will
1857 1017 28 21 be

1295 1044 74 28 happy
1381 1049 21 18 to
1417 1046 51 25 give
1483 1044 75 23 orders
1571 1044 34 22 for
1619 1045 38 21 the
1671 1044 108 28 delivery,
1791 1051 93 19 oratis,

1296 1078 29 14 on
1336 1071 38 22 the
1384 1072 67 27 Hutt,
1462 1076 23 17 to
1495 1079 14 14 a
1522 1071 87 23 limited
1625 1075 79 18 extent
1713 1074 24 19 to
1747 1070 56 23 each
1813 1071 72 28 appli-

1295 1102 60 18 cant.

1485 1125 70 22 Chas.
1570 1125 26 22 E.
1612 1123 54 24 Yon
1680 1125 121 26 Alzdorf,

1661 1151 109 22 Lambton
1782 1151 74 27 Quay.

1295 1196 183 50 WANTED,
1511 1204 14 15 a
1546 1198 43 21 few
1617 1199 78 26 expert
1722 1196 69 22 Irish
1819 1195 66 23 Flax

1391 1224 127 22 Dressebs.

1616 1250 27 22 T.
1659 1250 33 22 M.
1709 1250 147 24 Partridge.

1323 1276 32 23 Te
1366 1277 53 26 Aro,
1431 1277 98 22 October
1538 1278 34 25 31,
1586 1278 63 21 1843.

1546 1323 94 21 Seeds.

1296 1357 52 48 A
1363 1354 85 25 VERY
1463 1356 158 23 SUPERIOR
1636 1355 44 23 and
1690 1354 104 24 valuable
1803 1358 84 19 assort-

1375 1386 64 19 ment
1454 1383 27 22 of
1497 1383 59 22 fresh
1574 1382 69 23 Seeds
1658 1382 47 27 just
1719 1382 112 26 received,
1849 1382 38 22 the

1275 1408 69 35 I'iirst
1361 1410 26 21 of
1402 1417 14 14 a
1431 1410 87 26 regular
1518 1415 2 7 1
1534 1409 88 28 supply,
1632 1415 50 16 now
1698 1416 29 15 en
1745 1408 46 23 sale
1807 1412 24 19 at
1848 1409 39 22 the

1297 1435 71 23 Office
1388 1436 26 22 of
1430 1436 43 23 this
1493 1437 70 28 Paper
1582 1437 29 27 by
1628 1436 38 22 the
1686 1435 159 29 undersigned,
1854 1437 31 22 in

1275 1478 2 3 •
1296 1462 122 29 quantities
1428 1467 21 18 to
1458 1464 44 21 suit
1512 1463 132 28 purchasers
1651 1471 6 15 :
1660 1474 28 5 —

1324 1497 56 23 Fine
1390 1497 52 23 seed
1450 1505 61 21 peas,
1522 1504 68 16 seven
1600 1497 111 28 varieties,

1324 1524 45 22 Do.
1396 1524 39 23 do.
1462 1524 71 23 broad
1542 1525 77 26 beans,
1630 1525 62 22 three
1703 1523 113 29 varieties,

1324 1551 44 22 Do.
1396 1551 38 22 do.
1460 1551 67 22 horse
1535 1551 79 28 beans,

1324 1577 46 24 Do.
1396 1579 37 22 do.
1459 1579 82 21 scarlet
1548 1585 96 15 runners
1653 1578 46 23 and
1709 1577 89 24 French
1806 1578 78 27 beans,

1310 1605 58 26 *Dp.
1396 1605 37 22 do.
1461 1606 76 27 spring
1547 1605 80 27 wheat,
1639 1609 67 24 tares,
1715 1605 47 22 and
1773 1610 55 21 oats,

1325 1632 83 23 Round
1419 1632 44 22 and
1472 1632 86 28 prickly
1565 1632 100 27 spinach,

1325 1659 64 27 Long
1398 1659 81 22 scarlet
1487 1659 44 22 and
1541 1659 76 28 turnip
1626 1659 83 27 radish,

1324 1686 115 27 Rhubard,
1450 1686 67 22 white
1533 1686 46 23 and
1595 1685 41 24 red
1652 1687 52 21 beet
1719 1686 44 22 and
1777 1685 109 29 mangold

1297 1720 42 15 wui
1345 1713 51 27 tzel,

1325 1740 124 28 Carraway,
1460 1740 49 25 Dill
1517 1740 46 23 and
1570 1740 96 27 Burnet,

1324 1767 45 22 Sea
1377 1767 56 26 cale,
1443 1774 128 20 asparagus,
1581 1770 82 24 carrot,
1673 1767 47 22 and
1732 1767 96 29 parsnip,

1326 1794 95 27 English
1429 1794 52 23 leek
1489 1801 46 20 ang
1542 1793 79 26 onion,
1631 1793 96 30 Spanish
1740 1794 36 22 do.

1326 1821 123 27 Vegetable
1465 1828 95 17 marrow
1574 1821 45 24 and
1628 1820 55 28 long
1696 1820 88 30 prickly
1792 1827 95 16 cucum-

1298 1848 46 26 ber,

1326 1875 145 26 Cauliflower,
1482 1875 87 26 endive,
1579 1874 47 23 and
1638 1873 82 29 celery,

1326 1902 117 28 Virginnia
1459 1902 100 26 tobacco,
1574 1902 154 28 mignionette,
1748 1901 45 23 and
1818 1904 69 19 sweet

1297 1935 60 21 peas,

1289 1970 6 5 .
1325 1955 40 22 All
1375 1960 56 18 sorts
1441 1956 25 21 of
1472 1955 86 27 garden
1568 1955 46 22 and
1624 1954 53 23 field
1686 1954 107 28 cabbage,

1286 1989 4 16 :
1326 1982 44 22 Do.
1480 1982 36 22 do.
1600 1982 36 21 do.
1692 1982 82 28 turnip,

1291 2024 4 3 .
1326 2008 39 24 H.W
1374 2011 55 18 sorts
1438 2009 29 20 of-
1468 2008 90 25 Ttttuce',
1569 2008 72 26 salad,
1652 2008 44 21 aha*
1709 2007 93 28 bnifeoli,

1325 2035 48 22 All,
1374 2038 56 19 sorts
1440 2035 24 22 of
1470 2035 74 27 lupins
1555 2034 45 22 and
1609 2035 153 26 nasturtiums,

1326 2062 37 21 All
1375 2066 56 17 sorts
1441 2062 25 21 of
1472 2066 68 17 sweet
1552 2061 74 25 herbs,

1326 2089 50 22 One
1385 2088 102 22 hundred
1497 2088 77 22 choice
1584 2088 91 22 varilies
1687 2088 27 21 of
1727 2087 76 23 flower
1812 2088 73 27 seeds,

1325 2116 22 22 A
1358 2123 53 19 very
1426 2116 102 22 valuable
1544 2119 132 18 assortment
1691 2115 26 22 of
1730 2115 60 22 fresh
1807 2115 80 22 choice

1297 2149 85 21 grasses
1391 2144 35 21 for
1435 2143 146 27 gentlemen's
1596 2142 70 22 lawns
1682 2142 44 22 and
1742 2142 146 28 agricultural

1299 2176 110 22 purposes,

1325 2197 111 27 Cabbage,
1464 2196 93 27 brocnli,
1585 2196 107 26 rhubard,
1723 2196 74 27 onion,
1826 2196 60 28 leek,

1296 2224 84 23 lettuce
1398 2224 80 28 plants,
1497 2224 48 26 &c,
1566 2231 51 15 now
1636 2223 70 27 ready
1726 2228 22 17 to
1767 2224 28 21 be
1813 2227 75 19 trans-

1296 2250 100 30 planted,
1407 2251 73 22 raised
1488 2251 56 22 from
1556 2250 96 29 samples
1663 2251 26 22 of
1697 2251 65 22 these
1772 2250 72 23 seeds.

1711 2285 36 23 W.
1763 2285 94 23 Moody.

1325 2313 100 22 October
1434 2314 19 24 6,
1466 2314 63 23 1843.

1462 2358 91 21 Beach
1570 2359 147 27 Frontage.

1300 2393 65 49 TO
1381 2393 38 21 BE
1435 2392 64 27 LET,
1515 2392 69 22 beach
1596 2392 101 26 frontage
1711 2392 44 22 lots
1766 2393 23 22 in
1800 2396 87 19 section

1371 2421 42 20 490
1422 2427 29 14 on
1467 2419 38 22 the
1516 2419 56 22 Plan
1582 2419 27 22 of
1616 2418 38 23 the
1663 2419 68 23 Town
1746 2420 27 22 of
1779 2419 108 28 Welling-

1297 2450 46 21 ton,
1355 2447 114 26 adjoining
1479 2447 44 21 Mr.
1532 2447 89 21 Taine's
1628 2449 69 24 store;
1713 2446 45 22 and
1767 2446 24 23 in
1800 2447 87 22 section

1297 2475 47 24 616,
1353 2474 99 22 between
1461 2474 76 27 Major
1544 2473 92 23 Baker's
1645 2473 46 22 and
1699 2473 45 23 Mr.
1752 2474 135 22 Swainson's

1297 2501 89 22 houses.

1324 2533 56 22 Also
1391 2532 37 22 the
1436 2532 113 28 following
1559 2532 98 23 section!
1666 2539 30 16 on
1706 2532 38 23 the
1752 2532 56 23 Plan
1816 2533 26 23 of
1849 2533 38 23 the

1297 2558 78 28 Town,
1386 2560 45 21 viz:
1433 2570 28 6 —

1400 2591 28 22 55
1563 2593 42 21 319
1755 2592 41 22 922

1388 2619 42 21 240
1564 2619 41 22 718
1744 2620 52 22 1079

1325 2645 75 29 Apply
1414 2649 22 17 to
1450 2654 5 7 •

1473 2672 27 22 E.
1516 2671 23 23 J.
1553 2671 151 28 Wakefield,
1721 2680 25 15 or

1472 2703 36 22 W.
1525 2704 28 22 V.
1567 2704 111 26 Brewer,
1692 2705 198 22 Manners-street.

1485 2750 35 22 W.
1537 2750 32 22 M.
1586 2750 108 27 SMITH,

1299 2795 57 16 LATE
1367 2795 237 16 SURVEYOR-GENERAL
1614 2796 28 14 TO
1655 2796 45 15 THE
1716 2796 51 15 NEW
1782 2797 105 15 ZEALAND

1534 2823 116 20 COMPANY,

1325 2854 142 28 Surveyor,
1482 2854 213 28 Draughtsman,
1711 2855 55 22 and
1779 2855 78 22 Land

1542 2883 107 26 Agents

1296 2917 179 27 Tmakori-rosd,
1487 2918 101 28 January
1600 2920 21 24 4,
1635 2920 61 21 1843.

1523 2965 53 21 For
1591 2965 71 23 Sale,

1297 2998 94 50 THE
1406 2998 144 23 COTTAGE
1563 2998 96 23 situated
1669 2999 23 22 in
1710 2999 100 23 Oriental
1828 3000 59 27 Bay,

1372 3024 45 23 arid
1431 3024 68 29 lately
1508 3025 108 28 occupied
1631 3025 29 28 by
1671 3025 37 23 the
1725 3024 160 30 undersigned.

1297 3052 22 23 A
1333 3052 55 27 long
1404 3051 60 23 lease
1482 3052 26 22 of
1523 3049 39 25 ffte
1576 3052 85 23 section
1676 3059 60 22 upon
1755 3052 71 23 which
1847 3054 38 21 the

1297 3078 70 23 house
1376 3078 76 23 stands
1461 3078 43 23 will
1515 3078 27 23 be
1551 3079 103 27 granted.

1323 3106 69 22 Town
1402 3106 54 21 land
1465 3105 44 23 will
1519 3106 28 22 be
1555 3106 67 23 taken
1633 3106 25 22 in
1667 3106 122 29 exchange.

1324 3132 44 26 For
1375 3132 85 23 further
1468 3133 138 28 particulars,
1616 3134 67 28 apply
1692 3137 24 19 to

1617 3167 98 23 George
1730 3167 90 28 Dvppa,
1834 3176 25 15 cr

1618 3194 35 22 W.
1671 3194 28 23 V.
1714 3195 102 23 Brewer

1296 3242 40 23 To
1352 3241 163 22 Gentlemen
1530 3242 148 27 intending
1690 3244 29 19 to
1736 3245 76 18 enter
1825 3244 60 20 into

1323 3269 45 20 the
1396 3269 144 27 profitable
1568 3270 110 26 pursuit
1706 3270 31 21 of
1763 3270 124 28 Grazing

1323 3295 56 22 and
1399 3296 137 26 Breeding
1554 3296 93 25 Stock,
1669 3296 43 22 for
1731 3297 90 21 which
1841 3298 44 20 the

1324 3322 91 22 fertile
1431 3323 112 21 Islands
1563 3323 32 22 of
1611 3324 69 21 New
1698 3324 124 22 Zealand
1840 3330 57 17 are;

1323 3356 31 15 so
1370 3350 152 27 peculiarly
1535 3351 129 27 adapted.

1296 3385 95 22 »TVHE
1401 3384 152 28 undersigned
1562 3385 44 28 beg
1615 3388 23 19 to
1645 3385 84 23 inform
1738 3385 58 24 their
1800 3385 88 25 friends

1303 3407 30 28 JL
1367 3412 46 24 and
1429 3412 40 23 the'
1481 3411 75 34 public
1572 3412 124 29 generally,
1711 3412 50 23 that
1776 3412 55 30 they
1840 3414 47 23 will

1295 3442 103 19 contract
1419 3439 38 24 for
1473 3438 39 23 the
1536 3438 101 30 delivery
1661 3439 27 22 of
1708 3439 39 24 the
1770 3439 118 30 following

1295 3466 136 28 description
1444 3466 26 23 of
1476 3465 77 28 Stock,
1558 3466 24 23 in
1589 3473 47 22 any
1645 3466 55 24 Port
1708 3466 28 24 of
1748 3466 38 24 the
1795 3467 92 25 Islands

1296 3493 27 22 of
1329 3493 58 22 New
1396 3493 99 22 Zealand
1503 3501 37 14 :—
1553 3498 4 5 '

1324 3520 95 23 Horned
1435 3520 66 23 cattle
1519 3519 126 29 (improved
1657 3519 91 29 breeds)
1764 3521 27 22 of
1801 3520 31 23 all
1847 3522 40 22 de-

1296 3548 126 28 scriptions,

1323 3574 92 28 Horses,
1436 3574 58 23 from
1515 3573 41 24 the
1576 3574 51 23 best
1647 3574 95 27 English,
1761 3574 46 23 and
1823 3576 63 23 Arab

1295 3602 70 28 studs,
1383 3602 93 23 suitable
1492 3601 35 22 for
1546 3602 85 27 racing,
1646 3601 84 29 saddle,
1741 3609 26 15 or
1778 3602 93 23 harness
1879 3612 5 19 ;

1294 3629 47 22 and
1350 3629 107 27 breeding
1466 3635 82 21 mares,
1622 3639 4 5 •
1856 3642 2 4 ■

1323 3656 58 23 Pure
1392 3656 74 22 Saxon
1476 3655 46 22 and
1531 3655 91 22 merino-
1628 3659 66 23 eWes,

1322 3682 123 24 Half-bred
1460 3682 112 25 Leicester
1586 3682 47 23 and
1648 3682 88 23 merino
1754 3691 64 19 ewes,
1835 3691 52 22 par-
1907 3688 3 6 '

1295 3710 105 28 ticularly
1408 3709 96 29 adapted
1517 3709 36 25 for
1561 3708 44 24 this
1616 3713 100 25 country,
1729 3717 25 15 as
1762 3711 57 28 they
1823 3712 63 22 unite
1907 3717 4 6 '■

1295 3738 82 27 weight
1387 3737 27 23 of
1419 3745 87 15 carcass
1516 3737 53 22 with
1578 3736 98 30 fineness
1687 3737 25 22 of
1718 3738 67 22 wooL
1798 3760 4 3 .

1321 3764 49 23 The
1394 3764 152 28 undersigned
1567 3771 46 15 can.
1626 3761 9 6 J
1638 3764 168 24 accommodate
1833 3773 54 22 pur-
1908 3783 5 5 ,

1294 3792 99 22 chasers*
1400 3792 26 22 of
1440 3790 57 24 theif
1507 3788 68 25 Stock
1593 3791 55 22 witn*
1662 3790 119 24 extensive*'
1792 3793 101 28 grazing'
1907 3793 4 4 '

1293 3826 63 20 runs,
1367 3818 78 23 within
1457 3820 40 21 100
1505 3818 65 23 miles
1580 3818 26 22 of
1612 3818 46 22 Shis
1906 3816 8 15 6

1556 3851 35 23 W.
1608 3852 26 22 BL
1650 3851 97 24 Rhodes
1761 3847 98 28 anoVflb.'
1882 3863 4 6 •

1481 3898 67 21 Just
1561 3897 133 23 received*.

1293 3930 130 53 PLANS
1447 3929 26 23 of
1493 3929 39 23 the
1555 3930 69 22 Town
1644 3930 27 22 of
1690 3929 169 26 Wellington-.

1368 3957 58 24 Plan
1448 3957 26 22 of
1480 3955 38 24 the
1529 3956 109 24 Harbour
1647 3957 27 23 of
1678 3956 66 25 -Port
1760 3957 134 26 Nicholson;
1909 3960 4 6 '

1322 3986 106 26 Message
1438 3983 72 28 cards,
1642 3992 12 14 k

1919 710 26 26 In
1956 714 37 23 the
2002 715 89 27 County
2097 715 69 21 Court
2173 716 26 20 of
2205 715 141 27 Wellington,

1941 742 26 21 in
1976 740 38 23 the
2028 740 108 23 Southern
2154 741 93 23 District
2256 740 25 24 of
2291 742 57 22 New
2359 748 14 17 >
2533 742 2 22 '.

1941 764 81 31 Ulster,
2020 776 3 6 1
2033 768 57 22 New
2100 767 108 22 Zealand.
2256 770 7 3 '
2354 764 11 31 J
2429 775 25 15 .■<*
2466 776 6 12 j

1933 802 77 21 Isaac
2025 801 139 26 Windsor,
2179 801 129 22 deceased
2323 802 145 21 Intestate.

1918 834 187 49 PURSUANT
2124 839 23 18 to
2162 835 39 22 the
2218 836 55 22 Rule
2282 836 26 21 of
2314 835 47 22 this,
2373 834 123 24 honorable

1985 862 75 27 Court,
2071 861 39 23 the
2126 862 108 22 creditors
2249 863 24 21 of
2284 862 40 23 the
2335 861 164 23 above-named

1918 888 102 23 deceased
2039 896 43 20 are,
2100 896 29 15 on
2145 896 25 15 or
2190 889 72 22 before
2282 889 37 22 the
2339 888 52 23 15th
2475 887 26 22 of

1918 915 117 27 February,
2054 917 60 25 1843,
2126 919 22 17 to
2169 923 63 14 come
2251 916 21 21 in
2291 914 209 31 and^rive'iheir

1918 942 60 22 debts
1988 942 75 21 before
2075 942 84 22 Robert
2169 942 89 27 Rodger
2265 943 85 26 Strang,
2356 943 64 27 Esq.,
2430 940 68 23 Clerk

1921 969 24 20 of
1954 968 45 22 said
2006 969 75 26 Court,
2092 973 23 17 at
2124 968 34 23 his
2169 968 70 27 office,
2249 970 22 20 in
2286 969 39 21 the
2335 970 69 20 Court
2413 967 86 27 House,

1918 994 141 28 Wellington,
2070 1002 26 15 or
2112 996 23 21 in
2152 994 86 25 default
2250 995 86 22 thereof
2348 994 54 28 they
2412 994 45 22 will
2470 994 28 22 be

1918 1022 152 33 peremptorily
2073 1033 5 10 f
2085 1018 112 26 excluded
2211 1022 52 22 irom
2274 1021 29 22 all
2317 1020 85 24 benefit
2411 1021 84 27 arising

1918 1043 54 27 irom
1982 1047 37 23 the
2028 1048 49 22 said
2086 1051 78 19 estate.
2433 1048 8 10 ''
2463 1049 14 10 "'

2089 1090 5 2 -
2103 1075 97 23 Robert
2221 1074 28 23 R.
2263 1076 103 26 Strano,
2408 1086 4 3 ■
2436 1097 6 5 ,

1995 1102 66 22 Clerk
2071 1102 26 21 of
2103 1102 38 21 the
2153 1103 89 27 County
2252 1103 72 26 Court,
2336 1101 46 23 and
2397 1101 92 28 Deputy

2049 1129 115 27 Registrar
2173 1129 26 21 of
2204 1129 38 22 the
2253 1130 106 26 Supreme
2366 1129 82 22 CouYt.

1942 1159 145 28 Wellington,
2099 1161 130 21 November
2239 1161 31 26 15,
2282 1161 60 22 1843.

2133 1205 152 38 NOTICE.

1918 1239 123 28 Meeting
2061 1239 30 22 of
2108 1239 125 23 Justices
2247 1239 43 21 for
2303 1240 47 21 the
2372 1235 133 25 Transfer

2030 1267 32 21 of
2073 1267 161 21 Publican's
2246 1267 138 21 Licences.

1918 1300 49 49 A
1981 1299 130 23 SPECIAL
2126 1300 147 23 MEETING
2284 1300 26 22 of
2322 1300 39 22 the
2371 1299 99 24 Justices
2480 1299 27 23 of

1994 1323 37 25 the
2048 1326 71 23 Peace
2134 1327 35 22 for
2179 1327 37 22 the
2234 1327 65 22 Town
2308 1327 46 22 and
2371 1326 96 23 District
2481 1327 27 23 of

1918 1352 54 22 Port
1987 1352 132 27 Nicholson,
2136 1352 46 23 will
2199 1354 28 21 be
2240 1353 81 23 holden
2335 1357 24 19 at
2373 1354 40 22 the
2428 1353 75 24 Police

1918 1379 77 27 Office,
2005 1379 147 28 Wellington,
2163 1387 29 15 on
2206 1380 39 23 the
2255 1380 45 23 first
2315 1380 107 29 Tuesday
2430 1381 23 22 in
2464 1380 39 24 the

1918 1406 77 22 month
2011 1406 26 22 of
2052 1407 128 22 December
2193 1411 62 23 next,
2268 1408 34 24 for
2317 1408 39 22 the
2374 1408 95 23 transfer
2479 1408 27 23 of

1918 1432 125 24 Publican's
2058 1433 108 23 Licences
2180 1433 35 23 for
2229 1434 36 23 the
2279 1435 47 22 sale
2336 1435 26 22 of
2377 1435 126 27 Spirituous

1918 1460 100 26 Liauors,
2037 1460 72 28 Wine,
2122 1461 51 27 Ale,
2191 1460 46 23 and
2253 1462 62 26 Beer,
2325 1460 25 23 in
2362 1462 140 23 accordance

1918 1486 51 23 with
1984 1487 37 22 the
2038 1488 125 28 provisions
2180 1488 26 22 of
2222 1488 37 23 the
2276 1489 130 23 Ordinance
2418 1490 13 21 5
2441 1488 61 24 Viet.

1918 1514 86 23 Session
2014 1516 20 25 2,
2046 1515 43 22 No.
2101 1514 59 23 XII.

2105 1549 97 22 Alfred
2217 1549 30 22 R.
2261 1549 123 28 Chetham,

2215 1582 64 23 Clerk
2289 1584 25 21 of
2319 1583 68 28 Petty
2394 1583 108 28 Sessions.

1944 1615 74 24 Police
2027 1615 78 28 Office,
2117 1610 145 34 Wellington,
2479 1618 3 17 :

1984 1643 129 22 November
2122 1644 19 23 1,
2154 1645 63 20 1843.

2144 1689 43 21 On
2202 1688 69 27 Sale,

1918 1721 91 51 THE
2037 1720 74 24 NEW
2135 1721 150 28 ZEALAND
2312 1722 190 30 PORTJEOI4Q,

1918 1755 99 29 ...,^°r
2018 1747 82 37 ndu<^
2101 1748 16 24 d
2112 1748 54 36 v£y
2183 1749 33 33 ¥f
2232 1749 14 25 s
2246 1765 9 17 r
2270 1750 123 28 Chapiuv,
2408 1748 47 32 Jfit
2463 1751 40 23 the

1918 1774 86 26 Middle
2009 1774 112 31 Temple,)
2131 1775 214 28 Barruter-at-Law.

1943 1807 45 25 Ne.
2000 1806 49 25 I.—
2049 1808 23 23 A
2086 1807 79 25 Letter
2178 1810 24 21 to
2220 1808 39 23 the
2273 1808 70 30 Right
2359 1808 64 28 Hon.
2441 1810 63 24 Lord

1918 1834 97 29 Stanley,
2032 1835 120 27 Secretary
2170 1835 28 24 of
2212 1836 60 23 State
2290 1835 36 25 for
2340 1836 42 24 the
2401 1836 103 25 Colonial

1918 1861 152 27 Department,
2103 1862 37 22 On
2147 1862 40 23 the
2192 1862 186 24 Administration
2384 1864 27 23 of
2414 1863 89 26 Justice

1918 1888 22 22 in
1951 1886 54 24 Mew
2267 1892 3 4 '
2347 1892 3 4 '
2430 1894 16 18 ;.

1944 1921 44 22 No.
2001 1922 62 22 ll.—
2064 1923 77 21 Letter
2156 1926 22 18 to
2194 1923 61 22 John
2269 1924 57 22 Abel
2342 1924 80 28 Smith,
2439 1925 63 28 Esq.,

1919 1949 68 26 M.P.,
2064 1949 38 22 the
2110 1949 145 28 Advantages
2262 1950 69 23 which
2338 1951 74 22 would
2422 1959 80 16 accrue

1918 1979 21 19 to
1950 1975 92 27 English
2053 1976 127 27 Capitalists
2188 1977 58 22 from
2256 1977 37 22 the
2301 1978 169 23 establishment
2479 1980 26 21 of

1918 2010 14 13 a
1939 2003 58 19 Loan
2009 2005 103 23 Company
2121 2002 36 22 for
2165 2005 157 26 NdtpZealmd,
2331 2005 89 22 -similar
2432 2010 21 17 CO
2463 2006 39 21 the

1918 2029 127 22 Australian
2054 2030 67 21 Trust

1945 2064 42 21 No.
1999 2064 75 22 III.—
2147 2064 99 22 Address
2257 2069 19 17 to
2286 2065 37 27 thp
2333 2066 58 22 New
2401 2066 101 23 Zealand

1918 2090 65 24 Land
1992 2091 137 27 Proprietors
2140 2091 98 24 resident
2251 2092 22 22 in
2281 2092 38 22 the
2329 2093 86 23 United
2431 2093 71 28 King-

1918 2117 58 27 dom,
1988 2125 28 14 on
2032 2118 85 22 several
2131 2122 94 20 matters
2234 2119 26 21 of
2266 2119 136 28 importance
2412 2124 22 18 to
2445 2121 58 22 their

1944 2179 44 23 No.
2004 2179 42 23 IV.
2047 2191 28 5 —
2077 2179 15 14 '*
2103 2180 36 22 On
2159 2180 38 22 the
2218 2180 113 23 Financial
2348 2181 115 25 condition
2479 2183 28 22 of

1918 2207 56 22 New
2117 2208 30 27 by
2157 2208 92 22 Charle3
2258 2208 72 28 Terry,
2343 2208 61 29 Esq.,
2415 2208 87 27 F.R.S.,

1919 2234 78 23 F.S.A.

1945 2267 44 21 No.
2004 2266 28 22 V.
2034 2278 27 5 —
2063 2269 20 21 1.
2136 2267 158 23 Observations
2317 2275 31 15 on
2371 2266 136 30 facilitating

1919 2293 139 28 Emigration
2081 2297 24 18 to
2129 2294 56 23 New
2210 2294 105 28 Zealand,
2333 2295 31 28 by
2384 2302 80 16 means
2482 2297 27 21 of

1919 2321 115 22 Moderate
2055 2321 99 27 Charges
2169 2322 35 21 for
2223 2321 66 23 Chief
2303 2322 44 22 and
2363 2322 142 24 Fore-Cabin

2079 2348 27 22 In
2117 2356 13 14 a
2141 2348 78 22 Letter
2228 2353 23 17 to
2261 2349 81 28 Joseph
2353 2351 86 26 Somes,
2450 2349 54 29 Esq.

1918 2375 41 23 &c.
1971 2375 38 22 &c.
2039 2375 35 28 By
2084 2375 31 22 H.
2127 2376 21 21 S.
2161 2375 121 28 Chapman.

1946 2408 21 21 2.
2008 2408 20 21 A
2039 2407 76 22 Letter
2123 2415 29 14 on
2164 2408 106 28 Banking
2277 2409 23 21 in
2310 2408 56 23 New
2377 2408 128 24 Zealand/
2533 2429 2 4 ,

1919 2434 35 27 By
1964 2434 85 22 Arthur
2058 2435 26 22 T.
2097 2434 109 28 Holroyd,
2218 2436 52 28 Esq.

1947 2467 44 25 No.
2006 2467 41 23 VI.
2049 2479 28 5 —
2100 2468 160 23 Observations
2274 2476 27 15 on
2310 2469 37 22 the
2359 2469 145 29 Advantages

1919 2494 26 22 of
1957 2502 14 15 a
1988 2495 185 29 Representative
2188 2496 118 28 Assembly
2320 2497 36 21 for
2375 2497 62 25 New.
2447 2497 58 24 Zea-

1948 2549 97 23 General
2056 2549 48 23 title
2114 2549 47 23 and
2169 2549 148 23 introduction
2328 2554 24 18 to
2361 2550 38 22 the
2410 2550 82 24 Series.

2107 2589 69 16 PRICE
2194 2589 116 16 SIXPENCE.

1947 2614 86 22 Gazette
2044 2612 78 28 Office,
2135 2614 68 27 Sept.,
2216 2615 61 21 1843.

1920 2658 72 50 ON
2006 2659 78 22 SALE
2099 2662 23 19 at
2141 2658 39 23 the
2200 2659 71 22 Office
2288 2660 22 21 of
2330 2659 45 23 this
2392 2667 111 21 paper:—

1997 2686 62 27 Keys
2068 2687 25 21 oi'
2102 2687 38 21 the
2148 2685 71 23 Town
2229 2687 26 21 of
2262 2687 52 21 New
2323 2687 131 27 Plymouth,

1947 2713 67 22 Plans
2023 2714 24 21 of
2057 2714 99 27 Country
2168 2713 65 23 Land
2242 2714 70 23 round
2324 2714 146 28 Wellington,
2479 2714 25 23 in

1919 2746 59 20 case,

1947 2767 69 22 Plans
2025 2767 26 21 of
2058 2767 93 26 Nftlson,
2162 2768 24 21 in
2198 2775 58 20 case,

1947 2794 78 27 Copies
2042 2794 26 22 of
2081 2794 38 23 the
2136 2795 56 22 New
2212 2794 98 23 Zealand
2324 2794 104 28 Journal,
2445 2796 61 27 1842,

1919 2821 117 27 complete,
2048 2822 83 26 bound,

1947 2848 134 27 Chapman's
2091 2848 117 28 Portfolio,
2219 2848 84 28 bound,

1947 2875 74 22 Prints
2028 2877 22 20 of
2058 2876 94 27 Nelson,

1948 2902 73 22 Prints
2031 2903 26 22 of
2061 2902 145 28 Wellington,

1947 2928 67 23 Plans
2024 2929 25 22 of
2057 2929 84 23 Nelson
2153 2931 23 21 in
2187 2930 85 28 Sheets,

1947 2956 67 21 Plans
2024 2956 25 22 of
2056 2956 100 28 Country
2168 2957 64 22 Land
2242 2960 25 20 at
2279 2957 145 29 Wellington,

1947 2982 67 23 Plans
2023 2982 25 23 of
2055 2983 37 23 the
2102 2983 70 23 Town
2183 2984 26 22 of
2215 2984 57 23 New
2282 2984 127 28 Plymouth.

1945 3016 130 29 September
2084 3018 33 25 19;
2128 3019 64 22 1843.

2078 3064 79 21 Meat
2178 3076 6 15 j
2189 3064 147 28 Company.

2145 3098 132 23 CHEESE.

1920 3123 91 51 THE
2025 3123 89 24 MEAT
2135 3125 153 24 COMPANY
2307 3130 94 24 expects
2420 3127 87 29 shortly

1994 3155 22 19 to
2025 3153 86 21 receive
2120 3153 90 26 regular
2215 3153 95 28 supplies
2316 3154 25 22 of
2348 3154 87 23 Cheese
2446 3155 57 24 from

1919 3178 40 23 the
1967 3179 141 29 Cowpasture
2117 3180 45 22 and
2172 3179 118 24 Terawitte
2296 3181 98 23 Dairies.

2174 3231 2 6 ,
2188 3213 37 23 W.
2240 3213 100 30 Flygeb,
2355 3214 120 31 Manager.

1946 3245 129 26 September
2082 3246 35 26 29,
2129 3246 61 22 1843.
2414 3243 3 2 '

2088 3292 78 22 Meat
2183 3294 148 27 Company.

2045 3324 338 28 VEGETABLES.

1921 3354 172 55 SHIPPING
2108 3357 47 25 and
2169 3358 108 25 Families
2291 3367 42 17 can
2345 3360 30 23 lie
2390 3355 117 36 reguJarly

1972 3384 102 30 supplied
2082 3384 56 26 with
2145 3385 31 27 oil
2179 3384 152 32 'descriptions
2338 3386 28 24 of
2370 3387 136 32 vegetables;

2199 3419 37 25 W.
2246 3420 100 29 Fwroijß,
2358 3421 119 30 Manager.

1945 3450 131 30 Sfept6mber
2074 3464 7 16 ;
2082 3453 37 25 29,
2131 3453 63 23 lß43.
2291 3446 102 46 '..■
2416 3478 6 14 r
2434 3452 7 9 *
2446 3476 41 16 mr

2086 3501 79 22 Meat
2186 3501 147 28 Company.

1920 3533 90 50 THE
2030 3534 237 27 UNDERSIGNED,
2286 3534 82 28 having
2386 3536 59 24 been
2465 3544 40 22 ap-

1993 3562 88 28 pointed
2096 3562 111 27 Manager
2216 3561 27 23 of
2256 3561 36 22 the
2304 3562 64 22 Meat
2378 3563 124 29 Company,

1918 3588 53 27 beg
1970 3588 34 27 9to
2013 3595 118 16 announce
2140 3588 50 22 that
2203 3595 14 15 a
2227 3588 85 27 regular
2320 3589 82 28 supply'
2408 3590 95 31 ofpeef,

1918 3618 94 25 mutton,
2032 3616 45 22 arid
2093 3615 57 28 pork
2166 3617 58 25 may'
2237 3614 82 28 always
2336 3616 28 22 be
2383 3616 120 29 depended

1918 3649 61 21 upon
1990 3645 26 19 at
2022 3642 43 23 this
2075 3642 173 23 establishment.

1945 3670 34 22 As
2002 3669 42 23 this
2068 3670 117 28 Company
2201 3675 107 26 purposes
2325 3668 81 29 selling
2425 3671 28 22 at
2465 3671 40 24 the

1918 3696 78 22 lowest
2004 3697 70 28 prices
2084 3700 23 18 at
2121 3695 74 23 which
2203 3700 20 17 it
2235 3696 20 22 is
2263 3696 71 23 found
2342 3696 38 23 the
2389 3700 66 24 meat,
2462 3705 44 20 pan

1918 3721 28 25 he
1956 3723 106 28 afforded,
2073 3723 38 22 the
2120 3722 154 28 undersigned
2281 3723 16 23 is
2310 3723 54 27 only
2373 3724 132 26 authorized

1919 3751 83 27 tp-give
2008 3757 52 20 very
2065 3749 89 23 limited
2162 3749 79 28 credit,
2246 3750 47 23 and
2298 3749 40 24 has
2344 3750 61 24 beetr
2411 3751 96 28 ordered

1918 3780 27 20 toi
1957 3782 52 23 stop
2020 3777 30 23 all
2063 3779 113 20 accounts^
2183 3776 75 23 which
2272 3783 35 17 are
2321 3782 43 18 not
2376 3778 56 28 paid
2444 3781 62 26 upofa

1919 3804 101 24 demand.
2429 3813 4 22 ;

1945 3838 51 23 The
2003 3838 99 23 business
2112 3837 26 22 of
2145 3837 42 23 the
2194 3837 113 29 Company
2315 3838 20 23 is
2345 3839 90 24 carried!
2439 3847 35 17 ow
2481 3841 25 25 iv

1919 3866 58 22 their
1992 3872 47 16 new
2054 3864 108 28 building,
2175 3865 89 22 erected
2282 3866 99 24 between
2393 3866 114 30 'J'ltagQa's

1920 3892 68 23 Hotel
2008 3889 41 25 and
2068 3891 39 22 the
2124 3891 59 22 head
2202 3891 25 22 of
2241 3891 38 23 the
2294 3892 54 30 Bay,
2366 3888 50 38 anjf
2423 3895 84 30 .nearly

1919 3919 98 29 opposite
2027 3923 22 18 to
2059 3918 45 23 Mr.
2115 3918 85 29 Lyon's
2210 3918 71 23 Store.
2373 3924 13 17 '•-
2414 3919 44 34 ,'J-"^
2468 3924 11 22 7

1946 3984 129 24 November
2085 3986 34 24 23,
2132 3986 63 21 1842.
