2559 4060
84 1737 46 22 The
149 1740 69 19 cutter
236 1738 111 22 Catherine
363 1739 108 24 Johnston,
490 1740 26 21 10
533 1742 58 22 tons,
610 1740 34 21 the

40 1773 3 7 >
52 1766 124 26 -Wanganni
182 1766 78 24 trader,
271 1766 40 21 had
318 1766 82 21 arrived
409 1769 23 18 at
439 1765 81 28 Nefaoin
528 1767 56 21 from
592 1766 52 28 Syd-

55 1799 50 21 ney,
115 1794 68 20 where
193 1794 38 21 she
236 1793 43 22 had
286 1794 53 22 been
344 1794 134 26 lengthened.
480 1794 42 21 and
529 1795 102 27 repaired.

50 1849 89 73 New
169 1849 207 73 Zealand
406 1849 207 73 Gazette

95 1922 68 23 AND
177 1922 216 24 WELLINGTON
413 1922 190 23 SPECTATOR.

147 1978 132 24 Saturday,
295 1976 131 25 November
442 1978 31 24 18,
490 1978 61 22 1843.

92 2029 35 24 Of
142 2037 80 16 course
233 2029 40 24 the
282 2029 52 24 first
346 2030 104 29 question
462 2034 23 19 to
505 2029 27 24 be
551 2030 91 29 pressed

52 2070 66 25 >upon
139 2061 38 25 the
198 2063 113 23 attention
330 2062 26 24 of
382 2062 97 31 Captain
500 2062 102 31 Fitzroy,
614 2070 28 17 on

56 2096 84 25 arrival
152 2103 82 24 among
245 2103 36 21 us,
294 2096 20 23 is
325 2095 39 24 the
376 2095 107 32 enabling
501 2095 38 24 the
553 2096 90 24 settles

56 2135 24 19 to
94 2137 85 24 occupy
191 2129 38 24 the
241 2128 66 25 lands
319 2136 26 16 so
362 2128 55 32 long
433 2129 63 24 since
516 2129 126 30 purchased

57 2164 30 30 by
107 2163 62 24 them
189 2163 26 24 of
241 2163 39 24 the
302 2162 59 24 New
381 2162 100 25 Zealand
512 2162 129 32 Company.

57 2197 90 25 Should
165 2204 41 16 our
226 2203 50 18 new
298 2196 119 24 Governor
443 2196 53 24 visit
518 2195 124 26 Auckland

57 2230 78 25 before
158 2230 90 30 coming
268 2234 24 19 to
315 2229 86 24 Cook's
424 2230 92 28 Straits,
541 2230 28 24 he
597 2230 45 25 will

56 2264 78 24 obtain
147 2264 129 31 possession
287 2263 26 23 of
327 2263 49 23 Mr.
389 2263 91 32 Spam's
492 2269 85 25 report.
619 2264 23 24 It

55 2298 44 23 has
118 2298 58 24 been
193 2296 114 33 supposed
325 2296 50 24 that
393 2297 37 23 the
447 2297 146 24 information
614 2297 28 24 he

56 2331 48 24 will
125 2331 87 23 receive
232 2338 30 16 on
280 2330 36 24 his
334 2330 83 24 arrival
434 2336 33 18 at.
478 2330 101 32 Sydney,
598 2331 44 24 will

56 2364 83 25 induce
150 2364 47 25 him
207 2370 22 19 to
241 2371 45 25 pay
297 2371 28 17 us
337 2372 13 15 a
361 2364 54 23 visit
426 2364 62 32 prior
501 2369 22 18 to
532 2364 107 32 proceed-

57 2399 42 30 ing
118 2403 22 19 to
159 2397 37 25 the
215 2403 49 19 seat
284 2397 25 24 of
332 2397 164 25 Government.
544 2397 49 25 But
610 2406 32 16 we

52 2432 76 24 •doubt
154 2431 64 25 there
239 2431 71 31 being
332 2439 44 22 any
399 2430 135 32 probability
558 2432 26 23 of
607 2431 35 24 his

57 2465 110 32 adopting
177 2465 47 23 this
235 2469 59 26 step,
305 2464 119 24 inasmuch
443 2472 24 16 as
486 2472 35 16 we
537 2466 105 30 question

57 2498 101 25 whether
170 2498 28 25 he
212 2498 73 23 would
301 2498 45 23 feel
363 2497 102 31 justified
483 2498 25 23 in
526 2499 117 30 assuming

59 2540 45 23 any
115 2533 25 23 of
155 2531 38 24 the
203 2531 75 23 duties
291 2530 23 24 of
324 2531 37 23 his
372 2532 64 22 office
451 2532 62 30 prior
524 2535 24 20 to
560 2531 83 32 having

57 2566 59 23 been
127 2565 53 31 duly
189 2564 114 25 installed.
340 2564 170 29 Nevertheless,
525 2573 33 16 we
570 2565 73 31 might

57 2599 32 25 he
102 2599 111 32 prepared
231 2603 23 19 to
274 2597 89 26 furnish
382 2598 56 29 him,
456 2603 24 19 at
501 2606 14 16 a
532 2604 111 19 moments

58 2634 84 28 notice,
154 2632 54 25 with
221 2640 44 23 any
276 2631 146 25 information
431 2632 29 24 he
471 2639 52 23 may
544 2633 98 27 require.

95 2667 132 31 Supposing
238 2666 97 32 Captain
348 2665 94 32 Fitzroy
450 2670 23 19 to
480 2666 57 24 have
548 2666 95 29 arrived,

45 2705 5 4 '
60 2700 45 24 and
114 2700 127 30 exhibiting
252 2699 38 24 the
301 2703 87 20 utmost
398 2699 73 24 desire
483 2704 24 19 to
518 2699 68 24 settle
604 2699 39 24 the

59 2733 69 25 Land
140 2733 122 29 Question,
275 2740 46 16 was
333 2737 23 19 to
368 2733 88 31 require
475 2733 26 23 of
515 2731 39 25 the
575 2732 68 25 Colo-

60 2768 48 23 nist
130 2772 23 19 to
170 2768 66 31 point
254 2771 41 19 out
311 2770 24 20 to
353 2764 48 26 him
419 2766 38 23 the
475 2771 60 19 mast
546 2766 99 24 efficient

60 2808 80 17 means
152 2801 25 24 of
191 2800 71 31 doing
273 2808 33 15 so.
351 2798 51 24 The
420 2799 66 23 mode
506 2798 25 24 of
546 2799 100 32 arriving

62 2839 24 19 at
97 2834 65 24 those
171 2834 20 24 is
203 2832 72 32 really
287 2837 21 19 to
320 2838 93 26 present
430 2831 37 26 the
487 2831 113 33 difficulty
620 2841 25 16 as

61 2867 154 33 prominently
226 2874 26 16 as
263 2865 109 33 possible*

97 2901 25 24 It
144 2908 52 24 may
217 2899 28 25 be
264 2898 74 26 stated
357 2898 48 27 that
424 2898 37 26 the
483 2899 89 24 natives
594 2907 50 17 now

62 2934 61 32 deny
135 2933 38 25 the
185 2933 119 32 Company
314 2938 24 19 to
349 2931 58 27 have
418 2940 15 17 a
452 2932 50 24 title
513 2937 22 21 to
548 2940 29 17 an
593 2933 52 24 inch

63 2968 27 24 of
103 2966 53 26 land
168 2968 22 24 in
203 2967 59 25 New
278 2966 108 25 Zealand.
429 2966 48 25 Mr.
498 2966 92 32 Spain's
609 2975 36 16 re-

62 3006 53 27 port
125 3001 54 30 will,
191 3000 111 29 however,
320 3008 33 16 we
365 2999 81 25 should
457 3006 107 26 suppose,
584 2999 62 25 show

64 3035 50 24 that
125 3034 58 25 their
194 3034 50 24 title
254 3035 22 24 is
287 3034 58 31 gooi
353 3038 23 19 to
388 3042 14 16 a
412 3041 54 24 very
476 3039 66 25 great
553 3038 92 24 extent;

64 3069 45 23 and
128 3069 20 23 if
169 3069 18 23 it
205 3067 28 25 do
251 3072 48 25 not,
316 3067 65 24 when
400 3068 19 24 it
437 3068 20 24 is
468 3066 128 33 published,
608 3062 39 30 the

63 3101 79 32 ruling
160 3101 74 24 defect
254 3109 26 16 or
297 3100 90 32 fallacy,
405 3100 73 25 which
497 3101 23 24 in
542 3100 31 25 ail
592 3108 53 25 pro-

62 3135 96 31 bability
178 3134 46 25 will
244 3133 97 33 peivade
364 3134 49 24 that
438 3134 129 29 document,
596 3142 51 23 may

65 3168 70 31 easily
147 3169 27 23 be
184 3167 111 25 rendered
303 3173 109 27 apparent
431 3172 24 20 to
472 3175 14 16 a
503 3175 54 17 man
574 3167 26 29 <?f
613 3167 35 25 far

64 3201 94 25 inferior
167 3201 70 25 talent
248 3206 23 19 to
283 3201 49 25 that
345 3201 74 25 which
438 3201 97 32 Captain
554 3200 93 32 Fitzroy

65 3235 22 24 is
97 3234 96 33 reputed
203 3238 23 20 to
235 3241 103 26 possess.
379 3234 142 33 Respecting
536 3233 41 25 the
586 3234 61 32 right

65 3271 25 21 to
100 3276 15 16 a
127 3267 47 25 title
186 3272 24 20 to
221 3266 38 26 the
278 3267 53 25 land
348 3267 26 25 of
388 3267 74 25 which
481 3267 38 25 the
536 3266 112 33 purchase

55 3301 32 24 'is
107 3300 143 33 recognized,
269 3300 30 32 by
312 3301 48 24 Mr.
374 3301 179 25 Commissioner
565 3301 80 32 Spain,

66 3335 64 24 there
148 3334 71 32 ought
230 3339 41 19 not
288 3339 23 19 to
329 3335 28 23 be
374 3342 45 24 any
435 3334 119 32 difficulty.
597 3334 48 24 But

66 3376 14 17 a
97 3368 50 25 title
158 3368 20 23 is
189 3367 87 25 needed
285 3372 24 19 to
323 3367 150 25 lands'which
484 3369 25 23 in
520 3368 124 31 ignorance

66 3401 28 25 of
107 3409 44 24 any
164 3398 74 27 defect
248 3401 25 23 in
285 3399 38 25 the
342 3401 50 23 title
404 3401 37 23 the
461 3401 120 32 Company
596 3398 47 27 dis-

66 3434 101 26 tributed
178 3439 22 20 to
212 3433 90 25 settlers
320 3433 71 25 under
410 3434 38 24 the
458 3434 71 26 belief
540 3434 50 24 that
610 3434 44 24 the'

66 3466 55 27 land
137 3468 44 24 had
198 3468 59 24 been
276 3467 101 31 scarcely
393 3466 134 33 purchased,
547 3467 45 24 and
616 3467 35 25 for

66 3502 75 24 which
160 3502 52 30 they
232 3509 39 16 are
289 3499 87 32 willing
402 3504 24 19 to
442 3505 145 27 compensate
613 3500 37 25 the

66 3536 97 24 natives-.

78 3580 5 6 •
95 3569 56 25 -The
165 3568 120 33 Company
292 3565 59 26 have
363 3565 58 25 been
436 3566 114 32 promised
562 3574 14 16 a
594 3566 56 30 title,

67 3603 24 24 if-
107 3603 54 31 they
183 3601 46 25 will
252 3600 69 26 make
344 3600 177 34 compensation,
546 3605 22 18 to
587 3600 66 24 lands

66 3634 78 26 which*
161 3635 43 25 the.
218 3633 96 27 Natives
332 3633 29 24 do
380 3638 41 19 not
438 3640 94 24 occupy,
553 3633 100 24 whether

67 3668 55 32 they
134 3670 28 23 be
174 3667 100 26 inclined
285 3667 121 32 to.dispose
415 3666 25 24 of
450 3666 38 24 the
495 3666 65 24 lands
568 3674 25 16 or
604 3671 47 19 not.

83 3709 3 5 '
101 3703 48 27 But
161 3703 38 24 the
211 3702 119 32 Company
342 3706 38 19 are
391 3704 41 21 not
440 3704 22 19 to
473 3699 57 25 have
543 3707 13 16 a
569 3699 48 24 title
629 3705 24 18 to

67 3736 67 25 lands
153 3735 75 25 which
245 3735 40 25 the
421 3740 87 25 occupy
527 3739 62 29 upon
610 3740 44 25 any

67 3770 175 36 consideration.
279 3767 58 26 Now
358 3767 38 25 the
414 3767 67 25 lands
501 3766 52 32 they
566 3773 88 25 occupy!

67 3810 54 24 may
133 3803 27 23 be
171 3801 86 34 proved
264 3807 28 19 to
302 3801 58 28 have
371 3800 58 26 been
441 3799 82 32 wholly
534 3807 26 17 or
571 3800 82 31 in.part

67 3836 69 31 fairly
155 3835 113 26 alienated
290 3840 23 19 to
336 3834 39 25 the
394 3834 133 32 Company;
557 3826 97 34 andvwre!

66 3875 85 19 cannot
163 3868 139 26 understand
313 3868 39 25 the
363 3864 89 36 ground
462 3874 61 25 upon
535 3864 115 26 whicHTan

67 3907 97 27 attempt
182 3909 57 18 can*
244 3903 29 24 be
292 3901 66 26 made
378 3906 24 20 to
420 3900 75 25 refuse
506 3904 23 20 to
546 3901 53 30 give
616 3897 38 32 the;

69 3936 121 32 Company
200 3944 15 16 a
234 3936 49 24 title
334 3954 4 6 .
344 3934 122 26 cultivated
486 3934 75 29 lands,
581 3933 73 28 which,

67 3969 120 34 thejr'may.
197 3968 60 26 have
266 3968 94 33 proved,,
375 3968 55 32 they
440 3967 59 26 have
517 3965 137 34 purchased.

1944 1384 52 25 The
2014 1390 48 19 acts
2082 1386 44 23 and
2146 1388 157 30 expectations
2320 1388 27 25 of
2360 1397 96 23 persons
2473 1391 24 25 in

1910 1418 117 30 England,
2048 1418 61 24 alike
2128 1420 90 23 exhibit
2240 1421 39 23 the
2301 1421 83 25 absurd
2407 1425 89 24 notions

1910 1451 73 24 which
1999 1451 53 32 they
2063 1452 57 24 have
2137 1454 131 32 respecting
2284 1462 50 16 new
2346 1456 149 26 settlements.

1910 1484 67 32 They
1990 1485 57 23 have
2058 1493 62 16 some
2131 1486 52 23 how
2195 1488 98 24 imbibed
2305 1488 38 24 the
2356 1489 52 25 idea
2420 1491 47 24 that
2480 1492 17 23 it

1910 1518 20 23 is
1949 1519 55 30 only
2021 1526 120 24 necessary
2159 1520 36 24 for
2212 1529 14 15 a
2246 1521 59 31 body
2318 1522 25 23 of
2357 1531 96 23 persons
2474 1529 23 19 to

1910 1552 96 30 proceed
2019 1557 22 19 to
2053 1561 62 15 some
2126 1555 142 30 unoccupied
2280 1556 63 31 piece
2353 1556 27 24 of
2388 1557 61 30 land,
2463 1559 34 23 for

1910 1585 38 23 the
1960 1586 129 23 immediate
2101 1594 175 25 consequences,
2289 1594 23 18 to
2329 1589 28 24 be
2369 1590 39 23 the
2425 1588 71 33 yeild-

1910 1619 41 29 ing
1972 1619 80 23 wealth
2076 1625 22 17 to
2120 1620 39 23 the
2182 1621 120 25 venerable
2324 1622 43 24 and
2392 1626 104 30 exacting

1912 1651 93 24 Mother
2018 1653 108 31 Country.
2157 1653 25 24 A
2188 1654 59 23 little
2259 1656 25 23 of
2293 1655 49 24 that
2352 1656 97 31 prudent
2461 1665 35 17 re-

1910 1685 92 24 flection
2022 1686 35 24 for
2077 1686 73 24 which
2171 1687 59 24 John
2252 1688 53 24 Bull
2329 1697 24 15 so
2375 1689 122 34 habitually

1911 1718 65 24 takes
1989 1719 39 24 the
2044 1720 70 24 credit
2131 1725 23 18 to
2167 1720 100 30 himself,
2279 1722 20 23 if
2315 1722 98 32 applied,
2425 1724 71 25 would

1911 1752 67 24 make
1991 1754 18 22 it
2020 1754 90 23 evident
2121 1754 50 23 that
2183 1755 38 23 the
2230 1757 154 30 expectations
2393 1757 19 24 is
2421 1765 24 16 so
2454 1766 41 17 un-

1910 1786 141 30 reasonable,
2063 1787 47 24 that
2118 1788 16 22 it
2145 1788 20 22 is
2173 1792 102 27 not.very
2282 1788 70 32 likely
2360 1794 23 19 to
2391 1791 28 24 be
2426 1792 68 30 grati-

1913 1819 52 24 fied.
2000 1819 45 25 AIL
2052 1816 49 27 who
2114 1821 54 23 visit
2183 1829 48 15 new
2244 1822 140 25 settlements
2402 1832 59 17 seem
2474 1830 20 19 to

1910 1853 106 23 consider
2035 1853 48 24 that
2094 1854 82 23 wealth
2195 1855 19 23 is
2226 1863 27 15 so
2265 1856 122 30 abundant,
2400 1858 47 24 that
2459 1859 35 23 (he

1910 1886 99 24 Settlers
2032 1895 38 16 are
2089 1888 48 23 able
2157 1888 45 23 and
2223 1889 76 23 bound
2317 1895 24 19 to
2362 1891 56 24 offer
2435 1892 59 24 them

1910 1928 63 16 some
1997 1920 144 25 inducement
2164 1926 23 19 to
2211 1923 87 24 remain
2321 1932 26 16 or
2369 1929 23 20 to
2411 1931 81 19 return.

1912 1953 77 32 Every
2000 1959 104 27 stranger
2120 1955 103 31 arriving
2234 1955 65 25 lands
2312 1957 52 24 with
2378 1959 38 23 the
2428 1957 66 26 belief

1910 1987 48 23 that
1971 1987 34 24 his
2022 1989 126 30 remaining
2160 1989 21 23 is
2193 1989 26 24 of
2233 1997 26 16 so
2272 1991 67 24 much
2350 1991 143 32 importance,

1910 2019 48 24 that
1971 2020 39 22 the
2028 2022 60 27 price
2108 2021 29 22 he
2155 2022 47 23 will
2221 2023 65 26 need,
2299 2024 46 22 will
2361 2032 55 15 sure,
2432 2030 22 16 to
2464 2025 28 22 be

1909 2050 161 31 forthcoming.
2106 2051 25 23 If
2146 2059 14 15 a
2178 2051 51 31 ship
2247 2053 28 21 be
2286 2052 104 31 required
2408 2057 21 19 to
2440 2060 53 18 con-

1910 2090 42 23 vey
1964 2083 38 24 the
2019 2083 98 31 produce
2128 2083 27 23 of
2169 2083 39 24 the
2226 2091 79 24 young
2321 2087 139 31 community
2472 2091 21 19 to

1910 2116 95 24 another
2017 2116 62 29 land,
2091 2121 61 19 rates
2164 2116 45 24 will
2227 2117 28 25 be
2273 2117 123 26 demanded
2409 2120 33 23 far
2454 2127 37 18 ex-

1910 2149 96 32 ceeding
2018 2149 64 24 those
2094 2150 73 23 which
2179 2150 75 24 would
2266 2152 27 23 be
2305 2152 129 25 considered
2447 2153 45 25 suf-

1909 2183 79 24 ficient
2000 2183 19 23 if
2029 2183 38 24 the
2079 2183 131 25 settlement
2220 2183 45 25 had
2275 2185 92 24 entered
2379 2187 30 22 its
2420 2192 69 19 teens.

1911 2216 26 24 If
1952 2216 17 24 it
1979 2216 30 24 be
2021 2216 101 32 objected
2134 2218 51 23 that
2195 2218 64 23 there
2276 2219 20 23 is
2308 2227 29 15 no
2348 2225 87 25 greater
2447 2220 45 25 risk

1911 2258 25 16 or
1955 2250 76 31 larger
2049 2256 118 26 expenses,
2188 2251 37 24 the
2243 2260 88 16 answer
2343 2253 45 23 will
2407 2254 25 23 be
2452 2262 41 22 you

1910 2288 61 19 must
1983 2285 51 29 give
2044 2290 189 25 encouragement
2246 2294 24 15 or
2282 2293 44 23 you
2335 2293 62 17 must
2408 2292 38 18 not
2455 2295 37 16 ex-

1911 2321 51 26 pect
1980 2325 27 15 us
2025 2323 24 19 to
2062 2317 52 23 visit
2134 2326 58 22 your
2210 2324 65 25 port.,
2305 2319 58 24 This
2385 2322 75 23 notion
2472 2319 22 24 of

1910 2351 184 30 incouragement
2112 2351 40 24 has
2166 2352 83 31 always
2262 2353 123 31 suggested
2397 2355 36 23 the
2446 2355 47 23 idea

1910 2383 26 24 of
1946 2383 37 25 the
1996 2389 81 26 parent
2087 2384 137 33 demanding
2237 2392 95 26 support
2339 2387 56 24 from
2407 2389 29 22 its
2449 2393 45 18 new

1910 2417 57 24 boru
1976 2418 66 24 babe.
2067 2418 50 24 The
2129 2424 126 26 youngster
2264 2420 20 24 if
2293 2421 17 22 it
2322 2420 42 24 had
2373 2421 38 23 the
2422 2427 71 26 power

1910 2450 26 24 of
1952 2451 70 31 reply,
2036 2451 73 25 would
2120 2460 34 15 we
2166 2451 58 25 have
2237 2461 28 16 no
2277 2453 70 24 doubt
2358 2462 49 24 say,
2418 2455 27 23 be
2456 2455 38 23 de-

1910 2484 77 31 cently
2007 2486 138 28 reasonable,
2167 2486 66 24 allow
2253 2492 79 19 nature
2350 2495 23 15 to
2397 2488 52 23 take
2466 2488 28 22 its

1910 2526 89 21 course,
2011 2518 45 24 and
2068 2518 37 24 the
2117 2519 36 24 aid
2172 2528 45 23 you
2230 2521 56 23 need
2299 2521 44 24 will
2354 2521 102 31 possibly
2468 2521 26 23 be

1910 2551 109 24 afforded.
2056 2552 92 26 Instead
2160 2553 26 23 of
2202 2561 42 16 our
2260 2554 68 31 being
2343 2554 73 24 called
2435 2561 58 26 upon

1910 2589 24 19 to
1946 2593 134 21 encourage,
2092 2587 20 23 if
2120 2594 46 23 any
2174 2587 124 31 inequality
2309 2589 21 22 is
2343 2593 23 18 to
2377 2588 29 24 be
2418 2596 77 23 recog-

1910 2619 73 29 nised,
1996 2620 19 23 it
2032 2618 80 26 should
2131 2620 28 23 be
2171 2620 24 23 in
2207 2627 42 16 our
2260 2620 86 24 favour.
2385 2622 50 23 The
2444 2622 52 29 ship

1910 2657 85 19 master
2012 2653 75 24 rather
2101 2653 54 23 than
2167 2654 122 30 expecting
2305 2662 14 15 a
2329 2655 77 31 larger
2416 2660 48 19 rate
2475 2654 22 24 of

1911 2686 91 31 freight,
2016 2686 80 24 should
2108 2687 28 22 be
2154 2688 109 30 prepared
2283 2693 22 18 to
2317 2688 53 23 take
2386 2688 46 23 less
2444 2688 52 24 than

1910 2719 21 23 is
1944 2719 90 32 usually
2045 2719 53 32 paid
2107 2720 34 24 for
2155 2719 38 25 the
2206 2728 62 17 same
2279 2721 62 24 work
2352 2721 32 31 by
2395 2730 30 15 an
2436 2720 60 27 older

1912 2754 150 30 community.

1946 2794 51 24 The
2009 2794 51 25 idea
2077 2796 130 31 respecting
2225 2804 13 15 a
2258 2804 48 16 new
2325 2796 129 24 settlement
2468 2796 27 28 is,

1913 2827 50 24 that
1978 2829 84 30 capital
2082 2829 20 23 is
2120 2829 84 24 almost
2216 2838 160 23 unnecessary,
2389 2828 74 31 while,
2475 2831 21 22 in

1912 2862 53 28 fact,
1978 2869 63 17 more
2063 2862 81 31 capital
2157 2867 23 19 to
2201 2864 98 31 produce
2320 2871 29 16 an
2369 2864 127 24 immediate

1912 2895 73 24 result
2002 2895 21 24 is
2044 2897 106 30 requisite
2163 2897 57 23 than
2237 2897 23 24 in
2273 2906 14 15 a
2301 2898 81 30 colony
2393 2898 49 23 that
2458 2898 39 23 has

1912 2928 58 24 been
1987 2928 56 32 long
2063 2929 147 25 established.
2246 2930 26 24 It'
2280 2938 29 16 an
2324 2931 124 25 individual
2460 2930 36 23 de-

1912 2963 97 22 termine
2020 2965 23 20 to
2056 2963 64 22 settle
2132 2963 24 22 in
2169 2971 29 15 an
2211 2963 38 24 old
2261 2964 95 31 Colony,
2367 2964 29 23 he
2409 2965 52 29 will,
2470 2970 27 17 on

1912 2995 91 29 arrival,
2023 2995 48 23 find
2090 3003 69 24 many
2179 3002 102 25 pursuits
2300 2998 100 31 inviting
2416 2998 36 23 his
2465 3001 32 19 at-

1912 3029 96 23 tention.
2045 3028 26 24 If
2086 3027 27 25 he
2132 3029 75 23 desire
2225 3033 24 20 to
2261 3030 75 23 follow
2350 3031 146 31 agriculture,

1912 3060 29 25 he
1953 3069 52 24 may
2018 3069 25 16 or
2055 3069 51 24 may
2113 3067 48 23 not,
2171 3067 23 19 at
2200 3062 37 23 his
2247 3063 111 32 pleasure,
2368 3071 128 17 commence

1912 3094 39 24 the
1962 3095 115 31 primitive
2089 3100 66 25 state,
2168 3095 44 25 and
2225 3097 89 31 subject
2325 3097 94 25 himself
2433 3102 23 19 to
2468 3096 28 24 all

1912 3128 38 24 the
1971 3129 177 24 inconvenience
2168 3130 26 24 of
2210 3137 13 16 a
2241 3130 59 24 bush
2319 3131 47 24 life.
2403 3130 91 26 Besides

1912 3161 121 26 uncleared
2044 3162 73 30 lands,
2131 3163 29 24 he
2171 3163 47 24 will
2229 3164 48 23 find
2289 3164 70 25 farms
2371 3164 35 25 for
2417 3164 46 24 sale
2470 3170 24 16 or

1913 3201 22 18 to
1947 3201 59 19 rent.
2044 3196 47 24 But
2103 3198 22 22 in
2137 3205 15 15 a
2163 3205 78 23 young
2253 3198 137 29 settlement,
2403 3206 28 16 no
2440 3195 54 26 such

1912 3229 110 24 selection
2033 3238 41 16 can
2086 3230 27 23 be
2134 3230 80 32 placed
2226 3236 25 19 at
2262 3231 35 24 his
2315 3231 99 32 disposal
2448 3229 49 26 The

1912 3263 191 31 agriculturalists
2114 3264 40 24 life
2166 3264 64 24 there
2241 3272 42 16 can
2299 3265 53 30 only
2363 3264 29 24 be
2409 3262 87 26 arrived

1912 3302 25 18 at
1957 3297 30 31 by
2005 3297 138 32 contending
2162 3297 54 24 with
2236 3298 37 23 the
2293 3299 99 29 primary
2408 3295 89 26 natural

1913 3330 139 26 difficulties.
2087 3331 27 24 If
2131 3331 40 23 the
2182 3331 90 31 pursuit
2282 3329 98 25 selected
2398 3330 27 23 be
2437 3336 59 17 mer-

1913 3365 91 28 cantile,
2028 3366 23 23 in
2072 3372 29 16 an
2122 3364 38 23 old
2184 3363 88 31 Colony
2293 3363 38 23 the
2351 3363 78 23 offices
2452 3362 45 25 and

1914 3398 143 24 warehouses
2068 3396 104 33 required
2184 3395 44 24 will
2239 3396 116 31 generally
2364 3396 30 24 be
2406 3396 90 24 obtain-

1913 3431 36 29 ed,
1967 3436 25 19 at
2003 3439 13 16 a
2027 3434 111 21 moments
2149 3429 82 28 notice,
2244 3437 29 16 on
2287 3429 115 24 moderate
2416 3434 78 19 terms.

1913 3464 49 24 But
1979 3466 25 22 in
2020 3473 14 15 a
2050 3471 46 16 new
2116 3462 138 30 settlement,
2266 3462 55 32 they
2338 3468 64 19 must
2418 3462 30 24 all
2469 3463 26 23 be

1913 3497 89 24 erected
2013 3502 24 19 at
2056 3496 36 25 the
2110 3503 100 24 expense
2222 3497 27 23 of
2263 3496 38 24 the
2315 3501 67 27 party
2393 3497 51 23 who
2460 3502 34 17 re-

1913 3532 77 31 quires
2002 3531 69 24 them.
2106 3530 146 30 Experience
2270 3530 42 23 has
2326 3530 122 24 convinced
2467 3535 27 18 us

1913 3565 51 24 that
1985 3565 38 23 the
2044 3563 80 32 capital
2145 3562 128 32 absolutely
2294 3563 138 31 necessarily
2454 3569 39 17 ex*

1913 3598 89 32 pended
2012 3598 25 23 in
2054 3596 82 31 merely
2150 3596 115 33 buildings
2277 3597 35 23 for
2323 3605 13 16 a
2356 3601 60 19 town
2427 3602 66 18 occu-

1913 3633 76 30 pation
2001 3632 24 23 in
2037 3638 14 16 a
2061 3637 48 16 new
2120 3629 139 30 settlement,
2271 3631 20 23 is
2309 3634 90 28 greater
2410 3630 55 23 than
2475 3627 18 25 is

1913 3664 132 25 considered
2063 3671 120 24 necessary
2202 3671 61 24 upon
2282 3664 82 29 which,
2385 3663 26 24 of
2427 3661 66 29 itself,

1912 3699 36 23 for
1959 3707 15 16 a
1984 3705 77 24 young
2072 3704 52 16 man
2136 3701 24 19 to
2169 3697 98 24 conduct
2275 3697 106 24 business
2393 3697 24 23 in
2424 3705 14 15 a
2447 3694 48 26 well

1913 3731 139 25 established
2075 3729 97 32 Colony.
2219 3730 74 26 Folks
2304 3747 3 4 ■
2315 3735 33 21 at.
2359 3730 67 24 home
2449 3727 45 25 will

1913 3773 63 16 some
1988 3764 44 24 odd
2049 3763 43 31 day
2103 3763 66 24 learn
2188 3763 50 25 that
2249 3772 30 16 no
2295 3763 83 33 capital
2395 3763 21 23 is
2425 3761 69 25 found

1912 3806 25 18 id
1955 3807 14 16 a
1989 3805 50 17 new
2056 3796 139 25 settlement.
2231 3797 25 25 It
2265 3802 62 19 must
2341 3796 30 24 be
2382 3793 112 33 conveyed

1913 3831 64 25 there
2000 3838 26 17 or
2046 3829 116 33 produced
2162 3843 35 7 —
2197 3830 113 32 conveyed
2331 3829 64 24 there
2416 3828 26 24 if
2458 3827 37 24 the

1913 3865 89 31 Colony
2014 3865 20 23 is
2045 3869 23 19 to
2086 3864 101 24 advance
2207 3864 55 24 with
2279 3862 97 33 rapidity
2387 3862 59 24 from
2458 3860 36 24 the

1905 3899 67 26 .hour
1983 3898 26 25 of
2016 3898 38 27 its.
2058 3897 126 30 existence,
2200 3897 126 25 otherwise.
2329 3896 39 24 the
2380 3894 114 26 Colonists

1912 3936 63 21 must
1985 3932 29 23 be
2025 3931 120 24 contented
2164 3936 24 19 to
2199 3932 71 23 await-
2276 3928 135 34 production
2418 3926 76 27 before

1912 3965 55 32 they
1979 3972 43 21 pan
2032 3965 136 30 experience
2179 3964 51 26 that
2249 3963 100 26 advance'
2362 3961 85 30 iaJife,
2458 3959 38 24 the

678 137 70 25 More
758 136 122 34 especially
889 146 28 16 as
929 138 39 24 the
985 136 62 34 right
1058 144 23 19 to
1096 139 57 25 deal
1160 132 106 40 wjtfctfu}

678 171 85 25 Native
781 177 108 27 property
900 172 25 23 in
933 195 2 6 ,
942 171 41 25 the
994 171 42 24 soil
1056 172 21 24 is
1094 179 26 17 so
1139 169 127 35 absoluVeiy

678 203 101 25 asserted
794 204 33 31 by
843 203 39 25 the
902 204 166 30 Government,
1087 205 26 23 in
1129 204 141 33 compelling'

678 236 39 24 the
738 235 96 26 Natives
853 242 25 19 to
889 237 55 24 take
963 238 173 31 Compensation
1146 238 47 23 foi*t
1200 237 65 25 lands

678 268 76 24 which
765 268 53 33 they
829 269 30 25 do
877 275 42 21 not
930 277 96 24 occupy,
1038 270 22 24 if
1075 270 67 24 those
1151 270 68 26 lands
1237 270 35 27 be,

678 301 87 24 needed
774 306 24 20 to
809 301 112 33 complete
930 303 40 24 the
983 303 139 31 Company's
1134 303 62 31 plan.
1208 317 10 3 •■
1243 317 11 3 •■
1270 317 2 5 -

713 333 52 26 The
775 335 53 31 only
838 334 66 27 lands
922 335 71 25 about
1003 335 39 24 the
1053 335 62 25 titles
1127 340 23 20 to
1160 331 105 34 Whichyit

678 374 97 25 appears
787 372 24 19 to
829 376 37 21 us,
878 375 47 24 any
935 368 114 32 difficulty
1060 368 80 30 arises,
1151 376 39 17 are
1208 369 56 24 such

679 400 108 32 occupied
802 400 67 25 lands
885 409 28 16 as
924 400 39 25 the
975 402 96 24 Natives
1087 401 59 24 have
1156 406 41 20 not
1206 402 58 29 sold,

679 433 44 24 and
742 433 38 25 the
800 433 120 32 Company
936 434 59 25 have
1014 433 155 25 nevertheless
1186 435 79 24 distri-

678 466 71 24 buted
767 472 22 19 to
801 466 59 25 their
878 466 137 32 purchasers
1033 467 73 24 under
1123 468 40 23 the
1173 468 93 31 general

679 506 90 23 survey.
805 499 51 25 The
875 499 98 25 Natives
993 507 42 17 can
1055 507 69 17 never
1146 500 28 24 be
1192 501 74 24 called

680 539 61 24 upon
755 536 22 20 to
788 533 78 31 resign
883 532 74 30 these,
970 532 86 25 unless-
1065 533 18 23 it
1092 540 44 17 can
1146 533 29 24 be
1186 534 80 24 shown

679 565 50 23 that
749 565 39 25 the
808 565 90 24 welfare
910 565 25 23 of
954 565 39 25 the
1005 565 90 32 Colony
1106 565 110 25 demands
1236 567 29 28 it,

678 597 45 24 and
734 597 55 26 then
810 597 53 33 they
874 598 75 24 would
967 593 203 30 flnd*themselves
1183 600 24 23 in
1228 599 39 24 the

678 631 99 31 position
788 631 25 23 of
821 632 85 31 parties
919 631 50 24 who
981 632 61 31 daily
1052 637 26 19 at
1090 632 79 33 home,;
1173 632 58 24 have
1243 637 23 19 to

679 664 124 31 relinquish
821 669 106 27 preperty
939 665 26 24 of
983 665 73 23 which
1073 662 56 34 they
1141 665 57 24 have
1210 665 56 32 long

678 696 58 24 been
758 698 128 31 possessed,
909 698 25 23 in
957 698 168 24 consideration
1147 698 27 24 of
1191 698 81 24 whiclv>

678 730 54 31 they
753 731 85 23 receive
856 732 170 30 compensation
1046 736 22 19 to
1087 731 40 24 the
1146 736 80 19 extent
1243 732 29 24 o£

679 763 37 23 the
729 763 76 32 injury
822 763 54 31 they
894 764 79 24 suffer.
1009 764 52 24 The
1078 764 120 31 Cumpariy
1210 765 57 29 h/ave

678 801 40 18 not
729 797 110 31 proposed
849 802 22 19 to
883 797 119 32 disposse?
1011 797 38 24 the
1062 793 98 28 Natives'
1167 799 24 22 of
1202 797 69 28 these-,

678 828 73 26 lands.
796 830 66 31 They
881 830 43 24 ask
943 830 38 24 for
999 839 13 15 a
1030 832 155 31 pre-emption
1204 826 68 37 right',

678 863 61 31 only,
758 863 43 24 and
821 863 50 23 that
889 864 38 23 the
937 863 66 24 value
1019 863 82 24 should
1119 872 49 15 now
1186 865 29 23 be
1226 865 41 23 de-

678 896 84 29 clared,
779 896 72 24 under
869 896 39 24 the
927 897 135 31 impression
1082 897 51 23 that
1155 898 55 24 with
1227 898 45 29 the*,

677 929 38 24 aid
734 930 24 23 of
774 929 63 24 these
857 930 146 23 concessions
1021 930 54 31 they
1094 930 76 24 would
1193 936 24 19 at
1237 938 30 17 no
1267 933 4 17 s

678 963 86 23 distant
775 962 58 29 date,
849 962 48 24 find
913 962 138 25 themselves
1071 963 96 24 enabled
1183 968 24 20 to
1224 970 46 25 put

678 996 38 24 the
728 997 84 30 parties
823 997 24 23 in
858 997 133 31 possession
998 996 25 24 of
1033 997 38 24 the
1081 996 67 25 lands
1158 997 53 32 they
1220 997 48 25 had

678 1029 30 23 all
722 1028 107 24 selected.
861 1051 3 2 ,
1267 1044 4 6 ■

711 1062 45 25 We
767 1070 38 16 are
822 1062 83 25 unable
923 1066 24 21 to
958 1067 59 20 state
1036 1063 39 24 the
1087 1068 80 19 extent
1178 1063 27 24 of
1220 1064 48 24 this

678 1096 60 24 class
748 1096 24 25 of
781 1100 115 28 property.
930 1096 47 24 We
987 1097 56 30 hope
1052 1097 51 23 that
1113 1096 47 25 Mr.
1170 1097 94 32 Spain's

678 1134 78 26 report
766 1129 45 24 will
821 1129 90 24 declare
931 1130 40 23 the
991 1130 125 24 individual
1137 1136 72 26 spots,
1223 1131 44 23 and

678 1162 59 24 their
748 1166 85 26 extent,
845 1162 75 25 which
938 1171 39 16 are
988 1162 89 32 subject
1097 1167 23 20 to
1138 1164 46 23 this
1204 1165 61 23 diffi-

677 1195 71 31 culty.
784 1196 35 24 To
833 1196 44 24 this
890 1195 58 25 hour
959 1204 32 16 we
1000 1197 58 23 have
1066 1204 70 16 never
1145 1197 57 24 been
1214 1197 55 25 able,

677 1233 23 20 to
711 1228 71 30 learn,
794 1229 49 24 that
853 1237 45 23 any
910 1230 67 23 effort
988 1229 41 24 has
1047 1230 56 24 been
1116 1230 65 23 made
1194 1235 22 19 to
1228 1239 39 16 as-

676 1263 87 23 certain
783 1262 38 24 the
838 1263 134 30 magnitude
984 1263 25 23 of
1024 1263 40 23 the
1083 1263 89 31 subject
1195 1268 21 19 to
1238 1265 29 23 be

676 1295 61 24 dealt
749 1295 61 25 with.
845 1296 26 24 It
888 1304 53 23 may
953 1296 27 24 be
991 1301 66 26 great
1067 1304 25 16 or
1110 1296 74 25 small.
1221 1297 45 25 We

676 1328 87 25 believe
773 1331 17 22 it
803 1334 21 19 to
836 1329 29 24 be
877 1329 39 24 the
927 1329 75 24 latter.

710 1362 109 25 Towards
833 1363 63 24 these
917 1363 67 24 lands
996 1371 31 16 we
1040 1363 82 24 should
1135 1363 68 25 think
1216 1364 50 24 that

677 1396 98 32 Captain
787 1396 96 32 Fitzroy
892 1396 46 25 will
946 1402 37 18 act
994 1404 24 16 as
1030 1397 38 23 the
1079 1397 119 31 Company
1207 1397 59 24 have

676 1430 127 31 requested.
839 1430 23 24 A
875 1430 106 31 question
993 1430 54 24 then
1061 1430 52 24 will,
1117 1432 66 27 arise,
1196 1431 21 23 if
1233 1431 33 30 he;

675 1462 29 24 do
715 1470 35 21 so,
763 1463 99 23 whether
883 1464 50 22 that
946 1463 45 23 will
1010 1464 65 30 place
1095 1463 38 24 the
1146 1463 120 33 Company

675 1496 21 23 in
709 1504 16 15 a
735 1496 97 31 position
842 1501 22 18 to
875 1496 82 31 satisfy
965 1496 30 23 all
1004 1496 50 24 who
1065 1496 58 24 have
1133 1498 129 31 purchased

674 1528 67 25 lands
752 1529 58 24 from
821 1529 71 24 them.

708 1562 52 25 The
773 1562 70 25 whole
861 1562 55 32 plan
936 1562 26 24 of
979 1562 37 25 the
1033 1562 135 26 foundation
1187 1564 26 23 of
1226 1564 38 24 the

675 1595 142 26 settlements
835 1595 73 25 under
925 1595 40 25 the
984 1597 126 31 Company,
1129 1597 44 23 had
1184 1597 37 24 for
1233 1597 31 24 its

673 1630 77 31 object
756 1634 40 19 not
804 1629 53 32 only
865 1629 39 24 the
911 1630 154 31 preservation
1076 1630 25 23 of
1111 1630 38 24 the
1158 1630 106 30 Natives,

675 1663 40 23 but
732 1664 107 31 securing
857 1662 59 24 their
939 1657 106 38 progress
1066 1664 24 23 in
1114 1663 150 26 civilization;'

674 1696 51 24 The
737 1704 89 17 reserve
838 1701 86 27 system
936 1697 48 24 will
995 1705 52 16 ever
1061 1697 26 24 be
1099 1705 14 15 a
1129 1703 134 19 monument

673 1730 26 24 of
708 1729 59 25 their
779 1729 150 25 benevolence
942 1731 44 23 and
999 1731 107 31 integrity
1124 1731 24 23 in
1167 1731 45 23 this
1224 1739 39 16 re-

673 1768 73 27 spect.
781 1763 66 29 Now,
861 1763 38 24 the
920 1771 103 16 reserves
1042 1771 59 16 were
1116 1764 63 24 made
1192 1755 72 40 underj

674 1797 37 23 the
723 1796 70 24 belief
810 1797 50 23 that
878 1796 53 31 they
944 1804 58 17 were
1014 1797 39 24 the
1067 1797 49 24 real
1128 1805 136 24 compensa-.

674 1832 47 22 tion
741 1835 23 19 to
776 1830 38 25 the
827 1830 96 24 Natives
935 1830 35 24 for
982 1830 124 32 alienating
1117 1831 63 31 large
1193 1836 71 20 tracts

673 1863 26 25 of
713 1863 62 25 land.
812 1863 59 25 This
889 1871 47 16 was
957 1863 104 26 declared
1073 1869 24 19 at
1116 1864 39 24 the
1167 1865 55 23 time
1237 1866 27 23 of

673 1896 97 32 making
789 1896 37 25 the
838 1897 51 24 first
908 1897 111 31 purchase
1021 1910 33 5 —
1055 1898 41 23 has
1108 1898 84 30 always
1204 1898 59 28 beeuj

672 1929 138 25 maintained
828 1931 67 23 since'
895 1943 31 5 —
927 1931 45 23 and
991 1931 19 23 it
1021 1938 46 17 was
1085 1931 102 24 believed
1205 1929 57 36 thatj

673 1971 29 16 on
725 1964 49 24 that
791 1964 117 32 provision
927 1964 35 23 for
982 1964 37 24 the
1038 1965 105 29 Natives,
1156 1964 107 26 Govern-*

672 2002 64 20 ment
755 1997 74 25 would
840 1997 45 25 feel
903 1997 40 24 the
965 1998 139 32 Company's
1123 1998 49 24 title
1188 2004 22 19 to
1223 1999 39 25 th<j

672 2030 128 25 remainder
819 2030 72 30 really
904 2031 84 28 rested,
1000 2032 45 22 and
1065 2034 41 21 riot
1122 2032 26 22 in
1158 2031 44 27 the!
1212 2032 51 23 disw

672 2063 109 24 tribution
803 2063 26 23 of
849 2063 116 28 blankets,
989 2063 101 28 tobacco,
1119 2071 67 24 guns,
1217 2066 45 22 and

671 2096 99 32 powder,
779 2096 44 23 and
834 2096 68 24 Jews'
913 2096 77 32 harps.
1026 2096 35 25 Of
1069 2096 64 24 these
1143 2105 118 17 resources

671 2130 38 24 the
730 2129 117 32 Company
860 2129 56 24 have
938 2129 107 32 deprived
1064 2130 146 30 themselves,
1232 2132 28 31 by

670 2163 96 31 making
777 2163 62 24 them
851 2170 55 17 over
917 2164 24 23 in
962 2169 67 23 trust,
1045 2164 54 23 with
1111 2172 14 15 a
1142 2164 119 30 fallacious;

671 2197 58 32 hope
742 2197 49 24 that
802 2197 54 31 they
873 2197 75 23 would
962 2197 26 23 be
1000 2197 90 32 applied
1102 2198 25 23 in
1144 2197 38 25 the
1193 2199 69 31 spirit;

670 2231 24 23 in
706 2230 73 24 which
792 2230 53 31 they
856 2230 46 24 had
917 2230 59 24 been
988 2231 102 24 secured.
1127 2230 29 25 In
1169 2236 92 27 accept-i

671 2264 40 31 ing
723 2264 26 24 of
760 2264 43 24 this
815 2269 117 27 property,
942 2263 38 25 the
989 2263 157 25 Government
1154 2260 107 36 deprived

671 2298 37 23 the
733 2297 117 32 Company
862 2296 25 24 of
909 2305 14 15 a
941 2305 79 16 source
1040 2303 40 18 out
1101 2298 26 23 of
1144 2298 74 24 which
1238 2304 23 19 to

670 2331 69 23 make
749 2330 58 32 good
821 2331 58 23 their
901 2331 69 28 titles,
989 2331 44 23 and
1054 2336 22 19 to
1095 2331 80 30 which,
1189 2331 74 25 under

671 2364 37 24 the
732 2366 183 26 circumstances,
941 2364 52 31 they
1017 2364 75 24 would
1118 2364 56 24 have
1203 2365 58 25 been

671 2398 125 24 warranted
814 2399 24 22 in
857 2398 122 31 resorting,
992 2397 19 24 if
1028 2398 55 31 they
1094 2406 45 16 saw
1157 2398 27 24 fit
1198 2407 26 15 so
1238 2404 25 25 tq

670 2432 36 23 do.
744 2431 36 31 By
791 2431 110 32 adopting
918 2430 64 25 these
995 2439 109 21 reserves,
1118 2432 17 23 it
1147 2431 41 24 has
1200 2432 58 25 been

672 2465 134 23 considered
830 2465 39 23 the
892 2464 159 24 Government
1069 2465 133 24 sanctioned
1224 2465 39 25 the

672 2498 139 32 Company's
824 2498 88 28 claims,
926 2498 46 23 and
983 2498 117 32 subjected
1112 2499 63 24 itself
1188 2504 28 19 to-
1223 2500 40 24 the

671 2537 108 26 payment
799 2532 25 23 of
845 2532 179 31 compensation,
1049 2531 81 25 should
1151 2533 56 23 such
1233 2533 30 24 be

671 2565 85 32 proved
767 2566 29 30 by
809 2565 48 24 Mr.
871 2564 73 32 Spain
957 2570 22 19 to
990 2564 28 24 be
1031 2564 52 25 due.
1120 2565 83 25 Either
1223 2566 40 25 the

672 2599 156 23 Government
839 2599 72 30 ought
930 2603 24 19 to
967 2599 56 23 have
1041 2598 42 24 felt
1101 2599 38 24 the
1158 2599 62 25 force
1238 2601 26 23 of

672 2632 46 24 this
730 2632 74 29 claim,
817 2640 26 17 or
862 2631 81 33 placed
962 2632 37 24 the
1021 2632 120 32 Company
1154 2634 25 23 in
1200 2633 62 25 their

672 2666 97 30 original
786 2666 107 31 position,
912 2666 29 31 by
961 2666 118 32 resigning
1099 2666 38 24 the
1155 2674 106 17 reserves

673 2700 68 30 again
752 2700 48 23 into
812 2699 59 24 their
882 2698 83 25 hands.

704 2732 46 25 We
761 2733 86 23 believe
858 2733 18 23 it
887 2733 21 23 is
920 2732 38 24 the
966 2733 111 23 intention
1087 2733 26 23 of
1123 2733 37 24 the
1167 2733 94 25 settlers

673 2771 22 19 to
715 2766 63 24 leave
796 2766 38 23 the
856 2766 120 31 Company
994 2766 45 24 and
1059 2766 159 25 Government
1239 2773 23 18 to

673 2799 68 25 settle
753 2799 58 24 their
822 2806 51 17 own
885 2799 143 25 differences.
1053 2799 30 25 In
1096 2800 45 24 this
1150 2807 33 17 we
1195 2801 70 25 think

674 2833 55 31 they
740 2841 37 16 are
788 2832 69 32 right,
870 2832 123 32 especially
1003 2840 26 16 as
1043 2833 37 24 the
1093 2833 120 32 Company
1224 2843 40 16 are

674 2866 190 32 unquestionably
883 2866 59 31 fully
955 2865 50 25 able
1026 2871 23 19 to
1070 2872 74 18 assert
1165 2867 61 25 what
1244 2869 20 23 is

674 2900 45 24 due
731 2905 23 19 to
766 2899 144 25 themselves.
951 2898 46 25 But
1014 2900 25 23 in
1059 2899 171 34 endeavouring
1241 2907 23 19 to

674 2933 89 25 exhibit
773 2933 39 24 the
831 2937 60 20 state
911 2932 27 25 of
952 2933 38 24 the
1009 2932 69 25 Land
1096 2934 123 30 Question,
1232 2943 33 16 we

674 2966 71 25 found
757 2967 17 24 it
786 2966 127 32 absolutely
925 2974 122 25 necessary
1064 2972 23 19 to
1105 2967 59 25 refer
1183 2973 24 19 to
1227 2968 39 24 the

676 2999 139 34 Company's
828 3000 109 32 position.

683 3038 5 3 '
708 3033 60 25 Now
779 3041 33 16 we
823 3033 47 24 will
878 3041 101 24 suppose
988 3033 38 25 the
1036 3034 120 25 Governor
1169 3040 24 19 to
1205 3040 61 20 state

675 3067 50 25 that
744 3067 28 24 he
793 3072 83 19 cannot
896 3067 103 32 possibly
1137 3076 14 16 a
1170 3069 51 24 title
1243 3074 23 19 to

676 3100 66 25 those
759 3099 123 26 cultivated
901 3100 66 25 lands
988 3100 76 25 which
1077 3102 19 23 it
1107 3101 59 24 shall
1177 3110 86 23 appear

675 3135 31 31 by
718 3134 48 24 Mr.
779 3133 92 33 Spain's
883 3139 79 26 report
980 3133 38 25 the
1038 3134 96 24 Natives
1155 3135 58 25 have
1226 3141 42 29 not;

676 3167 113 25 alienated
801 3172 23 19 to
844 3167 39 24 the
905 3168 129 31 Company.
1070 3165 27 27 If
1112 3168 46 24 this
1169 3170 57 23 view
1238 3170 29 24 be

675 3201 97 31 adopted
783 3201 19 23 it
814 3201 19 23 is
845 3199 63 33 plain
920 3201 50 24 that
981 3201 39 24 the
1041 3202 105 30 question
1161 3210 54 24 may
1226 3208 41 19 not

677 3236 28 23 be
725 3233 84 25 settled
829 3234 162 31 satisfactorily
1010 3238 25 19 to
1054 3242 69 24 every
1141 3234 127 28 individual

676 3267 51 25 who
739 3267 68 24 seeks
820 3271 23 19 to
856 3274 87 25 occupy
953 3267 40 24 the
1010 3267 67 24 lands
1097 3268 30 24 he
1139 3268 42 25 has
1193 3270 73 23 selec-

678 3302 45 24 ted.
759 3300 51 25 The
822 3307 73 22 cases,
906 3300 113 30 however,
1032 3300 46 24 will
1097 3301 29 24 be
1137 3309 55 24 very
1203 3303 47 25 few
1259 3312 7 21 ;

676 3335 47 24 and
735 3334 38 25 the
784 3334 113 32 question,
912 3334 72 24 arises
1004 3333 102 26 whether
1123 3335 39 24 the
1173 3337 95 24 interest

677 3368 26 25 of
718 3368 39 24 the
769 3372 66 26 great
845 3367 110 32 majority
966 3366 58 25 shall
1038 3366 58 26 bend
1108 3372 24 20 to
1144 3368 39 25 the
1194 3370 72 24 inter-

677 3406 38 20 est
727 3401 25 25 of
767 3401 38 24 the
817 3408 55 25 very
883 3401 51 28 few;.
937 3415 5 9 t
971 3400 48 27 We.
1036 3400 81 26 decide
1127 3401 23 24 in
1164 3403 38 26 the
1214 3405 54 29 pr,oi

678 3437 75 30 priety
765 3434 24 25 of
800 3434 43 26 .the
861 3434 110 26 colonists
989 3433 126 33 cheerfully
1125 3437 142 30 agreeing-td

679 3469 39 24 the
736 3468 130 24 settlement
883 3468 26 24 of
932 3467 38 25 the
990 3467 69 25 Land
1080 3467 116 26 Question
1214 3471 54 24 with

678 3502 66 24 these
755 3501 160 24 reservations.
946 3500 96 34 Having
1052 3500 59 25 done
1123 3501 54 31 this,
1191 3502 77 26 where

679 3542 65 18 cates
755 3535 25 23 of
796 3533 109 33 hardship
916 3539 93 27 present
1020 3535 145 29 themselves,
1178 3535 39 25 the
1230 3544 40 17 co-

679 3568 83 25 lonists
784 3566 82 25 should
887 3575 57 25 urge
963 3575 61 24 upon
1045 3568 38 23 the
1105 3568 119 33 Company
1246 3575 22 19 to

680 3609 68 24 agree
759 3606 22 19 to
793 3606 145 27 compensate
949 3601 39 24 the
999 3601 90 32 injured
1101 3602 94 31 parties,
1207 3610 61 24 upon

680 3643 63 16 some
755 3634 92 24 definite
857 3634 63 32 plan.
957 3634 43 24 We
1012 3634 68 25 think
1099 3634 37 25 the
1150 3635 119 33 Company

681 3668 73 24 would
766 3668 29 23 be
805 3667 71 24 found
889 3667 88 33 happy.,
977 3672 31 20 to.
1011 3667 68 32 bring
1100 3669 38 23 the
1151 3674 83 20 matter
1247 3675 21 19 to

680 3702 64 23 issue
756 3702 24 22 in
791 3700 47 25 this
847 3700 76 26 mode.
1198 3714 19 13 -'->
1223 3720 13 14 vu
1238 3710 5 17 j
1247 3718 9 11 t
1254 3718 9 13 ,-

715 3734 67 25 Thus
791 3733 37 25 far
839 3740 33 17 we
883 3734 59 23 have
955 3733 59 25 dealt
1023 3734 54 31 only
1085 3734 102 25 Withthe
1195 3735 74 32 T^tlfiFfj

681 3772 24 21 to
716 3767 53 25 land
770 3778 32 6 —
803 3766 45 25 and
859 3767 19 23 it
890 3774 46 16 was
956 3774 90 25 proper,
1059 3772 24 19 to
1103 3768 28 23 do
1145 3776 26 16 so
1193 3758 77 41 bejpgt

681 3800 194 33 consideringsjhe
887 3800 106 32 question
1003 3801 28 26 of
1040 3794 229 40 occiupaUqn^whJsh

680 3835 55 24 does
746 3838 40 21 not
796 3831 58 29 need
874 3833 70 25 much
963 3833 138 27 discussion.
1117 3834 72 31 .£Tbe

682 3874 31 23 to,
716 3868 61 31 titles
788 3866 85 33 having
884 3867 65 30 been.
955 3864 89 32 settled,
1063 3867 32 25 all
1102 3859 167 42 .t^gpjpj^gti

680 3911 41 16 are
732 3901 50 25 well
793 3908 92 20 aware,,
897 3899 46 25 will
963 3899 46 32 nd^.
1014 3901 80 24 enable
1107 3901 62 34 then)
1179 3893 92 45 |o^pgsi

682 3944 50 17 sess
742 3934 138 26 themselves
899 3933 27 25 of
930 3934 47 25 .the
986 3932 73 31 .land.

681 3974 65 20 meat
755 3972 62 21 must
828 3968 52 30 give
892 3974 13 17 a
925 3966 78 32 p'qbjic
1024 3974 126 24 guarantee
1168 3968 103 30 tb^tih*

1329 1046 28 24 In
1370 1045 143 32 September,
1528 1047 72 27 1841,
1613 1054 15 16 a
1645 1047 77 31 pound
1741 1055 45 17 was
1804 1049 78 24 estab-

1294 1079 73 24 lished
1382 1079 24 24 in
1430 1078 149 31 Wellington.
1628 1079 24 24 It
1676 1087 45 17 was
1742 1082 140 25 maintained

1294 1120 64 17 some
1369 1113 62 28 time,
1444 1112 40 24 but
1496 1120 62 16 more
1571 1112 55 24 than
1647 1121 43 16 one
1710 1122 54 23 year
1783 1115 62 24 since
1865 1117 17 23 it

1295 1153 45 16 was
1357 1145 125 29 abolished,
1503 1145 29 31 by
1557 1146 47 23 Mr.
1624 1146 110 32 Murphy,
1753 1148 25 23 in
1798 1157 84 16 conse-

1295 1187 86 23 quence
1404 1178 26 24 of
1457 1179 38 23 the
1511 1178 54 24 laws
1586 1179 26 23 of
1635 1179 56 24 New
1710 1181 73 23 South
1803 1181 79 25 Wales

1295 1213 83 29 having
1390 1212 81 23 ceased
1480 1217 23 18 to
1515 1211 26 24 be
1554 1213 23 22 in
1590 1212 62 23 force
1664 1213 23 24 in
1699 1213 56 24 New
1769 1214 110 26 Zealand.

1326 1246 32 24 In
1371 1245 90 29 March,
1482 1247 73 27 1842,
1571 1254 14 15 a
1604 1246 76 24 Cattle
1699 1247 113 32 Trespass
1833 1249 47 24 Act

1295 1286 45 17 was
1352 1278 81 32 passed
1446 1279 29 30 by
1485 1279 38 22 the
1536 1279 124 24 Auckland
1673 1280 103 30 Council,
1795 1282 85 32 having

1294 1321 14 15 a
1326 1313 76 23 clause
1422 1312 115 31 declaring
1555 1312 50 23 that
1624 1314 18 22 it
1661 1313 80 25 should
1757 1322 64 17 come
1833 1317 47 23 into

1294 1346 116 32 operation
1423 1352 28 17 on
1464 1345 38 24 the
1521 1346 58 23 25th
1598 1346 26 23 of
1644 1347 74 31 April.
1764 1348 51 25 The
1835 1350 45 23 im-

1294 1379 117 32 pounding
1422 1386 75 24 power
1510 1379 51 31 only
1574 1380 87 31 applies
1674 1386 22 18 to
1705 1382 67 23 cattle
1808 1383 72 23 found

1294 1413 131 30 wandering
1447 1417 24 18 at
1494 1412 62 31 large
1576 1413 23 22 in
1618 1421 45 23 any
1683 1419 70 18 street
1765 1423 25 15 or
1803 1416 77 30 public

1428 1444 50 25 The
1489 1446 46 23 Act
1547 1446 20 22 is
1577 1446 53 30 only
1642 1447 114 29 operative
1802 1448 78 24 within

1294 1479 38 24 the
1343 1479 71 24 limits
1427 1478 25 24 of
1461 1486 44 22 any
1518 1477 66 24 Town
1596 1485 28 16 or
1638 1478 90 32 Village
1736 1489 6 20 ;
1755 1481 41 24 but
1804 1481 76 24 before

1293 1513 17 23 it
1335 1520 41 16 can
1396 1512 27 23 be
1442 1512 113 31 operative
1577 1512 96 29 therein,
1698 1514 38 23 the
1759 1514 71 25 Town
1856 1524 24 16 or

1292 1545 92 31 Village
1409 1549 22 19 to
1452 1544 73 24 which
1541 1545 18 24 it
1575 1545 20 23 is
1623 1546 125 32 applicable
1771 1554 60 19 must
1852 1549 28 24 be

1293 1578 102 25 declared
1408 1578 30 31 by
1449 1578 172 31 proclamation.

1318 1718 59 24 That
1386 1717 35 23 his
1431 1717 136 28 Excellency
1581 1718 28 22 be
1625 1719 118 28 requested
1760 1724 22 19 to
1798 1722 82 22 extend

1293 1745 37 22 the
1341 1745 108 26 provision
1461 1745 26 21 of
1494 1745 37 21 the
1543 1745 72 22 Cattle
1628 1746 107 29 Trespass
1751 1748 129 23 Ordinance

1292 1776 23 18 to
1335 1772 35 22 the
1388 1773 99 26 Borough
1505 1772 27 26 of
1554 1773 132 26 Wellington.
1732 1774 82 23 Which
1835 1783 45 15 was

1292 1799 81 27 agreed
1384 1804 31 18 to.

1327 1613 43 23 We
1381 1613 48 23 find
1441 1612 23 23 in
1477 1611 38 24 the
1526 1612 99 23 minutes
1638 1612 25 24 of
1678 1621 42 18 our
1732 1620 77 19 recent
1821 1616 59 23 Cor-

1292 1646 103 31 poration
1397 1658 33 5 —
1432 1646 47 23 Mr.
1491 1644 103 24 Johnson
1607 1646 89 29 moved,
1716 1648 112 25 seconded
1851 1650 29 31 by

1295 1679 47 24 Mr.
1356 1679 76 30 Lyon,
1435 1691 34 5 —

1326 1834 28 23 In
1367 1833 38 24 the
1417 1834 98 24 minutes
1527 1834 26 24 of
1564 1834 38 24 the
1618 1835 150 31 Corporation
1782 1837 97 24 Council

1291 1867 25 23 of
1333 1867 36 24 the
1382 1869 56 22 31st
1450 1867 66 30 May,
1525 1875 33 16 we
1571 1868 48 23 find
1628 1868 50 24 that

1318 1903 22 23 A
1351 1903 65 23 letter
1426 1903 57 23 from
1495 1904 36 22 the
1544 1903 100 23 Colonial
1655 1905 116 28 Secretary
1781 1910 99 23 respect-

1290 1930 40 29 ing
1340 1931 36 21 the
1388 1931 117 22 extension
1515 1931 24 21 of
1551 1931 39 21 the
1602 1931 72 23 Cattle
1689 1933 106 28 Trespass
1812 1933 67 24 Ordi-

1278 1972 4 3 ■
1289 1964 73 16 nance
1372 1961 22 18 to
1406 1957 38 23 the
1454 1958 69 24 Town
1534 1958 26 22 of
1574 1957 138 30 Wellington
1724 1967 43 15 was
1777 1961 61 22 read.

1287 2005 10 6 -
1302 2006 4 10 ;
1324 1991 51 25 The
1386 1992 70 23 letter
1466 1999 32 15 we
1510 1991 57 24 have
1580 1998 40 17 not
1632 2000 62 22 seen,
1714 2001 41 16 nor
1767 2002 42 16 can
1821 1996 19 22 it
1852 1996 28 22 be

1284 2025 114 28 gathered
1409 2024 60 23 ftora
1481 2025 45 21 this
1536 2030 90 18 extract
1639 2025 99 23 whether
1750 2027 38 22 the
1800 2029 79 28 acting

1290 2056 120 25 Governor
1423 2056 44 23 had
1478 2057 134 24 sanctioned
1624 2065 26 16 or
1659 2057 102 24 declined
1771 2063 22 18 to
1802 2060 78 22 attend

1290 2091 23 21 fo
1326 2090 38 23 the
1383 2089 137 31 application
1540 2090 25 23 of
1587 2089 38 25 the
1646 2090 108 31 Borough
1774 2091 105 25 Council.

1290 2122 96 25 Neither
1397 2130 40 16 are
1449 2130 33 17 we
1494 2130 73 16 aware
1581 2123 49 24 that
1644 2123 36 24 the
1696 2124 47 24 Act
1762 2124 41 24 has
1823 2126 57 23 been

1289 2157 99 29 brought
1398 2157 47 23 into
1456 2157 61 23 force
1527 2156 30 30 by
1570 2156 178 26 Proclamation.

1323 2196 68 24 Since
1405 2195 35 23 his
1452 2194 164 32 Excellency's
1635 2196 66 31 reply
1713 2204 45 16 was
1775 2197 105 24 received

1289 2229 32 31 by
1339 2229 37 23 the
1407 2228 160 32 Corporation,
1586 2230 94 23 months
1709 2230 56 23 have
1789 2231 91 31 elapsed

1290 2262 94 24 without
1396 2270 46 23 any
1453 2263 74 22 notice
1539 2263 26 23 of
1574 2262 38 24 the
1624 2263 112 23 intention
1749 2269 23 18 to
1788 2265 92 23 enforce

1290 2296 46 23 this
1346 2296 46 23 Act
1416 2296 85 31 having
1518 2295 56 24 been
1598 2296 101 24 afforded
1722 2301 23 18 to
1764 2297 38 23 the
1823 2298 57 24 local

1290 2330 84 31 public.
1423 2328 51 25 The
1496 2329 50 23 first
1567 2330 129 24 intimation
1720 2330 38 24 the
1781 2331 99 24 Settlers

1289 2363 58 24 have
1359 2363 110 27 received,
1487 2363 20 23 is
1527 2363 90 31 finding
1635 2364 59 23 their
1712 2364 67 23 cattle
1798 2364 82 25 locked

1290 2405 31 24 up
1339 2397 23 23 in
1383 2397 39 23 the
1442 2396 38 24 old
1499 2396 61 31 gaol,
1572 2404 51 16 now
1645 2397 56 24 used
1719 2397 35 24 for
1773 2397 107 25 lunatics.

1290 2430 24 25 It
1326 2438 44 15 was
1383 2434 41 19 not
1443 2430 108 30 probable
1571 2430 50 24 that
1640 2430 38 24 the
1698 2430 86 25 Settler
1805 2432 75 23 would

1290 2465 73 23 arrive
1375 2463 30 31 by
1414 2463 94 23 instinct
1517 2469 23 18 at
1551 2463 39 24 the
1598 2464 112 24 intention
1718 2464 25 23 of
1751 2465 37 23 the
1800 2465 80 24 Police

1290 2497 147 32 Magistrate.
1472 2497 44 23 We
1537 2505 38 15 are
1594 2503 41 18 not
1653 2505 73 16 aware
1738 2498 49 24 that
1798 2498 28 24 he
1840 2499 40 24 has

1290 2531 58 23 been
1360 2530 73 24 called
1444 2538 29 15 on
1486 2530 101 31 publicly
1605 2536 23 18 to
1646 2531 90 24 enforce
1758 2532 46 23 this
1825 2533 55 28 Act,

1290 2563 87 33 though
1397 2571 33 16 we
1441 2563 70 24 heard
1522 2564 18 23 it
1551 2563 51 24 said
1615 2564 48 23 that
1677 2565 17 23 it
1706 2572 45 17 was
1772 2566 108 24 enforced

1290 2599 24 23 in
1336 2604 155 24 consequence
1503 2597 24 23 of
1546 2604 65 18 some
1631 2599 87 30 private
1733 2599 145 32 complaints.

1290 2631 28 24 If
1341 2631 36 24 the
1398 2630 79 25 Police
1501 2631 139 31 Magistrate
1658 2639 46 17 was
1724 2637 40 19 not
1781 2633 25 23 in
1825 2633 55 32 duty

1290 2665 77 24 bound
1390 2664 102 32 publicly
1522 2668 23 20 to
1578 2664 90 25 declare
1693 2665 38 24 his
1758 2667 122 30 intention,

1290 2704 107 26 courtesy
1408 2697 72 31 ought
1492 2702 22 19 at
1525 2697 59 24 least
1600 2704 24 18 to
1638 2698 56 24 have
1705 2700 124 31 suggested
1842 2701 38 23 the

1290 2733 116 31 propriety
1419 2731 25 23 of
1462 2731 69 31 doing
1548 2738 27 17 so
1592 2731 78 25 before
1687 2734 158 31 commencing
1858 2740 22 18 to

1290 2766 53 30 levy
1355 2766 57 23 fines
1423 2764 36 24 for
1471 2764 38 24 the
1522 2765 83 24 benefit
1616 2766 26 23 of
1650 2766 133 25 Auckland.

1327 2799 77 24 Those
1414 2798 51 24 who
1477 2798 52 24 hold
1543 2799 127 24 Executive
1683 2801 76 23 offices
1772 2801 73 31 ought
1859 2806 23 19 to

1292 2832 68 25 know
1372 2834 49 22 that
1433 2840 14 15 a
1458 2832 43 23 law
1513 2832 73 23 which
1608 2838 25 19 at
1653 2841 43 17 one
1717 2834 54 24 time
1789 2842 53 24 may
1854 2835 28 23 be

1292 2866 123 24 innoxious
1435 2873 26 16 or
1480 2865 127 30 beneficial,
1628 2874 53 24 may
1688 2867 37 24 'at
1743 2868 96 24 another
1855 2869 28 23 be

1293 2898 147 32 exceedingly
1464 2898 160 27 mischievous.
1674 2900 74 25 When
1772 2902 39 23 the
1831 2902 52 24 Im-

1292 2933 118 33 pounding
1428 2931 48 25 Act
1487 2940 46 16 was
1550 2933 53 25 first
1611 2938 46 28 -put
1668 2935 25 23 in
1706 2936 125 30 operation,
1844 2936 40 23 the

1293 2967 80 32 people
1385 2973 58 17 were
1451 2971 41 19 not
1500 2966 121 33 labouring
1628 2968 73 24 under
1709 2968 37 24 the
1758 2977 125 15 numerous

1294 3001 57 24 evils
1367 2999 46 25 and
1431 3001 120 23 restraints
1573 3005 23 19 to
1613 3001 74 24 which
1705 3001 53 32 they
1776 3009 38 16 are
1831 3010 51 15 now

1294 3034 96 32 subject.
1427 3032 76 25 There
1515 3041 46 16 was
1574 3033 53 25 then
1647 3042 32 16 no
1693 3035 93 32 surplus
1797 3035 68 24 stock
1875 3044 6 20 ;

1294 3067 42 25 but
1347 3074 48 17 now
1407 3065 38 25 the
1463 3071 106 28 contrary
1586 3067 22 24 is
1626 3067 38 24 Che
1683 3076 61 16 case.
1779 3067 46 25 Let
1845 3069 38 24 the

1295 3100 96 25 Settlers
1415 3099 53 25 takt
1487 3100 125 31 advantage
1633 3101 26 24 of
1678 3101 31 24 all
1729 3101 38 24 the
1785 3102 99 30 grazing

1292 3134 67 25 lands
1379 3133 80 24 within
1480 3133 59 25 their
1558 3134 112 29 controul,
1689 3134 45 24 and
1755 3142 57 17 even
1828 3135 54 24 then

1294 3168 64 24 there
1368 3168 20 23 is
1400 3171 40 20 not
1458 3167 115 24 sufficient
1591 3173 96 26 support
1704 3168 35 24 for
1758 3168 68 25 cattle
1838 3169 46 24 and

1294 3201 87 25 horses.
1418 3199 57 25 Had
1484 3200 92 32 general
1586 3202 131 30 possession
1727 3202 26 24 of
1761 3202 53 24 land
1825 3203 58 24 been

1295 3234 105 25 obtained
1412 3238 23 19 at
1445 3241 15 16 a
1471 3234 133 25 reasonable
1616 3235 55 24 time
1683 3235 57 24 after
1753 3236 38 24 the
1803 3236 81 24 settle-

1294 3272 63 21 ment
1367 3275 47 16 was
1425 3267 94 30 formed,
1532 3269 30 30 by
1571 3268 47 24 this
1628 3269 58 24 hour
1692 3269 54 24 food
1756 3269 37 24 for
1804 3269 80 25 horses

1294 3302 45 24 and
1350 3301 65 24 other
1434 3301 67 24 stock
1512 3301 74 25 would
1599 3302 57 24 have
1674 3302 58 24 been
1744 3304 106 31 supplied
1859 3304 25 24 in

1294 3335 133 24 abundance
1437 3334 46 24 and
1494 3340 23 19 At
1527 3335 116 25 moderate
1654 3337 73 29 prices
1734 3345 6 20 ;
1760 3337 44 23 and
1819 3337 66 24 those

1295 3370 50 23 who
1356 3376 38 17 are
1405 3367 92 32 obliged
1516 3373 23 20 to
1551 3373 54 20 turn
1618 3369 59 24 their
1689 3375 106 26 property
1814 3370 71 25 adrift

1296 3408 24 19 to
1330 3401 55 25 seek
1398 3402 30 23 its
1440 3409 51 17 own
1502 3408 145 24 sustenance,
1658 3402 66 25 could
1735 3403 58 24 have
1800 3405 84 29 grazed

1295 3436 19 24 it
1320 3442 61 25 upon
1391 3434 58 25 their
1457 3443 50 16 own
1515 3435 74 29 lands,
1595 3443 54 16 over
1659 3436 73 23 which
1741 3441 23 19 to
1772 3436 47 24 this
1826 3437 58 25 hour

1296 3469 39 24 the
1353 3473 65 27 great
1435 3468 108 31 majority
1564 3469 26 23 of
1605 3469 39 23 the
1663 3469 91 24 settlers
1772 3470 58 25 have
1851 3479 30 16 no

1296 3496 116 31 controul/
1441 3501 79 25 These
1531 3509 39 16 are
1581 3501 59 25 facts
1658 3502 54 26 with
1731 3503 75 24 which
1818 3504 66 25 those

1296 3537 25 24 in
1341 3535 115 30 authority
1467 3542 39 16 are
1525 3535 52 24 well
1595 3536 143 31 acquainted.
1774 3537 110 30 Further,

1296 3570 54 31 they
1354 3569 75 24 -know
1440 3568 51 24 that
1502 3575 57 17 even
1571 3576 49 17 now
1633 3569 38 25 the
1685 3570 110 30 Maories,
1807 3571 77 24 houn-

1296 3603 43 24 ded
1351 3610 28 16 on
1391 3602 32 31 by
1433 3601 47 25 Mr.
1495 3601 144 29 Shorthand's
1652 3603 152 24 mischievous
1820 3605 63 24 Pro-

1293 3636 134 28 clamation,
1439 3635 107 24 continue
1557 3636 24 23 in
1593 3645 14 15 a
1624 3636 84 24 hostile
1720 3638 106 30 position,
1839 3638 45 24 and

1292 3674 99 27 ■prevent
1402 3670 38 22 the
1453 3668 78 24 settler
1541 3669 60 24 from
1612 3669 89 25 further
1713 3673 137 29 occupation
1861 3673 24 23 of

1288 3704 48 23 Hhe
1346 3702 61 25 soil.-
1433 3702 59 24 The-
1497 3702 159 25 disallowance
1668 3705 26 23 of
1703 3704 45 24 this
1760 3704 124 26 creditable

1440 3742 48 18 was
1500 3735 107 25 attended
1618 3737 86 31 merely
1715 3737 53 24 with
1776 3738 108 32 enabling

1510 3770 139 31 preventing
1667 3770 39 24 the
1718 3769 95 26 Natives
1824 3771 60 25 from

1289 3797 106 37 •actually
1407 3802 169 32 dispossessing
1587 3802 40 25 the
1647 3803 68 24 white
1733 3811 54 16 man
1805 3805 26 24 of
1845 3805 39 24 the

1404 3836 26 25 of
1444 3836 37 24 his
1491 3834 90 26 labour.
1617 3835 26 25 It
1654 3843 52 25 may
1718 3836 28 25 be
1757 3838 127 25 contended

1297 3870 49 25 that
1358 3870 39 24 the
1410 3869 156 33 Impounding
1584 3869 50 25 Act
1654 3869 21 25 is
1694 3870 70 32 being
1776 3871 108 25 enforced

1395 3904 59 23 view
1473 3907 26 20 to
1515 3903 42 25 the
1572 3904 128 31 protection
1719 3904 26 26 of
1760 3904 125 29 cultivated:

1288 3942 4 26 f
1296 3935 76 26 lands;
1407 3937 50 25 But
1468 3937 49 24 this,
1525 3936 77 25 would
1619 3936 31 25 be
1660 3944 31 17 no
1701 3944 85 20 excuse
1797 3938 36 25 for
1844 3939 40 24 de-

1290 3970 149 31 .pmingthe
1449 3969 92 27 lettlers
1552 3970 26 25 of
1592 3969 41 25 the
1642 3967 86 33 .ujp'o?
1743 3972 142 33 unoccupied

566 47 102 50 Cfte
692 48 120 44 Weto
837 46 211 47 *tateinft
1073 48 193 54 ffia?«rt
1291 52 92 40 an&
1408 50 304 49 mtmnQtou
1735 50 255 51 &£tc*ftt*r*

128 495 170 19 SHIPPING
314 495 272 19 INTELLIGENCE.

285 546 143 21 ARRIVED.

93 577 118 23 November
226 579 34 24 15,
277 579 118 26 brigantine
411 579 120 27 Vanguard,
550 581 31 21 61.
593 585 56 20 tons,

56 604 4 6 '
66 604 91 25 Pelford,
167 605 55 22 from
232 605 74 21 Mana.

92 631 118 23 November
228 633 33 25 16,
272 633 118 26 brigaatine
404 635 76 24 Joseph
496 635 85 24 Albino,
600 636 48 24 141,

64 659 81 25 Finnis,
155 660 54 21 from
226 659 68 22 South
308 661 104 21 Australia
423 663 33 19 via
465 661 133 23 Launcestotf
607 664 42 20 and

64 686 90 22 Nelson.

92 714 61 21 Same
171 714 47 27 day,
238 716 103 20 schooner
363 717 38 20 Sir
418 717 57 21 John
484 717 108 26 Franklin,
614 718 35 25 52,

63 740 115 28 Campbell,
189 743 55 20 from
254 743 134 21 Launceston
398 745 34 19 via
442 744 89 21 Nelson.

90 769 117 21 November
219 771 33 24 17,
263 773 66 19 cutter
340 772 87 20 Rover*
436 772 72 24 Bride,
519 772 55 21 from
590 771 58 22 Aka-

61 801 46 15 roa.

303 847 116 21 SAILED.

84 877 124 24 .November
226 879 33 24 15,
270 879 61 26 sloop
345 879 69 26 Royal
433 879 101 26 William,
545 880 29 21 43
591 882 58 23 tons,

63 903 86 25 Lovett,
161 905 34 20 for
204 906 36 20 the
251 908 66 18 coast.

89 932 119 21 November
233 933 33 24 17,
293 933 106 22 schooner
416 934 61 27 Lady
496 934 75 27 Ltigh,
601 935 47 25 109,

61 959 116 26 Cntbbert,
187 960 34 21 for
232 960 91 26 Sydney.

289 1006 32 20 IN
336 1006 87 22 PORT.

87 1040 85 28 Barque
189 1040 133 26 Indemnity.
340 1041 43 21 312
407 1044 59 22 tons,
485 1042 28 21 R.
533 1042 117 26 Sedgwick.

58 1068 93 26 Agents,
162 1068 113 27 Ridgways
284 1068 42 21 and
336 1069 40 20 Co.
404 1069 54 22 Laid
466 1077 28 14 on
505 1070 34 21 for
551 1070 98 22 London.

87 1095 111 22 Schooner
219 1098 60 24 Ann,
304 1098 27 19 22
350 1099 61 19 tons.
440 1098 54 21 Laid
517 1105 38 20 up.

85 1124 112 21 Schooner
222 1125 64 25 Erin,
312 1125 27 20 25
364 1128 60 18 tons.
452 1125 54 21 Laid
515 1133 38 20 up.

86 1152 109 21 Schooner
201 1152 73 20 Maori
281 1153 73 25 Davis,
363 1153 26 20 15
396 1157 59 17 tons.
483 1153 126 27 Repairing.

85 1179 85 28 Barque
188 1179 108 25 Olenarm,
313 1181 42 21 297
370 1183 58 22 tons,
445 1181 56 26 Guy.
539 1181 110 25 Boulcott,

57 1207 84 27 Agent.*
165 1207 97 26 Loading
269 1208 35 20 for
314 1207 99 22 London.

85 1234 110 22 Schooner
202 1235 111 26 Industry,
323 1236 27 20 24
361 1238 58 22 tons,
428 1235 85 28 Wylde.
541 1235 24 23 J.
574 1236 74 26 Wade,

57 1263 79 26 Agent.
165 1262 124 27 Repairing.

85 1290 83 27 Barque
183 1291 129 24 Brougham,
331 1291 52 21 227.
397 1291 134 22 'Robertson.
558 1291 90 28 Agents,

56 1317 104 23 Boulcott
169 1319 42 19 and
223 1318 39 22 Co.
291 1319 43 21 For
343 1319 132 26 Valparaiso.

85 1345 52 27 Brig
154 1346 102 27 Victoria,
266 1347 42 20 220
325 1350 59 21 tons,
402 1347 99 22 Sinclair.
531 1348 68 23 Waitt
607 1350 42 21 and

56 1373 75 26 Tyser,
141 1374 89 26 Agents.
259 1374 97 26 Loading
365 1374 35 21 for
411 1375 99 22 London.

85 1400 83 27 Barque
181 1402 63 26 Tyne,
259 1403 42 20 428
312 1404 57 23 tons,
385 1402 128 23 Robertson.
548 1404 72 22 Willis
629 1407 18 18 &

58 1427 48 25 Co.,
117 1428 88 26 Agents.

85 1455 109 22 Schooner
205 1456 77 27 Fidtle,
300 1458 13 19 5
322 1460 59 22 tons,
399 1457 95 23 Cemino.
524 1458 69 22 Waitt
606 1460 41 21 and

56 1483 75 27 Tyser,
143 1484 89 26 Agents.

84 1511 124 27 Brigantine
221 1512 119 26 Vanguard,
352 1512 26 21 61
389 1515 56 23 tons,
456 1513 92 22 Pelford.
579 1514 68 23 Wtitt

58 1540 19 19 &
87 1539 74 27 Tyser,
172 1540 89 25 Agents.

87 1566 123 27 Brigantine
229 1567 77 27 Joteph
324 1568 84 25 Albino,
429 1569 38 21 141
488 1571 56 23 tons,
565 1569 81 22 Finnis.

57 1593 69 22 Waitt
136 1594 41 21 and
186 1595 73 26 Tyser,
271 1597 88 24 Agents.

85 1621 108 23 Schooner
211 1623 38 20 Sir
262 1623 56 21 John
329 1623 108 25 Franklin,
454 1624 28 21 52
491 1627 55 22 tons,
569 1624 76 29 Camp*

54 1648 52 22 bell.
136 1649 55 22 Hort
200 1651 41 19 and
252 1651 49 23 Co.,
312 1651 87 26 Agents.

85 1676 77 23 Cutter
172 1677 86 22 Rover*
268 1678 73 22 Bride.
352 1688 3 3 ■

1293 139 95 25 Natives
1399 136 53 28 will'
1458 145 40 20 not
1515 141 28 24 be
1555 137 94 28 allowed
1666 146 24 19 to
1706 140 52 25 take
1776 142 40 23 the
1835 141 44 24 law

1294 174 47 23 into
1353 172 59 25 their
1422 180 52 21 .own
1486 172 81 31 hands,
1579 179 24 18 at
1614 173 61 25 least
1685 174 65 24 when
1760 176 119 30 questions

1292 205 60 25 arise
1364 206 100 24 between
1482 205 61 25 them
1561 206 50 25 and'
1624 207 40 24 the
1684 207 99 24 settlers.
1819 206 65 26 This'

1293 238 138 25 declaration
1451 238 73 32 ought
1542 244 23 19 to
1596 239 28 24 be
1642 240 183 24 communicated
1849 241 31 30 by

1292 277 69 25 every
1372 278 78 17 means
1462 276 23 20 to
1503 271 38 25 the
1564 271 84 25 Native
1664 271 139 33 population,
1823 281 55 16 con-

1289 303 85 32 jointly
1385 304 55 24 with
1449 304 146 24 information
1605 305 51 24 that
1677 305 38 24 the
1727 306 63 31 reign
1802 306 26 23 of
1841 306 38 31 ig-

1292 340 105 25 ftdfancet
1423 335 64 33 folly,
1506 337 150 30 wickedness,
1677 338 45 24 and
1742 338 136 32 incapacity,

1292 369 50 24 and-
1363 370 124 31 imbecility
1506 369 48 25 had
1578 370 57 24 been
1657 371 138 31 superceded
1816 371 29 32 by
1865 380 15 15 a

1294 402 156 25 Government
1461 403 120 31 possessed
1601 403 26 23 of
1640 402 50 25 the-
1699 407 59 21 most
1776 405 104 30 opposite

1288 435 119 32 Qualities.
1443 435 56 25 And
1510 435 71 24 above
1592 435 31 24 all
1634 436 86 32 things,
1732 436 39 25 the
1784 437 96 24 Natives

1294 468 82 24 should
1386 468 28 24 be
1426 469 141 30 encouraged
1588 473 23 19 to
1622 477 84 22 expose
1718 469 38 23 the
1768 471 112 30 cowardly

1294 501 141 32 blackguard
1447 501 66 24 white
1524 509 53 20 men
1595 502 49 25 who
1656 501 44 25 live
1713 510 83 24 among
1807 503 71 29 them,

1293 534 46 24 «nd
1351 543 54 22 urge
1417 535 63 23 them
1491 540 24 18 to
1522 539 52 19 acts
1594 535 34 23 for
1635 550 4 5 •
1648 535 74 23 which
1733 536 148 30 punishment

1294 567 80 25 should
1386 567 40 25 fall
1438 575 29 16 on
1480 568 38 24 the
1529 567 71 25 heads
1619 568 26 24 of
1659 567 46 25 this
1724 568 59 24 class
1795 569 26 23 of
1835 570 45 22 im-
1887 592 3 3 .

1295 602 119 30 migrants,
1435 600 75 24 which
1527 600 89 31 though
1635 600 94 33 happily
1748 602 66 23 small
1838 602 42 23 has

1294 634 115 24 exercised
1416 639 19 18 'a
1446 639 60 18 most
1518 633 156 26 mischievous,
1680 635 120 24 influence.
1835 634 45 25 We
1887 648 5 8 »

1294 667 58 32 hope
1364 667 55 24 such
1431 666 137 25 declaration
1581 667 73 24 would
1674 667 57 24 have
1743 668 37 23 the
1792 668 88 23 desired

1294 700 73 24 effect.
1403 699 93 32 Failing
1507 701 24 28 it,
1543 701 62 23 force
1614 706 61 18 must
1687 701 26 24 be
1725 701 98 31 applied,
1835 701 45 24 and

1294 741 24 16 as
1330 735 19 22 it
1360 741 50 24 may
1423 734 28 23 be
1463 734 85 24 needed
1560 734 35 23 for
1607 739 49 18 acts
1668 739 37 26 yet
1718 739 22 19 to
1751 736 68 27 arise,
1832 734 46 24 and

1294 771 61 19 must
1365 766 29 24 be
1404 767 45 23 had
1461 771 23 19 to
1496 767 79 23 enable
1588 767 38 23 the
1643 767 156 24 Government
1812 772 23 19 to
1852 767 29 24 do

1290 799 84 32 justice
1386 807 62 24 upon
1459 800 40 24 the
1511 800 73 31 guilty
1596 800 94 24 authors
1711 800 25 23 of
1751 801 38 23 the
1810 800 70 29 cruel,

1293 832 167 29 cold-blooded,
1483 833 44 23 and
1553 833 113 31 cowardly
1693 833 121 25 Massacre
1833 833 47 24 and

1294 866 82 30 bloody
1392 866 95 32 tradegy
1507 866 25 24 of
1546 866 105 29 Wairau,
1673 866 38 25 the
1733 868 112 30 necessity
1859 867 26 24 of

1286 899 123 25 .forthwith
1421 899 118 32 obtaining
1550 908 14 15 a
1582 900 116 24 sufficient
1715 900 61 24 force
1788 901 22 23 is
1822 905 61 19 most

1294 938 120 26 apparent.

1426 988 233 25 IMPOUNDING
1676 990 74 24 ACT.

1906 141 74 31 lands,
1992 142 121 32 especially
2125 143 63 25 since
2199 144 19 24 it
2234 149 62 20 must
2306 145 28 25 be
2346 146 83 26 known
2440 148 50 28 that

1908 174 40 24 the
1960 175 178 32 agriculturalist
2148 176 43 24 has
2203 177 35 24 his
2250 178 92 32 remedy
2353 181 89 28 against
2453 181 38 27 the

1908 212 65 26 party
1985 209 31 29 by
2028 207 75 25 whose
2113 209 66 23 stock
2192 211 35 22 his
2245 211 114 24 inclosure
2379 212 42 24 has
2432 214 57 26 been

1908 240 97 31 injured.
2042 241 98 24 Further
2161 242 39 24 the
2220 244 115 30 operation
2355 244 26 24 of
2395 246 38 24 the
2444 247 47 26 Act

1908 273 54 23 does
1974 278 41 19 not
2032 274 82 24 extend
2132 279 23 19 to
2175 275 39 23 the
2233 282 94 25 country
2339 277 101 26 districts
2448 289 6 19 ;
2474 282 19 23 it

1908 305 54 24 does
1975 311 39 18 not
2025 311 87 26 protect
2132 307 38 24 the
2190 308 177 30 agriculturalist
2382 318 43 16 nor
2435 319 57 19 even

1909 338 38 24 the
1960 344 58 18 town
2030 339 116 31 gardener.
2183 339 36 25 Its
2232 343 116 29 operation
2364 343 19 23 is
2395 346 98 24 exceed*

1908 371 64 31 ingly
1979 371 99 30 .limited,
2090 373 18 23 it
2119 374 96 23 extends
2227 374 53 31 only
2290 379 22 19 to
2320 376 68 24 cattle
2423 377 69 26 found

1909 404 131 31 wandering
2051 409 24 19 at
2093 404 63 32 large
2176 406 26 24 in
2222 414 45 23 any
2279 412 71 19 street
2367 416 27 15 or
2414 411 78 30 public

1910 437 62 30 place
1973 450 6 16 k
1991 437 80 24 within
2091 438 37 24 the
2147 438 72 25 limits
2237 440 28 23 of
2279 448 44 24 any
2334 446 59 19 tovrn
2412 451 27 15 or
2450 445 41 23 vil-

1899 524 2 17 ;
1908 521 4 6 -
1924 535 3 4 .
1943 510 43 24 We
1997 510 57 24 hear
2065 512 48 23 that
2125 511 37 24 the
2175 513 128 24 constables
2312 522 38 16 are
2360 520 40 19 out
2407 520 23 20 at
2438 516 55 32 day*

1901 542 67 31 'light
1979 544 121 31 collecting
2110 544 68 24 cattle
2191 550 22 19 to
2226 546 108 32 impound
2346 548 70 25 them.
2450 550 43 25 We

1910 583 105 23 presume
2027 578 53 29 they
2091 577 76 24 obtain
2179 586 14 15 a
2205 580 89 29 portion
2306 581 25 23 of
2346 581 37 23 the
2396 582 55 29 fees,
2465 591 25 16 or

1911 609 59 23 their
1981 609 93 31 activity
2086 610 72 23 would
2176 611 30 23 be
2227 614 186 25 unaccountable.
2449 615 44 25 We

1910 649 61 16 warn
1983 642 62 24 them
2060 647 22 19 to
2103 643 54 23 take
2176 652 52 16 care
2248 646 57 23 that'
2319 647 52 31 they
2383 648 54 32 only
2449 649 44 24 im-

1912 675 74 31 pound
2005 676 68 23 cattle
2092 676 52 31 they
2159 677 50 24 find
2244 679 130 32 wandering
2394 686 24 18 at
2431 681 62 34 large

1910 708 24 23 in
1945 716 44 23 any
2001 713 71 19 street
2082 717 24 15 or
2119 710 76 31 public
2335 713 26 23 If
2376 714 23 23 in
2411 722 82 23 pursu-

1910 741 41 30 ing
1963 749 27 16 an
2004 742 83 24 animal
2100 743 17 23 it
2127 750 56 24 goes
2195 752 30 15 on
2236 748 23 19 to
2272 746 85 30 private
2366 746 62 30 land,
2438 748 55 32 they

1910 781 38 16 are
1961 778 137 28 trespassers
2109 776 20 23 if
2144 776 55 31 they
2210 776 28 24 do
2253 783 40 18 not
2312 778 104 26 abandon
2435 781 59 25 their

1912 807 102 25 laudable
2026 816 105 24 purpose.
2167 809 73 25 Theft
2259 811 58 24 after
2336 812 57 25 theft

1912 841 40 23 but
1974 841 38 23 the
2032 842 93 30 culprits
2145 849 85 18 cannot
2247 844 29 24 be
2296 844 110 27 detected.

1911 873 67 24 roads
1989 882 40 16 are
2045 875 126 31 destroyed,
2185 877 41 22 but
2237 877 64 24 there
2318 879 20 23 is
2351 886 29 17 no
2392 880 101 32 remedy.

1912 905 51 25 The
1975 907 83 24 Public
2070 908 52 23 Belt
2133 909 20 22 is
2165 909 69 31 being
2240 909 104 25 denuded
2352 912 22 22 of
2385 912 30 23 its
2427 913 69 25 beau-

1912 939 52 24 tiful
1974 940 78 29 forest,
2065 941 44 23 and
2129 941 66 25 there
2207 943 19 22 is
2239 950 29 16 no
2280 944 114 30 authority
2407 950 22 19 to
2442 953 52 24 pro-

1912 978 46 18 tect
1986 973 65 24 these
2079 974 87 24 serious
2189 975 77 31 public
2294 983 102 19 matters.
2444 979 50 25 The

1912 1006 128 24 constables
2052 1014 39 17 are
2109 1008 24 22 in
2152 1009 90 30 pursuit
2260 1008 25 25 df
2300 1011 74 28 cattle,
2388 1012 73 24 which
2480 1013 17 24 if

1911 1039 73 31 guilty
1997 1040 26 23 of
2037 1040 94 32 damage
2143 1040 40 25 the
2195 1049 87 17 owners
2299 1044 25 22 of
2339 1052 41 15 can
2393 1045 29 23 be
2433 1053 62 17 com-

1912 1072 73 31 pelled
2004 1073 30 31 by
2053 1081 116 24 summary
2188 1083 92 22 process
2299 1081 23 19 to
2338 1077 68 24 make
2428 1079 67 30 good.

1913 1105 42 24 We
1967 1107 74 22 would
2052 1108 145 23 recommend
2215 1108 38 24 the
2266 1110 78 23 Police
2357 1110 138 32 Magistrate

1911 1143 23 19 to
1946 1139 63 24 deter
2021 1140 61 23 them
2095 1140 56 24 from
2164 1141 59 24 their
2243 1142 40 24 hot
2294 1144 96 30 pursuit,
2404 1150 24 18 at
2439 1145 57 24 least

1911 1173 58 22 until
1982 1173 38 23 the
2032 1173 75 31 public
2120 1182 94 23 express
2226 1183 13 15 a
2251 1176 56 24 wish
2319 1177 48 23 that
2379 1178 53 31 they
2445 1186 51 23 may

1911 1206 27 23 be
1949 1206 168 32 preferentially
2128 1208 119 31 employed
2259 1209 23 24 in
2296 1209 48 25 that
2355 1218 59 23 way.

1911 1280 215 27 ERRONEOUS
2145 1282 106 25 IDEAS
2277 1284 127 25 ABOUT.
2421 1286 77 26 NEW

2113 1315 185 25 COLONIES.

2455 119 3 15 s

215 139 56 20 For
283 139 109 25 Sydney
406 139 96 23 direct,

72 171 30 22 Or
108 173 23 20 to
139 177 41 20 any
187 171 60 21 other
255 172 56 20 Port
319 171 23 25 if
347 171 101 26 sufficient
456 169 192 28 inducetnent'pjfer,

80 205 100 26 <^f\*L
223 204 46 27 HP
272 203 44 23 HE
337 203 47 23 fine
407 203 44 23 fast
473 202 80 27 sailing
579 206 69 20 cutter

104 223 97 40 g*£L
231 229 29 24 X
334 230 127 23 ROVER'S
486 229 100 27 BRIDE,
607 228 4 7 '

79 253 142 32 jpi\
238 256 44 24 will
297 256 42 24 tail
352 257 25 23 in
392 257 38 23 the
445 263 78 17 course
539 256 26 24 of
579 264 16 15 a
610 256 38 24 few

72 309 151 38 VHBBP
262 318 46 23 For
316 318 83 28 freight
407 327 26 16 or
441 325 99 22 passage,
550 318 69 30 apply
628 324 20 19 to

236 345 45 24 Mr.
289 345 93 24 Hanson
389 353 139 21 supercargo,
537 353 28 16 on
574 346 74 28 board,

71 378 26 16 or
105 374 23 20 to

365 398 35 23 W.
412 399 26 23 B.
449 398 95 24 Rhodes
554 400 21 23 &
584 400 40 23 Co.

95 429 54 23 Port
159 429 130 27 Nicholson.
301 431 128 23 November
438 432 33 26 18,
481 431 61 25 1843.
588 438 5 9 i
