2559 4060
114 2469 51 24 The
183 2468 51 24 best
252 2473 77 27 aspect
346 2469 35 24 for
399 2469 63 24 vines
480 2477 27 16 on
525 2477 14 16 a
549 2469 60 29 wall,
621 2470 20 24 is

55 2503 27 24 S.
95 2503 31 31 by
137 2501 40 25 W.
196 2510 25 16 or
240 2503 26 23 S,
289 2502 26 24 S.
337 2502 39 24 W.
399 2506 40 20 not
458 2503 66 31 being
542 2504 99 30 exposed

54 2536 59 25 after
136 2544 14 16 a
170 2535 127 24 hoar-frost
317 2541 23 18 to
359 2536 39 23 the
416 2536 50 23 first
482 2544 53 23 rays
554 2537 25 23 of
602 2537 39 24 the

54 2571 75 30 rising
138 2577 52 22 sun,
202 2569 73 24 which
287 2569 75 24 would
374 2569 28 24 be
414 2569 133 24 destructive
560 2575 23 19 to
603 2571 38 23 the

54 2612 79 23 young
145 2604 87 23 shoots.
278 2602 66 25 With
363 2602 37 25 the
421 2609 75 26 aspect
510 2604 49 31 just
575 2612 66 15 men-

53 2637 86 30 tioned,
153 2637 38 24 the
202 2637 59 24 frost
273 2637 75 24 would
366 2637 59 23 have
439 2638 52 23 time
513 2642 23 18 to
555 2637 86 24 disolve

55 2670 128 33 gradually,
206 2670 45 24 and
270 2670 60 24 little
349 2679 25 15 or
396 2678 29 16 no
445 2670 74 33 injury
527 2671 75 24 would
614 2672 27 23 be

53 2705 128 23 sustained.

116 2738 51 24 The
179 2738 117 31 Thomery
309 2738 92 24 method
413 2738 26 23 of
445 2738 99 31 pruning
556 2738 20 23 is
588 2746 54 23 par-

56 2772 106 31 ticularly
187 2772 170 30 advantageous
386 2777 25 17 to
437 2773 61 21 vines
524 2771 119 24 festooned

56 2806 75 24 round
151 2813 13 15 a
183 2804 85 32 garden
289 2812 30 16 on
337 2804 54 24 wire
402 2813 6 20 ;
428 2804 40 24 but
487 2806 62 22 vines
560 2806 23 22 in
597 2806 46 23 this

56 2839 108 24 situation
178 2846 38 15 are
228 2846 61 15 more
301 2838 101 31 exposed
414 2843 22 18 to
449 2838 42 23 late
503 2839 68 22 frosts
585 2839 57 24 than

57 2873 66 23 those
136 2872 88 24 trained
234 2872 91 30 against
336 2871 72 29 walls,
421 2872 142 31 particularly
575 2873 20 23 if
606 2873 37 23 the

58 2906 64 23 walls
133 2905 57 24 have
202 2903 38 33 (as
250 2905 29 24 all
290 2905 86 31 garden
388 2905 64 24 walls
464 2906 69 31 ought
542 2910 21 19 to
573 2905 70 31 have)

58 2948 15 16 a
84 2940 108 30 covering
204 2947 26 15 or
248 2939 83 31 coping
348 2939 127 32 projecting
490 2940 53 22 nine
560 2947 26 15 or
605 2944 38 19 ten

56 2973 89 29 inches,
157 2973 75 23 which
242 2977 98 26 protects
357 2973 65 23 vines
443 2973 42 23 and
503 2973 64 24 other
586 2973 57 24 fruit

58 3011 59 19 trees
128 3007 59 23 from
195 3006 38 23 the
246 3006 137 23 hoar-frosts
397 3006 43 24 and
450 3007 112 23 excessive
571 3008 71 28 rains;

56 3041 89 22 neither
157 3048 41 15 can
213 3040 52 30 they
278 3039 27 24 be
315 3040 110 31 expected
435 3045 22 18 to
466 3041 61 30 ripen
538 3048 24 15 so
572 3041 71 31 early,

58 3079 41 18 not
107 3074 85 30 having
202 3074 38 22 the
252 3073 167 23 reverberation
432 3074 24 23 of
466 3074 35 22 the
514 3074 64 24 sun's
591 3082 52 23 rays

58 3115 43 15 nor
112 3107 39 23 the
162 3106 99 24 warmth
273 3107 58 23 from
345 3107 38 23 the
395 3107 59 24 wall.
499 3107 68 24 After
579 3115 13 15 a
603 3107 40 24 hot

56 3140 55 32 ■day,
129 3148 14 16 a
162 3140 51 24 wall
232 3140 46 23 will
295 3141 74 23 retain
389 3141 30 23 its
439 3140 52 24 heat
510 3139 83 33 during
604 3141 39 24 the

59 3178 91 26 greater
160 3178 53 26 part
225 3173 25 24 of
265 3173 38 24 the
315 3173 76 31 night.

119 3207 70 25 After
199 3215 31 16 an
241 3206 116 25 abundant
368 3214 63 24 year,
451 3208 63 23 vines
529 3206 72 33 ought
620 3212 24 20 to

58 3240 31 25 be
99 3240 88 32 pruned
198 3240 65 25 short
273 3244 23 20 to
308 3245 96 27 prevent
415 3241 61 24 them
484 3241 59 24 from
562 3242 82 32 giving

60 3279 39 21 top
109 3273 69 25 much
188 3273 57 25 fruit
256 3274 38 24 tbe
306 3273 119 32 following,
440 3282 52 24 year
502 3283 6 16 :
527 3279 44 20 two
590 3283 54 17 sue-

60 3307 88 26 eessive
172 3315 73 23 jears
272 3307 26 22 of
319 3313 66 25 great
412 3308 130 24 abundance
571 3308 73 25 would

60 3341 87 29 fatigue
158 3340 44 24 and
213 3341 97 23 exhaust
322 3340 70 25 tliem.
399 3360 6 9 v

97 3375 15 12 11
123 3373 51 24 The
184 3373 53 24 best
248 3373 43 24 and
308 3379 60 18 most
383 3375 93 23 durable
496 3383 93 16 manure
609 3376 37 24 for

60 3408 74 28 vines,
146 3407 20 23 is
176 3406 38 24 old
225 3406 94 29 leather,
339 3408 58 23 such
417 3416 25 15 as
459 3407 35 25 old
512 3409 74 29 shoes,
606 3409 39 24 the

61 3441 129 31 sweepings
211 3439 26 24 of
256 3439 155 25 shoemakers'
433 3442 74 31 shops,
526 3442 43 24 &c.
611 3443 35 24 At

193 3474 31 23 all
235 3473 38 25 the
286 3473 38 23 old
336 3473 68 23 shoes
418 3479 37 19 are
475 3475 106 24 collected
600 3477 45 23 and

62 3508 51 24 sold
131 3513 23 18 to
175 3507 40 24 the
234 3508 51 22 vine
305 3507 100 23 dressers
416 3516 6 15 :
441 3508 50 31 they
510 3514 40 26 put
567 3517 43 16 one
622 3514 24 20 to

62 3541 40 24 the
120 3546 51 19 root
191 3541 27 23 of
239 3540 55 24 each
313 3540 73 31 plant.
440 3540 56 24 This
515 3543 92 23 method
625 3543 24 24 of

61 3575 124 31 manuring
196 3575 65 22 vines
270 3574 55 23 does
336 3578 40 19 not
386 3582 84 23 appear
480 3579 21 18 to
513 3575 28 24 be
560 3575 86 25 known

61 3608 27 24 in
100 3609 45 23 this
157 3613 52 27 part
220 3608 26 24 of
261 3608 96 24 France.
404 3608 68 23 Some
486 3616 65 23 years
569 3617 52 24 ago,
634 3618 13 16 a

63 3641 68 24 small
140 3641 83 24 landed
235 3642 127 31 proprietor
371 3641 45 23 and
424 3641 158 30 vine-dresser,
592 3651 55 16 near

63 3675 74 29 Blois,
149 3675 128 32 purchased
289 3674 57 24 from
360 3675 39 23 the
410 3674 92 24 chateau
512 3683 13 15 a
532 3676 116 24 consider-

64 3708 53 24 able
128 3710 105 30 quantity
245 3709 21 22 of
277 3708 39 23 the
328 3709 127 31 sweepings
466 3708 25 24 of
499 3708 39 24 the
547 3709 101 33 military

64 3742 157 24 shoemakers'
243 3742 84 31 shops;
353 3742 30 24 he
404 3742 105 24 manured
529 3750 14 16 a
562 3743 86 23 certain

63 3776 91 31 portion
178 3775 25 24 of
225 3775 36 24 his
280 3776 65 23 vines
364 3775 53 24 with
437 3776 17 23 it
463 3784 6 20 ;
488 3775 29 24 he
534 3775 48 24 said
595 3776 54 34 they

65 3816 61 23 grew
136 3808 54 24 with
199 3809 172 31 extraordinary
390 3810 87 31 vigour,
496 3810 43 23 but
558 3811 91 27 th.atf.-at

62 3841 43 24 the
117 3842 43 24 end
172 3842 26 24 of
212 3843 54 23 nine
284 3850 66 24 years
372 3842 53 32 they
440 3850 56 16 were
514 3839 134 29 exhausted.

66 3874 52 24 The
136 3876 156 24 vine-dresser
312 3876 38 23 did
369 3881 40 19 not
432 3876 63 24 know
491 3879 5 8 1
515 3876 49 24 that
575 3881 24 19 at
602 3869 47 31 'the

67 3907 44 24 end
123 3907 29 24 o£
162 3908 40 24 the
214 3908 95 25 seventh
320 3917 26 16 or
353 3909 79 32 eighth
444 3917 52 23 year
507 3910 38 24 the
561 3909 88 25 leather

67 3947 95 18 manure
174 3942 73 33 ought
258 3947 22 19 to
292 3942 58 24 have
360 3943 59 23 been
432 3943 108 30 renewed,
556 3943 46 28 and,
612 3943 37 25 the

66 3974 83 30 vigour
158 3970 30 28 of
193 3973 39 26 bis
239 3975 65 24 vine
300 3975 20 24 3
315 3976 75 23 wonld
400 3975 58 25 have
466 3977 47 24 still
520 3977 129 25 continued.

675 148 5 3 '
690 144 5 5 '
821 145 21 23 is
854 149 44 19 not
905 146 98 30 perhaps
1018 152 14 16 a
1043 148 49 20 tree
1102 151 26 17 or
1148 136 65 38 plant
1232 150 29 17 on

673 177 74 24 which
760 185 26 16 so
797 185 70 23 many
875 177 103 24 volumes
989 176 58 25 have
1055 176 59 25 been
1125 177 98 28 written,
1236 183 25 16 as

673 217 29 16 on
715 210 38 24 the
765 210 86 24 vine—
852 218 30 16 on
894 210 37 24 the
943 210 91 24 method
1045 210 27 23 of
1085 209 112 32 planting,
1210 208 51 25 cul-

673 243 105 31 tivating,
792 244 109 30 pruning,
913 243 131 31 manuring,
1062 242 46 24 and
1123 242 138 31 conducting

673 276 25 28 it,
718 276 121 31 including
859 276 49 24 that
924 276 26 24 of
967 276 98 31 making
1167 288 34 4 —
1201 274 60 25 New

672 308 105 27 Zealand
784 307 109 27 Journal.

706 347 164 25 Provincial
887 346 198 25 Parliaments.
1087 358 33 5 —
1121 346 40 24 Sir
1171 344 90 26 Valen-

673 381 47 22 tine
731 380 76 24 Blake
824 380 83 23 moved
924 381 38 23 the
981 379 83 24 House
1083 379 26 24 of
1124 379 135 30 Commons,

673 421 30 15 on
714 412 132 32 Thursday,
856 418 22 18 to
890 418 67 26 grant
967 412 65 24 leave
1047 417 25 19 to
1087 412 69 31 bring
1174 412 24 24 in
1246 421 13 15 a

672 445 41 24 bill
724 450 24 19 to
757 447 121 31 apportion
889 445 46 24 and
945 446 101 31 regulate
1059 445 39 24 the
1108 445 153 24 overwhelm-

672 479 41 31 ing
723 478 82 24 labour
816 478 45 24 and
876 479 106 23 business
1000 478 27 24 of
1042 478 143 24 Parliament
1202 480 25 21 in
1248 487 13 15 a

672 519 95 16 manner
778 511 127 24 calculated
916 516 24 19 to
951 511 60 32 allay
1022 511 137 29 discontent,
1180 511 45 24 and
1238 516 22 19 to

672 552 106 23 preserve
788 545 47 23 and
846 545 110 24 maintain
967 544 39 25 the
1018 544 151 31 inviolability
1179 544 27 24 of
1221 544 40 24 the

673 577 87 25 United
773 577 97 33 Empire
879 586 62 24 upon
952 586 14 16 a
976 578 146 31 satisfactory
1141 577 46 24 and
1206 585 53 23 per-

672 615 94 20 manent
978 610 47 26 His
1045 611 42 24 bill
1107 611 111 31 proposed
1237 615 23 21 to

672 648 85 20 restore
780 644 40 24 the
840 644 63 25 Irish
926 644 43 25 and
992 645 87 23 Scotch
1097 643 162 31 Parliaments,

672 677 56 25 such
740 677 156 25 Parliaments
907 677 130 32 delegating
1047 682 26 19 to
1091 678 39 23 tbe
1150 676 110 33 Imperial

672 710 143 25 Parliament
825 718 26 17 as
863 719 69 23 many
943 711 113 24 members
1069 718 25 16 as
1105 718 52 16 now
1175 714 32 21 sit
1223 711 37 24 for

674 744 64 24 those
749 751 65 24 parts
833 744 27 24 of
874 744 39 24 the
932 744 88 24 United
1043 744 128 31 Kingdom.
1220 743 39 25 He

672 777 174 25 recommended
858 777 36 24 his
905 777 90 25 scheme
1008 786 26 15 as
1044 786 14 15 a
1069 785 79 16 means
1165 777 25 23 of
1203 784 56 24 pre-

671 811 95 31 venting
776 810 40 25 the
828 811 155 31 Speakership
995 811 60 23 from
1075 810 69 32 being
1162 818 14 16 a
1194 815 64 27 step-

671 844 135 31 ping-stone
818 848 23 20 to
853 844 39 24 the
904 844 102 31 Peerage
1022 852 26 15 or
1069 843 39 25 the
1127 851 70 23 grave
1204 852 7 21 ;
1234 852 24 16 as

671 877 136 31 preventing
818 876 39 25 the
868 877 131 24 attenuated
1011 877 71 24 forms
1091 884 50 17 now
1150 877 108 24 observed

670 910 24 24 in
706 909 39 25 the
757 915 61 19 most
829 911 74 23 active
912 911 113 23 members
1036 919 6 20 ;
1056 910 45 24 and
1113 918 25 16 as
1146 918 13 16 a
1166 909 93 25 method

671 943 25 24 of
710 943 153 32 superseding
884 943 40 24 the
944 943 63 24 Irish
1027 943 91 33 Repeal
1136 944 117 31 agitation.

671 976 51 24 The
732 977 96 28 motion,
840 977 91 31 finding
941 984 28 16 no
981 977 119 30 seconder,
1117 977 42 24 fell
1176 981 23 19 to
1220 977 38 23 the

670 1009 97 32 ground.
769 1022 33 5 —
802 1009 132 32 Spectator,
946 1008 60 33 Maj
1019 1010 41 24 27.

773 2117 58 24 Fort
844 2117 168 31 Montgomery,
1026 2117 101 24 October
1146 2119 23 26 8,
1183 2117 74 26 1777.

703 1049 116 24 Curious
827 1057 76 16 relic
913 1057 31 16 of
957 1057 50 17 the
1018 1049 144 25 Ameeican
1170 1049 88 25 Revo-

670 1089 104 17 lution.
783 1095 35 5 —
824 1082 59 25 The
907 1083 96 25 Silver
1025 1083 82 26 Ball.
1119 1083 78 23 —At
1220 1083 38 24 the

670 1116 100 31 meeting
781 1116 26 23 of
816 1116 39 24 the
868 1116 126 24 Historical
1006 1116 102 32 Society,
1117 1116 57 24 New
1181 1116 75 30 York,

670 1149 100 24 General
782 1149 78 24 James
873 1149 134 33 Tallmadge
1012 1158 60 23 gave
1080 1158 28 15 an
1121 1150 136 31 interesting

669 1187 95 19 account
776 1183 26 23 of
817 1183 39 23 the
867 1188 93 26 capture
971 1183 25 24 of
1011 1191 14 16 a
1044 1183 87 24 British
1143 1191 51 23 spy,
1206 1188 52 19 sent

668 1215 30 31 by
711 1216 39 23 Sir
763 1216 83 31 Henry
858 1216 94 24 Clinton
966 1221 22 19 to
1009 1216 103 24 General
1124 1216 132 31 Burgoyne,

668 1249 58 24 after
738 1249 38 24 the
788 1249 84 32 taking
882 1250 26 23 of
923 1250 56 23 Fort
990 1250 173 31 Montgomery,
1176 1257 29 16 on
1218 1249 40 24 the

669 1282 76 24 North
752 1283 69 29 river*,
827 1283 33 30 by
866 1291 14 15 a
887 1283 63 32 large
958 1283 60 24 force
1026 1284 72 23 under
1107 1283 38 23 Sir
1154 1283 104 31 Henry's

668 1316 129 24 command.
833 1316 51 24 The
904 1324 42 24 spy
959 1317 52 23 bore
1023 1325 14 16 a
1054 1317 68 24 letter
1134 1316 121 24 concealed

669 1350 24 22 in
705 1358 13 15 a
735 1349 84 24 hollow
837 1350 69 24 silver
927 1350 52 29 ball,
992 1351 71 23 about
1081 1350 38 24 the
1139 1351 46 23 size
1202 1350 28 23 of
1245 1358 13 16 a

668 1383 93 24 musket
773 1383 80 29 bullet,
866 1383 75 24 which
957 1391 44 16 was
1021 1384 80 23 coated
1122 1383 54 24 with
1197 1383 59 29 lead,

669 1416 44 24 and
724 1416 119 32 deposited
853 1417 24 23 in
890 1417 36 23 his
946 1417 82 32 pocket
1045 1417 55 24 with
1112 1417 87 24 several
1210 1417 48 23 real

668 1449 93 24 bullets.
806 1449 52 24 The
878 1457 62 22 man,
961 1450 72 24 under
1053 1450 40 23 the
1110 1451 65 30 guise
1195 1450 26 23 of
1245 1458 14 15 a

669 1482 67 24 cattle
757 1482 83 29 dealer,
854 1490 45 16 was
918 1483 95 31 making
1032 1483 38 24 his
1091 1490 49 24 way
1159 1482 99 33 through

670 1515 38 24 the
720 1520 96 26 country
827 1517 25 22 in
864 1516 38 24 the
915 1516 108 24 direction
1036 1517 25 23 of
1076 1517 100 30 Albany,
1192 1516 65 23 when

669 1548 29 24 he
710 1549 39 24 fell
760 1550 74 22 under
846 1550 122 31 suspicion,
981 1550 45 24 and
1044 1558 47 15 was
1108 1550 108 23 searched
1228 1550 30 29 by

670 1590 63 16 some
752 1582 125 25 American
898 1583 104 24 soldiers.
1054 1583 40 24 On
1117 1583 81 31 taking
1219 1583 39 24 the

670 1616 83 23 bullets
766 1621 40 18 out
823 1616 26 23 of
864 1616 36 24 his
918 1616 102 32 pockets,
1034 1624 43 16 one
1099 1617 25 23 of
1139 1616 63 24 these
1221 1617 35 23 in-

669 1649 107 31 quisitive
788 1649 111 24 Yankees
917 1649 120 24 remarked
1048 1651 39 23 the
1105 1650 59 31 light
1175 1650 85 31 weight

671 1683 24 22 of
710 1682 38 24 the
760 1683 125 31 pretended
902 1683 79 29 bullet,
993 1684 67 23 when
1079 1683 38 23 the
1135 1691 49 23 spy,
1198 1684 60 23 alar-

671 1716 58 29 med,
743 1717 85 31 caught
839 1718 19 22 it
870 1722 39 19 out
919 1717 26 23 of
953 1717 35 24 his
1000 1717 62 24 hand
1075 1717 43 23 and
1130 1717 127 24 swallowed

670 1750 25 23 it.
733 1750 51 23 The
796 1751 164 23 circumstance
978 1758 46 16 was
1046 1750 106 32 reported
1170 1756 24 18 to
1206 1750 52 25 Go-

670 1790 82 17 vernor
764 1783 93 31 George
877 1784 100 29 Clinton,
990 1784 56 24 then
1066 1788 24 19 at
1108 1784 39 24 the
1165 1784 58 24 head
1237 1784 24 24 of

671 1817 38 23 the
721 1821 59 19 state
792 1817 74 23 forces
878 1825 29 16 on
920 1818 38 23 the
969 1819 68 28 river,
1049 1818 52 24 who
1113 1817 94 25 ordered
1219 1818 39 23 the

671 1858 51 15 man
736 1854 23 19 to
770 1850 39 23 the
822 1858 51 16 care
894 1851 26 23 of
935 1859 13 15 a
967 1859 107 23 surgeon,
1087 1851 49 24 that
1156 1851 38 24 the
1212 1851 48 23 ball

670 1883 75 31 might
755 1884 30 23 be
796 1885 126 23 extracted.
959 1884 50 24 The
1021 1884 78 24 doctor
1108 1885 51 23 first
1170 1884 88 24 admin-

671 1917 83 23 istered
767 1922 72 19 tartar
850 1918 81 23 emetic
941 1926 7 20 ;
966 1918 43 23 but
1027 1916 47 25 this
1094 1922 40 19 not
1152 1918 107 31 effecting

670 1950 39 24 the
720 1958 100 24 purpose
830 1951 30 23 he
873 1951 57 23 tried
943 1960 12 14 a
973 1951 113 25 medicine
1104 1951 25 23 of
1145 1959 28 16 an
1185 1959 72 23 oppo-

671 1985 43 22 site
726 1984 125 29 character,
863 1985 74 22 which
955 1985 44 24 had
1018 1985 39 24 the
1078 1985 88 23 desired
1182 1984 75 24 effect.

672 2017 50 23 The
734 2018 47 22 ball
800 2026 47 14 was
867 2018 70 22 found
950 2024 22 16 to
992 2026 112 20 unscrew,
1125 2018 44 22 and
1188 2019 24 21 in
1232 2019 26 26 it,

672 2051 87 22 written
772 2058 30 15 on
815 2059 13 14 a
840 2051 49 22 thin
901 2051 117 23 bank-bill
1036 2058 78 24 paper,
1126 2058 46 15 was
1188 2049 71 24 found

671 2084 38 22 the
720 2084 117 29 following
847 2084 68 23 letter
924 2092 5 16 :
933 2096 31 5 —

705 2151 71 23 Nous
790 2159 69 15 voici
860 2164 33 3 —
894 2151 44 23 and
957 2151 95 30 nothing
1063 2151 102 23 between
1178 2159 28 14 us
1219 2150 41 23 but

670 2189 73 26 gates.
781 2184 12 23 I
806 2185 112 30 sincerely
931 2185 56 30 hope
1001 2184 45 23 this
1058 2184 59 23 little
1132 2192 92 15 success
1238 2183 24 23 of

671 2226 53 15 ours
736 2226 52 22 may
800 2218 110 23 facilitate
922 2226 55 23 your
999 2218 139 31 operations.
1174 2216 30 24 In
1217 2225 42 15 an-

671 2256 22 19 to
705 2259 57 23 your
773 2251 68 24 letter
854 2251 26 24 of
895 2251 38 24 the
952 2251 59 24 28th
1030 2251 143 31 September,
1185 2251 31 30 by
1231 2250 27 24 C.

672 2285 27 24 C.
736 2284 14 24 I
762 2285 60 23 shall
843 2285 53 31 only
909 2292 39 24 say
962 2284 49 24 that
1028 2284 14 24 I
1060 2289 82 19 cannot
1153 2291 107 24 presume

670 2323 23 19 to
706 2318 67 24 order
786 2326 24 15 or
823 2326 57 15 even
898 2319 84 28 advise,
994 2318 36 23 for
1049 2326 94 15 reasons
1156 2317 102 24 obvious.

672 2352 12 24 I
707 2352 99 30 heartily
828 2354 58 29 w;sh
908 2360 46 23 you
976 2359 103 17 success.
1132 2351 128 32 Faithfully

670 2386 86 30 your's,
776 2386 35 23 H.
827 2386 128 23 Clinton.

705 2419 35 24 To
753 2419 103 24 General
867 2419 130 32 Burgoyne.

671 2458 51 24 The
745 2459 141 30 importance
910 2458 26 22 of
960 2457 39 23 the
1021 2458 192 23 communication
1238 2456 25 24 of

670 2491 75 24 which
757 2491 38 24 the
807 2499 53 15 man
874 2498 45 16 was
932 2490 36 25 the
980 2491 81 23 bearer
1073 2490 46 24 will
1129 2491 29 22 be
1169 2496 24 19 at
1204 2498 56 16 once

671 2532 62 21 seen,
753 2524 67 24 when
840 2526 19 22 it
879 2526 20 22 is
919 2524 132 24 considered
1071 2524 50 24 that
1137 2524 123 31 Burgoyne

672 2566 45 16 was
729 2559 94 29 waiting
835 2563 23 18 to
869 2558 56 24 hear
938 2558 113 24 Clinton's
1063 2564 107 25 progress
1181 2559 80 22 before

670 2592 29 24 he
712 2592 111 24 ventured
835 2597 23 18 to
879 2600 64 16 move
961 2592 97 23 towards
1079 2592 92 32 Albany
1181 2600 7 21 ;
1207 2592 53 29 and,

671 2626 44 23 had
727 2625 30 24 he
768 2625 104 24 received
889 2627 19 22 it
927 2625 143 31 seasonably,
1082 2626 19 22 it
1118 2626 20 22 is
1157 2629 40 22 not
1216 2625 45 24 im-

672 2660 100 31 possible
785 2660 50 23 that
856 2659 40 24 the
913 2659 123 23 meditated
1054 2659 107 31 junction
1181 2659 25 23 of
1222 2659 39 23 the

672 2698 43 18 two
727 2694 84 22 armies
823 2693 75 31 might
917 2693 56 23 have
994 2693 59 23 been
1073 2692 101 30 effected,
1187 2697 22 19 to
1223 2693 38 22 the

672 2731 64 26 great
748 2726 122 24 detriment
882 2727 26 23 of
917 2726 38 24 the
962 2726 125 24 American
1096 2733 75 17 cause.
1208 2726 52 24 The

672 2768 43 24 spy
724 2767 48 16 was
785 2760 155 31 immediately
952 2760 66 28 tried,
1030 2759 71 24 found
1120 2760 82 30 guilty,
1216 2760 44 23 and

672 2794 64 31 hung
746 2801 62 23 upon
821 2802 14 15 a
846 2799 48 18 tree
915 2794 23 22 in
957 2794 38 22 the
1016 2794 84 30 village
1121 2794 25 22 of
1162 2792 99 33 Hurley,

672 2835 54 16 near
748 2827 127 31 Kingston.
920 2827 67 24 After
1006 2827 110 30 detailing
1136 2826 63 25 these
1217 2828 44 23 cir-

673 2865 152 24 cumstances,
838 2860 100 24 General
951 2860 135 31 Tallmadge
1097 2860 114 31 produced
1223 2861 38 23 tbe

673 2894 111 24 veritable
796 2894 70 23 silver
877 2894 54 28 ball,
947 2894 52 23 with
1012 2894 39 23 the
1064 2894 65 23 letter
1141 2894 62 23 itself
1213 2894 49 27 still

673 2927 121 25 contained
813 2929 24 22 in
859 2928 24 28 it,
897 2927 72 24 which
990 2935 47 16 was
1058 2927 69 23 taken
1145 2927 59 24 from
1224 2928 38 23 the

673 2969 43 24 spy
727 2962 45 23 and
784 2962 44 23 had
842 2969 63 16 come
919 2962 47 23 into
986 2961 102 24 General
1106 2961 51 26 T's,
1169 2969 92 24 posses-

673 2996 51 23 sion
748 3003 25 15 as
793 3002 44 16 one
859 2995 25 24 of
910 2995 38 23 the
968 2994 183 24 administrators
1172 3003 29 15 on
1222 2995 39 23 the

674 3029 93 24 Clinton
780 3034 81 18 estate.
898 3028 71 27 Quite
981 3036 13 16 a
1011 3029 115 23 sensation
1141 3036 44 15 was
1198 3037 63 16 crea-

674 3063 36 23 ted
722 3070 84 23 among
826 3063 66 22 those
910 3067 92 26 present
1023 3062 30 31 by
1066 3070 25 14 so
1113 3062 107 31 practical
1233 3070 28 16 an

673 3096 140 23 illustration
825 3096 24 23 of
860 3095 45 24 this
918 3096 135 30 interesting
1061 3095 117 24 historical
1185 3100 75 19 event.

672 3141 34 5 —
707 3128 60 26 New
780 3128 62 26 York
852 3128 142 25 Advertiser.

701 3166 84 22 COOKB
802 3173 51 15 AND
868 3166 189 22 WhEATSTONE'S
1074 3166 188 22 ElECTRO.MaG-

673 3205 72 16 netic
768 3199 184 23 Telegrapp.-—
952 3199 46 24 The
1019 3199 74 28 laying
1111 3200 25 22 of
1157 3200 38 22 the
1214 3201 50 21 four
1272 3203 2 8 '

673 3232 61 22 wires
748 3232 25 21 of
784 3232 44 21 this
841 3232 45 21 line
900 3232 20 21 is
929 3237 46 16 now
988 3232 75 27 nearly
1077 3233 118 27 completed
1206 3233 57 22 from

674 3265 133 26 Faddington
816 3267 24 19 to
851 3265 88 26 Slough.
965 3265 46 20 The
1016 3265 61 21 wires
1085 3272 36 17 are
1129 3273 47 14 now
1182 3267 81 20 carried

673 3301 22 18 at
709 3298 65 22 about
789 3304 13 13 a
816 3297 72 26 height
902 3297 24 20 of
939 3297 56 26 eight
1009 3297 44 21 feet
1066 3298 23 20 in
1103 3299 36 20 the
1153 3305 54 21 open
1223 3300 39 24 air,

673 3329 142 27 extended-by
825 3332 59 24 posts
894 3332 23 18 at
926 3336 61 21 every
1000 3330 59 27 forty
1069 3337 24 14 or
1102 3331 48 27 fifty
1162 3332 51 20 feet.
1243 3333 21 20 It

673 3364 44 21 will
730 3364 52 21 thus
791 3363 27 20 be
832 3362 64 21 much
911 3362 88 27 cheaper
1013 3363 53 20 than
1075 3369 51 15 even
1141 3364 28 26 by
1177 3366 37 21 tbe
1228 3366 36 19 old

673 3397 60 26 plan.
762 3397 33 26 By
808 3396 44 22 this
873 3396 43 20 line
931 3395 35 21 the
983 3395 67 21 Court
1065 3398 23 18 at
1105 3397 101 21 Windsor
1221 3398 44 20 will

674 3430 53 21 have
745 3430 66 26 ready
832 3429 179 20 communication
1032 3429 53 20 with
1105 3428 99 28 London,
1223 3431 42 20 and

675 3462 97 26 allowing
781 3462 35 21 for
825 3462 50 20 time
883 3464 23 18 to
916 3462 61 20 reach
984 3462 36 20 the
1030 3462 87 25 station,
1124 3463 43 20 will
1176 3463 26 21 be
1209 3464 54 25 able,

674 3496 22 20 in
707 3502 13 14 a
729 3495 75 26 couple
813 3495 27 20 of
852 3495 72 25 hours,
936 3498 22 17 to
967 3500 100 15 summon
1074 3497 21 18 to
1106 3495 37 21 the
1153 3495 114 22 Cabineta

675 3529 96 20 minister
788 3528 56 21 from
861 3528 188 26 Downing-street.
1079 3528 45 20 The
1143 3535 82 15 success
1244 3529 24 21 of

676 3561 42 21 this
727 3563 92 24 attempt
825 3561 43 19 will
877 3567 28 13 no
915 3560 64 20 doubt
987 3561 48 19 lead
1041 3563 24 18 to
1075 3561 35 20 the
1118 3561 148 28 electro-mag-

675 3596 58 18 net'c
742 3594 109 26 telegraph
861 3593 63 25 being
940 3592 41 21 laid
991 3593 62 20 down
1070 3599 28 15 on
1108 3594 36 20 the
1164 3594 102 27 Brighton

675 3627 44 20 line
727 3628 35 21 for
771 3627 36 19 the
816 3626 143 20 .convenience
968 3625 24 21 of
1004 3626 36 20 the
1049 3626 101 26 pavilion,
1161 3627 41 21 and
1215 3629 52 19 thus

677 3658 109 27 gradually
794 3665 19 14 w
808 3678 4 9 (
814 3658 25 23 ill
853 3658 36 20 the
898 3664 46 20 way
957 3658 29 20 be,
992 3658 102 26 prepared
1107 3658 34 21 for
1150 3659 28 21 its
1192 3661 75 20 earlier

677 3691 103 27 adoption
802 3697 23 14 as
845 3691 36 19 the
900 3691 83 25 general
1000 3697 74 16 means
1094 3691 25 20 of
1140 3692 135 27 telegraphic*,

678 3724 187 25 communication,
883 3723 69 20 which
967 3730 77 14 sooner
1063 3730 26 14 or
1104 3724 54 22 later
1176 3725 18 20 it
1210 3730 58 17 must

677 3756 94 21 become.
800 3756 46 20 The
860 3756 92 26 opening
966 3756 25 20 of
1004 3756 42 20 the-
1059 3756 58 22 Paris
1134 3758 51 20 and-
1192 3759 83 21 Rouen,!

679 3789 94 26 Railway
781 3788 44 20 will
835 3788 80 21 reader
924 3788 17 20 it
959 3794 12 14 a
981 3790 77 20 matter
1068 3789 25 21 of
1103 3790 104 28 necessity
1217 3792 52 21 both

679 3825 22 18 to
715 3822 37 22 the
762 3820 90 28 English
866 3820 42 21 and
918 3820 81 21 French
1014 3820 153 24 Governments
1177 3825 22 19 to
1214 3825 61 21 avail,

679 3854 125 23 themselves
819 3853 23 21 of
860 3854 37 20 the
914 3854 193 27 electro-magnetic
1121 3856 110 28 telegraph
1247 3852 28 27 mi

679 3886 179 22 communication
878 3886 93 21 between
989 3887 92 25 London
1094 3888 44 27 and.
1150 3888 71 28 -Paris,
1236 3892 36 20 via

679 3919 105 27 Brighton
802 3919 43 21 and
863 3919 164 28 Southampton.
1057 3921 51 27 Wa,-
1112 3933 4 16 ;
1119 3928 49 21 msy
1187 3923 86 22 further

673 3952 93 23 'observe
775 3958 31 15 on
813 3952 45 21 this
867 3947 93 37 subject,,
966 3952 47 21 that
1028 3953 40 21 the
1075 3951 200 31 plecfjro.magnetitf

680 3980 122 32 telegraph^'
804 3985 19 21 is
842 3986 23 18 to
873 4005 3 4 .
884 3975 86 31 beXjaid
985 3985 63 23 down
1068 3992 28 17 on
1113 3987 37 22 the
1164 3989 108 26 proposed

570 55 103 48 f%*
691 53 123 46 3ftl»
838 33 208 64 &t£latt&
1072 55 189 47 &*}tttt
1286 55 91 39 au&
1402 53 299 47 mtmmt*n
1725 50 254 48 &p&ial*&

62 146 50 25 ON
137 145 74 27 THE
237 144 240 26 CULTIVATION
502 144 44 25 OF
571 144 73 27 THE

306 177 97 26 VINE.

1288 140 158 28 Northampton
1463 140 42 21 and
1524 140 158 27 Peterborough
1700 140 102 27 Railway.
1831 139 44 21 Ad-

1288 173 56 21 vices
1352 173 56 21 from
1416 173 37 21 the
1463 173 81 21 United
1554 173 68 21 States
1629 174 45 20 also
1684 173 68 21 affirm
1759 172 46 21 that
1814 178 13 14 a
1833 172 42 20 line

1288 205 20 21 is
1316 208 23 18 to
1349 205 27 21 be
1385 205 125 21 established
1519 205 56 21 from
1582 205 139 27 Washington
1731 208 23 18 to
1761 205 114 21 Baltimore

1289 238 67 21 under
1362 245 14 14 a
1383 240 62 24 grant
1450 238 55 21 from
1512 238 112 26 Congress.
1625 248 27 5 —
1652 238 97 26 Railway
1757 238 117 25 Magazine.

1315 271 68 22 Load
1397 272 193 22 Ellenborottgh
1608 278 49 16 and
1670 273 116 21 General
1804 271 70 21 Nott.

1289 304 126 27 •—(Extract
1424 305 25 20 of
1460 311 13 14 a
1481 306 64 20 letter
1552 304 56 22 from
1615 304 80 28 India).
1696 315 27 5 —
1725 304 91 21 General
1821 303 55 21 Nott

1286 342 70 16 teems
1376 343 14 15 a
1408 337 78 21 soldier
1502 337 44 21 and
1563 344 14 14 a
1594 337 128 26 gentleman.
1750 334 70 24 When
1839 337 37 19 the

1289 376 110 21 ceremony
1409 372 23 19 at
1441 369 128 29 Ferozepore
1582 376 42 15 was
1632 370 30 21 all
1675 376 58 19 over,
1743 370 56 21 Nott
1811 371 64 23 went,

1288 401 55 22 after
1359 402 113 25 breakfast,
1488 405 23 18 to
1526 403 42 20 call
1583 408 29 15 on
1627 403 58 21 Lord
1701 401 158 27 Ellenborough
1867 408 7 18 ;

1288 434 42 21 end
1339 438 39 17 not
1387 435 77 26 having
1472 435 55 20 been
1534 435 108 25 admitted,
1653 435 28 21 he
1690 439 42 17 wad
1740 434 66 27 going
1809 440 65 19 away,

1288 473 29 15 on
1323 467 83 26 leaving
1412 468 34 20 his
1455 467 56 21 card.
1541 467 56 21 Lord
1603 467 158 26 Ellenborough
1768 468 47 19 sent
1822 466 54 21 after

1288 499 42 21 and
1348 499 92 27 brought
1459 500 44 20 him
1522 500 68 20 back?
1620 500 43 20 and
1681 499 61 21 while
1760 498 56 22 Nott
1834 504 42 14 was

1288 531 99 27 standing
1395 531 24 21 in
1428 532 36 21 the
1473 534 53 22 tent,
1537 538 29 20 up
1575 538 57 15 came
1637 537 56 16 tome
1702 537 45 19 on*,
1757 530 43 22 and
1807 530 69 21 shook

1288 563 44 21 him
1348 564 86 27 warmly
1451 564 28 27 by
1493 564 53 21 both
1561 564 74 25 hands,
1648 564 82 27 saying,
1795 569 35 14 am
1839 562 37 21 de-

1287 595 81 27 lighted
1376 599 24 20 to
1409 603 35 15 see
1454 603 49 20 you,
1514 596 91 21 General
1618 596 61 23 Nott.
1707 596 54 21 This
1770 595 19 20 is
1799 600 42 16 one
1853 595 24 20 of

1288 629 36 20 the
1332 629 98 27 happiest
1444 631 105 19 moments
1559 629 24 21 of
1585 643 3 5 .
1594 635 35 21 my
1730 628 55 22 Nott
1798 627 76 21 looked

1287 664 23 17 at
1319 661 45 20 him
1372 661 56 21 from
1437 662 57 26 right
1502 664 24 19 to
1535 662 46 25 left,
1590 662 40 21 but
1638 661 65 22 could
1717 664 40 18 not
1767 660 109 26 recognise

1287 694 51 24 him,
1349 700 24 15 as
1382 695 27 20 he
1419 695 86 27 replied,
1544 694 81 28 Really,
1635 694 11 21 I
1657 701 34 14 am
1696 701 52 21 very
1754 693 50 28 glad
1813 695 23 21 to
1841 699 35 15 see

1287 732 49 21 you,
1355 727 97 21 whoever
1467 734 43 21 you
1525 734 36 15 are
1566 735 7 17 ;
1597 728 38 20 but
1643 727 50 22 four
1709 727 67 27 years'
1786 725 90 21 absence

1286 760 55 21 from
1352 760 62 21 India
1422 761 53 20 have
1491 767 24 14 so
1524 760 95 27 changed
1633 760 37 21 the
1681 760 56 21 faces
1752 758 26 22 of
1788 765 37 20 my
1841 758 36 21 old

1286 792 88 27 friends,
1392 793 46 21 that
1448 795 22 19 at
1486 794 43 20 this
1539 795 97 20 moment.
1641 792 12 20 I
1669 793 27 20 do
1706 794 40 19 not
1762 791 115 21 remember

1404 826 71 21 Never
1484 826 66 26 mind,
1561 826 55 21 lam
1625 832 41 15 one
1675 825 25 21 of
1710 831 55 21 your
1780 823 80 22 friends
1869 831 6 18 ;

1286 857 12 21 I
1307 864 34 15 am
1351 858 58 22 Lord

1287 912 5 4 .
1315 895 19 21 A
1344 895 92 27 meeting
1445 895 25 21 of
1481 896 36 20 the
1527 895 148 21 Conservative
1686 894 62 22 Peers
1757 894 43 22 and
1809 900 67 15 mem-

1286 927 47 22 bers
1343 928 26 21 of
1382 928 127 21 Parliament
1517 934 43 15 was
1569 929 50 20 held
1627 934 29 15 on
1666 929 36 20 the
1712 929 52 20 17th
1779 927 64 27 June,
1854 929 22 18 at

1286 962 36 19 the
1341 961 53 20 Earl
1412 961 25 20 of
1458 960 129 26 Wicklow's,
1606 960 23 21 in
1648 960 120 21 Cavendish
1787 960 87 26 Square.

1286 993 59 27 They
1362 994 87 20 entered
1458 993 45 21 into
1519 993 134 25 resolutions,
1669 994 106 25 declaring
1788 993 54 24 that,
1853 993 23 19 in

1286 1026 55 21 their
1359 1026 96 26 opinion,
1469 1026 37 21 tbe
1519 1026 163 21 multitudinous
1698 1025 139 25 assemblages
1853 1024 23 21 in

1286 1065 62 20 every
1357 1061 49 24 part
1415 1059 24 20 of
1449 1058 83 21 Ireland
1542 1064 52 15 were
1602 1059 116 26 dangerous
1729 1061 22 18 to
1761 1057 36 21 the
1805 1057 71 26 public

1286 1097 72 21 peace,
1369 1091 42 21 and
1423 1091 117 20 calculated
1549 1094 23 17 to
1578 1094 68 17 create
1656 1094 68 18 terror
1731 1091 23 20 in
1764 1090 36 21 the
1807 1089 69 20 minds

1286 1123 25 21 of
1321 1123 37 21 the
1368 1123 146 21 well-affected
1528 1123 24 21 of
1564 1124 29 20 all
1606 1123 76 21 classes
1689 1130 6 18 ;
1717 1123 47 21 that
1778 1122 98 26 ordinary

1286 1156 139 27 occupations
1434 1162 54 15 were
1496 1156 126 27 suspended,
1638 1156 43 20 and
1690 1156 37 20 the
1736 1155 72 28 public
1818 1154 58 20 mind

1286 1189 50 27 kept
1352 1189 24 20 in
1386 1196 12 13 a
1411 1191 55 18 state
1475 1189 25 21 of
1511 1189 89 21 anxious
1613 1189 92 27 disquiet
1713 1196 7 17 ;
1744 1189 53 21 that,
1809 1187 67 20 under

1286 1223 52 20 such
1354 1223 171 25 circumstances,
1540 1223 18 20 it
1571 1230 42 13 was
1622 1224 55 19 their
1692 1223 53 26 duty
1754 1225 23 18 to
1795 1221 81 20 declare

1286 1255 55 20 their
1351 1255 68 20 desire
1428 1255 42 20 and
1480 1256 161 20 determination
1655 1258 27 18 to
1692 1258 123 24 co-operate
1827 1254 49 20 with

1286 1289 36 19 the
1333 1287 145 21 Government
1487 1287 22 21 in
1520 1287 109 27 enforcing
1637 1289 37 19 tbe
1684 1289 38 19 law
1733 1287 42 21 and
1785 1286 91 27 allaying

1286 1322 36 20 the
1345 1321 118 26 dangerous
1488 1322 126 20 excitement
1635 1322 69 20 which
1729 1322 73 20 exists.
1831 1320 45 20 The

1287 1354 96 26 Marquis
1394 1354 24 20 of
1430 1354 125 20 Downshire
1569 1360 42 14 was
1620 1354 22 20 in
1658 1355 36 19 the
1703 1354 67 24 chair,
1781 1353 42 19 and
1841 1352 35 20 the

1286 1388 127 21 resolutions
1429 1394 55 15 were
1502 1388 73 26 signed
1590 1388 30 26 by
1635 1388 27 20 25
1680 1393 60 21 peers
1760 1386 76 25 sitting
1853 1386 23 20 in

1286 1421 36 21 the
1338 1421 75 21 House
1423 1421 25 21 of
1465 1421 75 24 Lords,
1551 1421 41 20 and
1607 1421 27 26 by
1644 1421 28 19 23
1688 1419 103 21 members
1802 1418 25 20 of
1841 1418 35 20 the

1286 1453 123 20 Commons.

1501 1514 166 23 POSTAGE.

1314 1572 34 22 To
1364 1572 164 26 Subscribers,
1545 1579 76 15 other
1635 1572 147 22 Newspaper
1802 1570 74 23 Esta-

1288 1605 153 21 blishments,
1454 1606 46 15 and
1516 1600 159 21 Commanders
1693 1607 26 14 of
1736 1598 110 22 Vessels.
1850 1609 27 5 —

1288 1625 29 22 In
1327 1633 41 15 our
1377 1633 69 21 paper
1456 1626 25 21 of
1493 1626 131 26 September
1637 1627 37 25 30,
1686 1633 32 14 we
1728 1624 101 23 inserted
1839 1624 37 23 the

1288 1652 66 23 latest
1363 1653 139 27 regulations
1511 1653 69 21 about
1589 1653 103 27 Postage.
1721 1653 45 22 For
1776 1651 37 22 tbe
1823 1659 53 14 con-

1288 1680 107 22 venience
1413 1680 26 21 of
1457 1687 41 14 our
1514 1680 129 21 mercantile
1661 1680 93 27 friends,
1771 1685 32 15 we
1819 1678 57 23 have

1287 1707 89 26 printed
1387 1706 61 23 them
1463 1714 61 20 upon
1541 1715 13 13 a
1569 1706 51 23 half
1630 1707 65 22 sheet
1708 1707 27 21 of
1745 1712 76 21 paper,
1833 1706 43 22 and

1287 1733 53 28 they
1347 1741 42 15 can
1398 1741 50 15 now
1459 1734 26 22 be
1496 1734 157 28 conveniently
1659 1734 77 28 posted
1745 1734 24 21 in
1776 1740 30 15 an
1813 1733 63 22 office

1287 1760 35 23 for
1331 1761 92 27 general
1432 1762 123 21 reference.

1315 1796 42 21 We
1368 1799 84 18 cannot
1461 1795 114 22 ourselves
1583 1795 80 27 gather
1672 1795 58 22 from
1741 1795 39 21 the
1789 1793 87 27 regula-

1288 1823 59 22 tions
1358 1823 37 21 the
1403 1827 93 23 postage
1507 1822 132 27 chargeable
1650 1830 60 19 upon
1729 1821 98 23 colonial
1837 1828 40 21 pa-

1287 1858 49 24 pers
1348 1849 78 27 posted
1441 1853 24 18 at
1482 1849 145 27 Wellington,
1639 1849 40 22 but
1696 1856 32 15 we
1744 1849 58 22 have
1820 1848 56 22 been

1287 1876 114 23 informed
1411 1876 49 22 that
1468 1875 39 23 the
1516 1884 50 14 sum
1577 1876 132 27 chargeable
1719 1877 19 20 is
1749 1882 43 16 one
1802 1882 74 21 penny

1288 1911 39 20 per
1335 1910 76 21 paper.
1439 1903 56 22 This
1505 1903 42 22 isa
1556 1902 71 28 heavy
1638 1908 46 21 tax,
1696 1903 44 21 and
1751 1901 84 23 indeed
1844 1909 32 15 we

1288 1935 88 23 suspect
1386 1930 37 22 the
1433 1930 136 27 regulations
1580 1929 43 22 will
1638 1930 29 21 be
1682 1930 69 21 found
1761 1929 116 28 generally

1288 1961 23 18 to
1322 1965 53 14 oear
1386 1958 99 27 severely
1496 1964 61 21 upon
1567 1957 38 22 the
1616 1957 113 22 colonists.

1316 1989 49 22 One
1374 1995 76 21 penny
1465 1988 56 22 each
1538 1988 44 22 will
1597 1995 92 15 amount
1705 1993 23 17 to
1744 1986 63 28 eight
1822 1986 54 23 shil-

1288 2016 57 26 lings
1354 2016 45 20 and
1410 2015 62 26 eight
1480 2021 69 20 pence
1568 2021 38 19 per
1621 2021 84 14 annum
1715 2021 61 20 upon
1787 2019 42 14 our
1838 2020 38 18 pa-

1289 2049 45 20 per.
1363 2041 54 22 This
1428 2048 49 14 sum
1491 2044 33 18 \ve
1540 2040 57 22 shall
1613 2040 26 22 be
1655 2040 88 26 obliged
1761 2044 22 16 to
1794 2038 82 26 charge

1289 2068 112 28 quarterly
1411 2068 24 21 in
1453 2068 99 21 advance
1568 2068 34 20 for
1611 2074 78 20 papers
1706 2065 95 23 ordered
1816 2070 23 15 to
1848 2065 28 21 be

1288 2099 48 18 sent
1346 2100 39 17 out
1394 2094 25 22 or'
1428 2094 36 22 the
1474 2094 87 26 colony,
1569 2094 30 26 by
1606 2100 90 20 persons
1706 2092 100 23 resident
1815 2091 61 23 here.

1290 2122 62 22 More
1364 2122 53 21 than
1434 2128 42 15 one
1492 2127 53 20 year
1559 2120 61 22 since
1632 2127 33 15 we
1681 2118 134 23 announced
1830 2119 47 24 that

1288 2157 33 14 we
1330 2149 74 22 would
1415 2154 40 16 not
1465 2148 78 27 supply
1555 2154 77 21 papers
1649 2152 22 16 to
1687 2147 82 27 parlies
1779 2145 98 27 residing

1289 2181 39 18 out
1345 2176 26 22 of
1383 2176 37 21 (he
1435 2176 86 26 colony,
1533 2174 76 23 unless
1625 2174 54 22 such
1695 2172 138 23 subscribers
1842 2179 35 16 ar-

1288 2203 85 27 ranged
1385 2203 33 22 for
1432 2202 39 23 the
1486 2205 107 24 payment
1608 2202 33 21 for
1655 2201 61 22 them
1734 2200 96 26 through
1848 2207 28 14 an

1288 2235 67 23 agent
1366 2231 60 21 here.
1456 2229 59 27 Only
1526 2233 41 17 two
1577 2228 85 28 foreign
1673 2229 138 21 subscribers
1820 2226 57 23 have

1289 2258 107 22 attended
1405 2261 23 18 to
1439 2256 43 22 this
1493 2256 81 26 notice,
1587 2256 43 21 and
1642 2256 37 21 the
1693 2255 75 27 heavy
1778 2261 99 20 expence

1288 2286 26 22 of
1325 2288 92 24 postage
1428 2288 22 18 to
1461 2283 72 22 which
1543 2290 32 15 we
1590 2282 57 23 shall
1657 2283 27 22 be
1695 2282 94 27 subject,
1801 2281 76 22 makes

1288 2313 19 21 it
1315 2311 127 28 absolutely
1453 2317 118 20 necessary
1580 2310 36 21 for
1625 2317 26 15 us
1659 2317 48 14 now
1723 2313 24 18 to
1762 2315 65 24 carry
1837 2315 40 17 our

1288 2339 75 23 notice
1372 2339 46 21 into
1429 2338 72 22 effect.
1522 2337 28 22 In
1560 2337 73 22 future
1642 2336 91 28 English
1740 2335 136 23 subscribers

1289 2367 50 22 who
1357 2366 58 22 have
1430 2367 40 20 not
1484 2364 54 28 paid
1548 2364 58 22 their
1621 2363 161 28 subscriptions
1799 2362 23 21 in
1840 2370 36 15 ac-

1289 2393 110 23 cordance
1425 2392 54 24 with
1502 2399 40 14 our
1559 2391 82 27 notice,
1662 2392 44 21 and
1730 2390 50 24 who
1805 2388 72 23 desire

1289 2425 22 17 to
1340 2420 59 22 have
1423 2426 42 15 our
1489 2420 87 20 Gazette
1599 2421 60 19 must
1687 2418 67 28 apply
1783 2418 23 19 to
1838 2423 40 15 our

1289 2447 98 23 London
1409 2447 84 27 Agent,
1519 2447 45 21 Mr.
1588 2446 96 26 Bowler,
1713 2449 23 17 at
1760 2442 39 23 the
1822 2443 55 22 New

1289 2474 102 23 Zealand
1408 2473 135 28 Company's
1560 2473 77 26 Office,
1649 2472 105 26 London,
1771 2476 22 15 to
1804 2470 73 22 whom

1289 2510 33 14 we
1337 2502 58 21 have
1411 2500 205 26 been.forwarding
1632 2500 34 20 for
1681 2506 60 15 some
1758 2498 55 22 time
1829 2501 50 23 past

1289 2529 44 23 and
1343 2533 23 17 to
1375 2527 73 24 whom
1457 2534 32 15 we
1500 2526 57 22 shall
1572 2527 105 21 continue
1688 2531 22 16 to
1720 2524 99 24 forward
1830 2525 47 27 fifty

1289 2557 75 26 copies
1383 2555 24 22 of
1427 2554 38 22 the
1487 2555 93 20 Gazette.
1618 2554 49 22 The
1686 2553 53 28 only
1758 2552 120 22 difference

1291 2583 42 23 will
1344 2583 28 21 be
1383 2582 50 26 th's,
1444 2582 49 21 that
1502 2581 125 22 heretofore
1637 2588 33 14 we
1687 2581 57 21 have
1757 2583 51 18 sent
1818 2579 59 22 them

1290 2610 97 27 through
1397 2609 37 21 the
1446 2613 56 23 post,
1513 2609 45 21 and
1573 2616 50 14 now
1634 2616 33 14 we
1684 2612 58 17 must
1752 2606 56 23 send
1817 2606 60 22 them

1290 2639 29 26 by
1328 2638 85 27 private
1424 2636 149 27 opportunit3',
1582 2643 24 14 as
1615 2636 17 20 it
1642 2642 51 20 may
1702 2635 62 26 offer,
1774 2634 25 20 of
1807 2633 71 22 which

1291 2665 36 22 the
1338 2665 94 25 Postage
1444 2663 145 27 Regulations
1599 2662 95 28 permit;
1705 2661 53 28 they
1769 2660 46 22 will
1825 2668 54 15 con-

1289 2691 118 28 sequently
1417 2694 41 18 not
1467 2690 27 22 be
1505 2689 105 25 obtained
1620 2697 22 15 so
1653 2688 136 29 frequently.

1317 2726 33 20 As
1359 2731 31 14 we
1400 2722 58 23 shall
1468 2722 57 23 have
1535 2726 22 18 to
1566 2730 43 24 pay
1619 2726 91 24 postage
1721 2729 29 14 on
1762 2720 29 23 all
1801 2727 78 21 papers

1289 2759 32 15 we
1338 2750 56 23 send
1410 2754 23 17 to
1449 2757 25 14 or
1488 2750 87 22 receive
1590 2751 56 20 from
1669 2749 38 22 the
1722 2748 108 26 colonies,
1848 2755 31 14 we

1291 2781 59 19 must
1359 2777 90 22 decline
1460 2778 36 21 the
1507 2781 88 23 greater
1609 2780 51 24 part
1674 2777 25 20 of
1711 2783 42 15 our
1763 2774 117 28 exchange

1289 2813 61 21 paper
1350 2813 25 21 3,
1387 2812 24 14 as
1423 2804 37 22 the
1471 2809 38 17 tax
1519 2804 74 22 would
1602 2804 39 22 fall
1653 2811 53 23 very
1712 2802 101 26 severely
1820 2809 59 20 upon

1291 2840 40 15 our
1346 2832 65 22 small
1431 2832 175 21 establishment.
1643 2831 79 22 Those,
1738 2830 50 22 who
1808 2836 71 19 cease,

1290 2859 57 23 after
1357 2858 44 23 this
1410 2861 22 19 to
1442 2859 88 22 receive
1540 2866 40 15 our
1587 2866 73 20 paper,
1670 2858 42 21 will
1722 2857 76 28 please
1808 2856 73 23 there-

1291 2888 46 21 fore
1347 2889 22 19 to
1380 2885 140 23 understand
1531 2893 41 15 our
1580 2893 78 14 reason
1670 2893 24 14 as
1704 2893 50 14 now
1764 2884 76 27 given.

1319 2919 40 21 We
1374 2917 58 23 have
1448 2918 55 22 been
1521 2918 24 22 in
1565 2918 37 22 the
1621 2917 63 23 habit
1698 2917 26 23 of
1742 2915 80 30 giving
1841 2922 41 15 our

1289 2953 69 21 paper
1371 2949 24 18 to
1413 2945 39 22 the
1467 2948 94 19 masters
1576 2945 27 22 of
1615 2945 28 22 all
1660 2945 60 28 ships
1735 2944 24 22 in
1775 2943 104 21 harbour.

1290 2973 54 22 This
1354 2973 41 21 has
1404 2972 59 22 been
1472 2980 13 14 a
1496 2973 91 21 heavier
1602 2976 39 18 tax
1657 2972 54 22 than
1728 2978 68 19 many
1807 2969 74 22 would

1291 3008 102 20 suppose,
1404 2999 45 22 and
1460 2999 37 22 the
1508 3004 39 17 tax
1555 2999 40 22 has
1606 3000 56 21 been
1681 2999 37 21 the
1729 3004 60 16 more
1806 2996 41 22 felt
1856 3004 25 14 as

1290 3028 37 21 the
1337 3030 95 18 masters
1449 3027 25 21 of
1485 3027 62 27 ships
1563 3027 57 21 have
1635 3027 74 26 rarely
1718 3023 127 23 forwarded
1855 3030 26 14 us

1290 3061 79 21 papers
1378 3054 23 21 in
1411 3058 85 23 return,
1508 3061 26 14 or
1544 3053 96 22 afforded
1655 3060 27 14 us
1697 3050 145 24 information
1858 3050 26 22 of

1291 3089 44 19 any
1345 3081 144 27 description.
1516 3081 34 21 To
1560 3080 56 24 such
1625 3079 157 22 commanders
1792 3084 24 14 as
1825 3077 56 22 send

1291 3116 26 15 us
1325 3115 87 20 papers,
1423 3115 26 14 or
1458 3107 83 22 render
1555 3114 27 15 us
1597 3106 73 23 useful
1686 3104 152 27 information,
1848 3112 33 14 we

1290 3135 57 23 shall
1359 3136 26 23 be
1395 3135 75 27 happy
1479 3134 47 22 still
1534 3137 23 18 to
1566 3134 52 27 give
1627 3133 38 23 the
1677 3135 101 24 Gazette;
1794 3132 42 22 but
1844 3131 38 23 the

1290 3163 74 28 heavy
1374 3168 96 22 expense
1479 3162 27 21 of
1512 3164 92 25 postage
1609 3164 23 19 to
1637 3161 75 22 which
1722 3168 32 15 we
1764 3159 59 24 shall
1833 3166 50 15 now

1291 3191 28 21 be
1328 3188 106 28 exposed,
1446 3188 78 25 makes
1531 3188 19 22 it
1559 3195 118 21 necessary
1687 3188 35 23 for
1730 3195 28 15 us
1768 3191 23 18 to
1801 3194 82 15 econo-

1291 3216 56 23 mise
1358 3216 30 22 all
1401 3216 40 23 the
1456 3223 78 15 means
1547 3215 24 22 in
1585 3223 42 15 our
1641 3223 81 20 power.
1752 3214 42 23 We
1810 3214 73 21 there-

1283 3244 55 22 fore
1353 3249 119 18 announce
1486 3243 51 22 that
1552 3242 169 24 henceforward
1736 3242 46 23 this
1796 3245 86 18 custom

1291 3270 141 19 terminates.

1918 3914 72 17 Printed
2003 3913 38 17 and
2053 3913 99 21 published
2167 3917 56 16 every
2239 3910 115 21 Wedmisdiy
2367 3905 127 24 apd.<B«tur<W

1938 3935 89 20 morning,
2040 3934 25 20 by
2083 3935 84 16 Samuel
2181 3934 90 18 Rbvanb,
2288 3934 19 15 »t
2319 3931 33 18 the
2367 3930 55 18 Office
2437 3928 20 16 of
2465 3928 28 15 ta»

1938 3956 48 17 N*w
1999 3955 101 17 ZEAfrA.in>
2109 3956 95 16 Qknrvx
2213 3947 195 24 Axm-TtmtxaatcAt-
2417 3949 71 17 Spjcw*

2157 3975 117 21 Wellington,
2287 3974 42 17 Port
2337 3971 107 23 ttflcbolspo,
2455 3968 39 17 »••

1938 3997 87 19 9t*ta«.

96 234 52 24 The
164 233 116 32 following
298 234 156 24 observations
472 241 35 17 are
525 234 60 25 from
604 234 40 25 the

61 274 45 25 pen
117 267 27 24 of
158 274 22 16 a.
184 267 129 30 gentleman
325 267 100 25 resident
435 271 24 19 at
475 267 70 29 Blois,
557 268 87 30 practi-

60 300 61 30 cally
132 300 135 31 acquainted
277 300 54 27 v?iih
342 300 39 23 the
393 300 86 31 subject
489 307 29 16 on
530 300 73 23 which
615 300 29 24 he

59 337 81 20 treats.

120 365 51 24 The
190 370 62 19 most
268 365 113 33 approved
400 365 89 24 method
505 366 26 24 of
544 367 101 31 pruning

59 398 46 24 and
111 398 139 31 conducting
258 399 169 31 garden-vines,
436 400 20 22 is
468 400 47 22 that
523 399 120 32 employed

59 436 26 19 at
105 431 116 32 Thomery
236 439 54 16 near
308 431 172 25 Fontainbleau.
524 432 51 24 The
593 433 51 23 first

59 465 51 30 pair
120 464 26 24 of
154 472 62 16 arms
235 472 38 16 are
289 464 64 24 to-be
365 464 88 24 trained
464 473 60 24 upon
542 466 38 23 the
592 466 51 22 wall

59 501 26 19 at
96 498 36 23 six
150 497 81 24 inches
241 497 58 24 from
318 497 39 24 the
375 499 88 30 ground
471 508 5 20 ;
498 499 38 24 the
551 499 91 29 second,

59 530 106 31 eighteen
174 530 80 23 inches
265 530 59 24 from
337 530 39 24 the
386 531 51 23 first
449 532 46 30 pair
503 541 6 20 ;
524 532 37 23 the
572 532 70 29 third,

58 563 105 31 eighteen
176 562 80 25 inches
266 563 59 24 from
342 563 38 24 the
397 565 88 29 second,
498 565 52 29 &c,
562 565 56 23 with
630 573 14 16 a

59 595 50 25 lath
120 603 25 17 or
157 597 54 23 wire
228 596 101 25 between
349 596 56 25 each
416 598 35 23 for
470 598 115 31 attaching
604 598 40 24 the

57 628 112 26 branches
181 633 23 20 to
216 629 32 24 in.
252 629 37 24 the
301 637 108 18 summer.
445 631 36 31 By
492 631 47 24 this
550 631 92 24 method

55 662 163 32 —supposing
228 662 38 25 the
277 663 78 24 shoots
367 669 23 18 to
402 663 28 25 be
438 665 35 23 six
484 665 76 23 inches
570 672 72 16 asun-

55 694 49 31 der,
115 695 45 25 and
172 696 55 31 only
238 701 42 18 two
299 696 112 24 branches
423 697 40 25 left
475 703 22 19 at
508 698 56 24 each
575 698 67 24 shoot

56 739 24 7 —
80 730 61 23 -320
152 728 103 25 bunches
267 728 25 25 of
299 737 83 24 grapes
395 738 52 24 may
459 730 25 25 be
497 731 105 24 obtained
613 739 29 16 on

57 769 15 16 a
82 762 51 24 wall
154 761 65 32 eight
235 762 46 24 feet
299 763 26 23 in
342 763 88 32 height,
451 772 27 15 on
496 772 13 16 a
519 765 89 23 surface
620 765 25 23 of

58 795 64 31 eight
132 795 47 24 feet
198 796 26 22 in
240 795 78 31 length
328 804 6 20 ;
357 796 45 23 and
413 796 46 24 this
475 805 66 23 space
553 798 25 23 of
591 797 52 24 wall

57 828 72 31 ought
146 833 23 18 to
181 828 29 23 be
228 828 94 24 Covered
334 829 25 23 in
377 829 70 25 about
456 838 68 16 seven
536 838 24 16 or
579 831 65 31 eight

55 868 66 24 years
129 869 7 16 :
137 873 34 5 —
171 861 77 29 much,
259 861 113 30 however,
383 862 47 24 will
449 863 85 32 depend
554 871 29 16 on
603 863 39 24 the

54 894 94 31 fertility
161 894 25 23 of
202 895 39 23 the
252 895 51 29 soil,
315 895 45 23 and
373 895 38 25 the
423 896 52 24 skill
487 897 26 23 of
527 897 37 23 the
576 897 66 24 vine-

54 927 99 24 dresser.
189 927 66 24 Each
272 928 87 24 branch
376 929 72 32 ought
464 934 21 19 to
503 930 97 31 produce
618 935 24 20 at

56 960 59 24 least
128 966 43 18 two
183 961 60 30 good
254 961 101 25 bunches
367 963 26 23 of
401 971 87 22 grapes.

115 994 108 31 Pruning
235 1002 143 17 commences
390 997 68 24 about
475 996 38 25 the
522 996 85 25 middle
619 997 24 24 of

56 1026 139 30 November,
209 1028 45 23 and
270 1036 53 23 may
333 1029 30 23 be
374 1029 119 25 continued
510 1030 31 24 all
551 1031 88 24 winter.

55 1060 51 25 The
118 1060 93 25 earliest
222 1061 87 31 pruned
320 1062 65 24 vines
397 1062 56 25 have
466 1063 35 24 the
514 1063 126 31 advantage

51 1094 29 23 of
98 1094 133 31 vegetating
242 1095 37 23 the
291 1101 93 18 soonest
401 1097 24 23 in
437 1097 36 23 the
484 1097 79 32 spring
572 1106 7 19 ;
599 1097 41 24 but

54 1125 54 32 they
120 1134 38 17 are
179 1127 40 24 the
235 1132 59 19 most
306 1130 99 30 exposed
418 1135 22 18 to
452 1130 35 24 the
505 1130 43 24 late
561 1131 78 24 frosts.

54 1160 75 31 Many
151 1160 124 31 gardeners
297 1161 54 25 here
372 1164 93 23 commit
484 1163 38 24 the
540 1164 57 24 fault
617 1165 25 23 of

52 1195 101 29 pruning
174 1199 37 18 too
230 1202 54 16 near
305 1195 36 23 the
362 1204 47 24 eye,
430 1196 70 24 which
519 1197 80 24 makes
621 1198 19 23 it

53 1227 69 23 liable
134 1232 22 18 to
174 1228 86 31 perish,
273 1228 44 24 and
334 1228 77 25 leaves
428 1238 15 15 a
453 1235 74 27 stump
539 1231 25 23 of
581 1231 59 24 dead

54 1261 65 22 wood
131 1260 71 24 above
215 1261 37 24 the
265 1266 54 19 next
331 1263 74 24 shoot.

184 1299 56 19 next
260 1297 116 29 operation
397 1304 140 17 commences
557 1302 23 20 at
600 1297 39 25 the

52 1327 47 24 end
110 1327 26 24 of
148 1327 70 33 April
229 1336 25 16 or
271 1329 39 24 the
327 1329 126 33 beginning
464 1330 24 25 of
497 1331 63 31 May,
573 1331 65 24 when

54 1360 44 28 the,
105 1361 77 24 flower
193 1369 96 24 appears
298 1372 7 16 :
325 1363 18 23 it
355 1364 97 23 consists
472 1365 22 23 in
515 1365 80 30 taking
608 1365 31 23 ofi

53 1393 40 24 the
105 1394 88 24 useless
200 1395 85 29 shoots,
296 1397 81 29 which,
386 1398 20 23 if
414 1397 48 29 left,
470 1398 90 25 weaken
573 1398 66 24 those

53 1426 109 25 intended
174 1433 22 17 to
208 1429 96 30 remain,
316 1430 30 31 by
359 1439 13 15 a
384 1430 87 24 useless
490 1432 149 31 expenditure

54 1461 27 23 of
89 1461 160 24 nourishment
258 1471 7 20 5
283 1463 53 28 and,
349 1464 39 23 the
400 1464 107 25 branches
522 1465 68 31 being
601 1469 38 19 too

54 1501 132 23 numerous,
199 1496 76 23 would
293 1503 95 24 prevent
400 1497 38 25 the
449 1498 45 24 free
506 1498 134 24 circulation

56 1527 26 24 of
91 1528 33 23 air
136 1528 45 23 and
191 1528 67 32 light,
271 1534 65 19 stunt
352 1530 43 24 the
404 1531 54 24 fruit
468 1532 21 23 in
502 1532 30 23 its
543 1532 96 31 growth,

54 1561 46 23 and
117 1560 80 25 hinder
219 1563 19 23 it
255 1563 58 24 from
332 1564 113 33 ripening.
479 1564 55 24 Two
552 1565 53 32 only
618 1565 22 23 of

55 1593 39 25 the
106 1599 117 28 strongest
233 1596 78 25 shoots
328 1605 39 16 are
379 1603 23 18 to
414 1599 27 23 be
452 1598 39 24 left
501 1598 105 32 together
616 1599 24 23 in

54 1627 40 24 the
105 1636 62 16 same
185 1630 64 30 place
260 1639 6 20 ;
285 1630 39 24 the
336 1631 76 24 others
430 1637 61 19 must
506 1632 29 24 be
546 1637 51 19 torn
610 1631 33 25 off

53 1661 102 24 whether
173 1662 55 32 they
240 1663 56 24 have
307 1663 57 25 fruit
383 1673 29 16 on
433 1665 59 24 them
508 1673 26 16 or
550 1670 40 19 not
600 1675 6 15 :
628 1673 13 16 a

53 1694 72 31 slight
136 1696 49 30 pull
192 1696 46 25 will
251 1697 54 24 take
316 1697 62 25 them
392 1704 38 18 out
439 1699 26 23 of
473 1699 58 23 their
539 1699 101 29 sockets,

53 1727 41 24 the
104 1728 113 25 branches
233 1731 94 32 holding
338 1739 55 24 very
404 1732 73 32 feebly
487 1738 23 18 to
528 1732 38 24 the
581 1738 59 19 stem

51 1761 63 25 •until
126 1763 38 23 the
181 1763 78 25 flower
276 1765 20 23 is
309 1772 59 25 gone
387 1766 35 23 off
436 1766 43 24 and
496 1766 38 24 the
544 1767 56 23 fruit
620 1767 21 23 is

53 1796 97 24 formed.
188 1797 47 24 For
247 1798 44 23 this
305 1807 80 16 reason
399 1800 38 23 the
448 1800 109 23 branches
569 1800 73 31 ought

51 1834 45 19 not
106 1835 23 19 to
146 1830 28 24 be
187 1831 105 24 attached
305 1832 73 24 to'lhe
396 1832 59 24 laths
476 1841 23 16 or
512 1834 52 23 wire
581 1833 59 23 until

52 1863 52 23 that
115 1864 63 29 time,
190 1865 75 23 which
273 1866 20 23 is
306 1866 117 32 generally
434 1866 66 24 about
511 1866 37 25 the
560 1866 46 24 end
618 1868 25 23 of

54 1896 69 31 June,
136 1898 123 32 excepting
269 1906 63 16 some
344 1899 26 24 of
385 1899 38 24 the
435 1905 118 26 strongest,
567 1900 74 24 which

54 1929 63 33 hang
135 1931 73 29 down,
222 1932 57 24 from
298 1932 60 24 their
370 1941 49 16 own
439 1933 87 32 weight,
539 1933 44 24 and
602 1941 39 17 are

54 1971 63 16 more
129 1965 101 32 exposed
242 1970 23 19 to
278 1970 39 20 tne
328 1966 61 24 wind
398 1975 6 15 :
423 1967 61 23 these
496 1967 71 31 ought
578 1972 22 18 to
613 1967 27 24 be

54 1998 108 32 carefully
168 1999 114 25 attached.
319 1999 25 24 It
350 2000 21 23 is
378 2000 85 32 during
470 2001 64 31 rainy
543 2000 98 25 weather

52 2031 52 23 that
115 2032 38 24 the
165 2032 112 24 branches
294 2041 38 15 are
344 2038 60 19 most
424 2033 82 29 tender,
520 2033 44 24 and
581 2039 61 18 most

51 2064 71 24 liable
134 2071 22 18 to
168 2066 29 23 be
207 2066 117 32 separated
334 2066 58 24 from
405 2066 38 25 the
452 2072 65 19 stem.
553 2066 87 25 Should

53 2098 47 24 this
119 2099 108 29 weather,
249 2100 160 31 accompanied
428 2100 51 23 with
497 2101 67 28 wind,
586 2100 55 24 take

51 2132 66 32 place
129 2133 67 24 while
215 2133 39 24 the
265 2133 52 23 vine
336 2134 19 22 is
373 2134 25 23 in
409 2133 81 29 flower,
508 2139 64 25 great
590 2142 51 15 care

52 2170 64 19 must
133 2166 29 24 be
185 2166 70 24 taken
272 2171 23 19 to
308 2174 81 16 secure
410 2167 38 23 the
465 2172 59 18 most
541 2168 100 31 exposed

52 2199 120 29 branches,
186 2200 120 23 otherwise
317 2208 14 15 a
343 2200 96 25 number
447 2201 25 23 of
480 2200 37 24 the
526 2205 116 27 strongest

52 2233 47 23 and
110 2239 60 19 most
181 2233 89 32 prolific
279 2234 26 23 of
313 2234 63 24 them
388 2235 47 23 will
446 2235 27 23 be
484 2234 53 24 lost.

113 2267 68 24 After
198 2267 47 24 this
265 2268 126 30 operation,
414 2268 38 23 the
471 2268 61 23 vines
548 2269 93 30 require

53 2301 97 31 nothing
160 2308 65 16 more
237 2301 57 23 until
306 2301 38 24 the
356 2306 104 25 autumn,
473 2301 71 30 when,
557 2302 21 23 if
598 2302 40 23 the

53 2335 99 24 weather
176 2335 20 23 is
218 2339 41 19 not
277 2342 55 24 very
348 2335 48 29 hot,
418 2335 38 24 the
475 2335 75 24 leaves
566 2335 75 24 which

52 2368 68 24 mask
134 2368 38 24 the
182 2368 103 24 hunches
305 2369 26 23 of
345 2376 83 24 grapes
446 2376 50 23 may
519 2369 27 23 be
567 2368 74 25 taken

53 2410 65 23 away
127 2411 7 21 ;
148 2402 47 23 this
208 2402 46 23 will
263 2402 101 24 advance
386 2402 58 24 their
463 2402 113 31 maturity,
597 2403 44 23 and

53 2437 53 29 give
115 2435 63 24 them
191 2444 13 14 a
216 2435 48 23 rich
277 2435 85 24 colour.

1295 3332 14 9 r
1309 3330 77 34 pHE
1408 3332 80 20 Nelson
1510 3332 117 20 Examiner
1650 3332 43 20 and
1714 3332 55 20 New
1791 3330 94 21 Zealand

1300 3351 29 29 A
1368 3358 110 21 Chronicle
1494 3358 126 28 (published
1630 3361 23 19 at
1662 3357 103 28 Nelson,)
1782 3356 19 23 is
1818 3364 67 21 regu-

1293 3385 57 27 larly
1369 3386 142 22 transmitted
1526 3389 23 18 to
1564 3385 145 27 Wellington,
1730 3384 45 22 and
1788 3391 55 21 may
1856 3384 28 22 be

1293 3413 44 22 had
1347 3415 24 18 at
1378 3412 40 22 the
1428 3413 63 21 office
1502 3412 26 24 of
1538 3412 45 21 this
1592 3419 74 20 ;>aper.

1319 3439 50 23 The
1378 3440 80 20 Nelson
1466 3441 116 19 Examiner
1599 3439 41 21 wtlJ
1651 3439 28 21 be
1690 3438 69 23 found
1770 3445 29 14 an

1291 3469 50 22 lent
1349 3466 101 24 medium
1460 3466 34 22 for
1505 3467 138 21 advertisers.

1320 3500 79 22 Terms
1408 3497 82 23 fortlie
1500 3505 74 21 paper,
1584 3502 38 18 ten
1631 3497 102 28 shillings
1745 3504 40 22 per
1795 3500 91 25 quarter

1293 3526 96 30 payable
1396 3525 26 22 in
1430 3525 110 24 advance.

1321 3558 83 22 Orders
1426 3557 36 22 for
1481 3557 37 21 the
1541 3563 69 21 piper
1631 3557 45 22 and
1699 3556 187 23 advertisements

1294 3584 103 24 received
1407 3586 24 20 at
1439 3584 38 21 the
1488 3583 72 22 Office
1570 3584 26 21 of
1608 3584 43 22 this
1660 3591 78 20 paper.

1460 3634 78 22 Meat
1570 3635 151 27 Company.

1531 3668 124 23 BUTTER

1296 3700 162 52 ALWAYS
1472 3707 32 15 oil
1512 3700 69 27 hand,
1598 3700 44 23 and
1658 3704 23 19 to
1695 3700 29 23 be
1738 3699 60 28 had,,
1804 3699 83 22 whole-

1375 3728 47 23 sale
1441 3727 43 22 and
1505 3727 71 27 retail,
1596 3731 24 18 at
1637 3727 39 23 the
1700 3728 81 22 lowest
1799 3727 89 22 market

1296 3756 68 29 price,
1380 3763 14 14 a
1411 3754 62 28 largß
1492 3754 81 28 supply
1587 3754 27 22 of
1627 3755 38 22 the
1679 3754 131 23 celebrated
1824 3754 63 22 Cow-

1298 3787 89 25 pasture
1397 3781 173 23 andTerawitte
1584 3780 70 29 Dairy
1665 3782 86 22 Butter.

1571 3815 36 21 W.
1621 3815 105 27 Flyger,
1741 3815 119 27 Manager.

1326 3849 101 22 October
1433 3848 34 27 27,
1479 3850 63 21 1843.

1491 3894 85 22 Fresh
1590 3894 106 26 Butter,

1300 3928 164 53 ALWAYS
1480 3936 29 15 on
1524 3928 51 23 Sale
1589 3920 301 36 at.tb.eMeat*Company's

1379 3956 117 29 premises.

1573 3982 37 22 W.
1624 3982 105 28 5t?oEB,
1742 3983 120 26 Manager.

1902 137 219 26 WHOLESALE
2150 138 129 25 PRICES
2312 136 176 31 CURRENT.

2001 177 133 16 CORRECTED
2147 177 31 15 tJP
2192 177 30 16 TO
2236 175 61 18 LAST
2310 175 81 16 NIGHT.

2243 202 17 18 £
2283 207 16 13 t.
2322 202 20 17 d.
2394 201 19 19 «
2471 208 10 16 4

1903 232 65 23 Ale:
1981 238 41 22 per
2030 231 50 23 hhd
2246 233 16 21 6
2289 233 15 20 0
2331 232 13 20 0
2361 244 19 8 ..
2397 233 16 21 0
2438 234 15 20 O
2477 238 13 19 o

2078 266 41 20 per
2123 259 102 22 barrel..
2242 260 16 20 4
2272 259 28 21 10
2328 259 15 21 0
2357 270 21 8 ..
2394 260 17 20 €
2438 261 15 20 0
2477 265 13 19 o

2078 285 90 28 perdoz
2246 287 15 20 0
2276 286 26 21 11
2332 285 13 21 0
2361 297 20 8 ..
2399 286 54 22 013
2477 290 13 21 0

1903 311 99 24 Arrack
2010 318 6 16 :
2032 311 43 23 Per
2083 313 45 26 gal.
2137 312 24 22 in
2170 311 64 23 bond
2246 313 15 21 0
2290 312 12 21 1
2330 311 14 21 6
2360 325 7 7 .
2373 325 7 7 .
2396 313 15 20 O
2438 313 15 21 2
2476 320 13 19 o

1902 338 95 23 Bread:
2012 338 44 23 Per
2063 338 46 23 2lb.
2119 337 51 24 loaf
2183 353 47 7 ....
2248 340 15 20 0
2289 340 15 20 O
2330 338 14 21 5
2361 351 19 7 ..
2397 339 15 21 0
2439 341 12 20 0
2476 343 12 20 6

1902 365 74 22 Beep:
1992 365 78 28 Fresh,
2088 372 90 15 carcase
2195 372 41 21 per
2273 367 3 6 '

2020 391 24 23 lb
2243 392 16 22 0
2286 392 14 20 0
2328 391 14 22 8
2358 403 20 9 ..
2395 393 17 20 j0
2438 393 48 23 011

2010 418 55 26 Salt,
2075 425 41 18 per
2127 419 70 22 tierce
2210 432 19 8 ..
2246 419 15 22 3
2275 419 29 21 10
2329 419 15 21 0
2359 430 19 9 ..
2397 419 15 21 6
2438 420 14 21 0
2475 423 12 20 0

1904 445 107 23 Butter:
2028 445 66 28 Irish,
2103 445 80 28 perlb.
2208 447 54 20 ..O
2288 447 15 20 0
2330 446 14 20 9
2359 457 20 8 ..
2397 447 14 19 0
2440 446 10 22 1
2476 448 11 21 5

2025 471 70 23 Fresh
2248 473 15 20 0
2290 473 15 21 2
2331 472 14 20 0
2363 484 20 8 ..
2401 473 14 20 0
2441 472 14 21 2
2477 476 12 20 6

1903 499 112 22 Brandy:
2030 498 59 23 First
2095 497 93 30 quality,
2196 505 41 21 per

2052 525 76 28 gallon
2137 525 24 22 in
2171 525 62 22 bond
2246 526 15 20 0
2288 525 16 21 4
2328 525 16 21 O
2359 537 20 8 ..
2397 525 15 21 0
2438 523 14 23 7
2475 528 13 21 6

1903 553 87 22 Brown
2009 552 87 23 Stout:
2120 559 40 21 per
2173 551 56 23 hhd.
2243 552 14 20 5
2284 553 16 21 0
2326 552 14 22 0
2356 564 20 8 ..
2396 551 14 23 7
2436 551 14 21 6
2473 555 13 20 0

1904 580 88 22 Cigars
1998 586 6 16 :
2016 579 103 28 Manilla,
2127 586 39 21 per
2172 579 64 27 1000,

2051 605 95 23 inbond
2247 605 14 22 2
2288 605 16 21 0
2329 605 14 21 0
2359 617 19 8 ..
2397 605 15 21 2
2427 605 26 21 10
2476 608 12 21 0

2014 632 171 27 Chinsurahper
2191 632 73 22 10001
2293 632 14 21 0
2334 632 14 20 0
2363 644 21 8 ..
2401 633 14 20 0
2441 633 13 20 0
2477 636 11 20 0

1905 661 99 22 Coffee:
2016 659 65 28 Java,
2090 659 71 28 perlb
2247 661 15 20 0
2289 659 16 21 0
2330 659 14 20 3
2360 671 20 7 ..
2395 659 18 20 O
2439 659 14 21 0
2476 661 12 22 7

1905 687 102 22 Cheese:
2023 686 107 23 Cheshire
2247 687 15 21 0
2290 685 12 21 1
2330 685 14 22 6
2359 698 21 8 ..
2397 685 16 21 0
2439 686 13 20 0
2476 689 11 19 0

2021 713 57 22 Pine
2086 712 75 29 Apple
2182 727 48 7 ....
2248 714 15 20 0
2291 713 11 21 1
2328 713 16 21 2
2361 725 19 7 ..
2398 713 15 21 0
2439 713 14 21 0
2476 716 11 19 0

2021 739 77 24 Dutch
2248 741 16 21 0
2290 741 15 21 0
2331 739 13 21 8
2361 751 20 9 ..
2399 739 14 21 0
2439 739 49 24 010

1905 767 106 23 Candles
2018 774 7 15 :
2030 767 96 27 English
2133 773 57 20 wax,
2197 773 41 21 per

2048 793 24 23 lb
2246 794 16 20 0
2288 793 16 21 2
2329 793 14 21 3
2360 805 19 7 ..
2398 793 15 20 0
2439 792 13 22 3
2476 796 11 20 0

2013 821 78 28 Sperm
2248 821 16 21 O
2292 821 10 21 1
2319 820 27 21 10
2362 832 20 8 ..
2401 820 14 20 0
2441 821 14 19 0
2477 824 11 19 0

2012 847 81 22 Mould
2246 848 16 20 0
2288 848 16 20 0
2330 847 14 20 6
2360 859 19 7 ..
2397 846 16 21 0
2441 847 13 21 0
2476 849 10 21 8

2014 874 58 28 Dips
2247 875 15 20 0
2289 875 15 20 0
2329 873 14 20 5
2359 885 20 9 ..
2397 874 16 20 O
2441 873 13 21 0
2476 877 11 19 0

1905 901 94 23 Flour:
2008 902 36 20 Ist
2048 900 92 27 quality,
2151 903 85 24 perton

2027 927 26 22 of
2063 929 54 20 2000
2126 927 34 22 lbs
2231 927 28 21 20
2286 927 16 20 O
2328 927 14 21 0
2360 925 53 22 ..22
2441 927 14 21 0
2476 930 10 21 0

2003 955 47 21 2nd
2059 954 56 22 ditto
2247 954 15 20 0
2291 955 14 19 0
2331 954 14 20 0
2361 965 19 9 ..
2399 954 15 20 0
2440 954 13 20 0
2476 957 10 20 0

1905 982 75 22 Flax:
1996 981 29 22 N.
2036 981 27 22 Z.
2074 984 84 25 perton
2183 980 79 22 ....15
2290 981 14 20 0
2331 981 13 20 0
2361 993 20 8 ..
2398 981 15 20 0
2440 981 13 20 0
2475 984 11 20 0

1931 1009 73 22 Do.-—
2005 1008 133 23 onboard—
2140 1007 117 27 pressedl7
2286 1008 15 20 0
2328 1007 14 21 0
2359 1020 19 8 ..
2395 1007 15 21 0
2437 1008 14 20 0
2473 1010 11 21 0

1906 1036 60 22 Gin:
1986 1035 54 23 Pale
2056 1035 95 22 inbond
2248 1035 14 20 0
2289 1035 14 21 3
2330 1035 14 19 6
2360 1047 19 7 ..
2397 1035 16 19 O
2439 1033 12 21 5
2474 1037 11 20 6

1955 1062 62 27 Case,
2025 1063 15 20 4
2046 1061 36 27 gal
2091 1063 37 20 4-5
2137 1062 24 21 in
2170 1061 63 22 bond
2247 1062 12 20 1
2288 1061 15 21 4
2329 1061 15 20 0
2360 1073 19 8 ..
2398 1060 12 21 1
2439 1061 13 21 8
2474 1064 11 20 0

1905 1089 82 22 Hams:
2003 1089 129 27 Yorkshire,
2146 1088 87 28 perlb.
2248 1090 15 19 O
2290 1089 14 20 0
2329 1087 13 22 7
2361 1101 19 7 ..
2399 1089 14 20 0
2441 1089 44 22 010

1905 1116 127 22 Mustard:
2048 1116 43 22 Per
2100 1116 71 22 dozen
2248 1116 15 21 0
2274 1115 31 24 .16
2331 1116 14 20 0
2361 1129 19 7 ..
2399 1116 14 20 0
2429 1115 24 21 18
2475 1118 10 20 0

1905 1144 115 21 Mutton:
2041 1143 94 22 Carcase
2144 1149 40 21 per
2193 1142 24 21 lb
2228 1158 6 5 .
2248 1144 15 20 0
2290 1143 14 20 0
2331 1143 13 20 7
2361 1155 19 7 ..
2398 1143 15 19 0
2441 1143 12 19 0
2474 1144 10 21 9

1905 1170 123 23 Muskets:
2044 1169 93 22 Walnut
2142 1169 94 22 stocked
2249 1169 55 22 015
2331 1170 13 19 0
2361 1183 19 6 ..
2401 1169 9 20 1
2441 1170 12 19 0
2476 1172 10 19 0

1895 1193 2 37 j
1906 1198 77 21 Milk:
1999 1197 99 27 Perpint
2248 1198 14 19 0
2290 1197 14 20 0
2330 1196 14 21 2
2360 1209 20 7 ..
2398 1196 15 21 0
2439 1196 14 20 0
2474 1198 10 21 3

1906 1224 78 23 Maize
1992 1231 5 15 :
2014 1231 39 21 per
2063 1224 79 22 bushel
2247 1225 15 20 O
2289 1224 15 20 4
2330 1223 83 20 0..0
2439 1223 12 19 5
2474 1225 11 20 0

1906 1252 44 21 Oil
1957 1259 5 14 :
1978 1250 104 26 Linseed,
2091 1258 41 20 per
2140 1250 77 28 gallon
2226 1251 36 20 .0
2289 1250 15 21 6
2331 1250 37 20 &.
2374 1263 6 7 .
2399 1250 14 21 0
2440 1250 13 20 8
2474 1252 12 20 0

1979 1278 78 27 Black,
2062 1278 22 22 in
2090 1278 174 27 cask,pertonlß
2292 1278 14 19 0
2333 1277 13 20 0
2363 1276 51 21 ..20
2441 1278 12 19 0
2475 1279 11 20 0

2014 1306 79 24 Sperm
2230 1304 28 21 50
2286 1304 14 19 0
2328 1303 12 20 0
2357 1303 52 22 ..75
2437 1303 13 20 0
2474 1305 10 18 0

1906 1332 76 22 Pork:
1997 1331 79 27 Fresh,
2091 1337 90 16 carcase
2197 1337 41 21 per

2022 1358 23 22 lb
2247 1358 15 21 0
2290 1358 14 20 0
2330 1358 14 21 3
2361 1370 19 8 ..
2397 1358 15 21 0
2439 1358 13 21 0
2475 1358 11 21 5

1906 1385 63 22 Pork
1976 1393 6 14 :
1998 1385 67 27 Irish,
2075 1392 41 20 per
2124 1384 75 23 barrel
2211 1399 6 6 .
2223 1399 7 7 .
2248 1385 15 21 3
2278 1385 27 22 10
2332 1386 13 20 0
2362 1398 6 7 .
2375 1398 6 7 .
2399 1385 15 22 4
2429 1385 24 22 10
2476 1386 12 21 0

1895 1419 2 14 i
1906 1412 131 23 Potatoes:
2057 1411 57 23 New
2127 1411 110 27 Zealand,

2081 1446 40 20 per
2130 1443 38 18 ton
2182 1453 47 7 ....
2247 1439 16 22 4
2290 1440 14 21 0
2331 1440 14 21 0
2360 1453 7 7 .
2373 1452 7 7 .
2397 1440 15 21 6
2439 1440 14 20 0
2476 1442 11 19 0

1906 1466 93 23 Porter
2008 1473 6 15 :
2043 1466 102 27 Dunbar,
2157 1466 24 23 in
2188 1466 48 22 bot.

2072 1500 40 22 per
2121 1493 42 22 doz
2246 1494 15 20 0
2276 1493 27 22 12
2328 1494 14 21 0
2358 1507 7 7 .
2371 1506 7 8 .
2396 1495 14 20 0
2425 1493 26 22 13
2476 1496 10 19 0

2013 1520 86 28 Bryant
2108 1520 44 22 and
2161 1520 71 22 Davis
2246 1522 14 20 0
2276 1520 27 22 12
2328 1522 15 20 0
2359 1534 6 7 .
2371 1534 7 7 .
2394 1522 18 20 O
2427 1520 25 22 13
2475 1523 11 20 0

1905 1547 98 22 Picklei
2015 1555 5 14 :
2051 1547 116 27 Asso^ed,
2197 1554 40 21 per

2076 1574 58 26 doz.,
2157 1577 78 25 quarts
2248 1576 15 20 0
2278 1574 26 22 15
2331 1576 14 20 0
2361 1588 20 7 ..
2401 1576 13 20 0
2429 1574 23 23 17
2476 1576 11 19 0

1905 1601 73 23 Pitch
1990 1608 7 15 :
2029 1601 137 28 Stockholm,
2197 1609 41 21 per

2052 1628 73 23 barrel
2250 1629 11 20 1
2290 1630 15 21 0
2331 1630 14 20 0
2361 1642 20 8 ..
2399 1630 14 20 0
2438 1630 14 20 0
2475 1631 11 19 0

1905 1655 94 23 Plank:
2028 1655 55 22 Port
2104 1655 133 27 Nicholson,

2053 1690 40 20 per
2102 1684 40 20 100
2151 1683 48 22 feet
2211 1684 53 20 ..0
2291 1684 14 20 6
2332 1684 13 20 0
2362 1696 19 7 ..
2399 1684 14 20 0
2427 1684 25 20 10
2474 1685 12 20 0

1905 1709 69 23 Rice:
1987 1710 109 22 Common
2106 1717 40 21 per
2151 1713 50 18 cwt.
2213 1724 19 7 ..
2250 1710 55 22 015
2333 1711 49 20 0..
2400 1711 14 20 0
2439 1711 13 20 0
2476 1713 10 19 0

1987 1737 67 21 Good
2249 1739 15 19 O
2279 1737 26 22 17
2333 1738 14 20 0
2363 1751 19 6 ..
2401 1736 11 22 I
2439 1738 12 20 0
2474 1739 12 20 0

1905 1764 54 22 Rum
1966 1771 6 15 :
1989 1764 25 22 P.
2025 1764 26 22 B.
2062 1764 33 26 P.,
2110 1771 40 20 per
2159 1764 78 27 gallon

2025 1791 23 21 in
2064 1791 60 22 bond
2248 1793 15 19 0
2290 1793 14 21 2
2331 1792 13 20 9
2361 1804 18 7 ..
2397 1792 14 20 0
2437 1790 12 22 5
2473 1793 11 20 0

1905 1818 89 22 Suoar:
2010 1818 120 22 Mauritius
2140 1825 40 20 per
2187 1822 50 19 cwt.
2251 1820 14 20 0
2294 1820 13 20 0
2335 1820 48 19 0..
2415 1824 52 15 none

2013 1845 81 22 Brown
2109 1845 54 22 ditto
2181 1846 121 21 ....015
2330 1845 78 21 0..1
2437 1847 12 19 0
2473 1847 11 19 0

2014 1871 96 23 Refined
2126 1872 54 27 loaf,
2198 1880 40 20 per

1895 1897 2 27 !
2039 1899 23 22 lb
2250 1902 14 20 0
2291 1901 14 20 0
2332 1899 48 26 6}..
2398 1900 13 20 0
2437 1900 13 20 0
2472 1900 12 21 8

2015 1926 96 24 Manilla
2129 1933 40 22 per
2182 1929 50 20 cwt.
2248 1929 14 19 0
2277 1927 27 22 IS
2331 1929 13 19 0
2361 1940 17 7 ..
2396 1927 14 20 2
2436 1927 12 19 0
2471 1928 13 19 0

1905 1953 73 23 Salt:
1994 1953 126 28 Liverpool,
2130 1960 41 20 per
2180 1958 40 18 ton
2229 1970 5 6 .
2249 1954 14 21 5
2291 1954 13 21 5
2331 1955 13 20 0
2361 1953 49 21 ..11
2437 1954 12 20 0
2472 1955 13 19 0

1895 1981 2 27 j
1905 1980 59 22 SoAr
1973 1988 6 14 :
2005 1980 104 22 Hawes's
2131 1980 106 27 London,

2030 2011 86 21 perton
2234 2009 30 17 30
2291 2010 13 18 0
2330 2009 14 18 0
2358 2007 51 19 ..24
2434 2007 14 19 0
2475 2009 10 17 0

2022 2031 120 27 Liverpool
2235 2033 27 19 22
2290 2032 14 19 0
2331 2032 13 19 0
2360 2030 50 21 ..28
2435 2031 13 18 0
2475 2032 9 17 0

1906 2058 103 21 Stauch:
2026 2057 74 23 Perlb.
2251 2058 14 20 0
2293 2058 13 20 0
2334 2057 12 21 7
2363 2070 17 7 ..
2399 2058 12 19 0
2439 2057 9 20 1
2473 2058 11 20 9

1906 2084 142 22 Scantling:
2065 2084 43 22 Per
2115 2085 40 21 100
2164 2084 68 22 feet..
2251 2085 14 21 0
2293 2085 14 20 6
2334 2085 13 20 0
2364 2098 18 6 ..
2401 2085 12 20 0
2439 2084 12 21 8
2476 2085 9 19 0

1907 2111 127 22 Shikoles:
2051 2111 42 21 Per
2100 2112 61 26 1000,
2171 2111 29 22 N.
2210 2111 26 23 Z.
2251 2113 14 19 0
2293 2113 13 20 6
2334 2113 13 19 0
2363 2124 19 7 ..
2400 2113 12 18 0
2427 2111 24 21 10
2476 2113 8 18 0

2036 2138 70 27 Ditto,
2129 2138 28 22 V.
2168 2138 30 22 D.
2210 2139 26 21 L.
2250 2140 14 20 0
2293 2141 14 19 0
2334 2139 13 20 0
2364 2152 17 5 ..
2400 2139 13 20 0
2428 2138 23 21 12
2474 2139 10 20 0

1905 2165 62 22 Tar;
1983 2165 55 22 Coal
2251 2167 11 19 1
2292 2168 13 18 0
2333 2167 12 18 0
2363 2179 19 6 ..
2402 2165 9 20 1
2439 2165 12 20 5
2476 2167 9 19 0

1987 2192 130 22 Stockholm
2253 2193 11 21 I
2281 2193 26 21 10
2334 2193 12 20 0
2363 2206 19 6 ..
2401 2194 12 19 0
2439 2193 12 19 0
2476 2193 9 19 0

1905 2219 62 23 Tea:
1977 2219 81 28 Hyson
2063 2219 56 27 skin,
2126 2226 39 21 per
2175 2219 64 22 chest
2251 2221 15 21 4
2294 2221 13 20 0
2334 2221 13 19 0
2364 2233 17 6 ..
2400 2220 13 20 6
2439 2220 12 20 6
2476 2221 10 18 0

1965 2247 109 26 .Congou
2251 2249 14 20 8
2293 2249 14 19 0
2335 2246 78 22 0..16
2439 2248 12 20 0
2476 2249 10 17 0

1905 2273 105 23 Tobacco
2018 2282 6 14 :
2038 2273 143 28 Negrohead,
2199 2281 40 22 per

2064 2300 31 22 lb.
2107 2301 24 21 in
2148 2300 61 22 bond
2250 2303 15 19 O
2293 2303 14 19 0
2333 2301 48 21 9..
2399 2302 14 19 0
2440 2300 10 21 1
2475 2301 11 20 4

1906 2327 164 23 Turpentine:
2085 2327 43 23 Per
2133 2327 99 28 gallon..
2251 2330 14 20 0
2294 2329 13 21 7
2334 2329 79 20 6.-0
2439 2327 13 21 9
2476 2328 11 20 0

1907 2354 161 22 Whalebone:
2084 2355 43 21 Per
2137 2358 38 18 ton
2185 2369 19 7 ..
2213 2355 68 22 ..100
2295 2357 13 20 0
2335 2357 13 19 0
2364 2355 63 21 ..120
2440 2355 13 21 0
2477 2355 10 20 0

1907 2381 81 22 Wine:
2003 2382 90 27 Sherry,
2104 2388 39 21 per
2152 2382 52 27 pipe
2215 2384 51 20 ..20
2295 2384 12 20 0
2335 2384 13 19 0
2364 2383 50 19 ..40
2440 2382 12 20 0
2477 2382 10 20 0

2015 2409 72 27 Ditto,
2102 2416 41 19 per
2156 2409 82 22 dozen.
2253 2412 14 20 0
2281 2411 27 20 16
2335 2411 14 19 0
2364 2423 20 6 ..
2401 2410 13 19 2
2441 2410 12 19 0
2477 2411 11 17 0

2016 2436 61 27 Port,
2086 2444 40 20 per
2137 2437 49 29 pipe
2213 2438 51 21 ..25
2291 2439 14 19 0
2332 2439 13 19 0
2361 2437 51 21 ..40
2438 2437 13 19 0
2474 2436 11 20 0

2083 2464 98 27 perdoz.
2213 2466 50 20 ..1
2292 2466 13 20 0
2333 2465 12 21 0
2362 2477 18 7 ..
2399 2465 12 19 2
2438 2464 13 19 0
2474 2463 12 20 0

2016 2490 150 29 Champagne,
2181 2490 57 23 ditto
2251 2494 15 19 0
2293 2493 14 20 0
2333 2493 14 19 0
2363 2504 18 7 ..
2400 2491 13 21 0
2440 2491 12 19 C
2476 2490 12 20 0

2016 2518 75 22 Claret
2253 2520 13 20 0
2283 2519 24 21 10
2335 2519 48 20 0..
2402 2519 13 19 0
2441 2518 13 19 0
2478 2518 10 19 0

1908 2545 121 24 PoutiTßv:
2044 2545 79 27 Fowls,
2131 2552 40 21 per
2177 2545 61 28 pair.
2253 2548 14 19 0
2295 2546 13 21 3
2335 2546 13 20 6
2364 2559 20 7 ..
2403 2546 13 19 0
2441 2543 13 21 5
2479 2545 10 19 0

2042 2572 84 27 Ducks,
2138 2572 56 21 ditto
2214 2574 51 19 ..0
2293 2573 13 20 5
2334 2573 13 20 0
2363 2585 20 7 ..
2401 2573 14 19 0
2443 2571 11 20 8
2479 2571 25 19 0.

2044 2599 79 27 Geese,
2134 2599 55 22 each
2213 2613 18 7 ..
2250 2600 14 21 0
2279 2600 26 20 10
2332 2600 13 20 0
2361 2611 19 7 ..
2399 2599 14 21 0
2429 2598 25 20 12
2479 2599 9 18 0

2042 2626 108 27 Turkeys,
2161 2625 56 22 each
2253 2627 9 22 1
2293 2627 14 20 0
2334 2627 50 20 0..
2403 2625 12 21 1
2443 2625 12 21 5
2479 2625 11 19 0

2045 2653 102 26 Pigeons,
2157 2653 80 27 (wild,)

2070 2687 40 21 per
2119 2680 47 28 pair
2252 2682 15 19 0
2294 2682 13 18 0
2335 2680 81 21 0..0
2442 2680 13 20 0
2479 2679 10 19 0

2044 2707 84 27 Ducks,
2137 2707 35 22 do.
2183 2707 53 22 do..
2253 2709 14 20 0
2295 2708 13 19 5
2335 2708 14 19 0
2366 2720 18 6 ..
2403 2708 14 19 0
2443 2707 12 20 0
2479 2706 10 20 0

1909 2736 72 21 Eggs:
1999 2736 44 21 Per
2052 2734 72 22 dozen
2255 2736 14 19 0
2297 2735 12 21 2
2336 2735 14 20 0
2366 2747 19 10 
2403 2735 14 19 0
2443 2734 12 21 3
2479 2733 11 20 0

1910 2763 75 22 Cows:
2001 2762 72 26 Milch
2242 2762 27 21 12
2297 2763 12 20 0
2336 2763 13 19 0
2366 2762 51 20 ..30
2443 2762 12 19 0
2479 2761 10 19 0

1910 2790 83 22 Mares
2001 2797 4 14 :
2022 2789 74 22 Brood
2241 2790 28 20 20
2297 2790 12 19 0
2336 2790 13 19 0
2366 2787 51 22 ..70
2443 2789 13 18 0
2479 2788 11 18 0

1910 2816 116 23 Working
2043 2816 133 22 Bullocks:
2199 2816 43 21 Per

1936 2844 49 27 pair
2242 2844 29 21 30
2298 2844 12 20 0
2337 2844 13 20 0
2367 2842 51 21 ..40
2444 2842 13 21 0
2479 2841 10 19 0

1911 2871 62 22 Hire
1984 2878 26 14 of
2022 2878 67 15 ditto
2096 2878 6 13 :
2119 2870 42 23 Per
2168 2870 52 28 day,
2229 2877 13 15 a

1936 2901 61 19 team
2006 2897 46 22 and
2060 2897 82 22 driver.
2258 2898 9 21 1
2298 2898 12 19 0
2337 2898 14 19 0
2368 2910 18 7 ..
2404 2898 14 20 0
2444 2896 13 20 0
2479 2895 11 20 0

1910 2925 87 22 Sheep:
2014 2924 61 23 Each
2254 2926 15 20 0
2283 2924 26 21 15
2336 2925 14 22 0
2366 2936 19 9 ..
2406 2924 9 22 1
2443 2922 13 22 5
2479 2922 10 20 0

1910 2952 63 22 Boat
1983 2952 74 21 Hire:
2073 2951 43 22 Per
2121 2951 50 30 day,
2178 2951 63 22 with-

2100 2983 40 16 out
2149 2978 73 22 hands
2232 2994 5 5 .
2253 2980 14 19 0
2283 2978 26 21 10
2336 2979 13 20 0
2366 2991 19 6 ..
2406 2978 8 21 1
2444 2978 13 21 0
2479 2976 9 19 0

1909 3006 87 21 Wages
2002 3013 5 14 :
2037 3005 140 27 Mechanics,
2203 3013 39 20 per

2070 3032 44 28 day
2255 3033 14 20 0
2297 3032 13 21 6
2337 3032 13 21 0
2366 3044 20 9 ..
2404 3034 15 20 0
2445 3032 12 21 8
2479 3030 10 19 0

2046 3058 125 24 Labourers
2189 3074 46 7 ....
2253 3060 15 21 0
2295 3060 14 21 3
2335 3060 15 21 0
2365 3072 20 7 ..
2403 3060 15 21 0
2443 3058 13 22 5
2477 3057 11 20 0

2146 3086 124 23 DUTIES.

1910 3114 99 22 British
2020 3114 92 22 Spirits
2326 3114 34 21 4s.
2369 3119 40 22 per
2416 3110 72 30 gallon.

1912 3141 104 23 Foreign
2027 3141 57 22 ditto
2327 3141 31 21 sa.
2369 3147 38 21 per
2414 3138 74 28 gallon.

1911 3169 105 22 Tobacco
2025 3168 179 27 manufactured,
2331 3168 28 20 Is.
2368 3173 40 21 per
2415 3166 31 22 lb.

2024 3195 208 23 Unmanufactured
2326 3193 36 23 t)d.
2373 3201 39 20 per
2420 3192 30 22 lb.

1912 3223 73 22 Snuff
2328 3223 30 21 2s.
2368 3220 76 28 perlb,
2483 3228 8 6 '

1913 3251 86 21 Cigars
2328 3249 31 23 2s.
2369 3247 77 30 perlb.

1913 3277 81 23 Wines
2319 3275 25 21 15
2357 3281 39 21 per
2406 3275 54 20 cent.

1912 3305 55 26 Tea,
1982 3305 85 26 Sugar,
2076 3305 93 25 .Flour,
2187 3303 99 26 Wheat,
2293 3303 11 21 1

1930 3332 46 22 and
1985 3332 65 22 other
2060 3332 84 26 Grain,
2155 3333 13 19 5
2178 3337 40 20 per
2227 3333 58 18 cent.
2298 3326 5 24 1
2366 3348 28 11 va
2393 3337 22 15 r'

1914 3359 37 22 All
1961 3359 62 21 other
2033 3359 104 21 Foreign
2143 3355 143 29 productions
2298 3345 11 46 f
2328 3345 28 18 ad
2366 3345 97 19 valorem
2464 3356 5 7 -

1926 3385 43 23 and
1975 3385 165 23 manufactures
2148 3385 25 19 10
2179 3390 40 20 per
2226 3385 58 19 cent.
2292 3380 12 28 J

2112 3409 188 23 EXCHANGE.

1914 3452 125 24 B«kM>.s
2048 3458 29 16 on
2087 3449 94 25 London
2214 3435 278 58 {»•£££«&•

1914 3493 132 28 OnSydney
2333 3492 72 22 Ditto.

1916 3521 85 22 Private
2012 3519 48 23 bills
2309 3518 112 23 Nominal.

1934 3575 38 16 The
1983 3573 48 17 New
2041 3572 99 18 Zealand
2150 3573 94 17 Gazette
2250 3573 37 16 and
2299 3573 133 17 Wjbi.linotom
2443 3571 50 16 Spsc*

1914 3599 61 13 tatoj»
1982 3595 15 13 '«•
2003 3593 157 22 publishedevery
2167 3594 116 21 Wednesday
2292 3594 37 16 and
2338 3593 94 20 Saturday.
2452 3590 39 18 Sub-

1912 3616 61 21 joined
1979 3620 30 12 u.o
2016 3615 31 15 the
2053 3616 65 14 termi-
2119 3623 23 4 —

1935 3637 62 17 Price
2003 3640 24 12 ot
2034 3639 41 13 tiie
2082 3636 96 17 Pape*.—
2179 3636 56 20 Forty
2239 3634 89 22 shillings
2331 3639 32 17 per
2371 3637 75 16 annum,
2455 3635 37 18 W

1914 3658 39 18 able
1959 3658 19 16 in
1985 3658 89 18 advance;
2085 3661 20 12 or
2112 3656 87 21 sixpence
2206 3657 28 17 for
2239 3656 61 22 single
2311 3656 92 17 numbers.
2431 3667 6 10 x

1935 3678 156 18 Advertisements
2096 3677 40 18 will
2141 3681 33 14 not
2179 3683 67 16 appear
2255 3678 21 16 in
2287 3677 31 19 tbe
2328 3681 78 15 ensuing
2415 3674 72 17 number

1916 3700 15 17 if
1939 3699 81 17 received
2026 3698 48 18 later
2079 3699 45 18 than
2137 3700 20 17 10
2163 3698 75 19 o'clock,
2245 3703 51 14 a.m.,
2302 3703 21 13 on
2332 3698 30 17 the
2369 3696 89 20 mornings
2465 3695 27 15 be-

1915 3722 37 16 fore
1964 3719 119 22 publication.
2104 3720 160 16 Advertisements
2277 3719 68 18 will.be
2356 3717 97 18 continued
2459 3717 32 14 ana

1914 3742 77 20 charged
2001 3740 50 17 until
2059 3741 168 20 counter-ordered;
2239 3741 46 16 such
2291 3740 52 17 order
2349 3740 52 17 must
2404 3740 23 16 be
2433 3737 38 17 sent
2477 3736 16 14 to

1915 3764 30 16 the
1955 3763 53 16 Office
2020 3764 37 14 two
2076 3762 44 20 days
2138 3763 62 16 before
2211 3761 117 22 publication,
2339 3759 37 17 and
2385 3760 51 16 must
2446 3758 19 16 be
2474 3759 17 13 in

1916 3783 76 21 writing.
2015 3782 158 19 Advertisements
2185 3782 84 17 received
2287 3781 53 22 after
2355 3781 22 16 10
2391 3778 67 18 o'clock
2471 3779 21 13 on

1916 3804 81 20 Tuesday
2008 3804 38 16 and
2056 3804 67 21 Friday
2133 3808 96 17 mornings
2239 3803 38 18 will
2287 3803 22 17 be
2318 3801 80 21 charged
2408 3803 50 15 twice
2465 3801 27 14 we

1917 3825 51 18 usual
1974 3826 54 15 rates.
2183 3826 5 4 '
2352 3830 141 17 .;*«,.

1936 3846 30 17 All
1971 3846 68 18 orders,
2049 3845 161 19 advertisements,
2218 3844 39 18 and
2265 3842 164 18 communications
2439 3841 19 16 to
2467 3841 26 14 tß'

1917 3868 68 17 Editor,
1990 3870 31 14 are
2028 3867 96 19 requested
2130 3869 19 14 to
2156 3867 22 16 be
2183 3865 101 18 addressed
2290 3866 18 14 to
2313 3864 39 16 this
2357 3863 63 21 Office.
