2540 3989
698 1030 50 22 The
760 1029 59 23 Rev.
833 1029 51 23 Mr.
896 1029 84 27 Davy,
991 1029 25 23 in
1028 1037 14 15 a
1051 1029 45 23 few
1106 1028 85 26 words,
1204 1028 48 23 also

664 1069 132 30 responded
807 1072 26 20 to
844 1069 43 23 the
898 1072 73 20 toast.

667 514 51 24 sion
739 513 26 24 of
785 513 63 24 their
866 513 108 31 meeting
994 513 92 23 around
1108 513 41 23 the
1170 513 85 23 festive

666 554 74 23 board
750 553 110 31 to-night
878 560 51 16 was
941 560 31 16 an
990 553 135 30 auspicious
1142 560 45 16 one
1195 562 6 17 ;
1203 565 34 5 —
1237 553 26 27 it;

666 601 48 16 was
737 596 25 20 to
784 595 185 21 commemorate
992 592 42 24 the
1053 591 95 32 waving
1167 591 28 24 of
1214 591 47 24 the>

665 633 90 23 banner
766 632 27 23 of
801 631 101 27 Britain,
903 644 35 5 —
938 631 53 23 that
1001 631 92 23 banner
1105 631 78 23 which
1218 631 38 23 for

666 680 14 16 a
691 671 118 24 thousand
819 679 78 24 years,
910 671 48 23 had
970 671 89 24 braved
1070 671 42 23 the
1123 671 73 23 battle
1207 670 49 24 and

665 712 41 24 the
827 724 34 5 —
861 711 26 23 in
906 711 106 24 freedom
1033 718 58 16 over
1108 710 66 24 these
1185 718 68 23 mag-

664 752 96 24 nificent
772 751 103 24 Islands.
910 751 71 31 Long
1000 759 57 23 may
1068 751 19 23 it
1107 751 109 23 continue
1228 754 26 20 to

664 800 74 19 wave,
761 791 48 23 and
828 791 57 31 give
905 795 26 19 to
954 791 66 24 them
1043 791 70 23 those
1134 791 120 30 blessings

666 831 77 23 which
753 831 58 30 they
828 830 49 24 had
889 831 101 31 enjoyed
1000 831 26 23 in
1038 830 63 24 their
1112 830 140 24 fatherland.

666 871 40 23 On
724 870 87 26 .behalf
828 870 27 23 of
873 870 53 24 that
950 870 105 26 Church,
1079 870 28 23 of
1126 870 78 23 which
1223 870 31 23 he

666 918 48 16 was
725 910 42 24 the
786 910 99 24 humble
905 910 194 31 representative,
1112 910 30 23 he
1162 910 94 23 desired

666 953 62 21 most
740 950 116 31 sincerely
867 953 26 20 to
905 950 76 23 thank
992 950 66 23 them
1070 950 38 23 for
1127 950 40 23 the
1178 949 76 23 honor

661 990 52 29 just
724 989 123 24 conferred
859 997 65 22 upon
935 990 20 22 it
955 1002 33 5 —
990 989 113 29 (cheers.)

151 516 169 30 PUBLIC
357 516 188 28 DINNER

56 566 31 24 At
93 563 116 25 Barrett's
216 562 78 27 Hotel,
301 566 22 20 to
331 565 169 21 commemorate
507 562 38 23 the
550 560 90 26 Islands

56 605 27 32 of
94 603 57 25 New
156 602 105 24 Zealand
271 601 65 31 being
343 602 111 22 rendered
459 600 147 33 independent
614 599 31 31 of

216 642 60 23 New
287 641 74 24 South
376 642 85 23 Wales.

96 717 23 23 A
130 715 83 24 dinner
222 714 39 24 for
271 715 47 29 the,
324 715 75 23 above
411 715 80 30 object
501 715 58 23 took
571 713 67 31 place

56 764 29 17 on
102 754 124 31 Thursday
242 754 56 25 last,
320 757 26 21 at
365 754 117 24 Barrett'*
506 753 83 27 Hotel,
613 757 25 20 to

55 796 75 25 which
140 804 15 15 a
165 795 66 31 large
241 799 71 27 party
323 795 28 24 of
364 795 136 31 gentlemen
511 798 38 21 sat
558 794 79 24 down.

56 836 49 25 Col.
114 834 137 27 Wakefield,
259 834 63 27 J.P.,
336 834 116 24 officiated
464 842 26 16 as
501 833 135 28 President;

56 877 27 24 R.
96 875 30 24 D.
139 875 108 26 Hanson,
261 874 68 31 Esq.,
339 873 63 28 J.P.,
410 874 115 24 andGeo.
535 873 102 27 Hunter,

55 915 63 30 Esq.,
126 913 62 26 J.P..
196 912 218 24 Vice-Presidents.
442 913 53 23 Col.
504 913 136 24 Wakefield

55 962 46 16 was
112 952 127 31 supported
251 960 33 15 on
294 952 43 24 the
348 952 66 31 right
426 953 33 31 by
466 953 41 23 the
516 953 62 23 Rev.
588 951 49 25 Mr.

56 995 72 29 Eavy,
148 992 42 23 Dr.
211 992 90 26 Evans,
322 992 62 27 J.P.,
405 992 47 24 and
471 993 42 23 W.
528 993 107 30 Guyton,

57 1034 54 29 Esq.
120 1042 5 17 ;
139 1040 31 15 on
181 1032 42 22 the
233 1031 44 23 left
288 1032 32 31 by
331 1032 42 23 the
384 1032 61 23 Rev.
454 1032 24 23 J.
488 1032 148 27 M'Farlane,

55 1086 30 5 —
96 1072 137 26 M'Donald,
247 1071 68 31 Esq.,
329 1072 48 22 and
386 1072 83 24 James
481 1072 88 26 Smith,
578 1072 57 30 Esq.

56 1113 87 30 (Union
162 1111 89 30 Bank).
265 1135 5 4 ,
288 1111 29 23 In
334 1112 42 22 the
395 1112 65 31 body
473 1112 27 23 of
515 1112 43 23 the
571 1119 66 15 room

55 1161 32 16 we
109 1151 115 24 observed
247 1150 103 31 Captain
374 1150 87 27 Smith,
481 1152 73 26 R.A.,
575 1150 59 24 Sur-

55 1190 187 33 veyor-General,
276 1190 34 22 H.
336 1189 36 24 St.
397 1190 60 26 Hill,
481 1190 69 31 Esq.,
574 1190 63 27 J.P.,

55 1233 88 29 George
159 1230 93 31 Duppa,
273 1230 68 30 Esq.,
360 1229 43 23 W.
418 1230 131 27 Johnston,
564 1229 73 30 Esq.,

55 1272 64 24 M.D.
126 1280 6 18 ;
155 1270 92 31 Majors
268 1269 80 23 Baker
367 1270 47 22 and
438 1270 73 22 Durie
520 1279 6 18 ;
546 1269 42 24 W.
602 1269 31 23 V.

55 1312 95 24 Brewer,
176 1310 30 23 R.
226 1310 30 22 R.
278 1308 91 32 Strang
388 1309 47 23 and
452 1322 35 4 —
510 1309 121 26 Brandon,

55 1352 77 29 Esqs.;
146 1349 26 24 S.
185 1349 104 25 Revans,
303 1348 56 31 Esq.
371 1357 5 18 ;
393 1348 115 31 Captains
528 1348 98 24 Rhodes

55 1392 90 29 Santry.
158 1390 48 23 and
217 1389 105 24 Sinclair
331 1398 6 18 ;
356 1388 102 24 Messrs.
471 1389 87 27 Waitt,
572 1388 65 23 Lud-

55 1432 50 26 lam,
116 1431 80 23 James
209 1429 87 27 Smith,
304 1430 83 31 Tyser,
398 1430 95 26 Hillier,
504 1429 129 24 M'Hattie

55 1472 107 26 Wallace,
174 1470 31 23 R.
218 1470 96 26 Brown,
328 1470 43 23 &c.
384 1470 42 23 &c.
441 1470 42 23 &c.

85 1518 27 23 In
123 1517 40 24 the
174 1517 94 23 mother
287 1520 108 27 country,
413 1524 32 16 on
462 1517 91 23 similar
571 1524 56 15 occa

55 1558 60 23 sions
127 1557 35 23 for
173 1556 123 30 rejoicing,
310 1564 36 15 we
367 1557 61 23 have
448 1555 135 32 frequently
594 1555 48 24 had

55 1598 37 23 the
110 1597 104 30 pleasure
235 1596 26 23 of
287 1597 85 30 seeing
393 1597 42 23 the
459 1596 86 24 festive
567 1596 76 23 board

55 1637 82 31 graced
148 1637 31 30 by
190 1636 41 23 the
246 1644 113 23 presence
380 1636 27 23 of
451 1636 41 23 the
504 1636 72 24 fairer
586 1644 54 22 por-

55 1677 47 23 tion
113 1676 26 23 of
148 1675 102 25 nature's
261 1676 81 31 handy
443 1689 34 4 —
478 1676 71 24 when
558 1675 81 24 beam-

56 1717 40 30 ing
114 1724 53 23 eyes
184 1717 47 23 and
250 1716 107 31 graceful
376 1717 75 23 forms
472 1717 80 23 would
573 1716 68 23 make

56 1756 48 24 c'en
146 1760 63 20 route
226 1756 90 24 marble
506 1757 56 26 We,
574 1755 66 23 how-

57 1804 58 16 ever,
135 1804 58 16 were
215 1797 102 23 doomed
336 1801 24 19 to
379 1797 30 23 be
431 1795 166 32 disappointed
616 1796 24 22 in

56 1836 45 24 this
112 1840 91 27 respect
212 1846 5 17 ;
230 1837 41 23 but
280 1844 61 16 were
350 1837 109 31 gratified
471 1837 25 23 in
506 1844 14 16 a
532 1835 109 31 different

57 1884 93 16 manner
150 1889 33 5 —
183 1877 32 30 by
226 1877 41 23 the
287 1877 108 30 pleasing
414 1876 67 31 sight
499 1875 78 25 which
594 1880 47 18 met

57 1925 40 15 our
108 1917 56 23 view
175 1916 25 23 in
212 1916 40 24 the
264 1916 62 23 form
345 1916 27 23 of
388 1924 14 15 a
420 1917 47 23 fine
488 1917 58 23 bust
557 1915 27 23 of
601 1915 39 23 the

57 1957 112 23 inflexible
181 1956 45 24 and
237 1956 111 31 patriotic
355 1957 87 23 author
450 1957 26 23 of
485 1957 42 23 the
536 1959 105 28 greatest

57 1999 84 26 pystem
153 1995 26 23 of
195 1995 98 23 modern
306 2003 28 15 or
344 1995 95 23 ancient
451 1994 158 24 colonization
610 2007 30 4 —

58 2034 27 23 E.
109 2034 29 23 G.
162 2034 141 26 Wakefield,
326 2034 58 30 Esq.
431 2034 51 24 The
507 2035 56 23 bust
593 2041 48 15 was

58 2074 107 22 mounted
177 2081 31 15 on
228 2081 14 15 a
261 2074 109 30 pedestal
388 2074 160 31 immediately
561 2073 79 30 facing

58 2114 38 23 the
107 2114 88 30 gallant
208 2114 99 22 Colonel
316 2122 5 18 ;
341 2114 47 23 and
398 2114 42 23 the
459 2114 89 23 tribute
567 2117 26 19 to
605 2113 37 23 his

59 2154 103 25 services,
176 2153 54 32 paid
247 2154 25 22 in
293 2161 27 15 so
339 2154 99 23 delicate
459 2154 46 23 and
525 2153 88 30 feeling
628 2161 15 15 a

59 2202 99 18 manner,
174 2198 63 19 must
257 2194 61 24 have
336 2195 61 23 been
416 2195 83 30 highly
511 2194 132 31 gratifying

59 2237 23 19 to
94 2234 54 22 him.

90 2279 48 24 The
150 2280 62 23 cloth
223 2281 74 31 being
316 2281 121 26 removed,
450 2281 48 24 and
509 2288 72 24 grace
593 2280 50 23 said

59 2320 30 30 by
101 2320 38 23 the
151 2320 57 23 Rev.
221 2321 49 23 Mr.
284 2321 76 29 Davy,
362 2335 34 3 —

90 2366 48 24 The
157 2366 145 24 President
318 2376 61 18 rose,
399 2368 48 23 and
466 2367 99 24 entered
591 2366 50 24 into

61 2414 14 15 a
83 2406 61 23 brief
156 2406 89 31 history
257 2407 27 22 of
301 2407 40 23 the
360 2408 158 23 colonization
534 2406 28 25 of
582 2406 61 23 New

60 2445 98 24 Zealand
178 2446 67 23 down
265 2451 25 18 to
311 2446 42 24 the
373 2452 97 25 present
489 2448 66 25 tims,
574 2446 71 23 when

60 2484 39 23 her
111 2486 100 31 Majesty
224 2486 47 24 had
283 2488 157 22 commanded
452 2487 63 23 them
529 2491 26 19 to
569 2486 31 23 be
614 2494 31 16 no

59 2524 80 32 longer
157 2526 132 30 dependent
309 2535 30 15 o.i
368 2527 58 23 New
452 2526 89 24 South-
551 2526 93 23 Wales-

63 2564 119 24 Gri.ti'ude
196 2566 75 25 elonc,
289 2566 127 28 therefore,
429 2567 21 23 if
464 2572 43 18 not
524 2567 41 23 the
578 2573 59 16 usua

59 2608 94 24 custom,
165 2605 77 24 would
259 2609 96 28 prompt
366 2607 66 23 them
450 2611 25 19 to
494 2610 64 20 toast
595 2605 41 24 the

199 2646 14 22 3
225 2646 58 23 time
295 2647 23 25 3,
356 2646 44 24 and
410 2655 46 15 one
468 2646 71 24 chear
549 2645 82 27 more,'

61 2683 93 24 Co'onel
164 2684 132 25 Wakefitld
308 2686 84 31 giving
404 2686 41 24 the
484 2686 54 31 hips

90 2723 48 24 The
157 2724 144 25 President
322 2726 69 30 again
405 2734 61 18 rose,
480 2726 49 23 and
550 2724 94 32 hoping

61 2762 49 23 that
121 2763 39 23 the
172 2764 58 23 littli
241 2765 56 31 lady
309 2766 79 30 might
405 2768 43 21 not
459 2766 30 23 be
501 2766 42 23 the
559 2764 47 23 last
618 2764 27 23 of

61 2802 40 23 her
111 2803 85 31 family,
205 2812 60 22 gave
278 2808 40 21 tne
328 2805 82 24 health
420 2806 27 23 of
532 2804 110 24 Princess

190 2845 15 22 3
225 2844 69 24 times
313 2846 23 22 3.
357 2845 83 31 Major
457 2845 79 23 Baker
557 2844 87 31 giving

63 2881 38 24 the

93 2922 48 24 The
160 2924 144 24 President
317 2925 59 27 said,
389 2926 53 23 that
453 2925 41 24 the
507 2928 58 21 next
581 2928 63 19 toast

66 2969 45 16 was
123 2970 26 16 so
168 2964 131 31 intimately
318 2965 131 24 connected
468 2965 57 24 with
543 2964 41 24 the
596 2968 48 19 two

62 3001 50 27 last,
125 3003 50 24 that
192 3004 29 23 he
234 3005 85 23 should
342 3005 60 24 have
414 3010 69 26 great
499 3005 109 31 pleasure
619 3004 25 22 in

62 3043 123 31 proposing
195 3044 40 24 the
253 3045 83 23 health
348 3045 28 23 of
414 3045 44 23 His
471 3045 78 29 Royal
564 3044 78 30 High-

63 3089 51 16 ness
134 3083 78 24 Prince
380 3086 13 21 3
407 3084 70 23 times
499 3085 23 26 3,
537 3083 103 31 Captain

64 3119 74 25 Smith
150 3123 81 31 giving
241 3124 42 23 the

120 3162 49 23 The
184 3163 82 28 Queen
284 3163 126 31 Dowager,
429 3164 48 23 and
494 3168 49 20 rest
560 3163 28 23 of
603 3163 41 23 the

64 3199 70 32 Royal
151 3201 113 32 Family,''
280 3211 49 15 was
350 3203 57 24 then
429 3204 71 30 given
517 3204 64 23 from
601 3202 44 23 the

65 3239 76 28 Chair,
153 3243 61 22 amid
226 3243 89 24 cheers.

94 3280 49 24 The
164 3281 143 25 President
327 3283 52 24 said
396 3284 61 26 that,
471 3283 131 33 supported
618 3290 26 16 as

64 3319 7 22 1
80 3327 12 15 c
106 3328 51 19 was,
170 3321 29 24 he
218 3323 69 23 could
306 3327 44 20 not
361 3324 30 23 do
412 3324 80 23 better
510 3324 61 23 than
590 3323 55 31 give

293 3365 15 21 3
317 3364 71 23 times
400 3365 24 22 3.

94 3399 49 25 The
155 3401 57 24 Rev.
225 3403 48 23 Mr.
287 3403 162 24 M'Farlane
461 3411 54 16 rose
527 3406 25 21 to
564 3406 81 20 return

63 3438 91 26 thanks.
189 3441 38 24 He
238 3443 139 24 considered
388 3443 19 24 it
419 3451 45 16 one
477 3443 26 24 of
521 3443 42 24 the
583 3445 63 20 most

64 3477 124 31 important
198 3484 63 28 steps
273 3482 26 23 in
311 3482 41 24 the
363 3483 159 24 colonization
535 3481 27 25 of
579 3481 67 24 these

65 3516 97 28 Islands,
174 3520 50 24 that
235 3521 61 24 from
308 3522 42 23 the
367 3526 76 23 onset,
456 3530 14 15 a
488 3522 114 23 Minister
621 3520 27 24 of

64 3556 39 24 the
115 3558 87 31 Gospel
212 3559 46 25 had
269 3561 60 24 been
342 3565 53 20 sent
407 3561 61 24 from
489 3561 41 24 the
550 3559 97 25 Church

65 3596 25 22 of
100 3596 109 26 Scotland
220 3604 24 18 to
256 3601 72 30 guide
339 3601 42 23 the
391 3601 84 31 paople
497 3601 25 23 in
537 3600 41 24 the
590 3599 57 30 path

65 3635 25 23 of
99 3638 71 23 truth.
196 3639 22 23 If
227 3639 29 25 he
270 3640 45 24 had
327 3645 43 19 not
381 3641 57 24 read
450 3641 91 30 history
554 3647 92 23 wrong,

66 3678 24 19 at
106 3683 30 16 no
154 3677 86 25 distant
260 3680 90 30 period,
370 3681 42 23 she
432 3688 49 16 was
500 3678 111 26 destined
621 3682 26 19 to

66 3715 57 30 wipe
134 3725 63 24 away
205 3718 40 24 the
257 3719 58 24 dark
327 3720 47 24 an;l
386 3720 49 24 foul
447 3719 51 24 blot
510 3718 79 25 which
600 3718 48 23 had

66 3754 87 25 stained
164 3757 41 23 her
216 3758 99 32 history.
349 3759 50 25 The
409 3759 153 24 information
570 3758 78 23 which

67 3792 28 25 he
114 3794 45 25 had
178 3798 105 24 received
301 3799 60 23 from
375 3799 121 27 Scotland,
510 3798 138 24 authorised

66 3832 47 25 him
124 3838 24 20 to
160 3839 59 21 state
230 3838 53 23 that
294 3838 43 24 she
357 3839 58 23 took
435 3846 15 16 a
460 3846 74 16 warm
550 3838 98 23 interest

67 3871 24 24 iv
112 3873 39 25 the
172 3877 132 32 prosperity
325 3878 28 24 of
374 3878 67 24 these
473 3878 104 25 Islands,
600 3876 48 25 and

67 3909 74 33 hoped
151 3917 25 20 to
187 3919 107 23 promote
303 3917 62 24 their
377 3917 103 24 welfare.
513 3917 53 24 The
577 3923 68 16 occa-

1280 511 84 23 annals
1376 511 27 23 of
1412 511 39 23 the
1463 513 63 21 most
1547 510 143 24 short-lived
1700 510 104 30 republic
1815 510 53 24 that

1280 558 56 16 ever
1347 551 92 23 existed
1449 560 5 17 ;
1467 550 59 31 they
1536 550 55 27 had,
1604 550 102 31 literally
1716 550 47 23 and
1774 550 25 22 in
1811 550 56 26 fact,

1366 591 32 30 by
1417 590 31 24 its
1472 590 85 26 cradle,
1574 590 111 23 followed
1703 590 31 23 its

1280 628 87 25 Suffice
1378 630 20 23 it
1410 633 25 20 to
1446 637 50 24 say,
1509 630 53 23 that
1583 630 19 22 it
1612 637 51 15 was
1677 629 128 23 conceived
1816 628 25 23 in
1853 637 15 15 a

1279 673 107 20 moment
1395 670 27 23 of
1431 670 122 30 difficulty,
1563 670 47 23 and
1621 669 49 24 had
1677 669 60 31 fully
1746 668 122 24 answered

1279 709 31 23 its
1329 717 104 23 purpose
1433 722 33 5 —
1468 710 113 29 (cheers.)
1623 708 125 31 Although
1767 708 31 24 he
1811 715 56 16 con-

1279 748 94 24 sidered
1383 750 19 22 it
1421 750 115 30 impolitic
1555 752 26 20 to
1601 749 65 23 force
1686 749 84 30 theory
1789 751 26 20 to
1826 748 42 23 the

1275 791 95 21 ■utmost
1389 792 90 24 extent,
1491 791 40 28 yet
1549 788 41 24 the
1609 791 64 21 most
1692 788 105 23 eminent
1813 795 55 16 men

1273 828 53 25 ,'had
1338 828 184 31 acknowledged
1533 828 52 23 that
1606 828 41 23 the
1667 827 120 24 Colonists
1799 826 70 24 acted

1277 868 96 30 legally.
1416 866 71 24 Their
1503 867 162 31 proceedings-
1678 862 27 27 in*
1785 866 84 23 earlier

1279 911 81 27 stages
1372 906 26 24 of
1414 907 41 23 the
1475 906 92 32 Colony
1579 906 49 24 had
1647 906 88 31 gained
1752 906 67 23 them
1830 908 37 21 at-

1278 946 93 23 tention
1390 946 48 24 and
1454 950 94 27 respect
1568 946 25 23 in
1612 946 121 30 England,
1745 945 48 23 and
1812 945 56 31 they

1279 993 62 16 were
1352 994 55 15 now
1416 989 48 20 met
1475 989 26 20 to
1513 989 183 20 commemorate
1709 985 40 24 the
1761 985 74 23 result
1835 997 35 5 —

1280 1025 113 29 (cheers.)
1446 1025 40 24 He
1513 1033 49 16 was
1592 1026 65 30 quite
1679 1033 54 16 sure
1756 1025 53 22 that
1830 1024 39 23 his

1279 1065 95 24 learned
1397 1066 83 26 friend,
1505 1065 48 24 Mr.
1576 1065 110 26 Hanson,
1710 1065 25 22 in
1759 1071 110 16 common

1280 1105 58 23 with
1348 1105 102 27 himself,
1464 1113 49 16 was
1529 1105 99 31 looking
1638 1104 103 24 forward
1752 1107 26 20 to
1789 1104 79 23 better

1271 1145 78 23 »times
1359 1155 5 17 ;
1383 1145 59 24 such
1453 1153 26 15 as
1499 1145 67 24 vhen
1587 1145 57 30 they
1656 1143 85 24 should
1756 1144 61 23 have
1828 1143 42 23 the

1275 1182 81 27 ionor
1368 1185 27 23 of
1412 1185 140 31 addressing
1569 1192 73 23 many
1654 1185 35 22 of'
1696 1184 69 23 those
1778 1184 92 23 around

1273 1223 73 24 4hem
1370 1232 27 15 as
1435 1225 134 30 gentlemen
1583 1225 24 22 of
1618 1224 42 23 the
1795 1230 73 16 mem-

1279 1264 56 23 bers
1356 1264 27 23 of
1400 1264 41 23 the
1588 1276 35 4 —
1624 1271 27 16 or
1695 1266 63 20 most
1778 1265 90 27 potent,

1276 1305 86 29 'grave,
1374 1304 48 22 and
1433 1303 114 24 reverend
1555 1303 103 30 signiors
1682 1315 35 4 —
1718 1302 93 30 (cheers
1823 1301 47 23 and

1282 1343 129 30 laughter.)
1452 1343 75 30 They,
1549 1342 119 24 however,
1681 1341 86 23 should
1785 1341 86 23 render

1307 1383 88 23 tribute
1406 1386 25 19 to
1450 1382 79 23 whom
1550 1382 89 23 tribute
1659 1381 20 24 is
1774 1380 47 24 and
1840 1381 31 23 he

1280 1421 82 24 •would
1378 1421 68 31 point
1457 1425 26 19 to
1503 1428 45 16 one
1568 1421 79 23 whose
1668 1421 71 30 effigy
1750 1427 49 17 wns
1816 1427 55 15 now

1279 1459 85 28 Jbefore
1380 1461 52 23 him
1432 1474 33 4 —
1466 1468 45 16 one
1532 1463 26 21 to
1578 1460 81 23 whom
1680 1460 43 24 the
1746 1459 125 31 Company

1279 1508 66 19 .were
1373 1508 26 16 so
1426 1500 111 24 indebted
1568 1500 39 23 for
1640 1507 93 16 success
1734 1513 33 4 —
1768 1499 103 23 Edward

1286 1540 95 24 Gibbon
1414 1540 133 24 Wakefield
1547 1553 34 4 —
1582 1540 114 29 (cheers.)
1751 1540 39 23 rie
1823 1539 49 23 had

1285 1580 72 24 heard
1368 1581 53 23 that
1432 1580 40 24 the
1484 1580 120 23 Directors
1625 1583 24 19 at
1661 1587 44 15 one
1717 1579 56 23 time
1785 1579 87 23 almost

1286 1620 121 30 despaired
1419 1620 27 22 of
1454 1627 94 15 success
1557 1628 5 17 ;
1575 1620 45 22 but
1631 1619 38 23 his
1681 1627 71 15 never
1762 1618 110 31 flagging

1284 1660 57 26 zeal,
1355 1660 47 23 and
1413 1660 41 22 the
1471 1660 106 30 untiring
1590 1667 89 23 energy
1691 1659 27 23 of
1734 1659 38 23 his
1783 1661 89 20 master

1284 1700 64 22 mind
1360 1700 47 23 had
1418 1700 38 22 led
1467 1699 66 23 them
1543 1707 31 15 on
1583 1703 25 19 to
1615 1698 105 31 triumph
1721 1711 33 4 —
1757 1698 112 29 (cheers.)

1285 1738 21 24 It
1319 1747 48 15 was
1379 1747 15 15 a
1404 1738 146 24 remarkable
1561 1739 50 23 fact
1622 1739 53 23 that
1695 1738 67 24 there
1778 1741 54 20 was*
1839 1746 32 14 no

1285 1783 77 19 contre
1379 1783 71 27 temps
1451 1792 33 5 —
1485 1787 30 15 no
1536 1779 155 30 discordancy
1704 1778 107 24 between
1829 1777 43 23 the

1287 1819 117 23 Directors
1416 1820 24 22 in
1452 1819 101 23 London
1566 1819 48 23 and
1632 1818 41 23 the
1689 1818 92 23 settlers
1794 1818 23 23 in
1829 1817 43 23 the

1285 1858 91 31 Colon}'
1376 1872 34 4 —
1412 1859 86 30 (hear.)
1534 1858 82 23 While
1635 1858 48 23 this
1703 1858 64 31 good
1783 1857 89 30 feeling

1284 1898 98 26 existed,
1395 1898 40 24 the
1447 1898 93 31 Colony
1547 1898 74 23 could-
1630 1902 41 19 not
1682 1898 42 23 fail
1732 1901 24 19 to
1763 1904 107 23 prosper.

1285 1938 60 26 (The
1364 1938 96 23 learned
1477 1938 43 23 Dr.
1540 1937 111 24 resumed
1672 1937 38 23 his
1734 1940 51 19 seat
1808 1936 64 24 amid

1282 1977 57 23 loud
1350 1977 102 29 cheers.)

1312 2016 34 23 •R.
1370 2016 31 23 D.
1435 2016 118 26 Hanson,
1578 2016 68 31 Esq.,
1669 2015 24 24 J.
1717 2016 36 26 P,
1784 2015 86 31 briefly

1284 2056 73 30 spoke
1369 2059 25 20 to
1406 2056 40 24 the
1457 2060 73 20 toast.

1413 2096 75 23 Court
1508 2096 26 23 of
1555 2096 122 23 Directors
1697 2096 27 23 of
1743 2096 42 23 the
1807 2094 64 24 New

1282 2136 105 23 Zealand
1408 2136 123 32 Company
1571 2143 50 16 was
1640 2136 58 23 then
1719 2135 75 24 drank
1813 2135 59 22 with

1284 2176 12 23 3
1311 2176 69 23 times
1394 2178 23 21 3.

1315 2223 52 23 The
1387 2224 148 22 President
1555 2223 52 23 said
1625 2223 31 23 he
1667 2222 79 24 would
1763 2225 68 23 state,
1845 2229 27 15 as

1284 2263 34 23 far
1329 2271 26 15 as
1375 2263 38 23 his
1425 2263 135 24 conviction
1579 2267 71 22 went,
1665 2263 52 23 that
1729 2262 40 24 the
1787 2262 83 24 Direc-

1284 2307 48 19 tors
1355 2311 62 15 were
1441 2303 97 24 entitled
1561 2307 26 19 to
1611 2303 41 23 rhe
1675 2302 90 24 thanks
1783 2302 28 23 of
1830 2302 42 22 the

1285 2342 121 24 Colonists
1408 2356 32 4 —
1442 2343 85 30 (hear.)
1562 2343 51 23 The
1622 2342 131 31 Company,
1764 2342 24 23 in
1801 2349 71 23 every

1284 2383 113 26 instance,
1411 2383 47 24 had
1479 2383 144 30 anticipated
1644 2382 63 24 their
1719 2386 82 22 wants,
1816 2382 54 26 and,

1285 2422 83 24 fearful
1386 2423 42 23 the
1447 2422 120 24 Colonists
1581 2422 77 31 might
1675 2422 73 23 suffer
1759 2422 112 22 inconve-

1285 2463 102 26 niences,
1406 2463 47 23 had
1468 2466 54 20 sent
1537 2462 134 30 provisions
1689 2462 38 22 for
1743 2461 61 23 their
1822 2469 49 15 use.

1285 2502 67 30 They
1367 2502 47 23 had
1430 2502 49 23 also
1500 2501 144 30 anticipated
1663 2500 62 24 their
1742 2500 76 24 desire
1835 2500 39 24 for

1286 2542 39 23 the
1337 2542 71 23 latest
1418 2542 148 31 intelligence
1577 2549 25 15 as
1614 2544 26 20 to
1652 2540 62 24 their
1726 2543 146 20 movements

1286 2583 24 23 in
1333 2583 118 31 England,
1475 2583 33 30 by
1530 2582 158 30 despatching
1710 2580 47 24 fast
1786 2580 88 31 sailing

1287 2623 95 24 vessels.
1418 2622 76 24 These
1515 2625 50 21 acts
1585 2622 110 30 conspire
1711 2624 25 20 to
1754 2620 67 24 show
1832 2620 42 24 the

1287 2663 58 31 deep
1362 2663 98 23 interest
1478 2662 77 23 which
1573 2662 41 22 the
1635 2661 121 23 Directors
1774 2660 58 23 took
1849 2660 25 23 in

1286 2702 40 24 the
1345 2702 97 24 welfare
1461 2702 28 23 of
1509 2701 62 23 their
1588 2700 145 24 settlement.
1776 2699 39 25 He
1831 2700 44 23 felt

1286 2742 130 31 persuaded
1433 2742 30 23 he
1482 2749 47 15 was
1547 2741 57 30 only
1616 2740 106 30 uttering
1739 2739 41 24 the
1799 2739 74 24 senti-

1286 2786 76 20 ments
1374 2782 27 24 of
1410 2782 37 23 his
1459 2782 142 30 employers,
1621 2781 70 23 when
1708 2780 30 23 he
1752 2780 52 23 said
1822 2779 53 24 that

1286 2823 39 23 the
1338 2823 128 26 Directors,
1479 2829 26 15 as
1517 2822 36 22 far
1564 2829 26 15 as
1602 2820 63 24 their
1674 2820 116 23 influence
1801 2822 73 23 went,

1286 2862 78 24 would
1375 2864 99 29 prevent
1486 2861 40 23 the
1546 2860 95 24 settlers
1660 2860 73 30 being
1745 2858 130 25 defrauded

1287 2903 25 23 of
1329 2903 63 23 their
1414 2902 87 31 rights.
1535 2901 127 30 Although
1684 2900 31 23 he
1736 2900 64 28 (Col.
1820 2899 55 27 W.)

1287 2950 49 16 was
1357 2942 133 24 instructed
1501 2945 25 20 to
1539 2941 76 23 afford
1627 2947 71 23 every
1708 2939 130 24 assistance
1849 2942 26 19 to

1286 2984 36 22 his
1335 2983 143 30 Excellency
1490 2982 102 31 Captain
1604 2981 110 25 Hobson,
1727 2979 58 24 with
1797 2979 78 24 which

1286 3023 141 23 instruction
1438 3022 30 24 he
1479 3022 49 23 had
1546 3022 88 29 always
1652 3020 62 24 been
1731 3019 99 24 anxious
1848 3022 26 19 to

1287 3062 99 31 comply,
1406 3062 31 23 he
1455 3061 79 23 would
1556 3059 116 25 distincth
1697 3062 69 22 state,
1787 3058 52 23 that
1856 3057 19 24 if

1287 3111 45 21 any
1341 3105 38 21 act
1392 3102 26 23 of
1428 3102 36 22 his
1481 3100 144 30 Excellency
1636 3099 48 24 had
1696 3107 14 15 a
1720 3098 118 31 tendency
1849 3101 26 20 to

1287 3142 99 23 militate
1404 3141 97 31 against'
1515 3140 40 24 the
1574 3140 112 23 interests
1698 3138 28 23 of
1741 3138 48 23 this
1807 3145 65 16 com-

1287 3182 99 31 munity,
1397 3182 30 23 he
1437 3181 77 23 would
1526 3180 59 23 offer
1597 3183 25 20 to
1639 3178 20 24 it
1670 3178 76 25 active
1758 3178 115 23 constitu-

1287 3222 74 23 tional
1383 3221 129 23 resistance
1512 3233 33 4 —
1548 3219 101 29 (cheers.
1653 3218 2 5 1
1655 3220 7 26 )
1707 3217 39 24 He
1769 3215 106 25 thanked

1288 3262 40 23 the
1341 3269 116 23 company
1468 3260 39 24 for
1525 3260 41 23 the
1587 3258 154 30 compliment
1759 3257 57 31 they
1827 3256 48 23 had

1289 3302 55 30 paid
1355 3302 41 22 the
1408 3300 128 26 Directors,
1550 3298 47 25 and
1609 3298 80 23 would
1700 3297 54 23 take
1770 3304 29 15 an
1813 3296 62 30 early

1290 3341 152 32 oppoitunity
1450 3340 27 25 of
1487 3340 98 30 making
1596 3339 67 23 them
1670 3337 140 32 acquainted
1820 3336 55 23 with

1267 3384 2 5 '
1291 3382 17 23 it
1308 3395 32 4 —
1345 3381 113 29 (cheers.)

1324 3428 108 23 George
1453 3427 119 25 Hunter,
1596 3425 69 30 Esq.,
1685 3423 62 26 J.P.,
1766 3422 49 24 had
1837 3422 38 24 the

1291 3470 93 22 honour
1395 3471 25 20 to
1432 3473 102 25 propose
1547 3473 14 15 a
1580 3467 66 21 toast
1663 3462 77 24 which
1751 3470 70 23 every
1834 3469 41 16 one

1267 3514 2 12 !
1292 3507 77 25 would
1378 3506 104 31 respond
1489 3510 25 19 to
1522 3504 59 24 with
1588 3504 42 23 the
1639 3505 103 29 greatest
1750 3500 125 32 cordiality.

1278 3545 2 17 '
1294 3547 37 25 He
1343 3547 48 24 had
1401 3546 79 31 hoped
1492 3549 25 19 to
1528 3545 61 23 have
1600 3544 49 23 had
1665 3543 40 23 the
1717 3542 127 30 happiness
1856 3540 19 24 of

1267 3599 2 10 :
1293 3587 94 32 uniting
1398 3587 19 23 it
1429 3586 57 23 with
1507 3585 41 23 the
1567 3584 120 23 Directors
1700 3585 25 20 at
1735 3582 79 24 honie,
1826 3580 49 23 who

1279 3625 2 16 1
1292 3628 48 24 had
1356 3627 87 31 fought
1460 3625 41 23 the
1519 3624 64 31 good
1600 3623 63 31 fight
1683 3630 27 15 so
1722 3622 60 25 weil,
1795 3622 44 23 but
1850 3620 25 23 he

1293 3667 48 24 had
1351 3667 61 23 been
1430 3664 151 31 anticipated.
1616 3662 78 30 Every
1707 3669 45 16 one
1765 3660 53 23 who
1833 3660 42 23 had

1267 3718 2 3 •
1293 3706 116 25 observed
1420 3705 40 24 the
1472 3707 82 21 events
1566 3702 26 24 of
1600 3702 41 24 the
1652 3702 46 23 last
1710 3705 48 20 two
1775 3699 100 26 months,

1268 3749 2 12 '
1293 3751 64 20 must
1371 3746 42 24 feel
1423 3745 53 23 that
1487 3743 89 24 thanks
1589 3749 61 16 were
1660 3741 45 24 due
1717 3744 24 20 to
1753 3740 42 24 the
1809 3739 66 24 Com-

1267 3790 2 23 [
1294 3795 62 24 pany
1369 3787 37 23 for
1416 3786 40 22 the
1473 3784 117 31 vigilance
1604 3781 58 24 with
1673 3780 78 23 which
1764 3779 57 31 they
1832 3779 43 23 had

1293 3826 106 33 guarded
1411 3824 61 24 their
1484 3822 104 24 welfare.
1623 3820 36 23 To
1679 3819 99 24 Colonel
1788 3817 87 25 Wake-

1279 3876 3 5 •
1293 3866 62 27 field,
1369 3866 58 26 also,
1439 3866 64 21 must
1514 3863 35 30 be,
1562 3860 108 25 ascribed
1687 3867 15 16 a
1714 3862 67 28 great
1794 3857 52 25 deal
1857 3858 18 23 of

1267 3921 2 7 .
1293 3907 42 25 the
1354 3910 93 20 success
1459 3902 79 26 which
1557 3900 50 26 had
1627 3899 109 26 followed
1755 3897 64 25 their
1837 3905 38 16 ex-

697 1108 50 24 The
754 1108 145 24 President
910 1109 51 23 suid
970 1109 53 23 that
1030 1109 57 30 they
1093 1108 49 23 had
1150 1108 104 23 hitherto

664 1148 112 23 laboured
795 1148 78 23 under
890 1148 41 24 the
953 1148 172 30 disadvantage
1143 1148 26 23 of
1183 1147 78 31 being-

666 1188 132 30 dependent
820 1195 32 16 on
876 1188 62 23 New
962 1188 78 23 South
1063 1188 90 23 Wales.
1204 1187 52 23 The

666 1236 73 15 warm
762 1228 100 23 interest
884 1228 79 23 which
990 1228 38 23 his
1052 1228 143 30 Excellency
1217 1226 39 24 Sir

668 1268 94 30 George
783 1268 76 30 Gipps
884 1268 47 23 had
955 1268 89 31 always
1068 1268 141 23 maniested
1231 1268 23 23 in

668 1308 46 23 this
724 1308 143 26 settlement,
882 1308 75 23 called
970 1308 65 23 forth
1045 1308 64 23 their
1120 1308 119 30 gratitude
1249 1317 5 17 ;

668 1348 43 22 but
721 1347 152 31 considering
884 1347 41 23 the
938 1347 106 24 distance
1063 1351 25 19 at
1106 1347 77 23 which
1200 1347 57 31 they

670 1394 59 15 were
742 1386 102 23 situated
855 1387 62 22 from
927 1386 54 24 that
994 1386 171 27 Government,
1178 1386 19 23 it
1209 1394 49 15 was

670 1427 41 24 but
723 1435 31 15 an
765 1430 39 20 act
815 1427 27 23 of
856 1427 88 31 justice
956 1430 25 20 to
1000 1426 65 24 New
1082 1426 112 27 Zealand,
1207 1426 52 23 that

671 1474 13 16 a
708 1466 133 30 separation
860 1466 88 23 should
964 1466 56 24 take
1040 1466 75 30 place.
1159 1465 38 24 He
1216 1466 42 23 be-

669 1506 84 24 lieved,
765 1506 101 23 without
884 1506 85 30 taking
986 1513 47 24 any
1044 1506 127 30 particular
1190 1506 70 23 merit

670 1550 25 19 to
706 1546 38 23 his
756 1546 132 32 employers
889 1559 33 4 —
922 1546 42 23 the
976 1546 121 23 Directors
1110 1546 26 23 of
1144 1546 41 23 the
1198 1546 61 23 New

670 1586 103 23 Zealand
788 1585 133 31 Company,
922 1599 35 3 —
959 1585 17 24 it
995 1593 49 16 was
1063 1590 25 19 to
1107 1586 61 23 their
1185 1586 72 30 judg-

670 1630 63 19 ment
748 1625 52 24 that
819 1626 59 30 they
889 1626 69 23 owed
976 1625 40 24 the
1036 1630 66 26 steps
1123 1625 76 24 which
1211 1625 47 23 had

666 1665 38 24 lad
724 1670 25 19 to
769 1665 47 24 this
838 1666 79 30 happy
934 1666 84 23 result.
1061 1665 54 24 Col.
1136 1665 40 24 \V.
1199 1665 57 24 then

669 1706 55 23 read
735 1713 30 16 aa
777 1709 95 20 extract
882 1705 63 24 from
957 1713 45 16 one
1014 1706 28 23 of
1056 1705 41 24 the
1110 1705 146 31 despatches,

668 1745 89 31 setting
767 1745 65 23 forth
842 1745 42 24 the
896 1746 127 30 principles
1036 1745 48 24 and
1100 1752 122 16 measures
1232 1748 26 19 to

668 1785 29 23 be
710 1785 136 24 introduced
868 1786 38 23 for
917 1786 41 23 the
977 1785 163 24 Government
1152 1786 26 23 of
1196 1785 62 23 New

669 1825 110 26 Zealand,
793 1825 46 23 and
852 1825 131 24 concluded
992 1826 33 30 by
1034 1825 84 31 giving
1126 1825 40 23 the
1177 1825 79 23 health

668 1864 26 23 of
815 1864 66 23 John
894 1865 103 26 Russell,
1018 1865 48 22 and
1077 1865 43 22 her
1132 1864 126 31 Majesty's

858 1905 15 22 3
893 1904 71 23 times
986 1905 23 25 3,
1032 1904 56 23 loud
1109 1904 90 25 chpers,
1211 1904 47 23 and

670 1947 13 8 '•
695 1952 44 15 one
751 1944 69 23 cheer

701 1990 106 23 George
826 1990 120 26 Hunter,
967 1990 68 31 Esq..
1055 1990 67 26 J.P.,
1140 1990 86 24 craved
1244 1999 14 14 a

668 2030 105 30 bumper,
786 2030 47 23 and
845 2030 53 23 said
917 2030 30 23 he
960 2030 41 23 felt
1021 2030 41 23 the
1080 2030 177 31 responsibility

669 2069 22 23 in
711 2069 75 31 rising
803 2072 25 20 to
841 2069 99 24 address
960 2070 66 23 them
1039 2078 31 15 on
1087 2070 42 23 the
1146 2070 111 23 occasion

670 2108 26 24 of
704 2109 41 23 the
757 2108 149 32 recognition
924 2109 28 23 of
966 2109 69 23 these
1054 2109 95 24 Islands
1167 2110 33 30 by
1216 2110 42 23 the

671 2148 87 23 British
778 2148 173 24 Government.
989 2149 72 23 From
1079 2149 42 24 the
1137 2150 53 23 first
1200 2150 57 30 they

670 2188 144 24 maintained
837 2196 31 15 an
891 2188 162 31 independent
1073 2189 112 30 position,
1209 2189 47 23 and

670 2228 55 30 they
738 2235 54 16 now
810 2228 92 23 formed
920 2236 16 15 a
955 2228 96 31 portion
1064 2228 26 23 of
1106 2228 51 23 that
1168 2228 89 31 empire

671 2268 76 23 which
767 2268 92 23 outvies
878 2268 33 23 all
929 2268 79 24 Greek
1026 2276 27 16 or
1072 2268 93 23 Roman
1185 2268 70 23 fame.

670 2308 65 31 They
746 2308 47 23 had
814 2308 61 24 been
886 2308 51 24 told
950 2308 75 24 Great
1042 2308 94 23 Britain
1150 2316 48 16 was
1216 2308 40 23 the

670 2348 63 23 lever
751 2348 25 23 of
793 2348 40 23 the
854 2348 90 27 world;
970 2356 49 15 was
1039 2352 44 20 not
1111 2348 41 23 the
1169 2348 89 23 trident

671 2389 27 22 of
717 2389 113 29 Nepti.ne
852 2389 43 23 the
918 2392 93 27 sceptre
1041 2389 27 22 of
1093 2389 42 23 the
1164 2389 73 22 world
1248 2397 7 14 :

671 2428 65 30 They
748 2429 47 22 had
806 2428 63 23 lived
885 2436 32 22 up
929 2432 26 19 to
967 2429 49 22 this
1035 2432 107 19 moment
1160 2429 99 22 without

672 2468 166 31 surrendering
856 2469 42 22 the
913 2469 94 23 honour
1025 2469 27 23 of
1070 2469 62 23 their
1150 2472 108 27 country,

673 2508 44 23 and
731 2508 29 23 he
772 2507 78 31 hoped
863 2508 69 23 those
945 2509 92 22 around
1055 2509 48 22 him
1122 2509 78 22 would
1217 2509 41 22 be-

673 2547 84 31 queath
770 2551 25 20 to
808 2548 62 23 their
882 2548 158 23 descendants
1053 2549 69 22 those
1134 2548 125 30 principles

673 2588 26 23 of
717 2588 86 30 liberty
826 2587 80 24 which
936 2588 61 23 their
1020 2589 165 29 predeccsbors
1214 2587 47 23 had

673 2635 26 15 so
727 2627 111 31 honestly
867 2627 155 24 maintained.
1058 2627 51 24 The
1138 2627 122 23 Colonists

672 2667 46 23 had
738 2667 125 31 struggled
882 2667 97 31 against
992 2667 142 26 difficulties,
1148 2667 49 23 and
1213 2667 47 22 had

671 2707 154 24 iurmounted
844 2707 66 24 them
919 2716 6 17 ;
945 2708 19 23 it
976 2707 47 24 had
1035 2707 97 31 pleased
1149 2708 43 22 her
1204 2707 54 23 Ma-

667 2748 64 30 jesty
742 2751 25 20 to
786 2747 93 24 declare
900 2747 68 23 these
984 2747 94 24 Islands
1099 2747 161 31 independent

672 2787 118 24 Colonies.
833 2787 50 24 For
905 2787 104 26 himse'.f.
1033 2787 31 23 he
1087 2787 125 23 confessed
1228 2787 31 23 he

671 2827 87 31 always
781 2827 49 23 had
851 2835 15 15 a
887 2827 118 31 sneaking
1027 2827 115 23 kindness
1162 2827 38 23 for
1218 2826 43 23 the

672 2867 99 30 Whigs,
789 2867 48 23 and
856 2867 33 24 he
913 2867 40 23 did
973 2870 44 20 not
1038 2867 70 23 think
1125 2867 52 23 that
1196 2865 65 25 Lord

671 2907 62 24 John
750 2907 93 23 Russell
848 2920 31 4 —
880 2915 14 15 a
906 2907 148 24 descendant
1065 2907 27 23 of
1101 2907 54 23 that
1167 2906 93 24 Russell

671 2947 54 24 who
737 2947 85 31 fought
835 2947 49 24 and
896 2947 54 24 died
960 2947 37 24 for
1006 2947 90 31 liberty
1105 2947 102 23 —would
1218 2947 40 23 de-

672 2990 48 21 sert
743 2987 65 24 them
808 3000 34 4 —
844 2987 115 30 (cheers.)
997 2987 38 24 He
1059 2995 58 16 was,
1131 2987 80 31 happy
1235 2989 25 21 to

672 3035 41 23 say
725 3027 52 24 that
785 3027 187 24 circumstances
983 3027 50 23 had
1044 3035 27 15 so
1083 3027 112 26 resulted,
1208 3026 52 24 that

672 3067 56 30 they
749 3074 62 16 were
834 3070 43 19 not
901 3066 178 31 disappointed.
1115 3066 64 24 Lord
1196 3065 65 24 John

672 3106 100 27 Russell,
795 3106 112 31 carrying
925 3110 42 20 out
986 3106 41 24 the
1045 3106 131 24 intentions
1197 3105 28 23 of
1247 3113 14 15 a

672 3147 55 23 wise
741 3146 171 27 Government,
924 3147 49 23 had
985 3147 52 23 said
1047 3146 54 24 that
1113 3146 42 23 the
1167 3145 94 24 Islands

672 3187 26 23 of
718 3186 61 24 New
802 3186 107 24 Zealand
910 3199 34 4 —
945 3186 40 24 the
1008 3186 48 24 last
1078 3194 70 23 gems
1171 3185 26 23 in
1220 3185 41 23 the

672 3226 89 24 British
788 3225 89 25 Crown
878 3239 34 4 —
913 3226 86 24 should
1024 3226 30 24 be
1082 3225 162 31 independent
1254 3233 5 18 ;

672 3266 46 23 and
730 3265 102 32 Captain
842 3265 103 24 Hobson
957 3265 91 32 having
1059 3266 61 23 been
1133 3264 128 31 appointed

672 3306 40 23 the
724 3305 188 32 representative
927 3305 27 23 of
970 3305 44 24 her
1031 3305 113 31 Majesty,
1157 3305 30 23 he
1207 3312 54 23 pro-

671 3345 81 32 posed,
765 3354 26 15 as
804 3354 14 15 a
829 3349 72 24 toast,
946 3345 39 24 his
1001 3345 147 31 Excellency
1160 3344 101 31 Captain

673 3385 108 27 Hobscn,
804 3385 47 24 and
873 3385 42 24 the
939 3385 167 30 Independent
1128 3384 92 24 Islands
1240 3384 21 23 of

673 3425 60 23 New
913 3426 14 22 3
940 3425 71 23 times
1025 3426 23 22 3.

705 3468 51 23 The
776 3467 60 24 Rev.
858 3467 50 24 Mr.
922 3467 83 27 Eavy,
1019 3467 25 24 in
1063 3475 14 15 a
1097 3471 56 20 neat
1169 3466 92 32 speech,

673 3515 60 23 gave
750 3507 41 23 the
809 3507 83 23 health
903 3507 27 23 of
966 3507 62 23 Mrs.
1042 3506 104 24 Hob&on
1166 3506 48 24 and
1224 3505 37 24 the

673 3547 73 23 ladies
758 3547 26 23 of
794 3546 62 24 New

708 3590 106 23 George
828 3589 121 26 Hunter,
962 3589 68 31 Esq.,
1044 3597 30 15 on
1094 3589 82 24 behalf
1186 3588 26 24 of
1223 3587 38 25 the

673 3629 82 24 ladies,
767 3629 186 31 acknowledged
965 3629 42 24 the
1019 3632 72 21 toast.

708 3671 26 24 S.
749 3672 112 26 Revans,
876 3672 67 30 Esq.,
956 3672 119 30 proposed
1082 3672 42 23 the
1159 3678 102 24 memory

677 3723 5 13 -.
691 3712 11 24 f
711 3712 40 23 the
764 3711 114 24 deceased
892 3711 110 23 Coun-ii.
1016 3719 16 16 a
1042 3711 23 24 ;d
1076 3711 42 24 the
1129 3711 30 24 he
1168 3711 55 22 ilths
1242 3711 19 22 cf

676 3752 42 23 Dr.
732 3752 80 23 Evans
825 3751 48 23 and
891 3751 50 22 Mr.
957 3751 109 26 Hanson,
1079 3751 41 22 th;
1132 3751 100 23 authors
1243 3758 18 15 o.
1260 3750 2 11 c

676 3792 39 23 the
728 3791 164 24 Constitution
899 3791 76 24 under
984 3790 79 24 which
1072 3791 19 23 it
1103 3790 48 24 had
1162 3791 30 22 its
1204 3790 57 31 legal

708 3876 43 23 Dr.
765 3874 32 25 G.
811 3874 26 24 S.
850 3874 98 26 Evans,
958 3873 25 24 J.
995 3873 38 27 P.,
1045 3873 114 24 returned
1169 3873 92 24 thanks.

677 3915 38 24 He
733 3914 80 24 would
830 3916 44 21 not
894 3921 43 23 say
960 3913 72 24 much
1057 3913 147 30 concerning
1225 3913 36 23 the

1894 510 97 23 ertions.
2027 510 46 24 His
2093 511 138 30 despatches
2251 510 73 31 speak
2343 510 38 24 for
2399 510 76 24 them-

1895 550 76 23 selves
1979 559 6 18 ;
2002 550 57 31 they
2071 551 67 23 show
2157 551 41 24 the
2214 551 136 31 gentleman
2371 551 48 23 and
2434 551 42 23 the

1894 593 129 20 statesman
2035 593 25 20 to
2078 590 41 23 the
2134 590 81 27 world,
2228 590 46 24 and
2292 590 43 24 the
2351 590 126 32 Company

1893 638 62 16 were
1974 630 119 24 fortunate
2115 631 25 23 in
2159 631 89 30 having
2264 638 26 16 so
2307 631 52 23 able
2371 639 15 15 a
2396 638 80 23 repre-

1894 670 115 23 sentative
2010 682 33 5 —
2045 670 112 30 (cheers.)
2188 670 37 23 He
2235 670 96 31 begged
2342 673 25 20 to
2374 670 42 31 giv
2423 670 54 24 ethe

1893 709 81 24 health
1985 709 28 23 of
2049 709 96 23 Colonel
2348 710 14 22 3
2373 710 69 23 times
2452 710 24 26 3,

1894 750 47 23 and
1976 758 47 15 one
2035 750 70 24 cheer

1926 790 51 23 The
1988 790 19 22 P
2011 797 122 16 resident
2145 789 51 24 said
2207 790 30 22 he
2248 789 48 23 had
2307 793 43 20 not
2361 790 78 23 words
2451 792 26 21 to

1894 837 96 22 express
2002 829 37 23 his
2051 829 87 23 thanks
2148 829 39 23 for
2197 829 40 23 the
2255 837 97 15 manner
2363 830 26 22 in
2400 830 79 22 which

1894 868 37 23 his
1944 868 116 23 excellent
2068 868 77 23 friend
2154 868 46 23 had
2211 868 118 30 proposed
2340 868 36 23 his
2387 868 90 27 health,

1895 907 47 24 and
1953 910 25 21 to
1990 907 41 24 the
2051 915 117 23 company
2178 908 37 23 for
2232 908 90 30 having
2334 915 26 16 so
2380 908 99 30 warmly

1894 948 134 30 responded
2046 950 26 21 to
2092 948 26 23 it.
2154 947 24 24 If
2194 955 45 23 any
2256 955 60 23 poor
2336 948 101 23 services
2455 946 27 25 of

1895 986 37 24 his
1952 987 49 23 had
2021 990 49 20 met
2088 987 57 23 with
2166 987 40 23 the
2226 987 155 31 approbation
2394 986 27 25 of
2437 986 42 24 the
2492 1001 4 4 -

1896 1026 129 26 Colonists,
2047 1026 30 23 he
2095 1034 48 15 was
2167 1026 77 31 amply
2264 1027 131 23 rewarded.
2440 1026 39 23 He

1896 1066 70 23 could
1991 1066 63 31 truly
2083 1073 43 23 say
2150 1066 53 23 that
2226 1066 39 23 his
2290 1066 120 23 existence
2431 1073 48 16 was

1896 1106 80 23 bound
1987 1114 32 22 up
2030 1106 59 23 w'th
2100 1106 41 24 the
2154 1106 134 23 settlement
2290 1119 31 4 —
2321 1106 54 23 that
2385 1106 31 23 he
2431 1106 48 23 had

1896 1146 69 23 made
1981 1146 21 23 it
2021 1146 37 23 his
2070 1146 70 23 home
2150 1155 5 18 ;
2175 1146 36 23 his
2230 1146 56 30 only
2297 1146 65 23 child
2381 1153 49 16 was
2449 1153 31 15 on

1896 1185 44 23 her
1950 1193 52 23 way
2013 1186 56 23 here
2074 1199 26 3 —
2104 1186 112 29 (cheers.)
2251 1185 39 24 He
2299 1185 105 24 thanked
2415 1185 66 24 them

1896 1225 79 30 again,
1988 1225 47 23 and
2047 1226 20 22 if
2077 1233 45 23 any
2134 1226 28 23 of
2171 1225 40 24 the
2222 1225 146 24 inhabitants
2378 1225 104 31 thought

1896 1265 31 22 he
1939 1265 70 23 could
2020 1266 85 23 render
2116 1265 65 24 them
2194 1265 128 24 assistance
2343 1273 27 16 or
2390 1265 91 27 advice,

1896 1305 19 22 it
1927 1305 86 23 should
2024 1309 63 19 most
2097 1306 90 30 readily
2198 1306 30 23 be
2239 1305 115 24 accorded
2364 1308 27 20 to
2406 1305 74 23 them.

1896 1344 51 23 The
1958 1345 91 30 gallant
2060 1345 97 23 Colonel
2169 1345 84 31 during
2261 1345 37 23 his
2307 1345 62 23 brief
2376 1345 105 26 address,

1897 1385 74 29 spoke
1990 1385 59 24 with
2067 1388 68 27 great
2152 1385 96 31 feeling,
2265 1385 47 22 and
2331 1392 49 16 was
2400 1392 81 22 repea-

1897 1424 66 30 tedly
1974 1425 108 22 cheered.

1930 1464 30 23 R.
1979 1464 31 23 D.
2034 1463 117 29 Hanson,
2169 1465 66 31 Esq.,
2247 1464 63 27 J.P.,
2321 1472 55 15 rose
2386 1467 26 20 to
2426 1470 55 24 pro-

1896 1512 58 22 pose
1965 1504 41 23 the
2022 1508 59 19 next
2099 1508 72 20 toast.
2206 1505 23 23 It
2248 1513 49 16 was
2315 1504 95 24 natural
2429 1504 53 23 that

1896 1545 58 31 they
1965 1545 86 23 should
2061 1546 56 22 take
2128 1546 41 23 the
2181 1548 94 28 present
2292 1544 153 32 opportunity
2459 1544 27 23 of

1898 1584 112 31 showing
2027 1585 62 22 their
2110 1585 158 31 gratification
2291 1588 25 20 at
2338 1585 41 22 the
2402 1587 81 20 recent

1896 1632 66 15 news
1973 1624 61 23 from
2047 1625 118 30 England.
2199 1625 76 23 There
2287 1632 49 15 was
2348 1624 136 30 something

1897 1663 155 32 exceedingly
2064 1664 124 30 agreeable
2199 1668 24 19 to
2235 1664 40 23 the
2291 1664 101 30 feelings
2405 1664 23 23 in
2442 1663 40 24 tb.3

1898 1703 66 23 word
1985 1703 184 31 independence,
2192 1704 45 23 and
2260 1712 31 15 no
2314 1704 75 23 doubt
2412 1711 72 23 many

1897 1743 142 24 substantial
2050 1744 100 23 benefits
2168 1744 78 23 would
2265 1743 135 31 eventually
2411 1743 74 23 result

1896 1783 62 23 from
1980 1783 41 23 the
2048 1783 174 31 independence
2250 1783 26 24 of
2302 1784 48 23 this
2380 1783 103 30 Colony.

1896 1822 66 27 This,
1981 1823 117 26 however,
2116 1831 57 23 very
2195 1824 70 23 much
2297 1823 124 31 depended
2452 1830 32 16 on

1897 1861 142 25 themsehes
2058 1863 48 23 and
2122 1863 87 24 friends
2228 1863 26 23 in
2275 1862 124 31 England.
2434 1863 50 23 But

1898 1901 120 24 whatever
2029 1902 79 31 might
2126 1903 31 23 be
2176 1903 61 23 their
2255 1906 122 27 prospects
2397 1902 36 24 for
2444 1902 42 24 the

1898 1941 85 26 future,
1997 1941 61 31 they-
2073 1942 86 24 should
2178 1946 43 19 not
2239 1943 31 23 be
2288 1942 135 30 altogether
2441 1950 43 16 un-

1897 1979 102 23 mindfal
2011 1980 27 22 of
2055 1980 41 23 the
2114 1983 54 28 past
2168 1994 33 3 —
2202 1981 87 28 (hear.)
2324 1981 59 23 This
2404 1980 80 24 settle-

1899 2022 72 23 ment,
1985 2023 25 19 at
2028 2023 103 27 present,
2145 2028 48 16 was
2213 2021 57 30 only
2281 2021 160 30 independent
2461 2021 25 23 in

1898 2067 77 14 name.
2023 2058 95 24 Instead
2143 2060 27 23 of
2188 2060 72 31 being
2282 2061 92 30 subject
2397 2064 25 20 to
2444 2060 42 24 the

1900 2098 163 24 Government
2086 2100 26 22 of
2133 2099 97 32 Sydney
2253 2100 47 24 and
2324 2100 38 24 Sir
2392 2100 96 31 George

1900 2138 84 31 Gipps,
1997 2139 19 23 it
2029 2147 48 15 was
2089 2147 53 15 now
2155 2140 90 31 subject
2258 2143 23 20 to
2294 2140 53 23 that
2360 2140 27 24 of
2403 2140 81 24 Auck-

1898 2178 57 23 land
1976 2179 47 23 and
2041 2182 25 20 to
2087 2178 98 31 Captain
2211 2180 109 23 Hobson.
2369 2180 40 24 He
2426 2180 60 28 (Mr.

1900 2218 113 30 Hanson)
2027 2218 68 23 could
2108 2222 41 20 not
2161 2219 42 23 but
2221 2219 52 27 feel,
2286 2220 54 23 that
2360 2227 26 16 as
2404 2220 37 22 far
2461 2227 29 16 as-

1898 2258 42 23 the
1950 2262 55 27 past
2023 2258 87 24 affords
2122 2267 14 15 a
2155 2259 79 31 guide,
2247 2267 56 23 very
2314 2260 61 23 little
2395 2260 89 23 advan-

1898 2301 56 27 tage
1973 2306 50 15 was
2035 2302 25 19 to
2074 2298 27 23 be
2121 2299 114 30 expected
2246 2300 60 22 from
2323 2300 48 22 this
2383 2300 103 30 change.

1898 2337 127 27 However,
2046 2338 41 23 the
2110 2346 52 15 new
2186 2346 89 23 powers
2298 2339 72 30 given
2394 2343 25 19 to
2442 2339 44 23 the

1900 2377 124 23 Governor
2044 2378 26 23 of
2088 2378 60 23 New
2169 2378 110 26 Zealand,
2293 2379 78 30 might
2391 2379 98 30 enlarge

1899 2416 37 23 his
1949 2417 152 30 conceptions
2114 2418 26 22 of
2148 2418 37 23 his
2199 2418 83 26 duties,
2292 2418 47 23 and
2350 2418 43 23 the
2404 2418 82 23 settle-

1899 2459 65 20 ment
1976 2456 77 31 might
2065 2457 90 23 receive
2176 2457 59 24 from
2254 2458 48 23 him
2315 2458 53 23 that
2383 2458 69 23 share
2463 2458 29 23 of

1898 2496 117 23 attention
2027 2500 24 19 to
2072 2497 76 23 which
2167 2497 18 23 it
2204 2505 49 16 was
2272 2498 98 23 entitled
2384 2498 60 23 from
2456 2498 31 23 its

1899 2536 152 30 importance.
2089 2536 46 24 But
2148 2537 118 23 whatever
2286 2538 24 22 in
2329 2537 47 24 this
2396 2540 92 28 re3j^ct

1899 2575 67 24 there
1985 2576 78 30 might
2084 2576 30 23 be
2133 2580 25 19 to
2178 2577 61 30 hope
2257 2577 60 23 from
2330 2577 41 23 the
2383 2577 102 31 change,

1899 2616 103 30 nothing
2015 2616 29 23 he
2056 2624 49 15 was
2117 2624 54 15 sure
2183 2616 68 24 could
2263 2617 125 24 obliterate
2408 2616 24 23 in
2444 2616 43 23 the

1900 2655 78 24 minds
1999 2656 26 23 of
2042 2656 41 23 the
2104 2656 93 24 settlers
2216 2656 41 24 the
2275 2656 60 24 kind
2347 2656 48 24 and
2405 2656 83 23 liberal

1900 2695 102 24 conduct
2017 2696 26 23 of
2055 2695 39 24 Sir
2107 2695 94 32 George
2208 2696 76 31 Gipps
2291 2700 26 19 to
2329 2696 47 23 this
2385 2696 101 30 Colony.

1887 2735 2 12 1
1901 2735 39 22 He
1953 2742 47 16 was
2013 2736 97 23 assured
2121 2736 53 23 that
2186 2743 26 16 so
2230 2736 58 30 long
2304 2744 27 16 as
2350 2735 65 24 New
2427 2735 59 24 Zea-

1887 2775 2 29 [
1899 2775 56 23 land
1978 2775 48 24 had
2053 2776 120 23 remained
2202 2776 129 24 connected
2360 2775 60 24 with
2443 2779 43 20 tne

1887 2810 2 10 '
1900 2813 97 33 Sydney
2010 2815 170 26 Government,
2193 2816 39 23 1h.3
2244 2816 81 23 efforts
2338 2816 26 23 of
2382 2816 42 23 the
2437 2815 49 24 Go-

1887 2855 2 31 |
1901 2862 86 16 vernor
2000 2855 77 24 would
2089 2855 60 23 have
2162 2856 60 23 been
2235 2857 105 22 directed
2349 2860 24 19 to
2381 2858 108 28 promote

1901 2895 41 22 the
1953 2895 133 30 prosperity
2097 2895 27 23 of
2133 2895 48 23 this
2197 2895 99 31 Colony,
2309 2895 47 24 and
2369 2895 30 23 he
2412 2894 78 24 would

1887 2931 2 18 '
1900 2935 88 31 always
2000 2934 60 23 have
2072 2935 59 23 been
2152 2935 126 23 accessible
2290 2938 25 20 to
2338 2934 152 30 suggestions

1887 2984 2 6 ■
1900 2974 90 32 having
2001 2975 52 23 that
2065 2975 87 30 object.
2188 2975 23 22 It
2223 2983 48 15 was
2284 2975 56 30 only
2356 2975 67 31 right
2434 2974 55 23 that

1887 3015 2 8 1
1900 3014 25 23 in
1938 3014 136 30 separating
2081 3014 36 23 for
2128 3021 55 16 ever
2194 3013 61 24 from
2264 3013 41 24 the
2315 3014 70 23 sister
2394 3013 93 30 Colony

1900 3053 57 31 they
1981 3053 87 23 should
2091 3060 99 23 expi-ess
2214 3052 62 24 their
2300 3059 69 17 sense
2394 3051 26 24 of
2449 3051 41 24 the

1900 3093 114 23 kiudness
2025 3093 48 23 and
2084 3093 173 23 consideration
2270 3093 58 23 with
2340 3092 78 24 which
2429 3092 60 31 they

1901 3133 48 23 had
1961 3133 60 23 been
2041 3133 99 26 treated,
2154 3133 46 23 and
2220 3133 30 23 he
2270 3132 96 32 begged
2385 3132 67 24 leave
2465 3135 26 20 to

1887 3173 3 28 !
1901 3180 101 24 propose
2015 3173 40 23 the
2066 3173 81 23 health
2159 3173 27 23 of
2222 3172 39 24 Sir
2279 3173 96 30 George

1903 3215 14 22 3
1931 3214 69 22 times
2015 3215 23 21 3.

1888 3255 3 25 !
1936 3253 42 24 Dr.
1992 3253 96 27 Evans,
2100 3253 62 27 J.P.,
2182 3253 79 24 would
2277 3257 100 21 venture
2394 3257 24 21 to
2430 3257 61 21 tres-

1889 3311 2 5 ,
1902 3302 56 22 pass
1976 3302 32 15 on
2023 3293 62 24 their
2101 3293 108 31 patience
2227 3294 38 24 for
2284 3302 14 15 a
2314 3294 47 24 few
2379 3294 112 24 minutes.

1905 3334 101 23 Various
2038 3341 62 16 were
2126 3333 42 25 the
2196 3334 187 24 considerations
2413 3334 79 24 which

1903 3373 127 32 presented
2068 3373 143 25 themselves
2254 3378 25 20 to
2313 3375 63 23 their
2414 3374 78 24 minds

1891 3427 2 17 ;
1905 3422 31 16 on
1956 3414 123 24 occasions
2096 3414 47 24 like
2166 3415 40 23 the
2229 3418 104 27 present,
2353 3415 71 23 when
2436 3415 57 31 they

1891 3448 2 14 1
1906 3462 62 16 were
1994 3457 50 20 met
2070 3455 91 23 around
2190 3454 40 24 the
2256 3454 87 24 festive
2364 3455 76 23 board
2465 3462 27 16 as

1907 3494 121 24 Colonists
2041 3495 45 23 and
2099 3502 26 16 as
2136 3494 89 24 friends
2233 3504 7 17 ;
2260 3495 47 23 and
2315 3494 21 24 it
2348 3502 56 18 was,
2414 3494 78 24 there-

1905 3535 59 25 fore,
1988 3542 32 16 an
2042 3534 110 24 occasion
2173 3534 38 24 for
2234 3542 54 16 men
2311 3533 133 32 frequently
2467 3536 26 20 to

1906 3575 70 23 mak?
1988 3574 143 24 declaration
2148 3574 27 23 of
2193 3573 78 32 public
2289 3573 135 31 principles.
2459 3572 37 24 Of

1907 3615 69 23 those
1988 3614 134 31 principles,
2136 3622 45 15 one
2199 3617 63 20 most
2273 3613 56 23 dear
2340 3616 26 20 to
2378 3612 113 31 English-

1907 3662 63 19 men,
1983 3662 50 16 was
2044 3654 41 24 the
2129 3653 84 30 Übsrty
2225 3653 26 24 of
2260 3653 40 23 the
2439 3651 55 25 One

1908 3693 27 25 of
1954 3693 42 25 the
2019 3700 62 18 mosi
2101 3693 114 32 powerful
2238 3692 100 24 writers,
2362 3691 54 23 who
2445 3691 50 24 had

1908 3733 96 32 pleased
2027 3737 25 20 to
2074 3733 45 24 veil
2139 3732 95 24 himself
2255 3731 23 23 in
2300 3730 42 24 the
2365 3730 88 24 mantle
2471 3730 25 24 of

1908 3773 173 32 mystery,~he
2088 3775 80 21 meant
2302 3782 35 5 —
2338 3770 48 23 had
2394 3770 50 23 said
2454 3779 6 14 :—:
2461 3782 34 5 —

1895 3826 3 18 I
1988 3813 20 23 it
2020 3813 29 23 be
2060 3811 131 32 imprest-ed
2199 3818 63 23 upon
2272 3817 59 23 your
2338 3809 87 27 minds,
2434 3809 33 23 let
2478 3808 18 25 it

1909 3853 31 23 be
1963 3852 104 24 instilled
2087 3852 50 22 into
2163 3857 59 24 your
2241 3848 113 27 children,
2379 3848 53 24 that
2455 3848 41 25 the

1910 3893 86 29 liberty
2007 3891 28 23 of
2044 3890 41 24 the
2101 3897 67 24 press
2188 3890 20 23 is
2219 3888 42 25 the
2276 3888 130 32 palladium
2424 3888 27 23 of
2465 3888 31 23 all

838 52 807 76 SUPPLEMENT

1173 162 64 32 TO
1259 158 102 35 THE

59 250 212 61 NEW
299 247 426 59 ZEALAND
755 246 412 57 GAZETTE
1194 245 57 56 &
1272 243 632 56 WELLINGTON
1932 243 541 59 SPECTATOR.

78 415 129 32 Gratis
230 423 41 21 to
294 412 251 39 Subscribers.]

755 409 131 32 PORT
910 409 287 36 NICHOLSON,
1218 407 222 37 MONDAY,
1465 406 149 32 APRIL
1639 409 49 34 19,
1713 409 87 28 1841.

2018 406 343 41 [Non-Subscribers,
2385 411 42 28 Is.
