2540 3989
1905 702 218 25 WHOLESALE
2152 705 125 24 PRICES
2310 695 170 35 CURRENT^

1908 3394 39 17 The
1959 3396 48 16 New
2017 3397 97 17 Zealand
2126 3399 92 18 Gazette
2230 3401 42 19 will,
2283 3401 28 16 for
2321 3401 31 16 the
2362 3403 73 19 present,
2446 3400 17 16 be

1887 3415 95 21 published
1990 3418 73 20 weekly,
2072 3423 52 16 every
2131 3420 87 21 Saturday
2228 3422 88 21 morning.
2337 3422 22 16 So
2364 3426 40 12 soon
2412 3426 18 12 as
2435 3421 11 16 it
2450 3420 12 16 is

1886 3438 109 20 sufficiently
2002 3440 102 19 supported,
2114 3441 15 15 it
2137 3441 36 16 will
2184 3443 22 15 be
2212 3442 63 17 issued
2281 3443 124 19 semi-weekly.
2425 3441 37 18 Sub-

1884 3458 62 19 joined
1954 3462 30 13 are
1992 3459 29 17 the
2030 3461 55 16 terms
2090 3466 5 11 :
2096 3469 23 3 —

1908 3478 63 17 Price
1979 3484 23 12 of
2009 3484 42 13 the
2058 3481 96 17 Paper.—
2155 3482 54 20 Forty
2215 3483 83 21 shillings
2305 3488 31 16 per
2346 3488 70 15 annum,
2427 3486 36 18 pay-

1886 3500 40 15 able
1933 3500 19 16 in
1959 3500 80 17 advance
2044 3507 5 14 ;
2060 3506 20 12 or
2086 3506 35 13 one
2128 3503 76 20 shilling
2210 3504 26 16 for
2243 3504 59 21 single
2309 3505 87 16 numbers.

1908 3520 210 19 Advertisements.—
2119 3524 31 16 Six
2161 3523 46 17 lines
2218 3525 37 16 and
2265 3525 62 19 under,
2339 3526 24 16 3s.
2372 3525 26 17 6d.
2405 3525 25 16 for
2436 3523 26 16 the

1887 3540 39 16 first
1937 3541 94 20 insertion,
2042 3544 37 15 and
2089 3547 34 13 one
2135 3544 75 21 shilling
2216 3546 27 15 for
2250 3546 45 16 each
2301 3547 107 19 subsequent
2413 3546 49 15 inser-

1887 3563 37 14 tion
1929 3566 5 14 ;
1945 3562 49 17 from
2000 3563 28 16 six
2036 3565 19 15 to
2062 3566 29 14 ten
2100 3564 52 20 lines,
2161 3565 34 17 five
2203 3566 84 21 shillings
2299 3567 26 16 for
2332 3567 35 16 ,the
2377 3567 41 18 first,
2430 3564 30 18 and

1887 3586 34 12 one
1931 3582 75 21 shilling
2016 3585 37 16 and
2064 3585 85 20 sixpence
2159 3586 29 17 for
2199 3587 46 16 each,
2253 3588 111 20 subsequent
2373 3586 87 17 insertion;

1886 3603 56 16 above
1953 3606 30 14 ten
1995 3604 53 20 lines,
2060 3605 34 17 five
2105 3606 84 21 shillings
2201 3608 28 16 for
2239 3608 30 16 ths
2280 3608 38 16 first
2329 3609 30 15 ten
2370 3608 49 18 lines,
2430 3606 30 16 and

1886 3624 97 20 fourpenoe
1990 3629 30 16 per
2027 3626 38 16 line
2072 3627 26 16 for
2105 3627 31 16 the
2144 3632 63 12 excess
2214 3628 20 17 of
2242 3629 40 16 that
2290 3629 82 19 number;
2383 3628 34 17 and
2424 3630 36 13 two-

1886 3648 56 16 pence
1948 3650 33 16 per
1987 3646 38 16 line
2032 3646 27 17 for
2067 3647 42 17 each
2117 3648 112 21 subsequent
2234 3648 93 18 insertion.

1908 3666 155 17 Advertisements
2070 3667 36 17 will
2113 3670 32 15 not
2152 3673 66 17 appear
2228 3669 19 17 in
2258 3670 31 16 the
2300 3669 76 21 ensuing
2386 3669 74 17 number,

1887 3685 16 16 if
1911 3686 82 17 received
2000 3687 46 17 later
2052 3688 43 17 than
2107 3689 71 21 Jjriday,
2191 3691 19 15 10
2222 3689 72 20 o'clock,
2305 3695 41 12 a.m.
2368 3689 93 17 Advertite-

1886 3709 59 14 ments
1952 3707 38 16 will
1997 3708 21 16 be
2025 3709 98 17 continued
2130 3711 35 15 and
2173 3711 76 20 charged
2254 3711 48 17 until
2306 3709 152 18 counter-ordered;

1886 3727 45 17 such
1938 3728 52 16 order
1996 3731 51 15 must
2053 3730 21 16 be
2081 3732 41 15 sent
2129 3732 18 15 to
2154 3731 31 16 the
2190 3731 54 17 Office
2252 3732 51 16 three
2309 3732 43 20 days
2359 3732 56 15 before
2422 3730 38 20 pub-

1885 3747 79 19 lication,
1973 3749 35 16 and
2016 3752 51 14 must
2074 3751 21 16 be
2102 3751 18 16 in
2129 3751 78 21 writing.
2227 3752 152 17 Advertisements
2387 3749 71 19 received

1886 3768 52 21 after
1945 3770 20 16 10
1972 3769 67 18 o'clock
2047 3775 23 12 on
2081 3772 64 21 Friday
2155 3772 85 21 morning
2251 3773 38 17 will
2298 3774 21 16 be
2330 3773 74 20 charged
2415 3771 42 17 twice

1886 3791 29 14 tlie
1924 3789 52 17 usual
1983 3792 53 15 rates.

1907 3809 28 17 All
1943 3810 65 19 orders,
2020 3812 156 21 advertisements,
2188 3814 36 17 and
2235 3813 159 17 communication!
2406 3813 17 16 to
2433 3811 25 16 the

1886 3829 67 21 Editor,
1961 3836 29 12 are
1997 3833 96 19 requested
2099 3834 18 16 to
2125 3834 22 16 be
2153 3834 98 18 addressed
2257 3836 18 16 to
2282 3834 36 17 this
2325 3834 59 18 Office.

1884 3880 75 17 Printed
1963 3881 36 17 and
2002 3883 96 19 published
2105 3888 54 17 every
2166 3885 89 21 Saturday
2260 3885 88 21 morning,
2355 3885 23 21 by
2384 3885 73 16 Skkvsl

1907 3902 88 18 H.EVAVS,
2006 3904 20 15 at
2037 3903 31 17 the
2079 3904 55 17 Office
2145 3905 20 16 of
2176 3906 32 16 the
2220 3906 47 17 New
2274 3906 95 17 Zealand
2376 3905 82 16 Gazetts

1906 3925 41 13 and
1954 3922 135 20 Wellinoton
2096 3925 121 20 Spectator,
2223 3927 151 20 Taranaki-pl»ce,
2382 3922 75 22 WellingJ

1905 3942 38 20 ton,
1950 3943 44 17 Port
2000 3944 105 21 Xicbolwn,
2114 3946 45 17 New
2166 3947 84 17 Zealud.

319 40 319 32 SUPPLEMENT
661 42 63 32 TO
747 41 99 32 THE
864 43 110 31 NEW
993 43 227 33 ZEALAND
1238 44 222 32 GAZETTE
1478 44 101 32 AND
1598 44 327 32 WELLINGTON
1946 44 291 39 SPECTATOR.

1977 743 130 15 CORRECTED
2123 744 28 14 UP
2164 744 29 14 TO
2208 744 83 15 FRIDAY
2306 745 109 15 EVENING.

2243 763 16 17 £
2281 768 14 12 8.
2321 765 17 16 d.
2393 765 17 18 JS
2431 770 15 13 S.
2470 768 15 17 d.

1905 783 63 20 Ale:
1985 783 26 20 In
2022 783 76 27 bottle,
2112 783 113 27 perdoz..
2244 787 14 18 0
2274 785 24 20 12
2326 787 14 20 6
2358 799 17 7 ..
2395 788 13 19 0
2423 788 25 19 14
2472 791 13 19 0

1984 809 101 27 Taylor's
2241 811 13 21 7
2282 812 13 20 0
2322 812 82 21 0..7
2431 814 13 20 0
2469 817 13 19 0

1905 835 97 22 Arrack
2011 843 5 14 :
2032 836 42 21 Per
2083 837 75 25 gallon
2182 839 78 20 ....0
2286 838 14 20 3
2328 839 14 20 6
2359 852 5 6 .
2371 852 6 6 .
2395 841 14 20 0
2434 842 14 19 0
2473 846 12 20 o

1904 861 78 22 Bread
1992 870 5 12 :
2014 862 41 21 Per
2064 863 43 22 21b.
2121 863 49 22 loaf
2246 866 14 19 0
2286 866 15 19 0
2328 866 14 19 9
2359 879 5 6 .
2371 879 6 6 .
2396 868 13 19 0
2435 868 13 19 0
2473 870 12 19 0

1904 888 73 22 Beef:
1992 889 76 26 Fresh,
2088 897 89 15 carcase
2192 897 40 20 per

2020 915 23 22 lb
2243 919 14 19 0
2285 918 10 20 1
2325 919 15 20 0
2356 932 18 6 ..
2393 920 14 20 0
2434 920 10 19 1
2471 922 12 20 3

1903 941 94 21 Butter
2003 948 5 14 :
2025 941 65 27 Irish,
2100 949 40 20 per
2147 943 33 21 lb.'
2209 957 6 6 .
2221 957 6 5 .
2246 944 14 20 0
2287 944 11 20 1
2328 945 14 20 9
2359 958 5 6 .
2371 958 6 6 .
2396 946 13 19 0
2434 946 14 20 2
2473 949 12 20 0

2025 967 68 22 Fresh
2246 970 14 20 0
2286 970 14 20 5
2327 972 15 19 0
2359 984 18 7 ..
2396 972 13 20 0
2435 974 13 19 0
2473 975 12 20 0

1903 992 97 22 Brandy
2007 1001 6 13 :
2029 993 58 22 First
2093 995 92 27 quality,
2193 1002 39 21 per

2051 1020 75 26 gallon
2244 1024 14 20 0
2274 1024 25 20 10
2326 1024 20 20 0'
2358 1037 5 7 .
2370 1037 5 7 .
2394 1025 54 20 014
2472 1028 12 20 0

1903 1045 85 22 Brown
2008 1046 87 22 Stout:
2120 1047 111 23 Trueman

2137 1074 46 21 and
2191 1075 38 21 Co.
2243 1075 54 21 615
2311 1092 4 4 .
2325 1077 15 20 0
2356 1090 5 6 .
2368 1091 6 5 .
2394 1076 12 22 7
2432 1078 13 21 0
2470 1081 12 19 0

1903 1098 99 22 Cigars:
2013 1099 103 28 Manilla,
2124 1107 39 20 per
2170 1103 59 25 1000,
2244 1103 55 20 310
2326 1104 14 20 0
2357 1104 51 20 ..-4
2433 1106 13 19 0
2471 1108 12 19 0

2011 1125 96 23 Inferior
2244 1129 13 20 2
2284 1130 14 19 0
2326 1131 80 20 0..0
2432 1132 14 19 0
2471 1134 12 19 0

2011 1152 218 29 Havannah,perlb.
2244 1157 13 19 0
2272 1156 27 20 14
2325 1157 15 20 0
2357 1169 17 7 ..
2394 1157 12 20 0
2433 1158 13 20 0
2470 1160 12 20 0

2010 1179 125 22 Chinsurah
2244 1183 13 19 2
2274 1183 24 19 10
2326 1184 14 19 0
2356 1196 19 6 ..
2394 1184 12 20 0
2432 1184 13 20 0
2470 1187 11 20 0

2010 1205 154 23 Alexandrian
2244 1209 53 20 110
2324 1210 14 20 0
2355 1223 18 6 ..
2392 1211 14 19 0
2432 1211 13 20 0
2469 1214 12 19 0

1902 1231 87 22 Coffee
1996 1239 5 14 :
2013 1232 63 27 Java,
2088 1240 39 20 per
2135 1234 23 21 lb
2244 1236 13 20 0
2286 1236 8 20 1
2326 1237 14 19 0
2356 1249 6 6 .
2368 1250 7 5 .
2394 1237 13 19 0
2434 1237 9 20 1
2470 1240 12 20 3

1902 1258 90 22 Cheese
1999 1266 5 14 :
2020 1259 106 22 Cheshire
2244 1263 13 19 0
2284 1263 11 19 1
2325 1263 50 19 3..
2394 1263 13 20 0
2434 1264 49 22 110

2020 1285 54 22 Pine
2084 1287 73 26 Apple
2244 1289 13 20 0
2284 1289 12 20 1
2325 1289 81 21 4..0
2434 1291 9 19 1
2470 1293 11 20 6

2018 1312 75 22 Dutch
2244 1316 13 19 0
2284 1315 12 21 1
2325 1316 15 20 0
2356 1329 18 7 ..
2393 1317 13 19 0
2433 1317 10 20 1
2470 1319 11 20 3

1901 1338 105 22 Candles
2014 1346 5 13 :
2026 1339 94 26 English
2128 1346 56 21 wax,
2191 1347 40 20 per

2044 1365 23 21 lb
2243 1369 14 19 0
2283 1368 14 20 2
2312 1369 27 19 10
2356 1382 17 6 ..
2392 1370 14 20 0
2432 1370 13 20 3
2470 1373 12 19 0

2030 1391 82 22 Mould
2243 1395 13 20 0
2284 1395 11 21 1
2325 1396 48 19 0..
2392 1397 14 19 0
2432 1397 10 20 1
2469 1399 12 20 4

2032 1418 56 27 Dips
2241 1423 14 19 0
2281 1422 15 20 0
2310 1422 27 20 10
2354 1435 18 7 ..
2391 1423 14 19 0
2432 1424 9 19 1
2469 1426 11 19 0

1902 1443 91 22 Flour:
2003 1445 130 27 lstquality,
2145 1452 40 20 per
2191 1450 38 18 ton

2023 1472 25 20 of
2058 1473 56 20 2000
2123 1472 33 21 lbs
2225 1475 28 19 30
2280 1475 15 19 0
2321 1476 15 20 0
2353 1475 50 21 ..35
2430 1477 13 19 0
2468 1479 11 20 0

1999 1498 46 20 2nd
2055 1498 56 21 ditto
2228 1501 28 20 26
2282 1502 14 20 0
2323 1503 82 19 0..30
2430 1503 13 20 0
2468 1506 11 19 0

1901 1522 46 23 Gin
1956 1531 5 13 :
1982 1523 53 22 Pale
2242 1529 13 19 0
2281 1528 14 20 5
2323 1529 14 19 6
2354 1541 17 7 ..
2391 1530 14 19 0
2430 1530 13 19 9
2467 1533 12 19 0

1982 1550 61 27 Case,
2058 1552 13 20 3
2086 1551 87 26 gallons
2181 1553 45 21 4-5.
2243 1555 9 19 1
2283 1555 13 20 3
2325 1555 13 20 0
2356 1569 17 5 ..
2393 1556 9 20 1
2430 1557 13 19 8
2468 1559 11 19 0

1900 1575 70 22 Hams
1978 1584 4 13 :
1997 1576 128 28 Yorkshire,
2140 1586 40 19 per
2189 1578 22 22 lb
2221 1595 5 5 .
2242 1581 13 19 0
2284 1581 10 21 1
2324 1583 14 19 0
2355 1595 4 6 .
2367 1595 5 6 .
2391 1584 14 18 0
2431 1583 10 19 1
2468 1585 11 20 2

1900 1602 114 23 Mustard
2022 1611 5 13 :
2044 1604 42 21 Per
2094 1605 70 21 dozen
2243 1608 10 20 1
2283 1608 13 20 8
2324 1609 81 20 0..0
2431 1610 12 20 0
2468 1613 11 18 0

1900 1628 99 23 Mutton
2009 1638 5 13 :
2036 1630 92 23 Carcase
2138 1639 40 19 per
2187 1632 22 22 lb
2220 1649 5 5 .
2241 1635 14 19 0
2283 1635 10 20 1
2323 1635 14 20 0
2354 1649 5 5 .
2366 1649 5 5 .
2391 1637 13 19 0
2431 1637 9 19 1
2467 1639 11 19 2

1899 1655 123 23 Muskets:
2038 1657 92 22 Walnut
2136 1659 92 22 stocked
2242 1661 13 19 0
2270 1661 27 21 14
2323 1663 15 19 0
2354 1675 17 6 ..
2392 1663 10 19 1
2429 1663 13 20 8
2467 1666 12 18 0

1899 1682 78 22 Milk.
1994 1683 97 27 Perpint
2241 1688 14 19 0
2281 1689 14 19 0
2323 1689 14 20 7
2354 1702 17 6 ..
2390 1690 14 19 0
2429 1691 13 19 0
2467 1692 12 19 0

1899 1709 57 22 Oil:
1971 1710 104 27 Linseed,
2086 1719 39 19 per
2133 1712 75 26 gallon
2219 1729 6 5 .
2241 1715 13 19 0
2281 1715 14 20 6
2323 1716 13 19 0
2354 1729 17 5 ..
2390 1717 13 19 0
2429 1716 12 20 8
2467 1719 11 18 C

1973 1736 76 27 Black,
2055 1738 22 21 in
2084 1738 171 27 cask,perton2o
2282 1743 14 19 0
2323 1742 14 20 0
2354 1755 17 7 ..
2390 1744 13 19 0
2429 1744 13 19 0
2466 1745 12 20 0

1898 1762 77 22 Pork:
1990 1760 77 31 Fresh,
2085 1772 88 15 carcase
2188 1773 40 20 per

2015 1790 22 21 lb
2239 1795 14 19 0
2280 1795 14 20 0
2321 1795 15 20 4
2353 1808 17 7 ..
2389 1797 14 19 0
2428 1797 13 19 0
2465 1798 13 20 0

1898 1815 64 22 Pork
1970 1824 5 13 :
1991 1816 64 27 Irish,
2068 1825 40 20 per
2117 1818 72 22 barrel
2203 1834 4 5 .
2215 1834 5 6 .
2239 1821 56 21 410
2322 1823 14 19 0
2352 1836 6 6 .
2365 1835 5 6 .
2389 1824 14 19 0
2428 1824 13 19 0
2466 1825 12 19 0

1898 1842 130 23 Potatoes:
2048 1844 57 21 New
2119 1846 106 27 Zealand,

2073 1879 40 19 per
2121 1875 38 18 ton
2238 1874 13 20 2
2280 1876 14 20 0
2322 1876 13 20 0
2352 1890 5 5 .
2365 1889 5 6 .
2388 1876 13 20 5
2428 1877 13 20 0
2465 1878 13 20 0

1898 1896 92 22 Porter
1999 1904 6 13 :
2034 1897 101 29 Dunbar,
2147 1899 24 21 in
2179 1899 45 23 bot.

2064 1931 40 20 per
2113 1925 41 22 doz
2238 1928 55 20 012
2320 1929 14 20 0
2351 1943 5 5 .
2363 1942 5 6 .
2387 1930 52 20 014
2465 1931 11 19 0

1897 1948 97 23 Pickles
2005 1957 5 14 :
2041 1951 116 27 Assorted,
2187 1960 40 20 per

2067 1978 57 25 doz.,
2149 1983 76 23 quarts
2241 1981 9 20 1
2279 1982 15 20 6
2321 1983 14 19 0
2352 1995 18 7 ..
2390 1983 10 21 1
2417 1983 24 21 10
2465 1984 12 20 0

1897 2002 71 22 Pitch
1982 2010 5 13 :
2019 2003 137 29 Stockholm,
2186 2013 41 20 per

2044 2030 72 22 barrel
2240 2034 53 21 110
2321 2035 49 20 0..
2402 2035 37 21 20
2465 2037 11 19 0

1896 2054 93 23 Plank:
2018 2055 54 23 Port
2095 2058 130 28 Nicholson,

2043 2090 40 20 per
2093 2086 39 20 100
2142 2085 45 22 feet
2201 2101 5 4 .
2214 2101 5 5 .
2239 2087 11 20 1
2279 2088 13 20 2
2320 2089 13 19 0
2351 2103 4 5 .
2363 2101 5 6 .
2387 2089 11 20 1
2425 2089 13 20 5
2464 2090 11 19 0

2017 2109 120 28 Hokianga
2238 2114 14 20 ?
2278 2115 13 19 5
2320 2115 13 20 0
2350 2129 5 5 .
2363 2129 5 5 .
2386 2116 13 20 2
2415 2116 23 20 10
2464 2117 12 19 0

1895 2134 70 22 Rice:
1978 2135 108 23 Common
2097 2145 38 19 per
2140 2141 49 19 cwt.
2201 2154 19 5 ..
2239 2141 14 19 0
2267 2141 27 20 14
2321 2143 14 19 0
2351 2155 18 7 ..
2389 2143 9 19 1
2426 2143 13 19 0
2464 2143 12 19 0

1977 2162 64 21 Good
2238 2167 10 20 1
2278 2168 14 20 4
2321 2169 12 19 0
2349 2182 19 6 ..
2387 2170 9 19 1
2413 2169 25 20 10
2464 2171 11 18 0

1897 2188 64 21 Rum:
1980 2188 23 22 P.
2015 2190 24 20 B.
2053 2190 31 26 P.,
2100 2199 38 19 per
2147 2192 77 26 gallon
2238 2195 14 18 0
2279 2195 12 19 5
2321 2195 12 19 6
2351 2209 17 6 ..
2387 2196 51 20 013
2464 2197 11 19 0

1895 2214 87 22 Sugar:
1999 2216 118 23 Mauritius
2126 2226 40 19 per
2174 2223 49 17 cwt.
2238 2221 13 19 2
2278 2222 14 19 0
2320 2223 13 19 0
2350 2235 18 7 ..
2385 2223 14 19 2
2413 2223 24 19 10
2463 2223 11 19 0

2003 2243 80 22 Brown
2236 2248 14 20 0
2278 2249 13 19 0
2319 2249 48 20 0..
2386 2250 50 20 110
2462 2250 11 19 0

2003 2270 96 23 Refined
2114 2272 53 27 loaf,
2184 2280 41 20 per

2028 2296 22 21 lb
2236 2301 15 20 0
2278 2302 13 20 0
2320 2301 12 21 7
2349 2316 18 6 ..
2385 2304 14 19 0
2424 2304 13 19 0
2462 2303 12 20 9

2003 2322 95 23 Manilla
2238 2328 9 19 1
2264 2328 26 20 13
2319 2329 12 20 0
2349 2343 18 5 ..
2387 2331 9 19 1
2412 2329 24 21 18
2462 2331 11 19 0

1894 2348 58 21 Salt
1961 2357 5 13 :
1982 2348 125 30 Liverpool,
2118 2359 40 20 per
2168 2356 38 18 ton
2215 2369 5 5 .
2236 2355 14 19 4
2277 2356 13 19 0
2319 2356 12 20 0
2349 2370 5 6 .
2361 2369 7 6 .
2385 2357 13 20 6
2424 2358 12 19 0
2462 2357 11 20 0

1893 2375 59 22 Soap
1961 2383 5 14 :
1994 2376 103 23 Hawes's
2119 2379 103 28 London,

2019 2411 39 19 per
2067 2407 37 19 ton
2220 2407 28 21 42
2276 2409 13 20 0
2317 2409 13 20 0
2347 2423 5 5 .
2360 2423 5 5 .
2371 2409 26 21 50
2423 2411 13 19 0
2461 2410 11 20 0

1893 2428 91 22 Starch
1992 2437 4 14 :
2013 2430 42 21 Per
2064 2431 22 21 lb
2236 2435 14 19 0
2279 2435 9 21 1
2319 2437 12 19 0
2348 2450 5 5 .
2361 2449 5 6 .
2385 2437 12 20 0
2425 2436 8 20 1
2460 2436 11 20 3

1893 2456 142 21 Scantling:
2053 2457 42 22 Per
2102 2460 39 21 100
2150 2460 67 21 feet..
2238 2461 10 20 1
2277 2462 13 20 2
2318 2463 13 19 0
2348 2476 18 6 ..
2385 2463 9 21 1
2422 2463 13 19 5
2460 2464 12 19 0

1893 2482 127 23 Shingles:
2036 2484 43 22 Per
2087 2487 53 20 1000
2237 2488 10 20 1
2264 2488 25 20 15
2318 2490 13 20 0
2348 2503 18 5 ..
2384 2491 13 19 2
2423 2489 12 20 5
2460 2491 12 18 0

1891 2509 51 22 Tar
1949 2526 5 4 .
1971 2510 53 21 Coal
2236 2515 52 20 115
2318 2517 79 20 0..0
2424 2517 12 19 0
2461 2517 11 19 0

1974 2536 128 24 Stockholm
2238 2542 53 21 110
2318 2544 79 20 0..2
2424 2544 12 19 0
2461 2544 11 19 0

1891 2562 62 22 Tea:
1972 2563 88 28 Hyson,
2071 2573 38 19 per
2119 2566 63 22 chest
2199 2569 50 20 ..8
2277 2571 13 19 0
2318 2570 12 20 0
2347 2570 48 20 ..11
2411 2571 23 19 11
2460 2571 12 19 0

1891 2589 118 22 Tobacco:
2024 2591 142 29 Negrohead,
2183 2601 41 20 per

2050 2618 24 21 lb
2236 2623 14 19 0
2278 2623 9 19 1
2318 2624 13 19 0
2347 2637 19 5 ..
2384 2624 13 20 0
2424 2624 8 19 1
2460 2623 11 20 3

1891 2643 164 23 Turpentine:
2072 2645 42 22 Per
2117 2646 101 27 gallon..
2236 2650 14 19 0
2264 2649 27 21 10
2318 2650 13 20 6
2347 2663 19 6 ..
2385 2651 12 19 0
2422 2651 13 19 0
2460 2651 11 19 0

1893 2669 160 24 Whalebone:
2071 2672 41 21 Per
2122 2677 38 18 ton
2222 2676 27 20 90
2276 2677 14 19 0
2318 2677 116 20 0..1000
2459 2678 11 19 0

1891 2696 82 22 Wine:
1989 2697 89 29 Sherry,
2090 2707 38 19 per
2137 2700 50 28 pipe
2199 2703 49 20 ..28
2276 2704 14 20 0
2318 2705 78 19 0..40
2422 2705 12 19 0
2459 2704 11 20 0

2000 2724 71 28 Ditto,
2087 2733 39 21 per
2140 2726 80 23 dozen.
2237 2730 9 20 1
2274 2730 16 20 4
2317 2731 13 19 0
2347 2744 18 6 ..
2383 2731 12 20 2
2421 2731 13 20 0
2458 2731 12 20 0

1891 2776 122 23 Poultry:
2027 2778 80 28 Fowls,
2115 2787 40 20 per
2162 2782 48 26 pair
2216 2797 6 6 .
2237 2784 13 19 0
2265 2783 26 21 10
2318 2784 13 20 0
2347 2797 18 6 ..
2384 2784 12 20 0
2410 2784 24 20 18
2459 2784 11 20 0

2027 2806 85 28 Ducks,
2122 2807 56 22 ditto
2199 2823 4 6 .
2212 2823 5 6 .
2236 2811 12 19 0
2264 2810 25 20 15
2318 2811 13 19 0
2347 2824 5 5 .
2361 2824 4 6 .
2384 2811 9 19 1
2421 2810 12 20 5
2458 2811 11 19 0

2028 2832 79 28 Geese,
2119 2834 56 22 ditto
2199 2849 4 6 .
2212 2850 5 5 .
2238 2837 8 20 1
2276 2837 13 19 5
2317 2838 13 19 0
2347 2851 5 5 .
2360 2851 5 5 .
2383 2838 12 20 0
2421 2838 12 19 0
2458 2837 11 20 0

2026 2859 102 29 Turkeys
2237 2869 58 15 none
2305 2862 23 22 in
2338 2862 37 22 the
2385 2862 84 22 market.

2027 2886 104 28 Pigeons,
2142 2888 78 27 (wild,)

2055 2921 39 19 per
2102 2914 49 27 pair
2237 2917 13 20 0
2277 2917 13 20 3
2318 2918 13 20 0
2348 2931 18 5 ..
2384 2919 12 19 0
2422 2917 12 20 0
2458 2917 11 19 0

2026 2939 85 29 Ducks,
2119 2941 37 22 do.
2167 2942 51 22 do..
2238 2945 12 19 0
2277 2944 13 20 5
2319 2945 12 19 0
2348 2958 18 5 ..
2384 2945 12 20 0
2422 2945 12 19 0
2458 2944 11 19 0

1892 2964 61 22 Eggs
1961 2973 5 14 :
1982 2965 43 22 Per
2034 2966 73 23 dozen
2238 2971 13 20 0
2278 2972 13 20 6
2319 2972 47 19 0..
2384 2972 12 19 0
2422 2971 12 20 0
2458 2971 11 19 0

1891 3018 76 21 Cows:
1984 3018 71 23 Milch
2223 3024 25 20 25
2277 3025 14 20 0
2318 3025 13 19 0
2347 3025 49 21 ..30
2420 3025 13 19 0
2457 3024 10 20 0

1891 3044 96 23 Mares:
2003 3046 76 22 Brood
2221 3051 27 20 50
2276 3053 18 19 0.
2316 3052 79 20 0..90
2420 3052 12 19 0
2456 3051 11 19 0

1892 3071 115 23 Working
2024 3073 120 23 Bullocks
2151 3083 6 13 :
2180 3076 44 22 Per

1917 3098 49 26 Pair
2222 3104 28 21 SO
2276 3106 14 20 0
2317 3105 13 20 0
2347 3105 49 21 ..60
2420 3105 13 19 0
2457 3104 10 20 0

1891 3126 63 21 Hire
1966 3133 26 14 of
2004 3133 67 15 ditto
2079 3135 4 13 :
2098 3128 44 21 Per
2150 3128 50 28 day,
2210 3137 13 14 a

1917 3155 60 18 team
1987 3152 45 22 and
2039 3152 73 23 driver
2236 3158 9 20 1
2263 3157 26 22 10
2317 3159 13 19 0
2347 3171 17 7 ..
2382 3158 12 20 2
2419 3158 13 19 0
2455 3157 12 20 0

1890 3178 87 22 Sheep:
1994 3179 61 22 Each
2234 3185 12 19 2
2274 3186 13 19 0
2315 3185 13 20 0
2345 3198 18 6 ..
2380 3185 12 20 2
2417 3184 12 20 5
2455 3184 10 19 0

1890 3204 62 22 Boat
1963 3205 74 23 Hire:
2053 3207 42 22 Per
2101 3207 50 33 day,
2157 3210 64 20 with-

2081 3238 38 18 out
2128 3236 73 21 hands
2211 3253 6 5 .
2232 3239 14 19 0
2261 3238 26 21 10
2314 3239 13 20 0
2344 3251 18 7 ..
2381 3239 9 19 1
2417 3238 14 20 0
2453 3237 22 20 0-

1890 3284 85 23 Wages
1982 3293 8 17 ;
2016 3286 140 30 Mechanics,
2181 3297 41 20 per

2042 3314 62 22 week
2234 3318 12 20 2
2262 3319 27 21 14
2315 3320 47 20 0..
2380 3319 12 20 3
2418 3319 13 19 6
2453 3318 11 20 0

2024 3340 127 24 Labourers
2234 3345 52 22 110
2314 3346 78 20 0..2
2418 3345 12 20 2
2453 3345 11 19 0

1945 142 4 3 .
1976 126 39 20 To
2026 125 188 22 .Landowners
2227 128 56 20 and
2294 128 119 26 Agents.

1902 151 175 48 WANTED
2092 152 31 27 by
2132 149 120 26 the'LWd
2267 154 147 27 Association,
2428 158 56 21 town

1984 184 61 15 acres
2053 178 24 21 in
2089 177 127 23 favourable
2227 180 125 27 situations,
2363 180 46 22 and
2418 183 66 22 terms

1902 203 18 22 if
1927 203 131 23 reasonable
2069 204 43 22 will
2120 208 59 18 meet
2187 204 128 23 immediate
2333 207 115 22 attention.

2009 230 29 22 R.
2049 230 75 27 Davis,
2189 231 12 30 1

2009 257 29 20 G.
2059 257 69 26 Scott,
2195 257 12 30 )■
2224 257 112 23 Trustees;

2009 281 36 23 W.
2052 283 28 21 A.
2091 283 92 28 Cooper.
2189 279 11 30 J

2098 309 35 22 W.
2144 310 30 21 H.
2185 311 146 27 Bottomley,
2341 312 117 27 Secretary.

2142 354 105 21 Notice.

1905 378 93 48 ANY
2015 386 81 20 person
2113 380 98 22 desirous
2227 381 27 22 of
2270 381 102 28 building
2388 389 30 15 on
2433 382 51 25 land

1981 404 115 29 adjoining
2106 406 37 22 the
2152 410 66 23 town,
2237 414 41 15 can
2288 415 93 20 procure
2390 408 53 23 land
2452 410 32 23 for

1905 431 36 21 the
1951 438 94 22 purpose
2052 432 46 22 free
2109 432 27 22 of
2144 436 57 24 rent,
2218 433 29 28 by
2263 434 107 27 applying
2378 438 22 18 to
2411 435 73 24 James

1906 456 66 27 Watt,
1985 458 51 27 Esq.

1905 501 87 46 FOR
2011 501 83 26 SALE,
2116 509 13 14 a
2146 502 65 22 small
2227 504 104 25 quantity
2346 505 28 20 of
2390 506 94 23 superior

1977 527 77 22 SEED
2069 528 121 22 WHEAT.
2218 529 77 28 Apply
2312 534 22 17 to
2351 530 44 22 Mr.
2411 530 73 25 James

1906 552 66 27 Watt,
1982 553 145 28 Wellington.

2085 599 78 21 Bank
2178 600 132 26 Cheques.

1906 623 71 48 ON
1988 624 78 21 SALE
2077 629 23 17 at
2110 625 36 22 the
2164 625 62 22 office
2244 627 26 21 of
2284 626 42 22 this
2336 633 75 21 paper.
2440 628 42 22 Ga-

1969 654 57 17 zette
2037 650 70 25 office,
2120 652 63 23 April
2193 654 19 21 9,
2225 654 61 21 1841.

1290 125 73 48 ON
1381 125 83 26 SALE,
1480 128 23 19 at
1512 125 37 22 the
1562 128 59 19 store
1631 125 26 21 of
1668 125 38 22 the
1716 126 157 27 undersigned,

1367 151 38 21 the
1419 151 112 27 following
1540 152 173 27 consignments,
1725 159 29 15 ex
1764 153 36 21 the
1814 153 61 26 Lady

1289 179 87 24 Nugent
1383 186 7 12 :
1390 188 27 5 —
1618 180 3 4 '
1824 186 4 8 '
1834 190 3 4 •

1316 210 131 27 Edinburgh
1456 209 45 22 and
1511 209 68 23 Alloa
1588 210 87 23 bottled
1683 210 41 28 ale,

1316 236 82 28 Sherry
1407 237 22 22 in
1439 236 67 27 butts,

1315 262 95 28 Pickles,
1419 262 106 27 mustard,
1534 262 47 23 and
1590 262 107 28 spiceries,

1316 289 91 27 Cheese,
1417 289 103 27 oatmeal,
1531 290 113 26 molasses,

1316 315 95 27 Raisins,
1421 320 107 22 currants,
1537 316 51 21 best
1597 315 92 28 English
1696 316 83 29 honey,

1315 342 54 25 Tea,
1379 341 75 27 coffee,
1464 342 46 21 and
1519 349 72 19 sugar,

1316 368 47 21 Silk
1373 368 43 21 and
1426 371 75 18 cotton
1512 368 177 26 handkerchiefs,

1315 394 232 22 Mousselin-de-laine
1557 394 47 22 and
1612 395 89 28 Saxony
1711 395 91 29 dresses,

1315 420 141 22 Assortment
1465 421 26 20 of
1498 421 32 20 tin
1539 428 66 20 ware,

1316 446 96 28 Hosiery
1422 447 25 21 of
1454 447 28 21 all
1490 446 74 29 kinds,

1315 473 112 26 Blankets,
1438 480 58 20 rugs,
1508 474 44 21 and
1562 477 169 25 counterpanes,

1315 499 66 22 Paint
1390 499 97 27 brushes,
1497 500 86 22 clothes
1592 501 98 27 brushes,

1316 526 81 22 Planes
1406 526 44 21 and
1459 528 135 25 carpenters'
1602 528 62 27 tools,
1676 528 25 21 of
1708 528 31 21 all
1748 528 72 28 kinds,

1316 552 42 27 Pit,
1370 556 107 18 cross-cut
1486 552 44 22 and
1539 553 61 22 hand
1609 561 62 18 saws,

1318 578 99 22 Window
1426 579 66 26 glass,
1503 579 64 27 nails,

1315 605 125 22 Umbrellas
1456 605 44 21 and
1518 612 11 14 a
1546 605 60 28 large
1621 610 133 19 assortment
1773 608 25 21 of
1812 608 65 21 small

1290 639 75 18 wares,

1317 659 37 20 An
1365 661 132 19 assortment
1506 658 24 21 of
1537 662 129 24 stat'onery,

1316 685 53 26 Salt,
1380 692 59 19 soap,
1450 684 46 22 and
1502 685 143 27 gunpowder,

1316 711 152 21 Gentlemen's
1480 711 96 27 wearing
1585 712 95 27 apparel,

1315 737 95 26 Regatta
1417 737 44 21 and
1471 737 69 22 calico
1550 739 73 26 shirts,

1315 763 103 22 Sheffield
1428 764 92 26 cutlery,
1530 765 42 21 fish
1583 764 76 28 hooks,

1315 791 56 26 Caps
1381 790 44 22 and
1437 791 90 21 London
1538 791 57 27 hats,

1313 817 124 26 Tumblers,
1448 818 56 20 wine
1514 817 90 28 glasses,

1313 844 22 22 A
1351 843 63 23 small
1433 849 132 17 assortment
1584 845 26 21 of
1624 845 69 28 seeds,
1713 854 59 20 rape,
1794 847 79 28 wheat,

1287 871 83 27 barley,
1381 878 44 21 rye,
1437 875 53 22 oats,
1502 878 58 20 peas,
1573 871 74 23 beans.

1651 899 108 23 William
1775 900 73 23 Lyon.

1312 923 191 28 Taranaki-place,
1514 924 31 21 Te
1557 925 47 21 Aro
1611 925 54 22 Pah.

1288 967 72 46 ON
1383 967 83 26 SALE,
1478 967 37 21 the
1539 969 71 20 entire
1630 976 64 20 cargo
1715 970 26 21 of
1757 970 37 21 the
1812 972 61 25 Lady

1351 993 84 24 Nugent
1442 1002 5 11 :
1449 1004 28 3 —

1325 1020 28 20 50
1363 1019 81 21 barrels
1456 1019 56 21 Irish
1522 1020 62 27 pork,

1325 1046 28 20 50
1363 1045 35 22 do.
1409 1045 101 21 Hambro
1521 1046 56 25 beef,

1314 1072 39 20 150
1363 1078 60 15 cases
1433 1071 82 28 pickles
1525 1072 45 21 and
1579 1080 84 19 sauces,

1339 1100 14 19 6
1363 1099 35 21 do.
1409 1098 85 21 bottled
1503 1097 71 28 fruits,

1325 1125 28 21 36
1363 1125 34 21 do.
1407 1126 127 20 maccaroni
1545 1125 46 22 and
1600 1126 128 28 vermicelli,

1327 1153 26 19 10
1363 1151 52 26 kegs
1426 1151 62 28 tripe,

1326 1179 25 20 10
1362 1177 35 22 do.
1407 1181 101 23 tongues,

1326 1205 26 21 10
1358 1205 45 26 jars
1410 1204 40 22 red
1461 1204 107 28 herrings,

1324 1231 28 20 24
1363 1232 51 25 kegs
1424 1231 83 26 barley,
1519 1231 102 28 oatmeal,
1631 1233 50 27 split
1690 1241 60 20 peas,
1762 1238 80 25 groats,

1312 1258 39 20 100
1363 1257 58 21 York
1431 1257 43 22 and
1485 1257 134 28 Westphalia
1629 1259 69 28 hams,

1337 1285 14 19 2
1361 1291 60 15 cases
1433 1284 79 26 bacon,

1324 1311 27 20 10
1361 1318 59 14 cases
1430 1311 48 21 loaf
1485 1311 45 21 and
1539 1311 52 27 pine
1597 1311 83 28 cheese,
1689 1320 55 21 very
1751 1315 106 28 superior^

1337 1338 13 20 8
1360 1337 64 21 hhds.
1434 1337 44 21 and
1490 1339 24 19 18
1524 1345 33 20 qr.
1569 1338 62 22 casks
1644 1339 83 28 sherry,

1323 1365 28 19 60
1360 1371 59 14 cases
1430 1365 98 26 superior
1539 1365 99 27 Geneva,

1322 1392 29 19 40
1362 1394 47 17 tons
1420 1391 44 21 fine
1474 1391 48 26 salt,

1322 1418 28 20 50
1360 1417 80 21 barrels
1449 1417 128 21 Stockholm
1589 1421 39 24 tar,

1322 1445 27 19 25
1360 1444 34 20 do.
1405 1444 67 26 pitch,

1310 1471 75 25 15,000
1393 1470 49 21 best
1452 1470 61 21 stock
1523 1470 82 27 bricks,

1337 1498 9 19 1
1359 1504 48 14 case
1417 1497 98 26 superior
1525 1497 202 24 double-barrelled
1741 1500 50 22 flint
1805 1508 65 19 guns,

1308 1524 54 20 8000
1373 1524 44 20 feet
1428 1525 7 19 1
1448 1524 53 20 inch
1511 1524 72 20 Baltic
1594 1525 84 26 boards,

1310 1551 53 20 ICOO
1382 1550 47 21 doz.
1450 1550 26 21 of
1491 1550 100 27 Taylor's
1611 1551 65 21 India
1699 1552 51 27 pale
1767 1553 34 22 ale
1825 1555 46 21 and

1282 1580 80 23 porter.

1613 1604 80 22 Waitt
1705 1606 45 22 and
1758 1606 84 24 Tvser.

1309 1628 143 28 Wellington,
1463 1630 52 21 2oth
1527 1630 86 27 March,
1627 1633 58 20 1841.

1516 1674 117 22 Timber.

1283 1699 181 49 SEASONED
1474 1700 89 27 boards,
1576 1703 9 20 1
1596 1702 39 26 in.,
1647 1703 10 24 f
1667 1703 41 26 in.,
1717 1703 45 22 and
1772 1705 10 24 I
1793 1703 33 22 in.

1363 1726 103 22 Weather
1477 1727 89 22 boards.

1363 1753 115 26 Scantling
1488 1754 25 20 of
1524 1754 31 22 all
1565 1755 63 22 sizes.

1362 1779 96 28 Norway
1469 1780 68 22 deals.

1363 1807 98 21 Battens.

1361 1834 27 20 50
1398 1834 58 25 pairs
1465 1833 88 22 French
1563 1835 110 28 windows,
1685 1840 44 18 two
1738 1837 64 22 sizes.

1363 1859 122 23 Pannelled
1496 1860 72 23 doors.

1498 1887 26 21 T.
1541 1888 33 21 M.
1591 1889 134 23 Partridge
1739 1891 45 21 and
1800 1892 38 21 Co.

1504 1933 54 20 For
1573 1934 69 24 Sale,

1282 1957 116 47 GOOD
1409 1958 83 27 sherry,
1504 1959 22 21 in
1539 1965 89 21 quarter
1638 1962 70 21 casks.

1362 1985 109 27 Crockery
1482 1986 45 21 and
1536 1988 123 21 iron-stone
1670 1995 65 15 ware.

1307 2010 120 27 Eight-day
1438 2011 44 21 and
1493 2012 76 21 Dutch
1580 2013 80 22 clocks.

1306 2035 100 28 Fowling
1416 2037 78 27 pieces,
1505 2039 106 26 muskets,
1623 2040 43 21 and
1676 2041 128 23 umbrellas.

1307 2065 103 24 Cooper's
1421 2071 63 20 ware,
1496 2065 55 20 such
1562 2073 22 14 as
1595 2066 99 28 buckets,
1706 2068 89 28 churns,
1807 2069 57 27 tubs,

1279 2089 112 28 kneading
1401 2091 97 26 troughs,
1510 2092 41 21 &c.
1562 2092 40 22 &c.
1613 2094 39 21 &c.

1306 2116 96 22 Brushes
1412 2117 26 21 of
1449 2117 28 21 all
1488 2118 73 22 kinds.

1393 2151 45 14 AND
1449 2152 111 15 RECEIVED
1570 2153 27 14 BY
1608 2154 55 14 LATE
1675 2155 64 15 SHIPS
1748 2156 6 13 '.

1308 2169 72 22 Prime
1394 2170 58 22 Cork
1462 2171 82 26 butter,

1305 2195 88 23 Bottled
1405 2201 74 22 porter
1489 2199 44 20 and
1546 2199 47 26 pale
1604 2200 40 25 ale,
1655 2202 13 19 3
1679 2200 50 22 doz.
1740 2209 68 20 cases,

1304 2223 74 21 Dutch
1389 2223 85 27 cheese,
1487 2226 102 25 oatmeal,
1602 2227 44 21 and
1656 2226 76 28 barley
1743 2229 64 27 meal,

1306 2249 92 27 Pickles,
1410 2251 106 28 mustard,
1529 2259 85 21 sauces,
1625 2253 70 22 salted
1705 2254 94 28 salmon,

1306 2276 87 22 Hawes'
1415 2277 94 22 London
1527 2286 60 20 soap,
1608 2280 76 21 mould
1695 2282 97 26 candles,
1813 2284 50 25 &c,

1277 2303 41 21 &c.

1514 2332 27 21 T.
1553 2333 32 21 M.
1598 2333 133 23 Partridge
1743 2336 43 21 and
1798 2336 38 22 Co.

1278 2374 70 48 ON
1374 2374 83 28 SALE,
1480 2380 22 17 at
1522 2376 37 22 the
1579 2378 73 22 Stores
1672 2379 26 21 of
1720 2380 35 21 the
1776 2380 89 23 Under-

1355 2401 76 26 signed
1440 2410 4 13 :—:
1446 2414 30 3 —

1304 2428 87 26 Pumy's
1405 2429 79 22 Medoc
1494 2430 76 27 claret,
1581 2431 23 21 in
1616 2439 67 20 cases,
1696 2434 10 20 1
1719 2433 48 21 doz.
1780 2433 62 23 each.

1383 2454 62 23 Ditto
1583 2458 55 21 diito
1694 2461 13 19 2
1743 2460 64 22 ditto.

1303 2480 60 28 Very
1372 2482 100 26 superior
1482 2487 49 23 port
1543 2484 62 26 wine,
1616 2485 55 22 ditto
1694 2487 14 20 8
1744 2487 63 22 ditto.

1384 2508 61 21 Ditto
1583 2511 62 27 ditto,
1656 2513 22 21 in
1692 2517 89 23 quarter
1791 2515 70 21 casks.

1303 2534 107 28 Sherry—
1411 2536 81 27 brown,
1513 2537 61 27 gold,
1592 2538 57 28 pale,
1670 2540 38 22 old
1730 2541 84 27 brown,
1839 2542 22 21 in

1275 2562 168 26 quartei*casks.

1303 2588 95 28 Brandy,
1410 2590 22 20 in
1443 2597 62 14 cases
1515 2590 28 21 of
1553 2592 10 20 1
1576 2591 48 22 doz.
1635 2592 62 22 each.

1383 2616 62 21 Ditto
1555 2619 13 19 3
1608 2619 60 26 ditto,

1303 2640 65 28 Kiim,
1383 2642 23 21 in
1422 2642 64 23 hhds.
1502 2644 27 21 of
1539 2645 26 20 43
1575 2645 93 26 gallons.

1382 2668 63 22 Ditto
1541 2672 28 21 47
1606 2672 61 22 ditto.

1303 2694 52 26 Gin,
1365 2694 50 23 haif
1426 2703 68 18 cases,
1506 2698 10 20 1
1530 2697 70 22 dozen
1612 2700 61 21 each.

1301 2721 100 27 Taylor's
1410 2726 67 24 stout,
1487 2724 24 21 in
1524 2725 69 21 wood.

1320 2748 61 21 Ditto
1409 2749 50 27 pale
1470 2750 41 27 ale,
1525 2750 63 23 ditto.

1320 2775 60 22 Ditto
1409 2780 66 22 stout,
1487 2777 23 21 in
1519 2778 75 26 bottle,
1607 2779 63 22 casks
1677 2781 26 21 of
1708 2781 13 21 3
1730 2780 49 23 doz.
1788 2782 63 22 each.

1303 2801 174 24 Hebblewhite's
1485 2807 67 24 stout,
1564 2804 55 23 ditto
1729 2807 62 23 ditto.

1348 2829 62 21 Ditto
1486 2830 43 26 ale,
1563 2832 63 22 ditto.
1728 2835 63 22 ditto.

1546 2858 106 23 Richard
1664 2860 87 26 Baker,

1490 2883 128 24 Wholesale
1630 2886 64 22 Wine
1705 2888 94 22 Mercha
1807 2893 25 18 \t.

1303 2908 142 28 Wellington,
1459 2909 52 23 Feb.
1524 2912 33 26 18,
1569 2913 60 20 1841.

1459 2955 116 21 General
1590 2957 84 21 Store.

1275 2987 90 47 MR.
1379 2987 145 22 TELFORD
1539 2989 84 28 having
1635 2992 101 28 recently
1748 2994 64 22 made
1823 3002 39 14 ex-

1273 3039 6 9 ,
1290 3040 6 4 .
1320 3040 9 8 „
1339 3040 5 5 .
1365 3016 21 19 te
1403 3014 18 21 si
1419 3040 6 8 ,
1424 3021 26 14 ve
1467 3015 127 28 purchases,
1613 3018 52 26 begs
1677 3021 22 19 to
1709 3027 119 16 announce
1839 3025 22 19 to

1273 3041 35 20 his
1317 3041 83 20 friends
1410 3041 49 21 that
1469 3042 27 21 he
1506 3042 41 21 has
1558 3050 28 14 on
1598 3044 51 27 sale,

1301 3067 183 22 HARDWARE
1500 3068 27 21 of
1538 3069 36 22 the
1584 3070 48 22 first
1640 3072 93 28 quality,
1743 3074 118 27 including

1272 3100 14 14 a
1295 3098 62 21 great
1363 3095 86 26 variety
1459 3095 26 20 of
1496 3096 64 21 nails.

1299 3119 103 22 FLOUR
1412 3121 25 20 of
1449 3121 48 21 first
1506 3122 46 21 and
1562 3124 81 21 second
1654 3125 92 25 quality.

1300 3147 213 21 GROCERIES.—
1513 3148 53 27 Tea,
1582 3157 82 19 sugars,
1684 3152 76 27 coftee,
1777 3154 82 28 butter,

1271 3180 61 20 soap,
1345 3173 96 27 candles,
1452 3174 52 27 rice,
1520 3182 66 21 curry
1602 3177 96 29 powder,
1715 3180 85 26 pickles
1816 3183 44 21 and

1271 3206 84 20 sauces,
1365 3201 111 26 spiceries,
1487 3201 42 22 &c.

1299 3225 99 23 WINES
1412 3227 67 22 AND
1489 3228 156 23 SPlßlTS.—
1647 3230 91 25 Besides
1748 3234 38 22 the
1795 3235 64 22 usual

1271 3253 80 27 supply
1360 3254 24 20 of
1398 3260 68 15 wines
1474 3255 46 20 and
1530 3255 79 28 spirits,
1624 3257 62 22 there
1696 3259 18 21 is
1724 3267 13 14 a
1746 3262 113 22 consider-

1271 3279 51 21 able
1327 3280 101 27 quantity
1433 3280 26 22 of
1467 3281 88 22 Scotch
1564 3282 112 24 Whiskey
1684 3293 6 19 ;
1703 3286 43 22 and
1752 3295 15 14 a
1772 3288 87 23 limited

1271 3307 101 26 quantity
1384 3307 24 21 of
1419 3307 117 22 Colonial
1548 3309 120 23 Whiskey.

1299 3333 95 22 BOOTS
1409 3333 67 22 AND
1492 3335 137 22 SHOES.—
1629 3337 74 24 There
1711 3338 41 23 has
1760 3340 57 23 been
1824 3350 35 14 re-

1271 3360 78 21 ceived
1366 3368 14 14 a
1397 3361 102 27 quantity
1523 3362 27 21 of
1570 3362 138 30 Wellington
1731 3367 64 23 boots
1814 3369 45 22 and

1271 3387 93 21 Warren
1374 3394 10 14 s
1391 3387 112 28 blacking.

1298 3413 201 23 BLANKETS.—
1501 3415 69 22 Fresh
1586 3416 92 24 arrivals
1694 3418 57 23 have
1762 3428 64 16 come
1837 3425 21 19 to

1270 3440 62 21 hand
1341 3447 22 14 m
1374 3441 37 21 8-4
1421 3441 45 21 and
1475 3442 58 27 11-4,
1551 3442 26 21 of
1591 3444 87 23 various
1695 3447 102 26 qualities
1814 3450 43 21 and

1270 3473 79 20 prices.

1298 3493 297 24 HABERDASHERY.—
1595 3497 73 23 There
1684 3498 19 23 is
1717 3507 14 14 a
1739 3501 71 22 select
1818 3503 41 21 but

1269 3520 86 21 limited
1381 3524 101 24 quantity
1506 3529 31 14 on
1562 3523 66 27 hand,
1652 3524 117 30 including
1788 3532 69 24 tapes,

1271 3548 94 25 threads,
1377 3548 66 20 black
1454 3548 44 21 and
1513 3549 105 23 coloured
1631 3559 88 15 sewing
1734 3561 64 16 silks
1814 3557 44 21 and

1271 3576 63 23 twist,
1356 3573 95 28 darning
1470 3579 83 24 cotton,
1571 3577 97 28 needles,
1688 3580 82 28 combs,
1792 3582 67 24 India

1270 3601 42 20 silk
1320 3601 44 20 and
1372 3604 75 18 cotton
1454 3601 179 30 handkerchiefs,
1642 3605 77 23 braces
1735 3608 33 21 &c

1297 3626 186 23 DRAPERY.—
1484 3628 75 22 White
1580 3634 74 19 cotton
1678 3633 101 29 shirting,
1799 3639 61 19 stout

1269 3655 140 20 unbleached
1423 3658 83 25 cotton,
1521 3656 59 22 40in.
1596 3658 72 27 wide,-
1677 3663 76 20 cotton
1768 3662 89 26 checks,

1270 3681 55 19 dark
1336 3683 75 23 prints,
1423 3681 40 21 &c.
1474 3682 42 21 &c.

1297 3705 53 23 OIL
1371 3707 67 21 AND
1463 3708 198 25 LAMPS.—This
1678 3712 66 25 latter
1764 3714 40 23 has
1823 3724 34 14 re-

1270 3733 77 21 ceived
1356 3740 28 14 an
1394 3740 100 16 increase
1504 3735 26 21 of
1542 3735 36 23 the
1588 3737 48 22 best
1649 3740 87 28 quality
1753 3742 49 21 that
1818 3743 39 22 has

1268 3763 40 22 yet
1317 3760 57 21 been
1384 3761 82 21 ottered
1475 3761 24 22 in
1510 3762 38 22 the
1558 3764 93 28 Colony.

1296 3785 71 23 There
1377 3786 39 22 has
1426 3787 46 21 also
1484 3795 64 16 come
1557 3794 23 17 to
1600 3790 60 23 hand
1677 3799 14 15 a
1706 3794 65 22 small
1784 3794 35 23 lot
1835 3796 26 21 of

1269 3815 66 18 straw
1351 3813 58 25 hats,
1434 3815 48 21 sou'
1507 3820 97 24 westers,
1626 3819 82 22 Scotch
1727 3827 59 18 caps,
1807 3829 50 15 um-

1269 3839 86 26 brellas,
1367 3839 39 22 &c.
1444 3857 10 3 -

1268 3892 141 50 JTING
1422 3911 111 33 PAPEk
1525 3897 47 22 Vari
1574 3905 12 14 °
1588 3905 25 15 US
1628 3898 67 24 klndS
1711 3907 13 16 °
1724 3900 14 23 f
1755 3901 92 23 WRAP
1845 3916 13 5 -

273 121 96 22 Public
383 121 66 23 Sale.

73 154 158 47 MESSRS.
242 154 147 22 BETHUNE
404 155 44 21 and
464 154 129 23 HUNTER
609 156 43 21 will

149 180 39 21 sell
205 180 29 27 by
250 180 75 28 public
341 180 95 27 auction,
450 187 28 15 on
495 181 109 28 Monday,
614 182 37 22 the

71 206 52 21 19th
132 207 72 26 April,
214 210 24 17 at
247 209 10 19 1
269 207 92 26 o'clock,

247 240 28 14 ex
285 233 61 26 Lady
357 234 82 25 Nugent
446 241 35 13 r—

75 274 5 3 -
99 258 109 26 Blankets,
238 261 240 20 in^Uo->eiine-de-lanie
501 259 92 28 dresses,
611 259 29 24 ho

67 285 66 26 siery,
155 285 100 22 machine
281 286 91 27 belting,
398 287 71 26 twine,
497 287 85 26 thread,
606 288 44 21 and

67 311 104 26 oatmeal,
191 318 61 15 more
270 320 25 13 or
316 313 44 21 less
381 313 112 26 damaged,
512 316 23 18 to
556 313 28 22 be
603 314 47 21 sold

69 336 92 22 without
172 344 43 20 any
226 345 92 20 reserve,
330 339 34 21 for
374 339 36 21 the
421 339 83 22 benefit
513 340 26 21 of
551 340 73 21 whom
633 341 18 20 it

68 368 52 21 may
130 370 103 16 concern.

270 398 28 14 ex
309 399 44 15 the
367 393 79 25 Bailey.

95 415 87 23 Bottled
193 415 34 23 ale
238 418 43 20 and
292 421 66 24 stout,

94 441 93 22 Geneva
197 443 23 21 in
231 443 51 22 cask
292 444 45 22 and
347 452 66 19 cases,

93 468 93 27 Spanish
198 469 38 21 red
247 469 55 22 wine
313 471 22 21 in
347 475 88 23 quarter
449 470 63 23 casks
521 471 44 23 and
574 471 73 27 hhds.,

93 494 54 21 Finf
156 502 49 14 rose
215 495 58 22 Cork
281 497 81 26 butter,
373 498 22 20 in
405 497 56 22 281b.
471 497 62 27 kegs,

93 520 77 27 Hams,
179 521 85 27 cheese,
274 523 76 22 mould
358 523 42 22 and
408 524 37 27 dip
453 525 97 26 candles,
557 525 91 26 weights

64 547 46 21 and
120 548 78 24 scales,
210 549 77 26 prints,

90 575 28 20 20
127 574 63 21 casks
198 579 94 22 cement,
306 577 7 19 1
327 583 50 14 case
387 576 75 27 snuffs,

93 600 68 21 Moist
170 601 44 21 and
226 601 84 21 refined
320 610 72 19 sugar,

92 625 81 27 Paints,
186 627 47 25 oils,
243 628 44 20 and
298 633 69 22 turps.

92 652 92 27 Pickles,
196 654 98 26 vinegar,
307 655 105 25 mustard,
424 655 44 22 and
479 656 64 22 other
551 657 75 26 goods.

65 678 141 28 Wellington,
221 680 47 21 16th
280 682 70 24 April,
363 683 59 19 1841.

142 724 91 20 Union
244 725 89 21 Steam
344 727 62 20 Mill
417 729 148 25 Company.

63 756 50 47 A
137 756 143 23 MEETING
299 758 26 21 of
341 758 38 22 the
398 759 156 23 Shareholders
574 762 18 21 is
612 769 35 15 re-

150 783 91 27 quested
252 791 28 14 on
290 784 115 28 Thursday
415 791 60 22 next,
487 791 22 17 at
520 789 25 20 12
553 788 92 27 o'clock,

62 813 23 16 at
95 809 37 20 the
142 810 74 21 Stores
226 810 25 21 of
266 811 90 22 Messrs.
367 812 123 28 Ridgways,
499 814 92 24 Guyton
601 815 45 22 and

66 835 62 27 Karp,
140 840 22 17 to
171 836 86 21 receive
269 837 37 22 the
316 842 75 23 report
408 839 25 21 of
447 840 36 21 the
502 840 111 23 Directors
622 850 24 13 as

62 863 22 19 to
95 862 37 21 the
142 862 40 21 site
193 863 26 20 of
227 863 34 22 the
282 864 55 26 Mill,
350 865 43 21 and
410 869 22 18 to
443 866 78 22 decide
539 875 58 18 upon
608 868 37 22 the

62 891 67 18 terms
139 889 26 21 of
177 889 37 21 the
231 890 57 22 draft
306 891 26 21 of
344 892 37 21 the
391 892 63 22 Deed
467 893 25 21 of
506 894 138 28 Settlement,

62 914 71 22 which
144 916 43 20 will
198 916 52 21 then
262 917 26 21 be
299 918 117 26 presented
426 924 22 16 to
459 920 69 21 them.

252 942 28 22 G.
292 944 24 20 B.
329 944 70 26 Eaup,

195 968 5 4 '
286 969 117 22 Chairman
416 970 26 21 of
449 970 37 21 the
497 972 120 22 Directors.

59 1011 67 20 Port
139 1012 151 21 Nicholson
301 1014 147 27 Exchange
459 1017 55 19 and
524 1017 119 27 Library.

61 1044 69 47 AT
140 1052 14 13 a
161 1045 90 26 general
262 1047 99 26 meeting
372 1048 23 20 of
407 1048 37 21 the
455 1049 134 22 subscribers
600 1051 44 21 and

139 1071 73 21 others
224 1072 120 22 interested
354 1075 21 20 in
386 1075 36 21 the
434 1075 82 27 speedy
530 1077 115 22 establish-

60 1103 61 14 ment
132 1097 25 21 of
168 1097 61 23 these
238 1099 123 26 important
370 1101 146 27 Institutions,
530 1103 16 20 it
558 1110 42 15 was
611 1111 33 14 re-

59 1123 83 26 solved,
154 1131 27 14 on
193 1132 14 13 a
222 1126 82 20 motion
323 1127 63 21 made
403 1127 28 27 by
450 1128 24 21 ft.
493 1129 28 21 D.
541 1129 101 29 Hanson,

61 1150 57 27 Esq.,
141 1150 47 22 that
206 1151 35 21 the
266 1152 121 22 intentions
410 1154 45 21 and
476 1155 65 21 views
561 1156 26 21 of
607 1156 36 23 the

59 1176 94 26 original
162 1177 135 22 subscribers
306 1179 80 22 should
396 1181 26 20 be
429 1182 130 25 persevered
566 1183 29 26 in,
607 1183 36 22 the

59 1203 40 20 site
115 1203 26 21 of
156 1203 36 21 the
211 1212 68 14 warre
297 1212 28 14 on
344 1205 37 22 the
398 1207 47 21 Wai
462 1208 79 21 Peraro
556 1217 87 14 reserve

60 1229 59 25 (now
130 1230 66 27 ready
208 1231 32 21 for
250 1231 111 27 business)
377 1233 66 27 being
452 1234 34 21 for
503 1234 37 22 the
556 1240 88 22 present

58 1256 186 28 unquestionably
261 1257 38 22 the
317 1263 59 17 most
394 1261 91 26 central,
502 1261 44 21 and
566 1270 77 15 conse-

56 1282 93 28 quently
160 1284 135 21 convenient
306 1285 34 21 for
350 1286 29 20 all
389 1287 87 26 parties.

205 1317 56 22 Gco.
274 1318 106 27 Hunter,
394 1320 58 27 Esq.,
464 1321 23 21 in
497 1320 38 23 the
546 1322 67 23 chair.

59 1348 50 22 Port
120 1349 121 23 Nicholson
253 1351 121 28 Exchange
385 1353 78 28 Room,

85 1376 97 21 Reserve
196 1377 45 21 Wai
255 1378 86 26 Peraro,
357 1380 46 20 13th
414 1381 72 26 April,
499 1383 59 21 1841.

287 1424 125 26 Wanted,

56 1454 181 46 AI'RECEN
259 1456 43 22 OR
311 1457 35 21 for
361 1457 35 22 the
414 1459 80 21 Scotch
512 1460 86 23 Church
616 1463 24 21 in

136 1481 142 28 Wellington.
309 1484 21 20 A
341 1485 69 26 salary
422 1485 26 22 of
455 1491 36 16 ten
502 1487 92 26 guimas
603 1496 38 19 per

55 1514 83 15 annum
151 1508 42 21 will
205 1509 25 20 he
240 1511 142 26 guaranteed,
392 1512 51 21 with
455 1520 12 14 a
476 1514 131 28 probability
618 1516 27 21 of

55 1534 27 20 its
93 1534 66 25 being
170 1535 120 22 increased.
321 1537 64 22 None
400 1538 39 22 but
449 1546 90 20 persons
551 1541 26 21 of
586 1543 54 21 irre-

55 1560 131 26 proachable
198 1562 112 22 character
323 1564 54 22 need
389 1565 72 26 apply.

83 1587 153 26 Applications
254 1589 43 22 and
314 1588 145 25 testimonials
474 1595 23 19 to
515 1593 27 21 be
558 1594 82 27 lodged

54 1613 52 21 with
117 1613 36 22 the
165 1615 148 27 undersigned
323 1617 54 21 until
394 1618 37 21 the
443 1620 32 20 Ist
485 1619 26 21 of
523 1620 61 27 May.

288 1643 92 22 Robert
393 1645 25 20 R.
430 1645 98 26 Strang,

238 1668 32 22 Re
288 1669 64 22 istrar
361 1670 32 22 for
403 1671 37 21 tlle
451 1673 79 21 Scotch
541 1673 96 23 Church.

81 1692 144 28 Wellington,
238 1696 49 21 14th
298 1696 72 28 April,
382 1699 59 20 1841.

263 1751 39 20 To
318 1751 33 20 be
367 1752 57 24 Let,

55 1782 90 47 THE
160 1786 57 18 town
236 1790 51 14 acre
304 1784 43 21 No.
365 1786 38 20 680
418 1793 28 14 on
462 1786 39 23 the
518 1788 120 28 Surveyor-

128 1809 116 21 General's
254 1810 59 26 plan,
325 1811 120 28 belonging
455 1817 21 17 to
494 1814 37 21 the
549 1814 87 23 Church

52 1835 26 21 of
89 1835 112 22 Scotland.
231 1837 43 21 For
285 1840 73 23 terms,
370 1838 64 28 apply
446 1844 23 17 to

241 1863 93 22 Robert
347 1865 24 20 It.
384 1866 99 25 Strang,
499 1866 108 24 Solicitor.

78 1889 64 26 April
153 1890 32 22 U.
197 1891 58 19 IS4I.

50 1933 40 20 To
112 1933 44 20 the
178 1934 168 29 Merchants,
367 1937 195 26 Ship-owners,
581 1941 55 19 and

147 1961 90 20 others
259 1961 29 21 of
300 1963 67 20 Port
381 1964 159 21 Nicholson.

53 1993 157 46 MESSRS.
234 1993 101 22 PRATT
354 1995 42 21 and
418 1997 105 21 BEVAN
547 1999 42 26 beg
602 2006 35 14 re-

142 2019 118 26 spectfully
288 2024 22 16 to
334 2021 80 21 inform
439 2023 38 21 the
502 2024 133 26 merchants,

51 2045 152 25 ship-owners,
221 2045 45 22 and
285 2047 80 25 others,
381 2048 48 22 that
443 2049 53 27 they
514 2050 56 22 have
586 2059 49 14 now

50 2072 144 21 commenced
212 2072 37 21 the
270 2074 154 22 manufacture
448 2075 25 21 of
489 2084 60 20 rope,
570 2077 65 22 lines,

50 2098 64 21 twine
130 2098 24 21 of
163 2098 29 21 all
207 2099 153 26 descriptions,
374 2106 57 16 mats
445 2103 26 20 of
485 2103 29 21 all
530 2105 64 26 sizes,
606 2096 29 30 oii

50 2124 76 22 cloths.
146 2125 39 21 &c.
195 2133 5 17 ;
217 2126 81 26 fishing
316 2132 48 16 nets
380 2129 65 20 made
462 2129 45 21 and
525 2131 109 26 repaired,

50 2151 42 21 and
110 2158 67 20 every
188 2152 147 27 description,
343 2153 25 22 of
384 2155 75 21 article
475 2156 23 21 in
517 2157 36 21 the
565 2158 70 21 above

48 2177 52 26 line,
118 2178 28 21 all
165 2178 55 21 from
240 2179 53 21 New
306 2178 101 30 Z^and
425 2181 51 27 flax,
494 2184 43 20 and
553 2192 28 14 on
598 2185 37 22 the

49 2210 56 15 most
115 2206 128 20 reasonable
255 2206 100 27 charges.
383 2209 75 26 Apply
469 2213 23 17 to

264 2240 92 21 Messrs.
372 2241 77 22 Pratt
465 2243 45 21 and
525 2244 86 28 Bevan,

48 2272 41 21 No.
108 2273 19 25 1,
154 2272 228 28 Molesworth-street,
412 2275 143 30 Wellington,
581 2279 54 21 Port

277 2301 128 21 Nicholson.

46 2343 72 47 EX
135 2344 35 20 the
181 2345 73 24 Bailey
260 2353 8 11 :
269 2356 26 4 —
297 2345 53 21 Two
360 2353 61 15 cases
431 2348 97 21 metallic
541 2350 92 22 window

123 2371 82 24 sashes,
217 2372 77 24 sjbized
302 2380 5 17 ;
324 2373 93 21 suitable
427 2374 35 21 for
472 2380 105 22 cottages.

192 2397 121 26 Wallace,
327 2399 87 27 White,
427 2401 44 20 and
483 2402 121 23 Wallace.

196 2439 37 26 &
276 2443 41 20 On
332 2444 67 24 Sale,

45 2467 73 48 AN
129 2467 109 22 excellent
250 2473 132 18 assortment
392 2471 27 20 of
431 2475 78 23 strong
523 2472 106 29 clothing,

109 2494 71 25 shoes,
193 2495 45 20 also
257 2503 12 12 a
280 2496 64 21 small
360 2498 101 26 quantity
473 2499 26 20 of
513 2507 48 13 new
578 2501 51 21 seed

43 2528 19 14 w
74 2524 48 21 i^at,
134 2521 45 20 and
196 2522 70 21 barrel
278 2522 26 21 ed
321 2522 62 28 flour,
401 2524 81 23 double
499 2526 43 21 and
560 2527 71 26 single

46 2547 107 21 o.irreU.'d
164 2547 49 22 flint
222 2556 30 18 gu
260 2556 27 14 ;s.

72 2574 55 21 N.B.
129 2585 28 4 —
158 2574 52 21 Two
221 2580 58 16 town
290 2583 61 15 acres
361 2580 21 18 to
400 2577 36 27 li-t,
455 2585 28 15 on
501 2581 129 21 reasonable

45 2605 73 17 term-.

335 2630 60 22 John
410 2631 86 27 Hales,
508 2632 31 21 Te
548 2634 53 20 Aro.

42 2672 93 47 JUST
151 2674 165 24 RECEIVED,
328 2682 26 14 ex
365 2675 37 21 the
410 2677 59 25 Lady
482 2678 90 25 Nugent,
585 2679 44 21 and

106 2700 51 21 othf
160 2708 10 13 r
181 2701 43 20 late
235 2701 92 22 arrivals
336 2710 5 12 :—:
343 2713 26 4 —

68 2725 124 22 Yannuirh
212 2727 96 21 bloaters
326 2729 43 21 and
386 2729 17 21 L
413 2729 89 23 .ch-fine
520 2731 108 28 herrings,

69 2753 104 21 Sardines
184 2761 12 13 a
205 2753 84 26 l'huile,
301 2755 61 21 salad
373 2756 44 20 and
429 2756 59 28 lamp
500 2758 46 26 oils,

68 2779 90 22 Bottled
171 2780 62 21 fruits
245 2781 42 21 and
300 2782 60 21 dried
373 2783 71 26 herbs,

70 2806 59 21 York
139 2806 44 21 and
193 2806 137 28 Westphalia
340 2808 69 27 hams,
419 2809 81 23 Bristol
509 2811 64 28 tripe,

70 2832 63 22 Pearl
144 2833 84 27 barley,
241 2841 59 20 sago,
313 2835 38 21 &c.
364 2836 40 21 &c.

368 2868 28 22 D.
408 2870 21 21 S.
446 2870 77 23 Durie
535 2872 45 21 and
589 2872 40 21 Co.

69 2892 145 27 Wellington,
228 2893 49 22 16th
290 2894 21 21 A
314 2895 46 26 -ml,
377 2898 58 19 IS4I.

42 2937 44 36 rp
92 2936 83 22 I-IREE
190 2937 171 24 THOUSAND
379 2940 76 22 FEET
464 2942 99 31 superior
574 2943 57 21 half-

49 2962 28 22 JL
115 2964 53 21 inch
188 2964 78 26 Cedar,
285 2965 35 22 fur
339 2966 99 28 building
457 2968 44 21 and
520 2970 111 27 repairing

41 2990 69 21 boats.

371 3020 81 22 Waitt
463 3021 45 22 and
518 3022 83 23 Tvser.

68 3043 142 28 Wellington,
225 3045 77 22 March
316 3048 30 24 18,
358 3048 60 20 1841.

43 3088 85 47 FOR
153 3089 85 25 SALE,
259 3097 13 13 a
292 3091 102 27 quantity
411 3092 25 20 of
457 3093 53 21 OIL
527 3093 101 23 BUTTS.

114 3115 75 27 Apply
201 3120 23 15 to

215 3143 129 26 limnwAYs,
357 3143 104 26 Guyton,
474 3146 44 21 and
530 3146 70 22 Earp.

40 3185 177 47 WANTED
238 3194 12 13 a
271 3187 104 22 situation
401 3188 22 22 in
444 3196 13 14 a
477 3190 69 22 Store.
581 3191 48 22 The

138 3212 129 22 Advertiser
283 3214 18 20 is
314 3215 45 20 well
377 3216 134 26 acquainted
529 3216 50 23 with
592 3218 36 21 the

41 3238 92 21 woollen
146 3239 43 21 and
208 3239 96 28 drapery
322 3241 103 27 bu-Jness,
444 3243 44 21 and
499 3244 73 21 would
590 3251 39 15 en-

41 3265 98 21 deavour
150 3269 22 17 to
183 3266 64 21 make
258 3267 90 21 himself
358 3269 116 27 generally
483 3270 78 22 useful.
593 3271 36 22 He

33 3298 48 14 -can
92 3291 46 21 aKo
148 3292 94 25 produce
254 3294 58 24 «oud
320 3295 145 22 testimonials
474 3300 21 17 to
505 3297 123 22 character.

43 3317 84 22 Letters
139 3318 118 22 addressed
267 3324 22 17 to
308 3321 27 21 A.
345 3321 32 26 8.,
390 3329 49 14 care
450 3322 27 21 of
486 3323 35 22 the
534 3324 94 22 Gazette

40 3345 78 24 OiKce,
130 3345 42 21 will
184 3346 85 21 receive
280 3347 127 22 immediate
418 3350 117 22 attention.

69 3371 62 26 April
146 3373 30 23 12,
192 3373 57 20 1841.

280 3418 106 22 Notice.

41 3449 102 25 THK
168 3449 217 25 PARTNERSHIP
410 3453 95 23 hitherto
531 3455 97 28 existing

55 3474 13 22 I
115 3476 98 21 between
236 3477 84 21 R.ibfrt
339 3478 71 27 VV.iitt,
425 3481 25 20 of
471 3481 49 22 Port
535 3483 93 21 Nichol-

38 3509 48 19 son,
98 3502 44 21 ami
154 3503 87 26 George
254 3503 93 27 Tinhne,
360 3507 22 19 of
393 3507 109 22 Adelaide
516 3509 22 20 in
556 3509 70 22 South

40 3529 120 21 Australia,
180 3536 23 13 as
224 3530 125 22 merchants
371 3533 44 21 and
426 3538 85 22 agents,
527 3535 40 22 h.s
584 3536 43 21 this

39 3555 41 27 day
101 3556 55 20 bi'en
178 3556 119 22 dissolved.
328 3557 36 21 All
384 3561 81 24 parties
483 3561 105 22 indebted
605 3568 22 15 to

40 3582 36 21 the
91 3582 47 21 said
154 3582 55 26 firm,
222 3583 40 21 will
282 3583 71 27 please
368 3592 41 20 pay
421 3586 38 21 the
470 3594 59 14 same
547 3593 22 16 to
582 3589 44 21 Mr.

40 3609 67 20 Waitt
127 3610 158 26 immediately.
317 3611 35 21 All
377 3612 78 22 claims
477 3614 87 26 against
589 3616 37 21 the

38 3636 47 21 said
96 3636 49 21 firm
158 3636 41 20 will
210 3637 25 20 be
247 3636 121 27 liquidated
378 3646 27 13 on
417 3641 159 24 presentation.

426 3665 94 23 Robert
537 3668 87 23 Waitt.

67 3716 42 21 Mr.
128 3716 68 21 Waitt
210 3716 85 26 having
313 3717 88 21 entered
421 3717 47 23 into
484 3719 142 29 Partnership

38 3743 52 21 with
113 3743 42 21 Mr.
178 3743 24 21 R.
225 3743 25 21 B.
269 3743 77 27 Tyser,
366 3744 37 21 the
422 3745 101 22 business
539 3747 44 21 will
603 3749 22 20 in

38 3770 71 20 future
121 3770 26 21 be
160 3770 85 20 carried
256 3777 27 14 on
297 3770 68 21 mule.-
375 3770 37 22 the
423 3771 57 27 style
490 3773 45 21 and
547 3774 46 21 title
603 3775 26 21 of

40 3796 64 21 W.utt
118 3797 43 20 auJ
179 3797 71 26 I'y.ier.

394 3823 92 23 Robeiit
501 3825 88 28 Waitt,

393 3850 94 23 Robeiit
502 3852 27 22 B.
541 3853 85 23 TrsER.

37 3875 145 25 Welh.-.tftun,
195 3876 63 27 April
269 3877 34 26 13,
316 3877 59 21 1841.

64 3902 36 21 W.
115 3902 29 22 V.
161 3902 94 23 Brewer.

824 123 191 28 Immigration
1029 126 87 21 Office.

680 156 112 47 LISTS
802 156 26 21 of
833 156 73 33 newly
915 158 88 22 arrived
1011 158 145 29 Immigrants
1165 167 38 15 are
1210 161 52 28 kept

756 186 23 17 at
796 182 45 22 this
859 183 77 27 Office,
945 191 2 5 ■
956 184 73 23 where
1049 186 82 27 parties
1149 187 113 27 requiring

680 208 113 22 workmen
803 215 25 15 or
843 213 99 18 servants
951 217 43 16 can
1009 212 87 22 receive
1109 212 150 28 information,

680 234 44 21 and
741 234 70 32 those^
819 238 38 19 out
871 236 26 21 of
908 236 151 28 employment
1073 245 41 15 can
1130 238 58 23 have
1204 239 57 23 their

680 267 76 15 names
766 261 126 27 registered,
903 269 28 15 on
942 264 106 26 applying
1057 268 23 18 to

853 295 95 23 Daniel'
960 295 137 30 Riddiford,

705 346 25 3 _
821 342 3 3 .
1003 323 155 28 Immigration
1175 326 83 27 Agent.

704 348 120 20 Thorndon
837 348 71 27 Quay,
920 348 142 29 Wellington,

772 373 125 23 December
908 376 34 25 30,
958 377 59 21 1840.

678 416 179 47 NOTICE.—
858 417 94 23 Persons
960 419 99 23 desirous
1063 421 26 21 of
1092 421 68 28 being
1165 423 96 22 married

739 443 29 26 by
778 443 37 21 the
826 444 54 22 Rev.
891 445 60 21 John
963 446 137 27 M'Farlane,
1112 448 58 22 First
1179 449 82 22 Minis-

678 472 32 18 ter
720 469 26 21 of
756 469 37 21 the
804 470 79 22 Scotch
893 471 89 22 Church
991 473 22 21 in
1030 473 56 22 New
1097 474 106 28 Zealand,
1224 483 37 14 are

676 496 117 25 requested
803 499 22 19 to
835 497 91 26 register
936 498 59 22 their
1002 506 78 15 names
1096 501 52 21 with
1165 505 38 18 the
1219 510 42 14 un-

677 520 118 28 dersigned
803 527 22 17 at
835 523 64 22 latest
908 523 37 22 the
955 525 109 28 Saturday
1075 528 102 25 previous
1191 532 23 18 to
1224 528 36 22 the

677 555 125 20 ceremony,
814 549 21 21 in
847 549 64 22 order
918 555 22 16 to
951 551 158 26 proclamation
1118 555 23 19 of
1151 555 71 21 banns
1231 563 28 14 on

676 574 103 21 Sabbath.
810 575 92 22 Persons
913 577 46 21 also
969 576 100 24 desirous
1079 579 25 22 of
1112 580 83 27 having
1205 581 56 22 their

676 600 99 21 children
795 602 107 27 baptised,
922 607 59 18 must
997 606 102 25 previous
1116 606 85 23 thereto
1210 608 51 26 give

676 626 37 21 the
723 627 104 27 requisite
837 628 143 23 information
991 630 21 22 in
1028 632 65 21 order
1102 636 23 18 to
1135 634 92 27 registry
1238 639 22 17 to

703 679 12 2 _
731 678 15 10 
762 680 5 5 .
848 680 6 8 ,
965 656 94 23 Robert
1071 658 26 22 R.
1108 659 98 28 Strang,

701 680 102 21 Solicitor
813 680 42 22 and
867 681 114 27 Registrar
989 683 33 22 for
1033 685 37 21 the
1078 687 80 21 Scotch
1165 687 94 22 church.

677 707 220 28 Woollcomb-street,
908 710 52 20 24th
970 709 79 23 March
1060 713 60 20 1841.

884 754 163 22 Education.

678 784 104 47 MRS.
803 785 44 22 and
867 786 69 23 MISS
961 788 189 24 WAKEFIELD
1173 793 85 21 receive

764 812 73 26 pupils
847 820 28 14 on
887 813 36 22 the
934 814 113 28 following
1057 821 78 17 terms:
1137 829 28 4 —

701 843 43 21 For
763 845 75 26 board,
858 847 53 21 with
930 849 99 26 washing
1044 850 45 21 and
1105 852 32 20 in-

729 872 106 22 struction
841 873 21 21 in
868 875 90 25 general
966 875 91 27 English
1064 876 73 23 litera-

729 901 54 24 ture,
802 899 91 28 writing,
909 901 47 22 and-
966 902 115 28 aritmetic,
1099 911 40 21 per

729 929 88 21 quarter
843 939 46 7 ....
1138 933 13 18 8
1178 933 13 19 8
1219 934 12 19 0

703 953 74 17 Under
787 953 11 18 7
808 958 63 18 years
882 953 27 19 of
919 960 40 18 age
1137 957 14 20 7
1179 957 12 21 7
1219 960 12 18 0

700 975 51 26 D<iy
762 976 103 22 boarders
1137 984 14 19 4
1177 984 15 19 4
1219 986 12 19 q

702 1002 49 26 Day
761 1002 72 27 pupils
1137 1010 13 19 2
1177 1010 14 19 2
1218 1012 13 19 0

699 1027 81 22 Junior
789 1029 55 21 ditto
867 1038 7 11 >.
1140 1036 8 20 \
1166 1037 23 19 jj
1218 1038 13 19 q

675 1060 91 28 French,
783 1061 87 28 Italian,
887 1063 43 21 and
947 1064 112 28 Drawing,
1070 1066 31 22 £l
1119 1069 43 20 11s.
1173 1069 36 22 6d.
1219 1077 38 19 per

915 1096 95 21 quarter.
1265 1100 2 23 j

699 1120 88 23 Private
797 1121 84 22 lessons
890 1123 22 21 in
925 1125 75 25 music,
1014 1133 26 13 or
1049 1133 44 20 any
1104 1127 26 21 of
1141 1127 37 23 the
1188 1130 68 21 above

672 1146 108 23 branches
791 1148 25 21 of
829 1149 123 27 education,
970 1158 40 14 one
1026 1152 75 22 hour's
1116 1154 130 23 instruction

673 1174 49 21 four
730 1174 84 22 lessons
833 1176 33 20 for
876 1183 42 15 one
928 1177 88 26 guinea.

699 1207 134 22 References
841 1212 22 18 to
874 1209 37 21 the
920 1210 115 28 following
1041 1213 127 26 gentlemen
1179 1215 77 25 kindly

671 1235 118 24 permitted
798 1242 4 14 :
803 1246 30 4 —

697 1267 19 37 S
718 1274 26 20 ap
738 1272 22 32 »!r
819 1269 24 21 M
846 1285 17 19 -,
863 1270 70 21 Smith
936 1287 5 9 >
955 1271 20 21 R
977 1272 43 27 -A.,
1033 1273 83 28 Survey
1121 1283 32 13 or-
1158 1276 98 22 General

700 1295 23 20 1.
737 1298 22 17 M
781 1296 119 27 Partridge,
912 1297 53 28 Esq.

697 1320 22 21 S.
731 1320 95 28 Revans,
839 1323 51 27 Esq.

670 1352 182 30 Tinakore-road,
869 1356 79 22 March
961 1359 30 25 10,
1006 1360 58 21 1841.

671 1425 44 47 T
791 1400 171 27 Wellington
976 1404 156 27 Exchange.

720 1426 40 20 HE
776 1426 109 22 PUBLIC
903 1436 37 13 are
956 1429 111 23 informed
1084 1433 48 19 that
1147 1433 37 21 the
1199 1437 55 19 tem-

744 1459 78 20 porary
838 1453 83 23 Rooms
935 1456 27 21 of
977 1456 36 22 the
1036 1457 127 23 Institution
1181 1468 35 14 are
1231 1465 23 17 at

671 1479 36 19 the
723 1479 74 21 Stores
814 1480 24 20 of
852 1480 43 22 Mr.
911 1482 92 22 Robeiit
1022 1484 87 27 Waitt,
1130 1485 72 23 where
1216 1487 37 22 the

670 1506 62 19 latest
744 1506 98 26 English.
852 1508 134 28 Australian,
994 1511 44 21 and
1047 1512 119 22 American
1178 1513 76 22 News-

669 1537 79 20 papers
767 1532 43 21 and
831 1534 129 26 Magazines
980 1537 43 21 will
1046 1538 26 21 be
1092 1539 76 21 found.
1207 1540 46 22 The

669 1558 150 26 Subscription
829 1560 19 21 is
857 1562 40 21 £2.
912 1563 31 20 2s.
955 1570 38 20 per
1007 1571 92 20 annum,
1123 1573 37 19 pa\
1167 1567 47 21 able
1230 1569 22 19 in

671 1586 106 20 advance.

858 1614 28 21 G.
902 1615 25 21 B.
944 1616 70 27 Earp,

671 1666 4 4 .
902 1641 119 23 Chairman
1033 1644 26 21 of
1066 1644 37 22 the
1113 1645 138 24 Committee.

897 1686 21 20 A
933 1687 91 21 CARD.

831 1719 52 21 Mr.
900 1721 32 20 H.
948 1722 29 20 B.
993 1723 96 25 Relph,

768 1751 102 16 SUUGF.ON
887 1755 156 19 ACCOUCIIEUH,
1060 1758 89 14 PETONI.

796 1790 74 21 John
885 1792 101 27 Lodge,
1002 1793 120 26 Builder,

666 1822 106 47 BEGS
788 1826 22 18 to
821 1824 79 22 inform
913 1826 37 22 the
961 1827 137 23 inhabitants
1108 1831 26 20 of
1146 1831 106 28 Welling-

728 1854 45 21 ton,
786 1850 47 22 that
843 1851 82 28 having
935 1854 56 21 been
1003 1862 68 19 many
1080 1864 65 19 years
1153 1859 99 25 engaged

666 1882 22 14 as
699 1876 100 22 foreman
810 1877 20 21 in
847 1878 37 21 the
899 1880 97 21 erection
1014 1882 26 21 of
1054 1882 118 29 buildings,
1191 1885 26 21 he
1233 1886 19 20 is

667 1908 48 14 now
725 1904 106 25 prepared
843 1910 21 16 (o
875 1906 64 22 make
951 1907 62 26 plans
1028 1909 45 21 and
1090 1911 112 22 estimates
1218 1912 34 21 for

666 1936 44 19 any
720 1930 132 26 description
868 1932 26 21 of
907 1933 118 27 buildings,
1043 1936 44 21 and
1104 1942 93 18 execute
1214 1939 36 21 the

665 1962 60 14 same
737 1963 26 14 on
774 1959 129 21 reasonable
915 1964 73 22 terms,
1001 1961 51 21 with
1061 1963 59 25 good
1129 1965 122 21 workman-

666 1982 55 27 ship.

692 2008 85 20 N.B.—
779 2010 20 20 A
816 2012 92 20 W)oden
925 2012 69 23 house
1012 2017 22 18 to
1051 2015 27 21 be
1099 2016 103 27 disposed
1220 2019 29 24 of,

665 2035 51 21 20ft.
730 2035 28 27 by
768 2037 52 21 14ft.

691 2061 121 23 Thorndon
823 2063 72 28 Quay,
907 2065 53 21 Jan.
970 2067 33 25 21,
1017 2068 59 21 1841.

789 2107 63 22 JAM
874 2109 14 21 S
907 2110 27 21 EL
951 2110 171 28 JOHNSTON,

751 2141 115 22 Cabinet
880 2144 96 21 Maker
991 2146 54 20 and
1060 2148 103 27 Joiner,

852 2178 38 19 TE
905 2178 60 20 ARO
978 2179 85 26 FLAT,

663 2212 52 47 IN
727 2214 114 26 returning
852 2213 80 23 thanks
941 2219 22 16 to
972 2215 35 22 his
1018 2216 95 29 Employ
1121 2226 28 14 -rs
1158 2220 42 21 and
1211 2221 37 21 the

721 2239 77 21 Public
807 2240 35 21 for
850 2240 38 21 the
901 2247 90 22 support
1003 2243 27 22 he
1047 2243 40 22 has
1104 2245 96 23 hitherto
1215 2254 34 14 re-

663 2265 83 27 ceived,
756 2266 52 27 begs
816 2271 22 16 to
847 2268 80 21 inform
937 2268 59 22 them
1007 2270 47 21 that
1062 2270 27 22 he
1097 2272 39 21 has
1144 2274 105 22 removed

662 2292 55 21 from
732 2293 76 21 I'etoni
822 2298 21 16 to
859 2294 31 21 Te
902 2296 46 19 Aro
967 2296 55 25 Flat,
1034 2297 79 27 where,
1129 2299 22 21 in
1167 2301 78 26 future,

662 2319 27 21 lie
701 2319 42 21 will
760 2327 63 20 carry
838 2327 28 14 on
886 2320 36 22 the
939 2322 70 22 above
1026 2324 107 22 branches
1143 2327 26 20 of
1179 2328 67 24 trade,

661 2345 43 22 and
716 2346 27 21 he
755 2346 53 21 feels
818 2348 114 21 confident
943 2348 46 21 that
1002 2357 44 20 any
1061 2352 59 21 work
1136 2355 111 21 entni>ted

662 2375 21 18 to
694 2372 53 26 him,
760 2373 42 21 will
817 2374 26 21 be
857 2375 108 22 executed
981 2381 22 16 to
1019 2378 37 20 the
1073 2379 136 23 satisfaction
1226 2381 25 21 of

661 2399 34 21 his
709 2399 134 27 Employers.

687 2425 22 22 J.
722 2426 29 21 H.
763 2426 21 21 J.
796 2427 117 22 continues
928 2432 23 17 to
968 2437 91 20 prepare
1076 2432 70 26 plans,
1162 2434 84 26 specifi-

661 2453 91 25 cations,
764 2453 44 22 and
818 2454 111 22 estimates
944 2455 33 22 for
994 2464 67 20 every
1072 2458 133 28 description
1224 2461 25 21 of

662 2479 106 27 building.

662 2525 148 48 CLOCKS,
828 2526 111 27 Watches,
957 2528 44 21 and
1019 2529 118 28 Jewellery
1155 2532 91 23 cleaned

732 2552 44 21 and
787 2553 100 26 repaired
902 2554 28 26 by
945 2554 84 22 Robert
1045 2556 117 29 Sturgeon,
1179 2567 66 21 many

659 2586 64 19 years
734 2579 21 21 in
767 2587 13 13 a
791 2579 92 22 London
897 2581 115 28 jewellery
1023 2583 107 23 business.

688 2612 121 22 Residence
821 2617 22 17 at
854 2618 117 21 present—
972 2620 23 17 at
1005 2616 36 21 the
1054 2616 55 23 back
1117 2620 26 19 of
1156 2620 88 23 Messrs.

660 2639 86 22 Waters
757 2639 45 22 and
812 2640 91 22 Smith's
914 2642 81 21 Stores.

659 2684 237 48 JM'GREGOR,
911 2687 75 21 Clock
997 2688 44 21 and
1054 2689 84 23 Watch
1153 2691 91 28 Maker,

699 2722 10 11 >
741 2719 53 14 near
803 2713 37 20 the
850 2713 114 22 residence
975 2715 28 21 of.
1014 2715 38 21 Dr.
1061 2716 76 22 Knox.

753 2757 118 21 Thomas
885 2759 56 19 and
955 2760 107 21 Samuel
1080 2763 77 20 Cook

659 2790 91 47 BEG
760 2794 22 17 to
793 2790 80 23 inform
884 2792 37 21 the
932 2792 81 27 public,
1026 2794 47 21 that
1089 2795 83 28 having
1186 2805 60 15 com-

734 2817 75 27 pleted
828 2818 55 21 their
907 2820 115 21 extensive
1041 2822 205 25 weather-boarded

659 2842 69 28 Store,
741 2843 51 27 they
803 2844 56 21 have
877 2852 67 20 every
960 2847 152 23 convenience
1129 2849 34 23 for
1179 2858 67 15 ware-

659 2868 95 28 housing
762 2870 75 26 goods,
850 2875 23 18 at
882 2879 12 14 a
904 2879 53 19 very
967 2874 115 22 moderate
1092 2875 89 28 charge.

687 2896 110 22 Lambton
807 2898 72 27 Quay,
892 2898 144 28 Wellington,
1050 2901 53 21 Jan.
1114 2904 33 24 29,
1160 2905 56 21 1841.

659 2942 39 20 To
715 2942 160 21 Gentlemen
894 2943 86 28 going
994 2946 29 20 to
1038 2947 157 28 Wanganui
1215 2956 30 15 or

880 2971 45 19 the
940 2971 81 21 Bush.

661 3001 86 34 T^OR
762 3001 83 27 SALE,
862 3006 23 17 at
903 3003 38 21 the
961 3004 74 23 Stores
1054 3006 27 21 of
1102 3007 37 21 the
1158 3008 87 24 Under-

659 3026 29 23 J-
731 3028 84 27 signed,
827 3036 13 14 a
849 3028 61 28 large
927 3032 102 27 quantity
1046 3033 27 21 of
1083 3034 53 26 first,
1154 3037 88 26 second,

657 3055 45 20 and
727 3055 58 21 third
810 3056 85 26 quality
914 3057 88 27 biscuit,
1024 3061 122 21 warranted
1174 3063 71 26 newly

657 3081 80 27 baked,
749 3082 45 21 and
803 3086 24 17 at
836 3082 114 23 moderate
961 3085 78 25 prices.

685 3108 53 27 Any
748 3108 127 27 gentleman
888 3116 41 15 can
941 3110 55 22 have
1008 3111 34 22 his
1052 3120 48 14 own
1109 3114 57 22 flour
1172 3115 72 23 baked

657 3138 47 17 into
714 3135 86 26 biscuit,
810 3135 21 21 if
841 3136 110 26 required.

925 3164 144 23 AnciiABALD
1080 3166 134 25 Anderson.

688 3191 18 17 V\
715 3187 114 28 elhngton,
841 3189 77 22 March
933 3192 30 24 18,
974 3192 60 21 1841.

734 3232 61 21 Van
809 3233 137 22 Dieman's
960 3236 76 20 Land
1051 3237 117 23 Timber.

675 3266 16 21 A
718 3265 106 23 LARGE
839 3268 102 27 quantity
951 3269 26 20 of
991 3269 50 22 Van
1054 3270 116 24 Dieman's
1179 3274 64 22 Land

658 3296 50 17 -LA.
736 3293 81 21 timber
835 3295 26 20 of
879 3295 87 22 various
983 3295 137 24 dimensions
1130 3307 5 18 ;
1162 3299 50 28 also,
1230 3309 13 13 a

657 3319 59 27 large
727 3320 102 27 quantity
840 3321 26 21 of
876 3321 99 22 Colonial
987 3322 86 27 timber,
1089 3326 120 28 consisting
1220 3328 26 21 of

658 3345 102 28 weather,
773 3346 77 27 lining,
867 3347 43 22 and
922 3348 95 28 flooring
1026 3350 79 22 boards
1115 3352 45 22 and
1170 3358 72 17 scant-

657 3372 47 27 ling
713 3373 26 21 of
751 3373 27 21 all
790 3373 55 21 sizes
857 3374 43 21 and
909 3374 103 28 lengths;
1033 3383 50 16 now
1098 3385 27 14 on
1143 3379 60 22 hand
1219 3384 24 18 at

657 3399 37 21 the
704 3403 69 18 3tores
784 3400 24 21 of
817 3400 37 21 the
864 3401 159 27 undersigned.

683 3434 63 27 They
756 3434 43 21 will
811 3435 46 21 also
867 3436 27 20 be
911 3435 74 28 happy
996 3439 23 19 to
1029 3437 80 28 supply
1120 3439 61 23 those
1193 3441 49 22 who

657 3460 77 22 intend
744 3462 98 26 erecting
852 3462 111 27 buildings
975 3463 51 21 with
1038 3465 37 21 the
1080 3465 70 23 above
1158 3468 82 27 article,

656 3491 38 18 cut
713 3492 22 17 to
755 3488 71 27 order,
848 3488 25 21 of
896 3496 46 20 any
962 3489 139 24 dimensions
1120 3492 52 28 they
1190 3502 52 19 may

657 3514 92 27 require,
769 3514 45 22 and
836 3515 134 22 deliverable
990 3521 24 17 at
1031 3524 45 21 any
1095 3523 50 22 part
1163 3521 26 21 of
1203 3521 38 22 the

656 3540 69 22 beach
736 3548 28 14 on
777 3543 37 20 the
821 3541 96 23 shortest
925 3543 84 21 notice.

918 3569 61 21 JoiIV
998 3573 45 17 AVrj
1059 3571 57 21 Oro.
1134 3571 71 18 Wod

762 3613 43 20 Ex
819 3613 45 21 the

655 3644 178 49 BONNETS,

732 3672 89 26 Shawls,

736 3698 102 29 Hosiery,

735 3725 94 27 Thread,
842 3730 83 23 cotton,
936 3730 59 25 tape,
1006 3729 48 26 &c,

736 3751 92 23 Powder
838 3753 44 22 and
892 3754 56 25 shot,

736 3778 53 21 Sash
802 3779 62 27 lines,
875 3780 81 28 fishing
965 3780 64 28 lines,
1038 3782 38 27 log
1085 3782 64 29 lines,
1162 3783 47 28 &c,

735 3804 76 23 Twine
821 3806 45 21 and
876 3807 56 25 pack
941 3808 86 26 thread,
1265 3821 2 11 :

735 3831 114 28 Corderoy
858 3833 44 22 and
914 3834 125 27 beverteen,

736 3857 86 29 Copper
831 3858 58 22 nails
898 3860 106 22 assorted.

680 3909 28 10 w
722 3909 24 10 ,i-
796 3884 124 27 Wallace,
934 3886 88 28 Whiie,
1035 3888 45 22 and
1089 3888 123 25 Wallace.

680 3909 148 29 Wellington,
838 3912 83 25 M*rch
930 3914 33 26 27,
974 3915 61 21 1841.
1265 3925 2 12 1
