3550 4570
88 202 128 30 Cretans
259 204 83 27 must
392 201 63 31 win
497 201 32 29 m
573 201 53 32 the

89 245 75 36 long
208 253 68 24 run,
341 242 63 30 and
566 244 59 30 and

89 284 113 30 Greece
225 293 56 19 can
303 283 61 28 win
367 284 2 6 1
390 281 97 31 alone.
523 282 103 32 -Much

90 335 32 19 as
178 334 47 20 we
277 322 72 31 hate
399 323 62 32 and
481 341 3 4 •
497 332 3 9 !
523 323 103 32 'detest

89 374 73 28 Avar,
199 375 46 20 we
274 375 62 21 are.,
359 364 198 30 constrained
572 370 52 27 •to

92 407 104 34 admit,
227 406 97 28 under
347 402 124 42 present
485 409 140 35 'Systems

90 448 32 29 of
145 448 201 37 government
375 445 72 38 the;
455 446 114 29 maxim
594 449 32 28 of

91 487 158 30 Kosiusco.
251 504 42 4 —
381 486 66 30 wlio
464 487 100 29 would
587 488 39 31 be.

90 529 71 35 free,
190 528 121 29 himself
339 531 83 26 must
450 528 99 29 strike
556 528 67 31 trfche

89 569 99 29 blow
217 570 25 28 is
267 569 52 28 the
343 569 73 39 only
439 569 184 30 alternative

89 614 32 25 to
137 611 48 28 rid
206 607 181 32 themselves
409 609 81 30 from
514 620 35 19 a;
557 612 67 30 rule

89 651 120 30 stained
254 651 51 31 by.
335 660 97 29 'every
475 651 145 40 iniquity,

89 691 101 30 which
206 692 26 29 is
255 686 116 43 upheld
385 692 42 37 by
449 691 53 30 the-

91 732 57 29 cial
180 742 104 28 power
313 732 49 28 for
392 731 70 30 that
490 733 136 38 power's,

91 782 65 21 own
186 782 157 29 purposes.
396 771 55 30 We
472 783 79 28 urge
548 774 11 16 r
570 773 53 33 tlie

91 813 211 30 maintenance
317 812 32 29 of
369 817 112 34 peaceV
495 814 61 29 and
571 813 52 31 the

92 854 194 29 withdrawal
293 850 44 33 -of
342 856 76 35 .'any
418 856 12 22 '.'
439 855 138 38 batekkig,
589 858 37 26 to.-

91 893 120 40 Turkey
223 905 23 18 .s
250 906 15 17 u
270 894 36 29 ch
310 895 51 32 .,!as
385 893 54 31 lias
446 902 3 10 !
447 896 4 4 '
462 897 57 26 too.
542 895 79 38 fr.eq-

90 936 104 38 irently
215 936 71 28 been
295 935 96 39 .given
407 935 41 38 by
465 935 160 38 Bn'glancl..

92 976 56 32 AYe
164 978 140 39 do..i\Qt:,.'i
303 986 39 19 on
425 976 89 30 .other
529 976 97 36 kandy

91 1027 74 28 uige
188 1028 60 29 any
280 1017 80 29 such'
376 1027 33 19 ac
407 1022 2 5 I
413 1017 42 29 ti6
451 1017 6 10 l
458 1017 168 34 h'Wonf.<the<

91 1062 70 36 part
194 1059 32 31 of
261 1058 52 30 the
338 1057 124 30 .British
476 1077 4 2 -
488 1058 134 37 (^pvern-

89 1102 84 26 ment
195 1110 33 18 as
254 1096 112 35 would'
375 1109 3 21 ;
384 1093 71 35 lead
474 1103 34 25 to
531 1100 3 8 '
539 1110 80 19 com-

88 1140 161 38 plications
269 1162 22 15 >;
299 1140 135 30 between
442 1163 3 9 ,
479 1139 146 41 England

90 1180 59 29 and
199 1182 59 28 -the
259 1204 13 14 A
277 1182 4 2 '
291 1211 12 4 ..
314 1180 87 30 otlier
415 1181 24 15 yr
440 1201 2 1 -
456 1180 170 39 Btti^op^aß:

89 1221 133 36 Powers,
237 1217 72 40 ..for
343 1220 99 37 that;;
448 1222 121 33 would..
573 1243 5 3 -
581 1239 4 15 ;
585 1222 41 31 be.

89 1261 126 39 playing*
235 1263 65 28 into
325 1261 54 28 tlie
393 1261 109 29 :hand&
501 1270 5 10 ;
508 1261 40 30 >ol
570 1262 52 29 the

88 1298 244 40 unscrupulous.
346 1300 174 31 iinali'eiers.
532 1319 17 6 ■•
583 1302 41 34 J».

88 1341 190 32 conclusion.,
297 1345 32 24 to
355 1351 57 19 our
430 1340 131 32 re&ders.;
575 1347 46 27 w&

89 1392 64 29 say,
182 1382 185 37 the/mon&y
391 1381 157 40 pbwfer'/is
568 1381 53 31 the

89 1427 92 33 great
198 1432 124 29 enemy,;
351 1422 32 29 m
416 1422 52 29 the
498 1423 123 38 quarrel

89 1463 139 31 between
259 1463 115 30 Greece
400 1463 61 29 and
485 1462 139 41 Turkey.,

89 1505 31 29 It
136 1503 98 30 would
240 1514 4 8 :
259 1504 37 29 be
318 1503 69 33 w.ell
412 1504 26 29 if
459 1504 40 30 all
525 1514 99 23 newsr.

87 1555 112 29 papers
235 1545 102 29 would
367 1545 38 29 do
436 1546 84 29 what
548 1546 74 38 they

90 1585 99 35 could,
209 1606 3 5 .
243 1585 35 31 m
320 1586 171 40 imparting
532 1586 89 29 intel-

89 1627 129 37 ligence,
234 1630 32 25 to
282 1626 92 29 assist
387 1626 34 29 m
435 1626 189 39 unmasking

87 1667 53 29 the
165 1667 123 37 designs
303 1667 62 28 and
389 1670 34 25 to
445 1667 179 31 checkmate,

88 1707 51 29 the
162 1707 66 29 evil-
236 1734 4 3 .
254 1705 155 33 maclaiiiaf
412 1707 122 34 i.onS'.Qf
562 1717 45 23 ;un
609 1725 12 16 r
623 1729 2 2 ■

87 1747 186 39 principled;
281 1747 171 34 financiers,;
464 1771 4 5 ,
515 1752 49 30 ;...;,■
589 1771 4 12 
602 1754 22 31 ,^

162 1944 138 39 CYCLING
319 1944 42 39 IN
381 1945 159 43 ENGLAND,

229 2058 113 30 London,
350 2063 4 4 '
360 2058 99 34 Friday,
477 2060 90 24 March
572 2060 47 24 12.

118 2108 54 25 The
184 2109 95 24 annual
298 2109 99 30 general
404 2109 123 34 Tneetj^g.
530 2109 27 25 of
577 2109 43 26 the

84 2152 114 31 Cyclists'
223 2152 111 31 Tourlrig
355 2152 91 31 Club,,
443 2153 51 26 will
511 2152 30 25 be
561 2152 59 26 held

81 2195 52 25 this
146 2195 112 30 evening.
294 2195 186 32 The;reporfc,is
496 2196 84 24 bound
594 2197 24 24 to

80 2244 74 23 prove
166 2245 15 16 a
198 2239 66 22 most
276 2234 155 34 satisfactory
442 2246 55 16 one.
533 2238 82 25 Thou-

82 2278 74 24 sands
176 2278 27 24 of
221 2278 123 25 members
357 2288 3 3 •
376 2279 52 24 still
437 2293 2 2 •
450 2279 118 28 continue
574 2281 43 26 ..to

78 2320 54 32 join
142 2328 6 21 ;
178 2321 38 25 for
222 2343 9 6 ,.
239 2321 44 24 the
316 2323 56 29 past
377 2328 4 6 '
393 2322 96 25 month-
497 2338 3 9 ;
506 2323 42 26 the
563 2330 57 26 .ap-.

79 2364 131 31 plications
223 2365 37 24 for
273 2364 284 32 .membership/exceed.
568 2368 58 29 two.,

80 2406 132 33 thousand,
258 2404 55 32 £he
324 2404 76 37 great'
417 2408 161 31 organisation
583 2409 31 27 ;is
618 2432 3 4 .

80 2450 125 32 evidently
223 2458 33 16 an
268 2451 130 31 expensive
485 2449 44 27 -tdl
541 2451 82 32 woijk.j

80 2493 50 25 For
158 2494 120 29 instance,
299 2495 57 24 -.the
376 2495 166 32 tiiariagerical

81 2537 67 25 office
166 2545 124 23 -exjjenses
301 2537 37 25 f0r
339 2538 19 20 .7
362 2539 12 22 1
377 2539 15 24 8
395 2539 13 23 9
411 2540 18 23 6'
434 2534 139 29 'ainbunted
592 2540 28 26 tjx

81 2582 93 26 £4,233
193 2583 37 22 ss.
249 2581 64 24 3d.--
323 2571 303 42 Thi^'lbpk^Va^i-oAi^'

79 2624 75 31 pared
172 2625 60 23 with
244 2624 50 25 .the
308 2626 103 24 amount
435 2625 124 32 expended
581 2626 39 24 di--
619 2625 3 7 1

79 2667 79 31 recfcly
181 2667 38 25 for
230 2667 42 25 the
283 2667 92 25 benefit
387 2668 25 25 of
428 2669 134 28 members,-
573 2677 42 16 i.e.

80 2710 43 24 the
152 2711 107 24 erection
267 2721 4 2 •
278 2711 55 25 -and
360 2712 79 30 repair
464 2711 28 25 of
506 2712 110 31 .danger-

80 2753 171 28 boards,'£67
281 2753 52 25 13s!
361 2754 50 29 3d.,
420 2745 4 8 '
440 2752 48 27 and
500 2752 3 6 '
519 2755 98 24 various

80 2796 132 24 donations
236 2796 105 25 towards
364 2796 63 31 legal
451 2805 118 23 expenses
593 2794 28 28 of

79 2838 124 26 members
215 2839 27 24 m
254 2839 118 31 -running
383 2839 73 27 d.own
468 2848 77 21 cases,
560 2841 56 28 etc.,

81 2883 19 23 £
105 2883 15 24 7
133 2884 35 22 Tb.
182 2880 30 26 Od
217 2899 5 7 .
248 2882 54 24 The
313 2881 51 25 loss
371 2888 38 19 ion
422 2883 43 24 the

80 2933 70 16 came
163 2929 25 20 to
202 2926 82 28 1,062,
302 2925 28 23 m
342 2926 64 30 spite
418 2926 27 23 of
445 2928 64 22 -nett
520 2926 98 25 income

80 2968 64 24 from
174 2963 206 30 advertisements
409 2969 73 31 Leing
512 2969 106 28 £2,680.

82 3010 71 32 Well,
185 3019 26 16 as
239 3011 67 31 long'
322 3011 97 25 as=fehe-
434 3012 120 24 members
578 3020 42 17 are

80 3053 110 25 satisfied
202 3053 61 26 with
275 3055 99 27 results,
393 3054 16 24 I
419 3055 120 30 certainly
551 3055 67 25 shall

80 3099 44 22 not
145 3097 124 31 grumble.
333 3125 2 3 ,
367 3104 7 22 .'
423 3106 4 3 '
465 3113 3 12 ;

114 3176 37 31 Tsy
173 3177 43 24 the
228 3184 62 24 way,
310 3177 14 23 I
342 3184 51 17 am-
402 3184 68 24 sorry
494 3178 25 23 to
541 3176 78 29 learn,

81 3218 60 25 from
155 3227 12 16 a
188 3220 105 31 quarter
303 3227 59 23 very
374 3219 99 25 reliable
493 3227 26 17 as
533 3227 14 17 a
560 3219 59 31 rule>

81 3262 57 25 that
161 3263 43 24 the
233 3263 124 31 energetic
380 3266 123 28 secretary
526 3263 28 25 of
573 3263 44 25 the

83 3304 88 26 C.T.C.
185 3306 45 24 has
242 3305 78 25 fallen
333 3306 54 24 into
397 3306 62 24 such
472 3306 48 24 bad
531 3306 89 26 health

44 3347 29 34 p
82 3348 80 31 owing
185 3352 26 21 to
233 3349 63 24 hard
308 3349 75 30 woak,
404 3349 55 25 that
479 3349 44 25 the
535 3350 86 25 doctor

83 3392 43 24 has
138 3393 101 24 ordered
260 3392 53 24 him
326 3400 69 24 away
407 3394 26 24 to
454 3393 70 25 other
535 3393 85 26 climes

83 3443 26 16 as
122 3434 41 25 the
184 3435 58 31 only
254 3443 86 17 means
360 3436 27 24 of
409 3436 86 32 seving
505 3436 42 25 his
569 3436 50 26 life.

84 3477 99 30 Indeed,
201 3486 41 22 my
254 3478 127 31 authority
404 3480 42 23 has
459 3487 63 23 gone
542 3488 25 16 so
581 3480 38 25 far

85 3527 25 17 as
122 3521 24 23 to
159 3521 105 30 publish,
282 3521 27 24 m
326 3529 15 17 a
352 3521 94 32 cycling
457 3522 109 31 journal,
579 3523 41 25 the
625 3545 2 3 .

86 3563 43 24 sad
141 3563 49 26 fact
209 3565 56 24 that
287 3565 32 24 he
331 3568 91 23 cannot
433 3567 48 23 live
503 3567 37 24 for
551 3575 69 17 more

85 3605 60 24 than
157 3614 14 17 a
194 3615 59 23 year
265 3615 28 16 or
305 3608 47 23 two
364 3608 78 25 under
454 3616 49 24 any
515 3609 101 26 circum-

86 3652 104 21 stances.
209 3649 25 24 If
241 3649 50 24 this
301 3650 115 32 startling
425 3654 195 23 announeeinent

84 3691 86 24 should
181 3692 135 31 unhappily
335 3701 74 22 prove
421 3696 25 22 to
468 3694 30 24 be
509 3697 103 27 correct,

85 3734 42 24 the
139 3734 28 25 C.
201 3735 29 25 -1
243 3735 58 25 will
306 3735 53 25 find
369 3736 21 25 it
409 3745 58 24 very
478 3736 103 27 difficult
594 3739 25 24 to

84 3779 38 28 get
134 3786 15 16 a
173 3787 55 16 man
249 3779 61 24 with
322 3779 59 24 such
400 3781 159 24 tremendous
582 3789 37 16 or-

84 3821 115 32 ganising
220 3829 93 23 powers
325 3829 27 17 as
364 3822 70 25 those
446 3823 27 25 of
493 3823 66 26 their
569 3824 52 25 late

85 3866 129 30 secretary.
245 3864 47 25 His
303 3864 47 25 has
363 3864 61 26 been
436 3874 21 18 a.
463 3866 63 24 hard
538 3867 80 31 uphill

83 3908 63 30 fight
159 3910 24 22 to
195 3916 14 16 a
231 3916 58 23 year
301 3916 27 16 or
346 3910 58 29 twp.
418 3917 54 24 ago,
490 3910 50 24 and
562 3918 57 18 now

84 3950 54 24 that
150 3959 96 17 success
257 3951 34 25 ha
289 3954 4 11 ;
293 3958 12 18 s
327 3952 113 24 crowned
451 3952 40 24 his
503 3951 84 26 efforts'
598 3954 20 23 it

82 3992 48 23 wUI
150 3993 29 24 be
200 3993 33 24 all
246 3993 42 24 the
308 4001 78 20 more.
391 3994 51 25 sad.
454 3994 21 23 if
492 3995 32 23 he
535 3995 21 24 is
576 3998 42 22 not

82 4036 87 29 spared
183 4038 24 23 to
221 4036 71 31 enjoy
305 4036 57 25 that
381 4036 167 26 hard-earned
566 4046 51 17 sue-

42 4101 2 2 .
82 4085 59 17 CeSS.
263 4074 10 14 ■'
288 4082 3 8 :
297 4088 3 3 -
298 4078 3 9 ;
308 4086 3 4 '
360 4085 23 12 '■'
399 4090 18 14 .;
453 4093 33 15 .:..;
551 4089 24 16 -.-
611 4078 10 21 '-

117 4156 50 26 The
181 4158 91 32 society
284 4157 28 28 £>f
322 4157 105 33 Cyclists
435 4158 23 25 is
469 4167 15 16 a
493 4159 69 31 large
569 4159 49 25 and
625 4184 1 4 .

86 4204 137 27 represents
226 4201 121 35 tive^body
359 4202 27 24 of
392 4202 138 25 wheelmen
537 4202 82 27 whose
625 4216 1 5 •

86 4243 61 25 aims
155 4266 5 6 ,
160 4252 40 18 are
213 4248 25 29 tp
250 4245 114 26 combine
384 4247 66 23 most
461 4245 122 25 branches
594 4247 26 24 of

88 4287 93 26 science
188 4314 3 3 .
209 4288 61 25 with
300 4289 41 24 the
364 4290 141 31 enjoyrtient
528 4289 27 24 of
559 4297 61 17 -our

86 4331 113 29 pastime;
212 4332 67 24 lEast
291 4332 68 26 week
371 4339 16 17 a
397 4334 66 22 most
473 4332 147 25 instructive

84 4372 158 30 ]ec(u?e;,,wass
254 4375 73 30 given
447 4374 56 24 the.
509 4381 30 17 an
543 4375 83 29 spices;

85 4414 26 24 of
120 4415 42 24 the
175 4417 97 30 Society
293 4416 32 31 by
338 4416 40 24 Mr
400 4416 120 25 Thomas-
529 4416 90 31 Xhinn,

76 4464 44 19 j^
133 4457 201 33 •Improvements
344 4467 27 17 m
378 4459 148 26 Pneumatic
538 4459 82 33 Tyres'

656 210 39 25 Mr
716 210 76 24 Dunn
811 211 66 24 dealt
898 213 64 21 most
981 209 137 32 effectively
1136 209 55 25 with

655 255 49 25 the,
709 254 80 28 wjiole
811 255 117 30 question
945 253 36 29 m.
984 261 23 20 a.
1017 253 76 24 broad
1114 253 77 30 spirit,

655 298 50 24 and
718 296 100 25 showed
837 296 59 25 that'
904 297 31 23 he
946 296 51 24 had
1015 296 71 24 made
1098 303 16 16 a
1125 302 66 17 com-

655 340 151 33 plete-study
817 341 27 25 of
851 340 41 25 the
1041 340 40 24 He
1093 338 98 31 pointed

655 386 46 23 out
710 380 56 28 that
784 391 36 17 we
833 408 3 5 .
843 391 61 21 >vere
924 382 169 32 approaching
1116 382 75 25 closer

655 428 62 24 each
740 427 48 30 day
808 428 26 23 to
842 426 145 30 .-perfection
1009 425 27 24 m
1057 427 54 29 tyre
1134 433 55 16 con-

655 470 129 28 str'uctidn,
800 485 3 3 •
811 485 2 10 :
820 471 84 31 giyirig
913 475 3 4 '
927 468 94 27 Several
1043 470 148 31 interesting

653 512 89 26 details
754 521 33 16 on
799 513 51 24 this
861 514 79 28 point.

690 599 20 28 A!
723 599 78 28 clance
814 601 108 31 recently
935 601 70 31 given
1024 601 31 32 by
1068 602 41 25 the
1121 602 69 31 Lady

654 646 114 32 Cyclists'
777 644 3 9 :
791 646 155 24 Association
958 653 50 17 was
1021 654 15 16 a
1047 647 69 30 great
1137 653 52 16 suc-

652 697 62 21 cess..
750 689 53 24 The
816 689 145 28 Frnsiden-fcj!
973 689 49 27 the-
1029 689 123 28 Qountess
1166 688 26 24 of

653 727 175 36 Maimesbury,
847 740 51 17 was
916 733 109 30 present,
1044 733 49 23 and
1113 731 76 25 inter-'

653 777 66 27 ested
731 773 92 28 herself
837 776 89 30 keenly
935 776 28 23 m
973 776 45 25 .the
1029 775 160 33 proceedings

652 820 204 30 of.theeyenirg.
876 820 53 23 The
942 819 122 24 Countess
1076 820 45 23 not
1130 818 59 31 only

651 863 70 31 gives,
731 854 173 36 this.ciub.the
915 862 96 26 benefit.
1019 862 27 24 of
1055 862 45 24 her
1109 869 78 20 name,

651 906 45 24 but
707 907 21 23 is
745 905 56 28 ,also
824 905 68 25 often
916 913 55 16 seen
996 906 26 23 at
1045 905 64 24 their
1132 904 56 25 club

644 957 74 20 •runs,
737 950 71 30 being
820 958 14 15 a
848 951 66 22 most
926 949 164 24 enthusiastic
1099 948 88 24 wheel-

641 1008 3 3 •
652 992 112 28 w&iiiahy
773 1011 5 2 -

644 1085 2 7 1
685 1083 105 31 Cycling
800 1084 159 31 gymkhanas
968 1084 50 23 will
1031 1084 63 24 form
1107 1091 15 16 a
1131 1090 57 23 very

650 1128 135 29 important
804 1127 61 23 item
883 1127 27 23 m
934 1134 76 22 many
1031 1126 90 30 society
1135 1127 42 22 out
1177 1124 10 20 l-

644 1168 66 26 idoor
730 1170 207 26 etiterfca;inments
1067 1169 42 23 the
1122 1177 66 18 cpm-_

650 1214 43 32 ing
714 1220 116 21 summer.-
845 1220 97 19 season.
988 1212 52 24 The
1058 1211 129 31 Kanelagh

742 1256 21 24 is
792 1255 94 32 largely
914 1255 154 30 responsible
1090 1255 39 24 for
1146 1254 42 23 the

649 1298 180 29 popjilarifcy.of
846 1298 77 23 wheel
934 1298 152 29 gymkhana.

683 1386 106 34 Royalty
809 1386 125 24 continues
953 1387 26 22 to
1002 1386 57 24 take
1082 1394 13 15 a
1118 1387 70 29 great

650 1430 105 24 interest
765 1428 26 24 m
804 1429 87 31 things
902 1428 105 32 cycular.
1044 1428 83 25 There
1141 1428 23 24 is
1173 1436 15 16 a

650 1473 63 25 class
718 1480 4 7 '
725 1472 42 24 for-
774 1472 132 31 beginners
911 1472 35 24 •of
967 1472 27 24 th
997 1479 13 17 c
1032 1480 45 23 pas
1079 1470 60 26 time
1146 1484 4 2 -
1162 1472 25 24 m

650 1517 51 28 the;.
711 1515 71 28 .Weit
793 1515 66 30 End,
878 1515 80 25 under
977 1515 44 25 the
1027 1515 124 33 -guidance
1163 1515 26 25 of

651 1560 61 24 Miss
725 1559 85 24 Stuart
824 1559 78 25 Snell-.
938 1559 60 24 This
1010 1558 57 32 lady
1078 1559 110 31 recently

648 1602 132 32 ■organised
792 1609 32 18 an
837 1602 194 28 entertainment,
1051 1602 137 31 consisting

650 1644 27 27 6f
688 1644 106 26 musical
805 1645 86 29 riders,
902 1646 34 26 .at
948 1644 81 25 which
1052 1645 42 24 the
1117 1644 70 24 Prin-

650 1695 53 18 cess
724 1688 27 23 of
770 1687 84 25 Wales
871 1686 123 28 attended,
1013 1686 175 31 accompanied

650 1731 32 31 by
699 1729 45 26 her
767 1730 49 24 two
833 1729 143 31 daughters,
1007 1728 42 24 the
1071 1729 116 25 Princess

649 1773 109 25 Victoria
767 1772 50 25 and
829 1771 113 26 Duchess
954 1771 27 26 of
990 1771 63 26 Fife.

640 1861 84 27 '.'Sir
752 1861 92 26 Robert
867 1861 88 31 Raper,
974 1862 26 24 at
1024 1862 42 24 the
1089 1861 94 25 annual

649 1905 111 31 meeting
779 1905 27 25 of
828 1905 43 25 the
891 1904 146 25 Chichfistcr
1062 1904 58 25 0.0.
1137 1904 50 26 last

649 1949 73 28 week,
741 1949 50 24 had
803 1956 15 18 a
838 1949 47 25 few
896 1948 148 32 interesting
1063 1948 86 32 things
1161 1950 26 22 to

649 2001 42 22 say
703 1992 76 25 about
790 1992 43 25 the
844 1992 116 31 pastime.
996 1992 41 24 He
1056 1992 54 24 said
1131 1992 55 24 that

649 2036 94 29 twenty
762 2042 71 24 years
845 2042 55 24 ago,
920 2034 84 26 when,
1014 2034 32 25 he
1058 2034 101 25 became
1171 2042 15 17 a

649 2079 128 30 supporter
799 2078 28 24 of
847 2078 56 24 that
925 2077 65 29 club,
1016 2078 97 31 cycling
1136 2086 50 16 was

648 2121 76 25 much
752 2121 108 31 thonght
882 2120 33 29 of,
943 2121 44 24 but
1011 2128 57 17 now
1090 2121 21 25 it
1134 2121 51 24 had

638 2164 110 26 'become
768 2171 47 17 one
826 2164 28 25 of
870 2164 43 25 the
924 2166 65 23 most
1009 2164 102 32 popular
1127 2172 56 24 pas-

647 2208 72 24 times
745 2206 27 25 of
793 2206 43 25 the
846 2223 3 3 •
859 2207 46 30 day
906 2222 33 2 —
940 2215 15 16 a
983 2208 69 29 sport
1080 2207 38 24 for
1141 2207 43 24 the

638 2248 126 24 •residents
784 2248 28 24 of
831 2249 84 30 palace
932 2248 49 24 and
1001 2250 98 29 cottage
1111 2249 71 23 alike.

637 2291 80 32 'They
736 2290 59 25 read
807 2291 28 24 of
852 2291 120 24 members
984 2291 25 24 of
1026 2291 68 32 royal
1113 2291 70 24 fami-

645 2335 45 24 lfea
709 2335 99 31 taking'
816 2335 64 27 their
900 2335 69 31 daily:
989 2334 71 30 rides,
1079 2335 50 24 and
1151 2334 32 25 he

639 2379 146 33 }often;;;saw
800 2378 96 25 'Siissex
915 2378 133 28 labourers,
1062 2378 76 31 going
1157 2379 26 24 to

640 2421 73 25 -work
741 2429 33 16 on
802 2429 67 17 some
892 2421 99 24 ancient
1014 2422 76 28 cycle.
1143 2420 40 24 He

638 2461 126 29 'warned'
781 2460 44 30 the
853 2464 123 26 members
1139 2465 44 25 the

640 2507 170 27 'abominable;
828 2508 106 32 practice
955 2507 27 25 of
1009 2508 172 31 ''scorching,"

640 2548 85 28 'which
746 2558 50 18 was
819 2551 136 25 calculated
968 2552 32 24 to-
1017 2551 32 25 do
1060 2551 98 32 cycling
1169 2560 14 15 a

637 2592 71 34 'good
720 2594 55 24 deal
793 2594 28 24 of
834 2594 81 24 harm.
950 2594 28 24 If
995 2594 59 31 they
1073 2594 43 24 did
1138 2596 45 26 not

646 2639 60 29 obey
718 2637 42 24 the
770 2636 61 26 laws
844 2636 49 26 ar.d
900 2636 81 25 follow
993 2636 44 26 the
1049 2645 57 24 easy
1115 2637 68 25 rules

645 2681 52 23 laid
705 2704 5 3 .
717 2679 79 29 down,
814 2680 60 31 they
885 2680 82 31 might
988 2680 53 24 find
1064 2681 42 23 the
1124 2687 59 24 gov-

646 2723 89 30 erning
741 2722 150 25 'authorities
902 2722 100 31 placing
1021 2723 71 24 them
1104 2722 81 35 undqr

646 2765 154 32 regulations
811 2764 82 25 which
905 2764 83 25 would
1005 2764 30 25 be
1047 2765 138 24 restrictive

640 2809 56 24 •and
708 2808 173 28 burdensome,
892 2807 101 31 thereby
1002 2807 128 32 depriving
1142 2808 43 24 the

647 2852 89 24 honest
762 2851 85 30 cyclist
871 2850 44 25 the
943 2851 56 23 true
1030 2852 105 23 amount
1159 2852 27 23 of

639 2895 130 31 .pleasure.
800 2913 14 15 _..
900 2909 29 16 :;;
1021 2914 48 9 .......
1102 2898 6 20 ?
1124 2904 1 1 ■

642 3006 2 2 .
654 2982 3 21 i
682 2982 86 31 Cycles
781 2982 49 24 and
841 2982 145 31 cycle-tyres
1004 2982 63 24 have
1088 2983 97 24 become

648 3034 27 17 so
687 3027 137 30 important
840 3034 30 16 an
880 3026 59 24 item
951 3025 27 24 m
990 3025 116 25 financial
1118 3026 66 24 deal-

647 3070 57 31 ings
716 3069 56 24 that
785 3077 33 16 we
838 3069 63 25 have
911 3076 57 17 now
980 3077 15 16 a
1014 3077 75 24 paper
1108 3069 78 25 called

650 3112 91 32 •'Cycle
753 3111 88 29 Trade.
845 3112 134 30 Finance,"'
998 3112 84 25 issued
1102 3112 26 25 m
1145 3114 40 23 the

649 3155 113 24 interests
781 3154 26 24 of
823 3154 127 24 inventors
969 3154 26 24 m
1014 3154 98 33 cycling
1131 3163 54 23 pro-

649 3198 97 31 perties.
781 3197 31 24 In
824 3199 69 22 these
904 3198 68 31 days,
985 3198 61 24 with
1058 3206 53 16 new
1119 3198 67 32 cycle

649 3241 49 24 and
718 3242 54 30 tyre
790 3241 140 31 companies
953 3241 89 25 almost
1060 3241 126 33 tumbling

649 3293 58 17 over
718 3285 61 24 each
798 3285 72 24 other
881 3285 27 24 m
929 3285 65 24 their
1011 3293 129 23 eagerness
1161 3288 25 22 to

649 3331 101 29 capture
770 3328 43 24 the
825 3328 57 24 cash
901 3328 27 25 of
941 3328 130 31 investors,
1096 3330 59 23 such
1173 3338 13 15 a
1194 3333 2 19 I

649 3379 82 24 paper,
749 3371 21 24 if
779 3371 138 25 conducted
936 3379 33 17 on
989 3372 107 31 straight
1114 3372 71 30 lines,

649 3415 91 25 should
759 3422 74 24 prove
851 3415 141 24 invaluable
1004 3417 26 22 to
1050 3416 72 24 those
1133 3416 54 24 who

648 3459 133 31 recognise.,
795 3458 43 25 the
859 3458 72 25 value
943 3458 28 23 of
987 3459 161 24 investments
1160 3459 26 23 m

648 3502 77 31 really
733 3509 4 3 '
748 3503 80 23 sound
839 3502 65 31 cycle
920 3509 127 22 concerns,
1070 3502 50 24 and
1131 3502 55 24 who

648 3546 53 24 find
713 3545 118 32 difficulty
852 3546 25 23 m
890 3545 141 31 separating
1042 3545 43 25 the
1106 3545 82 25 wheat

649 3590 63 23 from
724 3588 43 24 the
779 3588 74 24 chaff.

681 3681 53 24 The
757 3681 137 24 moderates
906 3681 49 24 and
974 3681 165 31 progressives
1158 3680 28 24 of

647 3724 97 32 cycling
764 3724 51 25 had
826 3732 15 17 a
853 3725 78 31 tough
951 3724 78 25 tussle
1041 3725 50 24 last
1113 3724 74 32 night

648 3772 25 21 at
686 3768 43 25 the
739 3768 106 25 London
864 3768 101 28 Tavern,
983 3768 73 25 when
1068 3768 43 25 the
1124 3770 63 22 most
1194 3767 2 32 |

647 3812 137 31 important
795 3810 100 25 N.C.U.
908 3812 96 23 centres
1012 3810 56 25 that
1080 3810 26 24 of
1115 3811 66 23 Lon-
1191 3836 3 4 ,

638 3855 65 28 .don,
731 3855 49 22 met
803 3854 113 31 together
936 3855 26 23 to
985 3854 76 24 select
1081 3854 102 23 officials

647 3897 50 25 and
708 3896 156 25 committees
877 3897 38 24 for
927 3897 42 24 the
992 3905 67 23 year.
1107 3896 79 24 There

648 3948 63 17 were
722 3940 68 31 quite
804 3941 48 22 100
861 3940 124 30 delegates
997 3940 60 24 from
1071 3939 115 24 affiliated

647 3983 69 24 clubs
735 3984 110 28 present.
882 3982 24 23 It
918 3982 21 23 is
951 3982 86 23 rather
1049 3982 98 23 curious
1160 3984 25 21 to

647 4027 59 23 note
718 4024 55 24 thai
784 4024 52 28 the,
840 4024 70 24 head,
923 4024 29 24 of
967 4024 43 23 the
1030 4023 157 32 Progressive

647 4068 73 34 party
731 4074 69 17 came
808 4068 44 23 out
864 4073 33 17 on
906 4066 42 23 the
960 4068 42 28 top
1014 4066 26 24 of
1049 4066 42 23 the
1099 4066 52 29 poll
1160 4066 26 22 m

647 4118 41 24 the
699 4113 87 34 voting
793 4116 43 25 'for
841 4114 159 33 <jqHn'cillors,
1013 4114 121 31 although
1145 4114 45 24 the

647 4158 128 28 Moderate
787 4160 123 31 party-got
922 4158 42 25 the
976 4156 93 33 largest
1082 4156 105 26 number

643 4204 32 25 :of
678 4225 3 2 .
694 4203 214 32 representative^.
957 4201 29 30 B.
1002 4208 102 25 appears
1122 4201 63 24 -that

646 4254 99 24 anyone
773 4245 57 25 who
844 4245 60 24 .has
915 4249 13 25 ;;
931 4243 139 32 competed-
1077 4247 3 7 '
1088 4243 107 31 against'

649 4290 147 30 Champion,
805 4293 3 5 '
823 4289 41 24 the
887 4288 74 23 latest
984 4287 26 23 of
1031 4286 75 31 speed
1125 4294 63 16 mer-

799 4332 74 23 liable
885 4332 31 23 to'
932 4330 155 30 suspension.
1135 4328 53 24 Un-

649 4374 152 30 fortunately
812 4374 38 24 for
859 4374 49 22 Lin
910 4374 42 22 ton
980 4372 33 23 he
1020 4372 22 24 is
1054 4370 137 25 numbered

784 4415 79 26 tlidse-
875 4414 54 26 wlio
927 4415 3 8 :
936 4420 69 25 -may
1018 4422 75 16 .come
1115 4413 76 25 under

711 4459 111 33 penalty.
835 4460 100 9 ''"'
975 4470 2 5 ■
1015 4453 3 8 '
1051 4468 25 14 •/
1124 4456 71 33 '..'.."..,

1325 198 317 32 VALEDICTORY.

1254 280 24 24 It
1299 280 94 31 having
1416 281 99 23 become
1534 280 90 24 known
1645 280 55 24 that
1718 280 39 22 Mr

1221 320 106 27 Thomas
1351 322 106 26 Watson
1480 330 47 18 was
1559 323 74 25 about
1654 323 26 25 to
1703 322 54 26 take

1221 366 61 23 unto
1302 365 103 25 himself
1426 374 14 16 a
1451 366 55 25 wife
1527 366 49 24 and
1595 366 85 31 depart
1698 366 59 23 with

1219 407 46 24 her
1287 410 26 22 to
1332 409 44 23 the
1396 409 41 24 old
1458 411 112 29 country,
1600 407 45 25 his'
1662 408 95 24 friends

1221 457 62 18 were
1293 451 152 25 determined
1458 452 55 24 that
1525 452 32 24 he
1570 451 91 24 should
1673 453 44 22 not
1726 451 31 24 do

1220 501 27 17 so
1268 494 105 25 without
1394 495 128 30 accepting
1543 494 85 24 tokens
1649 494 27 24 of
1695 494 62 24 their

1220 537 115 25 affection
1351 538 49 24 and
1413 537 95 32 regard,
1527 537 50 25 and
1589 537 43 25 the
1644 539 113 23 outcome

1221 588 48 17 was
1282 588 15 16 a
1317 581 166 24 combination
1496 580 27 25 of
1539 580 43 25 the
1599 579 120 25 members
1732 580 25 24 of

1220 623 42 24 the
1275 624 93 24 Oxford
1381 624 109 24 W.M.C.
1513 624 49 23 and
1575 623 42 24 the
1635 624 120 23 members

1218 666 27 23 of
1256 666 43 24 the
1320 666 90 31 Jockey
1423 666 71 24 Club.
1530 666 54 24 The
1597 673 158 23 programme

1217 709 28 23 m
1256 709 99 24 honour
1367 709 26 23 of
1403 709 66 24 their
1481 710 71 29 guest
1564 709 125 23 consisted
1699 709 56 23 first

1217 751 27 23 m
1273 758 14 16 a
1317 751 124 24 bountiful
1470 751 116 24 collation
1611 751 81 25 which
1715 752 40 24 the

1218 792 130 25 Caretaker
1371 793 137 26 undertook
1527 795 26 23 to
1576 794 109 31 provide-
1697 795 25 24 at
1743 803 12 14 a

1217 838 111 23 nominal
1339 837 79 31 figure
1431 845 42 23 per
1487 838 71 28 head,
1577 838 61 23 then
1656 845 99 22 presen-

1218 880 90 23 tations
1320 880 50 23 and
1382 880 62 24 altar
1457 882 53 22 that
1522 880 42 24 the
1577 880 72 23 usual
1670 880 78 31 Loyal

1217 921 49 24 and
1276 922 120 24 Piitviotic
1410 925 84 27 toasts,
1508 923 78 24 lriu'sic
1657 922 98 31 general

1217 964 166 31 conviviality.
1417 966 134 31 Including
1571 965 99 25 visitors
1692 965 61 24 from

1219 1007 130 29 Malverne,
1397 1008 62 25 Cust
1488 1009 49 24 and
1567 1008 186 24 Christchurch.

1222 1050 82 26 4bout
1329 1052 47 26 100
1390 1057 4 20 I
1400 1052 139 31 gentlemen
1560 1057 64 20 were
1647 1053 108 29 present,

1217 1094 50 23 and
1290 1094 44 24 the
1355 1095 55 24 first
1433 1097 54 29 part
1500 1096 27 24 of
1537 1096 48 23 .the
1603 1103 152 22 programme

1216 1135 92 32 having
1318 1137 60 23 been
1389 1137 115 31 disposed
1513 1137 26 25 of
1546 1145 5 21 ;
1565 1138 44 24 the
1616 1137 139 29 President,

1219 1180 40 24 Mr
1271 1180 69 24 Alex.
1366 1179 149 25 Henderson
1537 1188 55 16 rose
1612 1184 24 24 tp
1651 1179 104 32 'explain

1217 1223 43 25 the
1272 1223 81 31 object
1365 1223 27 24 of
1402 1223 42 24 the
1457 1223 140 32 gathering,
1619 1223 51 25 and
1681 1223 74 32 spoke

1216 1267 26 25 m.
1257 1275 55 22 very
1325 1266 129 31 eulogistic
1466 1275 78 16 terms
1557 1267 27 24 of
1595 1268 64 24 their,
1667 1289 2 2 .
1677 1269 78 29 guest,

1292 1310 85 29 regret
1386 1315 27 17 at
1430 1310 100 29 parting
1541 1310 65 22 from
1623 1309 62 30 him,
1706 1310 49 22 and

1216 1350 66 25 their
1293 1351 113 30 pleasure
1426 1351 26 24 m
1465 1351 131 30 expecting
1619 1353 25 22 to
1656 1352 99 24 witness

1216 1393 39 25 his
1266 1394 153 31 prospective
1429 1393 136 32 happiness
1577 1402 6 21 ;
1602 1393 55 25 The
1670 1395 84 24 Chair-

1216 1444 60 17 man
1287 1437 61 24 then
1356 1437 129 30 presented
1494 1435 26 26 to
1532 1437 54 24 him
1595 1445 15 16 a
1619 1437 136 26 handsome

1216 1480 95 25 marble
1324 1480 70 25 clock
1405 1480 26 24 m
1444 1480 43 25 the
1499 1488 75 17 name
1587 1480 27 25 of
1626 1480 44 25 the
1690 1480 65 30 club,

1216 1524 50 24 and
1276 1525 72 23 other
1363 1524 169 32 contributing
1547 1524 94 25 friends
1653 1525 50 25 and
1717 1525 38 25 Mr

1217 1567 39 25 W.
1269 1567 102 25 Bassett
1390 1568 137 30 presented,
1538 1574 26 18 to
1588 1568 54 24 him
1663 1567 27 25 m
1713 1565 42 28 the

1215 1617 75 17 name
1301 1610 28 25 of
1345 1611 43 24 the
1409 1610 94 32 Jockey
1515 1610 64 25 Club
1599 1619 15 16 a
1626 1618 57 25 very
1700 1611 55 25 nice

1216 1653 134 31 travelling
1386 1655 185 29 portmanteau;,
1590 1654 62 24 with
1684 1654 71 25 other

1216 1696 135 24 souvenirs.
1387 1695 41 24 Mr
1449 1696 103 26 Watson
1572 1696 93 31 replied
1673 1697 39 23 ■m
1741 1705 14 16 a

1214 1740 60 24 neat
1285 1738 66 25 little
1362 1738 90 32 speech
1472 1739 142 33 expressing
1625 1739 41 25 his
1677 1740 76 32 grati-

1216 1781 59 25 tude
1285 1781 39 25 for
1344 1781 43 25 the
1401 1783 109 29 general.-
1518 1783 119 25 kindness
1654 1783 57 25 that
1722 1783 33 25 he

1216 1823 50 24 had
1276 1825 58 25 met.
1337 1824 65 25 .with
1413 1824 69 25 since
1490 1825 32 24 he
1530 1825 49 24 bad
1591 1825 42 24 the
1640 1825 114 31 pleasure

1215 1865 27 25 of
1250 1866 114 31 residing,
1375 1869 116 30 amongst
1512 1868 77 28 them,
1608 1868 50 25 and
1669 1868 33 26 he
1713 1877 40 16 re-

1214 1909 97 32 gretted
1331 1910 57 24 that
1406 1909 32 25 he
1450 1912 70 24 must
1543 1912 40 24 for
1603 1919 16 16 a
1630 1911 62 26 time
1701 1919 54 25 ,say

1214 1953 63 30 good
1297 1954 45 31 bye
1365 1955 26 23 to
1400 1962 8 23 ;
1414 1954 63 24 such
1485 1954 84 32 .loyal
1588 1955 102 29 friends,
1709 1955 45 24 but

1214 1995 82 31 hoped
1315 1998 26 22 to
1353 1998 66 23 meet
1440 1997 70 24 them
1525 1997 84 31 again>
1630 1997 73 25 when
1722 1999 32 24 he

1214 2039 99 24 assured
1325 2039 68 24 them
1405 2039 57 26 that
1476 2040 105 32 nothing
1593 2048 31 17 on
1644 2033 41 33 hiis
1699 2042 54 31 part

1214 2080 92 26 should
1323 2084 103 29 prevent
1445 2083 44 24 the
1511 2091 80 17 same,
1603 2084 94 25 cordial
1717 2091 36 17 re-

1214 2125 90 24 lations
1323 2124 128 33 obtaining
1470 2134 26 16 as
1508 2126 73 25 those
1600 2134 56 19 now
1675 2127 26 24 m
1714 2135 39 17 ex-

1213 2167 94 25 istence
1327 2167 108 26 between
1454 2169 78 25 them.
1579 2169 52 24 The
1654 2169 40 26 Ka
1714 2170 40 25 Ka

1213 2210 128 25 Minstrels
1362 2220 71 22 gave,
1443 2212 117 34 valuable;
1573 2213 57 27 aid..
1629 2214 37 23 .in
1689 2214 65 24 min-

1211 2252 104 31 istering
1336 2254 26 23 to
1381 2253 44 24 the
1438 2253 84 32 jollity
1541 2255 28 24 of
1584 2255 43 23 the
1638 2256 117 30 evening,'

1212 2296 54 23 and'
1274 2302 70 24 song,
1361 2296 68 24 toast
1435 2296 55 25 .and
1502 2294 142 33 reciftilions
1658 2297 95 26 follow-

1211 2337 29 24 ed
1260 2338 49 24 fast
1330 2339 51 23 and
1392 2339 100 31 furious,
1511 2340 51 24 and
1573 2337 180 36 good,.fellow-

1215 2380 56 32 ship
1283 2381 101 31 reigned
1394 2381 140 31 supreme.-,
1548 2394 3 5 •
1567 2382 79 32 Space
1658 2384 97 27 forbids

1212 2420 62 28 eveik
1286 2424 70 25 short
1376 2421 221 38 criticisM'^f'.the;
1615 2434 77 26 many
1712 2423 43 30 cxl'

1209 2465 92 28 bellent
1326 2468 117 32 speeches
1464 2463 130 35 delivereil,
1602 2468 3 6 '
1616 2469 43 29 the
1681 2473 73 22 drerne

1210 2511 30 23 de
1260 2507 50 28 H&~
1316 2513 89 23 '"c'renve
1412 2526 4 4 ■
1429 2512 27 24 of
1476 2511 118 27 '/which'
1607 2512 75 32 being
1687 2514 68 26 ..j;the.

1211 2562 59 17 one:
1287 2555 38 24 m-
1356 2555 84 26 which!
1462 2555 50 25 M'k
1532 2556 51 28 ••£.-.
1600 2555 154 38 .Hen^grson

1210 2598 104 30 replied-
1327 2601 26 22 to
1379 2599 44 24 the
1443 2600 67 23 toast
1531 2599 24 31 of,
1562 2599 71 24 -the
1640 2599 111 29 .Ladies,

1211 2641 103 31 making
1326 2649 15 16 a
1362 2649 57 24 very
1437 2641 134 26 humorous
1589 2642 97 32 speech,
1691 2667 27 7 „„

1214 2694 5 5 *
1246 2684 71 24 After
1337 2692 15 16 a
1365 2686 63 22 most
1446 2685 121 25 convivial
1586 2693 103 24 evening
1689 2686 63 24 'the

1212 2726 71 32 party
1306 2724 129 30 separated
1459 2725 64 24 after
1549 2723 204 33 s'inging..,f'A\uld

1212 2766 73 32 Lang
1567 2767 2 2 '
1633 2772 31 11 ■•■-
1683 2768 72 14 ■■■■■-'-■■

1324 2873 141 27 ANNUAL
1483 2876 162 30 MEETING

1224 2920 86 29 EAST
1331 2920 129 29 OXFORD
1481 2920 107 29 DIST.
1609 2920 128 29 SCHOOL

1248 2987 54 25 The
1322 2988 147 26 Committee
1627 2982 58 44 ihjit
1707 2991 44 24 the

1213 3032 109 29 grounds
1345 3032 49 23 and
1407 3033 124 32 buildings
1551 3041 64 18 were
1638 3034 24 23 m
1688 3034 64 31 good

1215 3073 134 29 condition,
1368 3074 50 25 and
1440 3076 130 31 according
1594 3078 34 24 to!
1644 3076 44 25 the
1709 3076 42 25 In-

1215 3118 210 30 spectors-report
1444 3119 43 24 the
1498 3119 86 25 school
1605 3119 52 24 had
1679 3120 73 24 rriade

1215 3161 156 32 satisfactory
1382 3165 132 28 progress.'
1553 3182 3 4 .
1577 3180 4 6 ,
1618 3175 30 11 ■,-..

1382 3205 107 25 Balance
1502 3205 84 26 Sheet.

1250 3271 52 24 The
1323 3271 112 32 Eeceipts
1454 3268 69 29 were'
1533 3271 70 27 £s66
1624 3273 52 24 12s.
1697 3272 55 25 lOd.

1216 3314 49 24 and
1295 3315 42 24 the
1360 3315 171 31 Expenditure
1554 3318 68 23 £553
1641 3317 52 24 11s.
1712 3316 41 25 Od.

1215 3357 101 32 leaving
1335 3366 14 16 a
1368 3358 108 26 Balance
1497 3359 27 25 of
1549 3360 52 26 £18
1632 3361 34 23 Is.
1697 3360 57 24 lOd.

1216 3400 104 32 Against
1338 3402 79 24 which
1429 3402 96 25 outside
1544 3402 125 26 liabilities
1682 3404 74 24 about

1215 3445 35 23 £7
1268 3445 37 23 Os.
1325 3445 40 23 Od.
1396 3451 3 5 ■

1250 3487 52 24 The
1319 3488 80 30 report
1419 3488 49 23 and
1486 3488 108 25 Balance
1606 3488 68 26 sheet
1693 3497 62 16 were

1216 3529 113 32 adopted.

1250 3573 69 24 After
1342 3572 80 25 which
1457 3574 39 24 Mr
1528 3574 94 24 Stubbs
1652 3575 104 24 vacated

1217 3617 41 23 the
1272 3616 75 24 Chair
1359 3615 49 25 and
1425 3615 39 25 Mr
1483 3616 69 25 John
1576 3616 105 31 Ingram
1704 3624 50 17 was

1215 3658 101 25 elected.
1705 3663 3 5 '

1249 3701 40 24 Mr
1305 3701 91 24 Parish
1418 3701 122 32 proposed
1563 3701 48 25 and
1640 3701 41 24 Mr
1704 3702 50 25 Lee

1215 3744 129 30 seconded,
1365 3744 56 26 that
1434 3744 42 26 the
1498 3745 82 25 North
1601 3744 153 33 Canterbury

1215 3788 82 24 Board
1319 3789 25 23 of
1366 3788 140 26 Education
1529 3789 31 24 be
1577 3789 129 31 requested
1728 3790 27 24 to

1215 3831 65 25 limit
1292 3831 43 25 the
1358 3831 114 32 holidays
1494 3834 25 23 to
1533 3834 13 23 6
1560 3832 81 25 weeks
1664 3832 92 31 during

1215 3874 43 25 the
1279 3882 66 24 year,
1364 3879 49 20 and
1434 3882 33 17 on
1488 3875 93 31 calling
1601 3875 37 24 for
1661 3882 16 17 a
1688 3875 66 24 show

1215 3916 27 25 of
1257 3917 80 24 hands
1361 3918 43 25 the
1428 3918 95 24 motion
1541 3925 50 18 was
1614 3918 50 24 lost
1687 3918 32 30 by
1739 3924 15 17 a

1215 3960 75 24 small
1307 3960 128 30 majority.

1248 4002 45 24 'An
1305 4024 3 4 .
1321 4002 162 25 amendment
1511 4002 120 31 proposed
1658 4001 34 32 by
1715 4002 40 24 Mr

1217 4045 88 30 Lugar>
1312 4045 54 23 that
1372 4066 3 3 .
1380 4045 42 24 the
1440 4045 75 24 above
1526 4045 138 25 resolution
1686 4044 31 25 be
1740 4052 16 16 a

1215 4087 227 24 recommendation
1455 4089 26 22 to
1493 4085 42 26 the
1551 4084 126 33 incoming
1688 4094 66 17 com-

1217 4127 86 37 mittee
1315 4137 48 16 was
1374 4130 45 24 not
1431 4129 130 26 seconded^
1589 4143 4 3 -

1250 4167 54 30 the
1344 4172 138 26 Chairman
1519 4169 60 28 then
1608 4172 78 25 called
1719 4172 37 25 for

1217 4216 176 29 nominations,
1400 4216 65 29 .and.
1482 4216 42 26 the
1544 4216 121 34 outgoing
1688 4223 68 17 com-

1218 4259 86 24 mittee
1332 4259 147 26 nominated
1506 4258 65 25 each-
1589 4259 89 28 -other,
1707 4258 49 24 and

1219 4310 60 16 were
1300 4302 93 28 ejected
1411 4303 107 23 without
1540 4302 156 30 opposition^
1701 4302 55 23 -and

1209 4344 50 28 :Me
1296 4344 93 24 Arthur
1414 4344 96 27 .Stubbs
1525 4364 3 7 ;
1538 4351 51 18 was
1598 4343 2 24 !
1606 4365 7 4 ,
1624 4344 133 24 re-eleoted

1209 4386 154 28 .Chairman,
1392 4386 49 23 and
1462 4394 15 16 a
1499 4386 55 24 vote
1578 4385 26 24 of
1626 4385 94 24 thanks;
1732 4389 28 20 fa

1220 4429 42 29 the;
1273 4429 16 26 '
1289 4429 133 26 Chairman
1432 4431 4 27 ;
1442 4428 145 26 terminated
1612 4427 45 25 the
1679 4430 77 22 meet-

1218 4468 115 37 ing.'"...
1371 4477 2 1 ■
1431 4482 15 26 ;•
1464 4475 3 10 ;
1535 4491 4 3 -
1571 4468 3 2 '
1708 4485 3 2 ■
1730 4479 30 26 v/j

1888 200 183 28 WOODSIDE
2091 204 134 27 SCHOOL

1809 254 248 32 COMMITTEE
2074 259 227 32 ELECTION.

1819 333 84 27 About
1920 344 16 16 a
1955 344 67 18 score
2040 337 27 25 of
2082 337 179 28 houj-eh'olders
2282 349 39 16 as-

1786 378 110 25 sembled
1918 381 26 22 m
1967 381 44 24 the
2030 381 131 26 Woodside
2181 383 89 26 School
2290 393 31 17 on

1786 421 108 32 Monday
1913 422 38 25 for
1962 423 43 25 the
2025 432 104 23 purpose
2148 427 26 24 of
2191 428 108 31 electing,
2306 436 15 18 a

1785 464 142 26 committee
1945 466 39 24 for
1996 466 42 25 the
2058 470 103 31 ensuing
2179 478 66 24 year.
2281 472 40 25 Mr

1784 507 140 31 Framptbn
1946 509 120 31 presided.
2113 511 51 26 The
2187 516 81 30 report
2296 516 27 24 of

1785 550 43 24 the
1851 553 120 31 outgoing
1993 556 141 24 committee
2158 557 97 25 showed
2265 569 3 8 -
2278 560 42 24 the

1785 593 83 26 school
1881 596 25 23 to
1918 595 30 25 be
1960 596 26 24 m
1996 605 13 16 a
2019 595 157 36 satisfactory
2186 601 133 31 condition,

1784 636 44 24 the
1840 636 151 32 Inspector's
2004 642 82 28 report
2098 635 74 39 being
2179 642 141 28 considered

1784 680 71 30 good.
1892 681 78 25 There
1981 684 63 25 was':,
2051 690 15 17 a
2086 685 78 24 credit
2176 683 101 28 balaifce
2296 689 26 24 of

1784 731 14 15 a
1821 723 66 25 little
1910 733 58 17 over
1991 726 46 25 £4.
2091 727 78 25 There
2192 737 63 17 were
2279 732 41 23 ten

1785 767 163 36 nominations
1978 768 49 25 and
2056 769 43 24 the
2122 772 77 24 result
2230 772 28 24 of
2278 773 42 25 the

1784 807 75 28 ballot
1888 819 51 17 wa3
1967 812 24 24 J.
2000 836 5 2 .
2022 812 150 35 Youngman
2199 817 39 27 11,
2285 817 35 25 H.

1785 853 93 24 M'brm
1893 854 76 28 9;'A:
1981 850 181 37 'Fraiaptbn"s,
2174 857 37 26 -B.
2233 859 87 26 March

1785 897 39 26 13,
1844 896 34 24 H.
1892 896 63 25 Free
1968 898 23 29 9,
2011 898 24 24 J.
2048 899 66 32 Lilly
2132 902 23 28 9,
2174 901 24 24 J.
2211 902 110 25 Bb'nisch

1784 939 40 28 16,
1856 939 38 25 W.
1919 941 118 25 Vallance
2059 942 50 34 !£,.
2129 944 30 24 A.
2180 945 81 31 Bbyer
2280 948 39 29 10,

1785 983 29 22 A.
1829 982 119 25 Vailance
1962 985 31 23 12
2003 1010 2 4 ,
2037 985 22 24 A
2071 988 93 23 second
2173 988 76 25 ballot
2254 997 66 17 .was

1786 1024 74 25 taken
1888 1026 38 24 for
1949 1026 90 26 Messrs
2071 1029 70 29 Free,
2176 1031 68 32 Lilly
2272 1034 55 23 and-

1785 1068 99 25 Morris.
1932 1070 56 24 .The
2017 1073 134 25 successful
2157 1073 12 12 '•'
2178 1076 144 25 candidates

1784 1111 120 25 therefore
1929 1120 41 17 aae
1993 1114 92 25 Messrs
2109 1116 24 24 J.
2159 1117 160 31 Youngman,

1785 1153 33 24 H.
1844 1153 98 31 Morris,
1976 1157 30 25 R.
2021 1180 3 2 .
2036 1158 93 26 Marsh.
2157 1160 24 24 J.
2202 1162 125 32 Bonisch,;

1785 1194 44 27 W:
1838 1197 127 32 Vallance,
1984 1200 30 24 A.
2036 1200 88 32 Boj-er,
2143 1204 43 24 A;.
2193 1204 129 32 Vallance,

1786 1242 35 24 At
1833 1249 15 17 a
1860 1243 152 32 subsequent
2023 1247 108 31 meeting
2141 1249 27 23 of
2178 1249 144 27 Committee

1785 1284 39 23 Mr
1835 1284 152 33 Youngman
2004 1296 50 16 -was
2071 1289 91 26 elected
2171 1299 3 2 ■
2183 1293 144 28 chairman,,

1784 1327 49 25 and
1854 1327 42 24 Mr
1920 1329 37 24 W.
1979 1331 117 25 .Vallance
2118 1334 27 24 to
2165 1336 157 31 countersign

1784 1372 114 32 cheques.
1932 1374 56 25 The
2007 1375 178 28 Examination
2197 1380 83 30 report
2299 1381 26 24 of

1784 1416 44 24 the
1840 1416 85 26 school
1934 1419 76 25 states
2021 1427 40 16 :—
2143 1428 80 25 upper
2232 1424 90 25 classes

1784 1460 54 30 give
1850 1468 73 24 every
1940 1462 113 25 evidence
2065 1463 27 24 of
2109 1465 93 33 having
2212 1466 111 26 received

1784 1512 16 16 a
1814 1496 98 33 'careful
1931 1507 165 31 preparation,
2115 1509 50 25 and
2186 1510 64 26 their
2269 1518 53 25 per-

1783 1546 127 26 formance
1938 1550 22 23 is
1983 1557 33 17 on
2045 1552 43 23 the
2110 1553 89 29 whole,
2229 1562 63 21 one..
2298 1556 29 30 of;

1784 1590 167 26 considerable
1979 1593 92 25 merit;-
2080 1614 3 2 .
2110 1593 142 30 Standards
2280 1598 42 25 111

1784 1633 48 25 and
1849 1633 37 26 IV
1904 1642 41 17 are
1965 1636 76 32 really
2065 1639 62 29 good
2148 1640 99 29 classes,
2265 1639 62 27 Well'
2326 1635 2 9 1

1784 1677 96 24 abreast
1892 1679 25 23 of
1929 1680 41 23 the
1985 1680 175 30 requirements
2171 1691 6 20 ;
2198 1683 124 25 Standard

1784 1719 22 25 V
1835 1719 96 33 though
1965 1722 146 34 containing
2138 1733 48 17 one
2217 1734 28 17 or
2273 1728 49 24 two

1784 1764 131 31 member?,
1962 1766 83 25 whose
2084 1769 163 26 attainments
2280 1779 41 17 are

1783 1808 135 25 somewhat
1930 1817 105 22 uneven,
2053 1811 22 24 is
2086 1813 128 31 generally
2237 1821 15 18 a
2271 1815 49 23 sat-

1782 1850 117 32 isfactory
1916 1851 73 26 class.
2024 1852 32 25 In
2079 1854 43 25 the
2139 1854 76 26 lower
2232 1856 88 25 classes

1783 1894 27 23 of
1820 1894 44 24 the
1875 1894 94 29 school,
1987 1895 44 25 the
2042 1897 100 25 various
2153 1898 101 30 classes^
2258 1899 62 25 have

1782 1937 74 25 made
1885 1946 58 25 very
1981 1940 66 30 good
2080 1948 116 25 progress
2223 1943 96 26 indeed.

1783 1980 131 33 Counting,
1932 1982 49 25 and
2004 1982 111 35 drawing
2138 1993 41 18 are
2202 1986 119 27 excellent

1783 2023 116 32 subjects,
1929 2026 50 24 and
2002 2027 110 33 reading,
2139 2030 105 31 spelling
2271 2031 49 25 and

1782 2067 100 32 writing
1904 2075 42 18 are
1969 2077 33 17 on
2025 2070 41 24 the
2089 2072 81 25 whole
2187 2073 60 32 Very
2266 2075 61 25 well-

1782 2110 71 26 done.
2021 2127 16 9 .-.
2201 2120 27 16 :>
2247 2111 56 25 '._::.:■.

1780 2171 2 8 :
1816 2153 54 25 The
1882 2155 83 25 school
1977 2164 50 17 was
2038 2157 127 32 inspected
2186 2160 133 30 in-.Mafecb,

1783 2197 50 24 and
1845 2197 42 26 the
1899 2201 86 28 report
1998 2202 77 23 states
2087 2208 5 17 :
2202 2204 85 24 school
2298 2205 22 25 is

1783 2239 133 32 efficiently
1927 2242 137 23 conducted
2082 2242 31 31 by
2122 2244 43 27 th.c
2173 2246 112 24 teachers
2293 2247 32 24 m.

1784 2280 100 32 charge.
1920 2282 51 25 The
1982 2283 149 27 instruction
2141 2286 51 24 and

1783 2325 71 23 ment
1877 2325 27 25 of
1921 2326 43 24 the
1976 2327 100 25 various
2096 2330 91 24 classes
2199 2338 42 17 are
2259 2332 61 25 such

1784 2375 27 17 as
1823 2367 81 32 might
1924 2366 120 34 fairly^be
2056 2373 118 29 expected
2193 2377 26 21 to
2226 2382 95 19 .secure

1783 2403 221 39 souk&tprogress
2033 2421 31 16 on
2071 2423 8 2 -
2087 2405 121 48 thwart
2214 2402 44 39 vfe
2270 2404 64 40 lfuT

1911 2454 54 25 The
1976 2458 101 23 master
2082 2457 29 25 is'
2117 2460 25 23 to
2153 2458 31 26 be
2205 2461 117 33 specially

1783 2498 161 28 cdmmfe.nd«d
1944 2519 3 9 i
1950 2497 66 29 ..,for
2039 2508 50 17 aru.
2101 2501 122 27 excellM't
2226 2510 3 9 1
2245 2505 77 26 series
2315 2502 12 15 7
2327 2508 7 9 *

1783 2540 31 25 of,
1819 2548 71 23 maps
1908 2541 31 25 he
1950 2542 47 25 has
2015 2545 120 29 prepared
2157 2548 26 23 to
2198 2547 124 27 illustrate

1782 2583 40 25 his
1840 2578 129 40 teactmgs
1985 2585 194 35 in-^epgrajphy..
2195 2594 59 25 .^,.
2265 2599 36 17 c.'

1852 2736 404 37 CORRESPONDENCE.

1783 2798 68 20 While
1861 2804 38 15 our
1907 2800 91 19 columns
2012 2807 36 14 are
2063 2805 51 22 open
2123 2805 21 17 to
2154 2803 46 24 all,'
2196 2807 41 23 Joe
2245 2805 26 19 do
2285 2810 36 16 not

1806 2835 93 27 identify
1917 2838 101 19 ourselves
2034 2838 52 21 with
2104 2841 95 25 opinions
2214 2844 107 23 expressed

1808 2873 87 21 therein.
2062 2876 3 2 '

1850 2921 34 23 To
1896 2923 37 24 the
1944 2924 90 25 Editor
2042 2925 32 31 of
2080 2925 38 24 the
2132 2927 121 24 Observer.

1818 3008 4 33 S
1970 3008 181 33 CADGING...
2178 3026 16 14 .-.

1781 3051 109 30 Madam,
1901 3067 4 3 -
1916 3072 35 6 ...
2119 3055 4 3 '
2212 3061 78 16 ■■■-■;
2311 3065 20 11 •,.

1813 3094 33 25 In
1858 3103 25 17 re
1906 3096 113 31 cadging,
2038 3096 86 37 falsely
2147 3106 28 17 so
2199 3099 79 24 called
2290 3100 30 30 by

1780 3146 63 22 your
1871 3139 191 31 eorrespond_ent
2094 3141 99 31 sighing
2220 3141 103 25 himself

1782 3180 143 32 Disgusted.
1944 3182 14 24 I
1969 3181 48 33 beg
2036 3184 26 23 to
2074 3203 3 5 .
2085 3191 45 24 say
2141 3184 55 24 that
2207 3184 21 24 if
2246 3184 30 25 he
2299 3185 22 25 is
2330 3188 2 22 i

1782 3224 45 24 not
1844 3223 136 33 disgusted,
1999 3233 68 17 some
2091 3226 27 25 of
2137 3222 76 37 your''
2222 3228 99 24 readers

1782 3275 41 17 are
1835 3269 27 23 at
1881 3268 39 26 his
1932 3269 93 25 absurd
2046 3271 114 24 twaddle.
2198 3271 75 26 Some
2296 3272 26 24 of

1783 3311 70 24 those
1879 3312 75 25 social
1983 3313 48 24 and
2071 3314 95 31 pseudo
2202 3314 119 32 religious

1784 3355 208 26 entertainments
2003 3356 82 25 which
2102 3357 32 25 he
2146 3358 21 24 is
2184 3358 99 31 pleased
2295 3359 26 24 to

1784 3398 159 26 denominate
1961 3407 27 17 as
2000 3400 99 32 measly,
2118 3408 41 17 are
2175 3402 91 31 simply
2278 3401 43 25 the

1784 3441 78 25 result
1890 3442 28 24 ef
1943 3442 81 25 forced
2046 3451 122 25 economy
2202 3445 28 24 of
2257 3445 64 24 their

1783 3487 146 29 promoters,
1947 3487 110 31 through
2076 3487 44 25 the
2239 3488 85 32 spirit-

1784 3528 87 24 edness
1889 3529 27 24 of
1933 3537 85 23 many.
2053 3530 15 23 I
2090 3530 74 25 know
2187 3531 134 31 Disgusted

1783 3571 49 24 and
1850 3571 33 24 all
1904 3572 39 26 his
1963 3572 37 23 ilk
2018 3572 68 31 right
2098 3574 106 31 enough,
2224 3575 13 23 I
2258 3575 63 25 have

1784 3614 43 23 not
1839 3612 74 26 asked
1933 3621 47 17 one
1992 3614 27 24 of
2036 3614 70 26 them
2117 3614 39 26 for
2166 3623 16 17 a
2199 3616 121 31 subscrip-

1784 3655 53 24 tion
1866 3655 80 25 either
1969 3656 39 24 for
2036 3656 172 30 benevolence,
2220 3668 6 3 ~
2243 3662 77 28 sport,

1782 3697 85 25 school
1895 3699 77 24 treats
2000 3706 27 17 or
2055 3700 122 32 anything
2206 3701 50 24 else
2283 3701 39 25 for

1781 3740 124 32 goodness
1924 3741 86 26 knows
2029 3741 58 26 how
2098 3743 69 32 long,
2186 3744 54 24 and-
2247 3744 75 26 that's

1783 3784 69 25 what'
1862 3784 57 25 riles
1944 3784 78 30 them,
2040 3784 106 26 becauss
2157 3786 14 24 I
2183 3786 69 26 don't
2264 3795 56 17 care

1783 3829 26 24 to
1820 3828 58 26 wait
1890 3828 174 32 obsequiously
2083 3836 67 25 upon
2161 3829 68 26 them
2241 3830 81 26 whilst

1783 3871 58 31 they
1858 3873 127 30 promptly
1996 3871 58 25 read
2077 3871 44 26 the
2142 3872 108 32 heading
2272 3874 49 24 and

1782 3914 120 32 carefully
1913 3915 129 31 deciphers
2066 3915 43 26 the
2121 3916 44 25 list
2177 3916 27 25 of
2222 3916 99 30 donors,

1782 3957 50 25 and
1839 3957 67 33 reply
1915 3959 26 23 to
1948 3951 77 32 their'
2030 3957 159 32 impertiiient
2196 3960 127 29 questions
2330 3973 1 4 •

1782 3999 75 25 about
1877 4000 42 24 the
1940 3999 129 28 character
2092 4000 49 24 and
2160 4001 63 23 aims
2234 4000 26 25 of
2282 4002 42 24 the

1784 4043 136 30 promoters
1928 4050 21 21 ;*-
1973 4043 72 24 With
2053 4053 6 5 >
2073 4043 43 25 the
2126 4049 9 10 '■
2145 4043 121 32 certainty
2299 4045 26 23 o?

1780 4085 79 31 toeing
1871 4085 52 24 told
1935 4085 26 23 m
1973 4085 42 24 the
2027 4085 49 24 end
2089 4094 6 14 :
2214 4085 49 32 [I'll
2275 4094 48 21 see,

1785 4127 39 24 I'll
1845 4127 80 28 make/
1940 4121 293 41 epquiTies^f'may.cdo
2245 4132 77 21 soine-

1785 4171 86 31 thirig;
1900 4170 45 25 but
1974 4172 27 24 at
2028 4173 102 30 present
2140 4179 6 17 :
2169 4171 57 26 well
2248 4172 77 32 good-

1775 4247 2 16 ,
1785 4216 55 28 day>
1974 4231 118 33 ■>:>*%.
2108 4210 215 47 ir.-r^wl.

1820 4257 34 24 So
1865 4256 60 32 long
1945 4264 28 17 as
1991 4256 15 24 I
2026 4264 46 18 can
2090 4257 138 25 remember
2250 4257 75 26 funds

1776 4299 57 25 ■for;
1844 4299 78 32 social
1945 4300 152 32 enjoyment,
2118 4324 7 4 
2133 4301 131 31 especially
2286 4302 40 23 for

1777 4334 95 35 .scjiool
1902 4343 77 23 treats
2097 4339 64 28 Ueen
2181 4343 83 24 raised
2295 4343 31 31 by

1787 4381 83 33 piiblic
1892 4384 195 30 .contributions,
2125 4384 119 25 collected
2273 4386 55 32 (not

1789 4426 103 33 cadged)
1898 4426 45 32 'by
1960 4432 97 26 wmuig
2074 4419 119 37 Workers,
2212 4428 50 24 tfncl
2285 4428 44 26 the

1781 4477 126 23 fgenerpus
1924 4469 100 33 portion
2035 4470 27 25 of
2071 4470 43 26 the
2125 4470 91 33 public,
2229 4470 49 26 like
2290 4473 36 35 to.

2357 229 50 24 nay
2442 222 47 25 feel
2512 222 127 25 honoured
2660 224 26 23 to
2714 222 31 25 be
2768 222 76 25 asked
2867 225 23 22 to

2356 264 125 25 subscribe
2494 266 25 23 to
2531 275 15 15 a
2557 266 114 24 laudable
2683 273 81 17 cause.
2799 265 91 25 There-

2355 306 52 24 fore
2418 307 42 23 the
2472 308 97 24 custom
2590 308 49 24 will
2651 308 114 24 continue
2786 308 50 24 and
2847 307 43 25 the

2355 349 106 24 twaddle
2472 350 99 24 written
2579 351 33 31 by
2621 351 135 31 Disgusted
2767 351 53 24 will
2831 351 58 31 only

2354 394 97 29 prompt
2463 393 49 24 free
2524 417 3 4 .
2535 393 86 25 hearts
2633 395 25 23 to
2679 402 68 16 more
2770 402 119 23 generous

2354 435 91 28 deeds,,
2455 435 55 29 and,
2524 443 74 26 prove
2621 438 25 21 to
2666 436 54 23 him
2738 436 55 25 that
2813 437 76 23 under

2353 477 40 25 his
2406 477 117 25 asstiired
2535 480 126 29 signature
2687 478 59 32 they
2766 480 59 24 read
2845 480 43 23 the

2353 523 79 24 words
2447 523 78 30 pride,
2543 530 132 17 meanness
2686 524 48 23 and
2746 532 141 22 arrogance.

2386 565 113 31 Possibly
2510 565 40 25 his
2562 567 153 30 sycophancy
2733 566 46 25 has
2791 567 96 31 already

2355 609 60 24 been
2435 608 114 31 exposed,
2584 608 39 25 for
2639 609 39 24 his
2698 610 50 24 last
2768 610 119 31 squirling

2354 652 152 24 contortions
2516 652 27 24 of
2553 653 97 30 Syntax
2661 654 110 29 strongly
2778 652 109 24 reminds

2353 703 54 17 one.
2422 695 90 32 ojf..Jhe
2535 696 129 31 writhings
2687 696 62 26 o£na*
2768 696 119 24 wounded

2354 737 83 24 snake.
2506 751 4 2 ■
2541 750 2 3 ■
2585 747 3 3 ■
2621 743 4 2 '

2387 781 36 24 To
2435 780 66 25 ■what
2513 780 79 25 better
2607 788 107 24 .purpose
2726 781 73 25 could
2818 789 69 23 spare
2893 792 2 18 ;

2353 831 75 23 pence
2446 824 30 23 be
2491 828 45 26 put
2548 825 26 23 to
2586 823 60 24 than
2658 824 102 31 naaking
2778 824 109 25 children

2352 866 81 31 happy
2444 867 12 22 ?
2482 866 74 24 What
2578 867 21 23 is
2618 867 68 23 there
2708 867 176 30 demoralising

2352 906 28 23 m
2392 914 14 16 a
2416 905 64 24 child
2494 905 89 31 asking
2592 906 38 23 for
2641 914 15 16 a
2673 906 74 24 small
2758 910 3 4 '
2768 906 119 31 subscrip-

2354 949 53 24 tion
2419 949 38 23 for
2469 957 15 15 a
2494 948 116 24 laudable
2621 957 106 22 purpose
2736 950 12 23 ?
2766 950 64 24 How
2842 957 46 17 can

2354 998 43 18 we'
2405 991 87 25 'better'
2509 991 119 25 'conduce'
2690 991 44 25 the
2759 993 94 30 growth
2865 992 26 24 of

2354 1035 102 30 healthy
2467 1034 85 25 bodies
2560 1035 62 24 >and
2631 1035 91 24 sound-
2731 1034 84 36 hearts
2827 1035 62 24 than

2355 1078 31 31 by
2399 1078 167 33 encouraging
2576 1077 124 26 healthful
2712 1078 50 24 and
2774 1078 105 25 innocen

2355 1121 139 31 enjoyment
2505 1122 11 22 ?
2534 1121 63 23 And-
2612 1120 77 25 to-do
2708 1120 47 25 this
2776 1129 37 17 we
2825 1123 64 23 must

2355 1164 87 24 collect
2465 1172 69 16 some
2561 1172 111 23 money-,-
2687 1164 120 26 therefore
2833 1165 55 24 sub-

2355 1207 78 25 scribe
2456 1207 106 32 heartily
2644 1207 177 35 ungrndingly.
2842 1216 46 26 yo«

2356 1251 55 24 that
2423 1251 62 25 have
2505 1251 117 31 children,
2640 1251 49 24 like
2712 1252 26 25 to
2759 1260 38 17 see
2820 1251 74 25 then!'

2356 1294 72 28 enjoy
2451 1293 155 29 themselves,
2622 1294 50 24 and
2687 1302 51 22 you
2757 1295 55 23 that
2828 1296 62 23 have

2355 1343 66 17 none
2444 1336 50 24 and
2514 1336 50 24 still
2579 1336 67 30 give,
2663 1336 70 24 show
2752 1337 57 24 that
2828 1344 62 23 your

2355 1378 17 24 h
2367 1370 4 15 !
2375 1376 62 26 earls
2450 1386 40 16 are
2509 1385 120 24 generous
2654 1377 28 25 m
2710 1374 44 29 tlie
2766 1372 64 32 -love
2852 1379 38 25 for

2356 1421 91 24 others.

2378 1463 102 26 'There'
2492 1466 91 24 cannot
2602 1465 31 25 be
2655 1468 48 23 two
2716 1466 64 25 sides
2800 1470 25 22 to
2847 1467 44 25 the

2355 1508 115 32 question
2482 1508 26 26 of
2528 1506 44 28 the
2584 1510 119 32 necessity
2719 1510 39 26 for
2767 1511 123 27 harmless

2355 1553 143 31 enjoyraent
2520 1553 38 25 for
2569 1553 40 25 old
2630 1554 49 24 and
2701 1562 84 26 young
2804 1557 86 30 except

2355 1595 45 24 we'
2411 1595 130 26 introduce
2550 1599 5 7 l
2559 1605 14 15 a
2585 1595 160 28 commercial'
2759 1600 85 31 aspect
2861 1600 29 23 to

2355 1639 42 24 the
2417 1639 79 28 affair,
2515 1640 47 23 and
2583 1640 54 25 that
2649 1640 81 25 would
2748 1641 59 34 only
2818 1642 72 24 affect

2355 1683 49 22 two
2416 1682 132 24 industries
2559 1682 59 33 (viz)
2630 1691 75 23 grave
2717 1684 105 31 diggers,
2842 1685 48 23 and

2355 1724 179 25 Undertakers.
2569 1725 53 25 But
2630 1726 83 31 perish
2720 1726 43 25 the
2773 1727 28 25 th
2809 1727 78 32 ought

2354 1768 68 25 these
2433 1776 60 17 men
2515 1775 42 18 are
2683 1776 28 18 as
2722 1771 58 24 well
2795 1778 28 18 as
2842 1779 45 22 we,

2353 1812 49 23 and
2413 1812 14 23 I
2439 1812 73 24 make
2529 1821 33 16 no
2574 1812 79 25 doubt
2668 1813 55 24 that
2735 1814 154 32 Disgasted's

2353 1854 72 25 letter
2445 1854 51 25 will
2513 1856 100 31 prompt
2632 1855 71 25 them
2726 1857 26 25 to
2769 1865 119 24 generous

2354 1899 53 23 acts
2419 1897 73 25 when
2503 1897 43 25 the
2564 1898 66 28 little
2642 1907 58 17 ones
2719 1907 69 18 come
2800 1899 87 27 round.

2355 1941 63 24 True
2431 1941 57 32 they
2499 1941 51 25 will
2572 1943 49 24 live
2632 1950 15 16 a
2658 1940 73 31 little,
2749 1943 51 24 and
2820 1952 69 17 some

2353 1984 26 24 of
2390 1985 69 24 them
2470 1988 22 26 a;
2496 1986 84 30 great;
2586 1983 55 27 deal
2652 1985 86 33 lbiiger
2748 1986 37 25 for
2795 1986 94 34 having

2354 2028 60 24 been
2433 2027 73 25 made
2517 2027 111 33 happier,
2648 2028 50 25 and
2710 2030 139 32 trade^may
2860 2030 29 24 be

2353 2070 63 30 dull,
2434 2070 52 30 but.
2491 2079 14 15 a
2518 2072 77 24 sound
2616 2072 143 25 conscience
2771 2073 38 25 for
2828 2073 61 25 hav-

2353 2113 44 32 ing
2419 2113 151 32 performed.,
2580 2115 71 25 one's
2672 2114 61 32 duty
2745 2115 51 25 will
2808 2115 86 33 amply-

2353 2156 159 32 compensate
2522 2156 41 25 fof
2564 2156 60 33 'any.'
2632 2157 51 25 loss
2695 2157 27 25 of
2827 2152 13 33 V

2538 2195 5 11 ■.
2560 2193 12 14 .■
2590 2189 28 18 '..*■
2631 2190 3 3 ■
2642 2189 31 15 •'.'.
2708 2192 4 3 ■
2749 2188 87 11 •■■■■••-

2451 2237 3 3 .
2486 2215 13 24 I
2516 2223 41 17 am
2575 2218 42 25 &c.
2639 2234 29 15 ,;•.•

2505 2286 10 10 ..
2515 2290 2 6 :
2557 2258 14 37 t
2585 2255 238 38 FtAPDdoiiLE.
2837 2295 5 1 .
2887 2277 6 4 -

2410 2398 71 24 THE
2500 2398 128 27 TICKET
2645 2399 185 27 NUISANCE.

2344 2463 113 29 JMadam
2676 2489 5 3 ,
2700 2479 3 3 •

2388 2502 135 36 Replying"'
2532 2507 30 25 tb'
2571 2507 115 32 Salopian
2706 2516 33 17 on
2759 2509 44 25 the
2815 2511 75 24 above

2355 2540 102 51 subject,
2476 2549 73 26 allow
2560 2559 42 18 me
2611 2553 26 23 to
2648 2559 45 25 gay
2710 2552 21 25 it
2742 2553 21 24 is
2774 2553 116 31 perfectly

2354 2593 153 24 immaterial
2516 2594 32 38 .|o
2567 2603 40 16 me
2619 2594 55 25 who
2695 2595 43 25 the
2750 2596 139 31 misguided

2353 2636 146 29 individual,
2520 2636 19 25 is
2562 2635 57 29 who
2624 2645 18 15 ->
2647 2638 47 24 has
2716 2639 95 25 treated
2828 2647 62 24 your

2353 2680 99 24 readers
2462 2680 38 24 for
2507 2677 72 30 iotde
2587 2677 82 30 weeks
2678 2683 141 29 pastrwith-
2828 2683 61 25 stale

2354 2722 139 31 aneid'otes,
2513 2722 135 26 and^tUfer
2659 2725 90 28 trash,,
2760 2723 45 35 bujb'
2822 2725 66 25 who-

2342 2763 2 14 -1
2346 2774 3 4 ■
2354 2767 57 27 ever;
2420 2765 46 28 the.
2473 2773 67 23 poor,
2545 2768 110 23 creature
2667 2773 58 25 may
2735 2767 32 25 be
2782 2767 108 26 whether

2354 2808 40 24 the
2406 2820 6 28 j
2417 2808 75 24 ninth
2513 2810 63 29 i;art,
2594 2813 36 29 'pr
2647 2810 56 28 less,
2721 2810 28 24 of
2767 2819 14 15 a
2793 2819 68 21 man,
2876 2811 14 23 I

2353 2859 42 16 am
2406 2852 44 24 not
2462 2854 26 22 to
2508 2851 38 29 be.
2550 2852 84 27 drawn
2651 2852 65 31 frpna
2728 2861 39 23 my
2787 2854 103 31 original

2353 2894 153 31 proposition
2520 2895 53 25 that
2585 2895 43 25 the
2640 2897 93 30 system
2746 2897 26 24 of
2785 2897 106 31 cadging

2353 2937 111 31 through
2484 2937 266 33 the.instrjlMentality
2770 2940 28 23 of
2800 2939 90 33 .child-

2354 2987 44 18 ren
2421 2988 28 17 or
2471 2980 83 25 others
2572 2981 19 25 is
2611 2989 15 16 a
2646 2981 110 32 disgrace
2775 2984 26 23 to
2819 2980 71 27 those

2355 3024 55 25 who
2441 3024 155 25 condescend
2624 3026 26 23 to
2673 3024 62 26 s'ncli
2755 3033 86 17 means
2864 3027 26 24 to

2354 3070 40 29 get
2415 3067 81 25 ethers
2507 3068 27 24 to
2554 3069 102 30 support
2675 3067 66 25 their
2761 3069 129 24 Ministers

2353 3110 98 24 instead
2474 3110 27 24 of
2522 3111 74 31 doing
2603 3120 4 20 ;
2617 3111 22 23 it
2650 3111 164 32 [themselves,
2841 3111 50 24 and

2354 3153 59 24 thus
2445 3153 102 32 making
2570 3153 84 25 others
2682 3161 48 24 pay
2757 3155 41 24 for
2828 3154 63 25 their

2353 3196 112 31 religion.
2506 3196 26 25 If
2551 3196 117 32 Salopian
2688 3196 49 25 will
2758 3198 69 24 sbow
2840 3197 51 24 this

2353 3239 21 25 is
2396 3243 51 28 not;
2463 3239 118 27 thajcase
2600 3239 71 25 there
2692 3248 57 25 may
2768 3240 31 25 be
2817 3240 74 31 profit

2353 3291 26 16 as
2403 3283 56 25 well
2479 3290 28 17 as
2529 3284 111 30 pleasure
2662 3284 28 24 m
2713 3283 104 32 keeping
2836 3283 55 25 him

2353 3334 31 16 on
2396 3326 42 24 the
2450 3334 79 17 move.
2575 3327 71 24 lam
2664 3328 44 23 not
2728 3327 58 26 well
2805 3327 85 24 versed

2353 3370 26 23 m
2390 3377 124 24 grammar
2526 3377 27 18 so
2565 3370 14 24 I
2598 3370 32 25 do
2648 3371 44 24 not
2711 3370 55 25 deal
2788 3370 59 25 with
2869 3370 22 25 it

2342 3417 2 14 1
2353 3412 83 30 much,
2454 3412 62 25 facts
2528 3421 42 17 are
2587 3412 63 30 good
2669 3413 100 32 enough
2788 3413 39 25 for
2838 3421 50 21 me,

2353 3457 48 24 and
2413 3456 73 26 allow
2497 3464 41 18 me
2549 3458 26 24 to
2588 3457 55 25 hint
2655 3457 20 25 it
2686 3457 21 24 is
2720 3457 50 31 just
2779 3456 109 31 possible

2353 3500 56 25 that
2439 3500 117 31 Salopian
2578 3508 58 23 may
2665 3500 73 24 know
2763 3500 68 25 what
2859 3499 32 24 he

2354 3551 84 16 means
2450 3543 108 29 himself,
2575 3543 46 24 but
2639 3543 21 24 it
2677 3542 24 24 is
2721 3542 173 33 questionable

2353 3586 22 24 if
2395 3594 97 23 anyone
2515 3587 49 23 else
2592 3586 67 26 does,
2688 3586 14 23 I
2726 3593 107 23 suppose
2856 3593 38 17 we

2355 3628 65 24 niust
2440 3628 90 24 believe
2541 3628 33 24 he
2584 3628 23 24 is
2619 3636 15 15 a
2652 3628 66 31 give*
2737 3628 104 24 because
2861 3628 33 23 he

2353 3678 55 23 says
2431 3678 36 21 so,
2497 3671 125 24 otherwise
2641 3671 14 23 I
2676 3670 37 24 for
2736 3678 48 16 one
2803 3670 89 24 should

2353 3721 75 16 never
2440 3713 62 24 have
2523 3712 111 26 believed
2655 3713 29 24 it.
2720 3713 52 24 But
2791 3713 103 24 Madam

2354 3755 83 33 surety
2460 3758 122 30 sounding
2610 3759 70 23 one's
2702 3764 57 17 own
2783 3758 111 30 trumpet

2353 3800 22 24 is
2395 3800 69 31 quite
2476 3807 28 17 as
2525 3800 47 24 bad
2590 3808 28 16 as
2641 3802 46 22 not
2711 3800 74 31 being
2806 3807 86 23 gram-

2355 3842 106 24 uiatical.
2509 3843 117 30 Salopian
2645 3850 129 23 compares
2793 3842 105 24 himself

2354 3888 26 22 to
2403 3892 15 18 a
2434 3885 75 28 duck,
2539 3885 41 25 his
2606 3885 86 30 Quack
2711 3885 23 24 is
2753 3893 71 17 more
2846 3885 49 25 like

2354 3928 57 24 that
2431 3927 27 25 of
2478 3936 15 15 a
2515 3927 81 33 larger
2619 3928 107 31 Aquatic
2757 3928 59 25 fowl
2840 3928 56 24 that

2355 3970 72 24 bears
2438 3970 43 23 the
2492 3978 75 16 name
2579 3970 27 24 of
2621 3979 34 14 an
2666 3970 145 30 implement
2834 3971 62 24 used

2356 4012 14 23 I
2381 4011 92 25 believe
2483 4011 33 32 by
2528 4012 42 24 the
2582 4012 103 24 makers-
2692 4012 28 24 of
2728 4014 139 29 garments.

2490 4071 17 23 I
2521 4078 39 17 am
2579 4071 109 25 Madam-
2703 4090 4 4 .
2709 4086 4 13 :
2722 4087 6 14 ;

2441 4150 10 5 ..
2485 4144 4 15 ;
2556 4130 82 25 Yours
2648 4131 65 29 ;&c.,.
2826 4130 4 9 '

2441 4205 3 14 ,
2627 4190 213 28 DISGUSIED.
2849 4183 40 34 '-■■:

2920 219 139 27 BRUTAL
3076 221 150 26 MUEDER
3250 223 44 25 AT
3323 224 130 28 AMBER-

3146 275 80 25 LEY.

3016 355 139 20 DISCOVERY,
3162 358 38 17 .08.
3217 359 48 16 THE
3282 360 61 15 BODY;

2951 429 52 25 The
3015 431 84 25 victim
3117 432 27 24 of
3158 433 50 25 this
3231 435 99 24 terrible
3342 438 109 30 .atrocity

2916 468 21 24 is
2951 469 62 25 Miss
3026 472 85 30 Agnes
3123 472 119 25 Lawcock
3254 475 75 24 about
3342 477 30 22 1G
3382 485 69 23 years

2916 506 36 24 of.
2963 515 54 23 age,
3036 508 55 25 who
3106 509 68 25 lived
3193 511 61 25 with
3271 512 45 25 her
3335 514 116 25 widowed

2917 546 98 24 mother
3026 548 48 23 and
3098 550 48 23 two
3158 551 112 25 brothers
3282 553 48 23 and
3354 561 14 16 a
3380 555 71 23 sister

2916 592 33 16 on
2970 586 109 32 Douglas
3097 588 70 24 Boad
3179 590 75 25 about
3266 591 21 28 2.
3297 592 72 24 miles
3389 593 62 25 from

2920 623 136 31 A.mberley.

2951 663 51 24 The
3015 664 65 32 body
3090 673 51 18 was
3154 666 77 26 found
3255 668 90 26 behind
3357 678 15 16 a
3382 679 70 23 gorse

2917 700 62 25 bush
2990 703 27 22 m
3029 703 43 24 the
3093 703 87 26 Kowai
3201 706 63 25 river
3274 707 48 24 bed
3342 708 74 25 about
3436 712 16 24 .5

2917 741 32 22 30
2965 749 31 15 on
3019 742 114 31 Tuesday
3156 746 106 30 evening
3284 747 49 23 and
3347 748 41 24 the
3411 757 41 15 ex-

2916 778 139 26 amination
3080 780 27 24 of
3127 781 41 24 the
3189 782 63 32 body
3275 784 31 31 by
3324 785 37 23 Dr
3384 786 67 25 Fitz-

2916 815 98 26 herbert
3025 825 87 22 proves
3124 819 54 25 that
3186 820 43 25 the
3241 821 139 29 yictim.had
3390 824 62 24 been

2917 857 118 30 ontfaged
3054 858 64 25 and-,
3125 858 59 25 then
3192 861 65 24 -cut-
3272 861 51 24 and
3337 862 115 26 -doiie-to

2916 894 75 25 death
3001 896 27 24 m
3041 896 41 24 the
3103 899 62 23 most
3189 900 63 36 cruej
3269 901 57 26 .and
3332 902 120 26 .fiendish

2918 942 59 23 way.
3244 927 7 12 f
3299 934 3 4 '
3331 937 19 18 '..
3473 946 2 16 i

2950 972 25 24 It
2986 981 102 23 appears
3105 974 56 25 that
3180 976 42 24 the
3239 977 152 32 ypung'Jady
3401 989 53 16 _was
3456 1000 3 5 ;

2918 1010 36 30 m;
2965 1011 43 24 the
3019 1011 71 24 habit
3101 1013 27 24 of
3144 1012 108 34 walking
3273 1013 26 27 to
3316 1017 138 32 Ainberley

2918 1050 61 25 Post
2991 1051 78 25 Office
3080 1052 37 24 for
3127 1053 86 27 letters
3225 1054 51 26 and
3285 1064 96 25 papers,
3405 1059 48 24 and

2918 1098 32 17 on
2963 1092 128 31 returning
3101 1101 33 16 on
3146 1094 118 33 Tuesday
3271 1098 115 31 morning
3403 1106 51 18 wag

2917 1128 105 31 waylaid
3042 1129 48 24 and
3102 1131 125 30 subjected
3247 1136 24 22 to
3284 1135 39 24 the
3346 1135 108 25 horrible

2918 1176 12 14 a
2935 1167 59 25 feroci
2997 1168 53 24 ties-
3053 1169 114 25 recorded
3179 1172 83 25 above;
3290 1176 19 11 '"■'
3316 1176 18 2 ~
3337 1193 7 4 ..

2934 1224 3 2 .
2950 1206 126 34 Inamense_
3248 1211 96 25 'is'Tfelt-
3361 1212 37 25 for
3410 1213 46 26 the.

2917 1243 86 32 family
3020 1240 82 30 afn&'a
3119 1254 89 25 savage
3229 1245 118 35 g'loooi'is
3366 1253 87 29 spread

2917 1289 58 17 over
2987 1282 42 24 the
3041 1283 103 29 district,
3262 1288 61 24 with
3335 1297 15 15 a
3368 1291 86 29 strong

2917 1320 79 25 desire
3016 1321 63 25 ithaii
3086 1322 56 24 -the
3164 1316 213 35 incarnsrte^end
3400 1328 53 24 who

2918 1359 143 24 committed
3079 1359 50 24 this
3254 1364 124 34 r^utrage
3404 1366 50 24 will

2918 1398 98 32 quickly
3028 1398 28 25 be
3069 1392 251 44 brou^hYto'-j^st.i^.
3333 1411 6 16 :

2916 1440 3 30 i
2945 1436 200 34 !Aman;named
3141 1469 4 8 :
3146 1442 307 35 .HughFias'erhasbeen

2916 1478 108 25 iarrested
3041 1480 26 24 at
3084 1480 99 26 Amber]
3188 1486 221 33 ey-ott^uspision
3428 1491 25 24 of

2916 1517 95 34 having
3023 1519 60 26 been
3102 1515 228 49 conlcerae^ik'liiie
3338 1524 113 38 'outrage

2917 1557 50 24 and
2992 1560 132 24 remanded
3147 1556 69 31 until'
3234 1555 43 34 'ten
3299 1566 93 26 o'clock
3419 1578 33 17 on

2919 1597 124 33 Saturday
3055 1601 122 30 morning.
3186 1621 5 7 ..
3201 1625 3 3 .

3074 1640 71 25 THE
3149 1668 2 9 :
3164 1642 131 28 VICTIM.

2951 1677 52 25 The
3025 1679 93 24 "Star?'
3136 1674 33 31 din
3192 1683 129 32 Thursday
3347 1689 106 31 evening

2917 1721 65 24 says.
3018 1715 53 25 The
3081 1724 85 26 young
3186 1719 59 34 lady
3269 1722 55 26 who
3333 1742 4 8 :
3347 1732 50 18 was?
3423 1734 28 18 so

2916 1750 92 35 cruelly
3019 1755 64 25 dore
3095 1758 24 23 to
3142 1758 73 27 death
3229 1769 50 18 was
3302 1763 43 25 the
3356 1772 95 26 young-

2916 1793 37 23 est
2964 1793 66 24 child
3041 1794 28 24 of
3082 1795 53 25 Mrs
3145 1794 122 35 La'ncoGk,
3286 1801 84 26 whose
3389 1804 61 24 hus-

2917 1831 68 25 band
3004 1832 57 25 died
3084 1835 120 33 suddenly
3226 1839 76 26 about
3312 1841 49 26 five
3380 1851 73 24 yeara

2916 1878 55 24 ago.
3008 1873 51 25 She
3077 1877 110 30 wa£;o£
3194 1891 3 18 ;
3204 1877 128 34 a,;quie£_
3335 1884 117 33 •retiring

2916 1907 153 34 deposition,
3088 1913 50 25 and
3149 1915 77 26 much
3243 1919 120 26 esteemed
3373 1920 33 33 by,
3417 1922 34 25 all

2917 1949 53 25 who
2982 1950 72 26 knew
3063 1951 54 26 her.
3277 1960 133 33 sympathy
3422 1962 28 25 is

2916 1988 45 25 felt
2978 1990 58 25 with
3060 1991 43 27 the
3129 1989 103 38 mother,
3238 1991 81 31 Aantf
3332 1994 121 33 with^tW

2917 2028 49 23 two
2978 2027 113 27 brothers
3108 2032 49 23 and
3178 2033 43 25 the
3247 2035 74 25 sister
3342 2038 49 24 and
3409 2039 42 25 the

2917 2065 47 31 girl
2975 2074 28 17 so
3008 2067 92 31 cruelly
3110 2070 141 26 murdered.
3253 2079 4 6 1
3283 2072 36 21 -'-
3376 2079 37 11 ■■-■■

2919 2207 189 62 LOCAL
3129 2207 16 62 and
3187 2207 292 62 GENERAL

2953 2324 101 25 Oxford
3071 2326 268 35 RoADrßoAWJ.^PhTe
3344 2331 109 27 '"Annual

2920 2362 111 33 Meeting
3041 2365 28 25 of
3077 2365 43 25 tlie
3134 2360 149 40 Katepa^ers
3294 2356 52 39 vtfa.
3358 2372 94 25 beheld

2918 2410 33 16 on
2965 2404 153 33 Wednesday
3130 2406 59 33 May
3198 2408 94 25 SthTat
3303 2411 24 22 2.
3339 2418 62 22 p.m.

2919 2482 7 18 r
2950 2474 147 27 IkßivEDUAii
3103 2477 204 26 Enterhbise.^—
3308 2478 62 27 As^
3374 2482 78 25 Trac-

2916 2516 54 25 tion
3002 2518 114 31 Engine-
3140 2518 111 34 drawing
3295 2524 12 23 \
3307 2524 145 31 .machine;

2918 2559 151 31 Coojshouae.
3079 2562 50 24 and
3149 2564 71 24 other
3231 2566 150 25 necessaries
3400 2574 53 19 was

2916 2605 101 31 passing
3045 2606 117 31 through,
3177 2606 45 26 bur
3242 2609 144 32 Townshjp,
3409 2619 43 19 .we

2916 2647 78 25 found
3012 2656 32 17 on
3056 2649 187 36 en^tt^y^jthat
3255 2652 56 28 the,
3316 2654 72 30 plant
3400 2662 52 17 was

2914 2681 88 37 ]>wnftd
3021 2687 32 30 by
3071 2687 40 24 Mr
3110 2696 2 4 ■
3130 2688 31 24 3.
3178 2713 3 2 .
3189 2677 185 41 j/Rerd^and
3396 2691 57 26 that

2917 2729 41 24 the
2969 2729 116 25 machine
3083 2730 4 6 1
3087 2738 4 2 '
3100 2732 54 25 'was.
3163 2739 47 17 one
3270 2731 110 28 Andrew
3402 2735 52 25 and

2917 2769 118 28 Beaven's
3147 2775 101 29 patents
3252 2789 12 14 T
3266 2770 38 30 fbr
3323 2767 68 34 fe^aff
3400 2776 53 26 cut-

2917 2814 63 31 ting.
3017 2815 38 24 On
3078 2816 102 31 enquiry
3198 2825 35 17 we
3254 2818 80 24 found
3345 2819 54 25 that
3410 2821 43 23 the

2917 2858 114 24 machine
3047 2858 61 24 -had
3135 2858 63 26 been
3221 2859 75 33 doing
3323 2863 131 24 -excellent

2918 2896 134 37 worked'
3057 2901 109 33 eliciting
3180 2896 101 43 general
3290 2904 164 28 satisfaction;

2920 2943 77 31 Space
3015 2945 83 24 would
3116 2946 43 24 riot
3170 2946 88 31 permit
3278 2955 29 17 us
3319 2947 27 25 to
3357 2956 30 23 go
3399 2949 55 25 into

2917 2991 44 25 the
2984 2992 99 24 various
3094 3016 4 4 .
3107 2993 192 31 improvements
3319 2994 27 25 of
3372 2996 81 30 speed,

2917 3035 105 31 catting,
3041 3035 51 24 and
3111 3035 49 32 bag
3180 3037 111 32 pressing
3309 3038 146 27 introduced

2917 3078 33 32 by
2961 3080 41 23 the
3013 3087 51 16 new
3072 3084 117 28 -systems
3205 3082 136 30 embodied,
3359 3084 49 23 and
3427 3091 28 17 so

2918 3126 65 22 must
3001 3126 102 23 content
3118 3126 123 25 ourselves
3264 3127 62 25 with
3348 3128 107 31 wishing

2919 3167 40 24 Mr
2975 3167 65 25 Reid
3052 3167 42 25 the
3106 3176 84 17 succes
3208 3169 81 25 which
3301 3169 32 25 he
3344 3170 111 26 deserves

2918 3209 27 24 m
2957 3210 38 24 his
3008 3218 56 17 new
3076 3212 144 30 enterprise.

2951 3284 85 24 Local
3070 3284 101 26 Option.
3177 3300 28 4 —
3207 3285 40 25 Wl
3259 3287 26 23 at
3322 3286 22 24 is
3379 3286 76 31 Local

2920 3327 111 32 Option,?
3049 3327 75 32 Why,
3148 3329 117 24 -whether
3294 3337 48 23 you
3370 3337 31 23 go
3429 3331 26 23 to

2920 3370 177 26 Christchurch
3118 3371 47 24 and
3191 3372 198 32 pay3os._fora
3407 3373 50 25 suit

2920 3414 26 24 of
2977 3414 106 32 Kaiapoi
3117 3414 90 26 Tweed
3240 3424 28 16 or
3295 3417 42 30 get
3359 3424 56 21 one,
3430 3418 27 24 at

2920 3458 118 28 Parish's,
3060 3458 64 24 East
3148 3458 101 29 Oxford,
3267 3460 38 24 for
3327 3460 54 24 21s.

2954 3501 30 24 R.
3001 3501 34 25 H.
3047 3501 89 25 Parish
3147 3502 23 24 is
3181 3510 57 17 now
3249 3503 104 31 making
3374 3503 80 24 Men's

2923 3544 69 25 Suits
3003 3547 26 22 to
3042 3545 72 24 order
3125 3545 64 24 from
3203 3546 38 23 £2
3253 3547 53 23 15s.

2954 3618 149 25 Influenza.
3105 3632 30 4 —
3139 3618 62 26 Now
3220 3619 50 25 ibis
3299 3618 117 31 epidemic
3435 3618 22 25 is

2922 3659 130 32 becoming
3059 3660 132 31 .prevalent
3198 3669 37 17 we
3247 3660 111 31 strongly
3366 3668 90 17 recom-

2922 3703 73 24 mend
3007 3703 43 24 the
3061 3703 50 25 free
3122 3711 44 17 use
3179 3704 26 25 of
3216 3704 121 31 Platypus
3344 3703 82 24 Brand
3435 3710 15 16 o

2922 3746 154 33 Eucalyptus
3090 3746 124 28 Globulus
3242 3747 110 27 Extract,
3381 3745 75 26 taken

2923 3797 67 23 upon
3013 3798 74 23 sugar
3115 3799 28 16 or
3162 3790 27 24 m
3212 3790 70 24 milk.
3316 3788 53 24 The
3391 3789 66 23 most

2922 3832 116 32 pleasant
3049 3842 60 24 way.
3114 3835 25 24 to
3149 3834 56 25 tako
3216 3832 153 32 Eucalyptus
3390 3832 22 24 is
3430 3832 27 24 m

2923 3875 44 26 the
2999 3877 116 32 Platypus
3143 3877 86 24 Brand
3256 3875 27 26 of
3304 3874 153 32 Eucalyptus

2923 3910 116 31 Jujubes.
3075 3911 69 32 They
3156 3919 41 15 are
3207 3910 26 24 m
3249 3908 62 26 such
3322 3917 15 15 a
3348 3906 109 33 portable

2923 3949 72 28 form,
3007 3951 115 30 pleasant
3133 3953 25 22 to
3170 3951 72 27 taste,
3261 3948 49 25 and
3327 3947 130 32 antiseptic

2924 3987 143 24 stimulant.
3104 3998 4 4 ■
3162 3988 12 9 ;>
3200 3994 3 3 ■
3270 3986 4 10 ••

2960 4063 160 24 Lecture.—
3122 4062 40 24 Mr
3337 4060 124 25 Cameron

2926 4109 62 24 gave
3000 4110 14 16 a
3034 4110 15 15 a
3061 4096 81 35 Magic
3153 4099 111 25 Lantern
3283 4098 74 24 views
3369 4098 91 24 Enter-

2922 4134 134 35 'Wihmenii.
3073 4142 26 22 at
3119 4141 43 24 the
3181 4139 64 25 East
3265 4137 92 27 Ovford
3381 4138 80 24 Town

2922 4180 68 33 'HjU
3015 4192 32 17 on
3056 4181 105 29 .Easter
3186 4180 115 31 Monday,
3326 4180 27 22 m
3376 4177 41 25 aid
3437 4176 27 26 of

2929 4225 41 24 the
2990 4225 85 24 Poona
3092 4223 18 23 &
3128 4220 73 25 India
3226 4218 111 26 mission.
3368 4217 95 25 -There

2923 4271 65 17 i-was-
3003 4271 15 15 a
3034 4259 46 28 fair
3108 4257 154 27 attendance.
3297 4256 54 24 The
3369 4255 95 24 lecture

2930 4293 52 35 was!
2985 4292 3 19 1
3009 4299 137 27 illustrated
3174 4298 32 31 by
3225 4293 134 34 numerous
3380 4296 86 28 views,

2930 4342 149 29 elucidating
3109 4340 41 22 his
3178 4336 108 25 remarks
3325 4343 68 23 upon
3421 4334 45 25 the

2922 4387 1 19 !•
2930 4376 131 33 ciistoAis.l
3066 4379 99 32 peoples
3185 4378 42 23 &c.
3250 4376 32 24 of
3291 4374 81 25 India.
3417 4373 49 25 We

2923 4420 99 30 .believe
3050 4419 44 23 the
3122 4414 130 30 collection
3276 4411 135 26 amounted
3440 4412 28 25 to

2922 4455 3 10 !
2932 4456 75 29 al)bdt
3024 4458 54 25 2Ss;
3131 4465 4 4 ■

1273 61 174 31 OXFOED
1491 61 233 31 OBSERVER
1768 61 239 39 SATURDAY,
2043 65 96 32 MAY
2171 66 17 32 1
2235 68 78 31 1897

2394 4391 59 24 Two
2470 4399 97 25 sewage
2578 4393 142 32 employes,'
2852 4394 50 25 and

2361 4427 148 27 MTherson
2521 4431 185 26 weredrowtfed
2717 4434 27 24 at
2757 4432 100 33 Sydney
2870 4439 32 18 on

2362 4465 119 33 Monday.
