3550 4570
91 188 107 24 Missing
216 188 88 24 Child.
307 203 31 3 —
340 188 52 28 The
406 188 66 24 child
484 188 57 24 who
552 189 45 24 left

58 226 43 24 the
125 226 69 24 West
207 226 93 24 Oxford
323 225 90 27 School
426 226 64 24 after
513 227 86 25 school

59 266 77 24 hours
159 274 33 17 on
213 266 129 31 Thursday
353 266 48 24 has
420 270 43 20 not
475 270 40 27 yet
538 268 60 24 been

58 304 77 23 heard
164 304 32 24 of.
249 304 53 25 The
327 304 83 25 Police
433 307 102 29 suggest
556 306 43 23 the

58 341 169 30 organisation
247 341 27 24 of
291 350 14 14 a
322 342 87 24 search
434 344 81 29 party.
561 344 38 23 To

58 382 63 22 start
143 380 62 25 from
229 381 43 24 the
291 381 83 25 Police
399 381 92 25 station
508 383 28 23 m
549 391 50 16 sec-

59 421 67 23 tions
139 421 62 23 after
211 420 42 25 the
269 421 89 24 arrival
367 422 27 23 of
408 421 43 24 the
460 423 139 31 morning's

59 457 65 24 train
133 460 25 22 at
171 458 70 24 West
254 458 102 25 Oxford.
392 459 151 25 Volunteers
553 461 46 24 roll

62 504 41 23 up.
157 497 52 23 The
237 497 89 25 child's
352 506 75 17 name
455 499 22 24 is
498 499 101 32 Tommy

60 537 112 29 Stewart,
198 537 108 31 wearing
322 537 212 27 knickerbockers.

140 673 68 37 THE
232 674 289 39 ANGLO-AMERICAN

60 722 314 42 ARBITRATION
407 725 192 41 TREATY.

196 820 94 24 Review
308 821 31 30 of
350 821 117 23 Reviews.

97 862 52 23 The
167 862 140 25 conclusion
328 863 27 24 of
373 863 57 24 the
450 864 151 23 General

22 922 9 3 _
63 901 92 31 Treaty
185 909 15 16 o
204 901 7 18 F
234 901 153 25 Arbitration
427 902 108 25 between
559 903 43 24 the

188 939 49 24 and
267 939 127 26 American
421 941 180 25 Governments

143 978 110 24 received
279 978 32 31 by
335 987 71 24 every
429 987 47 17 one
501 979 26 24 m
550 979 51 25 this

22 1011 154 41 H^ountry,
189 1018 50 23 and
250 1018 33 29 by
294 1018 35 24 all
344 1018 93 24 friends
453 1019 24 23 of
489 1026 74 23 peace
575 1019 25 23 m

22 1052 27 45 P
65 1056 54 24 the-
132 1056 95 24 United
248 1057 90 29 States,
357 1058 58 24 with
437 1058 163 24 enthusiasm.

22 1085 22 31 ¥
65 1093 54 24 The
140 1096 76 22 terms
229 1094 25 24 of
274 1094 42 24 the
328 1096 81 30 treaty
432 1103 26 17 as
481 1096 121 30 arranged

22 1125 18 29 F
65 1130 110 25 between
196 1131 43 24 the
263 1133 47 23 two
334 1132 182 25 Governments
539 1141 63 17 were

67 1171 148 31 sufficiently
243 1172 60 23 wide
326 1174 25 22 to
376 1180 72 17 cover
470 1173 130 32 anything.

65 1210 38 30 By
116 1211 41 24 the
181 1211 102 31 Treaty,,
295 1212 129 25 whenever
437 1220 49 24 any
504 1213 97 31 dispute

22 1267 4 16 j,
66 1248 75 24 arises
154 1249 80 24 which
254 1249 139 31 diplomacy
413 1252 90 23 cannot
521 1251 78 28 settle,

67 1286 43 24 the
130 1288 47 22 two
200 1291 173 26 governments
394 1287 64 25 shall
474 1288 61 24 each
559 1296 40 23 ap-

67 1326 70 30 point
149 1334 15 15 a
173 1326 82 31 jurist,
274 1327 43 24 the
330 1329 45 22 two
387 1327 50 25 will
450 1328 99 31 appoint
568 1335 32 17 an

68 1364 102 31 umpire,
189 1365 49 23 and
249 1365 44 24 the
310 1365 68 25 three
390 1365 52 25 will
457 1366 84 24 decide
557 1366 44 24 the

253 1404 26 24 If
299 1404 59 32 they
378 1413 42 16 aye
443 1406 156 29 unanimous,

67 1444 69 24 there
148 1444 21 25 is
181 1453 31 17 no
224 1447 85 31 appeal
326 1446 60 25 from
399 1446 66 26 their
483 1447 116 29 deeisiou,

68 1484 30 29 If,
117 1486 120 27 however,
256 1486 58 31 they
333 1487 31 24 do
376 1488 44 24 not
436 1494 80 25 agree,
537 1495 28 17 or
582 1487 21 25 if

68 1522 42 24 the
122 1523 114 30 question
258 1524 26 24 m
302 1524 96 32 dispute
420 1525 111 25 involves
552 1527 48 23 ter-

69 1560 75 32 ritory
173 1569 27 17 or
234 1569 67 17 more
329 1564 61 22 than
419 1565 128 28 £100,000
574 1564 27 23 m

67 1606 96 23 money,
190 1600 43 23 the
251 1601 115 30 question
376 1601 51 24 will
444 1608 31 24 go
494 1601 81 24 before
587 1608 14 17 a

68 1636 81 23 Board
178 1637 25 22 of
232 1637 158 30 Arbitration,
427 1638 130 30 composed
577 1637 27 25 of

69 1673 69 24 three
159 1674 89 31 judges
270 1675 28 24 of
318 1675 43 25 the
384 1675 118 32 Supreme
526 1675 75 25 Court

67 1710 60 25 from
141 1712 57 24 each
211 1713 110 30 country,
341 1712 42 24 the
396 1713 109 24 decision
517 1713 26 25 of
553 1721 48 24 any

68 1750 48 25 five
128 1752 26 23 to
166 1751 29 24 be
206 1752 71 25 final.
323 1752 24 24 If
359 1752 58 32 they
429 1756 90 22 cannot
531 1761 71 24 agree

68 1797 67 24 upon
153 1799 30 15 an
196 1792 102 30 umpire,
317 1791 42 25 the
376 1792 155 25 nomination
543 1793 22 24 is
577 1797 25 20 to

66 1826 30 25 be
116 1828 43 24 left
173 1830 24 22 to
218 1830 40 23 the
270 1828 68 33 King
354 1830 27 23 of
401 1830 111 24 Sweden.
549 1830 53 25 The

69 1865 91 33 Treaty
172 1875 27 16 as
210 1866 20 24 it
241 1867 71 24 stood
330 1875 51 17 was
394 1870 111 30 accepted
517 1868 32 32 by
561 1869 42 24 the

68 1905 70 24 sober
159 1915 71 16 sense
250 1907 27 24 of
286 1907 60 25 both
366 1910 101 24 nations
479 1917 26 17 as
518 1917 15 17 a
545 1917 58 24 very

68 1944 155 32 satisfactory
234 1945 141 25 settlement
387 1947 27 23 of
420 1955 16 15 a
446 1948 115 29 question
578 1947 26 25 of

67 1980 43 24 the
129 1981 53 25 first
198 1981 159 32 importance,
376 1983 51 25 and
446 1985 156 30 congratula-

66 2018 67 25 tions
150 2027 60 16 were
229 2020 141 32 deservedly
390 2021 126 25 showered
537 2030 64 24 upon

65 2058 43 24 the
130 2060 158 30 negotiators,
324 2060 40 25 Mr
387 2061 80 32 Olney
491 2062 49 24 and
562 2062 41 26 Sir

66 2097 86 26 Julian
169 2099 167 26 Paunceforte.

108 2200 121 32 NEWS
245 2202 53 30 OF
314 2203 88 31 THE
424 2204 134 31 WEEK.

101 2314 86 32 Angus
200 2314 27 26 T.
241 2315 62 32 Kay,
317 2324 49 18 was
377 2317 76 26 killed
462 2320 26 23 at
499 2319 104 26 Balfour

67 2354 71 31 (near
156 2355 170 34 Invercargill)
338 2358 110 32 through
471 2361 42 23 the
525 2360 78 25 wheel

67 2391 26 24 of
103 2399 14 16 a
129 2392 67 31 dray,
215 2393 88 25 loaded
316 2395 60 24 with
393 2397 98 28 timber,
503 2398 101 31 passing

66 2436 56 17 over
133 2429 62 25 him.
231 2431 53 24 The
296 2432 70 25 horse
379 2434 89 28 bolted,
486 2434 45 25 but
549 2435 54 32 Kay

65 2467 111 24 retained
189 2468 38 24 his
251 2469 61 25 hold
323 2470 27 25 of
368 2471 42 24 the
430 2472 67 24 reins
509 2472 40 24 till
569 2473 32 24 he

65 2511 50 16 wa«
128 2505 96 24 thrown
237 2507 77 24 down.

100 2542 52 23 The
177 2543 74 31 greek
278 2543 80 26 forces
381 2545 63 24 have
469 2547 134 24 evacuated

65 2577 109 31 Larissa,
187 2580 49 24 and
248 2582 41 22 the
302 2581 79 25 Turks
393 2590 42 17 are
446 2590 56 18 now
514 2586 89 22 master

65 2616 28 24 of
102 2624 14 17 a
129 2618 66 30 large
204 2620 84 23 extent
298 2619 28 25 of
336 2619 82 25 Greek
430 2621 122 32 territory.

99 2656 55 24 The
164 2659 84 29 report
260 2659 54 24 that
336 2659 101 25 Edham
449 2660 91 29 Pasha,
559 2661 44 25 the

67 2693 168 26 Commander
258 2695 27 24 of
310 2696 44 24 the
379 2696 108 25 Turkish
516 2698 86 29 forces,

66 2733 49 24 had
138 2732 62 25 been
212 2734 107 25 recalled
343 2736 22 24 is
385 2737 130 24 incorrect.
550 2738 53 24 The

64 2770 130 32 discipline
211 2772 27 24 of
260 2773 42 24 the
325 2773 108 26 Turkish
457 2775 102 25 soldiers
579 2775 24 28 is

66 2811 54 24 said
133 2813 25 23 to
172 2811 28 25 be
213 2814 130 24 excellent.

99 2849 92 25 Affairs
203 2851 25 23 m
248 2850 75 26 Grete
342 2853 95 24 remain
457 2854 24 23 m
501 2862 31 16 an
558 2862 45 16 un-

66 2890 89 23 setiled
167 2891 133 24 condition.
336 2892 54 24 The
402 2893 159 24 commander

66 2928 43 22 the
121 2929 133 31 European
279 2932 78 23 forces
370 2933 26 22 at
408 2931 137 25 Heraklion
556 2931 47 25 has

65 2968 99 30 applied
176 2973 23 19 to
225 2970 41 23 the
279 2971 148 30 insurgents,
446 2972 105 24 assisted
573 2973 30 31 by

67 3006 82 23 Greek
161 3006 111 29 soldiers,
286 3015 41 15 are
339 3008 125 31 besieging
476 3009 42 23 the
528 3013 73 20 town.

100 3044 53 24 The
183 3045 79 24 Greek
290 3047 123 31 squadron

62 3084 80 24 Santa
160 3084 135 32 Quaranta,
316 3087 49 24 and
391 3087 43 25 the
550 3096 51 17 was

63 3124 104 25 burned.

98 3164 51 23 The
162 3164 80 25 Turks
255 3166 62 25 have
330 3167 116 31 occupied
459 3167 125 29 Turnavo,

99 3203 21 22 A
132 3203 65 23 force
209 3204 27 23 of
246 3212 14 15 a
273 3204 123 25 thousand
408 3205 94 26 Greeks
512 3207 90 31 fought

63 3248 13 16 a
100 3242 109 30 buperior
230 3243 66 23 force
319 3244 26 23 of
366 3244 80 24 Turks
466 3245 52 24 for.
526 3253 75 24 many

66 3282 79 23 houra
157 3290 60 15 near
229 3282 184 34 1-Vntepigadia,
432 3285 50 24 and
494 3286 49 25 lost
554 3293 47 18 one

65 3321 115 24 hundred
191 3323 48 22 and
250 3321 55 32 fifty
319 3331 63 17 men.

97 3361 124 24 Renewed
241 3363 135 33 iightingof
399 3372 14 17 a
426 3373 81 17 severe
530 3366 69 23 char-

81 3403 52 21 cter
145 3401 44 23 has
202 3400 75 25 taken
289 3403 71 29 place
380 3405 26 22 at
418 3403 72 30 Mati,
509 3413 33 15 on
561 3405 40 23 the

66 3439 145 27 Shesrialian
232 3441 51 24 side
296 3441 25 24 of
340 3443 42 24 the
406 3443 102 26 Maluaa
529 3445 70 29 Pass,

65 3483 49 22 and
143 3481 78 24 lasted
249 3481 38 24 six
310 3483 82 23 hours.
404 3507 2 2 .
444 3484 53 24 The
521 3484 80 24 Turks

66 3521 144 31 eventually
234 3530 63 16 were
326 3525 111 30 strongly
455 3525 144 29 reinforced,

65 3563 50 22 and
128 3563 135 29 compelled
277 3563 40 24 Lhe
330 3563 93 24 Greeks
434 3568 24 19 to
470 3565 80 24 retire.

100 3603 52 24 Thu
166 3602 20 23 13
194 3602 60 25 oard
279 3604 26 23 of
328 3603 164 25 Conciliation
513 3607 37 23 sat
568 3613 33 17 on

65 3648 110 30 Monday
188 3650 25 22 to
223 3648 54 24 deal
286 3648 61 24 with
359 3650 42 22 the
411 3650 96 30 dispute
520 3651 81 23 which

65 3688 45 24 has
132 3689 79 23 arisen
228 3688 111 25 befcv/een
365 3688 43 25 the
430 3690 164 24 Bootmakers
604 3707 3 3 •

68 3727 79 24 Union
161 3727 47 24 and
230 3735 68 16 some
308 3735 46 16 nor,
359 3728 146 24 -associated
517 3728 83 31 shops.

67 3767 21 25 Ft
119 3776 46 16 was
185 3767 148 27 announced
357 3768 56 24 that
443 3773 46 19 two
512 3769 26 24 of
560 3770 41 22 the

69 3812 48 17 arn,
124 3815 8 14 -i
147 3806 45 24 had
206 3806 86 32 signed
310 3814 33 17 an
362 3806 134 24 industrial
519 3815 81 23 a-gree-

99 3885 99 29 iSLoiTfly
218 3884 108 24 weather
337 3884 22 23 is
379 3883 51 24 still
443 3883 158 31 experienced

74 3931 16 16 n
109 3924 60 23 >,cay
182 3924 81 24 South
277 3924 101 24 Wales.-

99 3963 52 24 Tii;.'
165 3965 61 22 fund
249 3964 131 24 instituted
411 3965 38 29 by.
463 3962 44 25 the
537 3963 63 23 Lord

74 4003 77 30 tfayor
164 4004 25 22 of
210 4004 102 23 London
326 4003 96 25 foivtho
429 4008 3 13 :
433 4002 72 27 relief
522 4003 25 23 of
563 4003 39 23 the

78 4044 32 22 vii
120 4055 25 11 .1;
157 4052 21 15 i-.s
200 4044 30 29 by
256 4045 39 22 the
316 4044 90 23 Indian
431 4043 93 23 famine
547 4050 55 16 now

81 4084 99 21 nvwUiits
194 4085 24 20 to
232 4082 56 26 half,
296 4083 131 23 aanillian.
441 4100 11 3 ■•
472 4095 2 2 •
510 4097 5 5 ■
549 4104 1 2 .

98 4121 52 23 I.!-;
181 4125 142 27 contingent
350 4125 26 22 to
395 4123 122 31 represent
540 4121 62 25 New

81 4169 30 12 ■!v-
119 4165 2 6 ;
131 4162 9 20 !i
157 4161 82 23 Wains
260 4163 26 23 at
298 4163 40 23 the
359 4163 84 24 record
460 4163 70 30 reign
554 4161 47 25 cel-

82 4200 107 22 br.i'Hi.s
201 4201 45 22 has
256 4201 96 23 arrived
363 4201 27 24 m
403 4202 113 24 London.

2978 193 110 32 HELP
3115 193 82 32 FOR
3224 193 82 32 THE
3333 193 136 32 WEAK.

2956 288 179 26 •\TESYOUS
3156 288 71 25 AND
3244 288 246 33 DEBILITATED,

2957 322 32 24 11
3013 321 64 28 who,
3090 321 111 32 through
3211 322 61 32 folly
3291 323 49 25 and
3351 325 139 31 ignorance,

2956 353 64 25 have
3032 354 79 25 trifled
3123 362 69 24 away
3204 356 63 23 their
3277 356 86 32 vigour
3382 358 26 23 of
3417 358 73 31 body,

2957 386 77 28 mind,
3047 387 50 24 and
3108 387 135 29 manhood,
3255 389 102 30 causing
3373 390 117 24 exhaust*

2955 418 45 31 ing
3016 418 82 25 drains
3111 427 66 23 upcn
3189 420 43 24 the
3254 421 128 24 fountains
3402 423 26 24 of
3438 422 50 29 life,

2956 450 63 25 Loss
3027 451 26 24 of
3062 451 101 32 Energy
3172 452 48 24 and
3231 453 128 32 Strength,
3371 454 121 33 Timidity

2954 483 165 26 Bashfulnesa
3152 485 29 23 m
3217 485 106 33 Society,
3347 487 143 29 Headache,

2955 516 135 30 Backache,
3109 516 179 32 Nervousness,
3311 520 137 25 Weakness
3466 520 27 24 of

2956 549 120 32 Memory,
3086 549 112 25 Restless
3208 550 82 32 Sleep,
3300 551 116 30 Dreams,
3425 553 66 24 Loss

2956 581 74 25 Flesh
3042 582 51 25 and
3104 582 69 25 Vital
3192 583 92 29 Po^er,
3307 584 138 32 Eruptions
3457 592 33 17 on

2955 613 42 25 the
3006 614 63 24 Face
3081 615 49 23 acd
3141 615 80 30 Body,
3234 616 76 24 >Yan!i
3333 617 27 24 of
3369 617 121 30 Develop-

2954 649 78 24 ment,
3052 646 117 25 Varicose
3184 647 84 29 Veins,
3290 648 144 32 Incapacity
3452 649 38 24 for

2954 678 111 24 business
3077 686 28 16 or
3114 680 122 30 pleasure,
3250 680 104 32 Urinary
3363 682 125 28 Diseases,

2954 710 50 24 and
3022 710 35 24 all
3079 711 43 24 the
3145 712 84 25 effects
3251 713 101 32 leading
3373 717 25 22 to
3420 715 68 30 eariy

2954 743 83 31 decay,
3062 743 106 32 perhaps
3189 744 183 32 Consumption
3396 755 28 17 or
3447 747 43 23 In-

2954 776 90 29 sanity,
3058 783 47 17 can
3128 776 29 25 be
3169 778 116 24 obtained
3296 777 32 32 by
3347 779 142 30 consulting
3523 800 5 2 -

2954 807 138 31 personally
3109 816 29 17 or
3145 809 32 31 by
3187 811 65 29 post,
3288 810 92 25 FREE
3390 811 98 24 PROF*

2954 839 177 31 NOTMANN,
3161 842 203 31 M.E.,5.M.G.,
3417 843 71 25 Cam-

2954 871 85 33 bridge
3051 873 109 31 Terrace,
3185 875 112 31 opposite
3320 876 116 26 Colombo
3451 876 37 26 St.

2954 905 100 32 Bridge,
3084 906 188 27 Christchurch.
3334 909 53 25 The
3431 910 59 29 only

2954 938 226 26 Electrobotanical
3209 940 96 32 Expert
3338 943 152 29 advertising

2954 970 54 24 who
3020 970 51 25 will
3083 974 135 28 guarantee
3236 981 15 17 a
3267 974 125 32 thorough
3421 982 67 17 cure.

2956 1003 57 25 Sole
3028 1005 136 29 proprietor
3192 1005 51 25 and
3258 1008 115 29 patentee
3401 1008 27 24 of
3446 1007 43 24 the

2954 1035 59 31 only
3035 1038 149 28 guaranteed
3207 1037 110 26 Electric
3339 1040 71 24 Belts
3441 1040 49 23 and

2955 1068 71 24 other
3037 1069 91 30 special
3150 1071 126 25 electrical
3298 1071 141 32 appliances
3462 1072 28 24 m

2954 1100 43 24 the
3003 1101 118 24 colonies.
3140 1120 2 4 .
3155 1102 99 25 Ladies'
3266 1103 97 26 French
3374 1104 115 25 herbace-

2955 1141 43 16 ous
3010 1133 58 31 pills
3088 1134 38 24 for
3153 1134 178 32 irregularities
3353 1137 64 25 from
3441 1145 49 24 any

2956 1173 80 22 cause,
3062 1168 43 23 10s
3126 1168 95 28 posted.
3256 1169 145 31 Pamphlets
3429 1170 60 24 free.

2956 1198 170 26 Testimonial:
3127 1214 33 3 —
3161 1200 98 31 Napier,
3271 1201 95 32 August
3374 1203 45 24 7th
3425 1204 64 22 1895

2955 1230 65 24 Prof.
3032 1230 131 26 Notmann.
3165 1247 34 4 —
3199 1233 68 24 Dear
3277 1234 47 29 Sir,
3326 1249 31 3 —
3359 1235 14 24 I
3382 1235 108 24 received

2954 1271 61 23 your
3020 1263 75 25 letter
3102 1265 50 24 last
3164 1266 76 28 week,
3259 1266 50 24 and
3320 1266 14 25 I
3351 1275 40 16 am
3400 1267 90 24 thank-

2955 1295 37 23 ful
3015 1299 26 21 to
3062 1296 54 25 find
3138 1305 49 24 you
3199 1306 42 17 are
3253 1299 104 25 anxious
3374 1302 26 22 to
3420 1299 70 25 know

2956 1328 43 24 the
3011 1327 105 26 benefits
3133 1330 14 23 I
3158 1330 65 25 have
3234 1331 99 25 derived
3352 1331 61 25 from
3431 1340 60 24 your

2956 1361 142 25 treatment,
3135 1362 48 29 bir,
3211 1363 21 25 it
3260 1364 67 31 gives
3354 1372 42 16 me
3424 1367 68 30 great

2956 1392 113 32 pleasure
3082 1395 26 24 to
3118 1394 92 26 inform
3222 1404 49 23 you
3279 1396 57 25 that
3344 1406 15 15 a
3371 1399 121 30 complete

2957 1426 49 24 and
3017 1426 93 31 perfect
3121 1435 59 17 cure
3190 1428 48 25 has
3257 1429 62 25 been
3342 1430 101 24 effected
3466 1431 26 23 of

2957 1458 43 24 the
3011 1459 117 25 maladies
3140 1459 14 25 I
3172 1461 158 31 complained
3349 1463 26 24 of
3385 1464 26 23 to
3433 1471 57 23 you.

2956 1491 14 23 I
2982 1498 41 17 am
3036 1492 114 32 enjoying
3160 1493 64 30 good
3240 1494 93 29 health,
3345 1497 49 22 and
3405 1504 41 16 am
3455 1505 36 15 re-

2957 1523 83 24 stored
3060 1525 25 23 to
3105 1525 87 30 manly
3213 1526 95 30 vigour.
3342 1528 58 23 P.S.
3403 1541 31 4 —
3436 1529 56 29 Any

2957 1553 103 25 sufferer
3068 1555 110 26 desirous
3185 1557 28 24 of
3217 1559 209 30 communicating
3430 1560 62 24 with

2957 1593 40 17 me
3006 1593 49 23 you
3067 1594 41 17 are
3120 1590 26 22 at
3162 1588 89 33 liberty
3273 1591 27 24 to
3320 1591 55 30 give
3394 1600 42 22 my
3448 1591 42 25 ad-

2957 1619 77 28 dress,
3046 1619 37 24 for
3093 1619 15 24 I
3124 1621 47 24 like
3182 1629 60 23 your
3258 1624 118 29 practical
3388 1624 104 25 method

2958 1651 26 24 of
2996 1652 142 25 treatment.
3140 1668 31 4 —
3173 1654 29 24 T.
3217 1654 27 25 C.
3259 1656 115 24 Simpson.

1252 58 173 34 OXFORD
1469 61 226 33 OBSERVER
1732 65 240 34 SATURDAY,
2010 64 93 30 MAY
2147 63 16 28 1
2222 59 88 31 1897.

2959 4290 101 26 Printed
3067 4292 50 25 and
3126 4292 131 33 pttblislied
3262 4292 33 33 by
3306 4293 69 25 Axel
3384 4292 107 26 Ekltjnd

2989 4333 40 26 for
3039 4334 87 26 Laura
3141 4336 72 24 Anne
3224 4336 101 29 Pabish,
3342 4337 27 24 at
3384 4335 45 26 her
3445 4335 38 26 Be

2990 4378 108 32 gistered
3108 4379 116 33 Printing
3236 4379 76 27 Office
3330 4379 68 33 High
3410 4380 81 26 Street

2991 4421 64 27 East
3066 4422 102 31 Oxford,
3180 4422 165 34 Canterbury,
3424 4446 3 6 ,
3446 4445 4 3 .

3076 4467 130 25 Satubday
3222 4467 58 33 May
3286 4488 3 8 ;
3292 4467 14 25 1
3331 4467 65 26 1897

3003 1915 2 8 :
3044 1918 12 5 -
3156 1912 138 22 LIMITED.

2988 1967 270 30 CHRISTGHURCH
3278 1972 149 27 BREWER
3431 1969 30 31 £.
3463 1967 4 22 ;
3474 1977 9 20 ;■■

3187 2031 63 20 THE

2991 2098 3 1 .
3018 2098 3 2 .
3106 2061 302 44 .a.:l'.je-s=-------
3434 2085 90 21 ■•:•■•-•'

3091 2111 130 22 BREWED
3231 2113 41 21 BY
3285 2114 71 24 THIS

3047 2138 468 50 compan-tV"'-

3083 2218 3 3 --•
3141 2206 84 20 FROM
3328 2208 95 25 ■•:■:-.,:
3441 2211 31 21 •■■..
3486 2224 11 4 

2957 2254 532 58 CffOICCST-MAtTfffOFS

3070 2307 46 21 Are
3125 2309 174 28 acknowledged
3308 2312 25 21 to
3342 2312 28 21 he
3393 2305 4 10 ;

2954 2344 148 23 SUPERIOR
3111 2348 36 20 IN
3157 2348 138 23 QUALITY
3304 2350 37 21 TO
3347 2351 66 21 ANY
3419 2349 71 24 PRO-

3022 2386 101 21 DUCED
3137 2388 35 21 IN
3186 2389 74 20 NEW
3274 2390 148 23 ZEALAND.
3448 2404 2 1 ■

2982 2423 108 27 Supplied
3095 2426 25 20 to
3123 2425 82 21 Hotels
3211 2427 47 20 and
3264 2427 93 21 Private
3363 2428 129 21 Customers

2954 2449 24 20 m
2987 2450 143 26 Hogsheads,
3140 2453 101 25 Barrels,
3251 2454 139 25 Kilderkins,
3401 2456 44 19 and
3455 2458 37 18 10-

2954 2477 89 25 --gallons
3053 2477 62 27 Kegs
3124 2479 61 26 only.

2955 2528 117 42 PALE
3095 2531 91 42 ALE
3209 2532 95 43 AND
3335 2533 155 43 EXTRA

3148 2583 133 43 STOBT

3011 2654 3 2 .
3038 2632 93 22 Bottled
3153 2634 25 20 m
3188 2635 85 24 Quarts
3283 2636 47 21 and
3338 2637 72 21 Pints.

3003 2744 45 56 S.
3081 2747 49 45 B.
3154 2747 304 58 SEYMOUR,

3152 2814 139 28 DENTIST,

2996 2855 41 20 215
3051 2854 106 20 Colombo
3163 2867 3 3 -
3171 2855 82 22 Street,
3277 2856 168 20 Christchurcli.

3124 2926 178 21 CHARGES:—

3023 2964 93 26 Filling,
3131 2964 24 20 ss
3163 2972 7 17 ;
3204 2965 133 22 Extraction
3346 2968 25 19 2s
3385 2966 36 21 6d.

2982 3027 95 21 Nitrous
3088 3027 59 21 Oxid
3157 3027 46 21 Gas
3213 3029 169 22 Administered
3387 3030 37 21 for
3431 3030 58 23 Pain

2954 3067 46 21 less
3010 3067 133 21 Extraction
3152 3068 25 21 of
3185 3069 80 21 Teeth.
3298 3070 46 21 Fee
3352 3070 37 21 for
3397 3070 93 21 Admin-

2955 3105 109 20 istration
3074 3105 31 21 ss.

2954 3575 251 45 Joseph
3248 3572 238 51 Louan.

3098 3651 247 28 UNDERTAKER.
3359 3670 4 13 ;
3448 3665 32 14 .-...

3067 3694 109 32 EAST
3200 3696 184 32 OXFORD.
3407 3683 45 41 V
3520 3726 3 5 .

2988 3745 102 33 Having
3097 3745 52 32 just
3157 3746 126 32 imported
3291 3747 63 26 from
3361 3747 127 33 England,

2954 3796 55 17 new
3031 3788 117 32 Designs,
3183 3798 55 17 new
3267 3791 148 31 Trimmings
3439 3792 50 24 and
3519 3804 3 5 •

2954 3831 88 29 Robes,
3055 3831 22 24 is
3086 3833 118 30 prepared
3216 3834 26 24 to
3251 3834 106 24 conduct
3366 3834 122 25 Funerals

2955 3868 96 32 Adults,
3071 3872 26 23 at
3110 3871 46 26 £5.
3170 3873 51 24 and
3231 3874 123 30 upwards,
3377 3873 111 31 polished

2955 3912 81 30 coffin,
3060 3914 49 24 and
3140 3914 193 26 silvermouhted
3354 3916 135 25 Furniture

2956 3955 76 25 From
3045 3956 46 25 £8.
3111 3958 132 33 according
3253 3961 33 23 to'
3302 3959 113 32 Designs.
3450 3959 76 31 Noj^

2956 3999 69 23 extra
3037 3999 88 32 charge
3137 4001 39 24 for
3188 4001 96 26 Hearse
3289 4011 5 9 ••
3307 4010 28 16 or
3352 4009 63 25 open
3431 4001 74 29 Car->

2954 4041 76 31 riage.
3067 4058 3 2 •
3121 4048 4 3 ■
3157 4048 4 21 ;
3234 4061 4 3 .
3265 4053 3 7 ;
3282 4054 4 4 -
3296 4060 11 9 ::
3348 4062 2 2 .
3358 4046 31 23 :.-
3411 4064 11 7 

2989 4084 32 24 N.
3050 4085 31 24 B.
3112 4082 93 30 Coffins
3227 4088 59 31 kept
3307 4088 27 24 m
3363 4087 68 25 stock
3453 4088 39 25 for

2956 4144 92 33 urgent
3065 4152 78 18 cases.
3161 4143 5 8 '

2495 353 214 32 Established
2734 358 80 29 1862

2439 415 124 32 FLOUE,
2575 420 57 25 best
2642 421 81 24 brand
2734 422 60 33 only
2804 423 68 32 kept.

2392 456 144 33 SHARPS,
2573 462 209 33 OATMEAL,
2818 466 108 27 BRAN

2481 503 291 35 CHICKEHWHSAT,
2790 511 43 25 &c.

2418 543 40 20 AT
2486 545 123 24 LOWEST
2638 548 142 25 CURRENT
2816 553 111 28 RATE3|

2479 723 52 44 F.
2564 723 49 45 B.
2636 725 170 45 LANE
2815 774 9 10 a

2495 801 91 39 (Late
2600 803 39 30 E.
2659 804 161 43 Butcher.)

2391 856 251 42 Watchmaker,
2671 863 184 40 Jeweller,
2871 867 53 32 &c.

2389 908 124 32 Importer
2547 911 27 24 of
2614 911 107 26 Musical
2756 915 170 28 Instruments

2489 947 111 27 Victoria
2622 950 38 25 St.
2690 951 134 33 Eangiora.

2392 1023 99 31 Special
2502 1026 71 23 value
2595 1026 28 24 m
2646 1027 80 26 Extra
2749 1031 87 32 strong
2847 1031 77 26 Cased

2389 1065 88 32 highly
2486 1067 108 25 finished
2608 1070 109 31 English
2735 1072 80 26 Lever
2824 1074 99 25 Watch-

2390 1116 35 17 es.
2472 1110 191 27 Manufactured
2680 1115 27 24 to
2729 1123 43 23 my
2800 1118 72 24 order
2893 1118 34 32 by

2390 1147 55 26 best
2457 1148 105 26 London
2581 1151 107 26 makers.
2724 1154 156 33 Unequalled
2889 1158 38 25 for

2390 1191 123 25 excellent
2527 1193 178 34 Timekeeping
2721 1198 49 24 and
2782 1198 143 33 durability.

2423 1235 30 23 F.
2471 1235 31 24 B.
2515 1235 96 26 LANE
2623 1239 142 32 personally
2786 1242 71 25 visits
2877 1243 49 25 Ox-

2380 1273 2 48 j
2390 1276 54 25 ford
2464 1279 126 32 monthly,
2613 1282 117 31 carrying
2749 1291 15 17 a
2787 1284 68 32 large
2878 1287 49 24 and

2391 1319 85 25 choice
2510 1322 71 24 stock
2609 1323 27 25 of
2667 1324 128 31 Watches,
2824 1328 102 30 Chains,

2390 1361 135 30 Brooches,
2535 1364 88 33 Rings,
2636 1366 85 29 Studs,
2739 1368 129 27 Pendants
2881 1374 46 27 etc,

2393 1404 142 33 Spectacles
2557 1407 124 33 (Pebbles,
2698 1411 169 29 Pantoscopsc
2878 1416 50 23 and

2392 1447 109 35 Crystal)
2512 1450 99 30 Clocks,
2631 1452 108 32 (Marble
2759 1455 51 24 and
2827 1456 101 34 Wood,)

2491 1492 94 26 Accord
2589 1502 60 17 eons
2660 1496 51 24 and
2722 1496 107 26 Violins.

2425 1553 83 25 Exact
2520 1556 58 23 date
2590 1557 27 24 of
2627 1557 61 24 each
2700 1558 60 25 visit
2780 1558 24 26 is
2815 1560 104 26 notified

2541 1597 28 24 m

2392 1637 115 26 Repairs.
2509 1653 33 5 —
2543 1640 42 25 All
2596 1642 94 30 repairs
2708 1651 42 17 are
2768 1646 118 25 executed
2897 1646 30 32 by

2391 1682 93 31 myself
2504 1690 28 16 or
2549 1684 80 25 under
2645 1692 43 25 my
2708 1687 222 31 superintendence

2392 1731 27 16 so
2441 1724 57 25 that
2516 1727 104 30 patrons
2632 1736 47 17 can
2702 1731 52 30 rely
2776 1738 34 17 on
2832 1732 98 32 getting

2392 1767 155 26 satisfaction
2556 1771 27 23 at
2595 1770 44 24 the
2650 1778 59 25 very
2719 1772 87 27 lowest
2815 1774 113 33 charges.

2424 1809 105 33 Repairs
2542 1821 28 16 or
2578 1814 84 26 orders
2670 1823 60 25 may
2741 1816 30 25 be
2779 1818 45 25 left
2836 1821 26 23 at
2862 1833 34 5 —

2390 1858 27 24 J.
2436 1858 134 34 Weeber's,
2605 1863 65 26 East
2694 1864 100 27 Oxford,

2390 1903 26 23 at
2439 1902 41 25 W.
2504 1904 36 25 M.
2541 1905 62 27 C,
2626 1906 65 25 East
2716 1908 101 26 Oxford.

2390 1943 24 25 J.
2432 1944 99 32 Brown,
2545 1946 160 33 Bootmaker,
2731 1950 80 27 West'
2825 1952 100 27 Oxford.

2390 1986 40 25 W.
2444 1987 24 25 J.
2482 1988 118 28 Crothers
2609 1992 20 24 &
2641 1992 45 26 Co.
2694 2011 6 6 .
2723 1993 69 26 Oust.

2422 2031 50 24 and
2489 2032 89 26 willbe
2589 2035 127 32 promptly
2727 2038 119 25 attended
2857 2041 34 24 to.

2389 2069 54 34 All
2566 2077 78 31 done
2656 2089 39 19 on
2710 2080 53 30 the
2775 2081 151 32 Premises

2513 2128 62 29 and
2590 2132 199 35 guaranteed.

2479 2283 118 41 PEED
2641 2287 188 42 FULLER.

2576 2343 164 24 SOLICITOR.

2429 2380 13 19 9
2452 2379 123 22 Cathedral
2585 2381 94 27 Square,
2694 2383 191 25 Chbistchurch.

2390 2412 116 27 (Between
2514 2414 111 22 Morten's
2634 2416 118 28 buildings
2761 2419 19 20 &
2789 2420 57 20 Post
2852 2421 68 21 Office

2428 2489 188 57 Money
2644 2493 54 43 to
2735 2493 142 45 Lend

2387 2560 29 14 on
2427 2554 32 21 all
2467 2555 57 21 kind
2535 2555 24 21 of
2569 2556 112 28 Security,
2690 2559 26 20 at
2735 2559 57 21 Low
2805 2561 80 20 Kates
2903 2562 23 20 of

2415 2598 106 22 Interest.
2552 2599 88 28 Special
2653 2602 78 21 Terras
2742 2602 34 21 for
2785 2604 110 21 Farmers.

2448 2758 426 51 EUCALYPTUS

2651 2831 13 14 ♦

2446 2856 60 20 THE
2521 2857 73 20 BEST
2608 2858 88 21 HOME
2712 2859 145 20 REMEDIE

2504 2893 36 15 are
2555 2887 36 21 the
2600 2888 136 26 preparation
2747 2889 25 21 of
2778 2889 37 21 the

2389 2922 171 23 TASMANIAN
2578 2925 186 22 EUCALYPTUS
2780 2926 47 21 OIL
2841 2927 77 21 COMP

2418 2961 136 24 Universally
2564 2961 104 21 admitted
2677 2962 37 20 the
2722 2962 79 25 BEST,
2813 2964 115 20 PUREST

2390 2997 42 20 and
2442 2997 58 19 most
2510 2997 94 20 effective
2614 2997 135 26 Eucalyptus
2771 3000 105 20 Globulus
2892 3000 27 20 Oi

2389 3029 33 19 for
2442 3028 172 25 INFLUENZA,
2636 3029 92 26 Coughs,
2747 3030 64 21 Colds
2837 3032 43 20 and
2897 3032 30 21 all

2389 3059 66 20 Chest
2471 3059 44 20 and
2522 3060 64 25 Lung
2602 3061 114 20 affections
2730 3062 76 26 speedy
2815 3063 61 21 relief
2886 3063 43 21 and

2389 3091 57 21 Cure
2463 3091 34 20 for
2512 3091 158 26 Bheumatism,
2691 3094 122 25 Neuralgia,
2829 3096 99 25 Sprains-

2389 3117 72 22 Burns
2481 3119 35 20 &c.

2416 3151 134 26 Eucalyptus
2568 3147 111 27 Globulus'
2691 3154 93 22 Extract
2793 3156 90 26 sprayed
2896 3157 32 20 in-

2389 3183 64 21 haled
2469 3183 43 21 and
2526 3185 66 20 taken
2601 3185 118 26 internally
2736 3187 34 19 for
2784 3187 36 21 the
2839 3188 87 27 Throat,

2380 3224 2 19 !
2390 3220 100 26 Catarrh,
2508 3220 60 26 Hay,
2594 3222 99 25 Typhoid
2710 3223 44 21 and
2769 3224 83 21 Scarlet
2862 3225 67 21 Fever

2390 3252 131 22 MEASLES
2532 3253 37 23 the
2574 3255 56 19 most
2640 3255 136 26 satisfactory
2785 3258 144 24 preventative

2390 3284 44 20 and
2449 3284 60 21 Cure.
2537 3286 57 20 Send
2607 3286 52 20 Post
2675 3287 55 20 Card
2740 3288 23 20 to
2773 3288 36 21 the
2819 3288 64 22 Office
2896 3290 33 20 for

2391 3315 96 21 Circular
2500 3316 121 27 describing
2640 3319 123 21 treatment.
2789 3320 141 27 Eucalyptus,

2390 3349 112 22 Ointment
2512 3350 37 21 the
2559 3350 70 26 Magic
2638 3352 79 21 Healer
2731 3353 23 20 of
2768 3354 70 24 Sores,
2851 3356 79 24 Burns,

2390 3380 104 26 Wounds,
2510 3382 60 21 Boils
2589 3383 45 25 &c,
2657 3383 136 27 Eucalyptus
2813 3385 57 26 Soap
2885 3387 43 20 Fra

2390 3414 63 23 grant
2463 3413 43 21 and
2515 3415 126 25 refreshing,
2665 3415 134 27 Eucalyptus
2808 3417 89 26 Jujubes
2906 3424 24 14 or

2390 3443 103 21 Pastilles
2502 3444 34 21 for
2545 3446 37 19 the
2608 3446 81 21 Throat
2698 3447 44 20 and
2750 3448 65 21 Voice
2831 3455 29 14 an
2874 3449 54 21 anti-

2391 3476 67 25 septic
2469 3476 41 21 and
2521 3477 122 21 stimulant.

2390 3509 127 25 Veterinary
2533 3510 36 20 Oil
2579 3512 43 19 and
2632 3512 112 20 Ointment
2753 3513 34 19 for
2797 3513 36 20 the
2842 3513 86 21 stables.

2380 3541 2 19 I
2417 3543 31 22 Be
2456 3549 11 14 s
2470 3549 36 15 ure
2515 3550 14 19 y
2531 3550 12 14 o
2546 3550 12 15 u
2568 3545 109 21 Purchase
2691 3545 39 21 the
2740 3545 104 27 Platypus
2861 3547 68 20 brand

2390 3575 51 24 only
2451 3576 22 19 of
2481 3576 28 20 all
2519 3576 113 25 Chemists,
2639 3578 87 19 Grocers
2733 3577 43 20 and
2782 3578 146 26 Storekeepers

2390 3606 43 19 and
2447 3607 23 19 at
2484 3607 37 20 the
2531 3608 65 20 Office
2605 3610 12 19 9
2627 3609 115 20 Cathedral
2751 3615 76 19 square
2836 3610 93 20 between

2389 3637 101 21 Morten's
2505 3639 112 26 Buildings
2626 3641 43 20 and
2679 3641 37 20 the
2724 3641 52 20 Post
2786 3641 70 22 Office.

2526 3683 2 2 ■
2555 3673 88 22 Oxford
2653 3674 80 27 Agent
2755 3695 2 2 .
2796 3693 2 2 .

2444 3707 26 23 R.
2481 3708 29 22 H.
2524 3710 120 27 PARISH,
2667 3711 78 20 EAST
2758 3712 119 23 OXFORD

2469 3747 149 28 Eucalyptus.
2622 3748 37 22 Oil
2673 3749 30 27 1/-
2717 3756 41 20 per
2766 3750 78 21 bottle.

2404 3930 503 47 DRESSMAKING.

2490 3995 335 57 MIsiTTSSEDY

2429 4084 78 30 Late
2529 4085 81 28 from
2625 4085 54 28 the
2691 4085 102 30 D.T.C.
2843 4086 83 32 Wel-

2387 4125 130 39 lington.

2429 4166 81 39 Begs
2544 4171 34 27 to
2606 4166 122 33 inform'
2754 4166 56 32 her
2839 4167 89 42 Lady

2385 4207 118 31 friends
2519 4208 70 31 that
2603 4209 55 30 sho
2684 4209 28 30 is
2727 4208 150 40 prepared
2895 4213 34 27 to

2386 4248 90 30 make
2517 4250 120 30 dresses
2665 4251 34 28 m
2735 4250 195 32 fashionable

2385 4290 63 29 and
2463 4290 93 31 latest
2570 4290 108 41 styles,
2702 4294 33 27 at
2749 4293 181 31 reasonable

2385 4330 140 40 charges.

2427 4377 62 32 She
2517 4379 58 32 has
2597 4381 155 39 arranged
2776 4381 49 31 for
2853 4392 77 31 pre-

2385 4422 70 26 sent
2489 4420 173 32 workroom
2691 4425 79 28 next
2798 4426 34 27 to
2862 4422 66 33 Mrs

2387 4459 148 40 Lough'a,
2568 4461 132 33 Oxford.

1292 235 90 86 R
1387 301 22 20 a
1491 237 107 84 H
1603 302 20 20 o
1683 237 517 87 PARISH

1480 405 198 57 EAST
1725 407 329 58 OXFORD

1202 583 350 86 Ladies
1627 585 380 89 Corsets
2054 593 123 82 Is.
2206 593 148 84 9cL

1381 971 339 49 ENORMOUS
1781 976 390 50 REDUCTIONS

1202 1150 430 115 Kaiapoi
1686 1157 354 90 Tweed
2096 1162 265 86 Suits

1206 1387 453 88 Reduced
1710 1395 101 83 to
1853 1395 177 86 21s
2032 1412 16 41 1
2157 1399 161 85 6d.

1474 1625 331 87 worth
1888 1632 194 84 30So

1203 1860 232 85 This
1479 1860 271 88 beats
1794 1865 170 87 the
2003 1869 353 85 travel-

1429 2098 221 110 ling
1698 2100 446 112 Drapers.

1198 2342 81 24 riTHE
1298 2342 115 33 question
1424 2342 22 24 is
1458 2342 133 25 natural—
1616 2342 68 34 Why
1695 2344 61 25 send
1770 2346 27 24 to
1809 2345 179 27 Christchurch
2007 2347 39 25 for
2063 2356 63 23 your
2142 2348 131 34 Drapery?
2307 2352 52 25 The

1205 2371 20 28 1
1263 2375 103 33 drapery
1378 2375 54 25 sold
1440 2375 26 24 m
1475 2375 57 25 that
1543 2376 51 31 city
1606 2384 71 24 every
1689 2384 47 17 one
1747 2378 95 30 knows,
1854 2378 23 26 is
1888 2381 45 23 not
1944 2380 72 25 made
2028 2381 77 29 there,
2124 2381 46 26 hut
2180 2383 130 32 imported.
2345 2386 15 24 I

1198 2410 93 30 import
1302 2409 66 24 from
1379 2408 44 25 the
1434 2408 54 24 best
1499 2408 108 32 English
1618 2410 51 24 and
1686 2410 89 25 Scotch
1787 2411 100 27 houses.
1933 2412 72 26 lam
2017 2413 104 26 enabled
2133 2417 26 23 to
2170 2417 123 30 purchase
2311 2418 48 26 low

1199 2443 51 24 and
1259 2442 46 25 sell
1317 2443 26 24 at
1352 2450 15 16 a
1378 2443 54 23 rate
1444 2441 26 24 of
1479 2441 75 31 profit
1566 2442 54 32 (my
1631 2450 120 23 expenses
1762 2443 74 32 being
1846 2444 82 32 small)
1942 2445 56 26 that
2010 2447 82 24 would
2103 2447 30 25 be
2151 2450 146 24 considered
2317 2451 42 25 ab-

1200 2475 58 24 surd
1269 2474 33 31 by
1319 2483 47 22 any
1387 2474 179 24 Christchurch
1590 2474 199 26 establishment.
1842 2477 45 31 My
1908 2478 77 24 Stock
2003 2479 22 23 is
2044 2479 44 25 the
2107 2479 95 32 largest
2219 2482 51 24 and
2291 2486 68 23 most

1198 2508 85 24 varied
1302 2507 57 24 that
1369 2507 46 24 lias
1427 2514 56 16 ever
1493 2508 64 22 been
1568 2507 87 24 shown
1665 2507 28 24 m
1705 2508 44 24 the
1759 2508 105 30 district,
1877 2510 50 23 and
1938 2510 38 25 for
1987 2511 93 32 quality
2100 2513 49 24 and
2168 2513 73 25 value
2257 2517 59 29 puts
2331 2518 28 24 m

1199 2542 30 23 he
1241 2540 78 25 shade
1335 2539 77 32 goods
1423 2538 92 26 offered
1527 2538 33 33 by
1571 2539 104 32 visiting
1686 2540 117 26 hawkers
1816 2542 63 24 from
1890 2542 45 26 the
1952 2544 183 26 Christchurch
2146 2554 46 24 rag
2203 2549 88 24 marts.

1232 2594 93 24 Dress
1338 2593 164 31 Materials,
1516 2593 88 25 Plain
1615 2594 60 24 and
1686 2594 104 31 Fancy
1801 2596 80 24 from

1232 2652 26 25 A
1275 2651 111 30 Strong
1402 2652 88 25 Stout
1506 2651 133 25 Durable
1657 2651 126 32 Kaiapoi
1801 2653 113 25 Tweed
1930 2655 51 31 2/6
1994 2662 54 23 per
2059 2657 77 29 yard

1830 2695 109 27 Makes
1950 2698 156 26 first-class
2124 2699 91 32 Boys'
2234 2700 90 28 Suits.

1232 2744 57 24 Art
1307 2743 139 31 Muslins,
1466 2742 156 34 Cretones,
1641 2744 80 26 Lace
1739 2745 138 27 Curtains
1896 2747 54 25 &c.

1232 2810 26 30 A
1275 2810 110 26 Choice
1403 2809 168 26 Collection
1588 2811 34 25 of
1635 2810 122 33 Gloves,
1785 2812 77 31 Ties,
1892 2813 130 33 Aprons,
2052 2815 166 26 Insertions
2237 2818 54 25 &c.

1232 2871 103 24 Prints
1347 2872 80 23 from
1439 2871 52 24 4d.
1503 2877 55 25 per
1569 2872 86 30 yard.
1668 2872 139 31 Muslins,
1820 2873 139 31 Selesias,
1973 2874 126 31 Calicos,
2114 2876 55 24 &c.

1820 2915 87 26 With
1924 2918 87 23 other
2029 2918 193 26 Manchester
2239 2921 87 31 lines.

1232 2965 89 30 Hats,
1339 2965 103 29 Fancy
1460 2965 60 24 and
1536 2965 107 31 Sailor,
1662 2967 31 23 m
1710 2966 105 25 White
1832 2968 61 23 and
1910 2967 116 26 Colors.

1778 3009 126 26 Newest
1921 3010 123 33 Shapes.
2080 3012 97 31 Large
2194 3015 132 32 Variety,

1232 3058 148 31 Flowers,
1398 3059 156 31 Feathers,
1573 3059 148 31 Ribbons,
1741 3059 106 33 Laces,
1865 3060 76 32 Jets,
1961 3061 54 25 &c.

1706 3099 88 26 With
1811 3102 41 23 all
1868 3103 185 23 necessaries
2071 3103 48 24 for
2135 3103 191 31 Trimmings,

1231 3144 103 31 Fancy
1350 3144 141 31 Frillings
1510 3146 77 31 3yds
1599 3147 47 25 for
1656 3147 36 33 1/-
1710 3149 102 24 worth
1824 3149 50 31 9d,
1893 3154 55 26 per
1959 3151 84 29 yard,

1769 3191 184 33 Umbrellas,
1971 3194 152 32 Parasols,
2142 3194 184 33 Sunshades,

1518 3265 244 44 DOUBLE
1824 3265 213 47 WIDTH

1202 3458 4 77 ;
1281 3426 294 87 Dress
1650 3430 396 86 Tweeds
2133 3434 104 85 Is

1502 3581 332 88 worth
1904 3585 136 85 2s.

1279 3734 461 87 Costume
1805 3736 288 86 Cloth
2175 3742 124 83 Is.

1199 4234 134 41 English
1347 4235 128 41 Witney
1484 4233 149 33 Blankets
1647 4240 34 26 to
1696 4237 38 31 be
1749 4238 67 31 sold
1831 4242 32 27 at
1874 4240 59 30 less
1942 4243 77 26 than
2034 4238 181 34 Melbourne
2228 4242 131 32 Whole-

1200 4288 63 30 sale
1284 4287 129 40 price—
1413 4287 121 31 Double
1550 4288 68 30 Bed
1635 4287 70 32 Size
1728 4290 64 30 12s.
1818 4291 50 30 6d.
1920 4292 100 30 worth
2039 4292 66 31 16s.
2145 4293 50 30 6d.
2217 4303 56 31 per
2288 4296 69 40 pair

1367 4334 131 35 cheaper
1510 4329 78 30 than
1604 4328 225 34 Christchurch
1843 4338 113 27 houses
1971 4332 65 31 will
2050 4334 58 30 sell
2123 4333 94 32 them.

1242 4428 72 32 R.
1362 4423 78 38 ££•
1488 4428 298 40 PARISH
1865 4432 157 34 East
2055 4433 259 37 Oxtod,

763 179 266 48 NOTICE.

628 266 138 40 pOISON
796 268 50 24 will
877 269 30 25 be
930 270 51 24 laid
1004 278 33 17 on
1060 272 108 24 sections

628 294 26 30 X
681 302 64 23 1777
763 301 50 23 and
832 303 64 22 1005
914 310 33 17 on
966 303 51 24 and
1039 303 63 25 after
1119 304 50 25 this

628 331 63 29 date,
711 332 87 25 March
811 334 70 24 19th.
895 335 74 26 1897.

796 392 35 24 H.
852 392 197 27 YOUNGMAN

930 435 70 26 West
1018 437 100 24 Oxford.

646 565 283 59 EEDUCED
947 566 204 58 PItfCES

764 663 37 24 for
813 671 45 16 our
869 664 55 23 well
943 664 92 24 known

792 696 58 30 high
861 696 64 24 class
937 697 69 23 work

716 754 28 25 C.
758 754 34 25 H.
814 754 163 25 MANNING
996 757 19 22 &
1033 755 52 24 CO.

660 813 171 25 PORTRAIT
850 813 71 25 AND
939 812 203 27 LANDSCAPE

747 872 306 26 PHOTOGRAPHERS

705 928 49 23 150
772 926 161 26 COLOMBO
952 927 142 29 STREET,

757 986 284 26 CHRISTCHURCH.

672 1050 456 37 CABI2STBTS

634 1122 94 45 12s.
752 1125 75 43 6l>.
856 1125 138 44 PER
1025 1125 143 45 DOZ.

658 1253 79 43 W.
767 1252 65 44 H.
862 1253 277 45 ALFOKD

650 1348 241 39 WATCHMAKER.
915 1350 23 37 &
975 1350 174 38 JEWELLER

707 1420 88 26 MAIN
810 1421 135 25 STREET
965 1421 139 26 OXFORD

768 1491 261 47 NOTICE.

632 1595 174 31 OXFORD
849 1595 189 30 LIBRARY
1079 1595 89 32 AND

723 1635 198 30 READING
942 1635 131 31 ROOM.

629 1715 54 25 The
712 1715 93 26 Oxford
832 1716 105 32 Library
965 1716 22 25 is
1015 1724 63 24 open
1099 1724 71 24 every

630 1759 114 31 Tuesday
755 1759 50 24 and
827 1759 122 31 Saturday
978 1759 97 31 nights,
1104 1760 72 25 from-

632 1804 12 22 -6
658 1803 32 23 30
702 1809 69 25 p.m.,
792 1802 26 24 to
840 1804 15 23 8
865 1809 72 25 p.m.,
961 1802 50 25 and
1024 1823 2 2 .
1043 1810 33 17 on
1099 1811 71 24 every

630 1845 121 25 alternate
763 1844 131 33 Thursday
918 1845 139 30 afternoon,
1090 1846 80 33 (Sale-

630 1888 72 33 days)
724 1888 65 26 from
802 1889 60 25 230
872 1897 66 24 p.m..
954 1891 28 23 to
994 1891 14 23 5
1020 1897 59 25 p.m.
1118 1890 53 25 The

822 1966 24 21 L.
864 1965 125 31 REEVES,

916 2020 61 24 Hon
989 2019 146 26 Librarian.

691 2089 178 25 Subscription
881 2090 38 31 2/-
931 2098 51 16 pek
999 2090 120 29 Quabtek

670 2199 475 56 HOLBROOK

860 2284 69 22 AND

664 2334 464 57 VALLANCE

728 2503 122 23 TIMBER
876 2503 196 24 MERCHANTS

694 2542 203 32 COOPER'S
950 2543 155 32 CREEK.

735 2601 144 33 VIEW
923 2601 139 40 HILL,

631 2682 86 56 BEG
740 2686 26 21 to
785 2684 114 23 intimate
919 2684 26 23 to
973 2684 44 23 the
1039 2684 84 30 public
1145 2684 28 25 of

683 2714 92 26 Oxforti
791 2715 49 26 and
857 2716 168 31 surrounding
1043 2716 125 31 Districts,

632 2747 54 25 that
699 2756 36 17 we
754 2749 64 24 have
842 2749 157 24 commenced
1011 2749 119 25 Business
1142 2757 27 17 as

632 2781 167 29 saw-millers,
824 2781 50 24 and
895 2781 64 32 hope
982 2781 32 32 by
1039 2782 72 25 strict
1130 2785 36 23 at-

632 2813 96 25 tention
737 2816 26 23 to
775 2814 117 25 Business
907 2816 26 23 to
945 2815 30 24 be
985 2815 117 25 favoured
1110 2816 60 25 with

632 2847 63 23 their
723 2847 109 31 support.
879 2848 85 23 White
987 2848 66 29 pine,
1084 2848 84 29 Rimu,

631 2879 74 24 Birch
716 2880 51 24 and
779 2879 60 25 Coal
860 2879 38 31 pit
909 2885 74 25 props
994 2881 28 22 m
1032 2888 49 24 any
1093 2888 77 24 quan-

632 2912 56 29 tity.

770 3063 116 29 Copies
908 3071 39 21 of
968 3071 62 22 the

682 3123 175 31 OXFORD
890 3124 224 31 OBSERVER

738 3187 47 17 can
808 3178 31 25 be
864 3179 118 25 obtained
1004 3182 27 22 at

630 3224 178 25 CARGILL'S
820 3232 86 17 corner
928 3224 28 25 of
970 3224 137 26 CASHEL
1119 3225 50 25 and

730 3281 162 26 COLOMBO
912 3281 155 28 STREETS

780 3401 42 25 TO
839 3401 177 25 FARMERS.

630 3480 44 57 IF
692 3488 46 23 you
757 3481 67 23 want
842 3481 25 23 to
897 3480 46 25 sell
972 3488 62 23 your
1052 3480 114 31 produce,

669 3513 122 24 advertise
802 3514 27 23 m
841 3512 43 25 the
1153 3522 15 16 a
1175 3525 2 13 i

629 3554 57 16 sure
710 3546 49 24 sale
777 3546 48 24 will
833 3545 39 25 'be
889 3545 42 25 the'
949 3547 85 23 result.
1175 3538 2 20 '

663 3612 161 24 TERMS.—
825 3612 37 24 2s;
886 3619 42 20 per
956 3612 60 24 inch
1045 3612 38 24 for
1111 3612 57 26 first

640 3645 119 24 nsertion.

664 3720 41 24 All
722 3721 75 25 small
813 3721 204 26 advertisements
1035 3723 26 24 to
1074 3723 27 23 be
1109 3722 58 32 paid

628 3761 30 24 •m
676 3761 116 29 adva.nc.e.
1024 3777 1 2 ■
1038 3786 2 1 .
1071 3780 3 2 .

730 3859 134 45 FOR
890 3859 181 45 SALE.

631 3984 262 43 TjiULL-SIZE,
937 3985 233 25 ALL-WOOL

850 4056 116 25 WHITE

657 4127 211 48 KAIAPOI
892 4128 249 49 BLANKETS

731 4213 81 45 19s
845 4213 53 45 6d
898 4215 180 44 [Pair.

674 4327 74 22 BEST
762 4326 104 22 VALUE
884 4326 82 21 EVER
980 4327 136 22 OFFERED

773 4372 33 23 R.
824 4370 36 24 H.
879 4369 144 25 PARISH.
1080 4384 5 5 ■

760 4441 103 30 Easfe
886 4436 160 38 Oxford

55 4262 38 240 I
209 4266 255 47 NOTICE.

92 4354 143 29 ARSONS
254 4357 76 24 found
353 4359 151 31 trespassing
518 4360 27 23 m
557 4358 44 25 the

115 4387 121 23 MOUNT
249 4388 175 26 PLEASANT
435 4391 165 25 ORCHARD

92 4423 37 21 ter
155 4419 50 24 this
231 4421 65 28 date,
310 4422 47 23 will
383 4423 27 24 be
433 4424 167 26 PROSECU-

92 4452 52 24 e.k
