2510 4020
607 609 129 32 PORT
759 606 295 42 NICHOLSON/
1063 610 310 33 WEDNESDAY
1394 611 237 39 MORNING,
1654 614 105 32 MAY
1784 618 50 34 18,
1859 619 86 28 1842.

576 493 221 39 PUBLISHED
842 495 131 39 EVERY
1017 495 255 38 WEDNESDAY
1317 495 88 37 AND
1449 496 228 38 SATURDAY
1722 499 203 36 MORNING.

29 44 2420 39 THE

58 71 285 172 NEW
343 71 421 172 ZEALAND
764 71 1682 172 GAZETTE

1224 267 100 31 AND

29 298 1153 152 WELLINGTON
1297 298 1152 152 SPECTATOR.

75 617 55 33 No.
148 614 96 39 142.].

2237 619 99 41 [Vol.
2357 619 66 33 111.

237 714 53 21 For
303 711 115 25 Nelson,
443 733 4 2 .
491 723 3 6 ■
553 718 6 12 ;

189 749 29 20 To
226 748 76 25 follow
318 748 34 19 the
366 746 99 24 Blossopi,

57 783 90 31 /^23sl
186 784 92 22 rriHE
291 783 45 22 fine
356 782 106 22 schooner
593 782 26 20 82

74 803 87 39 gNSL
193 803 30 31 X
261 814 56 21 tons,
333 809 37 22 W.
389 809 65 22 Stobo
470 811 90 24 master,
574 807 44 22 -will

53 831 129 37 jSwPguk
197 840 61 21 meet
271 836 54 23 with
334 837 68 27 quick
416 835 106 27 despatch
536 835 33 21 for
581 834 37 23 the

50 858 134 39 aUMjSgj
199 867 71 22 above
287 867 57 25 port.
374 864 44 21 For
433 862 83 28 freight
530 869 25 14 or
570 868 49 21 pas-

50 890 131 35 Q23t§£_F
198 901 61 21 sage,
283 891 67 28 apply
373 894 22 18 to
419 890 37 22 the
483 892 83 20 master
589 896 29 15 on

198 920 78 28 board,
288 926 26 15 or
324 922 20 19 to

338 952 65 23 John
416 951 82 27 Wade,
509 951 82 26 Agent.

68 985 28 22 Te
104 984 51 26 Aro,
166 983 55 27 May
232 984 19 25 6,
263 982 62 21 1841.

182 1034 54 20 For
249 1033 106 21 Nelson
369 1032 104 20 Haven,

50 1062 90 32 stAi.
184 1069 92 30 rpHE
290 1068 91 22 WELL
397 1066 119 23 KNOWN
530 1065 88 28 regular

68 1089 90 38 S^Nk
190 1089 31 29 X
245 1097 82 26 packet
339 1096 113 24 Picfavicb,
465 1094 62 27 Capt.
539 1092 77 28 Styles,

47 1117 130 37 /tfJPf_|»
233 1123 8 22 1
260 1123 41 22 sail
324 1123 22 21 in
367 1130 14 13 a
397 1122 12 21 f
407 1129 11 24 ?
421 1129 19 14 w
456 1120 54 23 3avs
529 1120 35 21 for
581 1119 37 22 Ac

47 1145 132 38 _WnrngM
198 1151 70 22 above
279 1151 55 21 Port
340 1157 6 19 ;
361 1148 84 27 having
456 1154 55 20 very
521 1146 97 28 superior

47 1170 129 36 $gg§_|i_r
198 1176 192 24 accommodation
400 1176 33 20 for
442 1181 137 21 passengers.

67 1217 37 21 For
112 1213 80 27 freight
202 1219 24 14 or
234 1217 100 22 passage,
344 1209 67 28 apply
421 1211 23 19 to

289 1244 36 22 W.
340 1243 27 22 B.
383 1243 94 22 Rhodes
492 1242 45 22 and
552 1242 38 21 Co.

205 1291 54 20 For
272 1289 172 24 Manewatu,

197 1323 30 21 To
235 1323 42 20 sail
285 1323 22 18 in
317 1328 12 14 a
332 1321 47 26 few
393 1321 56 25 days,

55 1354 93 34 ,*<%&_
190 1355 116 22 rriHAT
336 1354 52 22 well
414 1354 84 21 known
532 1350 86 29 regular

75 1381 88 31 ASH)*
198 1376 30 29 X
253 1383 74 21 trader
336 1377 197 28 schoone/Henry,
543 1378 75 22 James

52 1403 132 39 /MPPS^
204 1409 123 28 Daymond
335 1411 90 19 master.
453 1407 44 22 For
504 1405 81 26 freight
594 1412 25 14 or

49 1431 136 40 jSaffljaj
203 1444 100 20 passage,
317 1435 66 28 apply
391 1438 31 18 to<

144 1481 8 17 I
152 1479 31 18 **^
200 1489 125 26 Wallace,
336 1488 92 25 White,
439 1486 44 22 and
494 1486 123 21 Wallace.

92 1544 49 20 For
155 1540 158 29 Wanganui
327 1540 56 20 and
398 1538 166 22 Manewatu.

80 1573 63 34 vjtfgT
198 1580 45 27 rp
247 1578 44 22 HE
302 1577 43 22 fine
357 1576 106 22 schooner
471 1576 74 24 Mana,
556 1574 62 25 Capt.

71 1598 100 37 j^gTjls.
205 1598 30 30 X
260 1605 25 21 M
289 1604 104 26 'Donald,
411 1602 43 22 will
474 1601 42 22 sail
531 1601 36 22 for
581 1600 38 21 the

69 1625 122 39 jLT^^g'
212 1632 69 22 above
291 1633 60 25 ports
361 1637 29 15 on
401 1628 92 33 Sunday
499 1630 65 24 next;
579 1626 40 22 has

61 1652 131 37 jßra/lLjp^*
212 1659 99 27 superior
326 1656 188 23 accommodation
525 1656 34 21 for
571 1661 48 21 pas-

51 1677 145 37 VtSr-^nre
205 1692 103 21 .sengers.
337 1684 44 22 For
389 1683 81 27 freight
484 1689 26 14 or
520 1687 98 23 passage,

209 1713 66 28 apply
286 1716 23 17 to

396 1736 88 22 Willis
496 1743 45 14 and
553 1735 38 22 Co.
601 1753 3 7 ,

68 1768 134 27 Wellington,
213 1767 56 26 May
279 1765 33 27 17,
325 1765 60 21 1842.

101 1820 52 20 For
167 1818 70 24 Sale,
251 1816 121 28 Freight,
388 1821 29 15 or
432 1814 119 21 Charter.

54 1875 10 7 J
63 1856 77 26 S^L*
186 1851 117 31 rpHAT
329 1857 51 15 new
402 1849 44 21 fine
470 1848 45 21 fast
542 1846 77 27 sailing

52 1870 102 34 "'jwSil
195 1870 29 30 X
262 1878 84 27 clipper
355 1877 56 21 built
423 1875 109 22 schooner
548 1875 70 20 EUza-

66 1897 56 39 *j|Kk
132 1899 49 37 SS^,
201 1906 48 20 beth
256 1913 5 16 ;
283 1908 65 18 stows
369 1911 13 13 a
399 1910 51 19 very
467 1902 62 27 large
546 1908 72 19 cargo,

47 1937 75 25 _3_l&
130 1925 58 37 i___
202 1932 45 22 anQ^
260 1938 41 15 nas
317 1930 98 28 superior
428 1927 189 23 accommodation

47 1950 75 42 SgjSi
129 1950 59 42 |sp
202 1960 35 21 for
247 1964 134 22 passengers.
410 1955 74 28 Apply
494 1958 24 18 to

86 2019 7 2 _
100 2008 20 17 r
124 2008 9 5 »
157 1998 130 23 -Wallace,
301 1995 92 24 White,
410 1993 40 23 and
466 1992 125 22 Wallace.

259 2047 54 19 For
322 2046 71 24 Sale,

70 2075 56 23 fS-a
157 2077 97 31 npHE
284 2077 50 22 well
364 2077 88 24 known,
477 2075 139 27 fast-sailing,

64 2098 82 39 fi&Ejß§jk
168 2105 23 20 M.
226 2107 73 19 cutter
316 2105 68 24 Royal
402 2104 100 23 William,
522 2104 27 20 43
569 2105 49 19 tons

49 2124 99 38 Jl£||jg
202 2131 99 28 register,
318 2130 53 22 ivith
387 2130 28 22 all
433 2131 40 20 her
489 2132 77 24 stores,
578 2129 38 22 &c.

171 2158 41 21 &c.
229 2159 39 20 &c.
299 2158 69 21 Stows
385 2164 12 14 a
408 2157 61 26 large
485 2163 73 20 cargo,
575 2155 44 23 and

171 2185 78 21 makes
264 2192 30 19 up
309 2184 50 22 four
375 2183 74 22 berths
463 2183 23 22 in
499 2183 37 21 the
546 2183 71 22 cabin.

48 2211 36 22 She
96 2211 38 22 has
143 2211 82 28 proved
235 2210 85 23 herself
330 2218 14 14 a
355 2211 59 26 good
423 2218 38 14 sea
474 2211 60 25 boat,
546 2209 44 23 and
599 2209 19 22 is

47 2238 40 22 well
99 2239 92 27 adapted
206 2239 34 20 for
254 2238 90 26 trading
359 2238 100 21 between
475 2237 40 21 the
531 2237 87 21 various

48 2265 122 22 lettlements
181 2273 28 13 on
220 2265 37 21 the
268 2268 62 18 coast
340 2265 25 21 of
377 2264 54 22 New
441 2263 109 23 Zealand.
625 2266 2 31 j

68 2293 38 21 For
113 2292 84 22 further
205 2291 138 28 particulars,
355 2291 66 28 apply
432 2294 23 18 to

244 2325 21 22 J.
277 2325 34 22 M.
320 2325 101 26 Taylor,
433 2324 157 29 Ship-Broker,

357 2359 32 22 Te
401 2360 54 21 Aro.

255 2406 55 20 For
324 2406 69 20 Sale.

65 2435 55 37 Tjfcgt
148 2439 92 33 npHE
259 2439 143 21 well-known
419 2438 45 22 fine
482 2444 49 15 new
548 2439 70 19 cutter

58 2460 82 38 JEfepjL
155 2460 29 29 X
221 2466 115 26 Picfnvick,
357 2466 24 20 in
400 2465 59 27 good
477 2464 72 27 order,
575 2463 42 22 and

47 2486 96 40 ggipill
160 2493 138 27 abundantly
307 2492 73 23 found
393 2492 22 21 in
426 2495 70 18 stores
506 2491 25 21 of
541 2490 30 22 all
581 2491 37 21 de-

48 2517 93 28 ■*?_ii&-'
160 2521 124 27 scriptions.
313 2520 44 21 For
370 2518 137 29 particulars,
519 2517 66 28 apply
595 2520 23 19 to

160 2548 38 22 the
208 2547 158 27 undersigned.

289 2580 35 21 W.
341 2580 26 22 B.
384 2580 94 20 Rhodes
494 2578 45 22 and
553 2578 37 22 Co.

172 2630 166 25 /CAPTAIN
361 2629 88 22 WEBB
466 2629 47 22 will
534 2631 40 19 not
590 2628 28 21 be

172 2662 42 18 \_/
230 2656 137 24 answerable
383 2656 33 22 for
432 2663 46 20 any
489 2656 61 21 debts
567 2662 52 14 con-

49 2678 118 34 %Jffijjftj«.v
183 2685 87 22 tracted
283 2684 30 28 by
322 2684 40 23 the
379 2691 54 14 crew
449 2685 26 20 of
484 2682 38 23 the
532 2682 87 21 Martha

50 2712 93 26 Ridgway.

70 2745 135 29 Wellington,
216 2745 64 28 April
295 2747 33 24 16,
341 2745 61 21 1842.

174 2801 222 25 /CONSIGNEES
411 2801 40 22 OF
466 2801 111 26 GOODS,
593 2807 28 15 ex

64 2823 81 38 jijwSfc
174 2831 41 20 \_^
243 2830 96 24 London,
355 2835 36 15 are
400 2828 124 28 .requested
533 2830 23 19 to
571 2834 49 20 pass

186 2857 58 22 their
258 2856 84 22 entries
362 2859 21 18 at
397 2855 38 22 the
451 2854 169 22 Custom-house

183 2884 45 21 and
238 2883 57 22 send
304 2882 114 28 alongside
423 2882 35 22 for
467 2882 60 21 their
537 2881 82 26 Goods,

50 2907 100 24 otherwise
167 2910 54 28 they
235 2910 47 22 will
297 2910 30 22 be
346 2909 96 27 charged
458 2909 38 21 the
510 2907 63 23 usual
583 2908 38 21 de-

50 2940 93 23 murrage.

327 2964 84 21 Waitt
424 2962 45 23 and
482 2962 85 26 Tyser,

51 3023 10 3 __
511 2996 81 27 Agent.

51 3040 81 49 TWO
147 3042 126 23 POUNDS
294 3041 147 23 REWARD.
470 3041 76 22 Stolen
564 3040 57 22 from

111 3069 43 22 Mr.
165 3068 135 23 Swainson's
315 3068 68 22 house
399 3075 28 14 on
444 3067 38 22 the
497 3067 77 24 beach,
592 3074 29 15 on

50 3093 126 31 Wednesday
182 3096 103 27 evening,
293 3095 50 22 11th
349 3095 62 27 May,
418 3102 68 15 anew
492 3095 63 21 linen
560 3093 61 28 shirt,

50 3122 79 23 marked
138 3124 27 21 A.
175 3124 25 21 C.
211 3123 67 26 Muir,
289 3124 62 21 1841.
380 3123 50 26 Any
441 3129 79 20 person
529 3121 93 27 produc-

49 3147 31 28 ing
88 3150 34 21 the
131 3150 60 27 shirt,
200 3157 24 15 or
229 3150 77 28 giving
311 3150 143 21 information
459 3148 51 22 that
519 3148 45 21 will
572 3147 51 22 lead

52 3177 16 18 to
76 3176 23 22 its
108 3183 111 22 recovery,
229 3177 44 22 will
284 3176 87 23 receive
380 3176 37 21 the
427 3176 72 21 above
508 3175 91 22 reward.

275 3229 108 21 Notice.

50 3261 77 49 ALL
147 3263 138 23 PERSONS
306 3263 85 27 having
407 3263 97 26 Agency
520 3269 26 15 or
560 3262 63 21 other

103 3289 99 24 business
217 3290 54 22 with
287 3290 45 22 Mr.
350 3289 22 22 J.
388 3289 24 22 T.
428 3288 137 26 Wicksteed,
585 3296 37 14 are

49 3317 102 25 requested
157 3321 22 18 to
186 3317 66 28 apply
257 3320 24 18 to
288 3317 46 22 Mr.
341 3316 80 23 Alfred
426 3316 103 26 Ludlam,
541 3315 82 22 Willis-

49 3343 62 21 street.

70 3375 134 29 Wellington,
217 3378 56 27 May
282 3379 21 25 2,
316 3378 62 21 1842.

225 3429 68 22 Coal
313 3429 118 27 Mining.

50 3458 54 49 AS
126 3460 198 24 ABUNDANCE
348 3460 38 22 OF
406 3460 83 22 COAL
506 3459 42 22 has
567 3459 55 22 been

116 3487 126 23 discovered
251 3489 24 21 in
286 3488 56 21 New
356 3486 108 28 Zealand,
476 3493 44 21 any
531 3486 91 22 Gentle-

49 3516 43 18 Man
102 3521 23 14 or
134 3516 113 27 Company
254 3515 49 22 who
310 3514 41 22 has
358 3521 14 14 a
380 3517 103 25 prospect
489 3512 26 23 of
522 3513 100 27 entering

49 3536 38 24 into
96 3540 36 23 the
144 3542 71 27 trade,
226 3550 53 19 may
287 3542 59 22 have
356 3541 37 22 the
402 3541 96 22 services
508 3540 26 22 of
546 3547 12 14 a
571 3547 50 21 per-

49 3570 32 17 son
89 3567 47 22 who
144 3568 41 23 has
194 3569 45 23 had
247 3569 55 28 long
312 3569 131 27 experience
452 3568 25 21 in
487 3567 134 26 conducting

50 3592 74 29 mining
141 3597 124 26 operations
280 3596 23 22 in
315 3596 31 21 all
359 3595 29 22 its
397 3594 153 28 departments
555 3602 6 19 ;
576 3594 45 22 and

49 3618 32 23 has
96 3620 52 24 also'
153 3629 14 14 a
181 3623 105 27 practical
300 3622 132 27 knowledge
451 3622 27 21 of
492 3621 129 27 machinery

49 3648 89 25 requisite
146 3649 35 21 for
190 3649 37 23 the
236 3650 102 26 working
347 3649 37 22 the
394 3656 67 14 same.

71 3679 79 24 Letters
159 3683 119 22 addressed
286 3683 60 29 (post
354 3683 60 27 paid)
426 3683 35 22 for
470 3683 22 21 S.
499 3682 35 27 T.,
546 3685 21 18 to
578 3681 43 22 this

50 3704 64 31 Office,
124 3709 43 22 will
176 3710 28 21 be
213 3710 130 28 punctually
352 3709 107 23 attended
470 3712 28 19 to.

215 3745 56 27 May
280 3745 19 26 5,
309 3746 62 20 1842.

158 3795 6 9 '
274 3789 106 26 Bricks,

50 3815 75 50 FOR
140 3822 82 27 SALE,
233 3826 25 18 at
273 3824 46 20 60s.
336 3830 40 20 per
392 3822 119 22 thousand.
546 3820 75 33 Apply

97 3850 21 19 to
135 3848 20 22 J.
173 3849 94 27 Pimble,
279 3853 22 18 at
315 3848 38 23 the
360 3860 4 3 •
371 3849 169 27 Sydney-street
554 3846 65 24 Bnck

48 3871 89 26 «ndTile
153 3874 87 28 Works,
251 3879 24 19 at
284 3876 38 22 the
337 3883 50 15 rear
396 3876 26 22 of
433 3875 93 23 Colonel
541 3874 78 23 Wake-

222 3903 73 22 field's
307 3902 123 22 residence.

103 3933 103 25 Terms—
207 3936 53 23 cash
270 3944 27 15 on
310 3937 99 27 delivery
417 3939 25 20 »t
451 3935 39 24 the
499 3935 55 23 Wlh.

704 699 60 21 Sale
781 699 30 21 of
823 700 101 20 teases
939 700 30 20 of
982 699 87 21 Town
1082 699 99 21 Lands.

650 725 162 49 MESSRS.
829 725 93 27 HORT,
938 722 158 29 MOCATTA,
1107 725 68 23 AND
1188 726 45 22 CO.

740 752 58 22 have
812 752 103 22 received
931 752 141 22 instructions
1085 755 22 19 to
1122 756 40 24 put
1174 760 29 20 up
1213 756 21 18 to

648 778 76 27 public
734 778 98 27 auction,
842 779 36 21 the
894 779 113 26 following
1021 779 100 21 valuable
1133 779 69 22 leases
1212 780 25 21 of

648 805 70 21 Town
733 805 84 27 Lands,
827 805 24 22 in
865 805 127 23 allotments
1008 809 21 18 to
1042 805 41 22 suit
1096 805 136 28 purchasers.

648 831 48 22 The
706 832 46 22 sale
762 832 44 22 will
822 833 51 21 take
887 832 63 28 place
965 836 24 18 at
1002 832 37 22 the
1058 832 126 27 Exchange,
1200 833 31 22 Te

652 859 52 26 Aro,
728 866 30 14 on
775 859 105 28 Alonday,
895 859 38 22 the
948 859 54 22 30th
1019 859 43 27 day
1072 859 24 21 of
1104 859 61 27 May,
1172 861 58 21 1842.

696 904 10 9 ,
785 886 20 22 A
815 885 66 23 lunch
892 886 44 21 will
946 886 27 22 be
984 885 113 27 provided.

848 913 41 22 AT
903 913 40 21 TE
957 913 72 26 ARO,

647 939 54 22 Two
717 939 155 22 Allotments
892 946 28 14 on
940 939 87 22 Section
1045 941 46 25 209,
1111 939 80 22 situate
1209 940 23 22 in

648 965 117 23 Manners
790 967 94 26 Street,
903 967 102 26 frontage
1022 969 24 18 to
1064 965 54 23 each
1136 968 27 20 33
1180 967 49 26 feet,

648 993 68 27 depth
725 995 27 20 80
760 993 53 25 feet,
822 993 116 27 adjoining
946 993 38 21 the
993 993 104 28 premises
1107 993 26 21 of
1140 993 90 22 Messrs.

648 1019 132 27 Ridgways,
797 1020 104 27 Guyton,
917 1020 45 22 and
978 1020 71 27 Earp,
1063 1019 43 22 and
1120 1019 85 27 having
1218 1028 14 13 a

647 1046 60 27 right
717 1046 26 22 of
753 1054 49 19 way
813 1050 22 18 to
844 1047 37 21 the
897 1047 77 21 beach.
1005 1047 70 21 These
1084 1046 44 22 will
1143 1046 29 22 be
1183 1047 47 21 sold
1239 1042 2 35 j

649 1080 29 14 on
692 1073 36 21 the
746 1073 114 22 condition
870 1073 26 21 of
907 1073 62 22 brick
979 1073 112 27 buildings
1105 1073 52 27 only
1166 1073 65 27 being

649 1100 94 22 erected.
783 1100 71 26 Term,
871 1100 128 22 remainder
1017 1100 27 21 of
1059 1108 12 13 a
1086 1100 59 21 lease
1164 1100 24 21 of
1206 1102 25 20 14

734 1134 71 19 years,
818 1129 36 23 12f
865 1134 64 19 years
938 1127 68 26 being
1014 1127 129 26 unexpired.

649 1153 41 21 Six
711 1153 155 22 Allotments
883 1160 29 14 on
931 1154 88 21 Section
1039 1155 44 24 120,
1105 1153 125 21 Ingestre-

649 1187 92 20 street,
752 1183 58 18 term
825 1181 26 21 14
859 1187 70 20 years.
968 1180 22 22 A
999 1184 78 17 stream
1087 1180 25 21 of
1122 1179 109 22 excellent

748 1209 66 19 water
823 1214 50 14 runs
884 1207 95 26 through
990 1207 42 21 this
1042 1207 88 21 section.

649 1233 76 21 Eight
741 1233 155 22 Allotments
911 1240 28 15 on
955 1233 88 22 Section
1058 1235 45 24 164,
1116 1233 115 21 Dickson-

649 1267 93 14 street.
779 1259 73 27 Term,
867 1260 126 21 remainder
1011 1260 26 21 of
1049 1267 14 14 a
1077 1259 57 22 lease
1155 1260 34 21 for
1206 1261 26 19 10

779 1293 69 20 years,
859 1288 26 23 8§
898 1294 63 19 years
971 1286 129 27 unexpired.
1239 1290 2 19 i

751 1319 213 22 WELLINGTON
979 1320 150 21 TERRACE.

649 1346 77 21 Eight
745 1346 157 21 Allotments
922 1353 28 14 on
971 1346 87 21 Section
1073 1347 47 21 187.
1157 1346 73 26 Term,

793 1374 26 19 14
828 1379 70 20 years,
909 1374 36 23 12J
957 1372 128 28 unexpired.

648 1398 77 22 Eight
743 1398 156 22 Allotments
919 1406 28 14 on
967 1399 89 21 Section
1072 1400 48 21 455.
1158 1399 72 26 Term,

884 1425 38 21 the
932 1432 68 15 same.

649 1451 77 22 Eight
747 1452 156 21 Allotments
924 1459 27 13 on
969 1452 13 21 S
991 1452 67 21 »ction
1072 1453 47 20 461.
1157 1452 73 26 Term,

889 1480 27 19 14
924 1485 71 20 years.

649 1504 48 21 The
707 1508 41 18 two
757 1504 44 22 last
813 1504 56 21 have
880 1512 28 14 an
920 1505 111 21 excellent
1040 1508 80 17 stream
1129 1504 27 21 of
1166 1508 67 18 water

798 1531 96 27 running
907 1531 97 27 through
1017 1531 65 21 them.

772 1558 201 22 HAWKSTONE
989 1558 121 22 STREET.

649 1584 77 23 Eight
741 1584 157 23 Allotments
917 1592 29 14 on
967 1585 88 22 Section
1072 1585 48 26 557,
1136 1584 96 28 opposite

687 1612 7 9 s
713 1612 37 21 the
760 1612 114 21 residence
884 1612 27 21 of
918 1612 80 26 Henry
1007 1612 32 21 St.
1051 1611 53 27 Hill,
1117 1611 52 27 Esq.

651 1638 160 28 WALLACE,
832 1638 138 25 WRIGHT,
990 1646 45 14 and
1055 1637 177 23 HARGRAVE

871 1665 139 27 STREETS,

705 1692 87 21 Section
807 1692 45 26 697,
863 1692 97 26 fronting
974 1691 204 22 Wright-street.

705 1719 88 21 Section
808 1720 46 25 698,
865 1718 95 27 fronting
974 1718 204 22 Wright-street.

650 1745 89 22 Section
759 1747 46 25 699,
825 1745 52 22 with
892 1746 112 26 frontages
1023 1748 22 19 to
1063 1745 30 22 all
1111 1745 37 21 the
1164 1745 68 22 above

899 1774 85 19 streets.

701 1798 89 22 Section
800 1798 46 27 714,
856 1798 96 27 fronting
962 1798 220 22 Wallace-street.

699 1826 87 21 Section
798 1826 45 25 722,
854 1825 98 27 fronting
964 1826 118 21 Wallace-
1090 1833 91 14 street.

649 1852 47 21 The
708 1852 70 22 above
788 1859 37 14 are
835 1852 33 21 for
884 1852 12 22 7
911 1859 70 20 years,
993 1853 25 24 5$
1030 1852 24 21 of
1065 1852 71 21 which
1146 1859 37 14 are
1192 1859 40 14 un-

650 1878 91 28 expired
748 1887 5 18 ;
770 1878 37 22 the
818 1883 85 22 greater
912 1882 50 23 part
971 1879 56 21 have
1037 1879 56 21 been
1103 1878 127 27 cultivated,

649 1906 46 21 and
705 1906 60 21 there
781 1905 19 22 is
817 1913 26 14 an
854 1905 111 22 excellent
975 1912 79 15 stream
1065 1906 24 20 of
1103 1909 67 17 water
1181 1912 51 15 run-

647 1932 57 26 ning
713 1932 94 26 through
818 1932 67 21 them.
914 1932 47 22 The
974 1932 71 21 leases
1055 1932 42 21 will
1109 1932 29 21 be
1148 1932 46 21 sold
1207 1932 23 21 in

649 1958 50 22 half
715 1966 50 15 acre
784 1966 25 14 or
825 1962 88 24 quarter
931 1966 50 14 acre
1000 1958 129 27 allotments,
1150 1963 23 16 to
1190 1959 42 21 suit

648 1985 137 27 purchasers,
793 1986 42 21 anJ
844 1990 90 23 present
944 1993 29 14 an
979 1985 107 22 excellent
1094 1986 137 26 opportunity

649 2016 23 17 to
689 2012 128 21 mechanics
833 2011 44 22 and
897 2012 111 21 labourers
1026 2012 26 20 of
1070 2014 85 24 getting
1175 2012 55 25 good

889 2038 103 27 gardens.

777 2070 160 22 ORIENTAL
952 2070 152 22 TERRACE.

649 2098 88 21 Section
746 2099 41 20 406
795 2105 6 19 ;
818 2097 41 21 this
870 2098 63 21 abuts
948 2104 30 14 on
994 2098 36 20 the
1048 2104 64 14 town
1132 2105 99 13 reserve

647 2124 72 22 under
734 2124 84 22 Mount
832 2124 141 26 Wellington,
986 2123 42 22 and
1039 2123 70 22 would
1125 2124 64 21 make
1204 2131 28 14 an

648 2151 111 21 excellent
781 2158 96 14 station
901 2157 44 15 for
968 2157 71 15 sheep
1067 2158 45 13 and
1139 2157 91 14 cattle.

847 2178 73 26 Term,
931 2179 28 20 14
972 2184 71 20 years.

802 2211 164 22 ADELAIDE
988 2212 92 22 ROAD.

649 2239 87 22 Section
746 2240 53 21 1023
807 2247 5 19 ;
828 2238 115 28 adjoining
953 2239 37 21 the
999 2239 112 21 residence
1122 2239 25 20 of
1157 2239 74 21 James

648 2266 68 27 Watt,
734 2266 62 27 Esq.,
817 2265 122 28 admirably
955 2265 94 28 adapted
1064 2266 33 21 for
1113 2273 14 14 a
1146 2273 84 14 cattle

771 2299 102 15 station.
912 2293 74 25 Term,
998 2294 27 19 14
1039 2299 70 20 years.

821 2326 117 22 WADE'S
960 2326 99 22 TOWN.

662 2354 49 21 One
720 2353 51 22 half
777 2360 56 20 acre,
843 2353 79 21 situate
931 2353 24 21 in
966 2360 41 14 one
1016 2353 24 21 of
1046 2353 36 21 the
1092 2353 49 22 best
1149 2357 67 24 parts.

837 2387 101 22 RIVER
953 2387 90 22 HUTT.

648 2415 56 22 Five
719 2415 85 27 Acres,
819 2421 54 14 near
888 2413 36 22 the
934 2414 108 22 Village
1056 2421 26 15 of
1096 2414 132 26 Richmond,

647 2443 25 20 in
688 2441 37 22 the
738 2441 75 27 valley
821 2442 26 20 of
854 2440 36 22 the
904 2440 77 27 Hutt,
991 2441 51 22 with
1048 2445 69 17 water
1126 2442 103 26 frontage.

676 2468 43 22 For
733 2468 45 22 sale
795 2469 30 26 by
833 2468 85 27 private
932 2472 100 17 contract
1045 2468 32 21 for
1091 2475 45 19 any
1154 2468 24 21 of
1194 2468 36 21 the

712 2495 76 26 above,
800 2494 66 28 apply
876 2497 23 18 to
908 2494 38 21 the
956 2494 142 27 Auctioneer,
1110 2502 24 14 or
1143 2497 23 18 to

719 2522 90 21 Messrs.
823 2522 131 25 Ridgways,
971 2521 104 27 Guyton,
1091 2522 20 21 &
1126 2521 70 27 Earp,
1208 2528 24 14 or

718 2548 35 23 W.
769 2548 29 21 V.
814 2548 105 26 Brewer,
936 2548 54 23 Esq.

677 2594 93 21 House
786 2594 54 20 and
852 2593 79 20 Land
945 2594 29 19 to
989 2594 34 19 be
1042 2594 58 24 Let,
1116 2599 30 14 or
1160 2594 44 20 the

812 2621 84 19 Lease
911 2621 28 19 to
955 2620 33 19 be
1003 2620 71 20 Sold.

651 2647 93 32 npHE
759 2646 97 22 LEASE
870 2646 19 21 is
899 2646 39 26 ,for
949 2649 135 24 twenty-one
1094 2653 71 20 years,
1176 2646 55 22 from

658 2668 31 28 X
726 2674 126 25 Christmas,
870 2674 60 25 1840,
949 2673 26 21 of
988 2673 76 27 nearly
1073 2673 37 21 the
1125 2672 70 22 whole
1211 2673 29 21 of.

651 2701 38 21 the
698 2701 69 21 Town
778 2700 58 22 Acre
846 2700 43 22 No.
899 2700 48 22 576.
976 2700 48 21 The
1033 2707 49 14 acre
1092 2700 41 21 has
1142 2707 13 14 a
1164 2700 69 21 front-

651 2735 41 20 age
710 2727 26 21 of
751 2731 42 17 two
810 2726 74 22 chains
899 2726 43 21 and
958 2733 13 14 a
985 2726 49 22 half
1049 2729 22 18 to
1087 2726 146 22 Hawkstrne-

652 2757 73 24 street,
736 2754 43 21 and
790 2754 40 21 lies
845 2754 25 21 in
886 2761 14 13 a
908 2753 110 25 sheltered
1028 2757 47 23 part
1084 2753 25 21 of
1120 2753 38 21 the
1167 2757 65 18 town.

652 2781 47 23 The
710 2780 69 22 whole
790 2780 26 22 of
826 2780 19 22 it
859 2780 40 22 has
908 2780 59 22 been
976 2780 78 22 fenced
1063 2780 29 26 in,
1104 2780 46 21 and
1158 2780 18 21 is
1185 2787 48 14 now

652 2808 71 22 under
731 2807 137 27 cultivation,
876 2807 52 21 with
938 2807 38 21 the
985 2807 94 28 promise
1089 2807 25 21 of
1122 2806 112 22 abundant

652 2842 62 20 crops
724 2835 24 21 of
759 2834 132 27 vegetables.
919 2834 23 21 A
952 2838 80 17 stream
1040 2841 54 14 runs
1105 2833 94 27 through
1209 2834 23 26 it,

651 2861 101 28 yielding
761 2868 28 14 an
800 2861 72 28 ample
881 2860 79 28 supply
970 2861 25 21 of
1009 2860 110 22 excellent
1134 2865 68 17 water
1210 2860 23 22 in

652 2889 37 21 the
698 2888 84 22 hottest
790 2895 96 14 summer
896 2888 103 21 weather.

679 2915 47 22 The
740 2914 113 28 buildings
870 2915 57 26 (now
945 2914 105 27 occupied
1065 2914 31 27 by
1105 2914 44 22 Mr.
1160 2913 74 22 Wick-

652 2942 72 27 steed)
745 2941 82 22 consist
846 2941 26 21 of
887 2948 44 15 one
949 2942 27 20 of
995 2941 131 26 Manning's
1148 2941 60 26 house
1208 2941 25 26 3,

652 2966 206 24 weather-boarded
865 2968 44 22 and
914 2968 51 22 well
973 2968 95 27 painted,
1075 2971 159 24 twenty-seven

651 2996 47 21 feet
706 2996 30 26 by
746 2995 110 27 eighteen,
867 3002 14 14 a
889 2994 92 22 kitchen
991 2995 53 21 with
1056 2994 63 22 brick
1134 2995 100 26 chimney

653 3022 43 22 and
710 3029 64 19 oven,
792 3022 134 26 out-houses,
937 3021 96 28 pigsties,
1046 3021 119 27 cow-shed,
1174 3021 61 21 fowl-

652 3049 75 26 house,
745 3049 41 21 &c.
804 3048 81 22 -There
903 3048 18 22 is
938 3048 46 21 also
996 3055 14 14 a
1024 3048 128 22 substantial
1166 3048 69 21 maori

653 3079 95 23 cottage,
757 3075 52 21 with
815 3082 13 14 a
837 3075 104 27 chimney
948 3074 56 22 built
1013 3075 79 27 mostly
1097 3074 54 22 with
1157 3074 76 22 bricks.

653 3103 23 21 A
694 3102 115 22 verandah
826 3105 104 18 connects
950 3101 36 21 the
1006 3102 107 26 principal
1135 3102 100 26 building

652 3129 54 22 with
716 3129 39 21 the
763 3128 89 22 kitchen
864 3128 45 22 and
918 3128 39 21 the
966 3129 69 20 maori
1045 3131 94 24 cottage.

681 3156 47 22 The
744 3155 71 22 whole
828 3154 73 23 would
917 3155 29 21 be
962 3162 14 14 a
990 3154 92 22 suitable
1097 3155 77 27 family
1183 3154 51 22 resi-

654 3183 77 26 dence,
749 3189 30 20 or,
795 3182 21 21 if
830 3182 68 21 taken
912 3188 31 15 on
961 3181 144 28 speculation,
1125 3182 70 26 might
1209 3182 26 21 be

652 3209 119 29 profitably
781 3208 137 22 subdivided.

681 3237 47 21 The
738 3236 59 22 lease
807 3235 42 22 will
867 3235 27 21 be
909 3234 55 28 sold,
976 3242 24 14 or
1011 3234 35 22 the
1061 3238 105 25 property
1174 3234 32 22 let
1214 3237 22 19 at

642 3257 2 31 \
654 3270 14 15 a
676 3263 131 22 reasonable
816 3262 82 22 annual
908 3267 58 16 rent.
994 3262 43 21 For
1053 3265 74 23 terms,
1140 3262 64 28 apply
1214 3265 21 17 to

654 3290 91 22 Messrs.
757 3289 64 26 Hort,
833 3289 108 26 Mocatta,
952 3288 46 22 and
1014 3288 44 26 Co.,
1070 3295 24 15 or
1103 3289 45 21 Mr.
1159 3288 77 22 Alfred

654 3317 105 22 Ludlam.

807 3361 79 21 Land
901 3366 35 15 on
951 3361 44 20 the
1012 3360 75 20 Hutt.
1183 3369 4 8 <

654 3396 67 48 TO
737 3394 40 23 BE
792 3394 85 27 SOLD,
889 3401 14 14 a
910 3394 61 21 lease
981 3393 26 22 of
1014 3393 35 22 the
1059 3393 90 22 Section
1159 3392 43 23 No.
1210 3394 26 20 24

730 3429 28 14 on
767 3421 38 22 the
812 3422 65 25 Hutt,
886 3420 53 22 with
949 3427 13 14 a
971 3420 71 28 newly
1051 3420 87 21 erected
1146 3419 89 22 wooden

653 3451 95 26 cottage,
765 3448 38 22 the
820 3450 88 26 potatoe
926 3455 52 19 crop
995 3454 28 15 on
1037 3446 38 22 the
1090 3446 92 28 ground,
1193 3446 43 21 and

653 3476 63 22 other
721 3477 180 26 improvements.
931 3474 43 22 For
981 3477 67 19 terms
1054 3474 26 21 of
1084 3474 53 26 sale,
1145 3474 64 26 apply
1215 3477 20 17 to

882 3502 77 26 Hort,
974 3501 121 25 Mocatta,
1112 3500 45 21 and
1171 3501 37 20 Co.

796 3547 52 21 For
863 3546 68 24 Sale,
948 3547 28 19 at
990 3545 104 21 Karori.

652 3580 157 49 APIECE
819 3579 39 22 OF
868 3579 95 27 LAND,
974 3578 127 27 containing
1110 3579 12 20 5
1134 3585 66 19 acres,
1212 3577 23 21 in

731 3606 52 22 this-
792 3606 95 27 district;
907 3609 52 24 part
973 3606 24 21 of
1010 3605 35 22 the
1063 3605 94 22 Section-
1169 3604 66 27 lately

652 3634 44 22 Mr.
717 3633 83 22 Yule's.
834 3633 76 22 Terms
929 3632 85 22 liberal.
1047 3632 46 22 For
1109 3630 126 30 particulars

652 3660 65 28 apply
727 3664 23 17 to
758 3659 30 22 R.
799 3660 65 26 Park,
879 3660 60 26 Esq.,

801 3705 38 20 To
854 3704 35 20 be
903 3703 67 21 Sold
989 3709 30 15 or
1032 3704 57 20 Let.

651 3738 10 12 rrWOr
668 3736 77 21 rWo
869 3734 97 26 Houses,
976 3740 30 15 on
1013 3734 36 21 the
1054 3733 181 28 Tinakore-road,

649 3755 36 32 .JL
728 3763 37 21 the
785 3761 82 22 second
885 3768 50 14 acre
953 3761 58 21 from
1030 3761 93 27 Captain
1140 3760 94 27 Smith's,

696 3789 130 27 containing
838 3788 51 21 four
898 3794 75 15 rooms
981 3786 45 23 and
1040 3794 14 14 a
1066 3794 99 21 passage,
1181 3787 54 21 each

652 3817 61 22 with'
722 3817 52 21 zinc
787 3815 71 24 .roofs,
884 3813 54 26 and,
952 3814 23 21 in
1000 3820 65 20 every
1083 3818 87 23 respect
1187 3813 48 22 well

652 3843 100 23 finished.
781 3842 77 22 Terms
861 3852 26 5 —
887 3840 25 22 If
919 3840 54 27 sold,
985 3839 58 23 £150
1054 3841 34 21 for
1094 3840 55 22 each
1155 3840 66 22 house
1228 3848 5 20 ;

650 3871 21 22 if
680 3871 39 27 let,
730 3870 31 23 £1
773 3876 39 21 per
822 3868 62 22 week
893 3867 35 22 for
938 3866 56 23 each
1002 3867 77 22 house.
1106 3867 75 27 Apply
1192 3870 21 19 to

1040 3900 75 22 James
1130 3900 77 24 Watt.

651 3928 3 4 '
661 3931 144 27 Wellington,
813 3929 60 23 Nov.
882 3927 34 28 27*
925 3928 61 22 184U

1267 700 148 26 Township
1431 700 30 21 of
1474 701 40 20 Te
1534 701 96 25 Maire,
1646 707 36 15 on
1696 702 44 20 the
1759 702 90 21 banks

1294 727 32 21 of
1348 727 46 21 the
1416 727 169 26 Manawatu,
1607 730 54 19 two
1682 729 65 25 days
1771 729 77 20 walk

1293 754 71 20 from
1380 754 64 20 Port
1459 754 159 21 Nicholson.

1265 787 160 49 MESSRS.
1442 786 96 28 HORT,
1555 788 156 27 MOCATTA,
1729 788 42 22 and
1790 789 55 26 CO.,

1341 814 58 21 have
1409 814 102 21 received
1526 815 140 21 instructions
1681 815 54 21 from
1749 815 36 21 the
1795 822 52 21 pro-

1263 841 94 26 prietors
1373 841 102 21 Captain
1492 841 27 21 E.
1535 841 113 27 Daniell,
1665 841 24 22 F.
1707 842 28 21 A.
1752 842 93 22 Moles*

1264 874 89 20 worth,
1364 874 46 15 and
1421 866 21 22 J.
1454 867 80 27 Watt,
1545 868 88 26 Esqrs.,
1645 868 44 21 and
1704 868 44 22 will
1762 868 84 28 shortly

1362 893 53 22 offer
1423 893 35 22 for
1469 894 45 21 sale
1526 893 28 28 by
1563 894 75 28 public
1648 896 94 26 auction,

1261 927 54 21 283
1326 927 210 22 ALLOTMENTS
1551 927 36 21 IN
1601 927 62 22 THE
1679 927 166 22 TOWNSHIP

1444 953 39 22 OF
1498 953 40 22 TE
1551 953 110 22 MAIRE.

1261 979 48 23 The
1318 980 131 27 proprietors
1465 980 116 27 intending
1595 983 21 19 to
1634 980 104 22 establish
1752 988 14 14 a
1775 984 69 19 town-

1260 1006 50 27 ship
1320 1009 23 19 at
1360 1007 129 21 Manawatu
1502 1007 57 21 have
1578 1007 52 21 been
1646 1010 23 18 at
1678 1011 62 23 great
1750 1010 61 24 pains
1820 1008 24 21 in

1260 1033 125 27 personally
1402 1034 129 26 examining
1547 1033 48 22 that
1611 1034 91 26 district,
1724 1035 43 21 and
1785 1042 58 14 were

1260 1061 113 20 fortunate
1383 1061 88 26 enough
1482 1064 23 18 at
1514 1061 36 21 the
1561 1061 43 21 late
1619 1060 104 22 selection
1734 1061 24 21 of
1769 1061 74 21 Coun-

1261 1089 34 24 try
1315 1086 69 28 Land,
1403 1090 22 18 to
1444 1087 75 21 obtain
1539 1087 37 21 the
1592 1094 54 19 very
1662 1087 93 21 sections
1771 1087 72 23 which

1260 1113 111 28 appeared
1381 1116 21 18 to
1411 1113 61 22 them
1481 1114 39 21 the
1536 1114 60 21 most'
1607 1113 87 27 eligible
1704 1114 43 21 and
1759 1114 85 22 advan-

1261 1144 93 22 tageous
1367 1140 34 21 for
1417 1140 37 22 the
1469 1147 103 20 purpose.
1606 1140 62 27 They
1679 1141 108 21 entrusted
1804 1142 38 21 the

1393 1167 141 26 preparation
1543 1167 26 21 of
1580 1166 36 22 the
1625 1167 53 26 plan
1689 1170 21 18 to

1305 1200 123 22 ROBERT
1441 1200 95 27 PARK,
1550 1200 62 28 Esq.,
1628 1200 171 26 SURVEYOR,

1261 1226 53 22 And
1324 1227 48 20 that
1387 1227 127 26 gentleman
1531 1228 40 21 has
1587 1228 108 26 surveyed
1710 1228 44 21 and
1761 1228 82 26 judici-

1261 1253 64 27 ously
1334 1253 46 21 laid
1389 1257 38 18 out
1442 1254 38 21 the
1496 1253 92 22 sections
1599 1261 22 14 as
1637 1261 14 14 a
1665 1255 114 27 township,
1791 1254 53 22 with

1441 1280 73 28 ample
1523 1287 97 14 reserves
1630 1280 34 22 for

1261 1313 142 26 WHARFS,
1431 1313 111 26 QUAYS,
1568 1313 181 26 EXCHANGE,
1778 1313 67 23 CUS-

1320 1339 69 22 TOM
1404 1339 111 26 HOUSE,
1533 1339 132 22 MARKET
1679 1340 104 25 PLACE,

1262 1365 138 25 CHURCH,
1413 1372 5 6 *
1427 1365 155 27 CEMETRY,
1607 1366 101 22 COURT
1732 1366 111 28 HOUSE,

1334 1392 68 22 AND
1417 1391 181 23 BOTANICAL
1613 1392 156 26 GARDENS,

1262 1419 47 21 and
1325 1422 102 23 amongst
1443 1419 63 21 other
1526 1419 73 26 things
1617 1426 14 14 a
1648 1426 86 14 reserve
1754 1419 34 21 for
1808 1417 45 27 thfe.

1367 1452 194 23 MECHANIC'S
1577 1452 163 21 INSTITUTE

1262 1479 42 22 has
1313 1482 40 18 not
1367 1480 55 21 been
1440 1479 140 22 overlooked.
1608 1478 47 22 The
1669 1479 107 27 township
1793 1486 54 15 con-

1264 1506 49 21 sists
1324 1507 26 20 of
1360 1508 40 19 586
1410 1506 131 26 allotments,
1554 1506 25 21 of
1590 1505 72 21 which
1670 1505 36 21 the
1715 1506 130 26 proprietors

1262 1532 72 23 retain
1350 1540 40 14 one
1406 1532 51 22 half
1467 1532 22 21 in
1508 1532 57 21 their
1580 1539 48 14 own
1645 1532 77 26 hands,
1733 1532 44 22 and
1792 1532 54 23 offer

1251 1558 2 30 j
1335 1560 34 21 for
1379 1560 44 21 sale
1432 1560 37 21 the
1479 1558 132 27 remainder,
1623 1558 118 28 consisting
1751 1560 25 21 of

1315 1594 54 20 283
1387 1592 179 22 HALF-ACRE
1581 1592 214 22 ALLOTMENTS.

1251 1628 2 21 i
1263 1627 47 22 The
1327 1627 126 22 allotments
1466 1626 36 22 for
1519 1626 45 22 sale
1580 1626 44 21 and
1641 1633 85 14 reserve
1740 1633 58 15 were
1808 1626 38 22 de-

1263 1654 66 21 cided
1342 1654 31 26 by
1388 1654 37 26 lot,
1437 1653 45 22 and
1499 1653 65 21 while
1578 1652 36 22 the
1632 1653 130 26 proprietors
1777 1653 69 22 selec-

1263 1681 39 21 ted
1315 1681 59 21 their
1390 1687 56 20 own,
1458 1680 50 22 Mr.
1520 1680 63 21 Park
1594 1680 65 21 chose
1669 1679 60 22 those
1739 1680 107 22 intended

1262 1707 36 22 for
1308 1708 52 26 sale,
1371 1707 72 22 which
1457 1714 37 15 are
1510 1706 115 27 decidedly
1634 1706 71 22 better
1715 1713 27 14 on
1756 1713 28 14 an
1794 1713 52 16 ave-

1263 1741 54 20 rage
1327 1734 53 21 than
1392 1734 61 21 those
1463 1733 72 22 which
1545 1733 35 22 the
1587 1733 130 27 proprietors
1722 1732 56 23 have
1788 1734 57 21 been

1347 1760 93 22 enabled
1450 1764 22 17 to
1482 1767 88 14 reserve
1580 1760 33 21 for
1624 1760 138 21 themselves.

1262 1794 65 22 THE
1343 1794 113 22 WHOLE
1471 1793 39 22 OF
1525 1793 62 21 THE
1602 1793 157 22 PROCEEDS
1770 1793 26 21 of
1808 1793 36 22 the

1515 1820 77 22 SALE

1407 1846 45 22 will
1461 1847 29 21 be
1501 1846 114 28 expended
1627 1853 27 15 on
1665 1845 35 22 the

1313 1880 236 23 IMPROVEMENT
1564 1880 38 21 OF
1616 1880 64 21 THE
1694 1879 98 27 TOWN,

1506 1906 43 22 and
1566 1906 35 22 the

1262 1941 237 23 CONSTRUCTION
1517 1940 39 22 OF
1577 1941 137 26 WHARFS,
1730 1940 112 27 QUAYS,

1532 1968 48 25 &c,

1263 1995 52 22 And
1325 1994 42 22 will
1377 1995 28 21 be
1415 1994 109 27 managed
1534 1995 44 20 and
1591 1993 115 27 regulated
1715 1993 29 27 by
1754 2001 14 14 a
1778 1994 65 22 Com-

1367 2021 75 21 mittee
1453 2021 26 21 of
1489 2028 66 13 seven
1566 2021 120 25 consisting
1696 2021 25 19 of
1721 2031 24 4 —

1263 2054 68 21 Capt.
1352 2053 149 26 DANIELL,
1536 2053 49 21 Mr.
1614 2051 228 28 MOLESWORTH,

1398 2080 48 21 Mr.
1458 2080 94 25 WATT,
1569 2087 44 14 and
1625 2079 83 21 FOUR,

1262 2110 22 18 to
1295 2106 27 22 be
1334 2106 84 22 elected
1431 2106 29 27 by
1470 2106 38 21 the
1524 2106 129 27 purchasers
1667 2105 56 22 from
1740 2109 102 23 amongst

1485 2132 138 22 themseh'es.

1261 2159 47 22 The
1323 2160 130 27 proprietors
1469 2167 37 14 are
1525 2159 111 22 confident
1654 2158 47 22 that
1719 2158 56 22 their
1794 2166 48 14 own

1261 2186 101 22 interests
1379 2187 43 21 will
1439 2187 26 20 be
1481 2193 61 14 more
1559 2185 125 27 die:tually
1698 2185 97 27 secured,
1813 2186 29 26 by

1261 2214 124 26 sacrificing
1404 2221 43 14 one
1461 2213 52 22 half
1529 2213 26 20 of
1573 2212 55 21 their
1643 2212 93 21 sections
1755 2212 23 21 in
1798 2212 44 22 this

1260 2240 73 27 mode,
1344 2240 64 21 while
1418 2240 37 21 the
1466 2239 129 27 purchasers
1605 2239 43 21 will
1658 2239 56 21 have
1724 2239 36 21 the
1771 2239 70 22 whole

1260 2267 27 21 of
1297 2266 37 22 the
1343 2267 106 27 purchase
1460 2273 80 20 money
1550 2266 104 21 returned
1664 2270 22 17 to
1696 2266 60 21 them
1766 2266 23 21 in
1799 2268 31 19 im

1260 2295 94 25 proving
1363 2294 43 21 and
1416 2293 127 26 enhancing
1557 2293 36 21 the
1608 2293 65 21 value
1688 2292 25 21 of
1723 2293 57 21 their
1791 2300 49 15 own

1258 2324 111 23 property.

1287 2348 48 21 The
1345 2346 68 22 whole
1430 2346 25 22 of
1467 2346 36 21 the
1521 2345 52 22 land
1586 2346 18 21 is
1619 2346 105 27 perfectly
1738 2345 45 28 flat,
1797 2346 44 21 and

1259 2373 39 22 the
1312 2374 40 21 soil
1371 2374 24 21 of
1412 2374 37 21 the
1463 2373 84 22 richest
1561 2373 137 27 description,
1718 2373 62 21 while
1802 2374 38 20 the

1260 2401 123 27 prevailing
1397 2400 69 22 winds
1483 2407 37 14 are
1536 2406 67 14 never
1618 2407 24 14 so
1657 2400 82 21 violent
1754 2407 24 14 as
1788 2400 53 26 they

1261 2435 37 14 are
1307 2428 24 21 in
1342 2427 37 22 the
1389 2426 162 28 neighbouring
1561 2426 100 21 districts.
1691 2426 87 21 Vessels
1791 2426 27 21 of
1828 2433 13 14 a

1260 2454 61 27 large
1337 2454 95 27 draught
1446 2453 25 22 of
1487 2458 68 16 water
1569 2460 41 13 can
1624 2452 37 27 lay
1677 2453 110 26 alongside
1804 2453 37 21 the

1260 2480 60 23 bank
1330 2484 23 19 at
1362 2481 29 21 all
1401 2481 64 21 times
1475 2480 25 21 of
1513 2480 35 21 the
1559 2479 50 27 tide,
1621 2486 23 14 as
1654 2479 61 22 there
1724 2481 17 20 is
1752 2482 13 18 S
1774 2479 68 29 depth

1261 2508 27 21 of
1298 2508 78 27 nearly
1385 2508 50 21 four
1444 2507 94 22 fathoms
1548 2507 57 21 close
1615 2506 33 22 in.

1261 2541 49 23 The
1316 2541 146 23 Auctioneers
1472 2540 74 22 would
1556 2539 39 22 call
1603 2540 109 21 attention
1721 2542 22 18 to
1751 2539 37 21 the
1799 2539 45 22 fact

1465 2567 26 22 of
1498 2567 61 21 there
1568 2566 66 27 being

1264 2603 22 22 A
1308 2602 106 23 LARGE
1439 2602 66 22 SAW
1524 2600 79 23 MILL
1626 2600 150 23 ALREADY
1797 2600 47 22 ES-

1465 2627 178 23 TABLISHED

1263 2663 14 14 a
1287 2655 61 22 short
1358 2656 97 21 distance
1470 2655 56 22 from
1545 2654 34 21 the
1594 2653 105 22 intended
1712 2654 40 21 site
1767 2654 26 21 of
1808 2653 36 22 the

1262 2683 80 27 Town;
1364 2684 49 25 and,
1434 2690 24 14 as
1477 2682 36 21 the
1533 2680 67 22 whole
1620 2681 26 21 of
1661 2680 37 22 the
1717 2680 128 22 allotments

1332 2710 87 21 abound
1428 2710 23 21 in
1461 2715 78 20 groves
1547 2708 25 21 of
1578 2707 101 27 splendid
1691 2707 84 27 timber,

1263 2743 64 23 THE
1356 2742 163 24 PURCHASE
1552 2741 113 22 MONEY
1693 2740 81 22 WILL
1806 2740 40 22 BE

1337 2769 171 23 RETURNED
1522 2768 86 22 WITH
1623 2767 152 23 INTEREST
1855 2761 2 12 '

1263 2804 24 21 in
1298 2811 12 14 a
1319 2811 54 21 very
1382 2804 61 21 short
1451 2803 85 27 period,
1548 2809 23 14 as
1581 2809 58 14 sawn
1649 2802 80 21 timber
1737 2802 44 21 will
1791 2802 29 21 be
1834 2809 13 14 a

1263 2831 70 28 staple
1348 2831 75 22 article
1439 2830 26 22 of
1477 2832 78 25 export
1564 2829 57 22 from
1634 2829 129 22 Mauawatu
1773 2833 22 17 to
1811 2828 35 21 the

1263 2859 69 26 ready
1341 2858 86 22 market
1436 2856 98 23 afforded
1549 2856 29 27 by
1588 2856 37 21 the
1634 2855 160 27 neighbouring
1804 2858 44 23 set-

1263 2884 110 27 tlements,
1392 2889 21 17 to
1432 2884 76 21 which
1520 2882 129 23 abundance
1670 2882 25 22 of
1710 2882 63 22 small
1793 2882 55 21 craft

1263 2912 45 21 will
1319 2917 22 16 at
1349 2912 29 21 all
1385 2912 62 21 times
1458 2910 70 22 afford
1538 2910 36 21 the
1583 2917 76 14 means
1669 2910 27 21 of
1700 2916 146 20 conveyance.

1265 2939 22 20 A
1300 2942 64 23 great
1375 2938 87 28 portion
1478 2938 26 21 of
1517 2937 38 22 the
1574 2936 53 22 land
1646 2936 146 26 surrounding
1811 2936 37 21 the

1263 2966 70 21 Town
1343 2965 65 27 being
1416 2966 24 20 in
1449 2964 38 22 the
1498 2964 120 26 possession
1630 2963 24 22 of
1665 2964 37 20 the
1712 2963 136 26 Proprietors

1264 2992 27 21 of
1298 2992 36 21 the
1345 2992 125 26 Township,
1481 2990 45 23 will
1540 2991 25 21 be
1578 2990 30 22 let
1618 2993 38 18 out
1667 2989 21 22 in
1700 2989 63 22 small
1779 2989 68 21 farms

1265 3019 25 21 of
1302 3019 57 21 from
1368 3019 42 21 five
1421 3021 21 18 to
1458 3021 38 18 ten
1511 3024 66 20 acres,
1589 3024 29 14 on
1634 3024 52 20 easy
1694 3016 77 21 leases.
1799 3015 48 22 The

1265 3046 85 21 district
1357 3046 19 21 is
1386 3046 37 21 the
1431 3045 51 21 best
1492 3044 48 21 that
1548 3043 39 22 has
1594 3046 38 24 yet
1641 3044 55 20 been
1702 3043 66 25 given
1778 3045 38 18 out
1823 3042 25 21 in

1454 3071 56 22 New
1519 3070 99 22 Zealand
1627 3070 33 20 for

1347 3103 244 25 AGRICULTURAL
1606 3102 160 27 PURPOSES,

1477 3138 24 14 as
1511 3129 48 23 well
1569 3136 23 15 as
1602 3129 35 21 for

1267 3165 144 23 GRAZING
1441 3164 68 22 AND
1543 3162 163 23 BREEDING
1733 3162 112 28 STOCK;

1404 3191 68 23 AND
1486 3189 102 23 DAIRY
1602 3189 105 22 FARMS

1342 3219 71 27 might
1425 3217 40 23 be'
1470 3216 84 23 carried
1567 3223 28 14 on
1610 3216 54 21 with
1677 3222 92 15 success.

1434 3250 73 23 SHIP
1521 3249 157 22 BUILDING

1266 3279 72 28 might
1350 3279 45 22 also
1406 3276 186 27 advantageously
1604 3277 26 20 be
1641 3275 138 26 established,
1791 3275 57 22 from

1267 3307 37 21 the
1322 3307 102 21 facilities
1442 3298 105 28 afforded'
1559 3303 28 26 by
1604 3302 44 22 this
1661 3302 70 27 really
1746 3302 102 27 splendid

1267 3333 64 27 river,
1340 3333 43 22 and
1392 3332 37 22 the
1439 3331 85 28 quality
1534 3330 26 21 of
1566 3329 36 21 the
1611 3329 80 21 timber
1696 3336 28 14 on
1731 3329 30 21 its
1770 3328 77 22 banks.

1295 3360 22 21 It
1325 3367 51 20 may
1387 3360 27 20 be
1424 3356 124 27 remarked,
1563 3356 48 22 that
1623 3356 36 21 the
1670 3356 84 21 natives
1762 3356 87 21 neither

1268 3387 86 28 dispute
1364 3386 35 22 the
1410 3385 90 21 titles.to
1512 3383 39 22 the
1564 3382 60 27 land,
1630 3396 3 3 ■
1641 3390 40 14 nor
1691 3382 26 22 do
1733 3382 54 27 they
1797 3382 52 22 offer

1268 3420 43 19 any
1322 3419 127 21 annoyance
1461 3415 22 17 to
1493 3410 92 22 settlers.

1294 3440 51 22 Full
1359 3439 130 28 particulars
1503 3444 42 15 can
1561 3437 26 21 be
1597 3435 103 23 obtained
1714 3443 27 14 on
1752 3436 97 28 applica-

1267 3467 46 21 tion
1333 3470 22 18 to
1369 3467 37 21 the
1423 3466 166 24 Auctioneers,-
1593 3463 74 22 where
1682 3470 12 14 a
1704 3462 55 22 Plan
1774 3464 27 20 of
1813 3463 36 21 the

1267 3493 117 27 Township
1399 3492 27 22 of
1437 3490 37 24 Te'
1486 3490 71 23 Marie
1576 3498 41 14 can
1634 3490 26 21 be
1675 3497 58 14 seen.
1761 3489 52 28 Day
1827 3489 25 22 of

1267 3519 45 23 sale
1321 3521 44 21 will
1382 3520 26 21 be
1419 3518 105 29 specified
1533 3517 22 22 in
1565 3524 13 15 a
1587 3517 74 21 future
1670 3516 178 22 advertisement.

1294 3554 63 27 April
1366 3554 33 24 22,
1412 3554 60 20 1842.

1327 3613 4 3 .
1358 3598 93 20 House
1468 3597 54 21 and
1537 3597 107 20 Garden
1659 3597 29 19 to
1701 3596 56 20 Let.

1268 3630 114 23 HHHAT
1390 3630 74 27 newly
1470 3629 96 22 finished
1571 3636 110 15 weather
1688 3635 73 15 board
1768 3634 79 20 house,

1276 3651 29 28 X
1343 3657 93 22 situated
1455 3663 29 15 on
1500 3656 81 22 Mount
1595 3655 76 27 Albyn
1687 3662 27 14 on
1731 3654 37 22 the
1782 3654 66 22 Tina-

1267 3684 126 26 kora-road,
1411 3684 83 21 distant
1506 3683 56 21 from
1578 3682 105 21 Barrett's
1698 3681 70 22 Hotel
1782 3682 67 20 about

1267 3711 45 21 five
1331 3711 96 21 minutes
1444 3709 64 26 walk,
1528 3709 43 21 and
1592 3709 59 21 from
1672 3707 36 22 the
1731 3707 73 22 beach
1827 3710 22 19 at

1268 3731 154 33 jakawai-pah
1432 3737 68 20 about
1511 3735 68 22 three.
1616 3735 47 21 The
1674 3733 104 23 situation
1788 3742 61 14 com-

1268 3763 79 22 mands
1356 3771 13 14 a
1377 3764 55 21 view
1443 3763 27 21 of
1480 3763 37 20 the
1529 3761 68 22 whole
1614 3761 103 21 Harbour
1730 3760 46 22 aud
1791 3760 56 29 City.

1268 3790 47 23 The
1324 3790 68 22 house
1402 3789 93 22 consists
1509 3788 25 22 of
1549 3788 92 28 parlour,
1658 3791 40 18 two
1714 3787 134 28 bed-rooms,

1268 3817 97 27 kitchen,
1376 3817 46 22 and
1431 3815 107 23 servants'
1550 3817 141 25 apartments,
1701 3813 53 23 with
1764 3817 85 19 several

1268 3843 79 22 closets
1362 3851 25 14 or
1404 3842 95 28 keeping
1516 3841 72 29 places
1595 3850 6 18 ;
1617 3840 45 22 and
1679 3840 19 22 is
1707 3841 142 28 particularly

1268 3870 71 22 suited
1348 3870 35 21 for
1392 3877 14 14 a
1418 3870 66 21 small
1498 3868 82 27 family,
1600 3874 25 15 or
1642 3867 34 22 for
1691 3870 42 19 two
1748 3874 26 16 or
1789 3868 60 22 three

1267 3904 74 21 young
1350 3897 135 27 gentlemen.
1522 3895 73 28 Apply
1608 3898 22 18 to
1646 3894 43 22 Mr.
1706 3895 143 28 Macdonald,

1268 3926 23 20 at
1300 3924 45 22 Kai
1356 3923 82 26 W*rr_,
1449 3930 26 15 or
1482 3924 22 20 fc
1515 3922 43 23 Mr.
1569 3920 113 27 Brandon,
1688 3921 109 23 Solicitor.

2011 706 89 21 Town
2117 707 30 21 of
2157 708 163 22 Manewatu.

1879 737 90 49 THE
1992 737 212 26 PROPRIETORS
2228 742 25 21 of
2276 742 37 23 the
2333 744 60 22 three
2407 745 48 22 first

1964 765 88 22 choices
2068 769 21 19 at
2100 768 38 21 the
2154 767 42 22 last
2210 769 103 22 selection
2324 771 25 21 of
2363 775 92 25 country

1876 791 68 26 lands,
1959 791 83 28 having
2062 793 135 23 determined
2211 802 59 20 upon
2286 796 37 22 the
2328 798 51 20 'site
2392 798 35 21 for
2442 806 13 14 a

1889 824 93 23 TOWN
1997 826 43 21 ON
2055 826 64 23 THE
2135 828 187 23 MANEWATU
2336 831 105 27 RIVER,

1875 858 56 22 after
1935 861 78 19 several
2021 861 59 20 visits
2090 864 22 18 to
2121 861 35 22 the
2166 862 183 29 neighbouroood,
2361 864 46 22 and
2416 865 37 22 the

1874 887 57 19 most
1948 886 84 22 careful
2050 887 45 22 and
2114 889 81 22 minute
2214 890 148 22 examination
2377 892 26 21 of
2417 892 36 21 the

1875 912 68 22 entire
1960 912 91 28 district,
2068 914 65 22 aided
2147 915 30 27 by
2186 915 37 22 the
2238 916 142 28 professional
2394 918 56 28 skill,

1874 938 134 28 knowledge,
2029 941 43 21 and
2087 942 128 27 experience
2230 943 25 21 of
2267 943 35 22 the
2319 948 59 17 mo3t
2392 952 59 15 com-

1874 967 75 23 petent
1955 965 87 28 judges,
2060 974 91 20 propose
2166 971 23 18 to
2204 969 54 22 offer
2269 970 32 21 for
2316 970 102 28 disposal,
2429 975 22 18 at

2022 993 37 22 the
2072 998 87 23 present
2169 995 58 28 time,
2239 996 66 21 about

1873 1024 217 24 TWENTY-FIVE
2126 1028 103 26 ACRES,
2268 1029 34 22 IN
2339 1030 113 24 ALLOT-

1874 1050 111 29 MENTS,
2001 1052 85 23 EACH
2109 1054 38 21 OF
2171 1055 62 22 ONE
2254 1056 146 24 QUARTER
2414 1058 38 22 OF

2055 1097 5 2 -
2088 1080 43 21 AN
2148 1081 88 22 ACRE.

1898 1111 47 21 The
1954 1115 48 25 spot
2012 1113 51 21 thus
2072 1113 95 23 selected
2179 1122 108 21 possesses
2289 1123 2 5 1
2296 1116 36 21 the
2342 1120 57 19 most
2416 1124 37 15 ex-

1862 1138 2 5 '
1872 1138 83 22 tensive
1969 1139 101 28 frontage
2084 1143 23 19 to
2125 1141 53 26 deep
2190 1146 67 17 water
2272 1143 25 20 of
2307 1150 44 20 any
2366 1151 28 14 on
2416 1145 35 21 the

1872 1165 63 22 river.
1965 1166 22 21 It
2002 1165 21 22 is
2041 1167 95 21 situated
2150 1168 47 25 just
2210 1171 22 18 at
2248 1169 47 21 that
2313 1170 63 26 point
2393 1170 57 23 from

1934 1191 71 23 which
2015 1200 14 14 a
2039 1193 52 21 road
2104 1194 69 22 would
2184 1195 81 21 branch
2277 1196 33 21 off
2316 1200 22 17 to
2349 1196 36 23 the

1872 1232 93 15 WOODED
1989 1233 45 14 AND
2057 1233 95 15 FERTILE
2173 1235 114 15 DISTRICTS
2308 1237 74 15 ALONG
2407 1238 44 14 THE

2042 1260 54 15 BASE
2112 1261 26 14 OF
2152 1261 44 14 THE
2211 1262 73 20 HILLS,
2360 1268 4 12 i

1874 1285 43 21 and
1928 1285 70 21 above
2008 1285 73 22 which
2091 1287 37 21 the
2142 1287 125 26 navigation
2281 1289 34 22 for
2324 1290 81 21 vessels
2414 1290 39 22 be-

1874 1318 72 15 comes
1957 1313 84 24 tedious,
2051 1313 24 25 if
2080 1315 37 19 not
2126 1315 92 25 difficult.
2247 1315 22 21 It
2276 1315 17 22 is
2300 1315 107 24 therefore
2414 1317 36 22 the

2070 1340 61 26 point
2140 1341 70 21 where
2222 1341 35 22 the

1874 1370 87 23 LAND
1977 1372 67 22 AND
2060 1373 110 22 WATER
2185 1375 158 23 CARRIAGE
2358 1376 92 28 MEET,

1875 1404 43 21 and
1928 1404 71 22 where
2009 1412 14 14 a
2032 1405 70 23 Town
2119 1414 57 14 must
2192 1415 26 14 be
2233 1415 90 15 formed
2339 1409 64 22 when
2414 1410 37 21 the

1875 1430 84 22 district
1973 1431 19 21 is
2001 1432 87 27 settled.
2117 1433 21 21 It
2147 1441 43 14 was
2201 1435 94 21 selected
2310 1435 29 27 by
2350 1436 37 21 the
2400 1437 51 21 Sur-

1875 1457 79 30 veying
2034 1466 23 14 as
2068 1459 36 22 the
2114 1460 134 22 rendezvous
2256 1461 35 21 for
2305 1462 58 21 their
2376 1463 59 27 body
2444 1471 6 18 ;

1876 1484 41 20 and
1928 1484 39 21 has
1976 1485 57 21 been
2043 1492 50 16 now
2106 1486 75 28 found,
2192 1488 56 20 after
2258 1489 85 21 several
2358 1491 93 20 months'

1874 1510 102 27 location,
1989 1516 20 16 to
2024 1512 27 21 be
2061 1512 37 22 the
2108 1517 56 17 most
2177 1513 163 28 advantageous
2349 1516 101 27 position,

1875 1537 55 21 from
1947 1538 28 21 its
1990 1538 96 27 peculiar
2107 1539 83 28 facility
2204 1540 26 22 of
2240 1542 110 27 approach
2363 1542 51 22 both
2423 1543 28 26 by

1875 1563 53 22 land
1937 1565 45 20 and
1990 1569 73 17 water.

1904 1591 25 21 In
1941 1591 152 22 confirmation
2103 1592 25 21 of
2135 1593 36 21 the
2180 1593 128 28 superiority
2319 1595 25 21 of
2352 1595 42 21 this
2404 1599 47 24 spot

1875 1624 53 14 over
1936 1624 45 21 any
1990 1619 63 21 other
2060 1624 38 21 yet
2107 1619 87 27 known,
2206 1620 37 22 the
2255 1621 87 22 Messrs.
2350 1622 100 27 Kebbell,

1875 1645 56 21 after
1948 1644 38 22 the
2005 1646 147 22 examination
2169 1648 26 20 of
2210 1647 37 21 the
2265 1647 57 22 river
2338 1648 55 22 from
2415 1649 35 21 the

1877 1671 86 21 Panciri
1975 1671 45 22 Pah
2030 1676 23 18 to
2062 1673 28 20 its
2100 1673 83 27 mouth,
2194 1673 135 23 determined
2344 1682 27 14 on
2382 1680 68 18 erect-

2111 1699 38 27 ing
2162 1700 56 22 their

1876 1731 72 22 SAW'
1956 1732 79 22 MILL
2056 1732 225 24 IMMEDIATELY
2296 1735 155 23 OPPOSITE.

1875 1765 47 21 The
1940 1765 69 22 works
2028 1766 26 21 of
2068 1766 49 22 that
2134 1767 164 23 establishment
2316 1776 36 14 are
2371 1773 23 18 at
2410 1771 41 21 this

1875 1797 100 17 moment
1991 1793 24 21 in
2029 1793 63 28 rapid
2107 1800 104 20 progress,
2229 1795 43 21 and
2291 1795 36 21 the
2345 1797 107 26 proposed

1875 1819 67 21 Town
1954 1819 41 22 will
2006 1821 131 26 necessarily
2142 1821 90 27 partake
2239 1822 25 21 of
2270 1821 41 22 this
2321 1823 130 28 advantage.

1902 1854 47 21 The
1968 1854 91 22 nucleus
2075 1854 25 22 of
2116 1862 12 14 a
2145 1855 67 22 Town
2227 1856 26 27 is,
2263 1857 22 21 in
2300 1858 51 26 fact,
2363 1858 90 28 already

1875 1880 95 26 created,
1980 1881 29 26 by
2019 1881 36 22 the
2066 1882 162 22 concentration
2244 1884 25 21 of
2283 1884 36 21 the
2330 1885 123 27 Surveying

1875 1907 56 22 Staff
1938 1914 29 14 on
1978 1907 46 22 that
2034 1912 55 23 spot,
2101 1915 23 14 as
2133 1909 36 21 the
2180 1913 72 18 centre
2269 1910 25 21 of
2304 1913 148 21 communica-

1874 1935 45 20 tion
1929 1938 23 17 to
1964 1935 35 20 the
2009 1934 147 28 surrounding
2166 1935 94 29 district;
2277 1937 37 21 the
2325 1939 95 21 erection
2431 1939 25 21 of

1875 1961 88 22 Messrs.
1975 1961 115 22 Kebbell's
2105 1962 48 21 Saw
2169 1962 61 22 Mills
2248 1964 95 26 opposite
2351 1972 6 19 ;
2372 1965 30 27 by
2416 1965 35 22 the

1874 1992 161 22 arrangements
2050 1988 33 21 for
2099 1995 27 14 an
2143 1990 112 21 extensive
2267 1990 96 22 General
2375 1992 61 22 Store
2444 2000 6 19 ;

1874 2014 43 21 and
1928 2015 28 25 by
1964 2014 37 21 the
2011 2014 44 21 late
2064 2015 132 30 application
2202 2016 33 21 for
2244 2023 12 14 a
2262 2016 106 23 Licensed
2377 2019 74 21 House

1874 2047 27 14 on
1910 2040 37 21 the
1956 2044 49 23 part
2015 2040 24 21 of
2052 2047 27 14 an
2090 2040 120 22 individual
2225 2042 47 21 who
2286 2042 47 27 has,
2344 2044 60 21 since
2415 2044 36 21 the

1873 2066 116 22 formation
2007 2067 26 21 of
2048 2066 36 21 the
2101 2067 89 27 Colony,
2205 2068 95 26 pursued
2316 2076 13 14 a
2348 2070 104 22 lucrative

1874 2093 62 22 trade
1947 2093 51 21 with
2008 2093 38 21 the
2056 2093 91 27 natives,
2159 2093 44 22 and
2213 2094 71 22 whose
2295 2095 129 28 knowledge
2432 2098 24 21 of

1873 2120 37 21 the
1920 2120 135 26 advantages
2065 2120 26 21 of
2098 2120 36 21 the
2143 2120 100 26 position,
2251 2122 114 27 prompted
2375 2123 46 22 him
2431 2127 23 18 at

1874 2154 54 15 once
1940 2152 22 15 to
1970 2147 74 27 prefer
2054 2146 48 22 that
2114 2146 138 28 application.

1900 2181 47 21 The
1957 2181 93 21 Natives
2064 2181 31 26 by
2104 2180 71 22 whom
2191 2180 43 22 this
2243 2181 53 23 land
2307 2190 45 15 was
2361 2184 94 22 claimed

1872 2215 38 14 are
1921 2208 60 27 quite
1990 2207 110 27 prepared
2109 2211 20 17 to
2138 2207 51 27 give
2195 2214 29 21 up
2231 2210 129 27 possession,
2368 2211 45 22 and
2418 2218 36 15 are

1873 2234 144 27 exceedingly
2028 2235 93 20 anxious
2134 2239 21 16 to
2171 2234 56 22 have
2238 2242 13 14 a
2260 2235 116 30 European
2386 2245 69 20 popu-

1871 2261 68 22 lation
1950 2268 82 19 among
2043 2261 66 26 them,
2121 2261 82 26 having
2220 2261 55 23 been
2284 2270 58 21 upon
2354 2264 36 22 the
2399 2269 56 17 most

1871 2287 96 28 friendly
1974 2287 85 28 footing
2070 2287 98 22 withthe
2181 2289 122 27 Surveying
2313 2291 58 21 Staff
2376 2291 79 28 during

1870 2315 37 22 the
1916 2316 51 22 four
1976 2322 24 14 or
2009 2315 43 21 five
2062 2314 88 22 months
2159 2315 55 26 they
2231 2315 55 22 have
2301 2316 56 22 been
2368 2318 88 23 located

1870 2343 69 21 there.

1898 2370 32 21 As
1941 2369 37 21 the
1985 2368 138 27 Proprietors
2132 2374 93 21 purpose
2234 2372 22 18 to
2267 2369 85 28 dispose
2363 2371 26 22 of
2394 2371 39 22 but
2443 2380 12 13 a

1870 2396 85 22 limited
1970 2395 87 28 portion
2075 2395 74 21 of*the
2164 2395 68 21 Town
2248 2400 22 17 at
2288 2401 95 24 present,
2403 2399 52 26 they

1870 2423 79 27 pledge
1961 2422 131 22 themselves
2100 2421 52 26 that,
2164 2425 24 17 at
2196 2428 29 15 no
2244 2422 72 23 future
2325 2425 65 27 sales,'
2399 2426 56 21 shall

1873 2450 37 21 the
1921 2449 127 22 allotments
2056 2448 29 22 be
2095 2451 38 24 put
2138 2454 31 20 up
2178 2451 23 18 at
2210 2456 13 14 a
2234 2446 43 26 /ess
2286 2458 49 15 sum
2345 2452 53 21 than
2407 2460 48 14 now

1873 2476 89 22 offered.

1900 2503 21 21 A
1942 2503 130 26 Prospectus
2092 2501 44 21 and
2155 2501 54 23 Plan
2230 2503 26 21 of
2269 2503 37 22 the
2324 2505 69 21 Town
2412 2505 43 22 will

1874 2529 85 27 shortly
1968 2529 26 21 be
2006 2528 66 27 ready
2082 2528 34 21 for
2124 2529 121 26 inspection
2260 2533 22 18 at
2294 2530 37 22 the
2343 2531 80 22 Offices
2432 2533 26 22 of

1876 2557 89 21 Messrs.
1978 2555 66 21 VVaitt
2053 2555 46 21 and
2108 2555 74 28 Tyser,
2193 2556 30 21 Te
2234 2557 53 21 Aro.

1902 2587 143 26 Wellington,
2056 2587 65 27 April
2129 2588 34 25 22,
2175 2588 59 21 1842.

1908 2632 197 21 Manewatu—
2108 2632 82 26 cheap
2204 2633 76 20 Land
2295 2632 42 22 for
2351 2634 68 21 Sale.

1876 2666 51 48 A
1943 2665 197 21 GENTLEMAN
2160 2665 81 26 having
2255 2665 97 22 selected
2370 2668 85 22 several

1956 2692 95 21 sections
2060 2692 23 20 in
2101 2698 41 14 one
2157 2691 66 22 block
2232 2699 23 15 in
2273 2693 37 21 the
2328 2693 128 24 Manewatu

1877 2719 97 26 district;
1996 2718 64 22 offers
2079 2722 22 16 to
2114 2718 47 21 real
2173 2718 132 28 cultivators,
2323 2727 90 20 persons
2433 2722 27 21 of

1876 2745 63 22 small
1957 2745 87 26 capital,
2054 2744 46 22 and
2116 2745 36 21 the
2169 2745 98 28 working
2283 2747 85 26 classes,
2382 2751 21 17 to
2413 2747 43 22 dis-

1876 2780 52 20 pose
1936 2772 26 21 of
1973 2772 36 21 the
2020 2778 66 20 same,
2098 2771 22 21 in
2130 2771 37 22 the
2176 2771 113 28 following
2298 2780 94 15 manner
2400 2781 4 15 :
2406 2785 29 4 —

1905 2799 23 21 It
1939 2799 18 21 is
1971 2798 109 28 proposed
2093 2801 26 21 to.
2131 2799 137 27 appropriate
2283 2800 67 21 about
2364 2803 93 25 twenty?

1877 2825 44 22 five
1931 2832 61 14 acres
2002 2825 35 21 for
2046 2832 14 14 a
2070 2827 56 19 town
2137 2832 29 14 on
2176 2825 35 22 the
2228 2825 70 23 banks
2308 2827 25 21 of
2344 2826 38 22 the
2391 2828 64 27 river,

1878 2852 68 27 depth
1961 2851 24 22 of
2004 2852 37 21 the
2058 2856 66 17 water
2138 2852 61 22 three
2219 2853 44 21 and
2279 2860 13 14 a
2308 2853 49 22 half
2369 2858 23 17 to
2408 2854 49 22 four

1877 2879 97 21 fathoms
1989 2879 58 21 close
2062 2881 24 19 to
2102 2879 35 21 the
2154 2879 69 26 shore,
2238 2879 25 22 of
2274 2879 71 22 which
2361 2881 61 21 there
2439 2882 18 21 is

1877 2905 125 27 something
2016 2905 44 21 less
2075 2905 53 21 than
2139 2912 14 14 a
2169 2906 51 22 mile
2229 2905 24 22 in
2267 2906 76 27 length
2350 2915 6 19 ;
2371 2907 39 22 the
2423 2915 35 15 re-

1879 2932 97 22 mainder
1987 2932 26 21 of
2025 2932 37 21 the
2077 2932 52 22 land
2145 2935 23 19 to
2185 2933 26 21 be
2229 2933 88 22 divided
2333 2934 46 21 into
2395 2936 63 21 small

1877 2960 75 25 farms,
1964 2959 25 21 of
2002 2959 40 21 live
2052 2966 25 14 or
2088 2963 36 17 ten
2140 2966 61 14 acres
2218 2960 59 26 each,
2289 2968 65 19 every
2364 2962 94 26 purcha-

1877 2992 35 15 ser
1922 2986 26 21 of
1959 2986 43 20 five
2013 2992 61 14 acres
2083 2989 22 17 to
2114 2985 27 21 be
2159 2986 88 22 entitled
2265 2991 21 17 to
2297 2994 41 14 one
2349 2988 107 27 sixteenth

1877 3013 25 21 of
1914 3020 14 14 a
1937 3016 58 18 town
2006 3019 49 14 acre
2067 3011 120 28 GRATIS,
2199 3012 45 22 and
2258 3020 23 14 so
2297 3020 28 14 on
2336 3014 21 21 in
2368 3021 90 21 propor-

1877 3039 54 21 tion.

1904 3065 82 26 Spaces
2001 3064 44 22 will
2059 3064 29 22 be
2103 3064 40 22 left
2157 3065 35 21 for
2209 3066 135 22 ornamental
2359 3074 96 21 squares,

1877 3092 87 21 market
1972 3091 80 26 places,
2064 3098 75 20 quays,
2149 3091 74 27 places
2232 3092 33 21 for
2274 3093 73 26 public
2357 3094 98 28 worship,

1877 3119 74 27 public
1964 3117 120 28 buildings,
2096 3119 37 20 &c.

1903 3145 49 21 The
1962 3145 54 21 land
2024 3144 19 22 is
2053 3144 25 21 of
2089 3144 37 22 the
2136 3151 53 20 very
2198 3144 47 22 first
2260 3145 90 28 quality,
2362 3148 96 21 watered

1877 3171 29 28 by
1917 3171 63 22 small
1989 3175 99 23 streams,
2099 3171 67 27 finely
2174 3171 108 22 timbered
2289 3172 25 21 in
2331 3173 73 26 places
2414 3175 44 22 and

1877 3203 60 22 parts
1947 3198 89 27 already
2046 3198 94 26 cleared,
2151 3197 45 22 and
2211 3198 19 21 is
2244 3199 151 28 immediately
2406 3208 51 15 con-

1878 3225 88 27 tiguous
1982 3229 22 17 to
2020 3225 37 21 the
2074 3225 55 21 lines
2145 3225 26 21 of
2189 3225 36 21 the
2241 3225 49 23 best
2302 3226 76 27 public
2393 3229 65 21 roads

1879 3252 90 27 leading
1978 3254 23 19 to
2011 3252 54 22 Port
2074 3251 129 23 Nicholson.

1905 3278 59 22 Cash
1973 3282 124 24 payments,
2107 3278 52 22 with
2168 3278 36 21 the
2215 3278 115 27 exception
2340 3280 26 21 of
2373 3288 13 14 a
2396 3282 63 21 small

1880 3305 90 28 deposit,
1982 3305 45 22 will
2035 3309 40 17 not
2085 3305 25 21 be
2123 3305 110 26 required,
2245 3305 39 21 but
2298 3309 110 24 approved
2423 3315 36 16 ac-

1879 3335 116 24 ceptances
2005 3331 93 28 payable
2108 3335 21 17 at
2139 3338 14 14 a
2162 3332 52 26 long
2224 3331 49 22 date
2290 3340 25 14 or
2325 3333 63 23 other
2397 3342 62 15 secu-

1878 3359 61 21 rities
1950 3366 24 14 or
1988 3357 128 23 LABOUR
2130 3357 45 22 will
2190 3358 27 21 be
2227 3358 66 22 taken
2308 3366 24 15 as
2345 3366 113 23 payment.

1879 3385 71 22 There
1960 3385 44 21 will
2016 3385 25 21 be
2054 3392 28 14 no
2098 3384 40 22 law
2155 3384 91 27 charges
2260 3385 33 21 for
2311 3387 36 21 the
2363 3395 97 21 convey-

1879 3419 67 15 ances
1963 3411 26 21 of
2004 3411 37 21 the
2060 3415 111 23 property,
2188 3411 128 23 immediate
2335 3416 122 25 possession

1880 3439 42 21 will
1934 3440 25 20 be
1968 3439 66 26 given
2051 3442 22 17 to
2089 3440 35 19 the
2138 3437 119 28 purchaser
2270 3441 46 21 and
2333 3444 79 25 nloney

1881 3466 83 22 vanced
1973 3465 21 21 if
2004 3464 109 27 required.

1905 3492 49 23 The
1964 3492 126 27 Proprietor
2098 3491 88 22 intends
2201 3496 22 18 to
2238 3493 71 22 reside
2326 3502 27 14 on
2364 3495 37 21 the
2410 3503 50 20 pro-

1879 3524 69 23 perty,
1960 3518 44 22 and
2013 3518 90 28 pledges
2110 3518 91 22 himself
2207 3523 22 17 to
2239 3521 95 27 employ,
2344 3521 116 23 whenever

1877 3545 141 28 practicable,
2029 3545 52 27 only
2091 3545 61 22 those
2168 3545 48 23 who
2234 3554 36 14 are
2284 3547 89 22 located
2383 3556 28 14 on
2421 3549 37 22 the

1877 3573 60 21 land.

1905 3599 141 28 Application
2055 3598 44 22 will
2113 3599 29 22 be
2158 3599 64 22 made
2237 3603 22 19 to
2274 3600 46 27 the.
2326 3600 132 27 Legislative

1880 3625 91 23 Council
1980 3625 35 22 for
2025 3632 28 15 an
2065 3627 44 21 Act
2117 3632 23 16 to
2149 3627 98 26 regulate
2257 3626 36 22 the

1905 3660 36 31 By
1951 3659 38 22 the
1999 3660 70 21 above
2086 3660 198 26 arrangement'the
2295 3667 106 20 expenses
2410 3661 26 22 of
2446 3670 14 14 a

1877 3686 75 28 public
1961 3686 45 22 sale
2016 3686 44 22 will
2070 3686 26 22 be
2106 3686 99 27 avoided,
2217 3687 43 21 and
2270 3687 37 20 the
2317 3687 54 22 land
2378 3688 44 22 will
2432 3689 26 21 be

1879 3713 104 22 obtained
1992 3716 24 19 at
2030 3720 13 15 a
2058 3713 66 22 lower
2140 3716 45 19 rate
2202 3712 52 22 than
2269 3714 38 20 the
2324 3714 86 28 usually
2425 3722 35 15 re-

1879 3740 78 22 served
1966 3740 60 28 price
2035 3743 25 18 at
2069 3747 27 14 an
2113 3740 95 21 auction.
2236 3740 155 27 Applications
2402 3747 20 16 to
2433 3742 26 22 be

1879 3767 64 22 made
1968 3771 23 17 to
2014 3767 44 22 Mr.
2084 3766 22 23 J.
2131 3766 34 22 M.
2188 3766 86 26 Taylor,
2299 3766 32 23 Te
2350 3768 53 27 Aro,
2430 3769 29 27 by

1881 3794 71 23 whum
1960 3794 87 21 further
2055 3793 128 28 particulars
2194 3793 43 20 will
2248 3794 25 19 be
2283 3793 121 24 furnished:

2069 3838 90 20 House
2174 3837 29 20 to
2214 3836 56 21 Let.

1881 3874 52 49 A
1954 3871 85 22 GOOD
2059 3869 129 22 substantial
2205 3869 75 28 house,
2301 3870 51 22 with
2371 3870 89 25 kitchen

1959 3898 45 21 and
2015 3897 134 26 out-houses,
2159 3900 23 17 to
2192 3896 30 21 let
2230 3897 23 21 in
2263 3896 95 23 Manner
2361 3897 102 26 's-sireet;-

1881 3926 44 26 For
1933 3924 134 29 rarticulers,
2079 3923 65 28 apply
2154 3928 22 16 to
2187 3922 42 23 Mr.
2241 3923 118 23 Bxvwn's
2370 3924 75 24 Of&—.
