3474 4350
443 29 3010 57 THE

443 86 1204 317 OXFORD
1848 86 1605 317 OBSERVER

1153 424 181 54 AND
1409 422 587 56 CANTEBBUBY
2069 422 496 63 DEMOCBAT,

1290 533 522 40 CIRCTJLA-THSTO
1887 535 519 37 THROUGHOUT

1734 704 228 30 Established
2006 705 91 29 1889.

67 848 137 32 Voi.umn
225 848 45 31 VI
281 848 102 31 —No.
426 849 106 30 NEW
550 848 154 32 SEEIES.

1246 848 108 33 EAST
1378 847 186 37 OXFORD,
1589 846 245 39 SATURDAY,
1855 845 257 34 SEPTEMBER
2128 848 31 37 1,
2184 848 88 31 1894.

2945 853 136 33 Price—
3083 856 86 32 ONE
3206 857 156 32 PENITC

2912 1003 51 38 G.
2990 1004 49 37 E.
3070 1005 347 45 WEYLANDT,

3025 1065 112 28 FAMILY
3153 1067 147 28 BUTCHER.

2933 1111 159 39 EAST
3123 1114 264 38 OXFOFO.

2971 1173 120 27 Families
3103 1175 89 25 waited
3201 1184 66 24 upon
3278 1176 77 33 daily,

2997 1291 302 33 ASTOUNDING!

3060 1347 82 26 THIS
3170 1348 46 25 BE
3247 1349 92 26 TRUE
3348 1352 12 23 ?

2948 1449 4 2 .
2985 1433 63 25 YES,
3062 1434 21 20 A
3097 1435 134 21 DECIDED
3242 1437 83 20 FACT.

2886 1504 101 32 NEW
2996 1506 140 33 YEARS
3148 1508 277 34 CONCESSION.

2915 1588 51 76 C.
3009 1588 60 76 H.
3112 1589 286 80 MANNING

2878 1785 2 46 i
2978 1800 358 32 PHOTOGRAPHER

2888 1878 42 20 BY
2966 1878 127 22 SPECIAL
3130 1879 221 23 APPOINTMENT
3388 1882 40 21 TO

3022 1911 123 21 EARLOP
3155 1912 133 22 ONSLOW.

2893 1977 38 30 YVf
2936 1974 57 24 ILL,
3008 1974 92 27 During
3115 1975 41 21 the
3180 1975 84 21 Month.
3271 1977 35 20 -of
3323 1977 104 28 January

2899 2006 9 17 T
2914 2005 10 18 I
2963 2001 60 26 only,
3034 2003 55 20 1894
3097 2003 66 20 Issue
3171 2003 26 21 to
3206 2003 41 21 the
3256 2004 87 21 Public.

3033 2036 86 31 ONE
3140 2038 146 33 DOZEN

2887 2081 30 23 Of
2925 2083 38 22 his
2976 2083 190 28 Widely-known,
3183 2083 246 30 Superiorly-finished,

3081 2117 47 20 and
3145 2116 91 28 Highly

2888 2149 189 20 ENAMELLED
3133 2150 143 21 CABINET;
3314 2151 112 21 PHOTO-

2890 2180 120 23 GRAPHS
3023 2181 40 20 AT
3072 2181 63 22 THE
3144 2181 142 22 NOMINAL
3299 2182 125 22 CHAEGE

3114 2215 58 20 ."•'OF
3182 2238 5 5 #
3230 2215 75 21 ■-.:.-■•

3126 2253 66 29 15s.

2888 2332 172 21 DUPLICATE
3075 2334 119 20 OEDEES
3210 2335 39 19 AT
3267 2334 63 21 THE
3346 2333 82 21 SAME

3117 2367 87 22 BATE.

2914 2432 49 21 The
2971 2432 82 21 Public
3062 2439 39 14 are
3116 2433 95 20 advised
3227 2434 25 19 to
3270 2432 61 21 avail
3349 2433 76 20 them-

2887 2465 72 20 selves
2978 2464 27 21 of.
3019 2465 48 20 this
3085 2466 147 26 opportunity
3250 2465 25 20 of
3304 2464 120 27 obtaining

2886 2498 124 27 high-class
3018 2499 63 19 work
3090 2499 25 20 at
3124 2498 55 21 such
3186 2505 15 13 a
3209 2499 115 20 moderate
3333 2498 94 27 charge.

2885 2573 175 21 EEMEMBER
3070 2574 61 21 FOR
3140 2573 62 22 ONE
3210 2574 111 21 MONTH
3334 2573 93 22 ONLY.

2913 2633 49 20 The
2968 2633 54 20 vast
3030 2633 131 26 experience
3177 2633 108 20 obtained
3297 2633 31 26 by
3342 2632 85 21 C.H.M

2886 2667 26 20 m
2919 2667 41 21 the
2968 2668 157 20 innumerable
3133 2668 112 20 branches
3258 2668 25 20 of
3291 2669 42 19 the
3342 2668 83 25 photo-

2886 2700 96 27 graphic
2990 2702 39 20 art
3037 2701 86 26 during
3133 2701 37 20 his
3178 2700 85 21 Indian
3272 2700 47 21 and
3328 2700 97 21 Austra-

2887 2735 39 20 ian
2943 2735 94 25 travels,
3051 2735 46 21 and
3116 2736 38 20 the
3176 2735 115 26 thorough
3310 2735 117 26 apprecia-

2887 2768 49 21 tion
2946 2768 29 28 by
2983 2769 40 20 the
3032 2770 94 25 general
3143 2768 77 28 public
3233 2769 25 20 of
3272 2769 41 21 the
3325 2775 70 18 same,
3404 2769 22 20 is

2887 2803 111 21 sufficient
3013 2804 125 25 guarantee
3146 2803 54 21 that
3218 2803 32 20 all
3267 2803 62 20 work
3347 2802 80 21 issued

2887 2836 61 20 from
2954 2836 36 20 his
2999 2836 87 21 Atelier
3092 2836 44 20 will
3142 2836 29 20 be
3180 2836 24 20 of
3210 2836 41 21 the
3257 2836 95 24 highest
3357 2835 70 21 order

2982 2896 38 38 c
3043 2896 48 42 it,
3105 2895 238 43 wwwiwa,
3400 2919 11 6 ■

2916 2954 80 21 WILL
3007 2954 41 21 DO
3057 2954 53 21 HIS
3121 2954 71 21 OWN
3202 2953 198 22 OPERATIONS.

2890 3019 109 21 Studio—
2999 3020 41 19 lso
3046 3019 106 21 Colombo
3162 3019 78 24 street,
3260 3017 172 21 Christchurch.

3053 3052 157 26 Telephone—
3208 3051 42 20 No.
3261 3052 47 20 592.

2879 3170 1 11 ,
2933 3151 48 31 R.
3027 3150 56 32 H.
3128 3147 259 35 PARISH,

3020 3209 101 31 Easfe
3144 3204 160 35 Oxford

2895 3270 46 17 one
2953 3262 28 25 of
2990 3261 43 24 the
3044 3262 93 30 largest
3147 3261 146 27 purchasers
3309 3259 28 23 m
3347 3257 87 25 North

3070 3297 153 31 Canterbury
3240 3296 25 24 of

2894 3338 187 30 EDWARDS,
3105 3337 193 24 BENNETTS
3311 3336 19 27 4'
3352 3335 84 25 GO.'S

3066 3393 4 5 •
3095 3375 75 31 Slock
3185 3379 28 25 of

2897 3506 62 25 Will
2980 3505 31 25 be
3034 3506 54 24 sold
3111 3505 79 25 below
3213 3504 134 25 wholesale
3373 3504 66 23 cost-

2879 3596 4 33 \
2928 3592 212 40 BURRELL
3157 3589 245 41 BROTHERS-

2975 3641 377 33 photographers

2879 3694 6 3 ~
2896 3694 66 21 Have
2965 3693 107 22 removed
3076 3693 24 21 to
3103 3698 63 15 more
3170 3691 152 22 commodious
3327 3690 112 26 premises

3008 3726 165 27 VICTORIA
3191 3724 137 27 STREET

2879 3757 6 15 s
3074 3757 2 1 '
3233 3756 1 2 '
3264 3756 1 1 '
3324 3771 2 1 .
3342 3756 2 1 '
3352 3756 1 1 '
3378 3761 2 2 •

2879 3789 5 4 -
2897 3779 119 31 Opposite
3039 3778 129 24 Salvation
3197 3777 78 30 Army
3306 3774 134 26 Barracks.

2930 3810 57 24 And
2999 3818 43 16 are
3053 3810 78 30 doing
3148 3807 152 25 Enamelled
3319 3807 120 24 Cabinets

2879 3864 5 12 l.
2896 3849 39 25 for
2945 3849 44 33 8/6
2998 3857 45 23 per
3053 3848 89 25 dozen.
3166 3847 77 24 Great
3254 3845 187 31 Photographic

2899 3887 125 32 Surprise-
3070 3886 54 25 One
3153 3885 25 25 of
3199 3885 45 25 the
3266 3885 95 29 largest
3382 3891 61 17 ever

2898 3926 155 25 introduced.
3097 3927 78 24 From
3197 3925 63 25 Dec.
3282 3924 71 24 11th.
3375 3924 69 26 until

2898 3967 42 24 the
2952 3966 62 25 New
3025 3965 75 26 Year.
3135 3965 55 26 One
3200 3964 91 26 Dozen
3308 3963 69 32 large
3389 3963 54 25 size

2898 4005 148 25 Enamelled
3062 4005 95 25 Photo?
3168 4004 40 26 for
3222 4004 54 33 15/-
3288 4004 76 24 usual
3375 4003 68 32 price

2900 4045 37 24 £1
2950 4047 54 23 10s.
3041 4045 94 33 Secure
3146 4052 18 18 a
3182 4044 115 32 dei>ositr*
3296 4048 6 12 v
3302 4043 78 26 ticket
3401 4045 44 23 for

2899 4082 43 33 2/6
2953 4090 58 18 now
3024 4083 85 32 ready.
3144 4082 64 26 This
3228 4082 22 26 is
3271 4082 41 25 the
3334 4082 112 29 greatest

2899 4123 100 25 wonder
3010 4123 26 24 of
3053 4123 46 25 the
3121 4132 56 24 ■age.
3212 4123 79 25 Don't
3308 4121 63 25 miss
3392 4120 56 25 lhi»

2899 4163 113 29 chance..

2931 4200 169 26 BURREL7.
3116 4203 189 28 BROTHERS

3181 4242 203 33 Photographer*

3023 4287 112 28 Victoria
3150 4289 90 33 Street,
3259 4292 81 26 Christ
3344 4293 83 26 chura

2638 988 86 28 SALE

2596 1035 31 16 OF

2345 1059 209 34 TEWELLRY,
2590 1064 179 28 WATCHES,
2804 1067 68 24 DIA-

2338 1089 23 28 O
2503 1095 99 26 MOND
2621 1097 121 30 GOODS,

2341 1129 128 27 SILVER
2487 1131 72 25 AND
2582 1134 285 27 ELECTRO-PLATE

2338 1166 49 25 AT
2404 1168 23 24 A
2443 1168 174 28 DISCOUNT
2642 1172 44 24 OF
2702 1174 29 23 4s
2749 1174 38 25 IN
2804 1175 68 24 THE

2438 1208 126 30 POUND,
2577 1210 69 25 FOR
2658 1211 22 24 A
2697 1213 79 26 FEW

2489 1248 126 26 WEEKS
2623 1251 102 25 ONLY.

2375 1289 114 30 £10,000
2508 1291 73 25 value
2592 1294 27 23 to
2631 1293 77 26 select
2729 1295 67 25 from
2816 1297 27 24 at

2338 1347 69 45 M.
2470 1350 402 51 SANDSTEIN

2350 1425 110 22 DIRECT
2473 1427 154 26 IMPORTEB,
2655 1430 207 23 WATCHMAKER

2486 1463 59 20 AND
2560 1465 164 26 JEWELLER,

2337 1497 114 21 CASHEL
2467 1500 40 19 ST.
2527 1500 88 24 WEST,
2638 1502 231 22 OHRISTCHURCS

2479 1600 166 26 Established
2658 1604 74 23 1862.

2361 1670 31 21 M.
2404 1672 162 24 SANDSTEIN
2576 1676 40 20 has
2632 1677 116 26 appointed
2757 1678 44 21 Mb.
2811 1679 25 21 R.
2846 1679 26 21 H.

2332 1704 83 22 Pabish
2430 1713 25 15 as
2471 1707 36 21 his
2522 1708 80 22 Oxford
2616 1710 105 27 AGENT,
2735 1712 48 21 who
2799 1713 44 21 will
2852 1714 20 20 at

2332 1742 44 20 any
2385 1738 53 21 time
2447 1745 95 19 prooure,
2556 1747 29 14 on
2601 1742 149 28 approbation,
2768 1745 104 25 Watches,

2333 1770 83 26 Clocks,
2426 1772 44 21 and
2479 1773 116 26 Jewellery,
2615 1781 24 14 or
2655 1775 36 21 his
2703 1777 81 21 Oxford
2799 1778 73 21 clients

2334 1804 23 20 to
2367 1804 65 21 select
2445 1806 65 24 from,
2521 1808 24 18 at
2554 1807 37 20 the
2609 1814 60 14 same
2678 1810 58 24 price
2752 1816 24 15 as
2783 1811 89 25 charged

2333 1835 22 19 at
2365 1834 37 21 the
2411 1835 155 23 Christchurch
2575 1838 181 23 Establishment.

2377 1888 59 41 M,
2481 1889 337 43 SANDSTEIN

2482 1947 112 22 OASHEL
2607 1949 119 26 STREET,

2423 1989 361 31 CHRISTCHURCH.

2354 2082 262 48 WALTER
2676 2086 179 49 RYDB.

2441 2178 118 21 TIMBER
2583 2180 177 25 MERCHANT.

2415 2247 120 32 WEST
2608 2250 183 40 OXFOED.

2335 2336 223 61 ROBERT

2369 2415 177 27 GENERAL
2573 2417 265 27 STOREKEEPER

2333 2462 96 45 Teas,
2470 2462 133 45 Coffees,
2642 2462 129 45 Cocoas,
2804 2462 68 39 and

2438 2509 144 40 General
2605 2509 184 40 Sroceries-

2385 2561 147 32 WEST
2595 2561 225 32 OXFORD.

2489 2670 231 43 DRINK

2369 2739 184 39 HYSLOP'
2569 2739 122 38 PURE
2712 2739 102 38 TEA.

2338 2796 65 31 The
2417 2796 93 31 finest
2523 2796 55 30 the
2591 2795 106 31 World
2714 2796 158 39 produces.

2340 2848 75 30 Sold
2425 2850 45 38 by
2498 2847 51 30 Mr
2563 2848 36 29 F.
2615 2851 39 26 A.
2684 2848 188 35 Waterman,

2378 2894 82 31 East
2470 2894 131 34 Oxford.

2341 2947 52 30 Mr
2411 2947 35 30 R.
2462 2946 121 36 Fisher,
2601 2946 89 30 West
2703 2946 132 30 Oxford.

2340 2992 50 30 Mr
2404 2992 111 30 Alfred
2528 2993 73 34 Lee,
2623 2992 128 30 Oxford.

2339 3040 49 31 Mr
2404 3041 37 30 E.
2457 3040 50 31 W.
2538 3039 128 42 Cooper,
2696 3038 88 39 Oust,
2814 3040 58 30 and

2380 3100 95 29 many
2495 3089 111 30 others.

2345 3174 25 38 0
2398 3169 474 56 MANHINGffIOMPANY

2346 3201 105 52 4.1U
2630 3201 59 51 it

2543 3259 149 24 LIMITED..

2372 3317 271 26 CHRISTCHURCH
2663 3316 186 25 BREWERY.

2575 3377 63 19 THE

2477 3460 131 21 BREWED
2618 3459 41 21 BY
2672 3459 72 21 THIS

2536 3552 84 22 PROM
2629 3552 62 21 THE

2345 3594 223 41 CHOICEST
2581 3593 137 42 WAlT
2728 3593 144 42 ft.ffQFfl

2460 3646 46 20 Are
2515 3645 177 25 acknowledged
2700 3646 25 19 to
2733 3646 30 20 be

2343 3683 150 21 SUPERIOR
2501 3683 36 20 IN
2547 3683 138 23 QUALITY
2695 3683 38 20 TO
2740 3683 66 20 ANY
2812 3682 60 20 PRO-

2410 3713 102 21 DUCED
2526 3713 36 21 IN
2575 3713 75 21 NEW
2664 3713 151 21 ZEALAND.

2371 3751 110 26 Supplied
2485 3751 25 21 to
2514 3751 82 21 Hotels
2602 3751 47 21 and
2656 3751 93 21 Private
2756 3751 116 21 Customer!

2343 3778 24 20 m
2376 3778 144 25 Hogsheads,
2531 3778 99 24 Barrels,
2642 3777 141 25 Kilderkins,
2793 3778 45 20 and
2848 3779 24 19 10

2342 3804 89 25 gallons
2441 3805 64 25 Kegs

2343 3855 119 41 PALE
2484 3855 93 41 ALE
2600 3855 95 41 AND
2726 3855 146 41 EXTRA

2538 3906 134 40 STOUT

2428 3958 94 21 Bottled
2544 3958 25 19 m
2578 3958 86 25 Quarts
2674 3957 47 21 and
2729 3958 74 21 Pints.

2375 4015 266 76 SMITH
2669 4015 58 77 &
2752 4016 110 93 Co.,

2354 4112 72 25 THE
2435 4111 160 26 LEADING
2602 4111 121 26 FRAME
2731 4112 141 26 MAKERS

2345 4151 122 21 COENEB
2486 4150 144 23 COLOMBO
2650 4151 19 21 &
2688 4151 184 23 GLOUCESTEI

2401 4183 141 22 STREETS.
2588 4184 243 22 CHRISTCHURCH.

2430 4221 54 24 The
2491 4220 118 32 cheapest
2616 4221 64 31 shop
2686 4221 29 24 m
2722 4221 86 25 Town.

2381 4261 137 33 Importers
2530 4263 28 24 of
2566 4263 153 31 Mouldings,
2739 4263 81 30 Glass.
2835 4263 37 25 En

2447 4302 117 34 grayings
2586 4303 52 26 and
2666 4303 123 27 Pictures.

1787 1061 81 52 H.
1895 1061 62 54 J.
1975 1062 345 55 LAMING

1879 1138 351 36 SADDLER

2022 1182 63 21 AND

1788 1219 290 39 HARNESS
2113 1221 207 38 MAKER

1934 1271 73 24 Neab
2025 1271 151 28 Saleyards,

1821 1312 47 41 o
1892 1313 65 41 s:
1981 1313 199 42 fob,
2204 1314 46 41 d
2276 1344 15 11 .

1784 1385 88 25 Orders
1885 1386 51 25 and
1953 1387 105 31 Eepairs
2069 1387 127 32 promptly
2206 1388 114 26 executed

1948 1431 27 23 at
1985 1429 88 25 lowest
2084 1433 75 22 rates.

1889 1494 144 39 HORSE
2056 1494 166 39 COVERS

1785 1544 101 40 made
1898 1546 37 38 to
1952 1545 102 41 Order
2069 1546 70 40 and
2153 1546 167 50 Repaired

1801 1606 22 23 A
1836 1606 76 24 Stock
1924 1607 28 24 of
1961 1607 83 24 Horse
2056 1607 123 24 Medicine
2191 1615 34 16 on
2233 1608 76 28 hand,

1861 1647 162 22 SOLOMON'S
2039 1648 151 21 SOLUTION
2204 1650 37 21 &c.

1803 1711 56 44 E.
1882 1711 58 45 R
1957 1712 345 46 ALLPRESS

1893 1782 136 26 Consulting
2037 1783 47 21 and
2089 1784 92 26 Family
2186 1784 105 26 Chemist,

1974 1816 57 23 239.
2045 1815 91 24 Oashel
2147 1815 82 25 Street
2243 1816 76 29 West,

2041 1851 278 27 CHRISTCHUBCH.

1891 1889 10 33 (
1908 1889 67 25 Next
1984 1888 108 26 Zetland
2103 1890 75 25 Arms
2190 1891 78 25 Hotel
2274 1893 12 32 )

1786 1939 41 27 (34
1835 1945 67 20 years
1916 1939 132 26 experience
2062 1941 26 20 at
2096 1941 73 23 Home
2178 1941 47 21 and
2240 1948 25 14 m
2281 1941 39 21 the

1995 1971 116 27 Colonies)

1811 2002 38 21 Mr
1857 2002 103 27 Allpress
1968 2002 57 27 begs
2041 2003 24 21 to
2074 2003 82 22 tender
2167 2003 37 22 his
2220 2005 100 26 grateful

1785 2035 83 22 thanks
1876 2035 25 20 to
1910 2035 37 20 his
1959 2042 122 14 numerous
2089 2036 82 21 clients
2180 2036 140 27 throughout

1784 2068 143 26 Canterbury
1935 2068 36 21 for
1979 2068 41 21 the
2029 2069 94 27 support
2131 2069 74 21 which
2211 2069 43 21 has
2263 2070 57 21 been

1785 2102 137 21 vouchsafed
1939 2102 25 21 to
1984 2102 50 21 him
2048 2102 83 28 during
2150 2104 42 20 the
2214 2104 106 21 nineteen

1785 2144 65 19 years
1858 2137 30 20 he
1896 2136 43 21 has
1947 2136 106 22 followed
2061 2138 37 20 his
2114 2138 125 26 profession
2248 2138 26 20 m
2281 2139 39 19 the

1786 2170 115 26 Province,
1926 2171 48 20 and
1985 2170 95 28 finding,
2097 2171 22 21 it
2140 2170 123 22 incumben
2272 2171 12 21 t
2296 2171 24 21 to

1785 2205 120 22 centralize
1922 2206 38 20 his
1973 2206 104 22 business
2091 2206 25 22 m
2139 2206 65 22 order
2218 2206 25 22 to
2264 2207 56 27 keep

1784 2240 50 21 him
1846 2240 26 21 m
1884 2241 71 20 touch
1969 2240 54 21 with
2039 2241 36 20 his
2094 2242 130 26 supporters
2237 2242 26 19 m
2281 2242 39 21 the

1785 2273 153 26 surrounding
1947 2273 97 26 country
2049 2273 109 24 districts,
2166 2273 30 21 he
2202 2274 42 20 has
2251 2274 69 20 taken

1785 2306 40 23 the
1834 2306 71 21 above
1914 2306 109 27 premises
2033 2306 73 22 where
2124 2306 30 22 he
2162 2306 50 21 will
2220 2307 29 22 be
2266 2307 54 27 glad

1785 2342 25 20 to
1818 2341 87 21 receive
1915 2341 37 21 his
1961 2341 88 21 friends
2056 2341 131 27 personally
2200 2348 25 14 or
2232 2343 88 20 receive

1784 2374 62 22 their
1854 2374 77 22 orders
1946 2380 42 22 per
1999 2374 58 27 post.
2084 2374 44 22 His
2147 2374 62 22 Well
2226 2374 93 24 Known,

1784 2406 69 22 Tried
1875 2407 47 20 and
1943 2407 123 26 Approved
2087 2406 119 22 Remedies
2232 2407 37 21 for
2289 2407 31 21 all

1785 2434 83 21 classes
1877 2433 25 21 of
1918 2433 106 22 Diseases
2033 2440 39 14 are
2081 2440 50 14 now
2140 2440 24 14 so
2174 2433 51 21 well
2238 2435 82 19 known

1785 2468 25 14 as
1828 2461 25 21 to
1866 2461 58 21 need
1945 2468 30 14 no
1992 2461 90 21 further
2104 2461 102 21 mention
2230 2461 25 20 m
2273 2461 47 21 this

1784 2488 137 26 necessarily
1931 2488 65 21 short
2005 2487 185 21 advertisement.

1811 2515 21 21 A
1840 2514 45 21 full
1893 2515 62 26 price
1964 2515 50 20 List
2023 2514 64 21 of*ali
2095 2515 36 20 his
2140 2514 92 20 various
2249 2515 71 20 Bem-

1784 2543 62 21 edies
1855 2548 43 15 can
1906 2543 29 21 be
1944 2542 47 21 had
2000 2543 55 19 Post
2067 2543 58 19 Free
2134 2548 30 14 on
2175 2542 145 26 application,

1784 2570 46 20 and
1842 2576 84 20 among
1939 2570 65 20 them
2012 2569 90 21 besides
2110 2569 66 21 those
2185 2569 24 20 of
2218 2575 14 14 a
2239 2569 81 27 purely

1785 2597 97 21 Medical
1902 2597 121 20 Character
2041 2597 47 19 will
2105 2597 28 20 be
2150 2595 74 21 found
2239 2596 79 25 Horse,

1785 2623 74 22 Cattle
1874 2623 47 21 and
1935 2624 52 26 Dog
2002 2623 131 22 Medicines,
2149 2622 22 20 oi
2189 2622 131 21 undoubted

1784 2650 90 27 efficacy
1882 2650 104 25 together
1999 2649 57 21 with
2069 2650 21 20 A
2105 2649 60 21 Host
2173 2649 25 21 of
2207 2649 113 21 Domestici

1785 2677 104 21 Utilities
1898 2678 74 20 Toilet
1985 2677 160 25 Preparations
2154 2677 19 19 &
2182 2677 138 25 Perfumery.

1811 2704 38 20 Mr
1857 2703 102 27 Allpress
1969 2703 86 21 invites
2069 2703 151 26 applications
2235 2703 37 20 for
2285 2703 35 20 his

1784 2731 51 20 List
1843 2731 47 20 and
1905 2731 47 20 will
1964 2730 58 21 send
2030 2730 57 21 Free
2096 2730 24 21 of
2129 2736 96 21 expence
2234 2736 31 14 on
2273 2736 47 14 rec-

1785 2758 49 26 eipt
1843 2758 24 19 of
1875 2758 57 20 Five
1942 2758 106 25 shillings
2057 2757 47 20 and
2114 2757 102 26 upwards
2229 2757 24 19 m
2262 2758 58 25 post-

1785 2784 24 21 al
1817 2784 66 21 notes
1893 2791 26 14 or
1926 2784 67 21 order
2002 2790 46 21 any
2054 2784 80 21 article
2142 2783 82 21 named
2233 2783 87 21 therein

1785 2811 57 21 such
1851 2811 66 20 order
1931 2818 54 20 may
1994 2812 105 19 emanate
2113 2812 56 19 from
2180 2817 43 14 one
2231 2817 89 20 person,

1785 2844 25 15 or
1818 2838 30 20 be
1857 2838 65 20 made
1930 2844 32 20 up
1971 2844 83 19 among
2063 2838 137 25 neighbours
2209 2837 51 21 who
2272 2843 48 19 may

1785 2864 84 27 depute
1887 2870 42 15 one
1943 2864 24 21 of
1982 2864 62 20 their
2055 2864 97 20 number
2162 2864 26 20 to
2202 2864 66 20 make
2283 2863 37 21 the

1785 2891 140 25 remittance,
1935 2891 87 21 receive
2025 2891 40 20 the
2074 2891 70 26 goods
2147 2890 47 21 and
2203 2891 117 20 distribute

1785 2918 42 21 the
1836 2924 61 15 same
1906 2924 30 15 on
1945 2918 92 21 arrival.

1786 2952 77 27 Agent
1872 2951 37 22 for
1918 2951 88 22 Oxford
2013 2951 148 27 and.District
2168 2952 36 20 Mr
2210 2951 27 21 B.
2246 2951 74 22 Keats.

1835 3012 190 56 Money
2039 3014 54 42 to
2116 3012 153 44 Lend.

1843 3100 18 29 I
1875 3100 80 30 have
1984 3110 113 28 money
2125 3104 33 26 to
2185 3100 74 30 lend
2293 3101 27 28 m

1788 3140 86 38 large
1899 3148 35 21 or
1961 3139 92 30 small
2082 3150 86 19 sums
2205 3149 31 20 to
2265 3141 55 29 suit

1788 3181 180 30 Borrowers
1998 3185 34 24 at
2058 3179 110 31 lowest
2201 3185 119 26 current

1788 3225 91 27 rates.

1870 3261 192 31 WILLIAM
2084 3261 157 37 HOBAN,

1964 3301 190 29 SOLICITOR,

1822 3339 49 24 204
1883 3339 122 25 Hereford
2015 3338 40 26 St.
2069 3339 197 25 Christchurbh
2277 3339 43 25 and

1999 3377 110 24 Kaiapoi.

1790 3470 152 39 'THE
1964 3473 127 36 RED
2105 3473 215 38 HOUSE'

1928 3524 74 21 under
2010 3524 41 20 the
2061 3524 123 21 Verardah

1790 3562 40 21 109
1849 3561 106 21 Colombo
1975 3561 63 21 Sreet
2067 3561 242 22 CHRISTCHURCH.

1840 3599 157 37 JOHN
2036 3599 236 37 WILSON

1790 3650 99 21 General
1896 3650 89 23 Dealer,
2001 3650 125 20 Furniture
2135 3651 91 24 Broker,
2237 3651 83 21 &Hote]

1844 3687 118 20 Valuatrr.
2001 3686 148 21 Established
2159 3687 28 20 20
2196 3687 78 21 Years.

1792 3741 61 21 John
1862 3740 89 20 Wilson
1956 3740 114 20 embraces
2079 3740 40 20 the
2128 3740 93 25 present
2226 3742 94 25 opportu-

1794 3769 49 24 nity
1852 3769 25 19 to
1889 3767 76 21 thank
1974 3767 37 20 his
2022 3768 130 24 supporters
2162 3766 36 21 for
2206 3768 63 20 their
2278 3774 42 14 cus-

1793 3795 46 19 fcoin
1848 3794 47 19 and
1903 3795 126 24 patronage
2041 3793 47 20 and
2103 3799 90 14 assures
2204 3793 65 21 them
2277 3793 43 21 thai

1792 3827 25 13 as
1826 3820 25 20 m
1860 3820 40 19 the
1907 3821 53 24 past
1969 3820 29 19 he
2013 3819 21 20 is
2046 3819 110 25 prepared
2164 3820 25 19 to
2199 3820 82 25 supply
2289 3821 31 19 the

1792 3847 52 21 best
1852 3846 125 20 Furniture
1987 3845 44 25 &c,
2046 3845 37 20 &&.
2099 3846 26 19 at
2140 3845 73 27 prices
2227 3846 61 26 fully
2303 3847 17 20 2(

1792 3879 40 21 per
1841 3873 54 21 cent
1903 3872 45 21 less
1955 3872 59 21 than
2023 3869 112 24 hitherto.
2178 3889 6 8 ..

1848 3910 60 22 John
1929 3909 89 22 Wilson
2045 3909 47 20 will
2114 3908 93 21 furnish
2227 3915 14 15 a
2260 3910 60 21 houst

1793 3937 136 25 throughout
1936 3936 37 21 for
1982 3936 53 24 -620,
2065 3936 61 20 John
2135 3935 90 21 Wilson
2234 3937 47 19 will
2289 3937 31 20 Bel

1794 3971 45 21 you
1852 3970 15 15 a
1888 3963 116 21 Duchesse
2028 3962 71 21 Chest
2107 3962 113 21 Drawsew
2229 3962 37 22 for
2279 3964 41 27 50/-

1820 3991 60 20 John
1889 3990 88 21 Wilson
1996 3990 47 19 will
2062 3990 43 19 sell
2122 3995 46 20 you
2184 3995 15 14 a
2216 3990 72 21 Chest
2308 3992 12 19 oi

1794 4019 102 20 Drawers
1905 4017 37 20 for
1950 4015 51 26 20/-.
2044 4016 59 21 John
2113 4015 91 22 Wilson
2225 4016 47 21 will
2291 4017 29 20 sel

1793 4051 46 20 you
1867 4043 89 21 Double
1982 4042 55 21 Iron
2060 4042 128 20 Bedsteads
2206 4061 3 2 .
2218 4042 39 21 for
2279 4044 41 26 25/-

1794 4071 83 25 Spring
1888 4070 131 20 Mattresses
2028 4067 46 28 25/-
2083 4068 123 20 Palliasses
2216 4075 45 19 any
2269 4070 51 25 price

1794 4104 47 22 you
1853 4097 55 24 luce..
1943 4094 146 28 Everything
2103 4094 75 26 cheap.
2189 4094 131 29 Everything

1795 4124 58 28 good
1862 4124 46 21 and
1917 4129 46 21 you
1972 4128 43 16 can
2028 4122 41 26 get
2078 4121 139 27 everything
2225 4122 60 21 from
2293 4121 27 23 thi

1795 4151 75 22 useful
1878 4151 62 21 little
1948 4149 81 22 needle
2042 4149 26 20 to
2086 4148 41 21 the
2145 4148 127 27 proverbial
2295 4156 25 15 an

1794 4180 60 21 ch«r.
2012 4194 3 3 .

1794 4206 62 21 THB
1874 4204 63 21 RED
1951 4202 111 23 HOUSE.
2084 4202 41 20 109
2135 4201 104 22 Colombo
2249 4202 71 22 Street

1958 4229 81 22 JOHN
2055 4227 128 24 WILSON.

1821 4258 124 21 Furmiture
1954 4256 101 26 Baught,
2070 4254 51 20 «old
2143 4260 25 14 oi*
2194 4255 88 21 scc'ii*

1794 4285 64 22 Sales
1874 4283 110 22 atUmded
1992 4288 29 15 on
2030 4281 150 22 commission.

1236 990 176 44 JOHN
1484 988 285 54 INGRAM,

1265 1061 485 34 AUCTIONEER

1219 1140 2 11 ,
1237 1120 106 24 LICENCED
1362 1119 58 24 LAND
1431 1119 94 28 BROKER,
1539 1119 126 27 VALUATOR,
1681 1119 88 28 ESTATE,

1251 1150 131 29 INSURANCE,
1393 1151 15 24 &
1418 1150 101 25 GENERAL
1529 1150 139 25 COMMISSION
1679 1150 80 25 AGENT.

1234 1185 67 25 Agent
1306 1185 38 26 for
1353 1185 34 20 the
1396 1185 104 20 National
1509 1185 113 19 Insurance
1634 1184 104 26 Company
1752 1188 17 21 of

1411 1217 51 19 New
1477 1216 101 20 Zealand.

1257 1248 172 30 OXFORD
1452 1249 27 28 &
1505 1247 252 30 SHEFFIELD.

1291 1323 2 1 .
1403 1313 53 4 —
1471 1305 46 24 _♦

1233 1342 150 26 Fortnightly
1392 1341 99 22 Auction
1501 1341 64 21 Sales
1574 1338 56 24 held
1637 1341 26 20 m
1667 1340 41 21 the
1715 1341 54 20 Mar-

1233 1377 41 20 ket
1283 1376 75 21 Yards
1368 1376 130 24 OXFORD,
1510 1382 69 20 every
1588 1375 82 21 second
1689 1375 80 20 Thurs-

1234 1409 50 26 day.
1300 1408 108 26 Monthly
1419 1408 64 21 Sales
1492 1408 56 21 held
1557 1408 26 21 at
1592 1408 177 23 MarketXards,

1236 1441 179 19 SHEFFIELD.
1478 1440 93 20 Private
1590 1440 101 20 Auction
1710 1440 59 20 Sales

1233 1472 143 20 undertaken
1386 1478 47 19 any
1441 1472 53 25 part
1504 1471 25 20 of
1538 1471 40 20 the
1589 1472 104 25 country;
1719 1471 50 20 Pro-

1233 1503 65 26 perty
1310 1503 100 25 Bought,
1420 1502 59 23 Sold,
1490 1508 25 14 or
1524 1502 49 20 Let.
1585 1502 47 20 and
1638 1502 131 20 Valuations

1233 1537 110 27 carefully
1353 1537 73 21 made.
1457 1535 65 22 Land
1531 1536 106 27 Brought
1645 1535 74 22 under
1731 1536 38 21 the

1233 1572 107 20 Transfer
1348 1571 51 25 Act,
1429 1570 126 25 Transfers,
1570 1571 90 25 Leases,
1674 1570 18 20 &
1697 1570 72 21 Deeds

1233 1604 23 20 of
1265 1603 134 26 Mortgages
1414 1603 77 21 dravn
1500 1609 38 20 up.
1576 1602 84 27 Money
1668 1602 101 21 invested

1218 1650 2 13 ,
1233 1634 47 21 and
1289 1634 109 21 obtained
1406 1634 35 20 for
1451 1634 86 20 Clients
1547 1639 29 14 on
1586 1634 128 25 Mortgage.
1734 1632 35 21 In-

1219 1664 1 17 >
1266 1672 96 15 surance
1380 1665 97 22 effected
1493 1670 29 16 on
1532 1664 125 27 Buildings
1666 1664 25 21 of
1699 1670 46 21 any

1309 1698 144 27 description,
1463 1697 47 21 and
1519 1697 62 20 their
1590 1697 111 21 contents.

1233 1736 60 21 HAS
1307 1735 57 21 FOR
1378 1735 71 21 SALE
1467 1734 38 20 BY
1521 1734 125 20 PRIVATE
1659 1733 110 21 TREATY

1261 1773 21 20 A
1290 1772 57 25 good.
1364 1771 157 27 Agricultural
1530 1771 46 20 and
1585 1770 104 22 Pastoral
1704 1770 65 21 Farm

1234 1804 130 24 containing
1374 1805 40 19 522
1424 1810 63 14 acres
1496 1803 114 21 Freehold
1616 1803 18 19 &
1640 1804 42 19 240
1693 1803 76 21 Lease-

1233 1837 54 21 hold
1296 1838 26 20 at
1330 1836 69 21 View-
1403 1837 51 20 Hill
1464 1836 153 21 devidedinto
1627 1837 26 19 12
1658 1836 111 26 paddocks

1233 1871 52 21 well
1293 1871 100 21 watered
1401 1871 79 20 within
1491 1869 28 27 4J
1528 1870 65 21 miles
1603 1869 60 22 from
1671 1869 98 27 Railway

1219 1902 1 24 I
1234 1904 98 24 Station,
1347 1903 141 21 substantial
1508 1904 13 18 5
1530 1902 93 21 roomed
1641 1902 74 20 House
1733 1908 36 13 sur

1218 1953 2 6 ,
1234 1937 103 22 rounded
1348 1937 33 27 by
1389 1944 14 14 a
1411 1937 52 21 nice
1471 1936 138 27 plantation,
1618 1937 66 26 large
1695 1935 74 22 Stable

1234 1971 46 21 and
1289 1970 40 22 out
1341 1971 56 20 heds
1406 1971 96 20 thereon
1502 1981 27 3 —
1529 1970 63 26 price
1601 1976 56 20 very
1665 1969 49 21 low.

1263 2020 40 21 150
1319 2019 70 22 Acres
1407 2020 25 20 at
1450 2018 65 23 View
1534 2018 49 21 Hill
1601 2017 45 22 and
1663 2017 106 27 complete

1235 2051 110 22 Saw-mill
1352 2051 73 27 plant,
1431 2051 92 25 Horses,
1532 2051 108 21 Bullocks
1648 2050 43 22 etc.

1423 2085 64 22 Price

1262 2122 41 20 308
1312 2120 71 22 Acres
1393 2120 117 27 adjoining
1520 2120 41 20 the
1571 2119 80 26 above.

1397 2154 64 20 Price
1479 2159 55 21 very
1552 2153 52 20 low.

1331 2208 35 22 On
1376 2209 92 21 account
1477 2209 23 22 of
1510 2209 36 21 Mr
1561 2208 123 22 Allpbess.

1263 2252 42 20 His
1314 2258 51 21 very
1373 2253 51 21 nice
1434 2253 114 21 residence
1558 2253 98 26 opposite
1667 2253 38 21 the
1718 2253 51 21 Par-

1235 2290 82 20 sonage
1324 2285 58 20 East
1385 2285 86 20 Oxford
1477 2285 37 20 for
1519 2286 47 20 sale
1575 2292 57 20 vary
1638 2285 77 26 cheap,
1725 2285 44 20 half

1235 2323 51 15 acre
1296 2316 24 22 of
1328 2316 62 25 land,
1400 2316 58 26 good
1467 2316 93 28 garden.

1219 2356 4 21 }
1298 2354 36 21 On
1343 2354 98 21 account
1449 2354 23 21 of
1481 2354 41 21 Mb
1531 2354 78 22 James
1623 2354 95 22 Fisher.

1219 2399 4 25 p
1262 2390 81 21 4acres
1354 2389 22 22 of
1394 2389 56 22 land
1468 2389 108 28 dwelling
1594 2390 71 21 house
1677 2390 92 21 thereon

1235 2422 65 26 quite
1309 2429 15 14 a
1333 2422 105 26 bargain.

1219 2464 4 16 I
1262 2460 54 21 Also
1331 2460 27 22 57
1371 2460 70 21 Acres
1450 2460 24 21 of
1483 2460 73 28 really
1564 2461 60 27 good
1632 2460 57 22 land
1695 2460 74 22 fenced

1235 2498 25 20 m
1270 2497 57 27 good
1339 2497 72 25 heart,
1435 2498 45 20 and
1502 2498 26 20 m
1549 2499 60 25 good
1632 2498 64 21 order
1719 2504 50 15 near

1235 2535 160 22 Waimakariri
1395 2547 27 4 —
1422 2535 61 28 price
1500 2536 139 22 reasonable.

1326 2589 36 21 On
1371 2590 99 21 account
1478 2589 24 22 of
1510 2589 39 21 Mr
1557 2589 35 22 W.
1602 2590 80 20 Munn.

1263 2631 44 21 His
1326 2631 61 28 Shop
1404 2632 47 20 and
1468 2632 129 26 Dewelling
1614 2631 79 22 House
1717 2633 52 20 with

1235 2668 49 20 half
1293 2675 50 15 acre
1352 2669 23 20 of
1383 2669 56 21 land
1447 2676 30 14 on
1496 2669 40 21 the
1546 2669 96 21 Terrace
1651 2669 67 21 West
1728 2670 41 20 Ox-

1235 2705 58 21 ford.
1321 2705 22 21 A
1353 2706 49 20 real
1409 2706 104 26 bargain.

1301 2750 36 21 On
1346 2751 96 20 account
1451 2751 25 20 of
1485 2751 39 20 Mr
1532 2751 29 21 D.
1573 2751 137 27 Thompson.

1264 2792 11 21 1
1286 2798 51 15 acre
1346 2792 24 21 of
1378 2793 66 20 Land
1453 2793 56 20 with
1528 2793 99 27 Cottage
1635 2793 96 21 thereon
1749 2793 20 20 m

1237 2829 90 21 Church
1338 2829 74 21 Street
1420 2836 51 14 now
1479 2831 26 19 m
1514 2831 134 25 occupation
1658 2830 23 20 of
1689 2830 39 20 Mr
1736 2830 33 20 W.

1219 2866 4 12 *■
1236 2865 106 21 Osborne.

1261 2908 133 22 WANTED
1409 2909 26 21 to
1444 2909 71 21 Lease
1524 2915 16 15 a
1548 2909 67 21 small
1623 2908 73 28 Dairy
1705 2909 64 21 Farm

1235 2942 61 21 from
1303 2942 29 19 40
1340 2941 25 20 to
1378 2942 41 19 100
1423 2947 70 15 acres.

1267 2974 45 20 For
1325 2974 137 26 particulars
1477 2974 71 27 apply
1561 2975 26 20 to

1219 3060 4 20 f
1236 3027 194 34 JOHN
1462 3026 307 35 INGRAM

1294 3196 261 27 CALEDONIAN
1572 3196 147 27 HOUSE.

1236 3259 221 44 JAMES

1319 3314 83 26 BOOT.
1420 3313 85 27 SHOE.
1521 3314 26 25 &
1562 3313 132 28 SUPPER-

1371 3345 264 31 Manufacturer.

1340 3390 118 32 WEST
1492 3390 182 31 OXFORD.

1238 3443 48 21 Has
1296 3449 30 15 on
1334 3442 64 20 hand
1407 3448 13 14 a
1429 3441 105 28 splendid
1541 3442 133 20 assortment
1680 3441 25 21 of
1710 3442 59 20 Boots

1239 3476 43 19 and
1293 3475 70 20 Shoes
1373 3473 67 21 made
1459 3480 30 14 on
1498 3473 40 21 the
1546 3473 107 26 premises
1672 3474 26 20 at
1707 3473 62 26 prices

1237 3506 54 20 that
1300 3505 52 26 defy
1362 3505 153 25 competition.
1543 3504 61 26 Boys
1613 3504 80 21 School
1701 3504 68 25 Boots,

1237 3538 58 20 back
1305 3543 72 15 seams
1387 3537 47 19 and
1441 3533 64 23 front
1514 3535 64 21 hand
1585 3541 66 19 sewn,
1660 3536 83 20 cannot
1749 3536 20 20 be

1238 3569 127 27 surpassed.
1397 3569 70 20 Men's
1476 3569 50 20 best
1531 3569 151 26 watertights,
1692 3569 77 26 pegged

1239 3602 50 27 15/-.
1329 3601 99 27 Bespoke
1451 3600 143 26 department
1616 3600 106 25 carefully
1745 3600 24 20 at-

1237 3633 70 22 tonde
1337 3634 31 20 to.
1397 3633 40 20 Fit
1455 3631 47 21 and
1520 3631 171 27 Workmanship
1710 3631 59 23 Gnar

1219 3657 7 25 1
1237 3665 88 20 anteed.
1354 3664 93 25 Repairs
1456 3662 78 24 neatly
1544 3662 47 21 and
1598 3662 116 27 promptly
1722 3663 47 20 done

1237 3697 26 19 at
1270 3696 133 21 reasonable
1411 3696 74 26 prices

1219 3754 5 18 1
1249 3750 92 22 Branch
1354 3749 183 22 Establishment
1544 3756 5 12 :
1564 3748 61 21 Near
1642 3748 69 21 Town
1719 3748 50 20 Hall

1219 3770 6 27 5
1428 3777 57 20 Eist
1494 3776 94 20 Oxford.

1293 3955 76 40 a-.
1422 3954 318 46 sayETTn,

1243 4017 89 45 ZINC,
1354 4016 71 40 TIN,
1449 4016 66 38 AND
1536 4015 119 41 SHEET,
1680 4015 89 38 STEEI

1450 4080 140 22 WORKER
1768 4075 1 24 I

1219 4126 11 31 3
1279 4119 89 40 High
1390 4118 114 39 Street,
1526 4117 82 32 East
1630 4117 127 32 Oxford.

1655 4207 1 2 •
1709 4204 38 13 ■.•.
1766 4200 3 19 i

1245 4221 41 25 All
1297 4220 74 25 kinds
1382 4221 29 24 of
1424 4221 98 30 Pumps
1533 4220 78 24 Fixed
1621 4221 24 23 &
1661 4219 108 32 Repaired

1360 4264 28 23 at
1399 4263 45 24 the
1456 4263 111 24 shortest
1578 4262 92 25 notice.

231 1359 104 81 J.
431 1331 635 112 LOUGH,'

198 1466 163 39 BUILDER,
407 1475 246 30 UNDERTAKER,
702 1473 274 27 WHEELWRIGHT
1010 1473 75 25 ETC.

299 1552 25 22 to
346 1548 77 32 notify
445 1549 26 25 to
494 1549 40 23 the
550 1547 82 33 public
647 1548 54 26 tbat
724 1547 33 25 he
777 1547 20 25 is
809 1546 131 33 appointed
959 1546 82 32 Agent
1047 1546 49 24 -for
1113 1546 40 24 the

70 1636 257 46 WALTER
346 1639 56 53 A.
425 1638 229 45 WOOD'S
676 1638 241 45 Reapers
935 1636 33 43 &
988 1636 222 46 Binders

150 1774 6 5 .
296 1736 218 45 Mowers
546 1737 100 44 and
675 1735 184 45 Rakes.

40 1815 21 40 •/:
188 1835 59 19 ALL
274 1832 119 22 EXTRAS
421 1832 57 20 FOR
506 1830 98 21 THESE
630 1828 159 22 MACHINES
817 1828 81 20 KEPT
925 1828 35 20 IN
990 1826 101 21 STOCK.

68 1913 52 24 also
132 1911 39 25 W.
185 1911 29 24 A.
227 1910 102 25 Wood's
341 1908 91 25 Binder
444 1908 84 26 Twine
539 1908 51 24 and
601 1908 42 30 oil,
656 1906 138 29 Valroline,
807 1904 95 29 Castor,
914 1904 88 25 Boiled
1010 1904 20 23 &
1040 1903 62 25 Raw
1110 1901 100 26 Linseed

35 1960 2 3 '
69 1956 48 30 Oil,
134 1955 118 29 Building
270 1951 127 26 Materials
419 1951 51 25 and
492 1951 179 31 Ironmongery
691 1950 26 25 of
734 1958 71 23 every
823 1948 151 31 description
986 1948 27 24 at
1033 1948 97 23 Lowest
1141 1946 69 24 Rates

36 1991 1 16 1
564 1993 80 31 Agent
661 1993 38 24 for

310 2049 77 20 THE'
400 2048 205 21 MANCHESTER
632 2046 175 22 INSURANCE
836 2045 152 21 COMPANY.

36 2220 37 55 4
158 2182 427 90 Infant's
674 2179 456 88 Powders

268 2308 87 33 FOR
374 2305 229 35 CHILDREN
636 2303 201 35 CUTTING
867 2303 153 34 TEETH

111 2355 89 30 Have
214 2353 115 41 proved
345 2362 57 21 one
417 2353 34 30 of
464 2352 54 30 the
532 2353 140 38 greatest
686 2350 99 30 boons
807 2359 73 21 ever
894 2348 185 30 introduced
1108 2351 32 26 to
1168 2346 42 30 the

69 2407 118 39 public.
232 2407 88 38 They
335 2414 53 20 are
403 2404 138 39 charged
555 2404 96 38 solely
671 2403 77 30 with
763 2412 20 19 a
809 2401 117 40 special
960 2400 202 40 preparation
1190 2400 20 28 oi

69 2458 81 29 mine
165 2468 67 19 own
254 2457 61 29 and
331 2466 53 20 are
398 2454 191 41 guaranteed
605 2453 152 41 perfectly
781 2452 162 30 harmless.
1003 2451 130 31 Fathers
1162 2460 48 20 anc

68 2507 137 31 Mothers
220 2508 36 30 of
266 2507 157 30 hundreds
438 2508 30 28 oi
483 2505 135 31 families
632 2503 195 33 recommend
842 2503 85 30 them
952 2503 78 32 with
1044 2502 166 31 confidence

69 2571 34 19 as
117 2562 91 38 being
223 2560 99 40 ample
334 2562 33 26 to
381 2567 124 22 remove
515 2557 43 30 all
569 2557 52 30 the
633 2556 146 39 ordinary
792 2556 238 38 derangements
1044 2554 72 30 that
1131 2564 79 21 occui

71 2602 112 40 during
197 2601 158 30 dentition.

66 2687 125 38 THEY
207 2686 96 39 COOL
317 2685 89 39 THE
426 2683 129 44 OHMS,

153 2736 195 41 COMFORT
368 2736 91 38 THE
496 2734 141 39 CHILD.
684 2731 144 40 CHECK
852 2729 284 45 COEVULSOHS,

395 2793 94 39 AND
503 2791 186 40 RENDER
710 2787 222 43 TEETHING
945 2787 128 51 QUITE
1088 2786 122 40 EASY.

111 2856 99 30 These
225 2856 142 28 Genuine
383 2854 146 31 Powders
545 2864 53 19 are
612 2854 33 28 m
660 2863 55 19 use
730 2852 42 39 by
788 2851 42 29 all
846 2849 111 31 classes
972 2849 33 30 of
1019 2849 125 40 society,
1162 2859 48 19 anc

70 2900 31 28 m
117 2898 42 30 all
173 2901 86 36 parts
274 2896 32 29 of
315 2895 75 30 New
407 2894 146 31 Zealand.

370 2946 60 26 Sold
441 2946 28 25 m
481 2945 81 25 Boxes
574 2943 148 31 containing
733 2943 32 24 12
777 2941 112 33 powders
902 2940 37 34 1/-

150 3025 364 26 GTr-Au^wA-IErTIEIEID
529 3022 309 23 PEEFEOTLY
859 3019 301 23 HABMLESS.

65 3063 61 25 Post
137 3063 51 24 free
200 3064 26 23 to
238 3069 48 24 aay
297 3062 55 30 part
364 3059 27 25 of
400 3059 62 25 New
474 3057 110 26 Zealand
591 3065 33 17 on
636 3056 148 25 remittance
793 3054 28 25 of
832 3054 45 33 1/-.
936 3052 124 33 Prepared
1071 3052 48 25 and
1129 3052 54 25 sold
1190 3051 20 33 b]

465 3102 117 31 JOHN
605 3101 29 31 S.
660 3099 148 36 COOKE,

416 3152 147 33 Registered
597 3149 212 26 Pharmacentical
826 3148 121 28 Chemist,

760 3187 80 27 Cash
845 3188 27 24 el
899 3187 116 31 Street,

36 3220 31 31 dk
237 3249 3 3 .
892 3223 281 28 OHRISTCHUROH.

36 3249 31 33 r
238 3265 616 51 OQTSSTJT,T-A.TIO]SrS

218 3358 120 81 A.
401 3355 91 89 J.

212 3487 392 47 FURNISHING
713 3481 393 48 WAREHOUSE

57 3562 30 27 *
115 3611 21 34 N
445 3581 488 50 CHRISTCHURCH.

72 3665 26 23 Is
116 3665 45 25 the
186 3665 81 33 depot
286 3664 88 25 where
398 3670 54 25 you
478 3670 50 17 can
550 3669 44 17 see
615 3661 46 25 the
684 3660 110 33 Largest
823 3658 83 27 Stock
933 3658 29 25 m
995 3657 69 25 New
1109 3656 101 26 Zealanc

36 3708 4 12 '
480 3705 28 28 of
527 3705 38 26 all
586 3705 80 26 kinds
678 3704 28 27 of
715 3712 44 17 :—

66 3762 281 54 CAKPETS,
401 3756 443 53 FLOORCLOTHS,
866 3753 344 47 LINOLEUMS

160 3851 205 52 CHINA,
400 3848 203 53 GLASS,
645 3847 495 54 EARTHENWARE,

421 3946 358 45 FURNITURE
812 3947 82 44 &c.

60 4044 66 42 <at
169 4039 53 45 A
264 4041 42 43 J.
336 4039 128 44 W/S
522 4050 106 33 YOU
680 4051 102 32 CAN
832 4051 213 31 DEPEND
1095 4048 115 33 UPO2

36 4127 141 39 WTHE
214 4126 129 33 BEST
374 4126 165 33 GOODS
570 4126 67 33 AT
669 4126 109 32 THE
809 4126 216 33 LOWEST
1044 4125 166 33 PRICE!:

42 4208 5 17 1
130 4194 169 43 Steam
320 4190 212 45 Cabinet
553 4192 102 43 and
673 4184 308 63 Upliolstery
999 4190 191 45 Works

397 4268 78 45 St.
513 4268 178 46 Asaph
721 4270 219 44 Street.

60 22 7 3 -
115 13 55 30 -pi--
209 13 6 7 '
239 12 3 2 ■

176 133 19 13 ra
291 137 25 22 ft

103 173 40 41 ,:&
174 185 19 19 H
228 182 23 25 &
290 186 25 31 p

67 206 75 45 .ni.o
173 206 20 46 e
227 211 23 15 «
289 208 25 45 a

97 267 19 20 T
117 251 24 26 J
172 255 19 18 H
233 262 16 19 „;
289 255 24 20 O

89 284 5 7 '
117 286 24 28 W
172 288 19 30 3
226 283 23 31 £
289 295 24 19 EH

115 325 25 24 p
171 327 20 33 S
242 350 6 5 •
287 335 25 21 <l

114 394 24 29 *
169 400 21 18 o
216 414 1 1 .
224 389 23 13 N
287 400 24 15 ra

45 455 4 5 ,
65 436 42 23 /.J.J.
113 434 25 19 W
169 451 20 13 j
230 448 17 10 CO
285 439 25 25 £2

113 460 24 11 a
169 457 21 12 H
223 461 24 13 io
284 455 27 16 CQ

98 460 39 37 .o
168 471 21 34 §
223 476 22 15 -
284 473 26 36 a

62 551 16 24 •'
110 545 78 63 M
221 535 24 45 l
283 570 25 36 ah.

37 679 2 2 ■
108 669 30 31 h.
165 659 20 46 a
287 685 20 5 ■■
321 681 10 7 -
382 679 2 3 ■

108 705 25 25 CO
271 718 3 1 ■
293 714 3 2 ■
329 718 11 12 ,•
378 714 6 5 -
