3497 4514
24 188 73 27 THE
127 189 117 25 CHEAP
269 187 124 25 MONEY
414 186 155 26 SCHEME.

59 281 41 25 Wl
112 281 71 25 ether
195 287 90 24 money
296 280 24 24 is
331 280 26 24 to
375 278 32 25 be
425 277 147 26 considered

27 335 11 16 r
43 334 13 17 s
67 325 95 31 having
172 332 34 17 an
216 323 115 25 intrinsic
353 323 83 27 value,
449 329 28 17 or
489 329 28 17 as
527 320 44 25 be-

27 369 44 31 ing
80 377 14 16 a
106 367 160 31 commodity,
275 374 16 16 a
298 365 127 28 standard,
435 372 14 16 a
459 371 112 17 measure

27 421 31 16 or
74 420 15 15 a
101 410 88 32 pledge
221 417 29 17 as
262 409 22 24 is
295 409 126 29 variously
437 406 134 32 suggested

29 461 33 26 toy
74 454 93 26 writers
170 468 30 3 —
202 453 50 25 and
263 452 111 24 whether
386 451 42 24 the
449 451 56 23 trne
516 449 55 24 idea

27 499 31 25 of
67 506 89 23 money
158 511 31 4 —
191 504 27 17 as
231 495 60 25 sueh
293 510 33 3 —
326 494 31 24 be
368 496 46 22 not
434 493 139 31 altogether

30 542 59 25 that
101 541 24 24 of
137 548 16 16 a
164 539 76 25 ticket
248 546 28 17 or
284 537 120 25 counter?

66 584 124 26 Whether
200 583 21 25 it
228 581 63 26 doth
301 582 45 23 not
359 580 63 25 have
434 578 78 25 much
526 577 45 24 im-

32 631 57 30 port
102 630 27 22 to
152 628 63 23 have
237 634 16 16 a
278 625 71 31 right
378 621 148 31 conception
548 621 27 24 of

30 678 93 23 money
131 671 12 23 ?
155 670 51 24 and
214 668 114 24 whether
338 666 33 24 its
383 667 56 22 true
460 664 49 23 and
519 663 54 30 just

31 715 59 26 idea
101 713 31 25 be
143 713 45 24 not
205 711 56 25 that
273 710 26 25 of
309 717 15 17 a
344 707 77 26 ticket
432 714 28 16 or
471 708 102 22 counter

32 757 121 30 entitling
160 757 26 22 to
197 761 89 24 power,
306 751 51 26 and
367 750 75 25 fitted
453 751 25 23 to
489 748 85 24 record

35 800 51 26 and
98 798 106 26 transfer
217 797 92 33 power?

68 842 121 26 Whether
207 847 80 26 power
298 841 26 23 to
336 835 134 28 command
480 834 44 25 the
534 833 39 25 in-

37 888 87 29 dustry
136 886 26 24 of
172 885 85 23 others
279 883 31 23 be
329 883 46 23 not
386 880 53 24 real
460 877 91 26 wealth
560 878 13 22 ?

35 929 54 25 and
99 927 112 26 whether
225 932 88 23 money
336 924 31 24 be
387 923 45 24 not
453 920 28 25 m
504 918 71 26 truth

36 972 91 26 tickets
139 979 28 18 or
174 970 87 25 tokens
282 968 37 25 for
330 965 136 32 conveying
476 963 50 25 and
536 970 37 17 re-

38 1015 105 32 cording
154 1013 60 27 such
226 1020 82 24 power
316 1012 12 23 ?
352 1011 49 24 and
420 1007 113 26 whether
554 1006 21 24 it

38 1060 33 23 be
82 1058 28 24 of
119 1058 70 31 great
200 1060 168 24 consequence
374 1052 68 24 what
450 1048 124 26 materials

41 1101 44 25 the
97 1099 89 25 tickets
197 1106 41 16 are
249 1096 73 24 made
334 1095 45 24 of?

75 1142 122 26 Whether
208 1140 78 28 trade,
299 1138 80 26 either
389 1136 95 31 foreign
496 1142 28 16 or
534 1133 44 24 do-

42 1186 94 28 mestic,
146 1185 30 23 be
187 1185 27 22 m
227 1183 67 24 truth
308 1189 47 20 any
367 1186 68 18 more
453 1178 63 24 than
527 1176 50 24 this

38 1231 137 18 commerce
186 1222 27 23 of
219 1221 114 30 industry
341 1220 13 22 ?

75 1266 122 25 Whether
206 1269 26 21 to
250 1264 121 32 promote,
394 1258 111 31 transfer,
528 1258 48 24 and

40 1319 87 17 secure
136 1310 51 24 this
196 1315 137 19 commerce
345 1306 48 24 and
402 1303 51 26 this
461 1302 116 32 property

40 1355 28 23 m
84 1354 95 24 human
191 1352 94 26 latour,
298 1358 35 18 or,
346 1348 26 23 m
393 1346 73 25 other
487 1345 89 33 words,

42 1398 52 25 this
106 1404 81 24 power
198 1395 30 24 ba
239 1395 44 23 not
295 1393 43 25 the
346 1392 51 25 sole
409 1397 87 19 means
503 1389 25 25 of
536 1395 41 17 en-

42 1440 99 32 riching
152 1447 15 16 a
178 1437 85 33 people
282 1436 48 24 and
342 1435 57 24 how
409 1434 39 24 far
459 1433 49 25 this
519 1439 59 23 may

42 1485 31 23 be
85 1484 62 24 done
159 1480 191 32 independently
362 1478 26 24 of
397 1477 57 32 gold
475 1475 49 24 and
536 1474 42 25 sil-

41 1536 43 17 ver
93 1528 12 23 ?

78 1569 121 25 Whether
211 1576 15 16 a
237 1566 111 24 national
368 1571 119 23 currency
499 1560 81 25 would

42 1616 47 22 not
100 1613 31 24 be
145 1619 68 16 more
235 1607 130 26 beneficial
387 1607 64 23 than
473 1612 62 17 even
564 1611 14 16 a

43 1654 145 33 gold-mine,
202 1652 50 25 and
263 1651 111 24 whether
383 1648 55 25 that
446 1646 31 25 be
484 1648 43 22 not
536 1644 44 26 the

41 1701 57 23 true
109 1695 180 34 philosopher's
305 1695 70 23 stone
397 1692 27 23 m
453 1698 15 17 a
493 1689 70 25 State
571 1696 7 22 ;

42 1742 50 24 and
115 1740 110 24 whether
252 1745 92 22 money
373 1734 81 26 would
477 1740 57 18 ever
550 1733 29 24 be

41 1785 113 30 wanting
165 1785 27 21 to
204 1782 41 24 the
256 1778 118 26 demands
386 1778 27 24 of
431 1777 115 29 Industry
558 1775 22 24 if

42 1835 38 18 we
91 1827 64 24 have
167 1833 15 17 a
193 1823 113 26 national
317 1820 66 26 bank
393 1821 13 23 ?
441 1830 3 7 •

339 1865 96 20 Bishop
450 1862 127 23 Berkley.

1198 34 175 32 OXFORD
1416 33 230 33 OBSERVER
1691 24 243 40 SATURDAY,
1976 9 252 44 SEPTEMBER
2233 13 41 39 .1.
2289 11 90 32 1894.

2918 4192 2 10 ■■
2928 4186 80 31 --•■■;,
3025 4188 71 22 ■-:■:
3110 4190 67 18 ;,::■„
3192 4185 110 33 .^..^
3317 4201 9 5 .
3354 4207 11 2 ..
3390 4191 15 12 ■:
3431 4178 51 40 J*

2926 4239 105 35 Printed
3054 4250 51 24 and
3144 4252 140 26 Published
3313 4257 31 29 Ly
3379 4256 89 26 Lau:u
3476 4251 6 20 l

2919 4308 9 11 ,_
2935 4307 10 9 .
2951 4307 2 1 ;
2952 4306 4 13 A
2959 4286 83 27 nioe
3194 4292 28 23 at
3245 4291 46 25 her
3304 4313 1 1 .
3312 4314 2 3 .

2947 4317 218 49 ;im#nglOs&i
3166 4351 7 12 t
3196 4333 69 33 JCg-J,
3291 4330 91 38 Street.
3408 4339 62 27 East

2941 4380 11 17 :i
2959 4373 101 27 Oxford.
3071 4374 165 36 Canterburyi
3295 4397 4 4 .
3318 4382 4 22 ;.
3328 4400 2 1 .

2937 4423 3 12 :
2960 4412 132 28 Saturday
3095 4419 15 26 ■'
3126 4415 214 33 Septembeb:lst,
3361 4422 73 26 1894,

2980 149 56 47 A.
3053 150 55 46 P.
3123 148 276 66 TUTTON,

2957 222 232 30 AUCTIONEER,
3233 222 196 27 VALUATOR,

2925 262 108 25 GRAIN
3073 263 72 24 AND
3179 262 163 25 PRODUCE
3379 261 87 24 MER-

2925 331 4 4 .
2940 302 126 30 CHANT,
3078 303 70 25 AND
3165 303 136 25 ESTATE
3314 301 129 26 AGENT-

3023 381 192 31 AUCTION
3231 381 131 31 SALES

3184 436 31 17 OF

2925 468 87 25 LIVE
3027 467 110 27 STOCK
3149 469 44 25 AT
3205 469 71 25 THE
3285 468 181 26 RANGIORA

2959 495 145 38 MAR&E#
3116 509 118 26 EVERY
3257 509 175 26 TUESDAY.

2925 583 98 26 Private
3033 583 67 27 Sales
3110 588 65 22 most
3183 585 131 33 efficiently
3324 585 143 25 conducted.

2927 661 82 32 Agent
3021 663 41 24 for
3072 663 42 24 the
3132 664 79 25 South
3227 664 93 25 British
3337 664 133 24 Insurance

2926 694 134 31 Company.

3076 734 31 25 A.
3116 734 29 24 P.
3158 735 146 30 TUTTON,

3111 774 153 28 Auctionevr,
3278 776 50 28 &<s.,
3337 776 145 36 Rangnia.^

2928 972 57 47 B.
3022 973 53 47 H.
3123 973 313 47 CEDERHAS

2989 1044 130 22 PAINTEE
3131 1045 60 21 AN©
3203 1045 180 26 DECORATOR,

2928 1075 127 25 WRITER,
3074 1076 136 23 GRAJNEE.
3229 1078 112 20 GILDER
3360 1078 104 24 &O,&C.

3031 1110 113 29 EAST
3181 1108 182 32 OXFOKD.

3075 1292 254 48 JSrOTICE.

2926 1419 101 44 Job
3045 1417 259 60 Printing!

3101 1499 102 47 Job
3225 1499 243 59 Printing

2969 1583 175 30 OXFOED
3202 1583 225 32 OBSEKVEE

3010 1633 162 39 Machine
3202 1632 182 52 Printing.

3106 1684 191 40 WORKS.

2992 1734 91 26 MAIN
3095 1735 145 31 STREET,
3251 1737 149 27 OXFORD.

2967 1896 38 30 In
3019 1897 75 41 Any
3122 1897 128 42 Variety
3266 1910 35 19 or
3326 1900 98 39 Style.

3007 2000 165 32 Memorial
3188 2000 109 37 Cards,

3008 2041 54 41 (m
3086 2053 70 21 new
3183 2044 63 30 and
3273 2042 106 33 chaste

3006 2083 125 40 designs
3166 2083 45 41 5/-
3221 2096 57 30 per
3300 2086 89 40 doz.)
3467 2105 5 11 ,

3006 2130 178 30 Statement
3201 2131 117 36 Heads,

3006 2169 70 32 Ball
3091 2170 226 41 Programmes.

3155 2213 188 35 Handfeills,.
3393 2232 19 2 -

3005 2252 169 37 Billheads,
3198 2253 143 40 Cheques

3010 2294 105 30 Letter
3128 2294 59 30 and
3199 2294 81 30 Note
3292 2294 108 31 Heads

3008 2333 173 38 Circulars,.
3197 2334 120 36 Menus,

3008 2375 193 41 Catalogues,
3218 2377 56 33 &c,
3285 2400 7 15 ,
3296 2376 45 32 &c
3353 2401 7 14 ,
3377 2378 64 30 Ac.

2925 2424 88 39 New
3027 2424 121 49 Styles
3162 2424 39 38 m
3215 2425 165 49 Visiting
3393 2425 70 39 and

2996 2513 3 22 :
3042 2513 166 39 Business
3225 2512 115 41 Cards.

2926 2599 37 29 E.
2986 2598 43 30 H.
3050 2598 121 34 Parish,
3231 2599 188 39 Proprietor.

3008 2649 67 31 The
3093 2649 182 32 NEWEST
3302 2638 162 43 STYLES

2926 2701 32 30 m
2970 2696 496 49 TYPESan4;ORNAMENTS,

2925 2742 62 33 and
3009 2742 55 30 the
3097 2742 109 30 Latest
3244 2743 223 42 Typographic

2926 2783 161 30 Novelties
3102 2794 54 20 are
3166 2785 181 39 constantly
3375 2785 92 37 l)eiug

2925 2824 100 30 added
3039 2827 33 28 to
3088 2825 54 30 the
3158 2825 98 40 plant,
3269 2826 100 30 which
3384 2827 26 29 is
3422 2827 42 29 al-

2925 2865 95 40 ready
3038 2877 75 29 very
3129 2867 161 38 complete.
3322 2867 25 10 ''

2992 3641 2 1 '
3003 3638 52 26 $£'■
3096 3646 2 2 '
3122 3629 64 42 'fiX.
3360 3660 2 1 -

2928 3669 104 64 lAvi?b
3044 3671 27 22 to
3081 3669 85 24 inform
3190 3678 42 23 ruy
3253 3669 90 25 Oxford
3370 3671 93 23 friends

2972 3716 4 19 ;
2973 3702 125 26 :and,.the
3118 3704 101 33 genei'^l
3236 3702 90 38 Pu^lio
3351 3702 58 27 that
3420 3711 43 25 my

2926 3742 126 31 Rangiora
3074 3744 115 28 business
3197 3756 7 15 -,
3212 3745 45 25 has
3280 3745 128 25 increased
3436 3748 26 22 to

2927 3784 62 24 such
3001 3792 33 16 an
3045 3787 91 23 extent.
3141 3786 53 24 that
3205 3786 15 24 I
3231 3785 73 26 shall,
3316 3786 31 24 be
3375 3787 89 24 unable

2927 3824 25 24 to
2973 3824 61 24 -visit
3046 3824 88 26 Oxford
3159 3827 77 24 untill
3243 3845 3 10 ;
3255 3827 97 24 further
3372 3828 90 24 notice.

2927 3858 42 29 All
2986 3863 68 25 work
3078 3865 55 25 sent
3145 3864 39 33 iby
3195 3864 196 31 Griffiths^Pro,,
3405 3865 58 25 Car-

2926 3903 70 29 riers,
3022 3904 49 24 will
3093 3905 94 28 veceiye
3209 3907 101 30 prompt
3330 3907 133 25 attention.

2926 3942 23 26 A
2963 3962 10 8 .-
2985 3944 85 32 large.;
3083 3944 83 27 .Stock
3173 3946 199 27 -••.0f.-iWatches
3415 3948 50 25 and

2923 3981 134 32 Jewellery
3085 3991 43 17 on.
3140 3994 3 14 :
3149 3984 77 26 hand.
3262 3986 126 24 Traveller
3428 3987 39 23 for

2926 4018 83 26 North
3019 4020 156 33 Canterbury
3187 4022 99 26 district
3290 4024 49 24 ?Mr
3351 4024 24 24 J.
3390 4025 76 25 Gent.

2916 4068 63 18 .;.-
3001 4065 12 18 v
3044 4058 69 26 GUS
3125 4059 118 31 JONES,
3252 4062 148 32 -Rangiora.

2928 4120 146 50 J±:"-'
3092 4118 107 41 ■■'-'""■■■
3238 4153 3 3 -
3386 4137 96 33 __nd

2417 150 426 48 EUCALYPTUS

2366 230 62 8 .■.
2482 221 3 3 '
2622 223 12 15 ♦
2704 227 8 10 r

2416 250 60 20 THE
2490 250 72 20 BEST
2575 250 88 21 HOME
2679 247 143 22 BEMEBIE

2474 288 36 15 are
2524 282 36 21 the
2569 282 136 26 preparation
2715 280 26 23 cf
2749 280 35 21 the

2359 318 171 23 TAS3IANIAN
2547 318 188 22 EUCALYPTUS
2749 317 48 22 OIL
2810 315 83 24 COMP,

2388 356 135 26 Universally
2533 356 105 21 admitted
2646 356 37 20 the
2691 355 80 24 BEST,
2782 353 114 23 PUREST

2360 392 44 22 and
2413 394 58 18 most
2479 393 94 20 effective
2584 393 135 24 Eucalyptus
2741 391 105 20 Globulus
2862 389 33 21 Oil

2359 424 34 20 for
2413 423 171 26 INFLUENZA,
2605 423 93 26 Coughs,
2717 421 64 22 Colds
2806 421 43 21 and
2866 421 29 21 nil

2360 455 65 20 Chest
2441 454 44 21 and
2493 454 63 26 Lang
2572 454 113 21 affections
2699 453 77 27 speedy
2785 453 60 20 relief
2854 452 43 21 and

2360 487 57 21 Cure
2434 487 34 20 for
2483 486 157 24 Rheumatism,
2660 485 123 26 Neuralgia,
2797 485 101 26 Spraios-

2360 515 72 20 Burns
2452 515 34 19 &o.
2872 534 4 1 .

2387 547 133 25 Eucalyptus
2538 545 104 22 Globulus
2660 546 92 20 Extpact
2761 544 92 27 sprayed
2865 544 33 21 in-

2361 577 63 22 haled
2440 577 43 22 and
2497 579 65 20 taken
2571 577 117 26 internally
2705 577 34 20 for
2753 576 38 21 the
2808 573 87 29 Ih'roat,

2360 615 98 26 Catarrh,
2475 614 59 26 Hay,
2558 614 105 26 Typhoid,
2672 615 44 20 and
2730 614 82 21 Scarlet
2822 614 76 21 Fevers

2361 647 130 20 MEASLES
2502 647 36 20 the
2543 649 57 17 most
2609 646 136 25 satisfactory
2754 647 144 24 preventative

2361 677 44 20 and
2418 678 62 19 Cure.
2507 678 57 20 Send
2577 677 52 20 Post
2644 677 56 20 Card
2709 679 23 18 to
2742 677 37 19 the
2788 677 64 19 Office
2864 678 34 19 for

2361 708 97 21 Circular
2470 708 120 26 describing
2609 709 122 20 treatment.
2758 708 139 26 Eucalyptus,

2361 741 111 21 Ointment
2482 742 36 22 the
2528 742 70 25 Magic
2607 742 79 21 Healer
2700 741 23 21 of
2737 742 70 23 Sores,
2820 743 79 22 Burns,

2362 772 103 25 Wounds,
2480 774 60 20 Boils
2558 775 45 22 &c,
2627 773 134 25 Eucalyptus
2779 773 59 25 Soap
2852 772 42 20 Fra

2360 805 63 25 grant
2432 804 44 21 and
2484 804 126 26 refreshing.
2634 804 133 26 Eucalyptus
2775 803 90 27 Jujubes
2874 810 25 14 or

2361 835 101 21 Pastilles
2472 837 33 19 for
2514 836 38 21 the
2577 836 81 21 Throat
2667 835 44 21 and
2719 835 65 21 Voice
2800 842 29 14 an
2843 836 55 20 anti-

2361 867 68 27 septic
2437 868 43 21 and
2490 868 122 20 stimulant.

2360 901 127 24 Veterinary
2503 901 36 20 Oil
2549 901 42 19 and
2601 901 113 20 Ointment
2722 901 34 19 for
2766 901 37 19 the
2812 901 87 20 stables.

2364 941 9 19 •;.
2388 934 30 19 Be
2427 939 49 15 sure
2485 939 44 19 you
2538 933 110 21 Purchase
2661 932 39 21 the
2710 933 105 26 Platypus
2831 932 68 21 brand

2360 965 52 25 only
2421 966 23 19 of
2450 965 29 20 all
2489 965 114 25 Chemists,
2608 965 89 20 Grocers
2702 964 43 20 and
2752 964 147 26 Storekeepers

2361 996 43 21 and
2417 998 24 20 at
2454 996 37 22 the
2502 997 64 21 Office
2575 998 12 20 9
2597 997 115 21 Cathedral
2721 1002 77 19 square
2806 996 95 21 between,

2361 1028 101 22 Morten's
2475 1029 114 26 Buildings
2596 1030 42 21 and
2650 1030 36 19 the
2695 1030 52 20 Post
2757 1028 70 22 Office.

2525 1063 89 21 Oxford
2624 1063 80 26 Agent

2414 1097 28 21 E.
2451 1097 31 21 H.
2495 1098 120 25 PARISH,
2638 1098 78 20 EAST
2729 1098 121 20 OXFORD

2384 1139 20 18 v'
2441 1134 143 28 Eucalyptus
2592 1135 39 22 Oil
2644 1134 32 28 1/-:
2688 1142 42 21 per
2738 1135 79 22 bottle.

2360 1217 102 21 RONGO
2498 1218 55 20 PAI
2573 1218 96 20 TENEI
2682 1218 56 19 KEI
2752 1213 126 25 iKOUTOU

2574 1252 112 21 BATOA.

2403 1289 189 40 MACBEAN
2637 1288 220 40 STEWART'S

2359 1345 75 20 NEW
2449 1346 79 21 CURE
2543 1346 59 21 FOR
2616 1346 128 21 ASTHMA

2413 1380 75 20 NEW
2502 1381 80 21 CURE
2595 1381 59 20 FOR
2668 1381 98 21 GROUP

2472 1415 75 22 NEW
2561 1416 80 21 CURE
2655 1416 58 21 FOR
2726 1415 173 22 DIPHTERIA

2414 1446 74 22 NEW
2502 1447 80 21 CURE
2596 1447 59 21 FOR
2669 1447 134 22 CHRONIC

2537 1485 189 21 BRONCHITIS.

2373 1522 116 28 Prepared
2497 1522 60 21 from
2566 1522 41 21 the
2615 1522 123 21 Mountain
2747 1523 48 21 and
2803 1524 83 21 Forest

2480 1550 81 21 Plants
2575 1549 26 21 of
2613 1550 56 21 New
2683 1550 106 21 Zealand.

2358 1585 30 20 In
2396 1584 99 21 Asthma
2505 1585 42 19 the
2556 1584 55 20 New
2620 1585 59 19 Cure
2688 1584 43 20 has
2740 1585 86 25 proved
2834 1585 66 22 itself

2400 1611 26 20 to
2434 1611 29 20 be
2472 1611 66 19 Head
2547 1610 47 20 and
2603 1611 125 20 Shoulders
2737 1611 71 21 above
2818 1612 34 20 pII

2541 1637 74 20 Other
2628 1637 77 20 Cures.

2385 1676 30 20 In
2423 1682 30 14 no
2462 1675 103 21 instance
2574 1675 42 21 has
2625 1682 15 14 a
2646 1676 71 20 death
2725 1677 107 21 occurred
2838 1677 61 21 from

2359 1702 132 27 diphtheria
2508 1703 67 20 when
2593 1703 41 20 the
2855 1704 43 21 has

2359 1731 58 19 been
2425 1729 74 26 freely
2507 1729 59 21 used
2573 1729 61 21 from
2639 1730 40 20 the
2688 1730 52 21 first
2745 1731 78 21 outset
2827 1731 25 21 of
2857 1732 41 21 the

2360 1757 93 25 disease,
2470 1757 47 20 and
2535 1762 26 15 so
2578 1757 68 26 great
2664 1764 39 14 are
2720 1757 32 21 its
2771 1759 126 25 protective

2357 1790 93 19 powers,
2462 1783 54 21 that
2523 1783 41 21 the
2573 1784 125 26 complaint
2706 1785 45 20 has
2760 1790 71 16 never
2840 1785 57 21 been

2358 1811 82 19 known
2448 1811 25 19 to
2482 1811 83 25 spread
2573 1811 25 19 to
2607 1811 69 20 other
2691 1811 111 21 members
2818 1812 25 20 of
2855 1813 42 20 the

2358 1837 88 25 family.

2385 1871 49 22 The
2441 1872 54 21 New
2505 1872 66 25 Cure,
2581 1873 25 21 3s
2615 1872 40 25 6d;
2667 1872 118 22 Grindelia
2793 1873 104 23 Robusta

2422 1899 136 27 Cigarettes,
2568 1901 25 19 2s
2599 1909 8 15 ;
2617 1900 98 21 Asthma
2727 1900 108 26 Tobacco,

2523 1928 29 25 ,2s
2567 1927 31 21 6d
2610 1927 47 20 and
2670 1929 31 19 Is.

2382 2041 186 41 HEALTH
2590 2039 306 42 GUARANTEED

2361 2127 184 27 QUFFERERS
2581 2127 58 21 from
2683 2128 212 26 RHEUMATISM,

2361 2152 24 25 O
2413 2154 157 24 LUMBAGO,
2587 2154 187 26 NEURALGIA,
2792 2155 104 23 Nervous

2359 2181 143 25 exhaustion,
2511 2181 99 28 wasting
2625 2181 99 27 dibility,
2733 2181 47 23 lost
2788 2182 75 27 vigam
2872 2183 25 21 cf

2358 2209 67 26 body,
2434 2214 158 18 nervousness,
2602 2209 46 20 loss
2657 2209 23 19 of
2697 2209 58 21 flesh
2772 2211 59 24 and,
2836 2211 65 20 vital'

2358 2242 81 21 power,
2462 2235 93 21 restless
2587 2236 68 25 sleep,
2679 2235 96 26 dreams,
2792 2237 103 27 pimples,

2358 2263 64 21 weak
2432 2263 61 25 back,
2505 2263 62 21 want
2585 2263 25 21 of
2619 2263 163 26 development,
2798 2265 98 21 varicose

2359 2291 71 24 veins,
2439 2290 134 26 incapacity,
2592 2291 94 24 urinary
2707 2291 118 26 disorders,
2844 2293 52 20 skin

2359 2317 47 22 and
2414 2317 69 21 blood
2492 2317 97 20 diseases
2598 2317 47 20 and
2653 2317 33 20 all
2694 2317 106 21 ailments
2809 2318 88 27 arising

2359 2345 56 20 from
2425 2350 28 14 ca
2454 2351 9 8 r
2463 2343 25 26 ly
2497 2348 24 15 or
2530 2343 60 21 later
2608 2344 45 26 day
2666 2349 74 15 errors
2749 2345 50 24 etc.,
2824 2345 73 21 CON-

2359 2370 75 22 SULT
2443 2369 80 22 FREE
2547 2370 84 21 PROF.
2652 2370 153 22 NOTMANN
2821 2371 76 26 M.E,

2359 2399 28 20 E.
2416 2398 30 20 M.
2462 2397 27 21 G.
2512 2397 129 21 MARKET
2659 2398 94 21 PLACE
2773 2399 124 22 CHRIST-

2359 2425 126 21 CHURCH
2525 2425 120 26 (Opposite
2686 2425 107 22 Colombo
2821 2427 77 21 Street

2359 2451 68 22 Bride
2434 2452 10 26 )

2385 2487 253 22 MANUFACTURER
2647 2488 23 20 of
2679 2489 42 20 the
2730 2489 54 26 only
2803 2495 94 20 guaran-

2358 2514 55 22 teed
2420 2514 98 22 Electric
2526 2514 49 21 belt
2584 2514 47 21 and
2643 2514 65 23 other
2726 2515 116 22 electrical
2858 2522 40 21 ap-

2358 2542 99 27 pliances
2467 2542 25 20 m
2500 2542 40 20 the
2559 2542 101 27 Colony.^
2714 2550 4 4 •
2804 2559 3 2 .

2401 2583 62 40 W.
2487 2583 229 47 NOTMAM,
2747 2585 131 40 M.E.C.

2437 2631 100 25 Market
2553 2632 82 28 Place,
2667 2632 179 25 Christchurch.

2437 2784 365 46 IMPOETANT

2357 2891 84 30 ALL
2471 2891 121 31 WOOL
2616 2891 171 31 EOSLYN
2808 2892 87 31 AND

2394 2966 295 32 WELLINGTON
2712 2966 153 32 TWEED

2500 3034 260 39 s-criTS

2399 3097 73 43 35/-'
2485 3100 85 31 Suits
2585 3100 145 31 Reduced
2738 3102 35 29 to
2796 3089 68 53 2^/-

2363 3177 4 2 --■
2399 3161 68 42 45/.
2509 3185 21 16 „
2615 3147 66 52 „'"■■
2888 3187 3 14 ;

2398 3210 149 31 Trousers
2561 3211 63 30 and
2636 3210 76 31 Vest
2775 3210 78 40 13/6

2592 3270 53 21 AT

2384 3321 196 33 PARISH'S
2606 3322 91 31 East
2719 3322 146 32 Oxfobd.

2886 3432 3 15 i

2406 3476 189 57 Money
2613 3480 55 43 to
2690 3478 156 44 Lend.

2399 3541 18 29 I
2451 3541 80 30 have
2552 3552 113 29 money
2699 3544 34 27 to
2755 3543 73 29 lend
2862 3544 35 28 m

2356 3581 87 39 large
2472 3591 35 19 or
2529 3582 90 29 sihall
2653 3592 85 20 sums
2765 3586 33 27 to
2834 3584 63 29 suit

2356 3620 177 32 Borrowers
2570 3626 34 27 at
2632 3624 109 30 lowest
2770 3628 127 27 current

2356 3667 92 25 rates.
2731 3675 13 8 ■■•
2759 3685 2 1 ■
2782 3686 2 1 -

2416 3702 62 39 w.
2504 3702 45 40 h.
2573 3702 263 44 sPMsmm

2532 3751 198 31 SQLICITOE,-
2758 3752 88 25 -,::;.:.

2425 3789 193 26 CHiEasTCHURCH
2630 3792 50 24 and
2691 3792 138 25 Eangioba.
2848 3810 4 9 ;

2386 3916 45 44 a
2473 3916 79 45 w,
2590 3918 277 48 tuepin.

2356 3979 245 43 WATCHMAKER.
2636 3984 176 41 JEWELLER
2838 3982 57 38 fc

2413 4045 2 18 :
2433 4042 88 26 MAIN
2537 4044 135 26 STREET
2691 4046 140 28 OXFOED

2391 4092 3 12 '■
2422 4106 5 9 ,
2509 4095 21 16 '.;■;
2550 4094 61 18 near
2623 4088 83 26 Batik.
2735 4098 4 19 ;
2755 4095 4 18 i
2780 4110 11 4 ..
2796 4107 5 8 :
2812 4093 89 20 ■'■■>.

2375 4193 73 35 W:
2473 4212 10 27 ;
2493 4198 368 38 WOODWARD

2354 4252 154 27 PAINTER

2385 4317 4 21 :
2457 4292 356 56 EAgTXPXFORiD.,

2380 4405 4 10 £
2404 4397 44 27 AH
2457 4398 82 26 orders
2549 4401 123 32 promptly
2682 4404 163 32 atteiidedito,

1291 177 74 54 H.
1395 176 64 55 E.
1488 164 447 66 BOARDMAN
1975 160 54 59 &
2058 153 110 61 CO

1197 255 142 20 BAILIFFS
1353 254 65 20 AND
1432 249 186 24 COMMISSION
1635 246 128 22 AGENTS.
1809 242 102 22 HOTEL
1924 233 138 26 BROKERS
2076 230 64 22 AND
2154 226 150 23 VALUERS.

1295 302 61 29 222
1378 295 235 34 HEREFORD
1637 289 172 38 STREET,
1853 275 343 44 CHRISTCHURCH.

1484 360 365 23 »♦♦♦♦♦♦♦♦♦♦♦♦♦♦♦♦••♦♦♦♦♦♦♦

1241 405 42 24 We
1301 404 151 32 respectfully
1465 403 39 29 beg
1522 405 23 19 to
1556 400 74 24 thank
1639 407 44 16 our
1694 397 89 24 Clients
1790 395 50 23 and
1849 393 36 23 the
1897 389 90 27 Public
1996 384 124 35 generally
2123 384 47 29 for
2178 381 39 25 the
2233 379 96 30 support

1170 449 116 24 accorded
1297 456 38 20 us,
1347 447 49 24 and
1408 454 45 17 can
1465 452 82 16 assure
1559 451 43 15 our
1605 442 100 32 friends
1716 440 52 23 that
1776 445 46 17 our
1830 435 106 26 business
1946 431 51 24 still
2002 429 103 25 remains
2121 425 77 24 under
2216 422 37 24 the
2270 426 59 19 same

1172 496 162 27 management
1352 498 29 16 as
1389 489 109 27 hitherto,
1508 488 49 23 and
1566 486 50 23 that
1624 483 135 31 everything
1770 478 120 26 entmsted
1899 480 23 21 to
1930 483 29 16 us
1970 473 52 24 will
2030 472 25 25 be
2062 470 83 26 under
2152 468 37 24 the
2201 464 128 26 immedxate

1171 535 148 29 supervision
1329 534 32 29 of
1367 541 45 15 our
2077 556 21 3 _

1371 573 125 34 MR
1528 570 68 34 H.
1620 569 56 33 E.
1702 553 428 47 BOARDMAN

1406 690 271 38 -LOCAL

1290 740 405 49 BARLOV
1738 735 167 43 ASD
1950 725 278 47 PRICE

1478 791 193 44 Goventry
1709 787 117 46 Cycle
1870 781 131 38 Works

1342 851 38 29 88
1402 845 202 33 COLOMBO
1628 841 175 34 STREET,
1847 828 336 40 CHRISTCHURCH
2187 852 7 7 .

1173 911 57 30 We
1245 911 120 29 haviDe
1380 908 95 30 taken
1489 915 75 21 over
1577 904 53 29 the
1644 902 72 30 #ell
1729 901 115 28 known
1853 897 114 32 works,
1982 893 181 36 machinery
2172 888 62 30 and
2243 887 86 31 stock

1172 952 34 29 m
1218 951 92 30 trade
1323 950 79 30 wish
1415 951 35 27 to
1463 946 113 30 inform
1592 943 54 30 the
1667 941 106 41 public
1787 939 71 30 that
1870 947 48 20 we
1933 944 52 21 are
1999 931 153 43 prepared
2164 932 35 27 to
2218 929 111 29 under-

1173 992 73 31 take
1260 991 104 31 orders
1378 990 49 29 for
1441 997 69 21 new
1523 983 159 33 machines
1697 982 62 30 and
1774 981 128 30 execute
1920 984 119 32 repairs
2062 976 33 27 at
2116 973 54 29 the
2195 973 134 27 shortest

1306 1031 103 30 notice
1423 1030 49 29 for
1494 1028 42 29 all
1550 1025 93 30 kinds
1658 1023 35 31 of
1702 1020 215 40 Engineering
1931 1018 63 30 and
2005 1015 95 40 Cycle
2111 1015 96 29 work.

1337 1081 128 22 SPECIAL
1477 1077 179 22 ATTENTION
1671 1075 95 21 GIVjSN
1781 1073 38 20 TO
1833 1070 142 22 COUNTRY
1989 1068 125 21 ORDERS.
2123 1090 3 10 :

1174 1103 122 50 kacinff
1308 1118 162 32 Machines
1493 1115 63 31 and
1577 1113 100 40 Light
1698 1110 168 32 Roadsters
1882 1118 19 20 a
1915 1106 157 40 specialty.
2114 1103 49 29 No
2177 1099 152 41 imported

1172 1163 159 30 machines
1343 1160 77 38 kept
1434 1158 33 30 m
1482 1157 100 31 stock,
1597 1155 44 30 all
1655 1153 87 31 work
1756 1151 80 30 done
1850 1159 41 20 on
1904 1148 55 30 the
1981 1154 157 32 premises.
2191 1143 31 29 A
2245 1143 84 36 large

1202 1202 91 31 stock
1307 1200 36 30 of
1351 1200 127 37 Lamps,
1489 1197 96 32 Bells,
1601 1195 62 29 and
1679 1192 129 31 Saddles
1822 1200 41 19 on
1876 1188 85 30 hand
1975 1191 33 25 at
2020 1195 115 21 reduce
2145 1185 132 38 dprices.

1303 1278 119 89 R.
1488 1275 132 87 H.
1681 1263 516 96 PARISH

1448 1402 200 64 EAST
1694 1392 328 69 OXFORD

1399 1496 78 30 has
1491 1488 192 36 received
1702 1498 25 22 a
1742 1485 295 40 consignment
2052 1482 45 31 of

1171 1548 303 58 Messrs
1533 1542 420 60 J6luis<ms
2005 1532 69 58 &
2128 1531 201 57 Sons

1346 1622 269 61 GREAT
1675 1611 452 63 YARMOUTH

1235 1715 229 92 OIL
1545 1705 696 95 CLOTHING

1351 1846 339 53 ENORMOUS
1750 1843 388 47 REDUCTIONS

1171 1968 80 27 tTIHE
1270 1967 116 31 question
1396 1966 22 26 is
1587 1962 68 33 Why
1666 1961 62 26 send
1741 1962 27 25 to
1780 1959 178 27 Christchurch
1968 1958 48 26 'for
2032 1964 63 26 your
2112 1955 131 34 Drapery?
2277 1954 52 26 Tbe

1178 1989 20 40 1
1235 2003 103 31 drapery
1350 2000 54 27 sold
1412 2000 27 23 m
1447 1999 57 25 that
1515 1998 51 32 city
1577 2004 72 24 every
1661 2003 46 18 one
1719 1995 94 30 knows,
1825 1994 23 25 is
1859 1994 46 24 not
1915 1992 72 26 made
1998 1992 78 28 there,
2095 1990 46 26 but
2151 1989 130 33 imported.
2290 2011 4 3 .
2316 1989 13 25 I

1172 2038 94 30 import
1277 2037 65 23 from
1353 2034 44 25 the
1408 2033 54 24 best
1473 2030 108 32 English
1592 2030 51 24 and
1659 2028 88 26 Scotch
1759 2027 101 25 houses.
1905 2026 72 24 lam
1989 2024 105 26 enabled
2104 2025 26 24 to
2142 2024 122 32 purchase
2281 2022 48 26 low

1171 2071 52 25 and
1231 2068 46 26 sell
1289 2069 27 25 at
1324 2075 16 17 a
1350 2068 54 24 rate
1416 2065 26 24 of
1451 2063 75 33 profit
1538 2063 54 33 (my
1603 2068 120 25 expences
1733 2060 73 32 being
1817 2058 83 33 small)
1912 2059 57 24 that
1980 2058 82 26 would
2073 2058 31 24 be
2122 2056 146 25 considered
2287 2056 42 25 ab-

1171 2103 58 26 surd
1241 2102 33 31 by
1289 2108 49 24 any
1358 2096 180 29 Christchurch
1561 2094 200 27 establishment.
1812 2092 45 32 My
1878 2089 77 28 Stock
1973 2091 22 24 is
2013 2090 44 25 the
2077 2090 94 32 largest
2189 2089 51 25 and
2262 2091 67 23 most

1169 2135 96 28 tvaried
1274 2134 57 26 that
1341 2133 46 24 has
1399 2138 56 18 ever
1465 2131 64 23 been
1540 2129 87 24 shown
1637 2127 28 24 m
1676 2126 44 25 the
1731 2126 104 28 district,
1848 2124 50 24 and
1909 2124 43 26 for.
1958 2124 93 31 quality
2070 2124 50 23 and
2138 2123 73 24 value
2228 2124 59 30 puts
2304 2123 25 24 m

1172 2171 32 25 he
1215 2169 79 26 shade
1311 2166 77 33 goods
1399 2162 92 26 offered
1501 2162 34 32 by
1545 2160 104 32 visiting
1660 2159 116 25 hawkere
1788 2159 63 23 from
1863 2156 44 25 the
1924 2155 182 26 Christchurch
2117 2163 47 25 rag
2175 2156 88 24 marts.

1204 2223 95 25 Dress
1310 2220 167 29 Materials,
1489 2216 89 26 Plain
1589 2215 60 25 and
1659 2214 105 31 Fancy
1774 2213 81 25 from
1867 2212 50 25 3d.
1930 2217 55 25 per
1992 2211 85 31 yard.

1204 2284 27 25 A
1248 2282 111 28 Strong
1375 2281 88 25 Stout
1478 2278 134 25 Durable
1629 2275 127 32 Kaiapoi
1772 2274 114 26 Tweed
1902 2272 52 33 2/6
1965 2278 55 26 per
2030 2272 78 31 yard

1803 2317 108 24 Makes
1923 2317 156 24 first-class
2096 2315 91 30 Boys'
2205 2314 91 26 Suits.

1205 2378 58 26 Art
1279 2375 141 31 Muslins,
1439 2372 157 32 Cretones,
1615 2371 80 26 Lace
1712 2369 139 28 Curtains
1870 2368 54 26 &c.

1205 2446 26 29 A
1248 2444 111 26 Choice
1376 2441 168 26 Collection
1562 2440 34 24 of
1609 2439 122 29 Gloves,
1757 2437 79 30 Ties,
1865 2432 130 34 Aprons,
2025 2434 166 26 Insertions
2209 2434 54 25 &c.

1205 2496 121 32 Striped
1343 2495 125 26 Galatea
1483 2491 55 34 4/6
1550 2497 55 27 per
1616 2491 107 30 dozen,
1752 2489 104 25 worth
1867 2488 49 24 9d.
1934 2493 56 26 per
2006 2475 98 42 yard/

1205 2562 103 25 Prints
1320 2561 80 24 from
1411 2559 52 24 4d.
1476 2563 56 26 per
1542 2557 85 31 yard.
1641 2555 139 30 Muslins,
1792 2554 139 30 Selesias,
1946 2551 125 32 Calicos,
2086 2551 54 26 &c.

1791 2597 88 25 With
1896 2596 88 25 other
2001 2595 193 25 Manchester
2210 2595 87 30 lines.

1205 2657 89 31 Hats,
1312 2655 103 30 Fancy
1433 2654 60 25 and
1509 2652 107 31 Sailor,
1634 2652 32 25 m
1682 2650 104 26 White
1804 2650 60 24 and
1881 2649 116 26 Colors.

1750 2694 126 25 Newest
1892 2693 124 31 Shapes.
2051 2691 98 30 Large
2164 2692 133 32 Variety,

1204 2753 149 29 Flowers,
1371 2750 155 30 Feathers,
1544 2747 149 31 Ribbons,
1712 2745 106 31 Laces,
1836 2745 75 31 Jets,
1931 2745 55 24 &c.

1677 2787 88 26 With
1782 2787 41 24 all
1839 2786 185 24 necessaries
2041 2785 48 24 for
2105 2784 192 31 Trimmings.

1203 2844 104 30 Fancy
1322 2842 141 29 Frillings
1482 2841 77 30 3yds
1570 2840 47 25 for
1627 2838 36 33 1/-
1681 2838 102 26 worth
1794 2837 51 31 9d,
1862 2841 55 26 per
1928 2837 85 30 yard,

1740 2881 183 30 Umbrellas,
1942 2879 151 31 Parasols,
2112 2879 183 31 Sunshades,

1309 2956 5 4 .
1349 2948 1 5 ■
1356 2947 46 12 ■**•
1481 2945 39 14 mw,
1537 2956 1 1 .
1546 2944 44 16 »».
1606 2943 40 13 «p^
1667 2943 45 13 ww
1723 2943 47 13 '^t
1778 2943 53 12 .'ww
1855 2942 42 13 w*
1976 2936 43 21 ++.
2041 2942 40 12 w^r
2098 2942 42 12 .-ww
2151 2942 1 5 ■

1319 2985 334 44 SPECIAL
1739 2983 423 42 nJECHi.SE

1171 3058 110 33 BOYS
1314 3056 89 31 AND
1433 3053 173 36 YOUTHS
1646 3051 217 33 COLONIAL
1895 3051 155 31 TWEED
2076 3053 252 34 OVERCOATS

1278 3133 13 9 <•
1318 3139 4 7 .
1623 3143 3 2 .
1655 3114 78 31 with
1754 3112 97 41 Capes

1447 3177 94 29 From
1565 3176 65 30 17s.
1675 3175 50 29 6d.
1770 3173 101 32 worth
1914 3175 66 29 255.
2028 3174 49 30 6d.

1323 3241 196 32 Meir's
1564 3240 226 31 T-weecl
1833 3240 350 34 Overcoats

1646 3291 95 30 From
1764 3292 65 29 15s.

1169 3465 134 41 English
1317 3466 129 41 Witney
1455 3467 149 30 Blankets
1619 3470 33 26 to
1669 3467 36 30 be
1721 3467 68 30 sold
1801 3471 35 26 at
1846 3467 59 30 less
1914 3467 77 30 than
2005 3467 181 32 Melbourne
2199 3469 130 32 Whole-

1171 3518 63 30 sale
1255 3519 85 39 price
1342 3536 40 4 —
1382 3518 121 32 Double
1517 3518 68 30 Bed
1603 3518 69 31 Size
1695 3519 64 29 12s.
1785 3519 49 30 6d.
1858 3534 2 6 ■
1885 3519 101 30 worth
2003 3519 65 30 16s.
2107 3519 49 31 6d.
2177 3530 57 29 per
2247 3522 77 40 pair.

1148 3592 63 14 ■■'"
1339 3589 131 40 cheaper
1483 3587 78 30 than
1577 3585 225 32 Oliristchurch
1816 3586 114 31 hbuses
1943 3586 65 31 will
2023 3587 57 30 sell
2095 3587 94 31 them.

1171 3678 299 84 MESES'
1531 3643 384 155 C^iS.f
1963 3668 361 94 JACKETS

1226 3784 92 54 tls
1334 3785 164 53 Sswsst
1529 3789 154 58 Sltaj^s
1703 3790 108 46 from
1831 3789 84 56 3/0
1941 3791 142 47 wortli
2100 3791 169 49 dou6ls.

1359 3881 204 15 !■■■■■■■■■
1566 3872 541 28 wit»i»»«»»<»»»w,»»«w»»»ww»

1253 4049 139 48 Mfaw
1410 4046 152 50 hnfoi
1581 4053 105 47 cost,
1707 4047 184 50 Edward
1913 4048 201 52 Bsaa6tts
2134 4052 116 48 $tsck

1519 4271 142 47 worth
1680 4270 62 47 6d
1765 4280 72 47 por
1856 4270 121 57 yard.

1148 4407 1 4 ■
1222 4393 72 33 St.
1319 4393 79 31 H.
1435 4388 312 42 FiLRISiy,
1763 4388 198 33 -''East
2008 4389 259 38 Oxford.

599 188 271 46 GEORGE
903 188 236 46 KEATS.

624 265 160 25 BUILDER
793 266 71 24 AND
876 266 241 24 UNDERTAKER

703 320 107 31 EAST
851 320 183 31 OXFORD.

633 410 124 25 Funerals
765 409 152 29 Conducted,
930 409 89 26 Adults
1027 410 66 25 from
1103 410 38 24 £3

600 453 117 26 Children
735 454 66 24 from
820 453 69 33 22/6.

706 672 216 29 Established
947 670 88 29 1862.

651 736 125 28 FLOUR,
788 736 56 24 best
854 736 82 24 brand
947 734 60 31 only
1018 734 69 31 kept.

603 778 145 29 SHARPS,
783 777 209 28 OATMEAL,
1027 776 111 24 BRAN

693 820 154 28 CHICKEN
849 820 139 29 WHEAT,
1006 821 43 24 &o.

628 865 42 21 AT
697 864 124 21 LOWEST
849 863 143 21 CURRENT
1019 862 105 25 RATES,

693 968 55 44 F.
780 962 50 49 B.
853 964 191 56 LANE.

709 1041 91 39 (Late
815 1041 39 29 E.
874 1040 162 38 Butcher.)

606 1099 251 34 Watchmaker,
887 1097 185 34 Jeweller,
1088 1096 53 29 &c.

605 1149 123 31 Importer
762 1148 27 24 of
828 1146 108 26 Musical
971 1146 170 25 Instruments

704 1185 112 26 Victoria
837 1185 38 24 St.
906 1183 135 31 Rangiora.

607 1273 100 33 Special
717 1273 71 25 value
811 1272 28 25 m
861 1270 81 26 Extra
964 1271 88 30 strong
1063 1268 78 26 Cased

606 1319 87 31 highly
701 1316 109 26 finished
824 1315 109 31 English
950 1314 81 25 Lever
1040 1312 101 26 Watch-

606 1369 34 16 es.
687 1358 191 26 Manufactured
895 1359 27 23 to
944 1364 43 23 my
1015 1356 73 24 order
1108 1355 33 31 by

607 1400 54 25 best
672 1399 105 25 London
796 1397 107 25 makers.
938 1393 158 34 Unequalled
1103 1393 38 26 for

607 1443 122 26 excellent
742 1440 178 32 Timekeeping
935 1439 50 25 and
997 1437 144 33 durability.

639 1487 29 25 F.
687 1487 30 24 B.
730 1485 96 25 LANE
839 1482 141 33 personally
1001 1482 72 25 visits
1093 1481 48 25 Ox-

607 1531 54 24 ford
681 1528 125 32 monthly,
830 1527 114 32 carrying
963 1534 16 16 a
1001 1526 69 31 large
1092 1524 49 25 and

607 1574 84 24 choice
726 1572 69 25 stock
823 1571 28 25 of
882 1569 128 28 Watches,
1038 1568 103 28 Chains,

607 1616 133 26 Brooches,
750 1614 88 30 Rings,
849 1612 86 28 Studs,
952 1611 130 24 Pendants
1093 1612 48 26 etc,

609 1658 141 31 Spectacles
771 1655 124 34 (Pebbles,
912 1654 169 31 Pantoscopsc
1092 1651 49 26 and

608 1701 113 33 Crystal).
729 1699 96 29 Clocks,
845 1698 107 33 (Marble
972 1696 51 25 and
1041 1696 100 33 Wood,)

706 1742 157 25 Accordeons
875 1741 50 25 and
936 1740 106 25 Violins.

640 1787 81 24 Exact
733 1786 57 24 date
802 1785 28 24 of
839 1784 62 25 each
912 1783 60 26 visit
994 1783 22 24 is
1028 1781 106 26 notified

755 1828 28 25 m

606 1873 149 25 Repairs.—
757 1872 42 25 All
809 1871 94 32 repairs
921 1879 42 17 are
980 1870 120 24 executed
1108 1869 33 32 by

606 1917 92 31 myself
718 1924 29 17 or
762 1915 80 25 under
858 1922 43 23 my
921 1913 220 32 superintendence

606 1967 27 18 so
655 1960 57 25 that
730 1960 104 31 patrons
845 1965 48 17 can
914 1958 53 31 rely
989 1964 34 18 on
1045 1957 96 31 getting

606 2003 155 25 satisfaction
770 2003 27 24 at
808 2002 44 24 the
863 2009 59 24 very
933 2000 87 25 lowest
1028 2000 113 32 charges.

638 2046 105 31 Repairs
754 2053 29 17 or
791 2045 84 24 orders
884 2051 59 24 may
953 2044 31 24 be
992 2044 45 24 left
1076 2058 34 4 —

605 2094 27 25 J.
649 2093 135 29 Weeber's,
819 2091 65 26 East
907 2092 102 25 Oxford,

604 2138 26 24 at
653 2137 41 25 W.
717 2136 37 25 M.
778 2135 38 28 C,
840 2135 65 25 East
929 2134 102 26 Oxford.

606 2180 24 24 J.
647 2180 100 29 Brown,
760 2178 161 30 Bootmaker,
945 2177 71 26 West
1039 2176 102 27 Oxford.

605 2223 40 25 W.
659 2222 25 25 J.
697 2221 118 26 Crothers
825 2222 19 24 &
856 2220 45 26 Co.
909 2227 6 19 ;
938 2220 70 26 Cust.

639 2266 50 24 and
705 2265 52 26 will
762 2265 32 24 be
805 2264 126 32 promptly
943 2263 119 26 attended
1072 2265 36 24 to.

605 2309 57 30 All
673 2308 100 31 Work
784 2308 77 30 done
873 2318 40 20 on
926 2308 54 29 the
992 2308 149 29 Premises

729 2359 62 31 and
806 2358 200 41 guaranteed.

785 2477 313 45 STOCKS,

603 2538 344 33 MONUMENTAL
969 2538 172 37 MASON,

727 2591 133 29 Madras
883 2590 126 35 Street,

645 2641 455 34 CHRISTCHURCH.

856 2691 3 2 ■
874 2680 31 18 jy.
912 2692 7 3 -

606 2734 160 61 WISHES
783 2736 26 21 to
827 2735 88 22 inform
926 2741 101 23 persons
1046 2734 24 23 m
1079 2735 62 22 want

694 2768 26 24 of
734 2767 168 25 Monumental
913 2766 89 26 rWork
1030 2766 54 24 that
1112 2766 29 23 he

602 2803 96 23 intends
717 2803 26 21 to
766 2799 89 26 SELL
883 2793 62 37 Hls
980 2799 161 24 PRESENT

601 2834 118 26 LARGE
739 2832 120 30 STOCK,
876 2832 134 31 consisting
1027 2832 25 26 cif
1065 2831 76 25 Gran-

602 2869 33 22 ite
653 2866 102 30 Marble,
781 2866 48 23 and
856 2866 68 23 other
951 2865 76 26 Stone

602 2903 86 25 ments,
718 2902 27 21 at
773 2899 161 30 considerably
970 2897 171 24 REDUCED

601 2931 133 27 PRICES.
768 2931 57 25 Iron
844 2931 100 29 Fences,
964 2930 114 25 Concrete
1095 2930 46 24 and

604 2966 74 26 Stone
694 2965 127 31 Kerbings,
839 2964 101 24 reduced
951 2964 25 23 m
994 2972 12 22 \
1010 2964 55 23 rice.
1100 2963 41 24 In-

602 3000 127 30 scriptions
747 2998 48 24 and
813 2997 33 25 all
863 2997 67 23 work
947 2997 24 23 m
1001 2996 140 24 connection

602 3032 57 22 with
677 3031 41 22 the
735 3030 69 23 trade
816 3030 61 23 done
888 3029 26 22 m
925 3029 133 23 first-class
1072 3029 69 29 style.

602 3063 77 31 Early
695 3062 134 31 inspection
847 3062 101 23 invited.
985 3059 97 26 Several
1091 3067 50 17 new

602 3097 61 24 lines
679 3097 76 29 lately
784 3094 101 25 arrived.
921 3093 54 31 Any
987 3119 4 7 (
1003 3092 138 25 reasonable

602 3130 59 25 offer
677 3129 38 25 for
732 3129 41 23 the
790 3130 95 28 present
902 3126 69 25 stock
987 3119 52 32 Will
1065 3125 76 26 result

602 3164 24 23 m
643 3171 15 16 a
675 3163 60 24 sale.
771 3161 77 24 Want
870 3161 27 23 to
914 3160 92 24 realise.

605 3272 90 37 MR
698 3251 162 68 M.%
883 3251 258 60 CATkRO,

645 3341 183 23 BARRISTER
842 3340 69 22 AND
927 3338 174 25 SOLICITOR.

755 3370 233 43 KANGIORA^

601 3435 133 30 Attends
750 3433 124 31 Oxford
887 3443 40 19 on
939 3432 97 30 Court
1044 3431 96 40 Days.

602 3507 169 26 Instructions
778 3506 35 32 by
823 3507 57 31 post
887 3505 57 26 .will
954 3504 94 25 receive
1059 3511 82 24 prom-

705 3551 19 19 ■:•:
749 3566 2 4 ,
764 3545 33 30 .pt
825 3543 134 25 attention.
1022 3566 1 1 .
1058 3559 2 11 :
1097 3554 3 7 >
1117 3558 5 3 -

691 3600 2 5 •
720 3591 129 22 •MONEY'-
857 3591 60 20 -TO.'
928 3589 90 21 LEND.

595 3710 4 13 ■
635 3676 4 42 :
653 3701 52 56 S;
730 3679 409 73 BrSMMOUR,^

636 3757 41 36 ,'"
690 3782 11 16 >;
709 3759 24 31 \'
739 3754 14 11 a
783 3755 12 39 ','
799 3758 148 36 'dentist,'
964 3757 7 11 r
981 3762 4 5 '
990 3756 4 12 ;
1016 3763 2 3 '

635 3810 51 23 .215
701 3808 105 22 Colombo
821 3809 82 23 Street,
927 3805 170 23 Christchurch.

774 3878 180 24 CHARGES:—

631 3935 3 9 i
666 3923 100 26 .Filling,
781 3922 24 22 sf=
813 3930 7 16 ;
852 3920 138 22 .Extraction
999 3920 26 20 2s
1039 3918 36 21 6d.

630 3987 95 20 Nitrous
735 3984 60 21 Oxid
804 3984 46 21 Gas
860 3982 169 22 Administered
1034 3981 36 20 for
1077 3980 64 21 Pain-

603 4029 46 21 less
659 4019 135 29 Extraction
803 4026 25 20 of
836 4024 81 21 Teetli.
950 4024 47 20 Fee
1006 4022 36 21 for
1051 4020 90 21 Admin-

603 4066 110 22 istration
724 4062 34 23 ss.'
780 4085 5 5 ,
813 4065 7 6 J

705 4102 3 16 i
724 4107 2 3 •
769 4103 4 9 ■'
780 4106 2 5 *
790 4103 2 3 '
816 4103 9 5 '•
889 4101 2 10 !
923 4103 27 10 ''■''
974 4100 3 6 '
999 4100 2 4 '
1014 4103 2 3 '
1032 4108 2 3 ■
1041 4105 3 4 '
1071 4106 1 1 '
1089 4102 8 9 '■

607 4172 300 42 DAMAGED
921 4168 220 41 CALICO

693 4243 2 12 :
695 4228 65 27 -to
760 4238 3 13 •
774 4218 42 48 J>e
830 4222 68 31 sold
912 4220 107 41 cHeap.

668 4271 214 47 HOLLAND
917 4269 155 43 FINISH

786 4316 156 44 CALICO

962 4401 19 4 ...
1008 4374 2 3 '
1067 4373 2 4 '
1114 4386 2 2 •

666 4413 3 2 '
720 4401 332 53 RH.PARISMS^

40 2002 62 43 E.
141 1991 435 54 W.ENGLAND,

38 2066 141 39 Timber
195 2062 70 41 and
287 2061 76 40 Coal
391 2057 186 41 Merchant

40 2147 161 67 LARGE
222 2144 107 27 STOCK
347 2143 43 24 OF
403 2139 173 27 BUILDING

216 2175 209 28 MATERIALS.
451 2194 42 12 ..
538 2171 33 11 '"'

110 2224 34 24 Of
165 2230 72 23 every
268 2219 158 31 description,
459 2215 118 26 seasoned

143 2260 74 31 ready
224 2260 38 24 for
268 2266 53 20 use,
330 2256 91 32 always
428 2263 31 16 on
465 2253 78 26 hand.

75 2304 68 27 Also,
175 2300 153 27 Galvanised
358 2299 68 29 Iron,
456 2296 120 25 Portland

41 2344 105 25 Cement
155 2341 49 25 and
215 2340 124 25 Builders'
353 2338 190 30 Ironmongery.

75 2395 111 30 Country
202 2392 90 25 Orders
316 2389 126 31 Carefully
464 2386 111 28 Selected

207 2432 49 24 and
265 2430 143 25 forwarded.

37 2470 99 25 TUAM
146 2468 143 28 STREET,
303 2463 272 28 CHRISTCHURCH

67 2568 219 45 PUBLIC
334 2563 239 46 NOTICE.

68 2640 174 35 Telegraphic
255 2639 131 33 Messages
406 2645 50 18 can
468 2644 61 18 now
540 2635 34 27 be

37 2680 60 23 sent
120 2677 53 25 and
193 2674 119 28 receired
333 2677 28 23 at
386 2673 65 26 East
472 2670 102 28 Oxford

36 2712 115 30 Station,
168 2710 53 26 and
240 2709 91 27 Postal
350 2709 87 25 Notes
457 2707 65 28 may'
540 2706 34 25 be

36 2746 154 36 purchased.
321 2758 6 2 -
369 2767 2 6 ,

92 2872 108 25 CHILD
212 2871 108 25 BIRTH
334 2869 96 29 SAFE,
443 2868 74 25 AND

144 2914 138 26 ALMOST
291 2911 171 27 PAINLESS

36 2959 91 65 BY
152 2985 3 3 .
174 2958 74 31 using
283 2957 49 25 DR
377 2953 197 27 FAWCETT'S

138 2991 131 24 Medicine.

69 3034 71 23 MRS
164 3032 165 25 BURRELL
352 3030 59 31 begs
433 3032 28 21 to
483 3029 90 23 inform

36 3072 44 23 the
91 3071 99 25 Ladies.
194 3070 57 25 that
260 3070 44 24 she
313 3069 46 24 has
369 3068 62 25 been
440 3066 131 32 appointed

36 3111 56 25 Sole
113 3111 74 31 agent
209 3110 27 24 m
260 3107 178 26 Christchurch
465 3106 37 25 for
529 3105 52 28 the,

36 3149 77 24 above
124 3148 125 24 Medicine
260 3149 27 22 to
301 3146 118 25 facilitate
433 3143 139 27 Accouche-

36 3190 86 24 raents.
157 3188 90 25 Ladies
259 3195 47 16 can
328 3186 31 24 be
380 3185 114 32 supplied
512 3184 61 24 with

36 3229 40 22 the
99 3228 75 23 above
196 3226 32 31 by
254 3225 105 30 sending
381 3232 29 16 or
432 3224 92 29 calling
546 3224 28 23 at

36 3265 40 23 Mr
98 3265 121 23 Burrell's
242 3264 181 30 Photographic
446 3262 71 31 place
548 3262 28 24 of

36 3303 123 25 business,
172 3302 105 25 Goitld's
299 3302 140 31 Buildings^
461 3301 113 25 Victoria

38 3341 89 29 Street,
141 3340 181 30 Christchurch,
341 3340 82 24 where
442 3340 34 24 all
495 3339 78 24 infor-

37 3380 97 24 mation
162 3388 45 15 can
235 3380 31 23 be
293 3379 117 25 obtained
437 3379 57 27 free,
510 3402 3 6 ,
524 3378 50 25 and

37 3417 116 31 perfectly
197 3417 155 29 satisfactory
384 3416 49 25 and
467 3416 106 31 genuine

38 3454 166 25 testimonials
216 3461 47 17 can
273 3453 31 25 be
315 3461 66 16 seen.

39 3618 79 44 W.
139 3617 442 61 JOHNSON&Co;

151 3685 55 28 (late
216 3685 87 22 Hamill
313 3685 18 21 &
340 3685 111 29 Johnson)
485 3709 5 3 _

49 3735 4 5 •
94 3728 82 21 LAND
191 3728 63 21 AND
265 3728 121 30 ESTATE^
393 3728 127 26 AGENTS,

185 3769 26 21 71
221 3768 127 21 Cathedral^
353 3768 92 26 Square,
463 3791 3 6 t
557 3766 4 5 '
578 3780 3 6 .

83 3806 450 31 CHRISTCHURGH,

59 3873 57 26 .The
125 3873 103 20 Farmers
235 3872 23 21 of
265 3872 92 26 Oxford,
369 3867 56 26 Cust
433 3872 47 21 and
489 3878 87 15 surrou-

40 3911 73 26 nding
122 3911 108 21 Districts
237 3911 49 21 who
296 3910 56 21 wish
360 3911 25 20 to
391 3910 88 26 dispose
488 3910 24 20 of
515 3910 61 21 their

40 3949 71 19 farms
125 3948 47 20 will
181 3947 48 21 find
244 3948 21 20 it
281 3949 25 19 to
326 3947 61 20 their
405 3947 129 26 advantage
552 3949 24 19 to

40 3986 64 25 place
113 3985 61 20 them
185 3985 24 20 m
218 3991 41 14 our
272 3984 81 20 hands.
390 3984 43 20 We
451 3984 66 20 make
535 3984 41 21 the

42 4022 50 20 Sale
107 4022 23 20 of
148 4022 65 20 Land
230 4021 40 21 the
289 4021 94 26 leading
397 4020 93 26 branch.
498 4020 24 21 of
535 4027 46 18 our,

41 4058 109 21 Business
160 4059 46 20 and
215 4065 32 14 we
256 4064 66 21 spare
329 4058 90 21 neither
425 4059 55 20 time
487 4058 89 21 trouble

40 4103 42 14 nor
92 4102 96 21 expence
197 4097 25 20 m
227 4096 219 29 bringingpropefty
452 4096 77 22 before
536 4097 40 21 the

41 4135 74 19 notice
129 4133 24 21 of
161 4133 40 21 the
214 4133 86 27 public.
359 4129 10 21 •'
384 4131 65 28 '''.'
472 4130 21 7 ''

135 4167 58 24 FOR
207 4170 75 21 SALE
296 4170 40 20 AT
350 4170 131 21 OXFORD'

67 4213 20 21 A
96 4213 69 21 Farm
174 4212 23 21 of
206 4213 28 20 40
244 4206 125 32 ac^esgood
376 4211 57 21 land
440 4212 53 20 well
496 4210 85 23 fenced'

40 4252 47 20 and
96 4249 146 22 subdivided,.
246 4249 52 20 Two
308 4248 108 26 dwelling
425 4253 3 5 '
434 4248 83 21 houses
531 4248 46 20 and

40 4287 172 27 outbuildings,
246 4286 65 21 Price
325 4285 124 30 only^85()0
463 4291 46 21 any
517 4291 59 15 reas-

40 4327 81 21 onable
129 4327 71 20 terms
210 4317 76 34 given!
298 4332 7 3 ~
312 4327 3 6 '
335 4323 29 12 s•
365 4334 3 2 -
381 4320 7 16 1
426 4316 11 17 ?
484 4330 8 9 '
520 4322 7 10 '

69 4375 48 20 Our
125 4374 51 20 List
191 4373 24 21 of
225 4373 79 20 Farms
313 4370 37 22 for
359 4370 52 22 Sale
426 4372 53 20 sent
486 4370 49 21 free
548 4376 30 15 on

39 4412 148 28 application..
274 4419 15 14 .;
310 4413 26 23 ■./.
370 4410 37 28 j|f
442 4429 2 4 ■
