3398 6196
88 3640 156 88 The
296 3640 260 88 Lyell
608 3640 311 88 Times.

215 3798 249 43 SATURDAY,
492 3804 138 35 APRIL
660 3808 29 37 4,
722 3809 90 34 1885.

137 3908 39 34 It
199 3909 27 34 is
249 3910 177 47 gratifying
449 3919 32 30 to
497 3914 96 37 know
610 3917 71 36 that
706 3921 54 33 the
785 3922 109 36 affairs

134 3966 38 35 ©f
191 3966 55 34 the
269 3968 204 36 Association
497 3973 101 44 lately
620 3977 123 33 formed
767 3980 48 32 for
838 3981 56 32 the

137 4035 139 33 purpose
292 4026 35 33 of
334 4029 205 44 prospeeting
553 4031 144 36 Manuka
711 4034 85 40 Flat,
811 4036 82 36 have

134 4081 141 37 reached
299 4084 138 36 another
461 4092 99 41 stage,
578 4090 64 35 and
664 4092 82 34 from
775 4094 119 44 which,

137 4140 26 32 it
179 4151 77 31 may
272 4141 38 32 he
324 4145 163 38 assumed,
501 4145 73 34 that
587 4154 135 28 matters
736 4151 64 33 will
814 4166 78 20 soon

138 4196 39 35 be
192 4198 112 43 placed
320 4200 33 32 in
373 4201 147 44 working
538 4203 109 45 shape.
693 4208 58 34 We
774 4210 97 35 under-

136 4253 110 43 stand,
270 4254 72 35 that
363 4255 54 35 the
442 4258 92 46 reply
557 4262 147 35 received
727 4264 83 35 from
838 4268 54 34 the

140 4311 107 33 Mines
271 4313 228 42 Department,
524 4318 132 35 relative
679 4325 32 28 to
729 4322 52 34 the
807 4325 85 40 light

139 4372 34 29 to
193 4358 151 54 prospelt
367 4380 75 25 over
465 4372 55 33 the
543 4373 105 36 whole
673 4379 37 32 of
729 4379 54 36 the
807 4380 84 43 Flat,

141 4423 65 34 and
229 4426 164 45 generally
417 4428 98 36 assiit
537 4430 56 35 the
616 4439 135 30 venture
774 4438 32 33 in
839 4440 54 34 the

140 4482 95 32 usual
272 4495 72 30 way
383 4485 39 41 by
459 4498 18 21 a
520 4491 117 39 special
673 4493 96 33 claim
807 4503 32 25 at
877 4510 17 20 a

137 4537 144 35 jeduced
288 4540 115 40 rental,
413 4541 27 34 if
448 4542 135 44 needed,
592 4546 27 34 is
631 4558 77 35 very
718 4549 173 46 favorable;

143 4596 63 31 and
236 4607 18 20 a
276 4595 116 36 formal
417 4600 198 42 application
639 4603 32 33 in
701 4612 189 31 connection

141 4651 78 35 with
245 4653 54 33 the
323 4662 119 26 matter
457 4657 60 33 has
533 4658 80 36 been
633 4663 97 34 made
753 4666 139 44 through

138 4708 59 34 the
221 4709 170 35 Warden's
415 4712 98 35 Court
536 4715 85 36 here.
667 4720 68 35 The
768 4723 123 37 Under-

144 4766 168 45 Secretary
329 4777 31 24 to
377 4769 53 34 the
449 4770 226 47 Department,
699 4779 68 34 also
787 4784 105 33 writes

142 4825 34 31 in
200 4826 99 40 reply,
324 4827 76 33 with
428 4831 159 35 reference
611 4840 33 27 to
673 4836 56 33 the
760 4835 148 48 subsidy'

139 4880 132 43 applied
294 4881 49 34 for
360 4881 82 36 from
468 4884 54 36 the
548 4887 233 41 Government.
826 4897 67 35 The

143 4944 69 25 rate
236 4938 64 34 will
323 4939 47 33 be,
397 4942 42 33 £1
464 4944 49 31 for
536 4956 97 33 every
657 4950 43 32 £1
733 4953 54 31 10s
818 4966 55 22 con-

141 4993 143 36 tributed
312 4996 41 43 by
381 4998 53 34 the
462 5000 215 43 Association,
704 5008 65 34 and
800 5011 93 35 whil*

143 5050 73 35 that
238 5052 72 34 fall*
333 5054 132 46 slightly
492 5058 90 36 short
603 5061 35 34 of
661 5062 54 36 the
737 5077 72 24 sum
838 5081 34 23 ex-

144 5108 124 45 pected,
299 5112 74 37 still,
409 5115 23 32 it
463 5115 65 36 will
558 5117 38 36 be
633 5120 168 45 admitted,
840 5127 54 35 the

143 5168 149 35 material
310 5168 73 46 help
399 5172 107 35 which
524 5175 24 33 it
561 5186 128 31 means,
706 5181 114 36 should
842 5193 50 26 act

141 5235 38 20 as
203 5225 136 33 another
362 5228 160 36 incentive
545 5239 32 27 to
601 5245 18 21 a
644 5238 120 44 speedy
784 5251 89 33 prose-

142 5280 111 35 cution
278 5284 34 31 of
332 5283 52 34 the
408 5286 88 34 work
520 5293 250 44 contemplated.
823 5299 68 33 The

142 5337 218 44 undertaking
383 5341 25 33 is
432 5347 31 29 to
488 5344 36 35 be
548 5351 33 30 at
610 5360 80 24 once
717 5355 174 41 registered

139 5395 106 34 under
261 5395 54 35 the
333 5397 126 44 Mining
473 5401 191 48 Companies
677 5409 72 41 Act,
760 5413 64 33 and
837 5414 54 36 the

142 5451 91 34 Deed
253 5453 39 33 of
310 5454 200 40 Association
533 5461 27 33 is
576 5474 76 23 now
673 5466 35 33 in
727 5479 110 25 course
861 5472 35 34 of

142 5508 164 40 signature
330 5511 77 33 with
439 5515 71 34 that
536 5517 112 45 object.
694 5522 54 36 AH
779 5527 35 31 ef
836 5508 70 54 the'

144 5566 111 33 shares
273 5569 134 38 (32,000)
433 5572 81 34 have
530 5575 80 34 been
632 5581 126 40 applied
775 5584 58 37 for,
858 5569 48 49 so'

138 5619 94 35 there
254 5621 27 34 is
304 5633 40 24 no
369 5625 78 34 need
471 5639 35 22 or
529 5631 147 36 occasion
694 5634 49 35 for
767 5640 122 35 trouble

141 5679 64 32 and
232 5680 94 43 delay
351 5683 33 32 in
410 5687 124 42 getting
559 5690 204 36 subscribers.
799 5678 7 11 '
823 5699 66 33 The

133 5734 233 47 undertaking,
390 5750 40 22 on
455 5742 55 33 the
533 5744 68 34 face
625 5747 35 33 of
671 5748 35 40 it,
727 5760 160 38 posaeipes
918 5734 1 64 \

135 5793 133 44 •enough
292 5798 96 32 merit
410 5807 32 24 to
459 5801 94 34 enlist
574 5803 54 34 the
646 5816 132 35 support
793 5811 36 33 of
840 5831 5 14 ?
848 5813 43 36 aU
918 5793 1 58 ■

135 5850 77 35 who
236 5851 82 34 have
342 5864 65 33 any
429 5855 79 36 faith
528 5865 32 28 at
576 5860 43 34 all
641 5861 34 35 in
692 5864 51 34 its'
768 5866 119 46 objects
918 5850 1 62 :

136 5907 99 42 being
250 5909 155 41 attained,
423 5923 44 30 or,
483 5915 127 42 indeed,
626 5919 34 33 in
679 5920 53 36 the
744 5923 154 48 stability,
918 5907 1 64 ;

136 5964 40 34 of
192 5966 53 33 the
263 5965 125 38 district
402 5969 35 34 in
452 5969 54 36 the
522 5971 118 38 future.
898 5968 8 43 j
918 5964 1 47 ]

1040 216 160 45 THE
1300 215 301 46 MINES.

1014 327 107 42 (From
1154 338 65 24 our
1254 328 132 34 Mining
1414 328 193 34 Reporter,
1617 338 5 25 i

1367 423 138 37 Friday,
1522 423 91 42 April
1629 424 28 33 3.

988 479 133 32 United
1132 479 287 33 Alpine.—About
1429 479 53 34 the
1492 481 75 41 only
1576 480 121 33 feature

928 535 3 43 j
946 542 31 26 to
1001 543 74 26 note
1100 538 84 31 since
1203 536 63 33 List
1283 535 83 40 visit,
1385 536 26 33 is
1433 536 53 33 the
1510 535 77 35 final
1611 548 63 23 com-

930 593 2 42 •
946 593 120 42 pletion
1085 595 35 31 of
1133 595 53 31 the
1204 606 59 20 rise
1282 595 82 30 from
1383 595 59 31 No.
1461 597 29 35 6,
1508 595 105 32 which
1630 607 64 21 was

946 647 95 35 taken
1059 660 75 22 over
1159 649 39 44 by
1216 649 52 34 the
1286 661 160 33 company
1463 660 42 22 on
1526 649 170 45 Thursday

946 707 72 31 last.
1066 707 143 39 Starting
1225 709 82 30 from
1326 708 53 32 the
1398 707 80 32 floor
1493 709 33 30 of
1540 709 58 31 No.
1619 710 29 35 G,
1666 715 32 26 to

946 770 31 27 to
1001 764 54 33 the
1079 776 57 32 cap
1160 765 26 32 is
1210 776 16 23 a
1251 764 113 44 height
1393 764 35 33 of
1453 766 19 32 8
1501 764 86 40 feet;
1616 765 83 34 from

945 820 102 39 there,
1071 821 48 32 for
1143 833 17 20 a
1184 821 143 32 distance
1345 832 34 21 or
1395 823 40 30 58
1450 821 64 32 feet
1536 821 160 42 upwards,

946 875 71 35 that
1039 877 128 43 portion
1191 878 35 34 of
1246 879 54 33 the
1324 878 60 34 rise
1404 889 66 23 was
1493 877 203 35 conttrueted

927 933 2 43 ;
945 933 41 43 by
1012 933 54 33 the
1097 945 162 31 company
1274 945 6 28 ;
1306 935 77 33 then
1410 935 54 33 the
1490 941 206 30 contractors,

928 989 170 33 lAccolino
1123 992 63 30 and
1213 1000 104 33 party,
1337 991 74 34 took
1432 992 55 32 the
1512 992 97 33 work,
1634 992 62 32 and

927 1044 2 46 ,
945 1044 123 35 <--irried
1100 1047 22 31 it
1148 1058 41 32 up
1218 1055 31 25 to
1282 1048 56 34 Xo.
1370 1048 157 38 s,—their
1554 1049 144 33 distance*

927 1100 2 45 1
945 1102 94 37 Win;,'
1069 1105 57 30 tlo
1162 1105 70 33 feet,
1265 1105 62 33 and
1360 1105 75 33 thus
1473 1105 134 40 making
1645 1107 52 33 the

927 1160 2 42 ;
947 1160 108 42 length
1073 1162 35 30 of
1121 1161 53 33 the
1193 1163 70 39 rise,
1282 1174 75 22 over
1374 1163 19 38 a
1393 1163 135 38 11,—291
1548 1164 73 33 feet.
1668 1164 31 33 It

944 1217 66 33 will
1048 1217 36 32 be
1117 1230 17 20 a
1166 1219 116 43 lasting
1314 1220 87 43 pi«ce
1433 1220 38 34 of
1499 1221 98 38 work,
1636 1223 63 32 and

927 1276 2 45 :
944 1276 162 31 furnishes-
1150 1277 54 32 the
1251 1279 85 31 main
1381 1279 152 32 essential
1576 1279 122 42 facility

927 1331 2 44 '
945 1342 168 32 necessary
1131 1331 47 34 for
1198 1332 53 33 the
1269 1333 146 42 working
1432 1335 34 32 of
1480 1335 54 32 the
1553 1338 87 30 mine
1657 1347 37 21 on

945 1389 76 31 Mich
1040 1403 17 19 a
1075 1390 94 34 scale,
1196 1403 33 20 as
1254 1392 53 33 the
1326 1393 63 32 size
1413 1393 36 32 of
1463 1393 52 33 the
1533 1394 76 40 reef,
1635 1395 59 32 and

927 1446 1 47 ,
945 1446 53 33 the
1015 1453 109 26 extent
1140 1449 33 31 of
1188 1447 52 34 the
1259 1448 152 40 crushin;;
1428 1450 101 43 plant,
1546 1450 150 34 demand.

926 1502 3 49 I
945 1502 108 33 Above
1080 1503 59 33 No.
1164 1505 29 37 4,
1212 1505 53 32 the
1285 1505 103 34 hands
1404 1519 53 20 are
1480 1507 141 44 pushing
1646 1508 52 34 the

945 1560 59 32 rise
1023 1571 41 31 up
1080 1561 33 32 in
1131 1562 80 32 solid
1228 1564 136 39 ground,
1382 1564 64 33 and
1467 1564 97 34 about
1581 1567 39 31 70
1638 1566 59 33 feet

944 1616 117 34 should
1078 1630 51 20 se<*
1148 1618 87 33 them
1254 1632 39 21 on
1314 1621 52 33 the
1392 1622 135 33 surface.
1576 1623 119 33 Inside.

945 1672 39 33 ail
1004 1674 54 31 the
1082 1686 108 31 passes
1208 1687 41 21 an
1264 1677 5 30 i
1290 1681 111 29 shoots
1425 1690 52 21 are
1496 1679 112 40 lodged
1634 1681 60 30 and

947 1730 118 36 ■•arried
1091 1743 40 21 nn
1152 1732 52 34 the
1226 1733 57 34 fill
1308 1734 122 43 height.
1477 1737 67 33 The
1571 1737 128 34 various

925 1789 3 38 I
944 1789 150 32 ./Ut-door
1109 1790 102 32 works
1235 1802 42 21 ire
1292 1792 70 32 well
1377 1794 149 33 forward.
1538 1795 62 31 and
1613 1806 79 21 mosi

944 1854 30 28 ot
992 1848 88 35 them
1094 1849 117 35 almost
1226 1851 194 44 computed.
1467 1852 78 36 New
1559 1853 139 46 sleepers

923 1906 4 54 j
943 1906 64 36 and
1032 1918 69 21 iron
1126 1908 74 32 rails
1225 1908 62 34 laid
1319 1908 95 35 down
1438 1911 97 41 along
1558 1912 53 32 the
1641 1912 55 32 fl/U

925 1966 2 47 |
945 1975 168 33 tramway,
1131 1966 64 33 and
1213 1967 53 33 the
1283 1969 114 32 tunnel
1414 1976 33 26 at
1461 1970 53 32 the
1527 1970 96 33 lower
1636 1973 60 32 end

925 2022 2 47 I
946 2022 318 43 beingivtimbered.
1309 2025 27 31 A
1350 2025 59 32 few
1423 2025 105 44 heavy
1545 2027 151 37 stringers

925 2080 2 46 1
945 2080 101 34 uu.ler
1068 2081 127 43 portion
1223 2082 35 32 of
1280 2081 54 34 the
1359 2083 98 33 lower
1479 2084 130 42 incline,
1634 2086 63 34 will

925 2137 2 48 j
945 2137 157 44 ujaipleto
1127 2137 53 33 the
1206 2138 87 32 work
1317 2140 35 31 of
1371 2140 134 44 making
1527 2141 27 33 it
1585 2142 36 33 fit
1650 2144 48 31 for

943 2206 91 31 years
1051 2202 31 27 to
1098 2206 104 23 come.
1248 2197 171 34 Excellent
1430 2198 158 46 headway
1601 2200 95 43 being

945 2251 93 35 made
1062 2251 96 35 down
1181 2260 33 26 at
1230 2253 54 33 the
1301 2253 138 45 battery,
1463 2257 64 33 and
1543 2258 56 34 the
1622 2271 54 22 con-

943 2315 120 29 tractor
1083 2311 50 33 for
1155 2312 143 44 erecting
1320 2312 55 33 the
1399 2324 71 23 new
1493 2316 152 34 machine
1668 2318 26 33 is

943 2368 135 41 making
1102 2380 20 20 a
1148 2369 83 38 good
1261 2370 91 31 show
1366 2380 7 21 :
1397 2371 55 32 the
1480 2373 101 33 wheel
1608 2375 27 31 is
1661 2376 33 32 in

943 2423 150 45 position,
1116 2423 65 34 and
1203 2424 55 34 the
1282 2425 143 42 column,
1450 2427 107 35 which
1585 2427 110 37 Rttt&iJi

943 2481 99 32 about
1061 2483 42 30 40
1124 2483 64 31 feet
1211 2484 143 37 vertical,
1380 2485 63 32 will
1469 2485 36 33 be
1523 2490 48 29 set
1587 2498 41 31 up
1653 2488 40 41 by

922 2537 1 51 |
943 2537 54 35 the
1014 2540 61 32 end
1093 2538 34 34 of
1146 2537 65 36 this
1228 2539 99 34 week.
1373 2542 27 32 A
1417 2540 57 36 fall
1499 2542 191 46 description

922 2591 5 48 j
943 2595 36 33 of
990 2594 54 34 the
1067 2596 91 44 plant
1176 2596 65 32 will
1258 2596 36 33 be
1313 2598 95 38 given
1425 2610 42 21 on
1483 2601 208 43 completion.

922 2651 4 55 j
943 2653 68 35 The
1034 2654 78 41 high
1144 2655 188 41 scaffolding
1355 2657 154 44 formerly
1543 2659 75 34 ns*d
1648 2662 46 31 for

921 2707 4 52 [
942 2711 129 43 leading
1087 2713 54 32 the
1155 2713 140 41 flaming
1309 2726 41 20 on
1369 2721 31 26 to
1414 2716 54 32 the
1480 2719 212 39 oTer-»hoi,i*

921 2767 2 41 I
943 2767 66 34 also
1025 2768 137 34 entirely
1178 2769 82 34 done
1277 2782 92 23 awav
1386 2772 90 35 with,
1490 2773 65 33 and
1567 2774 122 34 instead

920 2827 5 40 I
941 2824 37 33 of
989 2824 81 39 that,
1087 2826 54 33 the
1160 2827 94 35 boxes
1273 2827 64 33 will
1355 2827 37 35 be
1408 2829 64 33 laid
1496 2831 31 33 in
1548 2831 54 33 tlie
1625 2833 65 32 side

920 2871 5 57 |
941 2881 34 34 of
989 2881 53 35 the
1059 2892 93 34 spur:
1177 2884 98 34 mneh
1296 2886 82 34 safer
1393 2886 64 33 and
1475 2888 62 32 l&x*
1553 2888 94 33 liable
1661 2896 29 26 to
1700 2871 1 68 j

919 2932 6 52 |
941 2938 166 43 breakage.
1154 2942 38 31 In
1218 2942 52 32 the
1302 2954 101 33 upper
1430 2946 129 40 portion
1583 2947 35 32 of
1637 2947 52 32 the
1700 2932 1 55 I

922 2997 2 55 '
940 2997 94 40 lease,
1049 2997 56 36 the
1115 2998 162 43 tributers,
1293 3000 104 35 liurut
1411 3002 63 35 .inJ
1488 3015 18 32 p
1520 3010 60 38 <riy
1584 3031 11 11 %
1609 3000 79 52 hav|

922 3055 2 44 I
940 3055 86 32 their
1048 3057 113 31 tunnei
1185 3058 32 31 in
1251 3061 59 29 110
1331 3060 63 30 feet
1423 3072 43 19 on
1491 3062 55 30 the
1571 3062 122 37 leaded

938 3109 106 35 which
1061 3110 59 34 has
1138 3112 78 34 been
1235 3125 76 31 very
1325 3115 128 40 regular
1463 3116 64 33 and
1540 3104 161 52 averages'

917 3166 2 53 i
939 3166 145 35 between
1108 3172 19 30 3
1152 3170 64 33 and
1247 3174 18 29 4
1292 3174 121 40 itiehcs,
1446 3175 77 33 with
1555 3175 135 44 payable

937 3224 77 40 gold
1037 3226 45 33 all
1112 3227 54 33 the
1193 3240 81 31 way.
1327 3231 75 31 Two
1429 3233 78 31 rises
1534 3243 54 23 an*
1617 3245 71 21 now
1700 3224 1 52 |

918 3281 3 51 |
937 3281 95 45 being
1046 3288 59 38 put
1121 3295 53 32 up,
1187 3297 36 31 pr
1245 3297 75 33 para
1324 3292 71 38 lory
1407 3294 31 27 to
1454 3288 150 40 blocking
1609 3298 77 24 -out.

936 3337 90 45 They
1043 3339 81 33 have
1139 3342 126 32 erected
1281 3354 18 21 n
1312 3342 196 37 substantial
1521 3348 92 31 shoot
1625 3348 61 31 and

936 3396 146 43 paddock
1105 3398 93 34 down
1225 3407 33 28 at
1280 3400 60 36 No.
1358 3405 18 30 4
1400 3401 93 40 level,
1518 3404 64 34 and
1605 3405 81 35 luve

934 3455 151 40 upwards
1101 3456 36 31 of
1149 3458 39 30 20
1205 3463 72 26 tons
1294 3459 34 31 of
1340 3468 114 33 quartz
1474 3468 32 24 l&
1520 3473 101 27 grass.

977 3511 133 33 United
1138 3513 323 37 Italy.—Tnbtiters
1493 3518 65 33 still
1587 3518 100 42 rising

931 3579 54 27 on,
1002 3569 64 33 and
1082 3569 223 43 blocking-out
1328 3572 117 40 leader,
1464 3574 98 42 goinjr
1578 3577 106 33 south.

930 3626 43 34 At
991 3627 53 33 the
1061 3629 94 32 south
1173 3629 74 39 end,
1265 3630 106 33 where
1388 3631 55 33 the
1460 3637 91 29 stoue
1563 3632 84 46 dips,
1660 3634 21 34 it

932 3682 58 33 has
1006 3683 132 35 become
1154 3684 135 42 thicker,
1301 3687 64 32 and
1377 3699 118 23 carries
1507 3690 79 38 food
1597 3691 84 41 gold.

931 3741 27 31 A
988 3742 47 32 lot
1063 3743 38 31 of
1126 3748 101 27 water
1249 3744 108 39 about,
1387 3746 62 31 and
1474 3748 54 31 the
1559 3750 122 41 ground

932 3803 105 37 pretty
1053 3797 79 33 hard
1151 3798 32 33 in
1203 3800 114 42 place*.

971 3853 69 34 Tyr
1070 3857 205 31 Connell.—
1283 3857 116 33 Hands
1433 3859 138 41 ranking
1602 3861 79 40 good

931 3922 145 31 progress
1088 3911 241 44 blocking-out;
1345 3915 54 34 the
1416 3925 63 25 two
1492 3916 69 35 first
1574 3927 96 37 stopc.

929 3980 71 21 now
1010 3969 99 32 bein*
1118 3981 77 22 near
1207 3972 54 32 the
1273 3973 63 32 end
1349 3974 36 32 of
1395 3974 52 33 the
1463 3976 89 33 level.
1581 3978 98 33 Stone
1697 3969 2 42 ''

928 4025 135 40 regular,
1081 4025 65 34 and
1162 4027 31 34 of
1211 4029 91 33 usuil
1318 4031 81 39 good
1416 4032 139 45 quality.
1697 4025 1 52 !

970 4082 133 34 United
1135 4085 158 34 Victory.
1355 4088 165 36 Tributera
1552 4094 129 43 putting

929 4141 138 40 through
1085 4144 185 34 remainder
1279 4148 38 31 of
1323 4153 91 28 stone
1428 4156 33 29 to
1474 4163 100 29 fraes,
1594 4153 85 42 prior

929 4203 30 27 to
976 4196 217 48 cleaning-up.

969 4254 417 40 Crossus.—Accolinoand
1398 4270 91 36 party
1501 4268 82 31 start
1591 4267 86 32 work

927 4318 75 26 next
1017 4312 89 34 week
1125 4315 153 43 (tribute).

967 4367 113 35 Llbll
1103 4369 115 40 Creki
1240 4373 252 39 ExTD.—Work
1515 4384 31 29 to
1569 4379 38 37 be
1632 4394 28 21 re-

924 4428 225 33 commenced.
1195 4430 141 34 Tenders
1349 4433 48 34 for
1410 4437 175 41 extending
1596 4439 83 34 level

926 4485 61 32 250
1002 4485 63 32 leet
1080 4497 99 27 more,
1198 4489 84 33 close
1300 4502 41 22 on
1360 4494 74 31 11th
1451 4495 75 33 inst.

1015 4614 152 48 LATE
1213 4617 375 59 TELEGRAMS.

1030 4748 163 37 IiUSSIA
1214 4753 93 35 AND
1336 4755 224 41 KNGLAND.

1002 4865 27 29 A
1054 4866 328 37 SATISFACTORY
1405 4874 201 37 ANSWER.
1692 4859 2 52 !

927 4976 99 34 WAR
1053 4977 348 42 PROBABILITIES
1430 4987 246 43 LESSENED,

1334 5059 148 42 London,
1503 5066 89 42 April
1612 5070 25 31 1.
1692 5058 2 50 j

967 5108 68 33 The
1054 5109 68 34 Rill
1141 5111 77 34 Mall
1242 5115 146 35 Gazette,
1407 5119 66 34 this
1497 5123 197 43 afternoon/

926 5172 98 26 states
1049 5167 70 33 that
1148 5170 54 32 the
1228 5171 137 36 Russian
1396 5176 227 41 Government
1646 5187 30 32 in
1691 5167 3 58 |

925 5225 91 41 reply
1033 5230 32 27 to
1084 5226 77 33 Earl
1182 5228 195 37 Granville's
1401 5241 274 35 eommmiication
1692 5214 2 72 |

925 5279 39 34 of
983 5281 54 34 the
1062 5283 73 32 10th
1162 5284 125 41 March,
1315 5287 54 35 has
1390 5291 151 41 signified
1565 5298 40 33 its
1629 5278 65 65 ac-1

926 5346 152 35 ceptance
1104 5341 34 31 of
1157 5343 54 32 the
1235 5355 80 22 zone
1342 5346 64 35 laid
1434 5350 93 35 down
1559 5355 41 42 I>y
1625 5359 52 31 the

925 5393 123 35 Britisk
1066 5397 135 33 Cabinet
1219 5400 114 35 within
1351 5404 105 35 which
1481 5408 53 35 the
1552 5412 124 45 Afghan

924 5451 135 34 frontier
1073 5454 65 34 line
1156 5456 115 35 should
1292 5460 33 32 be
1342 5461 95 35 fixed,

1069 5567 186 39 FRENCH
1279 5573 246 43 REVERSES.

1254 5649 102 39 Hong
1374 5655 105 39 Kong,
1498 5661 88 46 April
1606 5666 27 35 1.

965 5702 112 34 Latest
1093 5715 85 24 news
1199 5708 81 33 from
1300 5711 149 45 Tonquin
1468 5729 122 32 reports
1606 5724 68 33 that

920 5757 58 33 the
1005 5759 126 34 French
1160 5771 138 35 position
1328 5768 88 36 there
1447 5773 27 34 is
1505 5781 172 45 extremely

922 5815 133 41 critical,
1074 5820 63 33 and
1155 5822 70 33 that
1244 5824 54 34 the
1322 5828 137 36 Chinese
1479 5844 52 26 are
1547 5846 126 28 menac-
1691 5815 3 59 I

920 5870 57 43 ing
993 5872 84 35 their
1091 5880 120 32 retreat
1229 5880 84 35 from
1331 5884 54 34 the
1400 5889 159 41 positions
1583 5907 72 24 occu-

920 5928 75 44 pied
1024 5930 43 43 by
1098 5933 137 36 General
1271 5938 163 45 Negrier's
1471 5947 85 36 force
1593 5953 82 35 after

917 5988 197 46 evacuating
1130 5990 164 47 Langson,

1773 214 79 34 Last
1868 214 116 33 week's
2001 215 136 33 Keefton
2152 216 129 40 battery
2294 221 128 28 returns
2434 228 52 21 arc

1732 283 34 22 as
1789 272 108 33 follow
1913 272 301 42 :—Keep-it-Dark,
2238 273 61 33 740
2314 284 119 22 ounces
2459 273 31 33 of

1733 327 163 39 amalgam
1913 336 6 31 ;
1946 326 173 40 Weleome,
2151 329 59 30 349
2238 338 118 22 ounces
2387 329 79 31 amal-

1732 396 76 31 gam
1824 395 6 29 ;
1855 383 190 40 Inkerman,
2070 385 60 31 270
2157 394 121 23 ouuees
2308 385 176 40 amalgam.

1733 442 68 32 The
1819 441 163 33 Welcome
2001 440 128 39 battery
2154 452 65 21 was
2245 442 77 33 only
2345 442 143 38 running

1732 498 49 33 for
1804 498 61 32 five
1890 498 90 41 d;iys,
2006 498 64 31 and
2101 498 139 31 without
2270 498 55 31 the
2350 498 138 33 berdans

1733 554 105 34 which
1871 554 64 33 had
1968 559 31 29 to
2034 553 36 33 be
2099 553 212 34 knocked-oiT
2345 554 141 41 through

1715 611 2 42 |
1733 612 137 40 scarcity
1908 612 35 30 of
1971 617 110 25 water.
2143 611 69 31 The
2252 611 238 42 Keep-it-Dark

1733 666 209 44 cleaniug-tip
1967 676 64 24 was
2054 666 49 34 for
2126 665 54 35 the
2205 665 127 41 moath,
2350 665 65 35 and
2439 678 46 22 we

1733 724 78 32 hear
1827 724 71 31 that
1916 736 17 18 a
1951 723 152 31 dividend
2122 724 72 39 (No.
2214 724 49 40 (>'2)
2278 726 32 29 ot
2328 726 33 30 Is
2378 726 41 30 Gel
2434 736 56 31 par

1733 781 93 34 share
1844 781 58 33 has
1920 781 86 33 since
2022 779 80 35 been
2119 780 106 33 made.

1773 837 145 31 Thomas
1945 835 178 39 Gramfield,
2154 835 72 33 who
2252 848 67 21 was
2345 839 143 31 arrested

1716 889 1 50 \
1733 895 59 34 Loit
1810 893 88 35 week
1916 907 38 21 on
1973 907 18 20 a
2008 893 118 44 charge
2141 893 34 33 of
2187 893 94 46 being
2294 895 35 34 of
2339 897 151 34 unsound

1715 950 2 46 j
1734 951 101 37 m;nd,
1868 962 67 21 was
1966 950 139 40 brought
2139 951 106 33 before
2276 953 30 32 J.
2340 954 146 36 Feunell,

1715 1004 2 45 |
1734 1011 88 38 E*q.,
1842 1007 32 32 .J.
1881 1008 31 31 P.
1932 1019 39 20 on
1994 1007 143 41 Monday
2152 1008 71 38 last,
2236 1009 63 32 and
2313 1011 177 33 remanded

1714 1059 3 45 j
1732 1070 32 26 to
1784 1065 135 32 lleetlon
1938 1063 46 33 fat'
2003 1062 135 33 medical
2154 1066 232 34 examination.

1775 1122 50 30 An
1850 1120 171 33 allotment
2045 1119 121 44 having
2194 1122 35 31 ii
2255 1123 14 31 f
2269 1141 13 13 c
2285 1133 33 23 <*&
2341 1124 147 42 froufage

1734 1183 31 27 to
1791 1178 109 40 Queen
1926 1177 113 38 Street,
2064 1176 182 44 Auckland,
2279 1192 65 22 was
2368 1182 118 34 offered

1735 1235 49 32 for
1806 1235 66 32 sale
1895 1233 42 43 by
1960 1233 107 44 public
2092 1236 130 32 auction
2246 1240 153 43 recently,
2424 1242 63 32 and

1736 1291 190 32 withdrawn
1944 1299 33 24 at
1994 1293 88 31 MOD
2098 1303 56 32 per
2175 1294 76 32 foot.
2298 1296 67 33 The
2389 1298 99 33 above

1734 1358 140 33 conveys
1900 1358 16 22 a
1934 1347 98 43 sligut
2055 1347 73 33 idea
2151 1350 35 31 of
2206 1350 53 33 the
2285 1353 204 43 astonishing

1735 1406 76 41 high
1851 1406 93 33 value
1987 1406 106 33 which
2139 1408 177 43 properties
2352 1412 34 32 in
2431 1413 53 33 the

1732 1462 156 34 northern
1907 1462 67 34 ciiv
1991 1474 52 22 are
2058 1463 171 39 attaining.

1776 1519 67 34 The
1869 1521 154 32 National
2048 1522 106 39 Dank,
2172 1523 62 33 and
2261 1524 51 33 the
2337 1526 95 34 Bank
2457 1530 33 31 of

1734 1577 72 33 New
1837 1577 153 41 Zealand,
2008 1578 95 33 make
2125 1580 85 33 their
2235 1584 91 32 usual
2350 1587 140 40 opening

1732 1634 75 34 here
1831 1636 50 32 for
1905 1634 143 44 banking
2071 1638 157 41 business,
2253 1652 40 21 on
2326 1643 162 44 Saturday

1732 1698 86 25 next.

1776 1749 96 34 From
1883 1749 63 35 late
1962 1749 183 44 telegrams,
2162 1752 25 33 it
2202 1752 65 37 will
2279 1754 36 35 he
2328 1769 76 22 seen
2419 1757 71 35 that

1734 1805 53 32 the
1806 1806 79 33 New
1911 1808 102 33 South
2039 1808 106 34 Males
2170 1813 190 42 contingent
2382 1815 36 33 of
2429 1817 61 33 800

1733 1872 120 39 strong,
1874 1866 103 35 when
1996 1867 56 35 kit
2066 1868 132 46 Sydney
2211 1872 48 33 ior
2276 1872 54 35 the
2343 1872 96 38 front,
2455 1876 34 33 in

1891 1937 42 21 on
1965 1925 56 33 3rd
2052 1926 74 33 inst.
2158 1929 127 33 arrived
2322 1933 64 31 and
2424 1931 45 35 dis-

1732 1981 186 42 embarked,
1936 1991 32 26 at
1981 1984 64 34 .the
2064 1993 70 34 port
2158 1987 34 31 of
2214 1987 145 42 Suakim,
2377 1991 32 32 in
2435 1991 53 34 the

1733 2039 67 32 lied
1827 2040 71 38 Sea,
1916 2052 41 21 on
1975 2041 54 33 the
2050 2043 189 39 'JUth,—the
2265 2056 121 30 voyage
2412 2048 74 35 thus

1731 2108 180 32 occupying
1927 2102 38 29 2(3
1981 2098 81 44 days
2076 2102 89 41 only.
2211 2102 68 34 The
2295 2116 75 21 men
2382 2118 52 21 are
2455 2107 32 32 in

1730 2153 84 41 good
1832 2154 120 40 health,
1971 2156 63 33 and
2052 2168 76 31 very
2142 2159 38 32 fit
2192 2159 49 33 for
2255 2161 84 32 their
2349 2162 139 43 baptism

1731 2212 35 31 of
1785 2212 69 40 lire,
1882 2212 103 34 which
2012 2215 106 33 would
2141 2229 120 31 appear
2286 2227 30 25 to
2340 2219 37 34 be
2401 2221 84 35 close

1730 2266 222 46 handy,—the
1962 2271 112 34 march
2085 2284 40 21 on
2135 2273 125 42 Tamai,
2276 2276 106 33 which
2394 2278 91 43 place

1728 2323 28 32 iu
1777 2325 157 43 occupied
1961 2326 42 43 by
2029 2327 54 34 the
2105 2340 129 30 enemy,
2259 2330 122 46 haviug
2408 2333 77 34 been

1728 2387 59 35 put
1811 2382 79 33 back
1913 2389 33 28 to
1970 2385 95 33 allow
2089 2387 54 32 the
2168 2389 157 34 colonials
2354 2394 75 31 time
2454 2400 31 26 to

1723 2436 71 44 join
1811 2437 54 35 the
1884 2439 168 43 attacking
2066 2441 95 35 force.

1770 2495 68 32 The
1862 2506 113 23 names
1998 2500 36 30 of
2047 2500 53 32 the
2125 2502 174 33 successful
2320 2506 165 34 tenderers

1728 2551 48 34 for
1801 2552 53 35 the
1876 2554 72 34 four
1971 2556 140 35 sections
2141 2559 37 34 of
2198 2559 54 35 the
2277 2561 89 35 track
2390 2572 32 25 to
2448 2564 35 35 he

1728 2608 92 33 made
1836 2609 84 34 from
1937 2611 82 34 Blue
2032 2612 112 40 Creek,
2161 2617 63 32 and
2238 2617 54 34 the
2306 2622 177 42 respective

1728 2665 117 42 figures
1872 2669 49 32 for
1944 2670 54 33 the
2025 2678 145 29 contract
2202 2687 130 31 money,
2364 2690 53 23 are
2448 2692 35 21 as

1727 2723 210 35 loliow:—P.
1971 2726 135 42 Carroll,
2139 2731 59 32 No.
2232 2734 27 34 1,
2290 2735 82 31 £l3l
2406 2737 73 39 17s;

1727 2779 208 42 Cuningham
1953 2782 65 35 and
2034 2784 68 41 Co.,
2119 2786 58 34 No.
2192 2790 29 37 2,
2236 2791 85 38 £74;
2339 2792 140 33 Cuuini'-

1726 2836 78 36 huix
1830 2838 64 35 and
1921 2840 68 38 Co.,
2017 2841 60 33 No.
2102 2845 30 38 3,
2159 2846 86 39 £9l;
2271 2848 209 44 Cunkghain

1725 2894 64 33 and
1809 2895 67 41 Co.,
1895 2895 60 36 Xo.
1973 2899 30 40 4,
2022 2900 75 33 £'B4.

1768 2954 49 30 On
1846 2953 206 47 Wednesday
2074 2964 87 34 next,
2187 2961 128 33 tenders
2339 2962 84 35 close
2448 2970 32 28 at

1726 3009 54 34 tiie
1806 3013 129 43 County
1959 3014 133 35 Councii
2109 3016 113 42 Office,
2246 3028 32 26 at
2308 3022 170 45 Westport,

1725 3068 48 29 tor
1795 3067 140 42 keeping
1958 3073 53 29 the
2034 3073 81 31 local
2140 3077 107 30 tracks
2270 3090 32 18 in
2325 3081 83 37 good
2432 3092 30 21 re-

1726 3132 79 32 pair.
1850 3124 68 34 The
1936 3131 81 28 term
2029 3127 27 34 is
2071 3132 49 30 lor
2133 3137 114 28 twelve
2264 3133 141 41 months,
2415 3135 63 33 and

1726 3179 52 33 the
1791 3181 88 33 work
1894 3184 133 33 extends
2040 3186 83 33 from
2140 3188 90 42 Lyell
2244 3191 100 33 Creek
2358 3191 120 45 bridge,

1727 3246 30 22 k)
1777 3237 116 43 Alpine
1905 3238 137 46 battery;
2058 3244 53 33 the
2124 3256 129 31 present
2267 3250 210 34 termination

1724 3293 35 32 of
1779 3295 89 32 track
1891 3302 34 27 at
1947 3296 103 42 Bight
2068 3301 174 41 fc.l*;and
2259 3305 67 34 also
2351 3313 31 26 to
2399 3308 79 33 Zaia

1726 3350 108 38 Town,
1860 3353 63 33 and
1946 3355 54 33 the
2036 3371 6 18 \
2055 3357 103 44 ictofy
2184 3360 127 45 battery
2333 3372 34 25 at
2399 3365 80 34 New

1723 3410 111 33 Ci'tseX.

1763 3465 58 32 Vse
1847 3479 55 20 are
1930 3473 169 38 requested
2121 3480 32 26 to
2176 3475 72 40 give
2273 3480 106 31 notice
2406 3480 84 35 that,

1723 3520 53 35 the
1806 3522 75 35 Rev.
1918 3523 37 35 T.
1987 3528 35 32 ii.
2057 3529 160 43 ilaciean,
2244 3534 66 34 will
2337 3536 141 36 conduct

1723 3579 115 34 Divino
1860 3582 138 35 Serv.ee.
2015 3590 35 29 at
2062 3588 47 33 St.
2126 3588 186 38 Matthew's
2330 3594 86 41 here,
2434 3608 42 22 on

1723 3636 130 45 Sunday
1872 3640 99 38 week,
1989 3643 54 33 the
2062 3645 74 33 12ih
2153 3647 88 42 iusfc.,
2253 3657 36 26 at
2302 3652 35 32 11
2351 3653 124 35 o'clock

1723 3697 3 56 ;
1734 3706 18 21 n
1772 3704 52 25 inu
1844 3697 162 34 forenoon.
2052 3701 69 35 The
2139 3706 92 33 usual
2242 3708 121 45 Friday
2377 3723 76 23 even-

1721 3753 54 38 ing
1798 3764 118 23 tervice
1941 3756 64 33 will
2020 3763 58 27 not
2104 3761 73 33 take
2198 3765 101 40 place.
2346 3769 78 33 This
2447 3770 28 33 is

1721 3814 31 25 to
1777 3807 34 33 be
1836 3809 54 31 the
1914 3810 63 33 hut
2000 3814 149 34 occasion
2177 3828 87 33 upon
2284 3821 107 35 which
2417 3825 56 34 the

1721 3875 63 21 rev.
1801 3867 188 37 gentleman
2010 3869 64 34 will
2091 3875 75 31 visit
2182 3875 93 41 Lyell
2292 3890 34 21 as
2351 3880 103 45 clergy-

1719 3932 75 22 mm
1810 3923 36 32 of
1858 3923 54 33 the
1930 3924 134 41 district,
2083 3929 64 34 and
2163 3930 40 35 he
2220 3932 66 35 will
2300 3935 79 35 then
2397 3937 74 36 take

1718 3977 50 33 his
1778 3979 152 35 farewell.
1978 3983 51 34 Mr
2043 3986 148 35 Maclean
2206 3990 58 33 has
2276 3992 101 44 lately
2391 3995 79 34 been

1718 4036 174 42 appointed
1904 4044 31 28 to
1951 4039 54 35 the
2019 4040 116 45 charge
2148 4045 36 33 of
2188 4045 217 47 Greymouth,
2416 4052 56 35 the

1717 4092 168 35 induction
1923 4099 121 34 service
2086 4100 124 44 having
2246 4106 99 35 taken
2380 4110 91 43 place

1719 4149 104 33 before
1860 4151 54 33 the
1948 4154 123 45 Bishop
2108 4159 36 32 of
2170 4160 55 33 the
2262 4162 137 36 Dioeeae
2436 4169 34 31 in

1717 4205 126 46 Trinity
1871 4208 129 37 Church
2027 4212 91 36 there
2145 4226 42 24 on
2218 4217 149 48 Tuesday
2396 4221 74 36 hist.

1717 4264 128 43 During
1874 4266 49 33 his
1950 4269 110 34 rather
2083 4271 89 35 short
2202 4280 73 38 stay
2306 4278 78 34 with
2416 4281 53 34 the

1716 4320 116 41 charge
1856 4323 105 34 which
1985 4325 41 35 he
2052 4327 59 35 has
2135 4331 70 42 just
2234 4334 160 43 resigned,
2418 4338 51 34 his

1716 4385 127 28 earnest
1879 4380 174 46 advocacy,
2098 4389 145 43 untiring
2279 4393 80 40 zeal,
2404 4396 65 33 and

1717 4434 159 43 thorough
1909 4438 197 38 observance
2137 4446 36 31 of
2197 4449 208 45 punctuality
2434 4454 35 32 in
2481 4434 2 60 1

1716 4494 191 42 everything
1925 4500 181 40 pertaining
2123 4508 31 26 to
2178 4503 49 34 his
2244 4507 135 34 mission
2403 4511 64 32 a»d

1717 4549 128 35 Uiurch
1865 4552 86 33 work
1961 4557 177 45 generally,
2151 4559 83 35 have
2245 4573 71 23 won
2330 4563 69 37 him
2411 4567 56 33 the
2481 4549 1 55 ;

1704 4609 1 55 j
1714 4613 121 26 esteem
1857 4609 62 31 and
1937 4613 113 36 regard
2069 4618 36 27 of
2126 4617 48 30 his
2192 4619 218 40 parishioners
2434 4625 31 31 in
2481 4609 2 55 ;

1704 4661 1 63 i
1714 4661 42 35 all
1773 4661 54 35 the
1845 4663 105 44 places
1967 4667 106 37 which
2092 4671 83 36 have
2192 4673 160 39 benefited
2363 4677 43 47 by
2417 4680 51 36 his
2480 4661 2 63 i

1716 4721 245 43 mkiistiv.tions,
1980 4727 62 31 and
2060 4738 46 24 we
2122 4731 60 33 feel
2195 4743 83 29 sure,
2295 4717 188 66 inleaving'

1714 4777 49 32 for
1785 4778 51 33 his
1860 4791 70 21 new
1954 4781 136 43 district,
2123 4787 38 33 he
2186 4790 64 33 will
2285 4793 73 34 take
2388 4795 79 35 with

1715 4833 67 34 him
1801 4847 17 21 a
1835 4835 45 34 lot
1894 4837 34 34 of
1942 4839 82 41 good
2040 4842 126 38 wishes.

1756 4893 49 29 On
1838 4893 144 43 Monday
2012 4901 139 41 evening
2181 4910 86 32 next,
2299 4906 54 34 the
2384 4908 81 34 local
2480 4893 3 53 j

1718 4939 105 40 Udge
1869 4941 30 32 oi
1944 4942 196 37 Oddfellows
2185 4952 155 36 celebrate
2383 4956 85 36 their

1715 4995 210 33 annirersary
1951 4987 39 43 by
2004 5003 21 18 n
2043 4993 99 32 -rand
2163 5000 196 37 promenade
2382 4987 100 50 Ball.'

1714 5040 32 22 io
1772 5030 34 33 h-3
1833 5030 74 35 belli
1930 5045 33 21 in
1986 5035 55 35 the
2065 5048 149 32 evening,
2246 5051 34 27 at
2310 5046 55 34 the
2389 5030 94 52 Po.i'

1716 5080 97 30 Office
1845 5078 110 34 Hotel.
2006 5082 53 33 We
2086 5084 79 35 hear
2191 5088 70 34 that
2288 5092 90 34 there
2408 5094 74 33 has'

1717 5123 76 32 been
1818 5134 18 22 a
1860 5133 106 36 pretty
1987 5130 61 32 fair
2071 5131 65 34 sale
2152 5138 32 28 ot
2203 5136 126 37 tickets,
2349 5141 64 33 and
2430 5142 32 32 in
2480 5123 2 51 \

1711 5169 146 33 •addition
1890 5181 31 23 to
1952 5173 54 34 the
2036 5179 186 44 popularity
2255 5185 104 32 which
2394 5187 88 34 that,

1715 5217 174 37 particular
1905 5230 113 23 means
2041 5228 31 26 ol
2097 5224 168 48 obtaining
2287 5240 178 26 recreation
2479 5217 2 55 i

1714 5262 121 42 always
1859 5274 171 32 possesses,
2053 5269 55 32 the
2131 5272 65 34 fact
2220 5275 71 34 that
2314 5277 53 34 the
2391 5279 72 34 Dis-
2479 5262 3 51 ;

1712 5314 75 27 trxt
1813 5308 152 38 Hospital
1987 5312 28 33 is
2042 5318 32 30 to
2099 5319 123 35 receive
2250 5322 54 33 the
2337 5308 144 56 beneflt.'

1714 5353 76 40 will,
1823 5357 154 39 together,
2010 5359 36 33 be
2077 5373 72 22 sure
2184 5371 31 27 to
2246 5367 88 35 draw
2365 5384 17 20 a
2416 5378 50 37 big
2479 5353 2 62 *

1716 5407 102 35 party,
1850 5402 64 31 and
1949 5413 43 23 we
2022 5407 61 32 feel
2121 5420 71 23 sure
2224 5412 73 35 that
2334 5427 18 22 a
2389 5428 77 32 very

1712 5446 167 44 eujoyabie
1904 5451 137 42 evening
2065 5453 63 35 will
2154 5455 36 34 be
2214 5467 104 35 spent.
2380 5463 100 35 Next'

1713 5491 72 43 day,
1806 5493 51 33 the
1877 5495 174 36 children's
2067 5500 110 35 Picnic
2200 5505 63 34 will
2281 5507 36 33 he
2334 5508 76 35 held
2433 5514 32 30 in

1715 5539 51 30 tir
1784 5538 120 32 Bran's
1920 5542 157 41 paddock,
2096 5547 105 34 which
2218 5550 40 33 he
2275 5552 58 34 has
2349 5554 115 45 kindly
2478 5538 2 61 i

1712 5584 66 34 lent
1795 5586 47 33 for
1860 5585 51 35 the
1926 5592 158 33 occasion.

1753 5644 197 38 TOWLE'S
1967 5649 302 43 PENNYBOYAL
2282 5659 24 35 &
2321 5661 145 37 STEEL

1711 5691 128 37 BILLS
1858 5696 85 33 bOll
1960 5696 212 40 FEMALES
2191 5707 132 44 quickly
2346 5722 118 25 correct

1711 5739 43 32 dl
1770 5742 238 40 irregularities,
2027 5747 65 30 and
2108 5749 116 33 relieve
2250 5753 52 32 the
2319 5755 145 35 distress-
2477 5739 2 51 !

1710 5795 56 30 liig
1782 5795 182 35 symptoms
1980 5800 34 22 so
2032 5794 166 41 prevalent
2219 5797 75 35 witu
2322 5801 53 34 the
2399 5814 64 24 sex.

1709 5831 106 34 Boxeo
1832 5835 35 31 Is
1883 5835 59 40 I.fd
1959 5839 63 29 and
2039 5842 34 29 2s
2090 5840 62 41 i)d.,
2173 5845 38 30 of
2230 5844 42 34 all
2290 5831 173 53 Chemists!

1709 5877 160 45 Prepared
1886 5881 77 42 only
1982 5882 40 44 by
2045 5884 40 33 E.
2104 5886 34 34 T.
2160 5888 119 43 Towle,
2304 5893 159 44 Chemist,

1709 5924 229 44 Nottingham,
1962 5929 165 41 England.
2173 5935 183 39 Wholesale
2373 5943 35 33 of
2421 5945 43 33 all

1707 5969 56 35 the
1787 5971 184 37 Wholesale
1994 5975 142 38 Houses.
2180 5982 134 38 Beware
2335 5988 38 33 of
2396 5989 44 36 lm-

1705 6017 145 35 nations.

995 96 3 43 !
1012 116 12 6 .<
1050 96 3 43 *
1082 113 29 10 «...
1131 108 5 14 ;
1152 116 9 7 .
1177 113 31 11 >./
1286 100 51 24 1a
1352 105 40 19 i>i
1409 97 89 34 Lo,
1658 96 18 28 1
1701 96 30 29 U
1748 96 128 28 i\-L>x\
1895 103 12 20 i
1929 116 7 16 ,
2004 96 62 29 ill
2091 102 63 23 iVi
2166 96 39 30 i_v
2268 98 40 41 4>

478 217 14 39 f
501 216 3 42 •
525 216 31 32 '3
585 225 20 33 a

164 359 164 37 PUBLIC
360 361 158 39 WORKS
558 369 103 33 NEW
693 371 219 33 ZEALAND.

165 453 353 36 MATAKITAKI
555 460 149 35 KORSE
739 463 173 34 BRIDGE

409 502 240 38 CONTRACT.

159 592 276 68 WRITTEN
470 596 209 34 TENDERS
705 602 64 30 will
797 602 36 31 he
867 614 30 20 re-

309 637 108 25 /»m'ri»rl
438 645 26 17 cH
486 641 62 21 tl.-i«.
568 643 70 19 «fli«
736 646 18 16 :i
893 637 24 25 .r

183 633 19 26 Y
221 633 19 27 v
309 637 110 37 ceived
437 645 34 30 at
486 641 64 34 this
567 643 90 36 office
677 645 80 35 until
778 647 89 33 Noon
883 647 34 35 of

162 682 225 35 WEDNESD
423 687 36 37 Y,
485 688 54 32 the
564 691 53 31 Gth
639 691 87 42 M?y,
753 694 89 37 1885,
866 696 48 30 for

162 727 54 35 the
254 727 101 37 above
385 730 163 37 Contract.
595 726 173 54 They*are
807 746 31 25 to
877 738 36 35 be

161 774 135 34 marked
333 788 41 21 on
412 779 54 31 the
505 783 125 31 outside
669 792 6 7 '
681 790 6 9 k
703 785 125 32 Tender
866 788 47 30 for

164 819 192 36 Matakitaki
374 822 105 36 Horse
503 824 117 44 Bridge
849 831 64 32 and

163 867 180 34 addressed,
356 877 32 26 to
413 870 54 34 the
496 872 87 34 Eon.
609 875 54 33 the
696 876 149 34 Minister
867 879 47 33 for

169 914 106 31 Public
327 914 126 41 Works,
505 919 130 33 Nelson.
703 922 209 45 Telegraphic

163 960 140 31 Tenders
322 961 156 43 similarly
503 964 169 34 m,(Lessed
691 968 64 31 i.i.d
779 968 132 34 marked

165 1006 60 31 will
265 1004 35 33 l)«
333 1006 154 34 lectiven.
520 1020 18 20 11
579 1020 7 17 •.
779 1022 31 24 »t
849 1027 62 21 nuv

164 1051 15 30 '1
195 1051 149 44 eluj-raph
370 1053 98 33 Otic*;
494 1055 33 33 1\
560 1056 90 32 Noon
691 1061 34 30 of
747 1060 51 31 the
823 1072 88 21 same

163 1095 82 40 date,
270 1098 155 41 provided
450 1098 67 35 that
544 1101 73 33 wr.it
621 1095 3 44 i
652 1115 18 19 n
710 1105 125 32 u-ihWr
860 1118 51 20 are

164 1142 109 43 lodged
320 1154 31 23 at
396 1156 56 32 mij
508 1146 130 36 Di.-t,ict
680 1162 33 20 or
759 1152 154 33 Resident

163 1190 190 39 Engineer's
393 1194 97 31 Chic*
530 1194 39 41 by
602 1202 52 25 tie
693 1209 88 21 same
821 1201 89 29 Lour.

163 1235 180 42 Drawings,
390 1239 245 42 specification*,
675 1249 61 27 and
783 1245 127 36 general

162 1284 179 30 coiuiitious
358 1293 74 32 may
454 1284 33 32 he
506 1303 5 11 f
522 1298 24 18 e<
561 1296 18 21 n
598 1296 30 23 al
647 1288 63 31 thus
731 1289 99 33 Office
848 1301 63 20 una

165 1335 26 26 al
221 1326 52 36 the
290 1327 112 35 Public
424 1329 110 35 WuiLs
560 1333 108 33 Ufhce,
695 1336 215 41 Grcymouth,

162 1375 61 31 and
276 1375 103 33 Rail's
438 1378 288 35 Accommodation
790 1382 120 34 House.

163 1420 198 35 Murchison.
407 1422 67 33 The
648 1437 34 21 er
713 1420 4 48 ;
722 1438 51 30 .ny
802 1436 110 25 tender

161 1476 56 24 not
234 1479 140 23 nece*->.ai
386 1469 41 33 ilv
445 1472 160 41 a*e«jped.

200 1514 50 44 By
268 1516 193 32 Command.

400 1563 30 31 J.
458 1564 99 32 GEO.
583 1564 243 42 BLACKETT,

524 1610 153 36 Resident

242 1652 111 34 PuMic
370 1653 115 35 Works
503 1659 109 33 Ouice,

201 1698 132 44 Nelson,
353 1699 110 37 Mmei*
483 1702 88 38 28th,
591 1704 87 35 1386.

228 1798 214 52 BANK
495 1801 342 54 NOTICE.

164 1982 123 34 TIHE
306 1983 122 34 BANK
443 1985 36 33 of
494 1986 102 34 NEW
617 1989 210 34 ZEALAND
846 1992 60 32 wil.

269 2062 36 34 be
330 2076 81 26 open
436 2074 32 25 at
492 2065 101 35 LYE,
610 2067 38 41 L,
682 2082 39 20 on
751 2071 131 33 SATUR-

160 2140 99 42 DAY,
280 2142 73 34 llih
373 2143 143 41 APRIL,
534 2153 31 27 to
591 2172 12 8 .
626 2148 53 34 TV
704 2150 118 32 COLD
845 2152 64 32 ;,ud

158 2225 143 31 transact
351 2224 213 36 GENERAL
622 2229 162 34 BANK
802 2231 60 33 IN
883 2234 24 30 G

155 2299 233 43 BUSINESS,
419 2315 102 23 turner
551 2305 53 35 the
641 2307 116 44 charge
796 2310 34 32 of
861 2311 49 32 Mr

157 2377 192 35 PICKETT
366 2382 81 31 from
468 2383 87 32 REE
564 2385 107 32 ETON
697 2387 190 34 AGENCY.

499 2463 38 30 A.
564 2462 262 42 BICKERING,

751 2541 113 43 A#ent,

237 2609 95 36 Bank
348 2611 35 35 of
395 2611 80 36 New
492 2613 152 44 Zealand,

196 2683 148 43 Reefton,
362 2686 57 33 3rd
435 2688 101 44 April,

151 2791 92 35 THE
281 2794 232 36 NATIONAL
549 2800 122 33 BANK
711 2801 55 34 OF
804 2804 77 33 NEW-

297 2874 220 42 ZEALAND,
551 2878 209 36 LIMITED.

149 2996 149 40 JTIHIS
337 3001 122 36 BANK
490 3005 65 33 mil
586 3006 19 32 l,
607 3019 16 22 e
654 3008 184 35 OPENED
875 3016 31 29 to

290 3072 92 31 BUY
419 3074 119 32 GOLD
574 3080 66 29 and
678 3080 227 35 TRANSACT

151 3137 214 35 GENERAL
421 3141 208 38 BANKING
683 3147 221 37 BUSINESS

147 3210 36 28 at
206 3205 93 44 Lyell
322 3219 40 21 on
388 3208 235 38 SATURDAY
656 3215 75 34 11th
755 3216 147 43 APRIL,

146 3280 104 33 under
263 3281 53 33 the
330 3282 116 44 charge
459 3294 35 24 oi
511 3285 53 35 the
580 3288 137 34 Reefton
733 3291 168 45 Manager,

148 3357 26 36 L
192 3359 121 36 Lewis*

540 3447 50 34 W.
616 3448 198 44 DYMOCK,

672 3528 184 41 Inspector.

2526 218 88 32 TYR
2651 218 212 36 COXNELL
2895 225 176 41 QUARTZ
3112 234 168 39 MINING

2671 281 224 44 COMPANY,
2921 288 205 40 LIMITED.

2506 439 2 76 i
2537 439 43 33 X
2636 461 217 37 GENERAL
2879 467 208 40 MEETING
3111 477 33 33 of
3166 479 94 36 Share-

2506 509 3 85 |
2530 520 138 41 holders,
2693 525 64 32 will
2780 526 37 34 be
2842 528 74 34 held
2940 538 33 26 at
3003 534 53 33 the
3081 539 197 46 Company's

2507 583 2 64 :
2530 583 109 41 Office,
2664 585 73 36 CM
2758 588 116 43 Street,
2898 591 102 47 Lyell,
3025 609 40 22 on
3090 601 187 46 Thursday,

2507 645 2 56 i
2528 646 76 32 30th
2622 648 102 41 April,
2743 652 89 37 1885,
2851 661 32 24 at
2899 656 54 31 the
2970 658 82 32 hour
3067 663 35 29 of
3115 666 18 28 8
3157 666 121 35 o'clock

2507 719 2 32 i
2528 719 78 32 p.m.

2813 839 166 36 Business
2993 854 6 22 :

2607 897 46 36 To
2690 901 122 35 receive
2849 904 175 37 Director's
3057 910 118 46 Report
3204 918 71 34 .and

2690 964 141 35 Balance
2850 968 107 40 Sheet,
2977 973 62 31 and

2608 1024 44 33 To
2669 1026 83 34 elect
2769 1027 163 38 Directors
2950 1035 63 31 and
3029 1036 165 36 Auditors.

2876 1107 2 47 .
2921 1107 30 33 J.
2977 1108 36 33 F.
3040 1110 156 44 CLARK,

2956 1169 96 44 Legal
3072 1174 164 44 Manager.

2566 1225 103 41 Lyell,
2688 1228 75 32 27th
2784 1228 124 42 March,
2928 1235 89 32 188.;.

2524 1331 147 36 LYELL
2703 1336 150 35 CREEK
2879 1342 251 37 EXTENDED
3159 1352 118 32 GOLD

2581 1397 176 36 MIMING
2777 1401 221 41 COMPANY,
3018 1409 206 39 LIMITED.

2506 1518 3 59 |
2526 1522 247 39 rnENDERS
2791 1532 127 34 wamttd
2934 1533 50 35 fa
3006 1536 270 41 EXTENDING

2652 1587 142 38 Tunnel
2811 1605 18 20 a
2845 1594 145 37 distance
3007 1601 36 31 of
3055 1602 60 32 250
3132 1604 100 35 Feet.

2566 1700 227 43 Specification
2825 1712 32 28 to
2885 1709 35 33 be
2949 1722 73 23 seen
3055 1720 31 27 at
3118 1717 53 33 the
3204 1719 70 35 Co's

2523 1761 109 43 Office,
2651 1764 147 45 Reefton,
2817 1771 64 35 and
2897 1780 33 28 at
2948 1775 50 34 Mr
3020 1777 112 36 James
3149 1783 123 42 Ryan's

2524 1825 101 41 Store,
2644 1827 105 45 Lyell.

2563 1942 143 37 Tenders
2737 1952 33 30 to
2801 1949 82 34 close
2918 1959 33 28 at
2980 1956 56 34 the
3075 1959 199 49 Company's

2522 2004 110 42 Office,
2659 2008 147 42 Reefton,
2831 2020 33 26 afc
2886 2016 18 32 S
2920 2027 78 31 p.m.
3018 2031 42 22 on
3085 2023 184 46 Saturday,

2523 2067 74 35 lltk
2614 2069 116 43 April,
2749 2072 89 36 1885.

2562 2180 27 33 A
2605 2180 147 37 Deposit
2769 2186 36 34 of
2817 2188 86 34 TEN
2924 2192 188 51 POUNDS,
3133 2203 88 43 (£lO,
3238 2216 31 27 to

2521 2255 202 35 accompany
2740 2251 77 32 each
2836 2255 122 35 tender.

2561 2357 68 35 The
2656 2357 111 39 lowest
2792 2375 35 23 or
2849 2377 65 34 any
2938 2373 113 37 tender
3078 2385 56 30 not
3161 2395 86 27 neces-

2517 2420 100 42 sarily
2633 2425 162 41 accepted.

2700 2498 193 39 PATRICK
2915 2507 228 50 BRENNAN,

3062 2577 164 50 Manager.

2559 2618 148 43 Reefton,
2724 2625 77 33 30th
2821 2627 123 45 March,
2962 2635 89 36 1885.

2514 2729 299 38 APPLICATION
2827 2738 85 35 FOR
2928 2744 185 41 SPECRL
3126 2755 45 32 C
3189 2759 78 28 ATAf

2556 2775 87 33 FOR
2662 2778 306 45 PROSPECTING
2984 2792 228 46 PURPOSES

2625 2868 152 37 District:
2804 2875 119 37 Nelson
2943 2883 208 43 Seuth-west.

2803 2921 83 37 I>ate
2904 2937 6 23 :
2935 2930 63 34 2nd
3014 2934 101 45 April,
3135 2942 87 37 1885.

2636 2973 48 35 To
2701 2985 65 25 the
2784 2979 152 39 Warden
2951 2997 40 24 at
3007 2991 123 39 Lyell.

2515 3031 41 61 T
2580 3031 34 35 H
2601 3079 16 23 T
2618 3031 121 71 ERE^
2743 3036 28 34 Y
2794 3041 99 44 apply
2915 3044 50 35 for
2994 3062 18 21 a
3037 3050 227 47 Gold-Mini,,-

3009 3243 72 31 ?ee,
3099 3248 86 33 upon
3210 3245 54 34 the

2517 3306 6 12 ,
2534 3294 31 7 iv
2735 3294 29 24 ",'
2832 3294 18 16 r
2860 3294 12 6 u
3044 3285 32 29 to
3092 3295 130 23 execute
3247 3304 13 14 o

2512 3309 101 31 Lease
2631 3318 87 24 noon
2735 3311 54 31 the
2806 3313 84 29 ha*\a

2510 3353 171 79 pernor
2709 3356 85 35 shall
2825 3353 440 64 thmkntto^r;;;:

2663 3492 27 24 w
2743 3496 35 3 __
2846 3500 9 16 1
2910 3459 31 33 J-
2965 3462 36 34 F.
3028 3466 156 47 CLARK,

2662 3495 65 33 For
2743 3497 145 38 Manuka
2904 3504 73 36 Flat
2993 3509 85 37 Gold
3095 3514 129 43 Mining

2758 3546 179 48 Company.

2631 3679 190 39 -Mannka
2838 3687 74 38 Flat
2929 3693 84 37 Gold
3024 3697 128 50 Mining
3169 3706 68 36 Com-

2631 3736 88 36 pany
2735 3740 57 33 per
2807 3732 31 35 J.
2855 3735 37 34 F.
2910 3739 107 39 Clark.
3132 3721 18 28 h

2549 3770 90 44 Style
2657 3774 104 34 «nd.r
2775 3778 107 37 wh.ch
2897 3783 27 36 it
2938 3787 28 33 is
2977 3788 155 41 intended
3146 3801 113 34 toeen-

2632 3864 84 36 Gold
2733 3867 129 46 Mining
2873 3874 180 51 Company.

2548 3910 123 33 Extent
2686 3913 37 33 of
2731 3919 126 37 ground
2868 3924 128 42 applied
3008 3928 211 46 for-Whele
3231 3948 31 27 ol

2631 3956 85 42 Flat,
2732 3971 60 33 say
2806 3963 81 37 3000
2902 3980 90 27 acres
3142 3948 107 27 uwto
3250 3948 10 28 >

2628 4095 56 35 the
2705 4098 74 37 first
2801 4104 39 33 12
2862 4111 134 35 months
3019 4116 18 33 6
3061 4128 76 28 men
3155 4134 8 30 ;
3186 4127 54 36 sub-

2628 4148 183 47 sequently,
2835 4153 97 39 when
2953 4159 36 36 in
3018 4164 61 37 full
3108 4181 50 25 WO
3159 4149 39 52 U
3224 4178 35 31 ~

2628 4201 86 25 men.
3220 4191 17 19 x
3243 4191 17 19 *

2544 4327 84 45 ProP
2629 4332 257 75 Shlrt-l
2893 4342 40 34 W
2932 4327 3 80 .
2936 4346 296 61 0?-^>-'ancl-

2610 4518 3 38 .
2624 4527 34 22 in
2674 4518 57 35 full
2747 4523 97 33 work.

2543 4559 127 36 Precise
2702 4563 322 52 locality-Manuka
3052 4582 87 39 Flat.
3186 4591 71 38 The

2625 4607 87 37 table
2740 4611 77 37 land
2846 4616 115 46 laying
2986 4625 146 42 between
3161 4636 96 39 Lyell

2627 4653 103 37 Creek
2746 4661 62 33 and
2826 4662 113 39 Buller
2953 4670 85 39 river
3191 4650 21 31 7

2543 4700 98 34 Term
2664 4703 48 34 for
2733 4706 108 36 which
2865 4711 87 39 lease
2975 4719 26 34 i,
3023 4727 234 38 required-12

2625 4750 146 43 »ontbs,
2805 4756 80 35 with
2923 4762 89 45 right
3047 4772 37 32 of
3113 4780 144 36 renewal

2625 4794 119 36 should
2761 4803 137 41 payable
2914 4810 75 39 gold
3004 4821 57 28 not
3083 4817 39 35 be
3144 4826 111 34 stroek

2624 4841 116 37 within
2756 4845 71 37 that
2844 4855 89 33 time.

2543 4887 91 31 Time
2643 4889 36 31 of
2681 4897 229 43 commencing
2915 4907 326 42 operations-When

2624 4943 76 26 ever
2714 4940 146 36 granted.

2543 4978 140 34 General
2708 4982 272 46 IWks-The
3004 5000 107 37 whole
3140 5007 34 32 of
3199 5010 58 38 th,

2624 5023 245 52 flatisapphed
2883 5035 51 37 for
2944 5051 37 24 as
2995 5053 20 24 a
3027 5049 120 41 special
3156 5052 99 42 claiw

2624 5119 89 34 woik
2736 5120 35 36 of
2789 5128 121 42 testing
2930 5137 37 34 u,
2990 5137 66 37 will
3079 5141 38 37 be
3244 5151 16 33 f

2623 5170 190 39 magnitude
2840 5179 166 43 rearing
3022 5185 56 36 the
3093 5191 113 37 outlav
3222 5197 36 33 of

2624 5223 19 22 a
2651 5214 217 38 considerable
2877 5232 74 26 sum
2958 5227 37 33 of
2999 5240 129 34 money.
3150 5237 103 37 Wheu

2620 5308 97 31 elaiffl
2741 5308 36 32 of
2796 5311 61 33 100
2877 5324 90 28 acres
2989 5322 64 33 will
3070 5324 39 36 be

2620 5357 61 28 out
2695 5353 65 33 and
2775 5358 130 42 applied
2919 5362 61 35 for.
3132 5343 19 30 *
3170 5343 43 34 gg

2542 5442 68 35 The
2631 5443 102 36 above
2756 5447 196 32 annli.atmn
2971 5459 63 20 „„,i

2498 5580 117 43 April,
2633 5583 89 36 1885.

2540 5628 75 42 Any
2638 5641 116 32 person
2777 5635 144 45 desiring
2943 5647 33 28 to
2998 5647 107 44 object
3135 5659 33 29 te
3194 5659 58 34 the

2500 5683 84 25 '""
2606 5684 42 45 °.
2660 5687 19 23 a
2703 5675 104 40 Mlmn
2810 5692 21 32 «
2857 5682 83 39 !•>»
2963 5699 87 37 «pon
3072 5697 56 37 the
3151 5702 103 43 aboy*

2500 5721 195 42 application
2724 5735 101 33 must,
2855 5733 115 36 within
2994 5741 39 32 10
3057 5745 87 34 clear
3151 5716 103 67 Tit

2497 5766 84 33 from
2604 5767 56 34 the
2683 5768 73 36 date
2779 5773 126 37 .faueh
2929 5783 199 43 application
3163 5802 72 32 ent,

2758 5825 33 29 at
2817 5821 55 37 the
2895 5825 171 45 Warden's
3094 5839 99 40 Offi«
3213 5811 39 71 It

2671 5909 183 41 ALFRED
2877 5918 29 35 A
2928 5920 240 55 CORFIELD,

2578 5998 174 41 Garden's
2768 6006 111 44 Office,
2975 5970 62 37 **

2538 6045 105 46 Lyell,
2660 6050 66 36 2nd
2740 6053 103 44 April,
2862 6059 89 37 1885.
