3337 6142
98 199 145 163 The
291 199 242 163 Lyell
581 199 290 163 Times.

160 363 246 37 SATURDAY,
443 362 114 34 JULY
595 363 49 40 18,
683 363 89 32 1885.

141 487 66 35 The
251 493 109 29 return
405 486 34 35 of
479 486 175 43 amalgam,
699 483 150 37 obtained

100 545 180 42 yesterday,
309 545 83 31 from
420 544 55 32 the
502 546 112 40 plates,
641 544 118 43 ripples
787 544 60 30 and

101 600 136 35 berdans
261 607 31 26 at
317 600 54 33 the
395 600 115 39 Alpine
531 599 137 44 battery,
687 602 23 31 is
733 602 117 31 H'JOo/.s

102 660 47 33 for
176 657 3 36 k
180 661 55 29 2i)o
259 665 73 25 tons
355 657 34 34 of
407 666 91 25 stone
522 658 137 33 crushed
685 658 85 32 since
797 657 54 33 the

102 716 60 34 last
178 715 127 43 general
323 713 217 45 cleaning-up.
867 713 3 45 j

145 771 203 45 Application
386 770 49 34 for
478 771 211 32 cancellation
730 771 34 32 of
799 770 52 33 the

108 829 118 33 United
251 829 132 32 N.S.W.
401 828 95 40 lease,
520 840 63 21 was
609 828 113 40 lodged
746 836 30 25 at
801 828 53 33 the

105 885 168 35 Warden's
306 885 98 34 Office
432 885 74 34 hew
534 897 40 21 on
603 885 149 43 Tuesday
782 885 90 35 last.;

105 944 60 33 We
188 944 199 33 understand
411 944 73 33 that
499 944 54 33 the
576 944 141 40 grounds
741 956 51 20 are
807 953 6 22 :
819 944 53 40 —|

107 1001 248 46 Non-payment
388 1002 35 35 of
453 1007 81 35 rent,
572 1001 300 46 non-compliance;

107 1059 78 35 with
211 1060 111 34 labour
345 1068 184 29 covenants,
555 1061 63 31 and
644 1070 40 23 no
715 1060 86 32 work
825 1061 33 31 in
871 1052 1 49 |

106 1130 157 34 progress.
312 1118 29 34 It
371 1117 26 35 is
429 1130 18 22 a
477 1118 118 44 special
626 1118 94 33 claim
752 1117 35 34 of
820 1118 39 32 GO

108 1187 97 22 acres.
251 1176 146 40 Hearing
414 1175 82 32 fixed
513 1176 48 32 for
576 1176 53 32 sth
649 1187 85 30 prox.

152 1233 50 33 Mr
218 1231 150 42 Corfield,
385 1232 87 35 clerk
486 1233 34 34 of
529 1233 53 33 the
599 1233 80 33 local
694 1231 86 34 Ji.M.
796 1231 64 34 and

108 1290 172 34 Warden's
309 1291 126 38 Courts,
473 1290 151 33 returned
662 1290 61 32 last
760 1289 100 38 week,

112 1348 80 33 from
205 1348 51 32 his
269 1348 88 32 leave
371 1348 37 32 of
416 1347 134 34 absence
566 1354 32 27 at
609 1346 153 33 Victoria.
811 1346 50 33 Mr

110 1405 109 42 'Ferry,
237 1405 35 32 of
285 1404 53 33 the
357 1403 135 35 Reefton
510 1405 99 33 office,
631 1404 72 32 who
721 1402 139 33 relieved

111 1459 79 42 him,
208 1461 55 34 left
280 1461 48 34 for
344 1461 50 33 his
411 1459 244 46 head-quarters
671 1471 39 22 on
727 1459 133 43 Sunday

110 1518 72 34 last.

151 1576 68 33 The
237 1576 163 42 following
423 1587 53 22 are
494 1575 53 33 the
573 1575 135 34 Reefton
733 1575 127 39 battery

110 1640 128 26 returns
275 1633 49 32 for
362 1632 63 33 last
459 1632 88 33 week
562 1632 300 42 :—Keep-it-Dark,

110 1691 118 33 4130zs
254 1689 164 43 amalgam
434 1699 6 30 ;
473 1688 99 34 Inker
575 1699 86 30 man,
698 1690 114 32 18Gozs
835 1688 35 33 of

113 1748 175 42 amalgam.

157 1806 52 33 Mr
225 1805 156 38 O'Conor,
400 1803 151 41 M.H.R.,
568 1803 33 35 in
622 1804 55 34 the
701 1803 112 35 House
837 1804 35 33 of

117 1861 283 45 Representatives
416 1861 63 33 last
493 1860 100 37 week,
611 1860 97 34 asked

118 1922 224 31 Government
357 1918 132 44 provide
506 1919 48 33 for
569 1919 55 33 the
647 1920 220 32 construction

117 1976 36 36 of
165 1988 18 23 a
198 1976 110 43 bridge
325 1987 75 23 over
416 1975 54 34 the
489 1974 112 35 Buller
617 1976 83 32 river
717 1980 32 27 at
766 1974 102 44 Lyell,

119 2035 73 32 that
205 2033 97 42 being
317 2033 54 33 the
387 2033 78 42 only
480 2033 98 39 large,
596 2033 191 41 dangerous,
804 2033 64 32 and

119 2090 188 35 unfordable
330 2090 84 34 river
436 2089 180 42 unbridged
635 2100 42 23 on
701 2090 54 34 the
778 2091 89 33 main

119 2148 79 33 road
226 2148 146 33 between
404 2147 133 39 Nelson,
574 2148 202 42 Greymouth
807 2148 65 33 and

120 2205 221 44 Westport'?"
386 2204 68 34 The
470 2205 90 42 reply
577 2216 65 21 was
659 2210 31 27 to
707 2205 55 33 the
779 2205 93 34 effect

121 2262 71 34 that
214 2261 56 34 the
293 2262 223 33 Government
538 2261 186 33 considered
749 2263 72 33 that
843 2263 25 33 it

122 2318 106 34 would
242 2317 39 34 be
296 2329 78 32 very
390 2318 181 42 expensive,
589 2318 57 33 but
672 2319 77 41 they
766 2319 106 33 would

122 2387 133 31 procure
278 2387 41 20 an
342 2376 149 32 estimate
513 2376 35 31 of
560 2375 54 32 the
636 2376 151 42 probable
804 2381 68 28 cost

122 2430 78 34 with
232 2441 18 23 a
280 2431 80 33 view
390 2435 33 29 to
452 2442 52 22 see
533 2431 26 32 if
578 2430 54 34 the
661 2431 89 33 work
780 2432 91 34 could

125 2487 140 42 possibly
280 2487 39 32 be
336 2487 209 32 undertaken.
550 2487 196 33 —Colonist.

164 2542 59 35 We
240 2554 53 22 are
316 2543 169 44 requested
504 2548 32 29 to
559 2554 180 28 announce,
763 2543 72 35 that
857 2555 15 23 a

124 2600 144 42 meeting
282 2600 35 33 of
330 2600 90 34 those
436 2600 184 34 favourable
644 2606 32 28 to
700 2601 53 33 the
776 2602 77 32 form-

125 2656 88 34 ation
230 2657 35 33 of
284 2669 19 21 a
324 2658 83 32 local
423 2658 160 33 Amateur
598 2659 168 32 Dramatic
783 2660 89 39 Club,

125 2711 68 35 will
209 2711 38 35 be
270 2712 76 35 held
362 2712 33 35 in
411 2713 55 34 the
484 2713 225 35 School-room
731 2715 85 40 here,
834 2727 38 22 on

125 2770 148 43 Tuesday
290 2771 139 42 evening
446 2776 87 35 next,
550 2777 33 27 at
599 2774 72 31 7.80
686 2784 78 31 p.m.
809 2774 63 32 The

126 2825 160 36 initiative
303 2826 121 42 having
446 2827 78 35 been
549 2827 138 45 actively
708 2828 96 35 taken
821 2841 51 33 up,

126 2883 64 36 and
205 2896 20 22 a
239 2883 86 46 large
343 2884 137 36 number
503 2886 36 35 of
551 2898 113 23 names
680 2886 94 43 given
792 2888 32 33 in
841 2900 31 21 as

125 2942 174 39 members,
336 2943 90 33 there
463 2943 116 33 should
602 2944 38 32 be
675 2955 44 21 no
755 2945 117 33 serious

125 2997 140 35 obstacle
288 2999 34 33 in
345 3001 54 32 the
423 3011 72 33 way
517 3001 36 33 of
572 3013 139 22 success.
755 3002 44 34 At
821 3002 51 34 the

125 3058 156 42 meeting,
297 3058 55 33 the
369 3058 79 33 Club
465 3058 66 34 will
548 3059 38 33 be
602 3060 137 35 formed,
753 3060 119 33 officers

127 3112 132 42 elected,
275 3114 63 33 and
355 3115 235 42 preliminaries
606 3117 158 42 arranged
775 3117 49 33 for
836 3128 36 21 an

125 3169 89 43 early
237 3174 90 30 start.
373 3171 57 33 We
446 3171 83 44 hope
551 3177 32 28 to
606 3183 52 22 see
681 3184 19 20 a
722 3171 83 44 good
828 3178 30 28 at-

125 3225 159 35 tendance
307 3232 151 39 present;
480 3228 51 34 for
559 3241 41 21 an
626 3229 187 34 institution
844 3231 28 32 of

125 3284 56 35 the
205 3284 91 41 kind,
319 3285 94 36 could
441 3286 38 35 be
505 3286 95 35 made
626 3287 55 35 the
709 3299 114 23 means
848 3291 24 32 oi

126 3344 257 45 accomplishing
405 3357 89 23 some
516 3347 83 43 good
613 3347 69 43 just
704 3347 168 33 now—the

127 3399 134 35 District
284 3401 163 45 Hospital,
472 3414 18 22 a
517 3403 108 44 public
649 3403 136 44 Library
816 3404 56 32 and

128 3457 53 34 the
198 3458 74 34 Fire
288 3458 141 44 Brigade
445 3460 108 40 funds,
570 3472 53 23 are
644 3460 43 35 all
710 3460 162 45 deserving

127 3514 37 35 of
175 3514 107 45 public
298 3521 144 40 support.

169 3571 52 33 Mr
235 3573 40 32 E.
292 3573 32 33 J.
341 3574 157 39 O'Conor,
522 3574 148 34 Member
685 3575 49 34 for
755 3577 117 33 Buller,

125 3629 75 36 who
236 3630 27 35 is
296 3641 73 26 now
398 3632 34 35 in
468 3632 200 42 Wellington
706 3635 166 39 attending

126 3688 210 40 Parliament,
367 3690 59 33 has
456 3690 82 33 been
569 3703 35 21 so
632 3691 186 44 indisposed
849 3698 23 28 oi

125 3743 64 36 late
216 3756 35 23 as
273 3748 33 32 to
331 3745 126 46 require
482 3747 56 35 the
562 3747 194 37 attendance
779 3749 36 35 of
833 3750 39 35 Di

126 3804 114 35 Grace.
284 3804 59 35 We
368 3817 53 24 are
444 3806 75 45 glad
541 3811 33 31 to
604 3807 89 42 hear,
720 3809 83 41 that,
831 3821 28 23 ac-

126 3861 135 46 cording
275 3867 33 31 to
324 3863 54 35 the
393 3864 64 36 last
470 3871 164 34 accounts,
649 3866 40 35 he
701 3869 27 33 is
743 3868 129 44 making

125 3921 84 45 good
225 3932 146 36 progress
387 3925 141 34 towards
544 3925 92 46 rapid
652 3938 165 34 recovery.

168 3980 79 33 Nos.
265 3982 17 31 1
299 3986 33 27 to
348 3984 19 29 6
384 3982 180 41 (inclusive)
581 3985 141 32 sections
740 3985 38 32 of
790 3985 82 32 work

125 4035 35 35 in
176 4036 189 38 connection
382 4038 78 35 with
476 4038 122 47 repairs
614 4039 65 37 and
690 4041 182 37 alterations

127 4100 34 28 to
190 4095 113 34 Buller
331 4097 89 40 road,
451 4098 83 32 have
566 4098 82 34 been
679 4100 44 33 let
752 4100 43 45 by
825 4103 47 32 the

128 4152 131 45 County
275 4154 136 35 Couneil
425 4159 33 31 to
475 4156 39 34 R.
533 4157 238 35 Fitz-norman.
805 4160 67 34 Nos

129 4210 20 34 7
171 4210 66 35 and
258 4212 30 38 8,
311 4212 191 42 Flax-bush,
526 4214 64 34 and
614 4215 92 44 Lyell
726 4222 92 38 punt,
835 4229 25 23 re-

129 4269 188 45 spectively,
341 4275 33 29 to
390 4271 38 33 F.
444 4270 137 36 Junker.
626 4273 68 34 The
715 4274 113 34 tender
851 4286 21 23 o:

131 4326 35 32 C.
197 4326 148 40 Weekes,
374 4328 50 33 for
447 4328 55 33 the
533 4331 220 34 construction
787 4334 34 31 of
849 4335 23 30 11

132 4380 113 37 chains
260 4394 90 24 more
365 4385 37 34 of
413 4384 102 45 Eight
533 4386 76 34 Mile
632 4387 80 34 road
734 4387 59 35 has
816 4389 56 35 alsc

131 4438 82 36 been
228 4441 281 45 accepted—price
527 4445 76 33 £54.

174 4496 70 34 The
259 4497 147 35 Manuka
421 4499 76 34 Flat
512 4501 172 43 Company
700 4502 26 32 is
739 4502 97 34 about
855 4510 32 27 to

134 4556 86 31 erect
249 4565 19 22 a
296 4555 196 36 workmen's
529 4569 94 32 camp
655 4559 85 32 close
771 4565 31 28 to
833 4561 55 32 the

135 4609 114 36 tunnel
265 4610 107 35 where
388 4613 185 44 operations
585 4627 36 21 ar
632 4630 5 8 ■
649 4614 97 42 being
754 4617 132 36 started.

135 4666 80 33 This
230 4667 67 33 will
312 4680 75 21 save
404 4680 19 21 a
438 4669 72 33 deal
526 4672 36 30 of
580 4673 77 31 time
674 4675 64 31 and
762 4675 126 33 trouble

136 4724 35 32 in
299 4729 33 29 to
349 4725 64 33 and
432 4726 57 34 fro.
534 4727 58 34 We
616 4729 202 35 understand
835 4732 54 33 the

137 4789 77 23 men
230 4789 54 23 are
300 4781 164 44 repairing
481 4782 64 33 and
561 4783 132 44 putting
709 4785 53 33 the
777 4788 114 32 tunnel

137 4837 35 32 in
188 4836 104 34 order.
338 4838 68 33 The
423 4839 138 43 striking
576 4842 35 31 of
624 4853 17 21 a
663 4843 139 40 payable
819 4844 71 32 lead

136 4893 37 35 in
197 4892 64 36 this
282 4892 58 37 flat
355 4894 28 35 is
399 4906 18 23 a
433 4897 261 35 consummation
719 4898 171 47 anxiously

138 4950 118 33 looked
272 4951 48 33 for
334 4962 6 27 ;
366 4952 64 32 and
446 4963 78 21 even
543 4965 16 20 a
577 4955 164 33 moderate
766 4968 127 21 success

136 5007 35 34 in
208 5005 71 37 that
315 5007 167 42 direction,
521 5009 106 35 would
663 5022 78 24 soon
780 5021 57 36 put
874 5025 17 23 a

138 5064 145 44 brighter
298 5071 109 38 aspect
423 5076 41 23 on
480 5066 133 35 alluvial
628 5070 128 42 mining
779 5071 34 32 in
836 5071 56 33 the

140 5123 136 33 district.

181 5180 68 36 The
267 5181 78 35 Rev.
364 5181 52 34 Mr
434 5181 149 46 Spencer,
602 5184 64 33 will
688 5185 103 34 arrive
815 5185 76 35 here

138 5240 85 33 from
246 5239 138 34 Keeftou
411 5251 42 22 on
476 5241 149 39 Tuesday
651 5249 87 33 next,
766 5246 47 30 lor
839 5244 54 34 the

140 5308 139 33 purpose
303 5296 35 34 of
351 5296 136 44 holding
510 5297 54 33 the
583 5299 91 33 usual
697 5301 139 33 services
860 5303 33 33 in

141 5355 66 32 this
223 5354 128 44 portion
369 5353 37 33 of
417 5352 50 34 his
484 5353 136 34 district.
665 5356 50 32 On
741 5356 131 34 Wednes-

142 5412 76 44 day,
256 5411 91 36 there
377 5411 65 34 will
473 5411 37 34 be
541 5423 18 23 a
591 5414 119 34 service
740 5421 33 27 at
804 5415 91 43 Lyell

143 5470 113 36 Creek,
317 5470 53 31 the
407 5469 145 33 distance
592 5477 31 25 to
661 5471 104 38 Lvell,
801 5472 94 37 being

142 5528 111 34 rather
268 5527 48 33 far
333 5533 31 27 at
381 5527 65 33 this
462 5538 113 22 season
587 5527 35 34 of
635 5527 54 34 the
700 5540 87 31 year.
813 5530 82 34 Next

144 5584 150 43 evening,
318 5583 182 43 Thursday,
526 5584 126 32 Service
672 5586 65 31 will
761 5586 36 32 be
823 5587 72 32 held

145 5645 34 32 in
196 5644 46 34 St.
263 5642 197 40 Matthew's,
477 5642 33 34 in
534 5642 54 34 the
613 5644 170 44 township.
829 5645 66 35 The

143 5691 133 33 Annual
300 5689 143 42 Meeting
465 5689 35 33 of
528 5689 220 35 Parishioners
771 5691 65 34 will
860 5692 35 33 be

145 5737 75 34 held
249 5736 197 38 afterwards,
475 5740 32 29 at
536 5736 119 38 which,
687 5737 54 34 the
771 5739 124 41 regular

145 5784 161 39 business,
324 5783 62 33 and
405 5783 53 33 the
475 5783 135 33 election
635 5784 35 33 of
681 5795 18 22 a
715 5796 71 22 new
803 5786 69 33 Com-

145 5832 115 33 mittee
300 5829 62 34 and
394 5830 211 43 Vestry-men
640 5830 65 34 will
738 5830 37 34 be
811 5831 84 35 dealt

147 5877 90 36 with.
283 5877 59 33 We
359 5877 58 33 feel
434 5887 71 22 sure
522 5876 73 34 that
609 5877 56 33 the
687 5889 66 22 rev.
778 5880 101 39 gentle-

147 5936 79 24 man
249 5924 66 34 will
340 5923 34 34 be
398 5922 74 45 glad
489 5927 33 30 to
542 5934 52 23 see
616 5934 19 23 a
658 5924 82 43 good
763 5925 132 35 number

147 5976 151 40 ptesent;
322 5969 49 35 for
394 5969 53 35 the
471 5969 194 35 attendance
681 5982 42 22 on
747 5972 78 33 such
849 5984 31 22 oc-

146 6018 140 41 casions,
305 6016 25 35 is
348 6028 18 22 a
386 6021 105 39 pretty
516 6017 123 34 certain
661 6017 180 35 indication
865 6030 30 23 as

875 204 33 31 to
937 199 55 36 the
1021 204 137 31 amount
1186 200 35 35 of
1247 212 120 35 energy
1397 205 65 34 and
1491 201 157 49 interest!

876 257 96 41 being
1007 257 168 43 displayed
1204 258 35 32 in
1275 261 188 42 promoting
1500 265 130 34 Church
1665 257 2 46 i

879 317 144 30 matters.
1647 311 20 41 j.

919 370 69 34 The
1000 370 151 35 Wilmott
1162 370 145 45 Comedy
1319 372 172 47 Company
1505 378 126 36 arrived
1666 370 1 49 1

880 428 75 33 here
992 440 42 21 on
1069 428 56 33 the
1163 428 87 40 10th,
1289 430 65 32 and
1395 434 126 40 opened
1555 436 78 34 with
1666 428 1 46 1

914 485 168 36 Withered
1289 498 97 32 songs
1413 490 64 35 and
1502 491 130 44 dances,
1666 485 1 50 :

882 544 65 31 and
969 556 18 19 a
1010 546 95 36 farce,
1129 556 41 20 on
1194 546 160 41 Saturday
1377 548 105 39 night.
1528 551 104 33 There
1650 543 3 44 \
1666 543 1 44 :

884 610 64 21 was
964 610 41 23 an
1020 600 157 34 excellent
1194 600 109 40 house,
1323 601 55 34 but
1395 604 164 34 somehow
1580 608 52 33 the
1666 600 1 41 ;

883 656 75 43 play
982 663 85 27 went
1094 659 108 31 rather
1224 657 20 34 li
1257 665 33 31 it,
1319 659 64 33 and
1408 660 54 34 the
1489 671 86 26 want
1604 666 35 33 of
1652 656 2 53 j

871 715 1 44 i
884 715 136 32 suitable
1051 715 113 38 music,
1190 716 64 32 and
1282 716 153 43 ordinary
1466 726 88 33 stage
1587 736 32 19 ac-

886 772 151 31 cessories
1053 772 63 32 had
1134 774 83 31 their
1234 774 90 32 usual
1343 775 91 32 effect
1452 776 31 32 in
1502 779 111 33 makin
1629 792 7 12 r
1654 772 2 40 !

871 830 1 43 !
887 842 16 20 a
922 830 43 31 lot
982 831 30 33 ot
1031 831 52 33 the
1101 832 191 41 performers
1315 832 119 39 efforts,
1457 835 118 34 almost
1592 837 29 33 in-

887 885 157 34 effectual.
1090 888 174 42 Certainly,
1288 889 24 33 it
1335 889 26 32 is
1394 900 75 32 vavy
1503 891 76 34 kind
1606 894 34 32 of

871 944 2 40 i
889 944 52 33 the
959 945 160 32 members
1135 946 36 31 of
1183 946 54 33 the
1256 946 117 33 School
1389 949 198 34 Committee
1605 959 32 25 to

872 1002 1 54 i
890 1003 92 34 allow
1007 1003 54 35 the
1087 1015 55 23 use
1166 1005 35 34 of
1223 1004 54 35 the
1301 1017 90 23 room
1416 1018 42 22 on
1485 1008 79 34 such
1590 1022 48 23 oc-
1658 1002 1 54 j

872 1053 3 50 I
889 1061 137 38 casions,
1051 1062 67 39 but,
1144 1067 34 29 at
1204 1064 53 32 the
1285 1063 79 40 best,
1395 1065 54 31 the
1482 1067 157 34 available

891 1130 92 33 space
1007 1119 63 41 fee,
1087 1120 49 34 for
1157 1121 239 46 performances
1413 1122 33 34 of
1469 1123 56 34 the
1549 1124 90 42 kind,
1659 1119 2 48 .

891 1177 26 31 is
933 1183 53 26 too
1002 1177 135 33 limited.
1183 1180 92 31 Even
1294 1181 53 30 the
1364 1190 277 31 announcement,
1660 1177 2 44 '

893 1227 70 41 that
985 1234 55 34 the
1067 1234 113 45 highly
1208 1236 136 44 popular
1375 1237 137 43 comedy
1575 1239 67 36 The
1660 1227 2 54 j

893 1293 146 32 Guv'nor
1096 1293 106 32 would
1227 1294 35 31 be
1280 1301 58 37 put
1361 1306 52 26 on,
1434 1306 39 21 on
1499 1296 143 45 Monday

894 1349 102 43 night,
1014 1350 54 33 did
1084 1355 56 28 not
1157 1350 87 35 draw
1267 1352 161 42 anything
1453 1353 64 33 like
1543 1367 18 19 a
1586 1356 59 32 fair

894 1406 119 40 house;
1047 1407 56 32 but
1133 1407 76 40 still,
1241 1408 54 33 the
1326 1409 165 33 members
1528 1412 116 42 played
1662 1397 3 57 I

895 1463 85 33 their
996 1463 79 38 best,
1098 1465 64 33 and
1179 1465 93 34 made
1296 1477 18 22 a
1336 1466 82 42 good
1441 1468 203 42 impression.
1663 1463 3 47 I

898 1521 82 32 Next
988 1520 103 40 night,
1103 1522 160 42 Tuesday,
1315 1524 143 32 Delicate
1476 1526 135 32 Ground

880 1578 2 47 I
897 1578 62 33 and
1011 1579 155 33 Founded
1183 1592 40 20 on
1380 1592 80 22 were
1481 1583 163 42 produced

880 1631 49 48 |to
959 1646 19 20 a
1003 1635 71 31 thin
1104 1635 164 33 audience.
1315 1638 96 32 Soma
1440 1650 96 28 songs
1565 1652 81 21 were

898 1691 67 33 also
981 1691 106 40 given,
1105 1691 57 34 bat
1178 1705 34 20 as
1228 1694 49 31 far
1293 1705 34 20 as
1343 1705 45 22 we
1453 1706 78 32 may
1553 1708 39 28 go
1616 1698 31 32 in

899 1749 54 32 the
969 1750 156 32 assertion
1141 1750 35 33 of
1188 1762 19 21 a
1223 1751 65 33 fact
1343 1751 54 34 the
1420 1753 92 33 vocal
1536 1753 64 34 line
1623 1755 28 33 is

900 1808 56 31 not
981 1816 19 23 a
1025 1810 111 39 strong
1157 1807 92 44 point
1272 1806 78 35 with
1375 1807 65 35 this
1467 1821 184 33 company;

900 1862 171 43 especially
1097 1863 204 42 considering
1330 1864 90 33 there
1443 1876 67 22 was
1535 1878 42 21 no
1601 1880 33 22 ac-

901 1920 254 43 companiment.
1200 1920 58 33 We
1274 1920 83 44 hope
1374 1922 93 34 other
1481 1924 172 43 travelling

901 1976 186 44 companies
1119 1977 64 34 will
1212 1977 74 34 take
1317 1978 54 34 the
1408 1979 83 41 hint,
1522 1981 75 41 and,
1632 1983 28 33 if

901 2033 141 33 inclined
1065 2039 33 28 to
1155 2034 88 34 show
1299 2035 87 40 here,
1411 2037 78 42 only
1514 2050 137 32 arrange

902 2090 48 33 for
966 2102 61 22 one
1049 2089 105 45 night,
1378 2104 18 22 a
1420 2093 90 34 week
1534 2094 102 37 before-

871 2153 18 35 [,
903 2147 98 33 hand.

871 2196 2 51 ;
887 2196 3 51 I
948 2204 111 34 Under
1087 2204 54 34 the
1199 2205 216 42 Registration
1444 2207 35 33 of
1508 2208 148 34 Electors

905 2262 71 38 Act,
994 2262 57 32 187
1054 2261 3 47 (
1131 2261 54 34 the
1201 2263 78 31 rolls
1296 2263 35 33 of
1347 2275 132 32 persons
1503 2266 155 42 qualified

871 2319 1 50 I
889 2326 48 43 jto
966 2324 71 27 vote
1064 2324 32 27 at
1126 2320 152 32 elections
1306 2322 35 31 of
1359 2322 163 32 members
1549 2325 34 31 of
1606 2324 53 33 the

871 2375 2 52 ;
889 2375 2 52 j
907 2375 111 34 House
1034 2376 35 33 of
1083 2376 293 43 Representatives,
1402 2390 53 22 are
1479 2380 125 42 subject
1628 2388 30 26 to

871 2431 1 46 1
907 2431 171 43 periodical
1094 2433 138 32 revision
1250 2433 41 42 by
1310 2434 54 32 the
1383 2435 148 33 different
1551 2437 106 40 Regis-

890 2488 2 39 I
908 2495 80 26 trars
1003 2498 7 29 ;
1039 2488 64 32 and
1127 2501 46 20 we
1194 2490 199 32 understand
1419 2492 70 32 that
1513 2493 77 32 with
1615 2505 44 21 re-

871 2543 4 49 t
907 2543 78 41 gard
1007 2549 33 28 to
1063 2544 54 34 the
1141 2556 61 22 one
1221 2544 152 43 affecting
1392 2547 65 33 this
1481 2548 101 44 place,
1608 2550 55 33 the

871 2596 1 57 •
891 2596 2 57 j
907 2601 80 33 local
1006 2602 99 42 police
1121 2602 83 33 have
1227 2602 80 33 been
1331 2604 115 41 taking
1468 2614 138 25 account
1630 2609 34 30 of

871 2658 4 47 ,
891 2658 2 47 j
908 2658 55 33 the
987 2670 113 22 Hames
1123 2661 36 32 of
1177 2660 43 33 all
1243 2662 175 38 registered
1443 2665 120 40 parties
1591 2665 72 32 who

871 2714 4 50 1
907 2726 78 32 may
1001 2714 81 35 have
1099 2717 153 33 removed
1274 2729 93 32 away
1385 2724 31 28 to
1441 2719 92 33 other
1555 2719 108 45 places

871 2785 5 21 j
907 2773 119 33 —thus
1041 2773 172 42 becoming
1235 2775 218 43 disqualified.
1500 2778 114 38 These,
1633 2782 35 29 of

871 2830 4 49 ,
907 2841 125 28 course,
1049 2831 65 34 will
1131 2830 37 35 be
1185 2832 107 33 struck
1306 2832 51 40 off,
1373 2832 31 35 in
1419 2835 176 44 compiling
1609 2835 54 35 the

871 2900 6 21 5
910 2900 70 22 new
1010 2889 69 34 roll.
1124 2890 117 34 Voters
1267 2891 107 35 whose
1401 2904 113 22 names
1545 2906 120 34 appear

871 2957 6 21 3
910 2957 42 20 on
968 2957 64 31 any
1049 2948 70 35 roll,
1137 2949 104 31 under
1256 2950 55 31 the
1335 2951 186 32 residential
1538 2954 110 40 qualifi-

871 3015 6 21 -3
911 3002 119 39 cation,
1048 3002 64 34 and
1128 3003 74 34 who
1227 3016 76 32 may
1328 3006 83 33 have
1435 3006 230 46 subsequently

871 3072 6 21 s
911 3060 153 33 removed
1092 3067 32 26 to
1155 3062 140 33 another
1325 3063 135 39 district,
1490 3076 65 27 are,
1586 3067 82 32 after

871 3128 7 21 1
912 3116 121 39 having
1069 3117 125 33 resided
1230 3119 31 27 in
1305 3118 53 29 the
1395 3131 88 16 name
1521 3122 49 26 fur
1606 3132 59 16 one

871 3169 2 44 .
913 3169 125 40 month,
1055 3169 135 34 entitled
1208 3175 31 28 to
1258 3170 54 34 the
1329 3170 86 41 right
1439 3172 35 33 of
1495 3172 94 41 being
1613 3185 34 21 en-

871 3231 8 32 f
912 3227 100 33 rolled
1037 3239 35 23 as
1102 3228 135 32 electors
1269 3229 132 33 thereof.
1446 3231 74 41 Any
1552 3241 113 32 person

871 3288 13 35 f
912 3283 139 45 wishing
1074 3290 33 29 to
1131 3284 37 36 l»e
1188 3285 75 34 thus
1288 3286 194 35 transferred
1500 3288 82 34 from
1607 3300 60 22 one

871 3359 5 21 $
912 3342 60 34 roll
986 3349 31 27 to
1030 3343 148 40 another,
1193 3350 87 26 must
1295 3345 97 44 apply
1408 3352 31 26 to
1452 3345 53 33 the
1517 3346 152 41 registrar

871 3404 6 32 1
912 3401 35 30 of
967 3400 53 32 the
1045 3401 124 32 district
1187 3402 31 30 in
1244 3401 103 32 which
1374 3402 39 32 he
1439 3403 154 41 formerly
1617 3415 33 20 re-

871 3474 9 14 y
912 3457 99 38 sided,
1029 3457 65 34 and
1110 3458 111 33 obtain
1246 3471 18 21 a
1280 3458 174 35 certificate
1471 3470 6 23 :
1502 3460 76 39 this,
1604 3461 64 34 and

911 3525 20 22 a
959 3513 199 36 declaration
1181 3515 34 33 in
1243 3516 55 33 the
1328 3517 83 32 form
1441 3516 226 46 prescribad—

871 3588 9 27 •,
912 3573 97 32 made
1035 3573 42 42 by
1101 3573 53 33 the
1184 3574 175 43 applicant,
1388 3587 53 20 are
1465 3576 79 32 then
1576 3583 30 25 to
1633 3576 36 32 le

871 3648 8 16 r
912 3630 181 35 forwarded
1109 3643 42 23 on
1168 3636 32 30 to
1216 3630 54 36 the
1284 3644 115 33 person
1414 3632 122 44 having
1552 3632 116 43 charge

871 3695 13 31 f
912 3689 36 30 of
967 3688 54 32 the
1044 3689 60 31 roll
1127 3690 33 30 in
1178 3690 55 31 the
1255 3689 92 43 place
1371 3691 106 31 where
1502 3691 54 32 the
1580 3699 90 24 voter

871 3761 11 24 r
913 3744 26 34 is
955 3755 74 23 now
1045 3744 162 45 residing;
1231 3745 65 34 and
1312 3747 204 42 registration
1527 3747 139 42 follows,

872 3830 8 6 .
914 3815 35 23 as
978 3804 125 42 though
1133 3804 55 35 the
1215 3812 94 38 party
1340 3806 64 34 had
1435 3806 80 35 been
1547 3808 123 33 located

871 3880 8 14 r
914 3862 90 35 there
1021 3863 47 34 for
1084 3862 54 35 the
1155 3865 93 33 usual
1263 3864 202 45 period—six
1484 3866 144 34 months.

956 3920 59 34 We
1046 3919 89 35 learn
1160 3921 80 35 with
1263 3929 105 34 regret
1390 3923 72 34 that
1485 3923 55 35 the
1564 3936 106 22 severe

871 3997 9 20 t
915 3978 223 43 indisposition
1155 3980 35 32 of
1205 3981 50 31 Mr
1266 3981 142 32 Thomas
1426 3983 103 31 Bruce
1544 3983 64 32 and
1622 3984 50 31 Mr

915 4024 134 33 Charles
1085 4025 115 32 Fraser
1230 4026 59 31 has
1320 4026 155 34 rendered
1509 4027 159 33 desirable

916 4071 84 34 their
1022 4072 142 33 removal
1194 4078 33 27 to
1258 4072 54 34 the
1340 4073 139 35 Keefton
1505 4074 164 44 Hospital.

871 4115 10 20 e
915 4118 105 33 There
1036 4129 54 22 are
1106 4124 34 27 at
1150 4125 127 37 present
1289 4120 115 32 twelve
1418 4121 141 33 inmates
1571 4128 33 26 at
1615 4123 55 32 the

871 4182 13 11 ».
916 4165 196 34 institution.
1115 4165 237 43 —Inangahua
1370 4167 135 34 Herald.

1012 4271 161 46 THE
1271 4272 302 50 MINES.

986 4372 108 40 (From
1126 4381 66 23 our
1225 4372 132 33 Mining
1389 4373 206 37 Reporter.)

1325 4466 138 39 Friday,
1485 4467 81 46 July
1583 4471 49 33 17.

966 4521 131 36 United
1134 4522 252 35 Alpine.—The
1421 4525 100 34 result
1551 4527 36 33 of
1621 4527 53 34 the

922 4580 69 32 first
1008 4580 154 40 crushing
1178 4581 87 31 since
1282 4580 53 33 the
1353 4582 149 42 previous
1511 4584 144 40 cleaning-

924 4649 52 32 up,
1002 4649 134 31 appears
1160 4638 33 33 in
1217 4639 135 33 another
1376 4639 142 40 column,
1543 4642 76 39 and,
1646 4650 31 26 ot

923 4693 95 39 itself,
1035 4694 157 33 indicates
1208 4695 93 41 fully,
1320 4695 53 33 the
1390 4697 167 33 character
1574 4699 35 32 of
1623 4700 53 32 the

925 4751 70 32 lode
1012 4763 73 19 now
1105 4751 95 42 being
1223 4751 218 33 blocked-out.
1489 4754 110 33 Inside
1623 4757 54 31 the

925 4807 98 40 mine,
1049 4806 87 35 there
1160 4806 26 34 is
1209 4817 41 24 no
1274 4807 192 45 perceptible
1498 4809 124 43 change
1646 4817 32 29 to

926 4870 115 37 report.
1089 4866 51 29 Mr
1156 4864 189 33 Conradson
1363 4866 58 31 has
1444 4867 62 31 five
1530 4875 107 35 stopes
1642 4888 37 4 —

926 4921 17 32 5
982 4926 32 27 to
1050 4920 18 33 9
1108 4918 180 44 (inclusive)
1331 4918 202 47 working,—
1550 4923 131 42 coming

926 4975 107 32 south.
1079 4975 91 42 They
1184 4975 77 32 each
1274 4975 88 32 show
1376 4976 55 32 the
1441 4979 92 31 usual
1543 4990 136 30 average

927 5033 100 33 width
1050 5033 35 33 of
1105 5039 103 32 stone,
1225 5033 63 33 and
1305 5039 111 37 quartz
1440 5034 27 34 is
1489 5036 132 44 coming
1644 5043 32 28 to

926 5102 89 33 grass
1061 5089 101 44 freely
1199 5089 139 40 enough,
1384 5090 77 44 only
1506 5092 73 34 that
1626 5094 55 34 the

927 5148 150 43 requisite
1103 5147 220 43 complement
1354 5148 34 32 of
1411 5159 76 22 men
1512 5149 59 33 has
1601 5150 79 34 been

929 5213 105 38 pretty
1051 5205 183 44 frequently
1251 5206 173 34 interfered
1450 5208 77 33 with
1552 5209 36 33 of
1607 5210 75 40 late,

928 5264 64 33 and
1021 5264 149 38 reduced,
1203 5263 141 42 through
1381 5264 154 35 numbers
1565 5267 36 32 of
1627 5268 55 34 the

929 5321 106 32 hands
1060 5320 162 43 changing
1248 5320 109 36 about,
1385 5321 129 42 leaving
1540 5323 54 33 the
1622 5325 45 33 dis-

929 5379 83 36 trict,
1030 5377 63 33 and
1110 5377 111 43 delays
1241 5379 167 42 occurring
1431 5379 107 34 whilst
1562 5381 119 40 others,

929 5436 35 34 of
977 5447 123 28 course,
1117 5447 84 21 were
1217 5434 97 43 being
1333 5436 156 43 procured
1513 5445 34 25 to
1569 5446 59 36 put
1651 5439 32 36 in

931 5492 82 34 their
1029 5493 116 43 places.
1190 5492 68 32 The
1277 5492 88 33 main
1381 5492 63 34 rise
1462 5500 31 27 to
1518 5497 122 32 surface
1658 5497 27 33 is

931 5550 139 39 through
1095 5557 31 26 to
1152 5550 59 33 No.
1239 5551 26 37 1,
1284 5550 63 32 and
1371 5551 64 33 this
1453 5551 65 33 will
1535 5553 36 33 be
1596 5555 88 41 quite

931 5614 54 27 out
1002 5608 34 33 of
1049 5606 88 34 hand
1154 5606 34 34 in
1206 5605 97 35 about
1323 5617 17 23 a
1357 5606 98 41 week,
1481 5608 107 42 when,
1612 5610 25 35 it
1660 5612 25 33 is

931 5666 163 43 expected,
1119 5666 189 42 logging-up
1333 5666 64 32 and
1422 5668 166 42 centreing
1619 5670 66 33 will

931 5725 36 33 be
985 5724 149 34 finished.
1183 5724 105 32 Burns
1311 5723 64 34 and
1401 5731 104 38 party,
1530 5726 154 36 tributers

933 5782 143 44 working
1106 5782 107 33 leader
1242 5781 100 33 above
1375 5783 59 32 No.
1463 5785 19 31 -1
1507 5784 82 34 level
1620 5787 65 33 still

931 5840 231 44 blocking-out.
1208 5839 104 34 Crush
1343 5839 98 35 about
1467 5841 62 34 end
1557 5843 33 33 of
1619 5843 65 35 this

931 5897 127 35 month.
1104 5897 52 33 Mr
1194 5897 127 33 Waters
1357 5902 126 39 reports
1520 5899 73 37 that
1629 5902 56 35 the

931 5956 145 44 working
1086 5955 35 34 of
1128 5955 55 33 the
1193 5955 128 43 battery
1333 5955 64 33 and
1411 5966 71 24 new
1495 5957 190 47 machinery

931 6014 26 34 is
974 6014 110 44 giving
1100 6016 89 40 great
1204 6012 212 34 satisfaction.

1707 210 132 35 United
1877 214 224 37 Italy.—The
2141 219 152 36 tributers
2331 234 65 21 com-

1679 268 120 32 nenced
1825 271 154 42 crushing
2008 274 85 31 their
2120 277 106 39 parcel
2251 277 35 31 of
2314 285 106 30 stone,

1679 323 84 33 ibout
1801 327 38 31 40
1879 331 82 34 tons,
2007 340 42 22 on
2089 330 144 39 Monday
2270 333 153 36 morning

1681 386 67 35 ast;
1781 382 63 33 and
1875 382 42 45 by
1941 384 140 45 keeping
2106 388 53 32 the
2191 389 81 33 little
2304 389 118 33 5-hoad

1679 444 114 34 mattery
1803 440 95 42 going
1910 440 57 33 full
1984 442 89 38 time,
2091 443 76 43 they
2180 449 112 38 expect
2302 445 123 43 having
2439 440 2 56 j

1682 501 11 26 t
1709 494 41 34 all
1768 494 139 46 through
1933 498 42 43 by
1998 498 64 34 this
2087 499 63 44 day
2173 501 99 34 week.
2318 501 104 35 There
2439 494 3 49 I

1682 564 13 18 s
1726 564 89 20 some
1840 556 146 31 mention
2013 557 35 31 of
2074 558 55 31 the
2157 569 162 31 company
2347 572 78 19 soon
2440 546 3 54 !

1679 609 127 41 starting
1823 609 86 33 work
1928 611 104 39 again.

1712 676 68 33 Tyr
1805 678 207 33 Cornell.—
2018 680 50 34 Xo
2093 682 130 41 change,
2246 682 31 34 in
2311 684 114 33 leader.

1681 734 66 31 [\vo
1773 746 87 22 more
1886 736 103 33 hands
2013 750 52 20 are
2088 745 31 25 to
2145 738 36 34 be
2206 749 57 34 put
2286 754 40 20 on
2353 752 74 24 uexD

1679 791 90 36 week,
1790 791 73 33 thus
1881 794 132 43 nuking
2031 795 77 40 five,,
2124 796 30 32 in
2172 797 52 38 all,
2244 798 112 42 taking
2368 807 56 25 out

1679 857 94 23 stout?.

1717 907 192 32 Croesus.—
1921 907 58 33 Hie
2004 908 160 42 tributers,
2189 911 153 36 Acvjoliuo
2364 913 66 35 and
2447 907 1 43 '

1679 971 102 37 party,
1792 965 191 45 cleaned-up
1994 978 40 22 on
2051 969 54 31 the
2123 970 159 34 ilthinst.
2309 974 122 41 Eighty
2448 958 1 57 !

1679 1022 43 34 six
1747 1030 71 26 tons
1841 1024 111 42 giving
1972 1028 95 31 -Jloxs
2093 1026 122 35 lOdwts
2239 1038 30 24 ot
2292 1032 141 33 retorted
2448 1022 1 46 ;

1679 1080 80 40 gold.
1806 1082 68 33 The
1898 1084 171 33 smallness
2093 1085 35 32 of
2151 1085 53 33 the
2228 1087 155 44 crushing
2407 1088 26 34 is
2448 1080 1 51 '

1679 1139 59 33 due
1756 1148 31 24 to
1806 1141 52 33 the
1876 1141 158 41 difficulty
2054 1151 66 25 met
2137 1144 78 33 with
2239 1145 33 34 in

1679 1210 16 18 a
1712 1195 160 36 snfflnent
1890 1198 137 33 number
2043 1201 36 30 of
2099 1212 75 20 men
2201 1204 184 43 constantly
2403 1214 34 23 at

1679 1255 96 33 work.
1823 1258 191 41 Operations
2048 1257 80 33 have
2157 1264 57 27 not
2237 1261 86 32 since
2355 1261 79 34 been

1680 1313 159 33 resumed.

1723 1371 288 34 Maruta.—Since
2042 1372 63 35 last
2131 1381 118 37 report,
2282 1376 154 34 tributers

1682 1428 80 32 have
1794 1429 123 33 further
1946 1438 94 25 exten
2055 1431 50 33 led
2145 1431 93 41 levd,
2270 1433 168 41 following

1682 1485 107 33 leader
1818 1487 48 33 for
1891 1500 18 20 a
1936 1487 220 36 considerable
2192 1489 156 36 distame.
2411 1493 30 31 It

1684 1541 177 34 maintains
1884 1555 18 21 a
1924 1545 82 39 good
2023 1557 136 31 average
2182 1547 163 34 thickness
2366 1549 36 33 of
2422 1562 17 19 a

1684 1597 79 35 little
1796 1601 102 31 under
1928 1615 18 18 a
1975 1603 78 37 foot,
2084 1602 56 33 but
2172 1604 32 33 in
2237 1606 117 41 places,
2386 1618 36 31 ap-

1685 1657 148 41 parently
1870 1658 118 32 carries
2028 1670 75 31 very
2141 1661 78 32 little
2257 1663 85 40 gold.
2390 1665 51 30 An

1684 1713 117 33 incline
1833 1713 85 35 shaft
1947 1716 57 32 has
2034 1716 78 34 been
2137 1718 83 34 sunk
2247 1720 109 33 where
2389 1721 54 33 the

1685 1769 71 33 lode
1782 1771 68 32 first
1874 1784 91 21 came
1988 1773 45 39 in,
2051 1775 82 32 after
2149 1774 128 39 driving
2301 1777 140 36 through

1686 1826 55 33 the
1772 1830 18 15 '•
1994 1831 32 34 It
2055 1832 26 33 is
2108 1834 96 32 down
2235 1836 40 30 50
2305 1834 74 40 feet,
2412 1839 32 30 at

1688 1883 104 34 which
1823 1886 98 42 depth
1954 1887 55 33 the
2043 1894 105 34 stone,
2179 1889 106 34 which
2326 1892 118 32 carries

1687 1941 82 41 good
1785 1942 134 41 payable
1936 1944 86 39 gold,
2039 1945 65 33 and
2121 1958 152 32 averages
2290 1950 18 30 G
2332 1948 112 33 inches

1689 1997 186 35 thick—cut
1905 2006 69 27 out.
2019 2002 44 32 As
2095 2002 64 34 this
2189 2014 77 33 may
2298 2005 79 43 only
2407 2005 38 34 be

1689 2056 138 32 another
2043 2059 26 32 it
2092 2061 64 32 will
2174 2061 39 33 be
2237 2062 84 32 sunk
2346 2075 18 19 a
2387 2064 59 30 few

1689 2120 65 25 sets
1776 2124 101 29 more,
1900 2113 107 35 before
2024 2117 231 45 commencing
2279 2125 33 27 to
2335 2119 90 33 block-

1691 2177 66 24 out.

1735 2227 109 32 Lykll
1862 2228 114 33 Creek
1998 2230 451 35 Extended.—Contractors

1692 2284 120 32 started
1825 2284 87 33 work
1924 2292 33 27 at
1968 2286 63 33 end
2044 2288 33 32 of
2083 2288 62 33 last
2157 2288 101 34 week.
2293 2289 156 43 Country,

1693 2350 89 23 same
1797 2352 35 21 as
1845 2342 94 32 usual
1942 2343 132 33 —hard.

1698 2447 256 47 LATEST
2021 2449 428 51 TELEGRAMS.

2007 2569 241 43 Wellington,
2265 2572 80 44 July
2363 2574 48 32 14.

1736 2614 136 42 Waring
1895 2616 108 32 Tailor
2018 2616 59 33 has
2102 2618 80 33 been
2204 2624 72 27 sent
2299 2625 32 27 to
2350 2620 80 32 Hoki-

1697 2660 65 34 tika
1800 2662 85 39 gaol,
1924 2663 107 32 where
2076 2663 41 33 he
2161 2665 66 33 will
2272 2677 89 21 serve
2406 2666 43 33 his

1697 2714 161 26 sentence.

2077 2755 172 42 Dunedin,
2266 2757 81 43 July
2365 2759 48 34 13.

1741 2798 50 34 Mr
1821 2800 143 32 Thomas
1995 2801 148 33 Bracken
2171 2803 59 32 has
2262 2804 147 33 received
2439 2816 10 21 a

1697 2846 188 43 requisition
1909 2847 83 34 from
2026 2848 118 35 Milton
2167 2849 65 35 and
2256 2850 193 43 Kaitangata

1698 2895 186 41 requesting
1908 2896 68 32 him
2002 2900 31 29 to
2059 2896 96 34 stand
2181 2898 49 33 for
2254 2898 117 40 Bruce,
2396 2898 53 34 has

1700 2941 118 41 replied
1844 2942 72 31 that
1947 2942 148 32 business
2124 2954 235 31 engagements
2389 2945 60 32 will

1699 2992 135 36 prevent
1853 2987 49 32 his
1926 2987 198 44 complying.
2172 2989 52 34 Mr
2247 2990 202 41 Hutcheson,

1698 3034 155 42 formerly
1870 3034 35 33 of
1917 3034 212 44 Wellington,
2147 3036 26 33 is
2189 3039 195 41 canvassing
2399 3038 50 33 the

1941 3171 277 37 LATEST

1742 3229 290 47 CABLE
2129 3233 284 48 NEWS.

2098 3375 150 39 London,
2265 3375 86 33 June
2369 3377 48 33 11.

1742 3427 68 33 The
1835 3428 138 34 election
2001 3429 36 34 of
2058 3442 18 21 a
2105 3430 148 35 member
2283 3432 36 33 of
2338 3432 96 34 Parlia-

1702 3493 88 24 ment
1806 3486 49 33 for
1874 3488 104 31 North
2003 3488 227 33 Lincolnshire
2257 3491 33 31 in
2314 3490 90 43 place
2427 3495 23 28 oi

1704 3542 51 35 Mr
1762 3542 159 36 Rowland
1938 3544 107 38 Winn,
2060 3545 73 33 who
2147 3547 58 32 has
2218 3545 82 35 bten
2313 3547 137 34 elevated

1702 3606 32 26 to
1752 3600 53 32 the
1823 3601 149 42 Peerage,
1989 3601 75 33 took
2083 3603 88 42 place
2189 3603 113 44 to-day
2323 3609 65 28 and
2410 3615 27 22 re-

1702 3658 105 33 sulted
1830 3658 35 33 in
1888 3659 54 33 the
1959 3667 110 26 return
2090 3660 36 34 of
2144 3660 57 34 the
2227 3662 223 35 Conservative

1703 3715 181 38 candidate,
1919 3716 51 32 Mr
1999 3717 174 39 Atkinson,
2205 3718 74 33 who
2310 3719 140 33 defeated

1705 3772 50 36 Sir
1771 3772 116 45 Henry
1903 3773 201 45 Thompson,
2123 3773 54 36 the
2201 3774 129 37 Liberal
2349 3776 85 35 candi-

1704 3832 72 33 date
1792 3831 42 44 by
1849 3843 19 21 a
1884 3832 104 42 larger
2004 3832 150 45 majority
2171 3833 80 34 than
2265 3834 72 34 that
2349 3835 101 44 polled

1706 3891 39 43 by
1764 3890 51 34 Mr
1832 3890 98 35 Winn
1946 3898 34 27 at
1996 3891 54 34 the
2067 3891 62 35 last
2141 3892 151 35 election.

2140 3952 116 41 Cairo,
2272 3952 80 45 July
2368 3954 49 34 11.

1745 4007 327 38 Brigadier-General
2109 4010 118 35 Green,
2265 4011 96 37 K.E.,
2399 4011 51 30 has

1708 4052 173 47 proceeded
1908 4060 32 27 to
1963 4053 146 35 Assouan
2140 4065 42 24 on
2206 4054 72 36 first
2304 4061 146 36 cataract,

1708 4100 109 41 taking
1834 4099 78 33 with
1929 4100 67 33 him
2013 4101 71 33 half
2097 4102 53 33 the
2168 4104 159 40 regiment
2337 4104 36 32 of
2377 4104 73 32 20th

1710 4147 151 34 Hussars.

1747 4254 250 34 ANNUITIES
2034 4256 54 33 TO
2132 4257 93 33 THE
2272 4259 148 33 ROYAL

1993 4312 184 37 FAMILY.

1749 4429 147 43 Apropos
1918 4427 34 33 of
1969 4427 54 33 the
2046 4434 96 35 grant
2160 4429 69 44 just
2252 4431 98 34 asked
2373 4432 83 34 from

1712 4487 197 32 Parliament
1934 4497 39 21 on
2004 4485 112 34 behalf
2149 4488 36 33 of
2217 4488 54 33 the
2311 4490 147 33 Princess

1711 4542 109 36 Beatri
1892 4542 25 34 it
1935 4554 76 33 may
2037 4544 35 33 be
2096 4545 108 41 noted,
2230 4545 41 45 by
2294 4546 55 34 the
2373 4559 84 32 way,

1711 4602 71 34 that
1806 4601 54 33 the
1883 4599 128 45 bargain
2042 4603 142 33 asserted
2212 4610 32 28 to
2269 4604 83 34 have
2375 4605 82 34 been

1712 4661 93 32 made
1823 4660 137 32 between
1976 4660 54 33 the
2047 4661 116 33 Crown
2171 4662 65 33 and
2249 4663 55 33 the
2318 4669 139 37 country

1712 4718 57 32 has
1792 4714 113 46 proved
1929 4728 38 21 an
1991 4716 243 44 advantageous
2257 4730 62 23 one
2344 4726 31 27 to
2398 4731 59 22 our

1714 4774 130 31 Princes
1861 4773 56 30 aid
1935 4773 190 38 Princesses,
2143 4786 35 20 as
2195 4787 18 19 a
2229 4776 112 39 glance
2359 4785 33 23 at
2403 4777 54 31 the

1714 4830 113 34 results
1858 4828 58 34 will
1949 4829 100 35 show.
2095 4831 40 33 In
2166 4831 146 35 addition
2338 4836 33 31 to
2403 4833 57 34 her

1715 4887 166 43 Majesty's
1917 4887 73 33 civil
2034 4887 53 33 list
2123 4888 36 32 of
2196 4890 163 38 .£385,000
2403 4900 57 34 per

1714 4956 134 26 annum,
1865 4952 45 25 tie
1933 4945 164 39 following
2119 4946 166 34 annuities
2308 4958 53 22 are
2384 4948 76 43 paid

1715 5008 31 28 to
1763 5000 151 34 members
1931 5001 34 33 of
1978 5001 53 33 the
2049 5001 105 44 Royal
2171 5003 130 44 Family
2314 5013 50 23 :

1716 5059 113 33 Prince
1846 5058 144 34 ofWales
2320 5062 140 37 £40,000

1716 5117 147 32 Princess
1880 5116 24 33 cf
1917 5115 108 34 Wales
2349 5121 112 37 10,000

1716 5175 117 33 Crown
1850 5174 136 33 Prncess
2002 5174 35 34 of
2050 5174 130 34 Prussia
2235 5200 34 9 ...
2367 5179 93 38 8,000

1717 5231 92 33 Duke
1826 5231 34 33 of
1874 5229 180 46 Edinburgh
2346 5236 114 39 25,000

1718 5290 146 32 Princess
1881 5287 151 35 Christian
2049 5289 34 33 of
2102 5290 190 42 Schleswig-

1758 5345 140 32 Holsteii
2366 5352 94 37 G,OOO

1718 5402 147 34 Princess
1883 5400 103 35 lonise
2010 5402 236 41 (Marchioness
2263 5405 35 33 of

1759 5461 105 32 Lome
2367 5468 94 38 0,000

1718 5517 93 34 Duke
1829 5516 34 33 of
1876 5515 181 42 Cmnaught
2348 5524 114 39 25,000

1720 5576 146 31 Duchess
1882 5575 415 41 oiMecklenbiu'g-Sfcrelitz
2367 5584 94 34 8,000

1721 5631 146 35 Duchess
1884 5631 225 45 oiCambridge
2368 5638 93 38 G,OOO

1719 5690 147 33 Duchess
1884 5688 117 35 ofTeck
2369 5699 93 38 5,000

1720 5749 93 34 Duke
1830 5748 34 34 of
1877 5746 178 46 Cambridge
2349 5754 113 41 12,000

1719 5807 148 34 Duchess
1883 5804 161 46 ofilbany
2369 5814 94 40 6,000

1759 5874 91 35 With
1873 5873 52 34 the
1936 5875 138 42 annuity
2088 5875 35 33 of
2138 5876 108 35 £OOOO
2267 5878 108 36 which
2399 5882 60 35 has

1716 5927 69 41 just
1813 5921 82 34 been
1926 5920 85 35 'oted
2041 5927 33 29 to
2111 5922 150 36 Princess
2298 5926 160 46 Beatrice,

1719 5970 55 35 the
1804 5967 81 35 total
1914 5977 16 23 o
1959 5967 90 36 these
2070 5974 112 39 grants
2219 5983 74 24 now
2330 5977 132 36 reaches

1722 6016 169 38 £158,000.

2547 226 92 34 THE
2664 228 113 36 BEST
2800 233 180 35 ABUSED
3006 237 108 34 MAN.

2497 337 30 33 A
2544 341 252 42 correspondent
2812 345 129 44 writing
2956 348 83 34 from
3052 351 158 36 Otahuhu

2460 397 30 31 to
2506 395 55 34 the
2578 397 171 35 Auckland
2761 400 73 34 Bell
2848 402 164 36 furnishes
3026 407 54 34 the
3092 409 103 35 follow-

2460 453 63 37 in,!;,
2558 454 33 31 in
2622 454 107 33 which
2749 456 90 33 there
2869 459 27 31 is
2925 471 17 21 a
2968 464 84 40 good
3083 466 71 33 deal
3186 468 35 33 of

2460 509 85 34 truth
2563 512 119 34 :—The
2695 513 150 45 publican
2856 528 77 33 pays
2947 519 63 34 .£25
3029 530 30 24 to
3082 523 62 35 £3O
3160 536 55 33 per

2461 578 125 22 annum
2610 570 48 30 for
2686 571 54 32 the
2765 572 117 44 liberty
2912 579 33 27 to
2972 577 57 31 sell
3055 577 73 33 beer
3154 582 64 32 and

2462 625 118 43 spirits.
2627 626 34 34 If
2684 627 39 34 he
2747 629 122 34 refuses
2892 635 33 30 to
2956 639 54 34 get
3038 645 41 32 up
3108 636 31 32 in
3165 642 54 29 tne

2464 683 94 40 night
2573 689 32 29 to
2622 687 118 43 supply
2758 689 52 33 the
2825 689 159 34 demands
2998 692 35 31 of
3043 694 177 40 travellers,

2464 741 38 33 he
2520 750 69 31 gets
2606 743 98 41 fined,
2723 745 75 34 with
2817 759 17 21 a
2851 748 121 33 chance
2998 750 34 33 of
3044 750 104 41 losing
3173 751 48 35 his

2467 797 116 35 license
2599 810 6 30 ;
2631 800 39 34 he
2687 812 81 33 pays
2784 810 32 26 at
2834 805 42 32 all
2893 810 96 29 times
3003 814 82 33 rent,
3104 808 117 34 double

2464 856 53 33 the
2535 858 102 32 worth
2655 859 35 32 of
2703 861 53 31 the
2770 861 98 33 house
2881 873 7 28 ;
2907 863 39 33 he
2964 865 25 31 is
3001 866 94 31 rated
3109 866 115 43 higher

2466 911 78 35 than
2571 915 53 33 the
2648 916 94 34 value
2765 918 36 33 of
2823 918 52 35 his
2899 922 167 42 premises,
3093 922 65 34 and
3182 923 40 35 he

2466 982 79 33 pays
2570 984 88 23 more
2676 979 89 30 taxes
2782 977 77 33 than
2885 978 48 33 his
2957 980 176 42 neighbors
3152 992 6 30 ;
3183 983 40 33 he

2467 1042 59 22 can
2550 1044 99 23 never
2671 1034 55 35 tell
2754 1035 74 35 how
2853 1049 100 33 many
2979 1039 62 34 will
3065 1040 161 35 dine—he

2469 1087 158 36 therefore
2658 1092 148 43 provides
2832 1094 159 45 liberally,
3024 1097 65 33 aud
3119 1098 106 34 looses

2469 1157 76 32 very
2561 1148 87 34 often
2662 1160 7 30 ;
2693 1150 51 34 his
2760 1151 70 35 cold
2848 1159 116 33 meats,
2983 1156 64 39 &c,
3073 1156 40 34 he
3130 1157 96 34 sends

2471 1209 31 25 to
2519 1205 54 31 the
2588 1216 88 31 poor,
2693 1208 108 33 whilst
2818 1209 51 33 his
2880 1213 132 31 teetotal
3027 1224 60 32 spy
3102 1214 61 32 lets
3176 1214 51 32 his

2472 1259 129 37 brother
2631 1269 106 29 starve
2781 1266 92 35 Then
2900 1281 41 21 on
2968 1270 135 43 Sunday
3131 1272 97 33 when

2472 1328 77 34 poor
2565 1320 153 35 Boniface
2735 1323 97 34 needs
2848 1335 112 34 repose
2977 1327 50 34 for
3045 1327 78 35 both
3144 1328 85 45 body

2473 1376 64 33 and
2559 1380 80 39 soul,
2663 1381 65 32 and
2751 1381 39 34 he
2813 1383 113 34 thinks
2949 1385 136 34 himself
3106 1399 122 29 secure,

2473 1444 81 22 even
2578 1435 84 35 from
2689 1437 54 34 the
2770 1451 111 22 snares
2911 1442 36 33 of
2973 1442 55 34 the
3061 1444 95 41 devil,
3186 1456 43 34 up

2474 1503 108 23 comes
2595 1494 55 34 the
2878 1499 92 44 They
2983 1502 96 33 stand
3093 1503 33 33 in
3140 1504 90 34 front

2474 1548 35 33 of
2523 1550 53 33 the
2593 1552 137 35 doomed
2746 1558 106 32 man's
2865 1557 111 35 house.
3022 1560 91 43 They
3125 1560 93 35 kneel
3224 1588 9 14 r

2476 1618 90 32 pray,
2591 1609 81 43 sing,
2697 1611 95 41 howl,
2817 1626 102 28 curse,
2939 1616 64 33 and
3027 1618 205 43 blaspheme.

2476 1664 91 43 They
2583 1666 75 43 play
2679 1675 139 34 cornets,
2842 1672 199 41 trombones,
3066 1675 145 33 tambour-

2477 1720 79 40 ines,
2573 1723 94 34 rattle
2684 1725 55 34 the
2758 1725 109 43 bones,
2891 1729 65 33 and
2973 1734 74 30 turn
3072 1742 159 24 summer-

2481 1780 108 33 saults.
2634 1782 93 43 They
2750 1785 57 32 tell
2823 1786 53 32 the
2900 1787 153 44 publican
3076 1789 40 33 he
3140 1790 27 32 is
3190 1803 42 21 on

2481 1835 47 34 his
2566 1850 71 31 way
2674 1845 31 28 to
2743 1841 86 41 hell;
2867 1843 73 35 that
2975 1844 51 34 his
3063 1847 84 39 wife,
3185 1848 50 33 his

2481 1893 184 44 (laughters,
2682 1897 64 33 and
2762 1898 51 34 his
2827 1899 164 36 barmaids
3006 1914 54 21 are
3070 1906 163 41 wronged,

2481 1952 64 32 and
2569 1953 49 32 his
2641 1966 76 22 men
2742 1964 146 27 servants
2903 1971 53 21 are
2980 1960 35 33 in
3037 1961 55 33 the
3116 1973 64 32 nay
3203 1964 34 32 of

2482 2009 54 34 the
2555 2011 104 35 Devil.
2705 2015 115 44 Surely
2835 2016 66 35 this
2917 2029 80 32 poor
3013 2030 78 23 man
3120 2020 117 35 should

2481 2066 38 32 be
2536 2071 166 38 protected
2715 2080 8 30 ;
2747 2071 40 33 he
2802 2084 80 32 pays
2898 2074 51 33 his
2964 2087 72 31 way
3058 2078 153 43 honestly
3227 2090 8 28 ;

2484 2122 39 34 he
2541 2126 200 35 contributes
2756 2139 139 25 revenue
2910 2137 33 28 to
2962 2133 56 33 the
3035 2140 93 33 state,
3147 2140 90 29 taxes

2484 2187 32 27 to
2547 2182 54 33 the
2632 2184 113 33 coffers
2773 2185 36 33 of
2831 2186 54 34 the
2914 2189 179 45 municipal
3122 2192 113 40 chest;

2485 2238 109 34 minds
2617 2240 50 32 his
2690 2253 72 21 own
2785 2243 167 43 business;
2977 2248 77 32 tries
3077 2253 33 29 to
3131 2250 105 42 injure

2487 2307 93 28 none,
2604 2297 65 33 and
2691 2298 40 33 he
2755 2311 100 23 never
2877 2304 127 40 growls,
3031 2304 56 34 but
3110 2307 126 43 quietly

2486 2363 75 32 says
2585 2359 31 27 to
2641 2353 139 43 himself,
2837 2358 16 33 I
2870 2370 53 22 am
2947 2360 54 34 the
3024 2361 69 35 best
3116 2363 123 35 abased

2488 2420 78 22 man
2581 2412 34 30 in
2629 2412 54 31 the

2538 2517 652 42 MISCELLANEOUS.

2532 2629 69 33 The
2617 2635 126 39 greater
2758 2637 73 40 part
2846 2634 33 33 of
2892 2635 55 33 the
2970 2636 139 36 Russian
3134 2639 107 44 public

2491 2688 74 32 debt
2582 2688 26 33 is
2624 2690 74 32 held
2714 2690 34 32 in
2765 2691 178 44 Germany.

2533 2745 50 34 On
2606 2745 56 34 the
2678 2747 167 44 authority
2868 2750 35 33 of
2914 2762 42 22 an
2972 2752 137 44 English
3133 2766 108 33 paper,

2491 2801 25 33 it
2539 2803 27 31 is
2589 2803 105 33 stated
2710 2805 72 33 that
2805 2806 53 32 Mr
2876 2807 130 34 Parnell
3028 2810 67 31 will
3118 2811 126 43 shortly

2491 2859 73 34 lead
2590 2866 32 28 to
2649 2861 55 34 the
2729 2862 84 35 altar
2839 2876 19 21 a
2876 2876 110 32 young
3012 2867 64 34 and
3102 2869 143 43 wealthy

2491 2918 175 35 American
2681 2919 87 46 lady,
2785 2933 42 22 an
2841 2922 151 36 intimate
3012 2925 104 34 friend
3132 2926 36 35 of
3185 2927 56 35 the

2494 2974 83 34 Irish
2594 2975 134 35 leader's
2744 2978 140 34 mother.

2533 3032 170 37 President
2739 3035 177 35 Cleveland
2945 3048 75 33 says
3049 3038 72 34 that
3150 3040 71 45 poly-

2491 3102 100 28 gamy
2613 3092 35 32 in
2671 3092 55 33 the
2749 3093 188 34 Territories
2958 3095 28 32 is
3002 3095 194 35 destructive
3213 3105 33 26 to

2493 3142 54 33 the
2563 3143 115 43 family
2700 3146 146 43 religion,
2870 3149 65 32 and
2958 3151 155 34 offensive
3132 3157 32 28 to
3186 3153 56 34 the

2494 3200 103 34 moral
2619 3212 93 24 sense
2735 3206 32 31 of
2789 3204 56 34 the
2874 3206 145 36 civilised
3046 3210 111 40 world,
3181 3212 67 34 and

2493 3257 85 32 shall
2596 3258 36 32 be
2650 3262 200 42 suppressed.

2579 3316 63 35 hen
2671 3316 85 36 bluff
2781 3319 53 35 old
2858 3320 51 35 Sir
2934 3322 133 36 Charles
3100 3325 150 37 Hotliam

2495 3373 238 43 (quarter-deck
2751 3377 139 45 Charley
2907 3392 35 22 as
2957 3382 77 42 they
3050 3384 80 33 used
3146 3389 32 30 to
3189 3386 61 33 call

2493 3429 80 44 him)
2615 3432 92 35 ruled
2742 3434 35 34 in
2815 3435 153 43 Victoria,
3014 3439 40 34 he
3097 3442 155 44 mortally

2495 3488 150 35 offended
2676 3491 55 34 the
2755 3493 203 35 fashionable
2985 3497 101 33 world
3109 3500 36 32 of
3172 3501 57 33 Mel-

2493 3544 134 43 bourne,
2646 3546 42 45 by
2710 3549 112 43 giving
2843 3550 92 36 them
2959 3553 139 36 colonial
3122 3555 73 36 beer
3217 3563 33 29 at

2493 3602 55 32 the
2564 3604 224 36 Government
2801 3608 114 34 House
2925 3610 188 36 festivities!
3158 3615 93 44 They

2493 3671 100 24 never
2616 3662 133 42 forgave
2772 3664 54 35 the
2842 3666 174 47 indignity,
3034 3671 65 33 and
3122 3671 124 36 hunted

2494 3716 68 33 him
2580 3723 58 28 out
2652 3720 35 31 of
2699 3721 55 33 the
2771 3723 126 42 Colony
2912 3725 126 42 shortly
3061 3728 189 34 afterwards

2537 3780 18 13 u
2575 3775 148 38 Colonial
2751 3777 99 38 beer!
2885 3781 55 36 the
2971 3783 108 46 stingy
3109 3785 54 36 old
3194 3787 42 36 fel-

2622 3836 180 36 exclaimed
2826 3839 69 34 Mrs
2925 3840 226 47 Stringybark,
3175 3846 74 35 who

2494 3892 96 35 made
2613 3893 58 35 her
2694 3895 178 37 husband's
2894 3909 121 35 money
3033 3902 41 43 by
3097 3904 151 45 retailing

2493 3949 26 36 it
2542 3951 63 34 and
2630 3951 62 35 bad
2714 3953 129 47 whisky
2865 3956 138 37 without
3022 3972 19 22 a
3064 3960 117 38 license
3205 3975 43 24 on

2495 4009 114 32 Forest
2624 4011 102 32 Creek
2742 4017 59 28 not
2816 4025 18 20 a
2845 4026 80 28 year
2937 4015 106 34 before
3101 4020 69 32 Oh!
3194 4021 56 33 the

2495 4064 109 35 horrid
2619 4065 53 36 old

2540 4124 16 31 1
2565 4124 109 44 hough
2702 4126 43 33 all
2769 4127 55 34 the
2853 4139 116 35 papers
2998 4131 84 35 have
3107 4135 143 34 asserted

2494 4182 71 33 that
2580 4182 33 34 J.
2631 4182 50 35 W.
2700 4184 139 45 Maekay
2861 4199 81 31 gave
2959 4188 51 35 his
3026 4191 160 44 daughter
3206 4207 44 21 no

2493 4242 123 40 dowry,
2643 4252 41 22 an
2707 4243 209 41 eye-witness
2943 4250 33 30 to
3005 4247 55 34 the
3087 4250 161 45 marriage

2493 4307 174 35 ceremony
2683 4309 107 25 comes
2805 4300 80 35 with
2908 4302 55 35 the
2986 4309 90 40 story
3099 4307 73 35 that
3193 4308 56 36 the

2493 4364 156 31 generous
2675 4356 107 33 father
2806 4358 124 44 slipped
2957 4372 18 21 a
3005 4362 123 44 cheque
3151 4366 49 32 for
3228 4379 20 22 a

2493 4410 102 33 round
2615 4412 127 35 million
2758 4425 41 22 on
2815 4414 55 35 the
2886 4417 96 35 Bank
2994 4419 37 33 of
3041 4421 122 44 Naples
3178 4423 70 36 into

2493 4468 55 33 the
2565 4468 89 35 hand
2671 4473 29 31 ot
2716 4471 55 35 the
2788 4472 115 36 Prince
2926 4474 33 35 di
2982 4476 147 37 Colonna
3152 4481 96 35 when

2495 4525 39 33 he
2551 4526 102 34 shook
2669 4527 26 33 it
2711 4532 32 29 at
2759 4529 56 33 the
2830 4530 94 35 altar.

2535 4584 28 32 A
2578 4585 93 32 letter
2686 4586 84 33 from
2786 4588 55 33 the
2864 4590 170 35 Governor
3050 4594 35 32 of
3097 4595 148 43 Kassala,

2493 4640 96 35 dated
2615 4642 92 45 April
2732 4644 88 42 13th,
2848 4647 65 35 and
2937 4651 148 34 received
3107 4659 35 28 at
3169 4655 58 35 Sua-

2493 4699 80 38 kim,
2617 4711 73 30 says
2797 4703 135 45 Having
2975 4706 100 34 heard
3119 4711 35 32 of
3193 4712 58 34 the

2493 4755 144 34 advance
2652 4757 36 32 of
2702 4758 54 32 the
2773 4758 124 35 British
2913 4766 111 39 troops
3039 4777 47 20 we
3103 4778 54 22 are
3182 4769 67 33 still

2495 4810 133 44 holding
2650 4817 57 30 out
2723 4813 78 34 with
2825 4814 55 36 the
2897 4816 83 47 hope
3004 4819 72 35 that
3099 4833 46 23 we
3165 4823 85 38 shall

2494 4869 36 30 he
2567 4870 151 33 relieved.
2765 4873 59 31 We
2865 4875 82 32 have
2984 4883 95 27 eaten
3117 4882 41 30 all
3194 4883 56 33 the

2495 4924 156 46 donkeys,
2676 4926 64 35 and
2763 4940 53 24 are
2839 4941 74 24 now
2930 4930 103 47 living
3052 4945 43 24 on
3112 4949 137 25 sesame.

2495 4983 165 41 Although
2685 4985 16 31 I
2725 4985 83 33 have
2831 4988 109 33 orders
2963 4994 33 29 to
3019 4997 55 28 cut
3096 5005 58 32 my
3177 5007 74 32 way

2493 5046 58 28 out
2573 5040 17 33 I
2613 5041 68 34 will
2705 5049 58 28 not
2780 5043 92 37 leave
2895 5058 57 33 my
3169 5054 32 34 It
3224 5056 27 34 is

2493 5096 199 45 impossible,
2716 5112 19 21 a
2758 5104 255 44 correspondent
3033 5119 85 33 says,
3141 5113 33 32 to
3198 5124 34 23 ex-

2494 5167 88 31 press
2606 5157 54 33 the
2685 5158 118 44 feeling
2819 5165 34 29 at
2875 5162 95 35 Cairo
2992 5166 36 32 of
3046 5166 56 34 the
3125 5168 122 36 forlorn

2494 5214 82 44 hope
2599 5216 36 33 of
2655 5215 63 36 this
2743 5216 98 38 brave
2870 5223 159 42 garrison,
3055 5226 108 35 which
3191 5229 59 35 has

2495 5271 74 34 held
2585 5278 58 29 out
2658 5274 48 33 for
2722 5287 76 23 over
2820 5289 19 21 a
2853 5290 89 30 year.
2989 5281 31 34 It
3039 5284 108 45 might
3163 5287 85 36 hare

2495 5329 79 34 been
2599 5332 111 40 saved,
2734 5332 58 35 but
2815 5335 26 34 it
2863 5336 27 33 is
2906 5347 74 25 now
2996 5341 167 45 evidently
3179 5345 52 35 des-

2495 5387 89 33 tined
2621 5395 32 27 to
2683 5389 95 35 share
2806 5391 54 35 the
2890 5393 65 35 fate
2985 5397 35 33 cf
3053 5398 197 46 Khartoum,

2495 5444 116 40 Tokai,
2649 5447 64 34 and
2745 5449 127 36 Smkat.
2916 5453 70 35 The
3017 5456 168 38 Governor
3221 5465 35 32 of

2495 5503 138 34 Kassala
2655 5506 28 32 is
2707 5517 18 21 a
2747 5507 196 44 Circassian,
2970 5514 65 32 and
3057 5515 28 33 is
3108 5518 104 35 called
3235 5532 18 23 a

2495 5562 118 33 second
2631 5563 142 36 Gordon.
2818 5567 69 34 The
2903 5570 204 38 inhabitants
3127 5588 53 22 are
3204 5591 31 21 es-

2495 5620 136 33 timated
2649 5626 33 29 at
2698 5621 82 36 from
2797 5625 115 41 25,000
2928 5633 33 29 to
2977 5630 125 41 30,000.

2537 5678 68 34 The
2622 5681 155 34 standard
2793 5683 36 34 of
2841 5684 115 46 height
2970 5689 67 34 and
3059 5691 91 35 chest
3167 5706 64 23 mea-

2495 5743 180 29 surements
2701 5740 50 34 for
2773 5739 80 48 boys
2882 5746 151 45 entering
3062 5749 56 36 the
3147 5751 106 47 Royal

2495 5795 108 35 Naval
2626 5799 144 45 training
2792 5800 91 46 ships
2906 5802 61 36 has
2993 5805 81 36 been
3100 5810 151 43 reduced,

2495 5854 66 34 and
2583 5867 54 22 are
2660 5859 228 47 nowßoys
2912 5864 37 32 15
2973 5867 33 31 to
3022 5866 59 33 15±
3104 5879 94 33 years
3222 5872 34 33 of

2495 5924 70 32 age,
2596 5914 44 34 sft
2667 5915 35 34 in
2731 5916 115 46 height
2874 5921 66 34 and
2969 5922 76 37 30in
3076 5926 114 43 chest;
3215 5931 38 31 15

2476 6004 5 20 ,
2496 5975 32 30 to
2552 5973 38 33 16
2605 5985 105 32 years,
2729 5976 46 36 sft
2803 5978 52 35 lin
2878 5978 35 36 in
2935 5981 114 45 height
3072 5985 63 35 and
3158 5988 96 42 30£ia

2495 6028 102 33 chest.

783 61 134 47 THE
988 62 216 46 LYELL
1267 61 222 60 TIMES,
1557 70 369 61 SATURDAY,
1997 76 164 59 JULY
2229 85 64 54 18,
2363 88 125 58 1885.
