4180 5910
33 103 1038 369 Mount
1279 103 1245 369 Benger
2732 103 1037 369 Mail.

217 684 38 24 >0
281 684 44 24 903
385 682 54 25 Vol.
454 683 36 25 17.

749 681 213 54 pUBIIMJLD
979 678 108 25 V\LRY

1248 675 5 64 |
1360 671 429 60 ROXBURGH.
1880 670 312 67 FEIDAY,
2249 672 310 59 AUGUST
2621 675 89 58 13,
2745 673 146 59 1897

3255 668 157 58 J^KIDAY.

3682 699 109 26 PKICE,
3808 697 32 25 £1
3858 703 43 28 per
3916 702 96 18 annum.

83 825 180 43 Ormonds'
297 825 107 49 Hotel,
438 822 195 52 Roxburgh.

106 910 27 20 G.
148 910 34 19 W.
196 909 130 21 SPOONER
463 908 145 20 Proprietor.

76 979 107 29 .'T'HE
196 979 87 27 above
297 977 84 28 Hotel
393 977 48 27 has
452 976 70 28 been
532 975 101 28 rebuilt
645 975 4 45 j

166 1018 30 28 of
208 1022 78 22 stone
299 1016 55 28 and
368 1015 168 37 thoroughly
554 1023 62 19 reno-

82 1058 92 35 vated,
187 1056 54 29 and
259 1056 104 37 having
386 1055 68 28 been
478 1053 153 30 Furnished

82 1098 172 39 throughout
278 1097 28 27 in
332 1095 144 29 first-class
503 1095 80 36 style,
609 1094 22 28 is

82 1150 62 18 *ow
152 1148 50 19 one
211 1138 29 28 of
249 1137 45 28 the
306 1140 71 24 most
386 1135 180 28 comfortable
577 1133 54 28 and
645 1130 3 38 I

81 1178 186 32 commodious
282 1176 97 29 Hotels
391 1186 38 28 up
440 1178 125 35 country.

82 1257 59 29 The
162 1255 234 29 accommodation
417 1253 44 29 for
481 1251 152 30 Travellers
646 1251 3 36 j

156 1297 54 31 and
224 1296 136 30 Boarders
372 1295 24 29 is
410 1293 163 31 unrivalled.

81 1371 89 29 Thom
183 1370 56 29 and
254 1368 156 31 Cameron's
425 1367 53 30 Old
492 1366 143 40 Highland
648 1359 2 56 j

287 1408 144 38 Whiskey.

132 1483 64 21 TWO
209 1483 36 20 OF
259 1481 144 21 ALLCOCKS
416 1480 74 21 FULL
502 1479 82 21 SIZED

232 1509 137 21 BILLIARD
381 1507 113 23 TABLES,

100 1538 113 28 Marker
245 1537 101 36 always
379 1536 28 27 in
440 1534 174 29 attendance.

186 1615 173 28 Fiest-class
386 1613 142 32 Stabling,

81 1655 98 31 Under
191 1655 101 39 charge
303 1653 29 30 of
341 1664 36 18 an
388 1652 120 29 efficient
521 1651 110 30 Groom,
645 1651 3 43 j

106 1719 152 29 Travellers
269 1718 86 28 called
370 1718 43 27 for
425 1717 36 27 all
476 1716 131 29 Coaches.

82 1796 342 52 fJOMMERGIAL
470 1798 161 35 HOTEL,

275 1849 168 22 ROXBURGH.

156 1942 59 29 Mrs
235 1941 109 37 Heron,
365 1940 196 40 Proprietress.

118 2046 58 30 One
189 2046 29 28 of
231 2045 48 29 the
291 2045 63 29 best
366 2045 102 27 known
488 2043 54 28 and
561 2045 73 25 most
650 2036 2 54 j

78 2087 181 31 comfortable
280 2086 153 31 Hostelries
456 2085 27 29 in
504 2084 47 30 the
579 2083 40 39 Up-

78 2135 117 30 country
210 2128 139 28 Districts.

118 2179 79 31 Cobb
210 2180 54 28 and
280 2178 75 30 Co/s
370 2177 84 38 Koyal
476 2176 67 30 Mail
567 2175 69 30 Line

78 2220 30 28 of
130 2220 122 29 Coaches
266 2220 122 37 running
409 2219 124 28 between
558 2217 59 28 Law-

78 2271 82 18 rence
184 2260 55 28 and
261 2259 187 37 Queenstown
471 2259 89 28 arrive
580 2257 55 29 und

77 2300 99 39 depart
189 2300 84 39 daily.

76 2392 118 39 Liquors
207 2392 29 29 of
250 2391 46 29 the
311 2392 61 28 best
381 2391 104 28 brands
493 2390 65 39 only
567 2390 68 39 kept

289 2432 27 28 in
331 2431 90 29 stock.

75 2535 124 40 Buggies
212 2535 54 29 and
282 2535 102 30 Saddle
394 2535 104 28 Horses
507 2544 36 19 on
553 2533 78 30 Hire.

141 2645 84 27 OLD
238 2646 171 25 FIELDS
467 2644 149 25 HOTEL

285 2711 136 23 Roxburgh

134 2854 26 25 J,
181 2856 27 24 A,
233 2852 90 24 BOYD
357 2871 26 7 ...
419 2852 140 31 Proprietor

136 2948 121 23 Exce'lent
299 2948 204 23 accommodation
532 2946 36 23 for

175 2981 115 22 Btardtrs
314 2981 45 23 and
383 2980 143 23 Travellers*

176 3047 83 24 Terms
292 3054 63 18 moat
390 3047 136 26 re^&ouable

169 3114 139 25 First-class
327 3114 96 24 K'liiard
440 3116 85 23 Table.

105 3179 49 24 The
172 3180 50 23 best
235 3177 27 24 of
278 3185 51 15 wint
337 3184 18 20 s,
374 3179 55 23 beer
449 3178 47 24 and
515 3177 80 31 spirits

257 3211 57 29 kept
340 3218 21 15 'u
384 3210 68 25 ttock

137 3277 68 24 Good
222 3276 108 31 Stabling
349 3274 218 26 Accommodation.

146 3391 199 26 LBION
409 3389 221 28 HOTEL,

290 3458 140 32 Roxburgh.

139 3562 14 27 J
182 3563 35 25 H.
241 3561 147 30 WAIGTH,
421 3577 28 9 ...
482 3560 141 31 Proprietor

110 3658 59 24 This
200 3655 196 26 old-established
431 3655 72 23 Hotel
532 3656 22 20 is
584 3652 50 23 well

96 3698 70 17 now.i
179 3690 57 24 both
250 3696 23 19 to
289 3694 39 19 the
340 3689 120 24 residents
485 3687 49 24 and
548 3687 88 23 travel*

99 3732 31 23 ng
144 3724 89 31 pubic.

113 3769 121 24 Excellent
265 3766 205 25 accommodation

92 3812 53 23 The
158 3812 49 23 best
218 3812 24 22 of
252 3811 7 24 1
270 3818 70 23 quors
354 3809 56 30 kept
425 3816 31 15 on
468 3808 40 24 the
521 3805 116 32 premises

154 3854 141 24 First-cla*s
320 3852 104 24 Billiard
452 3852 87 24 Table,

172 3920 107 31 Stabling
312 3927 53 16 aceo
372 3917 167 25 mnodation.

84 4048 69 51 Q,
201 4038 419 57 Taw»sb,©ttcl
625 4071 15 28 t

122 4124 269 36 MORNINGTON,
410 4122 193 29 DUNEDIN.

224 4233 57 22 FOR
306 4230 200 26 RHEUMATISM,

88 4286 287 35 'IOWNfcHEND'S
414 4282 233 32 RHEUMATIC

272 4331 194 33 LINIMENT

88 4400 20 26 Is
122 4410 12 16 a
148 4408 58 17 cure
220 4398 36 25 for
270 4395 81 27 which
367 4395 29 26 he
416 4393 43 26 has
480 4395 41 24 the
548 4391 100 34 highest

146 4433 174 33 testimonials,
333 4432 46 27 and
396 4430 79 27 which
490 4430 44 26 has
548 4435 43 21 not

268 4472 59 26 been
342 4468 116 28 excelled.

151 4560 78 28 THE
249 4552 184 35 PARAGON
456 4553 125 30 SALViS

124 4627 57 18 now
195 4626 14 18 a
228 4615 161 27 well-known
409 4611 107 37 specific,
535 4610 49 27 and
603 4610 44 27 has

158 4654 92 38 proved
265 4663 31 17 an
317 4651 112 28 absolute
447 4658 76 19 cuhe
542 4649 37 27 for

88 4700 97 32 Ulcers,
208 4699 92 27 Bums.
322 4696 94 30 Scalds,
435 4696 71 33 Open
520 4692 124 32 Wounds,

147 4736 123 29 Poisoned
285 4734 75 28 Flesh
375 4732 48 28 and
436 4732 33 27 all
483 4731 72 28 kinds
569 4732 23 25 ot

332 4773 79 24 Sores.

220 4854 295 35 TESTIMONIALS.

116 4917 16 21 A
153 4915 99 21 Resident
273 4913 21 20 of
314 4913 32 20 St.
365 4911 91 20 Bathans

92 4942 114 29 purchased
216 4950 12 12 a
237 4941 40 20 hox
290 4940 22 20 of
320 4945 52 19 your
381 4938 116 24 Ointment,
506 4936 40 21 and
556 4936 17 19 it
582 4936 63 20 cured

92 4979 25 14 an
127 4977 51 20 open
189 4976 44 13 sore
238 4969 53 19 from
299 4967 64 19 which
370 4972 34 16 my
410 4964 68 21 father
486 4970 38 13 was
532 4963 98 23 suffering
640 4969 5 17 ;

91 5000 20 20 in
122 4999 49 21 fact,
181 4997 18 21 it
212 5003 40 13 was
265 4995 36 20 the
313 4994 45 20 best
369 4993 107 20 Ointment
494 4998 28 13 we
532 4990 51 21 have
596 4997 51 14 ever

90 5026 49 21 had.
167 5025 20 21 If
196 5029 40 21 you
252 5023 52 20 have
318 5027 40 19 any
373 5027 55 13 more
443 5020 108 19 Ointment
567 5018 40 20 like
619 5018 25 24 it,

91 5054 67 28 please
167 5051 50 22 send

118 5096 91 24 Writing
219 5094 52 20 from
287 5093 35 20 the-
337 5091 69 21 North
417 5090 48 20 E*st
476 5089 80 25 Vallev,
567 5096 12 12 a
588 5088 58 26 Lady

93 5122 170 28 gaysßring
274 5127 31 13 me
315 5126 11 13 a
336 5118 73 25 supply
419 5117 22 20 of
448 5122 51 19 your
506 5116 106 20 Ointment
618 5122 27 13 on

93 5157 52 20 your
161 5152 49 18 next
225 5148 55 25 visit,
297 5153 21 13 as
336 5152 28 14 we
379 5144 92 22 consider
486 5145 17 19 it
514 5142 132 21 iuvaluable.'

119 5192 88 20 Tnomas
229 5188 92 24 Moffitt,
346 5185 21 21 of
397 5183 90 26 Mosgiel,

96 5220 53 21 have
159 5216 50 23 used
218 5222 52 20 your
279 5212 123 23 Rheumatic
411 5212 104 20 Liniment
527 5211 66 21 twice,
607 5210 40 21 and

95 5248 54 20 have
158 5244 80 26 already
250 5240 91 23 received
353 5240 34 20 the
402 5242 88 24 greatest
504 5238 76 20 benefit
594 5238 54 20 from

93 5276 25 19 it.
146 5272 55 22 Send
210 5277 54 14 more

133 5320 96 27 Dozen?
253 5317 28 26 of
302 5315 72 27 other
394 5312 173 28 Testimonials
589 5312 61 26 have

96 5359 53 27 also
162 5359 59 25 been
237 5355 111 26 received
370 5352 31 36 by
424 5352 42 25 the
485 5350 165 35 undersigned

95 5398 69 37 (juite
178 5392 156 31 unsolicited.

217 5479 67 29 Send
297 5487 63 28 your
373 5477 91 27 Orders
478 5479 26 23 to
508 5489 30 5 —

155 5535 31 30 C.
243 5529 185 32 TOWNS
443 5528 103 29 HEN
562 5527 34 35 D,

196 5589 204 26 MORNTNGTON,
414 5587 136 23 DUNEDIN

99 5667 101 41 rpHE
220 5669 122 34 greatest
362 5666 111 35 experts
493 5661 87 28 admit
593 5660 59 29 that

107 5697 30 26 -*■
184 5707 87 29 Kozie
283 5706 56 28 T'ea
357 5705 24 28 is
403 5704 38 38 by
463 5703 43 28 far
525 5702 47 29 the
591 5701 61 29 best

97 5749 81 31 Value
187 5745 168 33 obtainable.
374 5745 90 28 Johns
474 5742 176 36 &M'Combk,

99 5796 118 31 Agents,
231 5788 105 29 Millers
349 5786 72 29 Flat.

664 861 39 60 J
739 861 20 22 A
788 862 15 21 B
831 860 19 24 E
877 860 19 24 Z
944 855 268 28 BURTON

806 892 205 25 AUCTION
1026 891 51 24 EE
1094 891 17 23 11

912 944 52 17 AJiT>

663 982 156 24 GENERAL
849 981 207 25 COMMISSION
1092 978 120 28 AGENT,

754 1032 154 17 iIJGIbTfcKED
924 1030 96 18 MINING
1036 1030 86 16 AGENT.

693 1093 77 27 Agent
790 1090 181 26 for—National
991 1089 52 25 Fire
1059 1088 47 26 and
1122 1087 85 24 Marint

731 1124 131 25 Insurance
874 1128 41 20 00.

692 1197 56 25 New
767 1195 103 24 Zealand
889 1194 130 25 Insurance
1035 1192 39 24 Co.

696 1267 92 26 Mutual
809 1269 131 20 Assurance
958 1265 93 28 Society
1068 1261 23 25 of
1108 1260 103 25 Victoria

757 1298 75 26 Lmtd.
854 1297 64 32 (Life
932 1297 148 31 Insurance),
1100 1303 48 16 ana
1160 1295 16 23 S
1193 1296 19 21 K

755 1335 113 24 Stedman
884 1333 114 30 importer
1009 1332 26 23 of
1048 1331 115 28 Bicycler.

696 1397 109 32 Bicyclei
821 1395 100 30 bought,
944 1394 59 24 sold,
1035 1400 26 17 or
1077 1390 138 32 exchanged

755 1431 37 23 for
804 1436 50 17 new
872 1434 57 17 obc»

907 1583 130 124 ill

907 1682 98 49 Ww

907 1727 44 36 By

907 1766 137 84 fia

748 1911 85 25 ILL
848 1908 49 28 1A
914 1910 27 25 M
994 1904 225 29 MERCER,

737 1984 87 24 BaK.EE
858 1989 51 18 AND
941 1982 205 24 CoNffiCTIONKK,

757 2052 200 26 Scotland-street
983 2047 142 32 Roxburgh.

897 2098 68 9 —«»—f

697 2125 51 24 The
766 2126 83 29 above,
862 2126 68 24 while
953 2121 115 28 thanking
1086 2119 39 23 the
1138 2116 81 31 public

667 2171 24 23 of
720 2170 40 24 the
777 2170 86 24 Mount
887 2170 90 29 Benger
1001 2166 95 25 district
1114 2163 37 24 for
1176 2159 42 25 the

667 2215 82 24 liberal
773 2221 99 25 support
889 2213 116 26 a:cord-d
1033 2211 49 23 him
1104 2209 63 23 since
1187 2206 31 24 he

666 2260 151 25 commenced
833 2259 108 25 business
951 2258 26 24 in
995 2253 134 30 Roxburgh,
1143 2253 74 29 hopes

669 2310 23 20 to
707 2306 91 25 receive
809 2314 13 16 a
835 2306 157 24 continuance
1007 2301 28 25 of
1047 2308 77 17 same.

689 2370 99 28 Soirees,
803 2370 72 28 Balls,
887 2369 45 24 and
945 2368 69 24 other
1026 2365 81 33 public
1120 2364 98 32 gather-*

668 2412 52 29 ings
734 2410 98 24 Catered
845 2410 45 23 for.

892 2477 47 25 and
964 2476 113 31 Birthday
1106 2473 77 26 Cakes
1205 2479 13 16 a

667 2520 130 33 sptciality.

669 3053 60 25 \\T
758 3052 11 24 I
795 3051 21 24 L
840 3050 19 24 L
889 3052 8 22 I
925 3050 21 24 A
973 3048 25 24 M
1082 3047 130 25 BAIN

772 3096 125 26 Butohbr,
931 3092 104 23 Bbnger
1050 3090 66 24 Flat

690 3242 110 25 Families
812 3238 84 25 waited
907 3247 31 17 on
960 3245 27 16 or
995 3236 83 25 ordsfa

692 3314 58 25 beef
776 3311 45 24 fcnd
849 3313 96 21 mutton
971 3310 25 22 of
1023 3306 75 32 prime
1124 3306 92 31 quality

662 3383 121 27 delivered
799 3383 25 23 in
837 3388 47 22 any
896 3384 52 26 part
958 3383 26 20 ot
995 3380 42 22 the
1047 3378 99 24 di&lrict

692 3456 51 24 Srat
749 3454 17 24 11
781 3452 75 31 goods
866 3450 88 27 always
965 3457 30 16 on
1008 3449 69 24 hand.

748 3645 124 24 OTB
906 3643 19 24 K
957 3643 20 24 R

899 3721 39 62 g
970 3722 19 24 K
1016 3722 11 24 I
1054 3719 23 25 G
1103 3719 19 24 B
1151 3718 68 25 L'S

754 3827 224 67 QPEKATING
1012 3827 127 59 JpiLLS,

671 3937 171 27 Cohtipation,
875 3933 127 23 Sluggish
1048 3930 88 32 Liykr,
1175 3932 45 23 &c.

705 4017 85 25 Unlike
801 4023 72 23 many
889 4014 73 24 kinds
977 4013 25 24 of
1017 4013 116 24 cathartic
1150 4014 59 24 medi-

674 4059 71 19 cines,
758 4051 32 23 do
805 4055 42 18 not
857 4049 72 23 make
941 4055 45 22 you
998 4047 45 24 feel
1057 4055 74 16 worse
1144 4048 79 23 before

675 4093 43 22 you
750 4084 45 24 feel
825 4084 76 22 better
951 4079 72 25 Their
1051 4080 123 30 operation
1204 4081 19 23 is

675 4117 85 31 gentle,
787 4117 41 22 but
850 4112 126 30 thorough,
1001 4112 48 23 and
1076 4113 144 23 unattended

676 4150 54 24 with
742 4146 163 32 disagreeable
917 4144 90 28 etfecta,
1018 4144 57 25 such
1089 4153 27 16 as
1129 4153 95 16 nausea,

676 4183 92 30 griping
783 4181 76 29 pains,
874 4179 43 23 &c.

705 4214 96 31 Seigel's
817 4212 131 32 Operating
975 4211 55 23 Pills
1052 4217 39 16 are
1110 4211 41 23 the
1172 4211 53 23 bast

677 4247 79 31 family
769 4245 82 32 physic
874 4245 51 24 that
949 4245 42 22 has
1014 4244 63 22 iever
1099 4244 59 23 been
1178 4244 36 23 dis-

676 4280 110 25 coveredi
819 4279 65 30 They
898 4277 97 24 cleanse
1004 4277 40 23 the
1061 4277 87 23 bowels
1166 4277 59 22 from

676 4315 31 23 all
722 4313 115 30 irritating
852 4312 148 27 substances,
1012 4309 49 24 and
1077 4310 66 24 leave
1160 4310 64 24 them

677 4355 12 16 n
704 4354 14 15 a
732 4346 96 28 healthy
840 4345 132 23 condition.

706 4379 49 23 The
769 4380 52 21 best
832 4377 97 28 remedy
940 4379 83 19 extant
1035 4376 34 22 for
1080 4376 40 24 the
1129 4375 62 23 bane
1202 4374 25 24 of

676 4419 42 16 our
748 4411 57 24 lives
852 4409 160 30 constipation
1040 4409 49 22 and
1120 4409 106 30 sluggish

677 4446 56 22 liver

706 4477 76 22 These
798 4475 54 23 Pills
863 4478 97 27 prevent
969 4473 78 24 fer-irs
1056 4473 46 23 and
1113 4474 30 22 all
1155 4473 70 22 kinds

676 4508 25 25 of
718 4508 108 24 sickness
850 4510 30 29 Ly
899 4513 123 23 removing
1047 4506 30 23 all
1098 4506 128 30 poiso.'OUt,

678 4548 84 19 matter
782 4541 60 24 from
859 4542 39 23 the
917 4539 93 25 bowels.
1044 4539 64 31 They
1129 4546 97 22 operate

678 4576 95 28 briskly,
785 4579 38 25 yet
838 4574 90 29 mildly,
940 4572 98 23 without
1050 4580 46 20 any
1109 4572 62 29 pain.

708 4608 19 22 If
750 4615 45 23 you
819 4609 55 21 take
896 4619 15 10 «.
933 4612 81 16 severe
1036 4605 62 28 cold,
1118 4604 48 23 and
1186 4611 40 16 are

676 4640 138 26 threatened
838 4639 55 24 with
916 4647 14 16 a
949 4638 71 28 fever,
1040 4638 54 23 with
1117 4637 68 31 pains
1202 4638 23 23 in

675 4675 40 23 the
737 4673 70 29 head,
830 4673 68 28 back,
922 4672 47 23 and
988 4672 79 26 limbs,
1089 4679 22 15 ot
1136 4678 27 16 or
1180 4675 45 19 two

675 4707 70 24 doses
767 4708 26 21 of
815 4705 100 29 Seigel's
939 4704 131 28 Operating
1094 4703 59 23 Pills
1181 4703 44 22 will

675 4739 73 25 break
772 4746 31 23 up
832 4738 40 24 the
901 4736 53 25 cold
984 4735 47 25 and
1059 4739 98 28 prevent
1186 4735 39 24 the

676 4774 70 22 fever.

704 4805 21 22 A
737 4802 85 25 coated
835 4807 95 24 tongue,
942 4802 55 22 with
1011 4808 13 15 a
1039 4799 109 24 Drackish
1159 4803 63 18 taste

675 4839 19 24 is
706 4836 86 25 caused
806 4837 30 28 by
850 4835 47 24 foul
911 4839 87 20 matter
1012 4833 23 25 in
1051 4833 40 23 the
1106 4832 118 24 stomach.

678 4873 16 22 A
712 4872 43 22 few
770 4871 72 23 dozes
861 4869 24 23 of
902 4868 96 29 Seigel's
1018 4866 130 30 Operating
1169 4865 57 22 Pills

676 4905 44 22 will
732 4906 95 21 cleanse
840 4902 39 23 the
891 4901 116 27 stomach,
1021 4906 94 17 remove
1129 4900 40 22 the
1179 4898 45 22 bad

676 4942 68 23 tabte,
755 4936 47 24 and
823 4940 88 17 restore
927 4934 40 23 the
979 4932 113 31 appetite,
1106 4932 47 22 and
1172 4931 53 22 with

685 4975 8 19 t
705 4969 69 30 bring
784 4967 63 32 good
860 4967 86 23 health.

704 5000 248 29 Oftentunesdisease,
963 5007 26 15 or
999 4997 109 31 partially
1118 4995 105 30 decayed

676 5035 63 26 food,
776 5040 85 18 causes
897 5033 114 27 sickness,
1045 5036 98 22 nausea,
1178 5028 47 23 arid

677 5070 126 23 diarrhoea.
837 5066 22 24 If
881 5066 39 23 the
943 5065 87 24 bowels
1052 5071 40 16 are
1115 5062 110 24 cleansed

696 5109 39 17 om
748 5102 46 22 this
807 5101 111 27 impurity
930 5098 56 23 with
998 5105 14 15 a
1024 5097 59 23 dose
1095 5095 25 23 of
1129 5093 97 31 beigel's

678 5135 128 27 Operating
819 5133 21 15 Ui
841 5132 41 23 .lls.
894 5131 66 22 these
972 5127 164 31 disagreeable
1144 5127 82 23 effects

679 5167 44 23 •vill
736 5164 92 29 vanish,
840 5163 47 25 and
901 5163 62 30 good
979 5162 80 23 health
1072 5160 46 24 will
1130 5159 79 24 result.

708 5198 95 32 Seigel's
825 5200 130 28 Operating
984 5195 56 23 Pills
1067 5200 98 24 prevent
1191 5192 26 22 ill-

678 5232 81 24 effects
772 5232 59 22 from
841 5237 81 17 excess
937 5230 23 21 in
973 5233 80 23 eating
1065 5234 26 15 or
1107 5225 118 28 drinking.

663 5260 2 35 i
682 5268 17 19 A
711 5265 63 30 good
786 5264 58 22 dose
857 5269 23 16 at
894 5261 104 23 bedtime
1009 5260 95 22 renders
1118 5266 14 14 a
1143 5265 84 23 person

663 5291 2 34 j
682 5297 22 25 It
716 5298 35 22 for
766 5298 109 22 Lwiiness
895 5301 15 16 n
921 5294 41 23 ths
974 5292 119 28 morning.

710 5330 75 24 These
811 5329 62 26 I'ills,
894 5327 70 28 being
1191 5329 37 16 art

664 5355 3 40 |
682 5365 106 24 pleasant
800 5367 24 18 to
836 5361 64 24 take.
934 5360 50 23 The
995 5357 165 28 disagreeable
1169 5360 59 19 taste

664 5388 4 37 j
696 5404 95 17 omrron
803 5401 23 18 to
842 5399 62 19 most
917 5393 51 32 pills
981 5399 39 17 are
1034 5388 119 27 obviated.

666 5531 3 42 j
716 5539 43 25 for
771 5538 50 25 sale
835 5538 30 29 by
878 5536 30 25 ail
923 5534 128 27 Chemists,
1064 5531 136 33 Druggists,

802 5576 49 19 and
864 5570 119 25 Medicine
997 5566 116 24 Vendors.

665 5596 4 37 I

866 5654 183 21 Proprietors:

664 5679 4 21 (

776 5720 27 23 A.
827 5715 23 25 J.
875 5712 109 27 warn.
1022 5711 112 25 Limited

831 5787 100 25 London
960 5783 120 30 England.

1243 1073 125 25 TEVrOT
1384 1072 149 24 SHORJNG
1550 1071 68 25 ANL
1640 1072 159 25 GENERAL

1461 1116 117 25 FORGE.

1243 1200 257 60 THOMAS
1571 1199 223 26 AKUKKW

1324 1246 48 22 Has
1389 1252 53 16 now
1459 1248 36 20 tor
1510 1242 49 26 Hale
1576 1251 13 16 a
1604 1245 96 27 general
1718 1248 80 19 aster?,

1244 1291 65 23 aent
1336 1295 25 20 or
1385 1288 181 32 Ironmongery,
1585 1286 138 29 Hardware,
1740 1286 42 24 Gal-

1245 1334 96 23 vanized
1354 1333 70 30 Pipes
1437 1333 46 24 and
1507 1332 32 24 all
1558 1339 124 22 necessary
1695 1330 99 29 fittiugs.

1246 1378 184 32 Bigh-pressure
1460 1375 87 30 Cocks,
1584 1375 59 28 Stop
1667 1374 54 28 Do.,
1754 1375 40 24 <tc,

1249 1422 141 29 Hardwood,
1411 1422 124 24 American
1558 1420 92 23 Timbei
1677 1420 115 28 Swingiei

1246 1472 60 19 trees
1317 1466 42 30 (all
1376 1466 79 29 sizes),
1470 1465 96 30 Smithy
1580 1462 70 25 Coals
1674 1461 121 24 American

1246 1510 45 23 and
1317 1508 96 30 English
1436 1507 146 29 Barb-Wire,
1609 1505 105 30 Fencing
1732 1504 64 23 Wire

1246 1552 45 24 and
1310 1550 138 32 Standards,
1467 1550 54 30 Ac.,
1538 1549 52 29 &c.,
1601 1547 77 26 which
1700 1547 47 24 will
1770 1547 27 23 be
1808 1543 1 45 j

1246 1598 50 24 sold
1308 1602 23 20 at
1344 1601 41 20 the
1397 1597 81 25 lowest
1490 1594 173 26 remunerative
1675 1593 83 30 prices.
1808 1590 1 40 |

1275 1667 27 26 T.
1319 1670 27 23 A.
1362 1667 23 25 in
1396 1667 68 25 order
1476 1670 24 22 to
1511 1665 114 25 facilitate
1639 1663 40 25 the
1696 1669 90 26 require-

1246 1715 75 21 ments
1328 1712 26 24 of
1363 1712 39 23 the
1414 1710 92 24 district
1516 1709 42 24 has
1569 1707 75 25 added
1658 1710 24 21 to
1690 1707 36 22 his
1736 1707 63 28 plant

1246 1765 12 16 a
1270 1756 107 30 Turning
1389 1756 81 26 Lathe,
1483 1752 102 30 Drilling
1597 1750 119 28 Machine,
1732 1748 55 25 Tire-

1247 1803 38 27 ing
1317 1801 74 29 Plate,
1421 1799 119 31 Gw-Pipc
1564 1796 87 25 Stocks
1673 1796 57 23 Dies
1755 1794 44 23 and

1249 1845 59 31 Taps
1323 1844 33 31 (J,
1368 1844 46 25 lin,
1428 1845 46 22 and
1495 1840 103 33 1^)—all
1610 1839 26 26 of
1650 1839 77 24 which
1740 1838 29 23 be

1249 1887 112 32 prepared
1372 1891 23 19 to
1406 1894 41 16 use
1455 1894 30 16 on
1496 1887 63 22 most
1569 1882 138 26 reasonable
1719 1884 73 22 terras

1280 1957 112 32 Farming
1402 1956 45 26 and
1465 1956 94 29 Mining
1574 1954 154 33 Implements
1738 1951 65 25 made

1249 2003 44 23 and
1311 2003 115 29 repaired.

1309 2113 111 29 Shoeing,
1432 2112 34 29 6*,
1477 2112 35 29 7,,
1530 2112 44 24 and
1601 2111 28 23 8s
1646 2117 37 23 pel
1702 2113 35 19 set

1247 2280 61 58 T.
1389 2272 412 68 WHELAN,

1284 2359 171 31 FARRIER
1477 2358 82 29 AND
1585 2354 181 33 GENERAL

1396 2403 262 35 BLACKSMITH,

1258 2467 166 49 fyiSHES
1465 2471 29 26 to
1524 2466 101 30 inform
1666 2464 44 29 his
1741 2465 64 37 past

1357 2511 159 27 Customers
1538 2507 56 29 and
1615 2506 47 29 the
1686 2504 117 30 General

1246 2550 96 28 Public
1356 2551 61 27 that
1430 2550 34 27 he
1477 2549 49 28 has

1246 2601 185 30 RESUMED
1459 2598 191 31 BUSINESS
1670 2597 43 28 IN
1733 2595 73 30 HIS'

1375 2648 75 31 OLD
1478 2645 193 33 PREMISES

1265 2699 133 36 (recently
1411 2697 133 38 occupied
1563 2697 37 35 by
1624 2695 47 28 Mr
1692 2695 28 28 J.
1745 2693 37 29 H.

1441 2736 161 39 Aldridge),

1307 2778 104 30 Where
1424 2778 34 30 he
1471 2779 24 29 is
1508 2775 136 42 prepared
1658 2778 29 27 to
1701 2775 36 29 do

1244 2841 327 31 BLACKSMITHING
1595 2841 48 28 OP
1668 2838 130 30 EVERY

1469 2889 111 30 KIND.

1281 2958 80 30 T.W.
1386 2963 86 24 trusts
1498 2959 42 28 his
1561 2958 104 28 former
1686 2960 114 34 patrons

1244 3000 54 29 will
1310 3000 70 39 rally
1393 2999 89 30 round
1495 2998 67 37 him,
1575 2998 55 29 and
1643 3007 50 20 cau
1707 3005 92 21 assure

1244 3043 75 27 them
1340 3042 46 28 the
1401 3052 75 17 same
1499 3040 65 28 skill
1588 3039 55 28 and
1662 3038 137 28 attention

1244 3081 89 28 which
1347 3081 114 28 marked
1474 3080 42 27 his
1528 3079 131 28 Business
1667 3077 131 36 formerly

1244 3121 54 28 will
1312 3122 35 28 be
1359 3119 142 30 exercised
1514 3119 28 28 in
1555 3119 102 28 future.

1295 3192 224 23 HORSESHOEING
1545 3192 20 21 A
1590 3189 162 23 SPECIALTY.

1266 3277 227 41 THOMAS
1515 3273 267 45 WHELAH,

1304 3340 264 33 Scotland-street,
1589 3338 163 29 Roxburgh.

1392 3549 165 32 [Katab'.ished
1574 3549 83 32 1865.]

1253 3624 82 76 |0
1366 3633 22 23 H
1417 3632 19 23 N
1510 3627 274 28 GILLIEB

1511 3704 31 18 AT

1253 3762 191 27 FURNITURE
1472 3761 45 25 and
1545 3758 256 26 UPHOLSTERING

1421 3803 209 26 WAREHOUSE

1343 3869 32 28 18,
1389 3868 92 30 Georgo
1493 3868 87 27 Street,
1594 3865 124 25 Junedin.

1284 3933 48 24 Bis
1354 3940 30 15 on
1410 3932 62 23 hand
1490 3939 12 15 a
1521 3931 77 29 Lurge
1621 3928 47 25 and
1688 3928 113 32 Splendid

1253 3968 148 22 Assortment
1424 3964 25 24 of
1476 3964 57 24 New
1556 3963 45 23 and
1624 3963 98 28 Elegant
1744 3962 42 23 Fur-

1253 4007 59 16 ture.

1254 4097 55 22 Iron
1343 4093 138 27 Bddsteada,
1518 4092 97 30 Spring,
1654 4091 68 26 Hair,
1759 4095 42 20 and

1315 4127 106 22 Woollen
1434 4125 72 24 F.oek
1520 4126 146 27 Mattresses,
1680 4123 46 24 aud
1741 4123 45 24 Bed-

1312 4160 57 30 ding
1381 4159 24 23 of
1421 4160 31 22 all
1469 4157 165 31 descriptions.

1243 4210 1 49 j
1255 4222 107 26 Bru«sel*
1383 4222 124 30 Tapestry,
1529 4219 46 25 and
1609 4218 192 25 Kidderminstc

1314 4256 106 27 Carpeta.
1439 4254 64 26 Rutfs
1525 4253 45 24 and
1587 4252 122 30 Matting,
1733 4254 55 22 Lino-

1314 4289 73 24 leums
1411 4287 46 24 and
1478 4285 157 30 Floorcloths,
1653 4285 42 25 (»il
1718 4285 73 24 width

1314 4322 45 23 and
1375 4320 115 24 bordered
1502 4320 36 23 for
1551 4319 106 29 lobbies}.

1255 4384 192 26 Perambulators
1479 4381 138 31 (reversible
1650 4381 74 24 hoods
1758 4382 43 23 and

1315 4417 85 25 rdliber
1411 4417 44 23 tire
1469 4416 104 29 wheels).

1258 4481 95 22 Walnut
1561 4477 47 23 and
1624 4476 36 23 Gfc.
1704 4475 97 26 Jirrora.

1317 4514 60 23 B«nt
1395 4510 76 26 Wood
1486 4511 45 23 and
1545 4510 64 24 Capo
1625 4510 91 24 Chain.

1243 4651 1 32 i
1253 4655 130 25 Furniture
1519 4660 29 17 on
1560 4652 65 25 Time
1637 4651 127 31 Payment.

1243 4706 1 47 |
1455 4706 4 47 :
1463 4722 81 24 avited
1555 4725 25 19 tc>
1594 4722 37 22 {a''
1641 4720 46 24 »nd
1700 4720 102 30 Inspect,

1243 4755 1 35 j
1256 4758 75 23 Prices
1344 4762 52 17 »eat
1410 4764 29 13 on
1455 4757 142 26 application
1611 4758 23 18 to
1646 4761 45 21 any
1710 4760 53 22 part
1780 4761 23 15 o.

1445 4786 39 21 the
1500 4787 117 27 Country.

1257 4932 105 26 -ountry
1384 4927 81 22 orders
1483 4925 139 31 punctually
1644 4924 114 24 attended

1389 4960 44 23 and
1446 4958 115 30 carefully
1573 4957 99 31 packed.

1393 5125 21 22 N
1446 5124 22 24 O
1500 5122 22 24 T
1557 5122 9 23 f
1598 5122 19 23 C
1649 5122 28 26 E,

1262 5206 67 54 ON
1364 5205 46 23 and
1429 5211 61 17 utter
1518 5204 41 22 the
1576 5204 34 22 Ist
1630 5202 25 24 of
1681 5202 57 29 July
1765 5209 40 17 oui

1342 5238 65 24 Pric*
1422 5238 48 23 List
1484 5237 46 23 will
1549 5236 28 24 be
1588 5244 25 15 as
1626 5235 122 24 follows—

1272 5310 23 22 sl
1307 5317 50 22 eep.
1375 5308 29 23 21
1418 5315 42 24 per
1472 5308 23 23 lb
1509 5305 56 25 cash
1622 5304 44 32 2£d
1681 5305 23 23 lb
1716 5305 92 25 booked

1401 5341 7 23 1
1471 5341 38 23 do.
1647 5338 46 31 2£d
1711 5338 40 25 do.

1320 5377 123 22 Alternate
1455 5378 105 27 quarters
1629 5378 41 24 per
1685 5371 31 24 lb.

1291 5440 56 23 Beef
1357 5439 32 23 4d
1403 5442 25 19 to
1445 5437 29 22 nd
1497 5444 41 22 p?r
1549 5436 31 25 lb,
1596 5434 125 29 according
1733 5439 25 19 to
1770 5440 39 19 cut

1321 5475 45 21 an.l
1383 5473 74 29 quant
1469 5475 31 24 iy,
1512 5469 57 23 wivh
1584 5468 28 24 Id
1623 5468 25 23 in
1662 5468 40 23 the
1714 5467 95 32 shilling

1321 5505 108 24 discount
1447 5503 36 23 t'or
1495 5503 64 23 cash.

1291 5568 72 25 Smsll
1374 5567 81 25 Goods
1466 5566 89 31 always
1566 5573 30 17 on
1608 5564 74 27 hand.

1289 5640 57 25 Five
1363 5647 41 23 per
1415 5642 53 20 cent
1490 5636 111 23 diarount
1615 5635 46 26 will
1674 5635 30 26 be
1714 5634 95 25 allowed

1310 5673 106 30 monthlj
1436 5674 130 29 payments.

1302 5741 125 28 GlOliON
1448 5741 27 25 A.
1498 5739 105 25 SM-ITH
1617 5739 23 25 &
1657 5738 66 24 SON.

1434 5774 129 28 Butchers,
1583 5773 84 25 Teriot
1691 5771 101 26 Downs.

1833 851 229 62 GREATFCRD
2320 848 61 25 DIN

1943 883 143 26 I'ENJLUSG
2107 881 172 26 «SUMPANY.

1860 950 19 25 If
1891 958 46 25 y<>u
1957 958 36 17 aro
2009 949 51 26 tick
2074 950 22 23 in
2114 955 45 23 any
2186 955 50 23 way
2260 948 120 25 whatever

1830 986 56 22 send
1905 994 11 14 a
1932 985 107 28 stamped
2054 986 116 25 envet'pe
2181 987 23 18 to
2226 990 43 14 our
2291 989 89 22 agency

1832 1016 143 30 Wellington
1988 1024 6 20 ;
2009 1018 62 21 state
2088 1015 41 23 the
2154 1021 51 16 case
2227 1022 24 14 as

1830 1056 37 17 are
1881 1049 101 30 poa-ible
2008 1048 46 24 and
2071 1055 47 22 jou
2143 1047 91 22 receive
2252 1046 80 23 ndvice
2352 1046 28 30 by

1830 1089 80 16 return
1929 1086 58 26 po&t.
2004 1084 143 26 UuragH'-ts
2165 1088 37 15 are
2213 1079 31 24 all
2255 1079 122 32 qualified.

1830 1116 19 22 If
1862 1122 46 22 you
2046 1115 24 22 2-
2089 1113 30 22 'id
2138 1121 34 14 we
2195 1114 44 21 wili
2257 1114 57 22 feud
2333 1120 45 21 you

1828 1156 42 15 our
1882 1149 49 22 best
1948 1147 93 25 remedy
2060 1148 36 21 for
2109 1147 39 20 the
2163 1152 59 21 cine;
2237 1147 84 27 lasting
2334 1152 43 22 you

1830 1189 45 14 uv-3
1893 1182 85 22 weelcs.
2013 1179 52 25 You
2083 1186 54 15 sHve
2154 1185 85 23 money
2264 1185 44 15 aua
2323 1178 55 21 doC'

1829 1214 56 23 i»rs'
1914 1216 53 21 bills
2007 1213 52 23 You
2080 1218 93 18 receive
2201 1220 12 14 ;i
2223 1210 58 24 ivlce
2303 1216 29 15 on
2348 1208 30 22 all

1829 1250 85 26 po.nts,
1935 1253 40 16 aiu
2003 1246 37 23 'he
2053 1249 80 27 purest
2150 1244 115 22 remedies
2281 1248 51 16 sent
2354 1248 24 15 at

1829 1287 28 16 no
1872 1286 64 18 extr»
1960 1286 49 17 cost
2025 1281 56 22 thin
2096 1277 17 24 if
2130 1276 130 31 per?«>nallv
2277 1273 91 30 bought

1829 1314 29 29 by
1870 1316 70 27 doinj,
1961 1321 57 22 your
2032 1315 31 21 bu
2077 1313 63 22 inej-s
2157 1310 55 23 with
2227 1317 26 15 us
2270 1309 30 29 by
2318 1311 59 25 post.

1828 1347 101 21 (Jousu't
1940 1352 24 16 at
1978 1353 64 15 O'Cm.
2082 1350 25 16 A)
2121 1349 76 17 mentu
2215 1342 74 21 whicli
2303 1347 39 15 are
2354 1342 22 19 at

1828 1379 39 22 the
1879 1384 57 17 time
1949 1378 100 30 thought
2065 1382 24 17 to
2102 1377 28 22 be
2142 1376 57 26 liylit
2216 1380 39 16 are
2263 1373 64 22 often
2338 1371 40 22 the

1829 1411 126 30 beginning
1971 1412 23 22 o!
2008 1418 90 16 s>«ruius
2114 1414 99 17 concern'
2230 1412 61 17 nces,
2306 1403 72 22 whicli

1827 1443 19 22 if
1861 1443 72 23 taken
1950 1451 23 14 in
1991 1443 55 22 time
2056 1449 38 15 are
2107 1439 104 25 checked
2223 1443 46 18 aua
2281 1435 80 25 cuied.

2194 1467 21 28 *

1858 1503 205 27 OKKATFOKD
2089 1498 183 28 POT\MJAL
2293 1498 53 24 CO.

1829 1543 145 32 Wellington
1987 1550 6 22 ;
2008 1550 50 16 aso
2067 1546 25 19 at
2108 1540 103 35 Sydney,
2231 1538 146 29 Melbourne,

1889 1583 134 24 Capetown,
2035 1575 48 25 and
2096 1571 98 27 Llmoiii
2206 1571 137 31 (England)

1834 1710 53 27 XT
1892 1709 77 29 AVE
1988 1717 54 30 you
2056 1704 71 30 tried
2141 1703 86 28 Kozie
2239 1702 56 28 Tea
2305 1702 10 28 ?
2354 1701 27 28 If

1928 1755 57 30 not,
2011 1748 36 29 do
2079 1756 29 18 so
2141 1749 28 24 at
2194 1752 85 25 once;
2312 1742 23 28 it
2359 1741 22 29 is

1831 1791 140 30 delicious.
2030 1788 34 29 D<
2098 1785 40 30 Co
2141 1792 96 26 smack,
2277 1784 104 37 Agent,

1833 1831 164 37 Roxburgh.

2144 4231 102 32 WCED

1937 4758 6 12 k
1949 4736 23 30 0
2006 4734 82 31 YOU
2122 4732 166 32 BELIEVE
2325 4729 44 31 IN
2403 4725 237 33 HOUSEHOLD
2674 4721 216 34 ECONOMY?

1973 4966 29 22 IF
2028 4966 60 22 YOU
2114 4965 45 26 DO,
2186 4962 79 23 THEN
2291 4963 54 21 GET
2371 4962 58 20 ONE
2455 4960 36 21 OF
2517 4960 28 21 H.
2573 4960 24 20 E.
2624 4955 194 24 SHACKLOCS'3

2449 5062 312 57 RANGES.

1849 5246 27 28 It
1890 5244 54 29 will
1957 5244 71 29 burn
2042 5253 52 27 any
2108 5242 68 28 kind
2190 5242 28 28 of
2233 5241 77 36 Fuel,
2324 5242 54 28 and
2391 5240 23 28 is
2437 5236 174 32 GuaraLteed
2633 5240 28 24 to
2684 5233 75 30 Cook
2784 5229 160 37 PASMRY,

2109 5282 136 35 BREAD,
2275 5293 30 17 or
2332 5279 105 31 MEaT
2463 5286 28 22 to
2519 5276 165 30 Perfection.

1849 5364 134 39 Requires
1996 5371 35 19 no
2046 5360 115 30 Setting
2174 5372 6 24 ;
2201 5371 49 18 can
2265 5360 34 28 be
2312 5358 127 41 supplied
2453 5357 66 29 with
2540 5357 68 28 Irjn
2622 5363 31 19 or
2667 5352 106 29 Copi'br
2787 5350 111 33 Boiler,
2914 5358 30 18 or

1876 5406 67 29 witk
1957 5404 77 29 High
2048 5402 141 30 Pjikssdrb
2202 5402 112 36 Boiler,
2328 5405 54 25 and
2397 5400 65 29 witli
2475 5397 140 40 Fireplace
2629 5395 43 28 for
2688 5392 86 30 Wood
2789 5401 31 19 or
2834 5391 79 29 Goal.

1851 5482 57 31 Can
1928 5482 34 30 be
1983 5479 129 33 obtained
2134 5479 70 30 from
2228 5480 36 29 all
2286 5479 205 38 Ironmongers.
2533 5474 165 38 Catalogues
2721 5468 97 42 po&ted
2839 5472 28 25 to
2892 5477 52 28 any

2006 5521 114 29 rddress
2133 5531 36 19 on
2182 5521 168 39 application
2364 5524 28 25 to
2406 5520 47 28 the
2466 5517 100 30 Maker
2579 5514 55 29 and
2648 5514 142 28 Patentee.

2145 5674 43 36 H.
2237 5674 40 36 E.
2324 5672 332 40 Shacklock,

1964 5759 179 31 GENERAL
2171 5757 197 35 FOUNDRY,
2395 5757 273 32 Crawford-st£eet>
2697 5752 140 30 Dunemn.

3010 836 185 56 BUY
3291 835 237 57 ONLY

2485 948 450 86 ARROW

3115 1077 406 87 BOOTS
3702 1067 410 92 SHOES.

2519 1300 96 30 BEST
2651 1298 135 31 VALUE

2575 1508 164 30 MARKET

2992 1377 185 46 TRADE

3204 1403 133 69 xl\
3371 1403 26 20 ,¥

3247 1489 154 61 A^'

3129 1559 288 28 REGISTERED.

3370 1372 173 52 MARK

3768 1298 75 31 FOR
3881 1296 115 32 WEAR

3780 1505 188 33 COMFORT.

2484 1671 49 34 TO
2571 1671 49 30 BE
2659 1672 83 30 HAD
2780 1672 143 32 FROM—

2819 1752 138 39 Johns
3002 1761 84 31 and
3134 1754 216 45 M'Combe,
3396 1758 169 32 millers
3608 1757 103 30 flat.

3077 1841 65 27 And
3166 1849 50 19 all
3241 1839 214 29 Storekeepers.

3264 2300 588 61 STOREKEEPERS,

3280 2439 167 31 SCOTLAND
3459 2440 132 30 STREET,
3623 2438 198 27 FOXBURGH.

3063 2750 32 21 w

3065 2808 30 30 n

3980 2826 28 19 y.r.

3195 2839 28 32 $

3523 2857 46 86 l

3782 2862 30 84 i

3866 2863 17 10 r*

3629 2900 4 15 *
3638 2900 29 15 V-V.

4009 2912 35 21 svj;

4022 2939 30 18 c.-x

3518 2946 47 22 «K3*

3066 2951 31 25 3fe

3321 2954 53 28 S6sff

3066 2981 29 17 Wr

3132 3009 26 41 ■

3288 3157 53 25 IP

3095 3525 26 35 I

3045 3628 17 18 V.
3068 3627 111 20 inufuctarn!
3188 3629 43 23 only
3239 3633 18 14 r.t
3300 3627 45 19 New
3354 3627 67 18 Oxford
3430 3627 60 21 Sticot,
3503 3627 79 17 London.
3605 3626 44 17 Sold
3659 3626 22 22 by
3690 3626 23 17 all
3725 3625 89 18 C'aemist*
3822 3624 35 19 and
3867 3624 88 18 Medicine
3963 3623 88 18 Vendors.

3003 3948 78 20 OVER

2981 3982 118 36 12,000

2990 4021 82 22 MADE

3132 3954 208 84 D.F.
3391 3946 556 89 PLOUGHS

2977 4097 226 30 IMPORTANT
3223 4094 302 31 IMPROVEMENTS
3545 4093 43 29 IN
3608 4091 178 31 PLOUGHS
3819 4090 90 29 THIS
3932 4090 161 30 SEASON.

2977 4139 45 28 All
3037 4137 198 30 Mouldboards
3248 4146 46 19 are
3308 4145 58 20 now
3381 4134 76 29 made
3471 4137 28 26 to
3512 4133 145 39 duplicate.
3697 4132 57 28 The
3768 4132 79 28 beam
3857 4131 87 28 where
3953 4130 47 28 the
4012 4130 65 30 land-

3036 4179 75 28 lever
3124 4177 64 30 stud
3202 4177 23 28 is
3238 4176 94 30 bolted
3345 4185 34 20 on
3393 4179 28 24 to
3435 4174 107 38 Plough
3555 4174 24 28 is
3593 4172 78 29 made
3685 4171 117 29 broader
3814 4175 28 24 to
3856 4174 176 34 compensate

3433 4214 43 29 for
3488 4213 58 30 bolt
3559 4213 85 29 holes.

3162 4294 188 37 Visitors
3374 4299 54 31 to
3455 4297 78 30 the
3562 4290 163 36 Winter
3755 4287 155 38 Shows

2978 4344 55 28 Are
3045 4341 134 40 cordially
3193 4341 105 29 invited
3311 4346 28 24 to
3358 4340 52 29 call
3430 4343 29 25 at
3476 4346 51 21 our
3552 4336 100 31 Works
3675 4335 54 29 ai.-d
3748 4335 108 38 inspect
3877 4344 50 19 our
3947 4334 77 38 large
4036 4334 56 30 and

3415 4378 93 30 varied
3527 4378 78 29 stock
3626 4376 28 30 of

3175 4418 327 58 AGRICULTURAL
3654 4415 122 30 ACHIN
3783 4415 81 29 BRY.

2974 4502 69 21 SOLE
3059 4501 110 21 AGENTS
3182 4498 56 22 FOR
3252 4497 93 23 SOUTH
3359 4494 105 22 ISLAND
3478 4492 54 21 FOR
3547 4490 57 22 THE
3618 4489 202 21 WELL-KNOWN

3425 4522 140 35 RUDGE
3591 4516 261 37 WHITWORTH
3881 4515 206 45 BICYCLES,

3252 4572 37 37 (A.
3309 4571 91 37 Large
3420 4567 86 30 Stock
3528 4571 28 23 to
3580 4565 99 28 Arrive
3697 4563 127 37 shortly.)

3478 4645 325 53 Harrow©.

2977 4718 23 20 In
3010 4718 50 19 sizies
3070 4717 53 20 from
3133 4716 32 20 6ffc
3174 4717 22 19 to
3205 4715 43 21 12ft
3259 4714 57 21 wide.
3343 4712 71 22 Fitted
3425 4710 49 22 with
3483 4710 72 24 patent
3563 4707 126 26 adjustment
3699 4705 31 20 for
3743 4705 112 26 equalising
3864 4705 36 21 the
3910 4706 80 25 weight,
4007 4712 22 14 so
4040 4706 46 21 that

2976 4746 35 20 the
3027 4745 52 20 discs
3088 4746 35 18 cut
3142 4743 112 27 uniformly
3263 4743 52 26 deep
3325 4741 28 21 all
3369 4747 49 15 over
3427 4739 22 21 at
3463 4743 39 19 any
3520 4735 66 27 angle.
3612 4734 44 22 The
3673 4733 47 27 only
3739 4733 64 25 really
3816 4733 51 27 good
3876 4733 42 22 disc
3933 4733 79 22 harrow
4021 4741 20 15 in
4052 4734 35 22 thtf

3080 4770 87 21 market.
3194 4770 43 21 The
3247 4770 92 25 bearings
3349 4768 42 22 will
3401 4769 35 18 not
3443 4767 35 19 cut
3485 4764 35 20 the
3528 4764 53 24 axle,
3592 4762 41 21 and
3642 4762 71 25 hardly
3727 4767 47 15 ever
3784 4768 79 19 require
3874 4768 112 19 renewing,

3013 4833 88 35 NEW
3136 4835 178 31 POSITIVE
3347 4832 97 33 FEED
3476 4824 225 36 BROADCAST
3739 4826 96 30 SEED
3875 4825 175 32 SOWERS!

3052 4889 66 21 THIS
3132 4888 26 22 IS
3171 4886 215 24 UNDOUBTEDLY
3398 4884 57 22 THE
3468 4882 77 22 ONLY
3558 4881 77 22 GOOD
3650 4879 166 22 BROADCAST
3829 4880 71 21 SEED
3913 4880 106 22 SOWER.

3275 4953 80 32 OUR
3391 4950 150 31 PATENT

3050 4996 202 31 COMBINED
3282 4994 130 35 GRAIN,
3445 4989 174 35 MANURE,
3647 4988 24 29 &
3703 4987 145 29 TURNIP
3887 4988 125 29 DRILL.
4061 5011 9 9 %

2976 5038 85 26 Greatly
3073 5037 105 27 improved
3193 5037 31 21 for
3238 5037 42 21 this
3294 5042 76 16 season.
3400 5031 58 24 Made
3471 5031 21 21 in
3508 5030 27 21 all
3549 5028 145 23 combinations
3709 5028 40 21 and
3764 5030 20 18 to
3800 5033 42 15 sow
3859 5033 56 20 gram
3930 5035 22 14 or
3967 5028 80 26 turnips
4061 5033 23 17 at

2977 5068 48 24 will,
3036 5066 49 22 with
3094 5074 23 13 or
3127 5066 88 21 without
3225 5071 91 20 manure,
3327 5071 21 14 as
3357 5061 85 23 desired.
3469 5059 47 21 Th.s
3526 5058 16 20 is
3558 5058 35 20 the
3609 5057 47 20 drill
3671 5057 31 20 for
3716 5056 35 21 the
3766 5059 66 18 time*.
3861 5056 58 21 M<de
3928 5063 41 19 any
3977 5063 40 14 r»a
4029 5057 53 21 from

2976 5096 46 21 four
3031 5096 21 19 to
3062 5094 56 24 eight
3128 5094 95 23 coulters,
3240 5093 41 20 and
3296 5093 45 19 14in
3351 5092 90 19 between
3451 5087 35 19 the
3501 5085 69 23 drills;
3589 5085 39 20 and
3637 5084 32 20 for
3678 5091 57 18 gram
3744 5084 40 21 7in.
3811 5084 69 19 titled
3892 5084 48 19 with
3955 5091 43 12 now
4009 5088 72 22 pateafe

3426 5113 115 27 adjustable
3550 5111 95 21 coulters.

3236 5180 298 36 CHAFFCUITERS
3572 5188 54 19 AND
3664 5176 174 30 BAGGERS

3184 5237 363 36 Ghaffcutters
3593 5229 81 46 (all
3725 5228 167 44 sizes).

2977 5323 204 33 AMERICAN
3205 5322 170 30 WOODEN
3401 5318 181 32 HILLSIDE
3610 5314 187 37 PLOUGHS,
3825 5315 38 30 £3
3895 5317 48 26 IDs
3971 5314 114 32 EACH.

3026 5366 104 22 TRIPOD
3146 5364 149 22 HARROWS.
3313 5362 156 25 GRUBBERS,
3483 5359 100 26 DRAYS,
3600 5356 169 22 CAMBRIDGE
3784 5356 131 26 ROLLERS,
3928 5356 109 22 TURNIP

3051 5393 123 26 SLICERS,
3184 5392 132 22 PdLPERS.
3331 5390 74 22 WIRE
3414 5387 162 24 STRAINERS.
3591 5385 130 26 BINDERS,
3735 5383 68 27 OILS,
3819 5383 92 23 HORDE
3920 5383 92 28 NAILS,

3222 5420 58 20 BAR
3295 5419 79 26 IRON,
3388 5418 40 21 and
3442 5417 27 21 all
3483 5412 204 25 BLACKSMITHS'
3702 5411 149 22 SUNDRIES.

2979 5484 127 21 Exception

2987 5516 55 16 ally
3057 5515 45 16 LOW

3004 5543 82 17 PRICES.

3087 5486 24 44 ;•
3143 5480 150 42 /Plain
3308 5480 84 40 and
3409 5477 154 40 Barbed
3580 5475 187 47 Fencing
3788 5473 116 42 Wire
3910 5474 18 41 I

3147 5522 15 40 1
3254 5531 96 40 Iron
3372 5527 186 47 Fencing
3580 5524 239 40 Standards.
3910 5525 12 29 >

3958 5472 121 24 EXCEPTION-

3972 5506 55 16 ALLY
4038 5507 46 17 LfiAV

3984 5534 82 19 PfiICKS.

2983 5629 165 42 Deerine
3166 5625 105 46 Pony
3298 5626 33 37 &
3355 5621 178 47 All-steel
3556 5619 228 43 Harvesters
3809 5618 83 40 and
3918 5618 174 43 Binders.

3125 5659 147 39 Lightest
3284 5672 141 23 draught
3438 5672 60 20 and
3512 5668 67 23 best
3591 5668 109 21 binder
3713 5667 33 21 in
3759 5666 58 22 the
3832 5666 104 22 world

3073 5734 267 34 ILLUSTRATED
3379 5729 228 34 CATALOGUE
3645 5728 51 30 ON
3734 5728 269 33 APPLICATION,
