4180 5910
1242 4979 151 38 Mount
1437 4978 158 46 Benger
1638 4977 115 38 Mail.

1374 5065 62 18 JUST
1455 5065 55 18 AND
1529 5064 68 19 FEAR

1326 5126 117 25 FRIDAY,
1457 5125 114 21 AUGUST
1588 5125 32 26 13,
1641 5125 56 22 1897.

1282 5210 181 43 Technical
1497 5210 214 43 Instruction.

1224 5296 60 28 The
1308 5296 210 28 establishment
1541 5295 28 29 of
1591 5306 16 17 a
1629 5299 103 35 system
1747 5296 28 28 of

1224 5336 135 31 technical
1369 5336 153 36 education,
1532 5347 39 25 or,
1583 5346 29 19 as
1622 5337 54 28 this
1687 5347 70 18 some-

1223 5379 73 27 what
1310 5388 89 27 vague
1412 5377 99 38 phrase
1534 5377 48 28 has
1606 5378 69 27 been
1696 5377 76 38 aptly

1223 5418 149 30 translated
1375 5417 182 30 —education
1582 5417 28 30 in
1631 5418 47 29 the
1698 5418 60 39 prin-

1223 5459 84 38 ciples
1320 5459 28 28 of
1362 5459 105 28 science
1482 5470 28 17 as
1519 5459 109 37 applied
1639 5463 29 24 to
1678 5459 79 27 indus-

1221 5499 62 28 trial
1297 5498 55 29 and
1365 5498 105 29 artistic
1482 5499 121 38 pursuits
1605 5499 59 28 —is
1678 5508 51 19 one
1742 5497 29 29 of

1221 5540 47 28 the
1281 5543 111 34 present
1405 5538 53 38 day
1467 5539 84 28 needs
1559 5540 29 27 of
1598 5539 55 28 this
1663 5539 106 37 colony,

1221 5590 69 19 even
1313 5579 107 39 though
1442 5579 68 28 such
1529 5579 163 30 foundation
1714 5588 55 19 was

1221 5630 35 19 on
1270 5630 16 17 a
1299 5630 68 27 very
1379 5620 105 28 limited
1498 5620 71 28 scale
1581 5624 29 23 at
1622 5621 69 26 first.
1732 5618 37 29 So

1220 5661 43 27 far
1275 5660 51 29 but
1339 5659 70 29 little
1423 5660 48 29 has
1491 5661 69 28 been
1573 5660 154 38 attempted
1739 5658 27 28 in

1220 5699 55 28 this
1297 5699 133 28 direction
1453 5700 37 36 by
1513 5699 187 28 Government
1720 5698 32 27 be-

1218 5738 75 39 yond
1301 5739 47 28 the
1359 5739 168 39 subsidising
1538 5739 29 30 of
1574 5750 16 17 a
1599 5739 52 28 few
1661 5737 106 30 schools

1216 5781 29 28 of
1257 5783 52 31 art,
1329 5790 29 18 as
1377 5780 65 38 they
1465 5791 45 18 are
1530 5779 116 36 termed,
1668 5779 28 28 in
1718 5779 47 28 the

1807 207 74 30 chief
1910 213 98 34 towns,
2052 211 120 30 wherein
2210 210 48 29 the
2292 208 64 38 only

1808 248 103 30 branch
1955 253 29 28 of
2026 253 136 29 technical
2193 249 163 30 instruction

1808 290 101 37 taught
1937 293 34 35 is,
2002 303 41 19 we
2073 293 115 34 believe,
2222 290 134 36 drawing.

1810 328 109 31 Private
1939 334 159 37 enterprise,
2111 333 138 33 however,
2263 339 79 27 recog-

1810 369 93 40 nising
1915 372 48 31 the
1973 374 81 29 value
2067 374 29 28 of
2118 373 67 29 such
2204 369 154 34 education,

1810 409 49 28 has
1871 411 110 40 already
2004 413 113 28 effected
2145 413 150 35 important,
2318 420 27 15 re-

1811 449 78 37 sults,
1903 453 51 27 and
1966 453 187 38 corporations
2167 451 28 28 of
2207 451 45 27 t.ho
2265 451 94 25 nature
2369 449 1 42 (

1812 489 29 30 of
1863 491 46 30 the
1931 493 127 30 Dunedin
2082 491 143 31 Technical
2242 486 116 32 Classes'

1812 530 182 40 Association,
2028 534 53 29 and
2116 531 115 30 kindred
2266 528 94 29 bodies

1813 572 168 40 throughout
1996 576 45 28 the
2055 575 106 36 colony,
2176 572 52 29 will
2251 573 46 33 yd,
2312 580 32 16 un-

1814 613 150 40 doubtedly
1985 626 84 28 prove
2092 619 28 23 to
2146 615 69 26 have
2229 612 70 27 been
2315 609 47 28 the

1812 651 162 33 foundation
1991 660 92 24 stones
2105 654 29 28 of
2156 651 142 31 extensive
2320 649 28 26 in-

1814 694 139 31 stitutions
1979 697 42 29 for
2047 695 149 41 providing
2228 688 134 33 technical

1812 734 171 31 instruction.
2023 737 59 28 Nor
2110 737 22 26 is
2164 736 22 25 it
2217 740 145 26 necessary

1813 773 60 29 that
1896 777 64 28 such
1983 787 15 18 a
2020 783 113 27 system,
2146 775 22 27 if
2188 769 176 35 established,

1814 814 96 30 should
1924 817 107 29 involve
2043 829 15 17 a
2071 817 88 36 heavy
2173 814 93 34 outlay
2281 815 27 24 at
2317 811 46 27 the

1814 855 160 40 beginning.
2004 857 103 29 Where
2118 856 64 29 such
2194 851 171 31 institutions

1814 905 30 18 as
1876 907 39 18 we
1954 899 69 28 have
2064 895 157 31 mentioned
2254 891 110 37 already

1815 936 81 35 exist,
1946 949 74 18 some
2071 938 96 35 timely
2217 935 148 28 assistance

1816 979 28 25 to
1870 978 122 30 increase
2017 979 72 29 their
2115 977 139 36 efficiency
2277 971 88 30 would

1817 1017 133 36 probably
1975 1020 34 28 be
2036 1020 35 28 all
2093 1019 60 27 that
2176 1027 54 18 was
2253 1013 113 33 needed,

1817 1057 50 28 but
1880 1058 27 28 in
1922 1060 45 28 the
1981 1060 63 29 four
2057 1058 134 40 principal
2210 1060 116 31 centres,
2339 1056 28 25 at

1818 1098 78 35 least,
1936 1102 156 34 something
2137 1100 56 27 like
2234 1098 133 36 adequate

1819 1140 136 35 provision
1979 1141 98 28 should
2100 1141 34 27 be
2158 1138 79 28 made
2258 1137 44 27 for
2322 1135 45 28 the

1819 1180 129 38 teaching
1992 1182 29 28 of
2067 1182 55 28 this
2168 1178 199 39 all-important

1821 1220 112 29 branch.
1972 1222 142 38 Speaking
2127 1224 28 24 at
2167 1220 47 28 the
2228 1218 94 39 laying
2340 1216 29 28 of

1821 1261 47 29 the
1882 1262 159 29 foundation
2056 1268 76 22 stone
2149 1261 28 29 of
2200 1271 15 17 a
2233 1257 134 32 technical

1820 1302 104 38 college
1937 1307 27 23 at
1981 1304 87 27 South
2084 1302 133 28 Brisbane
2236 1298 131 35 recently,

1823 1342 71 29 Lord
1921 1342 192 39 Lammington
2137 1340 155 30 illustrated
2322 1338 46 28 the

1807 1378 2 42 !
1821 1383 134 37 necessity
1969 1384 43 27 for
2032 1382 134 30 technical
2188 1380 122 38 training
2333 1378 34 37 by

1822 1424 170 38 contrasting
2024 1425 46 28 the
2103 1424 67 33 days
2198 1422 80 28 when
2303 1419 64 29 each

1807 1453 2 58 j
1823 1453 147 58 household
2007 1464 139 39 produced
2187 1462 55 28 and
2273 1469 76 19 manu-

1807 1498 2 37 !
1822 1505 122 27 frtciure<i
1960 1504 33 26 all
2009 1505 60 27 that
2081 1513 55 18 was
2147 1501 89 28 useful
2258 1500 43 27 for
2324 1498 45 26 the

1808 1538 1 43 |
1823 1543 93 38 family
1937 1553 20 17 r<
1969 1544 166 37 quirements
2157 1540 65 28 with
2244 1538 46 29 the
2308 1546 46 30 pre-

1808 1578 2 40 |
1823 1589 59 22 >ont
1912 1584 72 27 time.
2025 1584 69 28 Now
2122 1583 47 27 the
2197 1580 116 28 division
2342 1578 28 29 of

1808 1618 2 41 j
1823 1624 95 27 labour
1931 1624 22 26 i?>
1967 1634 29 17 so
2010 1622 136 36 thorough
2161 1622 61 28 that
2244 1624 50 23 not
2306 1618 63 38 only

1808 1660 63 44 Ihas1has
1896 1674 80 26 every
2003 1662 148 31 individual
2178 1665 28 25 to
2232 1660 98 30 choose
2356 1669 14 17 a

1807 1702 3 40 |
1825 1705 101 29 branch
1940 1706 27 26 (\
1981 1705 193 37 employment,
2188 1703 50 27 but
2251 1702 33 26 he
2298 1703 72 25 must

1808 1740 2 38 I
1829 1745 74 30 (xeel
1919 1745 24 28 in
1959 1745 59 28 that
2033 1744 103 29 branch
2150 1747 28 24 to
2198 1742 47 28 the
2261 1740 109 38 highest

1823 1787 99 34 decree
1953 1785 128 39 possible,
2113 1794 30 18 so
2167 1782 71 30 keen
2276 1782 23 28 is
2324 1780 46 29 the

1808 1820 1 44 1
1824 1827 187 37 competition,
2024 1826 22 27 if
2056 1825 34 28 he
2103 1825 85 36 hopes
2207 1827 28 23 to
2246 1820 123 30 succeed.

1807 1860 2 45 I
1824 1868 65 28 This
1904 1867 54 28 fact
1972 1865 143 40 probably,
2137 1864 27 28 in
2185 1874 15 17 a
2221 1865 80 35 great
2324 1860 30 28 de-

1807 1902 2 46 j
1823 1919 71 22 <iree,
1908 1912 128 31 prevents
2056 1907 45 26 the
2122 1904 125 38 glutting
2272 1902 29 28 of
2322 1902 47 26 the

1807 1934 2 41 |
1822 1947 110 26 world's
1941 1946 96 27 labour
2049 1944 115 29 market,
2178 1943 54 26 ami
2258 1945 27 23 to
2308 1941 61 27 that

1806 1979 3 44 !
1823 1991 95 26 extent
1932 1987 20 28 it
1965 1986 22 28 is
1997 1985 35 38 by
2044 1996 35 17 no
2090 1993 94 20 means
2195 1992 33 20 an
2240 1979 127 31 unmixed

1806 2019 2 44 |
1823 2028 61 32 evil,
1899 2037 73 18 more
1983 2025 144 38 especially
2150 2034 29 17 as
2198 2027 23 23 it
2240 2022 78 37 helps
2339 2024 29 24 to

1806 2059 1 50 j
1821 2068 74 27 solve
1921 2067 45 28 the
1983 2065 120 39 problem
2131 2064 28 27 of
2182 2063 46 27 the
2248 2059 118 40 disposal

1819 2111 28 27 of
1888 2119 50 19 our
1960 2105 99 41 boys/'
2099 2103 100 40 People
2222 2102 77 30 there
2322 2111 45 18 are

1819 2150 29 27 of
1873 2149 65 27 such
1961 2146 162 38 pessimistic
2144 2145 136 34 tendency
2306 2143 61 26 that

1806 2180 1 48 j
1817 2190 65 31 thev
1896 2198 99 30 appear
2009 2190 28 27 to
2058 2184 78 32 think
2160 2194 50 20 our
2230 2183 68 39 boys
2320 2191 45 19 are

1806 2224 1 36 !
1819 2231 95 28 indeed
1929 2241 31 16 an
1977 2227 128 30 unmixed
2120 2227 62 33 evil,
2197 2225 87 28 which
2300 2224 64 34 they

1816 2271 88 28 would
1919 2269 54 28 like
1987 2272 27 24 to
2029 2278 44 17 see
2082 2265 117 29 reduced
2214 2269 28 23 to
2254 2264 95 28 vanish-

1816 2312 48 35 ing
1882 2309 85 40 point,
1990 2319 29 18 so
2042 2307 86 38 heavy
2151 2306 23 27 is
2199 2305 73 28 their
2292 2304 58 29 fore-

1816 2353 104 36 boding
1934 2351 28 27 of
1975 2350 45 27 the
2030 2349 106 32 future;
2158 2348 51 26 but
2234 2357 40 16 we
2301 2356 61 24 may

1815 2393 34 28 be
1874 2389 126 31 thankful
2038 2389 60 28 that
2124 2387 67 28 New
2218 2384 146 30 Zealand's

1815 2445 64 17 sons
1892 2443 45 19 are
1948 2430 110 39 coming
2071 2427 117 32 forward
2211 2431 28 26 to
2259 2427 35 30 do
2317 2426 47 29 the

1816 2474 72 28 work
1904 2473 29 28 of
1952 2472 46 27 the
2019 2470 94 34 world,
2134 2469 89 27 which
2247 2469 52 27 will
2322 2468 28 27 in-

1815 2525 90 19 crease
1920 2512 64 29 with
1999 2511 47 29 the
2056 2509 102 40 quality
2169 2508 53 29 and
2237 2508 127 39 quantity

1814 2556 28 28 of
1856 2556 47 28 the
1924 2553 109 28 world's
2051 2555 97 24 wants.
2187 2551 46 27 All
2258 2550 60 28 that
2341 2549 23 28 is

1813 2595 105 31 needed
1932 2595 23 27 is
1968 2593 60 29 that
2046 2592 65 37 they
2127 2591 96 28 should
2238 2591 35 28 be
2293 2602 36 18 on
2348 2601 16 16 a

1814 2636 110 37 footing
1936 2634 29 30 of
1978 2633 120 38 equality
2118 2631 64 29 with
2198 2631 74 29 their
2290 2642 54 19 com-

1816 2688 75 26 peers
1902 2678 25 26 in
1939 2674 78 30 other
2030 2672 146 34 countries,
2190 2673 52 27 and
2258 2673 90 29 techni-

1815 2718 39 28 cal
1874 2714 161 31 instruction
2058 2713 53 28 will
2134 2723 78 18 serve
2232 2716 29 25 to
2282 2714 80 38 equip

1815 2760 74 27 them
1901 2758 26 28 in
1940 2756 59 28 that
2010 2753 141 29 direction.
2176 2753 32 28 In
2219 2754 46 27 the
2275 2755 89 28 Home

1815 2802 115 31 country
1983 2795 54 29 this
2087 2794 49 27 has
2181 2804 62 18 now
2294 2796 68 28 been

1814 2837 167 39 thoroughly
2024 2834 170 38 recognised,
2230 2845 29 17 as
2297 2836 65 28 such

1816 2878 160 36 flourishing
1988 2874 170 30 institutions
2171 2885 29 17 as
2215 2874 46 29 the
2276 2875 85 29 South

1816 2920 174 36 Kensington
2005 2916 53 30 and
2076 2915 117 30 Birbeck
2208 2915 155 33 Institutes,

1817 2963 46 26 the
1903 2959 85 30 South
2032 2957 114 29 London
2199 2956 99 30 School
2337 2958 29 28 of

1806 2997 1 41 |
1817 2999 152 31 Techinical
1995 3001 61 32 Art,
2087 2997 47 27 the
2160 2998 63 28 Kast
2250 2998 113 29 London

1818 3041 124 39 Peoples'
1969 3040 105 34 Palace,
2100 3039 53 27 arid
2180 3040 46 26 the
2256 3040 55 37 city
2337 3039 29 29 of

1822 3082 109 28 London
1954 3080 121 38 College,
2096 3079 109 29 besides
2226 3080 122 28 innumer-

1818 3123 62 28 able
1893 3120 105 31 schools
2011 3121 30 27 of
2062 3130 15 18 a
2102 3120 103 27 similar
2218 3123 97 25 nature
2336 3120 25 28 in

1817 3164 79 27 other
1908 3167 87 23 towns
2009 3160 170 36 throughout
2196 3160 46 28 the
2264 3160 101 28 United

1819 3202 150 36 Kingdom,
2000 3201 66 27 bear
2087 3198 91 39 ampb
2207 3200 157 36 testimony.

1819 3243 33 28 In
1875 3243 55 28 this
1950 3242 96 36 colony
2072 3240 47 28 the
2145 3239 154 29 conditions
2325 3240 42 28 for

1819 3283 66 30 such
1918 3280 143 31 education
2096 3289 45 19 are
2177 3280 82 29 much
2291 3290 75 19 more

1819 3323 167 35 favourable,
2011 3333 29 18 as
2054 3322 46 28 the
2114 3322 107 28 shorter
2233 3322 83 28 hours
2339 3322 28 28 of

1819 3365 97 28 labour
1941 3364 63 38 give
2018 3373 49 18 our
2089 3362 85 36 youth
2200 3372 76 19 more
2302 3362 66 28 time

1820 3406 44 28 for
1890 3405 51 28 self
1975 3404 210 38 improvement,
2212 3402 54 29 and
2292 3403 76 28 there

1821 3447 22 28 is
1868 3456 36 17 no
1929 3445 87 28 doubt
2037 3443 60 29 that
2123 3443 100 29 classes
2246 3443 27 28 in
2301 3443 65 28 such

1818 3486 130 39 practical
1962 3489 56 25 arts
2031 3495 29 18 as
2074 3487 145 35 carpentry
2234 3484 133 38 drawing,

1819 3526 164 29 mechanical
1998 3525 188 37 engineering,
2200 3525 78 28 wood
2291 3535 61 18 carv-

1818 3567 57 37 ing,
1914 3565 147 37 chemistry
2092 3563 54 29 and
2173 3574 81 28 many
2289 3564 80 29 other

1818 3607 135 28 branches
1977 3605 89 28 would
2092 3605 36 28 be
2153 3605 106 37 largely
2282 3605 83 28 taken

1817 3647 155 37 advantage
1986 3645 28 30 of
2027 3645 22 28 if
2059 3645 120 28 founded
2191 3657 7 22 ;
2210 3645 53 28 and
2277 3644 89 29 would

1817 3688 81 27 assist
1924 3697 49 18 our
1985 3686 85 37 youth
2096 3690 28 23 to
2136 3697 15 16 a
2164 3686 90 27 better
2267 3686 83 27 under-

1818 3727 131 39 standing
1960 3727 28 29 of
1998 3727 46 29 the
2061 3726 117 39 nobility
2187 3726 54 29 and
2254 3726 109 39 dignity

1817 3770 28 27 of
1883 3769 95 26 labour
2012 3767 99 34 which,
2134 3767 89 27 under
2255 3771 109 32 present

1816 3807 163 33 conditions,
1992 3812 72 23 must
2075 3807 34 28 be
2122 3806 71 28 little
2212 3816 73 18 more
2297 3806 65 28 than

1815 3861 33 17 an
1863 3851 94 34 empty
1971 3847 96 38 phrase
2081 3851 27 25 to
2123 3847 84 29 them.

1799 3931 46 38 jlx
1878 3933 46 29 the
1964 3933 85 28 initial
2082 3932 117 28 ritimber
2242 3932 30 27 of
2313 3933 47 28 the

1799 3973 1 38 I
1950 3973 104 29 Record
2096 3973 78 28 there
2197 3973 22 26 is
2244 3983 16 17 a
2282 3983 77 28 para-

1799 4008 1 45 I
1811 4015 87 38 graph
1912 4014 89 27 which
2013 4014 83 34 living
2106 4017 47 24 out
2167 4013 26 26 in
2209 4013 63 27 bold
2283 4013 77 28 relief

1799 4053 1 37 j
1811 4067 50 17 our
1882 4055 114 28 interest
2019 4054 26 28 in
2067 4054 48 28 the
2133 4053 87 29 above
2242 4054 117 36 subject,

1799 4093 1 37 i
1812 4097 80 27 After
1923 4095 189 35 enumerating
2112 4093 2 37 1
2145 4106 15 15 a
2186 4095 117 27 number
2331 4096 29 26 of

1799 4133 1 43 j
1810 4136 89 40 places
1913 4135 89 28 where
2024 4134 105 29 schools
2151 4133 29 28 of
2203 4134 87 28 mines
2314 4145 45 18 are

1811 4184 27 22 to
1849 4179 33 26 be
1892 4176 165 29 established
2079 4175 133 38 (Waipori
2230 4180 128 32 amongst

1810 4218 45 28 the
1870 4217 126 33 number)
2007 4217 44 27 the
2246 4225 66 26 goes
2320 4226 35 17 on

1809 4262 28 24 to
1870 4268 55 27 say,
1982 4257 46 28 the
2060 4255 145 30 difference
2242 4255 27 29 in
2309 4256 46 29 the

1807 4299 141 29 character
1959 4297 29 28 of
2000 4297 46 28 the
2066 4307 60 18 ores
2149 4295 84 30 found
2258 4297 26 26 in
2308 4297 48 28 the

1807 4340 108 28 various
1940 4338 120 29 districts
2086 4338 22 27 is
2136 4348 28 17 se
2191 4340 78 30 great
2294 4337 61 29 that

1808 4382 78 27 those
1898 4380 60 27 who
1978 4389 45 18 are
2046 4378 123 37 engaged
2192 4379 27 26 in
2247 4378 107 39 mining

1807 4431 44 19 are
1883 4429 84 26 eager
1990 4422 29 26 to
2044 4419 109 38 acquire
2178 4418 174 29 information

1807 4462 60 28 that
1880 4460 52 29 will
1948 4460 80 28 assist
2040 4461 73 26 them
2128 4459 27 28 in
2177 4459 108 36 solving
2307 4460 47 28 the

1807 4502 99 36 knotty
1919 4500 136 39 problems
2069 4500 60 27 that
2141 4510 46 17 are
2200 4500 154 37 constantly

1807 4542 136 37 cropping
2075 4539 80 36 Quite
2178 4550 40 24 so,
2243 4539 52 28 and
2319 4551 36 17 no

1807 4582 86 28 doubt
1908 4592 50 18 our
1971 4580 99 28 miners
2089 4579 180 38 occasionally
2284 4584 71 24 meet

1807 4623 63 27 with
1888 4622 98 35 knotty
2007 4621 138 38 problems
2166 4621 60 27 that
2247 4621 108 38 require

1807 4662 109 32 solving
1929 4661 66 29 also.
2036 4661 68 28 Like
2118 4661 77 27 other
2218 4664 66 30 arts,
2307 4662 48 26 the

1897 4689 15 12 O
2277 4690 7 5 '

1807 4707 41 25 art
1863 4702 29 29 of
1905 4702 108 35 mining
2037 4701 48 28 has
2106 4711 60 17 now
2187 4701 79 27 made
2287 4701 68 27 such

1807 4753 127 28 progress
1946 4742 60 28 that
2019 4751 32 17 an
2062 4740 77 38 equal
2150 4740 164 37 knowledge
2327 4741 29 27 of

1810 4784 63 28 both
1889 4782 94 36 theory
1993 4780 53 28 and
2056 4781 119 36 practice
2186 4781 22 26 is
2219 4779 135 29 essential.

1807 4823 58 29 The
1890 4822 127 33 building
2040 4821 30 28 of
2093 4831 15 17 a
2135 4819 92 39 public
2252 4820 54 29 hall
2327 4824 29 25 at

1808 4862 104 28 Millers
1943 4861 61 28 Flat
2030 4861 31 35 is,
2100 4871 41 18 we
2176 4861 179 34 understand,

1807 4902 86 36 being
1924 4901 153 29 subsidised
2101 4902 35 28 bv
2168 4900 187 30 Government

1818 4941 195 36 conditionally
2047 4952 33 18 on
2113 4941 35 27 its
2178 4941 85 36 being
2287 4942 67 28 used

1806 4993 29 17 as
1866 4993 17 17 a
1914 4981 109 38 mining
2049 4981 133 34 institute,
2211 4982 50 28 but
2288 4982 65 28 such

1806 5033 33 18 an
1866 5021 155 29 institution
2056 5022 51 28 will
2136 5032 39 18 we
2207 5022 81 36 opine
2320 5023 34 28 be

1806 5064 29 26 of
1847 5063 71 27 little
1931 5062 129 37 practical
2079 5062 91 28 utility
2183 5063 92 27 unless
2289 5073 49 17 con-

1806 5102 99 28 ducted
1930 5102 34 35 by
1982 5112 15 17 a
2023 5105 155 35 competent
2195 5102 156 29 instructor.

1806 5143 27 27 If
1847 5142 187 28 Government
2047 5141 108 29 intends
2171 5142 183 38 establishing

1805 5193 16 17 a
1833 5181 106 38 mining
1953 5181 90 28 school
2053 5186 28 24 at
2094 5181 123 38 Waipori
2232 5192 41 18 we
2291 5192 46 28 pre-

1806 5232 75 19 sume
1901 5232 16 18 a
1941 5221 109 29 teacher
2072 5222 54 28 will
2147 5222 34 28 be
2204 5222 147 38 appointed

1804 5266 28 23 to
1861 5262 178 35 superintend
2065 5263 47 26 the
2145 5262 114 33 studies,
2287 5263 63 34 give

1804 5301 125 34 lectures,
1952 5299 54 28 arid
2025 5301 117 28 conduct
2166 5301 184 37 experiments

1802 5341 55 29 and
1879 5341 47 28 the
1952 5345 77 24 extra
2056 5346 57 24 cost
2146 5341 29 29 of
2201 5341 151 38 extending

1803 5383 41 27 his
1868 5381 96 38 sphere
1987 5381 29 28 of
2038 5383 88 27 action
2149 5391 49 28 say
2219 5384 29 25 to
2274 5381 57 27 Law-

1801 5432 89 25 rence,
1912 5421 106 29 Millers
2042 5421 61 31 Flat
2121 5421 54 30 and
2197 5421 151 36 Roxburgh

1800 5463 90 27 would
1923 5463 34 27 be
1991 5463 69 36 fully
2098 5461 160 29 warranted.
2328 5462 7 9 r
2337 5472 14 17 e

1800 5501 143 30 commend
1976 5501 47 29 the
2054 5502 160 39 suggestion
2241 5505 29 24 to
2301 5501 47 28 the

1801 5543 88 27 Mines
1903 5542 190 36 Department.

1824 5634 43 20 The
1876 5632 160 21 entertainment
2046 5632 21 21 of
2075 5633 36 21 the
2121 5631 89 23 Colonial
2220 5632 100 21 Premiers
2327 5633 19 20 at

1800 5662 36 20 the
1855 5660 63 21 Hotel
1934 5660 54 21 Cecil
2005 5662 42 19 cost
2064 5660 36 21 the
2118 5660 78 21 British
2212 5660 69 21 nation
2300 5666 46 14 over

1795 5689 84 25 £*7,000.

1822 5737 42 22 The
1882 5736 142 26 appointment
2038 5736 21 22 of
2073 5738 79 20 matron
2162 5735 22 22 of
2198 5735 36 22 the
2249 5735 95 26 Tuapeka

1798 5764 94 27 Hospital
1911 5764 35 20 has
1964 5763 49 21 been
2030 5765 105 21 conferred
2156 5771 26 14 on
2201 5764 49 21 Misi
2272 5763 70 27 fanny

1794 5794 70 24 Corrv,
1874 5792 22 20 of
1909 5791 124 21 Waitahutu

2412 210 38 20 We
2459 209 124 21 undnrnlund
2595 209 16 21 it,
2621 209 14 19 in
2646 209 36 20 not
2699 207 36 21 the
2752 205 101 22 intention
2871 204 21 19 of
2903 203 36 20 the

2387 237 49 22 local
2456 237 52 21 bnnil
2528 239 21 18 to
2680 236 22 19 sit
2720 235 35 19 tlio
2775 232 85 21 Winton
2880 232 60 20 Brass

2388 265 26 21 Tin
2418 265 42 20 mi's
2475 271 36 14 con
2514 265 48 24 tout,
2574 266 21 18 to
2611 263 24 19 lm
2649 263 49 20 hold
2715 260 87 22 towards
2821 260 36 20 the
2872 259 38 20 end
2920 258 21 20 of

2432 299 53 16 ynnr.

2412 331 44 19 Tito
2473 331 88 18 wntract
2566 335 32 13 om
2617 328 32 20 for
2666 328 35 20 the
2728 326 109 21 formation
2858 324 22 19 of
2902 323 36 20 the

2389 357 92 26 footpath
2493 358 19 21 in
2527 358 5 17 <
2539 355 70 21 'nntriil
2621 355 47 21 War
2676 355 12 23 I,
2697 355 52 19 from
2761 354 36 19 the
2807 351 56 21 little
2870 350 70 25 bridge

2390 390 20 15 In
2422 386 30 19 Mr
2462 385 51 19 Win.
2526 385 5 17 <
2538 383 99 21 Jourtior'n
2645 382 108 24 residence,
2763 381 52 20 have
2825 379 60 22 made
2892 378 51 26 good

2390 419 90 18 (itoKinim
2491 411 48 19 with
2550 411 35 19 the
2594 410 62 24 work,
2671 409 41 19 and
2727 409 74 22 expect
2812 408 21 19 to
2853 406 60 20 finish
2928 406 17 18 it

2390 439 40 19 thii
2442 437 62 21 wnuk.

2418 478 14 20 A
2445 475 83 23 tumble
2539 475 87 21 disaster
2635 473 94 22 occurred
2741 474 22 20 at
2780 470 164 26 Krementchug,

2391 514 9 10 u
2409 507 52 17 town
2469 511 25 13 on
2505 504 35 20 the
2548 503 38 20 lelt
2592 503 54 19 bank
2654 503 22 19 of
2684 501 35 21 the
2727 500 119 26 Dnieper,in
2854 499 90 21 Poltavia

2393 532 77 20 Russia.
2498 532 16 19 A
2529 531 54 25 large
2592 529 115 25 swimming
2718 528 56 26 bath,
2792 528 19 20 in
2831 527 63 20 which
2908 526 13 21 4
2929 527 17 18 '()

2391 566 76 14 women
2485 566 51 12 were
2546 557 93 26 bathing,
2650 564 39 13 was
2705 559 65 23 swept
2780 562 64 20 away,
2858 554 40 21 and
2909 554 37 21 200

2392 595 50 13 were
2451 585 104 23 drowned.

2418 627 31 19 Mr
2466 626 23 20 E.
2506 625 26 19 G.
2543 623 120 21 Jelicoethe
2675 623 43 19 well
2729 623 75 19 known
2816 621 128 25 Wellington

2392 653 95 25 solicitor,
2513 652 35 20 has
2571 651 82 20 advised
2670 650 33 20 Mr
2721 650 76 20 Cowan
2818 649 46 20 that
2887 648 25 20 lie
2931 648 16 19 is

2392 680 86 22 entitled
2493 681 22 19 to
2525 680 35 20 the
2578 678 90 22 Awarua
2694 679 50 19 seat.
2771 676 76 26 Other,
2860 675 85 27 lawyers

2392 709 59 20 there
2472 709 48 20 take
2543 707 35 21 the
2599 714 55 13 same
2681 706 59 26 view,
2762 705 40 21 and
2830 704 36 21 the
2894 704 51 21 New

2393 736 89 20 Zealand
2510 736 68 18 Times
2602 741 45 12 savs
2675 734 46 19 that
2743 733 36 19 the
2801 735 76 17 matter
2906 731 38 19 wdl

2393 761 136 28 probablyJbe
2539 760 73 27 fought
2621 762 37 18 out
2667 760 20 20 in
2698 760 35 20 the
2743 760 92 20 Election
2847 759 74 20 Court.

2418 803 39 19 We
2466 803 56 20 must
2530 807 56 14 warn
2593 801 35 19 the
2635 800 138 25 townspeople
2784 799 46 20 that
2837 798 35 20 the
2883 797 62 21 sneak

2393 830 54 21 thief
2455 830 17 20 is
2478 829 56 26 again
2545 835 25 14 on
2580 828 37 20 the
2634 828 71 25 prowl.
2733 827 81 20 Several
2832 825 52 21 safes
2896 825 51 21 have

2394 858 50 21 been
2456 856 69 22 raided
2540 856 20 21 in
2577 855 35 21 the
2628 854 169 27 neighbourhood
2815 853 71 27 lately,
2905 852 40 21 and

2394 886 100 19 residents
2507 884 67 20 would
2584 883 26 20 do
2620 882 45 20 well
2680 884 22 18 to
2712 882 25 20 be
2753 889 25 13 on
2795 881 36 21 the
2850 882 46 19 look
2911 883 36 17 out

2394 913 32 20 for
2435 913 57 20 these
2502 914 79 24 gentry.
2609 910 39 20 We
2655 916 47 20 may
2713 909 41 20 also
2766 916 55 13 warn
2832 909 57 20 them
2901 907 45 21 that

2395 941 16 20 if
2420 940 74 26 caught
2514 939 49 26 chey
2578 938 40 20 will
2632 938 25 19 be
2672 937 59 20 made
2743 944 24 13 an
2780 937 93 22 example
2889 936 28 21 of.
2927 943 21 12 as

2395 975 55 13 more
2460 968 50 20 than
2527 973 39 14 one
2581 964 72 22 settler
2670 964 36 21 has
2721 971 12 13 a
2743 964 37 21 rod
2797 964 21 21 in
2832 964 69 26 pickle
2918 963 30 20 for

2395 995 66 21 them.

2420 1030 65 20 There
2495 1029 36 21 has
2539 1029 51 20 been
2599 1035 12 13 a
2619 1029 58 24 great
2687 1027 44 21 deal
2743 1027 21 20 of
2774 1026 69 21 illness
2854 1028 94 21 amongst

2397 1057 90 22 children
2505 1056 21 21 in
2545 1056 36 20 the
2593 1055 81 21 district
2691 1054 71 25 lately.
2789 1054 32 20 On
2847 1053 102 23 Saturday

2396 1086 40 21 last
2446 1093 11 13 a
2467 1085 53 20 little
2528 1083 100 27 daughter
2637 1083 21 20 of
2666 1083 31 20 Mr
2710 1083 24 20 B.
2743 1082 77 20 Brooks
2826 1081 121 22 succumbed

2397 1116 22 17 to
2428 1121 26 12 an
2464 1112 69 20 attack
2543 1112 21 19 of
2573 1111 136 20 convulsions.
2737 1110 43 20 The
2787 1109 88 26 funeral,
2882 1109 66 20 which

2399 1147 39 12 was
2458 1138 99 21 attended
2582 1138 27 25 by
2626 1144 12 12 a
2658 1137 87 20 number
2763 1136 20 20 of
2803 1136 89 20 children
2910 1135 39 21 and

2399 1167 76 22 friends
2494 1166 21 21 of
2532 1166 33 21 Mr
2579 1164 40 21 and
2635 1164 41 21 Mrs
2691 1163 87 27 Brooks,
2792 1164 48 20 took
2855 1163 56 27 place
2925 1170 24 13 on

2398 1196 98 25 Monday,
2506 1194 59 21 when
2581 1194 33 20 Mr
2627 1194 79 24 Cooper
2720 1192 47 21 read
2785 1192 36 21 the
2837 1192 76 20 service
2929 1194 21 17 at

2396 1223 36 21 the
2440 1229 68 19 grave.

2425 1262 33 21 Mr
2468 1262 33 21 W.
2515 1260 54 28 Quin
2585 1260 36 21 has
2636 1259 49 21 been
2702 1258 110 28 appointed
2835 1258 70 21 valuer
2920 1258 31 21 for

2399 1290 93 26 Tapanui
2501 1288 91 26 borough
2605 1288 40 20 and
2654 1288 80 24 riding;
2748 1287 39 20 and
2805 1287 32 20 Mr
2852 1286 23 21 C.
2895 1286 55 21 Todd

2399 1318 32 19 for
2445 1318 70 19 James
2522 1317 38 19 and
2569 1316 71 20 Teviot
2647 1315 75 24 ridings
2731 1314 23 20 of
2759 1314 95 26 Tuapeka
2861 1314 89 24 County.

2401 1345 33 20 Mr
2444 1345 21 20 J.
2477 1344 22 21 J.
2510 1344 77 20 Gibson
2598 1342 35 21 has
2651 1342 50 21 been
2713 1341 110 25 appointed
2836 1340 70 20 valuer
2920 1341 32 20 for

2400 1372 35 22 the
2456 1371 103 26 following
2578 1370 76 22 ridings
2674 1370 20 20 in
2712 1368 98 27 Tuapeka
2833 1368 118 26 County:-

2400 1401 92 21 Browns,
2505 1398 101 26 Gabriels,
2617 1393 101 30 Waipori,
2725 1396 79 23 Claiks,
2825 1396 39 20 and
2877 1396 67 20 Waita

2399 1427 65 21 buna.
2492 1427 32 19 Mr
2534 1426 21 20 J.
2566 1425 24 21 C.
2605 1424 103 21 Arbuckle
2726 1424 36 19 has
2777 1423 50 20 been
2842 1423 110 26 appointed

2399 1456 33 20 for
2440 1455 36 21 the
2487 1453 94 25 Borough
2592 1453 20 19 of
2623 1453 115 19 Lawrence.

2428 1488 16 18 A
2461 1486 93 25 petition,
2571 1485 67 19 issued
2653 1484 27 24 by
2696 1483 47 30 the_
2753 1483 199 24 Roxburgh-lleriot

2401 1513 93 25 Eailway
2517 1512 87 25 League,
2627 1511 17 19 is
2666 1516 46 14 now
2738 1509 19 20 in
2781 1509 118 21 circulation
2922 1510 30 20 for

2400 1541 104 25 signature
2513 1538 53 21 from
2581 1537 118 21 Alexandra
2709 1538 21 19 to
2743 1537 35 19 the
2792 1537 67 20 Bluff.
2887 1536 65 21 There

2400 1569 16 21 ia
2432 1568 43 21 also
2490 1567 60 26 being
2568 1564 110 23 circulated
2693 1565 21 21 in
2732 1564 113 21 Roxburgh
2861 1564 39 21 and
2917 1564 35 21 the

2400 1597 91 20 districts
2526 1594 136 24 surrounding
2700 1600 11 12 a
2750 1592 87 25 petition
2882 1593 69 20 askina

2400 1624 139 20 Government
2547 1624 21 17 to
2575 1622 81 24 acquire
2666 1620 35 19 the
2713 1619 46 20 Moa
2780 1618 45 21 Flat
2842 1622 65 17 estate
2924 1620 28 19 for

2399 1651 53 21 close
2472 1649 126 22 settlement.
2630 1648 17 20 It
2670 1647 16 20 is
2705 1645 100 27 expected
2832 1646 46 21 that
2903 1648 49 20 both

2399 1678 98 27 petitions
2504 1676 41 22 will
2553 1676 24 21 be
2586 1682 49 20 very
2646 1674 75 27 largely
2731 1674 77 26 signed.

2426 1718 40 20 We
2475 1717 67 25 regret
2553 1717 22 18 to
2585 1714 54 21 learn
2647 1714 47 20 that
2704 1714 30 19 Dr
2745 1712 83 27 Mullin,
2843 1720 37 14 onr
2887 1714 65 26 genial

2400 1745 40 20 and
2451 1744 86 26 popular
2546 1742 52 21 local
2607 1742 84 23 medico,
2705 1741 36 20 has
2751 1740 62 21 fallen
2823 1748 12 13 a
2851 1742 70 20 victim
2933 1745 19 16 to

2400 1773 60 25 duty,
2482 1771 73 25 having
2579 1768 117 23 contracted
2719 1768 74 20 scarlet
2815 1768 64 22 fever.
2910 1770 28 19 Th-

2400 1801 70 19 docter
2480 1799 35 20 has
2524 1798 50 20 been
2592 1804 21 14 m
2628 1796 124 21 attendance
2764 1803 26 12 on
2804 1803 11 12 a
2833 1797 87 20 number
2930 1797 22 20 of

2400 1827 73 19 scarlet
2480 1827 56 19 fever
2544 1831 55 14 casts
2611 1824 69 25 lately,
2692 1824 38 19 and
2743 1823 19 20 in
2773 1823 46 20 that
2826 1831 45 18 way
2879 1824 73 24 caught

2400 1854 35 21 the
2442 1853 105 26 infection,
2560 1852 47 20 with
2619 1850 37 21 the
2663 1850 66 21 result
2736 1849 47 21 that
2793 1850 25 20 he
2828 1858 39 13 was
2875 1851 40 20 laid
2926 1858 26 19 up

2397 1889 25 13 on
2438 1881 109 24 Saturday.
2575 1879 33 21 He
2622 1878 37 20 has
2673 1879 47 19 sent,
2735 1878 32 19 for
2782 1878 28 20 Dr
2831 1879 121 26 Stevenson,

2397 1910 21 19 of
2428 1909 103 23 Ounedin,
2546 1907 45 19 who
2602 1907 40 19 will
2652 1911 32 15 act
2694 1912 21 13 as
2725 1905 67 20 locum
2804 1908 71 18 tenens
2893 1907 54 19 uutil

2397 1936 25 19 he
2433 1936 35 18 has
2482 1934 114 20 recovered.

2422 1973 18 21 A
2456 1972 44 20 well
2520 1972 73 20 known
2611 1970 34 21 old
2661 1970 96 26 identity,
2778 1970 73 21 named
2870 1970 79 22 George

2397 2001 110 24 Robinson,
2519 1999 45 21 died
2578 2000 21 19 at
2609 1998 80 21 Ettrick
2707 2005 25 14 on
2744 1998 86 26 Monday
2843 1998 44 21 last.
2920 1998 29 21 He

2397 2036 40 12 was
2447 2036 11 12 a
2466 2034 53 13 mon'
2531 2034 7 7 T
2539 2033 44 14 enai
2590 2027 39 24 ian,
2648 2025 75 26 having
2733 2026 49 20 been
2794 2027 50 19 born
2854 2026 21 20 in
2893 2025 55 21 1807.

2396 2055 39 20 and
2446 2053 184 25 notwithstanding
2639 2052 32 20 his
2680 2055 58 22 gr-at
2746 2060 45 18 age,
2802 2053 26 19 he
2836 2059 71 18 suppoi
2915 2053 33 19 ted

2395 2081 84 22 himself
2488 2081 26 25 by
2525 2081 30 20 his
2565 2080 65 26 trade,
2641 2080 46 20 that
2696 2079 23 21 of
2728 2086 11 14 a
2747 2080 127 26 shoemaker,
2887 2086 27 20 up
2929 2085 20 15 to

2395 2111 25 21 wi
2440 2111 27 21 lin
2486 2117 12 13 a
2514 2109 38 21 few
2562 2109 50 26 days
2621 2109 21 20 of
2652 2108 30 21 his
2697 2108 71 22 death.
2795 2108 102 21 Deceased
2908 2115 40 14 was

2395 2146 10 11 a
2424 2139 68 19 native
2510 2138 21 19 of
2545 2137 29 19 Lo
2585 2137 54 24 idon,
2654 2137 40 19 and
2722 2137 40 19 bad
2784 2144 12 11 a
2821 2137 125 23 thoroughly

2395 2164 138 25 independant
2542 2163 69 26 spirit,
2623 2163 75 25 having
2708 2163 76 19 several
2797 2163 58 19 times
2866 2163 82 20 refused

2394 2193 31 20 aid
2436 2192 52 22 from
2499 2192 35 21 the
2553 2190 127 23 Benevolent
2696 2189 130 23 Institution.
2855 2190 34 22 He
2910 2198 38 14 was

2394 2222 72 21 buried
2473 2228 25 14 on
2506 2220 138 25 Wednesday.

2418 2260 43 21 The
2477 2260 82 26 Belgian
2575 2260 142 19 Government
2730 2259 36 19 has
2781 2259 61 20 voted
2857 2259 91 26 60,000fr

2393 2288 89 20 towards
2491 2287 35 20 the
2534 2288 44 19 cost
2587 2286 22 20 of
2614 2293 25 13 an
2649 2286 96 20 Antartic
2753 2286 117 26 expedition
2882 2286 65 21 which

2393 2316 16 21 is
2432 2315 59 25 being
2513 2314 58 21 fitted
2593 2316 36 19 out
2646 2316 22 18 at
2689 2315 105 25 Antwerp.
2821 2314 44 20 The
2882 2316 64 19 steam

2393 2344 77 20 whaler
2480 2342 80 26 Belgica
2567 2343 17 20 is
2593 2346 23 17 to
2625 2342 26 21 be
2656 2342 57 26 used,
2720 2342 66 21 under
2795 2342 35 20 the
2839 2349 65 14 comra
2912 2343 34 20 md

2392 2371 21 20 of
2435 2371 124 20 Lieutenant
2585 2369 132 25 Degerlache.
2745 2369 44 20 The
2816 2370 128 24 expedition,

2393 2398 66 21 which
2471 2397 40 22 will
2527 2397 25 21 be
2567 2397 73 27 purely
2655 2396 21 21 of
2689 2404 11 13 a
2721 2396 99 21 scientific
2834 2397 113 26 character,

2392 2433 95 20 proposes
2496 2426 21 21 in
2527 2425 36 22 the
2572 2426 44 21 first
2622 2432 49 20 year
2684 2426 22 20 to
2717 2431 25 20 go
2756 2427 43 19 east
2811 2425 22 20 of
2847 2425 85 22 Graham-

2392 2454 55 26 land,
2467 2454 40 20 and
2527 2453 50 21 then
2599 2453 72 20 winter
2688 2455 21 18 in
2727 2453 112 20 Austn-lia.
2866 2453 26 20 In
2912 2455 35 19 the

2392 2481 73 21 second
2473 2488 48 19 year
2530 2481 36 20 the
2576 2488 39 18 exp
2628 2481 65 19 dition
2707 2481 41 19 will
2765 2480 101 26 probably
2882 2488 26 18 go
2924 2483 19 18 in

2392 2509 35 21 the
2437 2508 99 22 direction
2544 2507 22 22 of
2574 2507 150 22 Victorialand.

2418 2549 89 20 Macraes
2518 2547 16 21 is
2540 2547 35 21 the
2585 2554 59 14 name
2653 2547 22 21 of
2683 2555 11 12 a
2705 2547 53 21 rural
2769 2547 42 27 city
2823 2555 28 17 up
2859 2548 84 21 Central

2392 2577 66 25 Otago
2468 2582 50 20 way,
2530 2575 39 21 and
2579 2575 17 21 it
2610 2582 41 14 was
2668 2575 36 21 the
2717 2582 58 14 scene
2785 2575 22 21 of
2820 2582 25 14 an
2856 2575 90 21 incident

2392 2604 65 20 worth
2473 2603 105 26 recording
2596 2610 22 13 as
2633 2610 11 13 a
2653 2603 44 25 sign
2711 2603 22 20 of
2742 2603 35 19 the
2792 2603 69 21 times.
2890 2603 25 21 In
2934 2611 11 12 a

2391 2631 70 25 turnip
2468 2631 48 20 field
2524 2636 38 14 was
2569 2637 11 13 a
2590 2631 40 19 fine
2635 2630 106 27 strapping
2748 2631 38 19 lass
2795 2631 35 20 ind
2834 2631 95 21 ustriou-d
2933 2638 11 14 v

2392 2659 87 26 engaged
2492 2659 20 20 in
2522 2658 74 25 hoeing
2610 2659 35 19 the
2660 2658 88 26 turnip*,
2761 2659 60 19 while
2832 2659 71 24 sitting
2919 2666 26 14 on

2392 2687 35 19 the
2438 2687 55 19 fence
2505 2692 39 14 was
2553 2685 37 21 her
2623 2692 73 14 worser
2725 2685 44 21 half
2785 2686 83 26 equally
2877 2687 65 19 hus:'v

2391 2714 87 25 engaged
2486 2713 19 21 in
2516 2713 91 26 minding
2616 2713 102 26 thebiby,
2729 2713 49 21 with
2789 2713 82 26 feeding
2879 2713 66 22 bottle

2391 2742 40 21 and
2448 2741 27 20 all
2492 2741 105 26 complete.
2626 2741 19 20 A
2662 2741 79 26 passing
2760 2741 95 20 traveller
2875 2742 68 20 hail-d

2391 2770 41 19 him
2443 2768 49 21 with
2507 2775 12 13 a
2536 2768 66 26 cheer,
2614 2768 50 20 with
2675 2768 35 20 the
2720 2764 45 24 idea
2776 2768 19 20 of
2807 2769 136 25 encouraging

2391 2797 31 20 his
2432 2796 147 26 praiseworthy
2588 2796 79 25 efforts,
2677 2796 38 19 hut
2725 2796 25 19 he
2766 2796 57 25 sadly
2833 2796 64 20 3ho3k
2913 2797 31 18 h;s

2392 2824 50 20 head
2452 2831 21 12 as
2491 2823 47 20 who
2554 2823 74 21 should
2646 2830 42 20 say,
2751 2824 35 20 the
2799 2824 37 21 tim
2844 2831 21 18 .s,
2880 2824 18 21 0
2919 2823 26 22 he

2417 2889 43 21 The
2479 2888 85 22 farmers
2583 2888 39 22 and
2641 2889 74 21 miners
2731 2888 21 22 of
2766 2889 36 21 the
2817 2889 81 22 district
2912 2896 33 15 ae

2393 2917 83 23 looking
2487 2917 49 21 with
2547 2917 83 27 anxiety
2644 2917 31 21 for
2686 2917 35 21 the
2732 2917 47 27 long
2789 2918 85 25 delayed
2893 2919 52 21 rain.

2395 2947 63 25 Many
2467 2945 21 21 of
2498 2945 35 21 the
2543 2945 85 21 farmers
2637 2945 52 21 hare
2698 2947 48 19 been
2759 2947 75 19 unable
2844 2954 21 12 as
2879 2951 35 20 yet,
2924 2950 21 16 t,n

2395 2976 32 23 get
2452 2980 39 19 any
2510 2972 138 21 considerable
2663 2973 78 26 portion
2760 2973 22 20 of
2797 2974 54 20 their
2868 2974 77 26 ground

2395 3001 105 26 ploughed
2509 3000 32 21 for
2554 3002 56 18 want
2620 3000 21 20 of
2650 3001 106 24 moisture,
2766 3001 38 20 and
2813 3008 55 14 some
2882 3001 21 21 of
2912 3002 34 20 the

2397 3028 87 26 sluicing
2510 3028 71 21 claims
2600 3027 51 21 have
2670 3028 82 25 already
2771 3029 40 20 had
2831 3032 116 23 temporary

2397 3057 110 25 stoppages
2516 3055 90 26 through
2613 3055 104 21 shortness
2728 3056 19 20 of
2761 3060 70 18 water.
2858 3057 64 20 There
2932 3058 15 19 is

2397 3089 59 15 cause
2469 3084 32 19 for
2510 3083 81 22 anxiety
2606 3089 21 14 as
2637 3083 85 20 another
2732 3083 37 26 dry
2785 3090 68 15 season
2863 3084 41 21 like
2909 3084 40 21 last,

2395 3117 50 19 year
2456 3110 68 21 would
2540 3110 24 21 be
2575 3110 121 21 disastrous.
2723 3110 21 20 It
2759 3112 16 19 is
2794 3114 21 18 to
2835 3112 23 21 he
2875 3112 74 26 hope'l,

2395 3138 104 26 however,
2520 3138 46 20 that
2584 3138 43 20 rain
2647 3138 41 20 will
2707 3145 56 14 come
2784 3147 32 13 ere
2834 3140 54 25 long,
2907 3147 20 13 as
2938 3147 11 12 a

2396 3165 91 25 drought
2498 3165 49 20 with
2557 3164 36 21 the
2607 3165 72 20 winter
2696 3173 68 13 season
2780 3166 72 26 hardly
2872 3175 47 13 over
2933 3168 16 19 is

2395 3192 75 23 hardly
2481 3192 97 25 probable
2588 3192 21 20 in
2623 3192 36 20 the
2668 3192 59 20 usual
2736 3194 60 19 order
2806 3194 20 20 of
2835 3194 77 26 things.

2424 3230 43 21 The
2477 3230 94 26 shooting
2583 3230 68 21 match
2661 3231 66 22 under
2741 3232 35 21 the
2785 3234 90 26 auspices
2886 3235 20 20 of
2917 3234 34 21 the

2398 3258 55 21 Rifle
2464 3258 37 19 and
2514 3258 46 20 Gun
2570 3258 53 21 Club
2639 3265 38 13 was
2691 3260 137 20 unavoidably
2838 3262 112 26 postponed

2399 3285 41 22 last
2450 3285 110 27 Saturday,
2573 3285 36 21 but
2620 3285 40 21 will
2677 3286 47 22 take
2740 3287 57 27 place
2806 3293 24 17 on
2842 3289 110 27 Saturday,

2398 3316 22 19 at
2431 3314 12 21 2
2453 3321 52 20 p.m.
2533 3309 43 26 The
2594 3314 43 26 clay
2657 3316 82 25 pigeons
2759 3317 39 20 and
2816 3319 135 20 ammunition

2399 3342 53 21 have
2463 3342 80 20 arrived
2554 3342 19 19 in
2583 3342 120 26 Roxburgh.
2731 3343 43 21 The
2780 3345 101 21 members
2890 3346 22 20 of
2919 3347 33 19 thf

2399 3370 48 20 club
2458 3376 54 14 were
2522 3371 37 18 not
2564 3369 76 24 wholly
2647 3369 141 28 disappointed
2797 3373 39 20 last
2843 3373 109 26 Saturday,

2398 3404 22 14 as
2441 3397 76 21 Messrs
2529 3396 56 22 John
2603 3397 38 20 and
2658 3397 70 21 James
2747 3399 73 22 Elliott
2839 3401 71 26 picked
2925 3408 28 17 up

2398 3425 55 20 sides
2464 3425 33 19 for
2507 3432 12 12 a
2529 3425 66 20 match
2609 3425 48 20 with
2668 3425 53 26 g'ass
2728 3427 57 23 balls,
2797 3428 21 20 of
2824 3429 64 20 which
2897 3436 55 13 some

2398 3459 55 13 were
2465 3452 37 20 left
2515 3458 55 14 over.
2598 3451 43 21 The
2651 3453 93 26 shooting
2755 3462 39 13 was
2804 3457 37 19 not
2849 3463 27 20 up
2886 3458 22 19 to
2919 3456 34 20 the

2387 3479 1 31 |
2398 3479 66 22 club's
2475 3479 58 21 usual
2542 3479 60 22 form.
2630 3479 42 21 The
2688 3483 68 19 mtilch
2774 3490 41 13 was
2830 3484 38 20 five
2888 3491 45 14 men
2943 3491 9 12 a

2398 3508 44 20 side
2453 3507 41 21 and
2506 3508 39 20 five
2555 3507 56 21 shots
2619 3508 56 27 each,
2689 3509 39 21 and
2745 3511 89 20 resulted
2848 3512 20 20 in
2884 3519 11 13 a
2915 3513 37 19 win

2397 3535 34 20 for
2441 3535 34 20 Mr
2486 3535 55 20 John
2559 3535 89 20 Elliott's
2657 3536 42 20 side
2707 3536 25 26 by
2739 3544 37 13 one
2788 3539 65 24 point.

2426 3575 30 21 At
2480 3573 36 21 the
2541 3573 96 27 ordinary
2654 3575 90 25 meeting
2762 3576 22 21 of
2804 3577 35 21 the
2857 3578 94 25 Borough

2399 3602 95 26 Council,
2505 3601 49 22 held
2562 3603 19 19 in
2590 3602 35 20 the
2634 3602 83 21 Council
2727 3604 111 21 Chambers
2846 3613 24 13 on
2878 3606 61 21 Thurs-

2397 3630 39 26 day
2449 3629 85 25 evening
2546 3629 47 25 (last
2611 3629 73 26 week),
2700 3630 58 21 there
2776 3638 52 15 were
2846 3635 101 24 present—

2396 3657 43 21 The
2465 3657 80 25 Mayor,
2565 3657 36 20 Crs
2620 3657 108 27 Kioaston,
2752 3659 87 24 Jpffery,
2866 3660 84 27 Grovr,

2396 3684 117 24 M'Kenzie,
2543 3683 115 27 M'Mullin,
2689 3686 40 20 and
2765 3687 101 22 Courtier.
2907 3688 42 20 The

2395 3713 102 21 contracts
2510 3710 19 21 in
2552 3711 83 22 Central
2651 3712 40 21 and
2709 3713 102 23 Southern
2928 3715 21 22 rf

2397 3740 75 22 Messrs
2482 3739 146 22 Featherstone
2638 3740 39 21 and
2688 3740 137 29 Hueston,for
2834 3744 113 26 gravelling

2394 3768 36 21 the
2441 3768 48 19 road
2498 3767 40 20 and
2548 3768 82 24 making
2639 3775 10 11 a
2659 3768 103 27 footpath,
2780 3778 56 13 were-
2849 3771 97 25 accepted

2394 3797 21 17 at
2425 3795 36 19 the
2472 3795 64 24 prices
2546 3794 115 26 previously
2672 3796 108 22 published
2791 3797 19 20 in
2822 3798 42 20 this
2875 3804 70 19 paper.

2465 3820 70 26 regard
2552 3822 21 19 to
2586 3828 24 13 an
2626 3822 123 26 application
2766 3824 26 26 by
2809 3832 12 13 a
2839 3828 108 23 ratepayer

2394 3851 20 20 to
2424 3850 51 22 have
2486 3848 35 23 the
2532 3849 39 22 fine
2580 3850 22 20 of
2609 3850 25 21 10
2646 3857 35 19 per
2696 3853 46 19 cent
2760 3853 96 21 remitted
2875 3860 24 14 on
2916 3853 31 21 his

2391 3885 77 13 arrears
2482 3877 21 20 of
2513 3879 60 23 rates,
2584 3877 31 20 for
2623 3884 79 14 reasons
2710 3879 67 21 stated
2785 3881 26 24 by
2820 3881 52 25 him,
2882 3881 16 19 it
2906 3888 40 13 w.s

2390 3904 92 21 resolved
2492 3904 47 20 that
2548 3904 36 20 the
2594 3904 81 21 Council
2684 3905 38 20 ha<l
2734 3912 27 14 no
2767 3914 68 15 power
2848 3909 21 19 to
2879 3907 26 21 do
2915 3915 29 14 s'.

2390 3933 104 21 Accounts
2504 3932 120 27 amounting
2634 3935 21 17 to
2665 3933 28 21 £8
2710 3933 34 21 13s
2757 3935 26 21 6d
2806 3942 52 14 were
2872 3936 71 26 passed

2387 3961 32 21 for
2433 3961 104 26 payment.

2414 4001 39 19 We
2475 4000 66 20 would
2562 4000 56 20 draw
2632 4000 35 20 the
2681 4002 102 19 attention
2800 4002 22 19 of
2838 4009 37 13 our
2895 4002 46 22 ladv

2388 4027 80 21 readers
2488 4029 21 18 to
2528 4027 74 21 Messrs
2618 4026 31 22 W.
2667 4027 93 27 Talboy's
2777 4029 164 21 advertisement

2389 4054 107 27 published
2509 4055 20 21 in
2540 4055 85 21 another
2634 4055 89 22 column.
2750 4055 58 27 They
2820 4057 40 20 will
2875 4057 40 21 find
2930 4064 11 14 a

2388 4083 166 23 comprehensive
2574 4083 35 21 list
2631 4083 22 21 of
2679 4083 35 20 the
2738 4083 62 22 latest
2818 4085 40 21 and
2886 4088 53 17 most

2388 4110 124 20 fashionable
2551 4111 86 22 wearing
2676 4111 104 20 materials
2820 4111 22 20 of
2879 4118 60 19 every

2388 4136 122 27 description
2524 4138 22 19 at
2561 4137 130 26 exceedingly
2707 4137 40 21 low
2762 4139 70 24 prices.
2863 4139 73 20 Messrs

2387 4164 87 27 Talhoys
2489 4172 105 15 announce
2619 4165 46 22 that
2686 4165 54 22 their
2759 4166 40 21 low
2817 4167 117 27 quotations

2387 4200 33 13 are
2427 4196 36 16 not
2477 4193 31 20 for
2517 4201 40 18 any
2567 4194 93 25 specified
2668 4194 77 25 period,
2757 4201 21 12 as
2788 4195 115 20 advertised
2910 4195 26 19 bv

2386 4226 55 14 some
2451 4220 95 20 Dunedin
2557 4220 61 24 firms,
2630 4220 38 21 but
2677 4220 32 21 for
2717 4221 27 19 all
2759 4221 36 20 the
2804 4227 49 19 year
2863 4221 72 25 round,

2386 4246 39 21 and
2453 4248 99 26 certainly
2613 4247 75 22 should
2713 4248 25 20 be
2759 4249 99 25 infinitely
2882 4255 55 14 more

2385 4274 129 26 satisfactory
2531 4278 22 17 to
2567 4276 119 25 purchasers
2696 4278 22 18 to
2735 4276 24 20 be
2773 4276 47 21 able
2830 4280 21 16 to
2865 4276 71 21 chooie

2384 4301 39 21 and
2434 4302 71 26 satisfy
2512 4302 122 21 themselves
2640 4310 21 13 as
2669 4305 22 18 to
2698 4303 56 21 what
2762 4304 47 19 thev
2820 4311 33 13 are
2860 4304 76 25 buying

2384 4329 69 22 rather
2462 4330 49 21 than
2526 4330 49 21 send
2592 4332 21 19 to
2626 4331 105 26 Dunedin,
2754 4331 67 22 where
2837 4332 61 25 goods
2916 4332 21 20 of

2384 4364 59 14 everv
2451 4358 117 26 discript.ion
2576 4365 46 19 may
2632 4358 24 21 be
2666 4359 97 21 returned
2782 4362 73 23 eicept
2875 4360 58 20 those

2383 4385 66 20 which
2464 4392 51 13 were
2524 4386 62 19 asked
2599 4386 38 19 for.

2409 4424 18 21 A
2446 4424 71 26 highly
2532 4424 110 21 creditable
2660 4424 55 26 pieci
2735 4425 21 21 of
2773 4425 160 27 workmanship,

2384 4452 65 21 which
2470 4453 16 20 is
2503 4452 41 21 also
2559 4452 111 21 somewhat
2689 4453 21 20 of
2724 4460 11 13 a
2752 4453 85 26 novelty
2853 4453 21 20 in
2893 4453 40 20 this

2383 4479 87 27 district,
2489 4480 37 20 has
2549 4480 43 26 just
2611 4480 50 20 been
2681 4480 74 20 turned
2773 4483 36 17 ont
2829 4480 26 22 by
2869 4480 33 20 Mr
2912 4480 21 21 J.

2383 4506 33 20 W.
2430 4506 92 26 Rooney,
2532 4507 20 20 in
2562 4507 36 20 the
2607 4507 62 25 shape
2679 4507 21 20 of
2712 4515 12 12 a
2734 4507 47 20 boat
2789 4507 53 20 built,
2851 4507 33 21 for
2894 4507 34 20 the

2387 4533 60 21 Kdina
2458 4534 81 26 dredge.
2566 4534 43 20 The
2618 4534 48 19 boat
2672 4534 16 20 is
2696 4540 11 14 a
2712 4534 55 26 large
2777 4541 46 19 one,
2834 4534 95 21 intended

2384 4560 31 20 for
2425 4561 87 25 crossing
2523 4561 35 20 the
2571 4567 46 14 men
2632 4567 22 13 or
2661 4561 58 20 other
2729 4568 116 19 passengers
2856 4565 21 15 to
2896 4561 37 20 and

2385 4587 50 20 from
2446 4588 36 20 the
2491 4587 82 25 dredge,
2580 4587 39 20 and
2630 4587 37 21 her
2675 4588 123 20 dimensions
2809 4595 41 13 are:
2860 4588 71 23 length

2385 4615 48 21 18ft.
2446 4615 57 20 beam
2517 4615 31 20 sft
2566 4615 52 23 9ins,
2635 4615 39 21 and
2690 4615 64 24 depth
2774 4615 30 20 2ft
2814 4617 51 19 3ins.
2891 4615 41 21 She

2385 4649 40 13 was
2434 4641 53 21 built
2500 4642 22 20 of
2540 4641 34 21 the
2594 4641 45 21 best
2659 4643 92 19 material
2775 4643 50 19 with
2848 4642 82 20 hickorv

2385 4669 40 20 ribs
2447 4669 39 20 and
2516 4675 75 20 copper
2613 4668 91 21 fastened
2736 4669 134 23 throughout.
2901 4669 30 19 On

2387 4695 89 26 Monday
2494 4696 106 20 afternoon
2616 4695 36 21 she
2668 4702 40 14 was
2718 4696 99 20 launched
2837 4703 49 13 near
2899 4696 34 20 the

2387 4722 76 26 bridge,
2474 4723 39 19 and
2524 4723 73 19 Messrs
2607 4723 84 25 Rooney
2700 4724 38 18 and
2759 4723 97 19 Gilchr'st
2866 4723 65 19 rowed

2384 4749 37 20 her
2428 4749 59 20 down
2498 4750 22 19 to
2526 4749 35 19 the
2569 4749 81 23 dredge.
2677 4749 40 20 She
2724 4749 74 24 proved
2807 4749 123 25 thoroughly

2385 4776 113 24 seaworthy
2506 4775 62 21 sailed
2583 4775 49 26 high
2642 4775 21 21 in
2670 4775 36 21 the
2719 4779 61 17 water
2800 4775 88 21 without
2898 4776 34 20 the

2384 4803 95 25 slightest
2496 4803 90 26 leakage.
2613 4804 30 20 As
2661 4810 12 14 a
2682 4803 100 26 specimen
2792 4803 23 21 of
2830 4803 36 21 the
2884 4803 48 21 boat

2387 4831 95 21 builder's
2500 4831 59 26 craft,
2570 4831 36 21 the
2617 4831 61 26 dingy
2691 4831 66 21 would
2768 4831 26 21 do
2802 4831 39 21 full
2859 4831 73 27 justice

2385 4861 21 18 to
2433 4865 39 18 any
2486 4858 143 26 shipbuilder's
2655 4858 57 26 yard,
2734 4859 37 20 her
2794 4859 50 20 lines
2870 4859 58 23 being

2386 4886 100 21 beautiful
2505 4886 38 20 and
2553 4885 35 21 the
2599 4885 64 21 whole
2673 4886 21 20 of
2707 4886 35 20 the
2752 4886 150 22 workmanship
2913 4885 20 20 of

2385 4913 35 20 the
2431 4920 49 18 very
2489 4913 53 20 best.
2569 4914 29 18 As
2606 4920 59 18 many
2672 4913 21 20 of
2699 4913 36 19 the
2740 4913 83 26 dredges
2830 4920 34 13 are
2872 4913 59 25 badly

2385 4941 19 20 in
2421 4940 51 21 need
2482 4940 23 21 of
2514 4946 43 15 new
2566 4939 57 21 boats
2641 4940 17 20 it
2667 4940 16 20 is
2694 4939 61 22 likelv
2766 4940 45 20 that
2824 4940 57 20 when
2897 4940 35 20 the

2385 4968 81 21 Edina's
2476 4968 48 20 boat
2534 4967 35 21 has
2580 4967 48 21 been
2639 4974 46 14 seen
2696 4967 25 26 by
2732 4967 74 26 dredge
2813 4974 76 14 owners
2901 4968 31 20 Mr

2386 4995 99 26 Rooney's
2494 4995 65 20 hands
2569 4994 40 21 will
2622 4994 25 20 be
2658 4995 38 19 full
2712 4995 49 19 with
2773 4995 73 19 orders.
2876 4995 54 22 They

2385 5022 64 21 would
2459 5029 47 14 save
2519 5022 57 26 eight
2590 5029 24 13 or
2627 5023 34 19 ten
2671 5022 78 25 pounds
2758 5022 24 25 by
2794 5021 73 26 having
2875 5022 55 20 them

2383 5049 54 22 built
2446 5050 80 26 locally,
2537 5048 65 23 which
2616 5048 16 22 is
2642 5048 99 27 certainly
2757 5055 11 14 a
2776 5049 154 22 consideration.

2409 5088 41 21 Foo
2460 5088 60 25 How,
2530 5094 12 13 a
2552 5087 44 20 well
2607 5087 73 20 known
2690 5087 114 20 Chinaman
2819 5088 22 19 at
2852 5087 77 20 Millers

2384 5116 53 25 Flat,
2448 5115 46 20 died
2501 5115 19 20 in
2530 5114 32 21 his
2572 5114 38 21 but
2620 5114 57 20 there
2687 5121 24 13 on
2723 5114 110 23 Saturday,
2844 5114 39 20 and
2894 5114 35 20 the

2383 5142 105 26 obsequies
2509 5149 53 13 were
2584 5141 112 20 conducted
2718 5141 50 19 with
2788 5141 38 19 full
2845 5141 84 19 Chinese

2384 5176 16 14 ct
2407 5169 95 20 remonial
2509 5175 25 14 O')
2546 5168 93 26 Monday.
2665 5168 79 21 Several
2756 5167 21 20 of
2783 5167 146 26 theEuiope.w

2382 5196 100 21 residents
2504 5196 97 21 attended
2623 5195 36 20 the
2685 5194 86 27 funeral,
2794 5194 135 21 considerable

2383 5224 81 21 interest
2474 5224 60 26 being
2543 5223 120 22 manifested
2672 5223 20 21 in
2703 5222 34 22 the
2744 5222 86 21 Chinese
2846 5222 81 21 method

2384 5252 21 19 of
2424 5252 120 23 interment,
2564 5251 39 20 and
2623 5251 34 20 the
2678 5250 122 21 ceremonies
2821 5250 108 19 connected

2384 5277 117 20 therewith.
2527 5277 74 19 Before
2610 5276 36 19 the
2659 5276 86 19 remains
2757 5282 52 13 were
2825 5276 69 23 placed
2909 5276 19 18 in

2385 5303 33 20 the
2433 5303 66 26 coffin,
2509 5303 35 20 the
2553 5302 54 26 body
2619 5302 22 21 of
2652 5302 35 21 the
2703 5302 40 20 late
2754 5302 41 20 Foo
2814 5302 59 25 How,
2892 5308 37 13 was

2384 5330 32 21 hal
2424 5330 42 22 ited
2488 5331 26 25 by
2532 5330 31 22 his
2579 5332 132 25 countrymen
2727 5330 19 21 in
2762 5336 10 14 a
2788 5336 44 15 new
2848 5330 41 21 suit
2908 5330 21 21 of

2384 5358 84 26 clothes,
2478 5359 36 20 the
2523 5359 61 20 outfit
2591 5358 58 26 being
2656 5357 106 27 complete,
2827 5359 21 18 to
2854 5364 11 13 a
2871 5357 47 21 black-

2383 5386 41 19 soft
2434 5386 37 19 felt
2482 5386 43 24 hat,
2536 5386 35 20 the
2589 5386 64 19 whole
2667 5386 20 19 of
2701 5385 36 20 the
2752 5387 102 21 garments
2870 5384 59 26 being

2384 5413 88 20 interred
2484 5413 50 20 with
2543 5412 50 22 him.
2621 5412 68 21 While
2700 5412 35 21 the
2745 5412 57 21 coffin
2817 5419 39 13 was
2870 5411 59 27 being

2384 5440 86 21 lowered
2482 5441 44 20 into
2543 5440 35 21 the
2592 5447 67 20 grave,
2668 5440 40 21 and
2718 5440 72 24 during
2797 5439 34 21 the
2838 5440 49 21 time
2894 5440 34 21 the

2383 5474 60 17 grave
2454 5475 39 12 was
2504 5468 59 24 being
2578 5468 62 22 filled,
2660 5468 76 20 several
2750 5467 111 20 Chinamen
2880 5467 49 27 kept

2383 5494 78 25 lighted
2471 5501 11 13 a
2495 5494 87 21 number
2590 5494 20 21 of
2620 5494 84 21 Chinese
2713 5494 80 21 candles
2802 5495 22 18 at
2833 5493 35 21 the
2884 5494 44 21 foot

2384 5520 21 21 of
2418 5520 36 21 the
2463 5528 66 19 grave.
2556 5521 43 21 The
2612 5522 110 20 interment
2736 5521 59 26 beiug
2809 5521 118 23 concluded,

2383 5548 69 20 affairs
2461 5549 93 20 assumed
2564 5555 11 13 a
2585 5555 56 14 more
2647 5548 89 21 cheerful
2746 5551 77 23 aspect,
2832 5556 22 12 as
2861 5549 66 26 Wong

2383 5575 77 27 Shung,
2466 5582 12 14 a
2487 5575 113 26 neighbour
2607 5576 22 20 of
2635 5575 36 22 the
2678 5575 102 25 deceased,
2794 5576 20 20 in
2824 5576 103 27 discharge

2384 5602 21 20 of
2414 5602 36 21 the
2459 5603 68 20 sacred
2538 5603 50 21 rites
2593 5603 22 20 of
2621 5603 227 26 hospitality,appeared
2856 5604 50 21 with
2916 5612 11 13 a

2382 5628 67 21 bottle
2461 5629 22 21 of
2496 5629 90 25 whiskey
2600 5630 66 20 under
2682 5636 37 14 one
2728 5636 43 14 arm
2785 5631 39 21 and
2837 5632 90 26 carrying

2382 5655 45 21 half
2435 5662 12 14 a
2457 5657 63 19 dozen
2531 5656 81 26 glasses.
2638 5657 63 21 After
2709 5657 35 21 the
2753 5658 69 26 spirits
2831 5659 21 20 of
2866 5659 58 21 those

2382 5685 82 23 present
2473 5683 40 20 had
2522 5683 48 20 thus
2579 5683 51 21 been
2639 5683 88 21 fortified
2737 5685 77 25 against
2828 5686 27 20 all
2864 5687 60 20 other

2381 5709 61 21 kinds
2464 5709 21 20 of
2501 5709 77 26 spirits,
2596 5710 36 20 the
2654 5711 118 21 ceremonial
2797 5719 56 14 came
2873 5718 23 16 to
2913 5720 12 14 a

2381 5736 122 22 conclusion.
2529 5736 43 22 Foo
2581 5736 54 22 How
2643 5744 42 14 was
2697 5739 122 30 seventy-six
2831 5746 58 21 years
2903 5741 21 21 of

2379 5770 43 20 age,
2435 5764 113 27 thirty-one
2570 5764 22 22 of
2609 5764 66 23 which
2693 5773 51 15 were
2766 5770 59 25 spest
2842 5774 21 15 m
2880 5768 42 22 this

2370 5791 87 21 district.

2994 201 43 20 The
3055 201 108 22 estimated
3181 201 119 27 population
3319 201 23 20 of
3364 201 35 21 the
3415 201 72 27 colony
3500 208 24 14 on

2969 228 56 21 June
3042 228 33 21 30.
3093 228 107 26 (inclusive
3213 229 22 21 of
3244 229 72 27 39,854
3330 228 84 27 Maoris)
3425 235 40 14 wa3
3480 229 44 26 7Dv»,

2971 256 42 20 140.

2996 296 34 19 Mr
3039 295 33 22 W.
3083 295 22 20 T.
3122 294 133 27 Scrimgeonr,
3269 294 22 20 of
3302 293 74 21 Teriofc
3391 294 86 26 station,
3489 294 37 20 Ims

2971 322 114 26 purchsaed
3095 322 36 19 the
3138 322 51 20 farm
3199 322 105 26 adjoining
3314 321 31 20 his
3355 322 99 25 property
3460 321 67 26 lately

2973 348 72 23 owned
3055 349 25 27 by
3091 350 33 20 Mr
3133 348 82 22 Sainuel
3225 349 83 21 Clarke.

2997 390 23 19 It
3042 389 17 20 is
3074 389 108 20 estimated
3205 389 47 20 that
3274 388 36 21 the
3332 387 104 27 projected
3454 387 72 21 tunnel

2973 416 92 19 bftween
3093 416 82 19 Ireland
3197 416 40 19 and
3269 415 96 20 Scotland
3387 415 69 20 would
3486 418 42 17 co9t

2973 442 93 21 between
3145 441 40 21 and
3195 442 56 26 eight
3258 441 90 21 millions
3358 441 93 26 sterling.

3000 481 42 21 The
3058 481 101 26 complete
3173 482 83 20 returns
3274 481 22 20 of
3315 481 34 21 the
3363 481 78 27 polling
3455 481 20 21 in
3493 481 36 21 the

2976 510 89 20 Awarua
3075 509 86 20 election
3173 516 51 13 were
3240 516 21 13 as
3278 508 80 21 follows
3399 509 53 21 Hod.
3468 510 21 21 -J.
3502 510 26 21 0,

2976 537 70 26 Ward,
3075 536 69 28 2,041;
3160 536 23 21 0.
3209 536 84 26 Cowan,
3319 536 158 28 914—majority
3498 537 31 21 fur

2976 565 70 27 Ward,
3058 564 57 22 1127.
3142 565 43 20 The
3195 564 84 21 election
3290 564 79 22 evoked
3389 565 34 21 the
3441 569 87 23 greatest

2976 594 85 20 interest
3070 593 21 20 in
3103 594 33 19 the
3146 592 149 22 constituency.

3044 666 206 53 Interesting
3283 666 179 52 Wedding.

3011 775 37 26 On
3063 774 160 36 Wednesday
3237 773 127 29 afternoon
3377 775 46 27 last
3436 785 13 18 a
3460 776 68 28 lar«e

2975 812 72 27 circle
3061 813 27 26 of
3100 813 90 26 friends
3206 819 47 20 met
3267 819 24 21 at
3309 814 40 26 the
3363 814 72 27 home
3448 814 28 27 of
3486 815 28 26 Mi-

2976 850 48 27 ami
3039 850 54 26 Mrs
3107 849 66 28 John
3190 851 103 26 Watson
3314 855 27 23 to
3364 852 56 26 take
3434 860 54 28 part
3502 854 23 25 in

2976 897 46 17 one
3035 889 23 25 ol
3074 888 71 26 those
3164 889 148 34 interesting
3336 897 86 19 events
3446 890 80 26 which

2977 926 31 26 do
3021 935 27 17 so
3057 925 74 27 much
3145 931 24 21 to
3180 936 57 25 vary
3253 927 40 25 the
3305 928 114 35 ordinary
3430 929 97 25 routine

2977 965 24 25 of
3014 964 47 25 life.
3099 963 51 26 The
3164 965 110 25 occasion
3289 973 50 18 was
3353 966 41 25 the
3405 966 121 32 marriage

2978 1001 26 26 of
3016 1001 41 26 Mr
3078 1001 91 26 Robert
3183 1001 114 33 Watson,
3311 1011 44 18 son
3369 1003 28 26 of
3406 1003 42 26 Mr
3458 1003 67 27 John

2981 1039 114 32 Watson,
3121 1044 24 20 to
3173 1039 59 27 Miss
3257 1039 107 28 Hannah
3393 1041 133 32 Rainham,

2978 1077 41 26 the
3033 1086 130 26 ceremony
3178 1076 75 36 being
3271 1088 29 26 pe
3316 1079 92 26 formed
3432 1079 31 36 by
3486 1080 40 26 the

2981 1116 58 24 Rev.
3065 1114 23 26 J.
3106 1114 32 26 H.
3155 1114 105 36 Hooper.
3298 1117 51 25 The
3373 1116 78 30 bride,
3472 1117 55 25 who

2978 1151 88 27 looked
3081 1160 59 27 very
3154 1150 159 37 bewitching,
3327 1162 49 18 was
3390 1154 98 26 dressed
3502 1154 24 26 in

2978 1201 14 17 a
3005 1190 65 27 fawn
3084 1189 119 27 brocaded
3216 1200 50 24 rep.
3281 1191 59 27 with
3352 1192 56 25 shot
3421 1192 46 25 silk
3479 1192 45 25 and

2979 1233 183 31 pessamentere
3179 1229 149 33 trimmings,
3342 1230 51 25 also
3406 1239 12 16 a
3433 1229 78 26 beauti-

2981 1265 32 28 ful
3030 1265 89 26 brooch
3135 1265 53 35 (the
3202 1267 47 32 gift
3263 1267 26 25 of
3298 1267 40 26 the
3351 1266 176 33 bridegroom),

2980 1304 48 27 and
3043 1304 77 25 carrie
3128 1303 8 25 i
3156 1313 12 15 a
3192 1304 53 25 nice
3263 1304 115 35 bouquet.
3417 1304 48 25 She
3480 1313 48 16 whs

2981 1340 116 28 attended
3123 1340 31 35 by
3180 1340 63 26 Miss
3272 1340 70 26 Lillie
3373 1340 105 26 Watson
3504 1350 25 16 as

2980 1377 158 31 bridesmaid,
3171 1378 54 26 who
3256 1387 64 17 wore
3356 1387 79 17 cream
3467 1387 62 16 duds

2982 1416 99 32 veiling.
3128 1415 52 26 The
3210 1416 156 32 bridpgroom
3396 1424 49 17 was
3473 1424 42 25 sup-

2981 1453 84 35 ported
3081 1462 29 17 on
3126 1454 40 25 the
3179 1453 69 33 right
3262 1453 31 35 by
3308 1453 41 26 Mr
3366 1453 68 25 Wm.
3450 1452 79 25 Elder.

2983 1491 53 25 The
3051 1498 129 26 ceremony
3196 1490 75 31 being
3282 1498 65 22 over,
3360 1490 41 24 the
3411 1497 119 25 company

2982 1526 135 36 proceeded
3144 1532 24 20 to
3192 1526 41 26 the
3258 1526 90 35 dining
3359 1535 78 23 room,
3453 1526 79 25 where

2982 1563 80 37 ample
3070 1564 92 35 justice
3176 1573 49 18 was
3239 1563 63 28 done
3321 1569 26 22 to
3358 1563 40 27 the
3412 1562 118 28 excellent

2982 1602 86 35 spread
3083 1602 128 33 provided,
3221 1603 62 25 after
3295 1601 79 27 which
3386 1610 86 26 games
3485 1603 46 24 and

2983 1640 99 26 various
3102 1639 74 26 forms
3197 1639 26 26 of
3234 1645 167 20 amusements
3414 1647 63 17 were
3496 1638 24 25 in-

2982 1677 92 29 dulged
3102 1678 22 26 in
3155 1677 63 27 until
3244 1678 28 26 11
3303 1687 66 25 p.m.,
3396 1676 71 26 when
3493 1676 40 26 the

2982 1716 136 35 gathering
3132 1714 124 37 dispersed
3271 1714 58 27 with
3343 1714 41 26 the
3394 1714 104 34 singing
3510 1716 23 22 ol

3013 1753 65 26 Auld
3093 1753 72 35 Lang
3179 1753 90 30 Syne.''
3306 1753 53 25 The
3372 1751 128 34 following
3514 1752 19 25 is

2982 1801 12 16 a
3008 1791 41 26 list
3065 1791 26 26 of
3101 1798 110 28 presents
3225 1791 110 26 received
3350 1789 31 36 by
3396 1789 41 27 the
3451 1789 80 35 happy

2974 1827 1 37 ;
2981 1828 87 36 couple
3081 1838 5 16 :
3088 1829 88 25 —Mrs
3190 1827 153 32 Donaldson,
3359 1834 37 19 tea
3418 1834 50 26 pot,
3485 1833 48 19 two

2981 1866 60 27 cuke
3051 1865 148 30 dishes.half
3206 1871 75 21 dozen
3293 1875 59 25 cups
3361 1864 48 28 and
3418 1874 113 22 saucers;

2981 1905 55 25 Mrs
3054 1904 106 34 Hooper,
3182 1911 36 18 tea
3241 1911 41 26 pot
3307 1904 47 25 and
3380 1903 78 34 caddy
3484 1902 46 26 and

2980 1940 92 26 crystal
3088 1940 52 25 dish
3155 1951 6 21 ;
3181 1940 54 25 Mrs
3246 1940 101 26 Grover,
3362 1939 86 25 cheese
3458 1939 54 24 dish
3524 1949 6 17 ;

2981 1977 53 26 Mrs
3055 1977 30 26 D.
3108 1977 112 31 Watson,
3235 1985 80 18 cream
3333 1976 49 37 jug
3395 1976 47 26 and
3462 1975 68 27 basin

2980 2015 48 26 and
3043 2016 52 32 pair
3108 2015 82 35 pillow
3204 2024 68 17 cases
3282 2024 7 20 ;
3312 2017 52 24 Mrs
3377 2014 27 25 C.
3416 2014 114 28 Wa'son,

2980 2059 49 19 two
3049 2052 75 26 bread
3149 2052 86 34 plates,
3250 2051 144 26 moustache
3416 2060 47 24 cup
3484 2052 47 24 and

2980 2099 86 18 saucer
3081 2089 47 27 and
3143 2088 152 29 candlestick
3307 2098 7 23 ;
3336 2088 41 27 Mr
3391 2088 43 28 W.
3451 2087 82 34 Elder,

2980 2130 52 31 pair
3062 2129 76 33 photo
3169 2129 107 30 frames;
3314 2128 54 24 Mrs
3390 2128 143 28 Matthews,

2977 2165 73 36 glove
3064 2165 46 26 box
3123 2165 46 26 and
3182 2163 151 28 candlestick
3346 2173 6 23 ;
3373 2163 53 26 Mrs
3441 2163 92 31 Harris,

2978 2203 91 36 crystal
3086 2211 76 20 water
3173 2204 49 35 jug
3235 2213 6 23 ;
3262 2203 62 26 Miss
3336 2202 71 27 Olive
3420 2202 114 29 Watson,

2978 2244 52 33 pair
3045 2251 70 16 vases
3129 2252 7 22 ;
3154 2243 55 24 Mrs
3235 2241 125 26 Rainham
3384 2241 151 33 (Dunedin),

2976 2279 92 35 crystal
3084 2279 90 26 biscuit
3189 2277 88 32 barrel,
3297 2287 76 25 sugar
3397 2278 68 26 b«sin
3488 2278 47 26 and

2977 2317 85 27 butter
3093 2316 63 33 dish,
3190 2316 53 35 pair
3269 2315 83 38 pillow
3377 2324 85 26 cases;
3495 2315 41 27 Mr

2976 2356 139 30 Rainham,
3131 2354 63 26 table
3211 2354 65 26 linen
3291 2364 6 22 ;
3318 2354 65 25 Miss
3404 2353 29 26 L.
3456 2354 64 25 Rain-

2977 2393 55 26 ham
3053 2392 160 35 (Dunedin),
3225 2398 49 20 two
3286 2393 52 34 pair
3349 2391 51 27 lace
3409 2392 127 33 curtains;

2976 2431 42 27 Mr
3048 2431 101 35 Sellige,
3187 2431 88 26 mirror
3289 2439 7 24 ;
3326 2429 64 28 Miss
3417 2429 119 33 Dickson,

2975 2478 80 17 cream
3067 2469 50 35 jug
3128 2478 7 23 ;
3157 2469 42 25 Mr
3211 2467 79 26 David
3303 2468 117 31 Watson,
3432 2467 104 34 looking

2976 2506 68 34 glass
3060 2506 47 27 and
3124 2506 56 27 ham
3194 2515 7 24 ;
3222 2506 43 26 Mr
3277 2504 94 28 Stubbs
3383 2504 151 36 (Dunedin),

2976 2544 143 28 half-dozen
3126 2554 59 24 cups
3192 2544 47 26 and
3248 2553 99 17 saucers
3353 2543 47 27 and
3409 2550 36 20 set
3456 2544 76 26 studs.

3091 2636 178 43 Cromwell
3298 2635 115 41 Notes.

3109 2717 63 25 (Own
3186 2715 206 25 Correspondent.)

3009 2758 77 26 Since
3099 2766 46 26 raj
3159 2757 51 26 last
3231 2765 39 17 we
3283 2755 66 25 have
3368 2754 53 26 had
3441 2756 74 33 splen-

2974 2796 46 24 did
3036 2792 233 35 weather—sharp
3280 2792 85 26 frosty
3375 2792 92 34 nights
3478 2794 50 24 and

2974 2832 93 32 bright
3080 2832 109 32 bracing
3189 2828 3 36 1
3213 2831 64 33 days
3280 2829 85 26 —and
3388 2828 67 27 have
3476 2829 52 26 had

2974 2869 72 26 little
3059 2878 30 15 or
3102 2878 33 15 no
3147 2871 52 23 wet
3213 2867 122 29 weather,
3375 2866 26 25 If
3414 2866 20 25 it
3448 2867 80 33 keeps

2975 2906 53 27 like
3041 2907 54 27 this
3109 2906 22 27 it
3144 2906 53 26 will
3213 2905 31 26 be
3258 2914 14 16 a
3285 2913 65 26 poor
3358 2902 58 28 look
3429 2906 45 24 out
3487 2904 43 26 for

2975 2946 45 24 the
3040 2946 106 28 miners,
3168 2953 27 16 as
3219 2942 95 35 hardly
3336 2951 50 26 any
3409 2951 71 17 snow
3504 2942 23 26 is

2975 2982 75 35 lying*
3062 2992 31 16 on
3108 2981 46 26 the
3167 2980 69 26 hills.

3009 3019 105 27 Within
3127 3019 45 26 the
3186 3018 51 26 last
3249 3016 71 27 week
3343 3017 46 27 the
3407 3017 100 34 destroy-

2976 3059 46 33 ing-
3035 3057 74 34 angel
3125 3057 46 24 has
3184 3056 66 25 been
3262 3058 122 30 amongst
3396 3054 48 27 the
3457 3063 50 17 com-

2975 3095 113 33 munity,
3102 3093 52 27 and
3167 3095 52 23 two
3231 3101 71 16 more
3323 3092 131 26 residents
3475 3091 51 25 and

2977 3142 15 16 a
3021 3132 72 26 little
3119 3130 30 26 12
3174 3128 91 27 month
3297 3129 43 26 old
3365 3128 71 28 child
3461 3127 67 27 have

2977 3169 90 34 joined
3092 3168 45 26 the
3485 3166 44 25 Mr

2981 3205 41 26 W.
3037 3208 30 22 A.
3083 3205 136 28 Simmons,
3246 3203 28 25 of
3295 3201 152 30 Pembroke,
3471 3202 59 25 who

2980 3253 53 16 was
3060 3252 33 17 an
3124 3242 99 25 inmate
3258 3240 28 26 of
3315 3240 45 25 the
3391 3240 137 25 Cromwell

2982 3279 122 36 Hospital
3119 3278 40 26 for
3171 3285 70 19 some
3254 3277 64 25 time
3327 3280 66 31 past,
3408 3276 61 26 died
3481 3276 49 26 last

2981 3318 78 31 week,
3071 3318 51 26 and
3130 3325 53 18 was
3193 3315 94 26 buried
3297 3323 31 17 on
3340 3314 102 34 Friday.
3475 3314 12 25 '1
3497 3314 33 26 he

2968 3351 1 33 !
2985 3356 56 26 Rev.
3080 3355 23 25 J-
3143 3353 140 31 Camming
3313 3352 129 26 officiated
3487 3351 44 26 Mi-

2981 3393 107 27 Patrick
3102 3391 112 27 O'Brien
3238 3389 69 27 after
3320 3398 31 17 an
3365 3389 91 26 illness
3476 3389 28 26 of
3516 3398 15 17 a

2982 3432 48 25 few
3045 3431 70 29 davs,
3130 3428 60 27 died
3205 3430 26 22 at
3245 3426 40 26 his
3298 3427 133 25 residence
3445 3429 28 23 at
3485 3427 46 25 the

2982 3468 89 30 Nevis,
3092 3476 32 17 on
3146 3465 97 34 Friday
3264 3465 58 29 last,
3346 3464 51 26 and
3419 3473 53 17 was
3490 3464 26 26 in-

2982 3506 88 26 terred
3086 3506 26 24 in
3125 3504 46 26 the
3184 3512 56 16 new
3259 3504 129 31 cemetery
3402 3501 26 26 in
3442 3501 70 26 Crom-

2982 3543 59 25 well
3055 3551 33 16 on
3101 3541 118 33 Sunday,
3241 3548 15 16 a
3278 3539 72 32 large
3368 3539 112 24 number
3504 3538 27 25 of

2982 3579 102 27 friends
3098 3577 136 33 following
3247 3575 44 26 the
3304 3575 114 26 remains
3436 3577 28 24 to
3485 3574 45 27 the

2981 3626 86 25 grave.
3123 3615 54 25 The
3214 3614 63 29 Rev,
3316 3612 99 25 Father
3453 3612 77 24 Hunt

2980 3653 129 27 officiated
3121 3655 26 23 at
3157 3651 45 27 the
3215 3659 85 26 grave.
3338 3648 54 27 The
3405 3648 124 27 deceased

2982 3701 51 16 was
3055 3701 15 15 a
3095 3690 59 26 well
3180 3688 90 26 known
3295 3688 51 25 and
3368 3685 95 35 highly
3489 3695 26 16 re-

2980 3729 105 35 spected
3099 3727 123 28 resident,
3238 3725 50 27 and
3301 3724 48 27 has
3362 3723 64 27 been
3441 3733 31 16 on
3483 3723 45 26 the

2979 3767 82 24 Nevis
3076 3766 41 25 for
3129 3774 15 16 a
3157 3766 75 31 great
3244 3772 79 24 many
3336 3770 81 26 years.
3458 3763 67 26 Also,

2978 3803 42 25 Mr
3051 3802 30 26 R.
3115 3800 165 32 M'Carrigan
3309 3800 51 24 lost
3391 3797 40 26 his
3456 3798 70 25 little

2977 3840 128 31 daughter
3118 3848 32 18 on
3160 3837 137 35 Saturday.
3337 3835 51 27 She
3396 3835 52 26 had
3460 3835 64 27 been

2975 3878 80 32 ailing
3069 3878 42 24 for
3122 3885 71 17 some
3205 3875 71 29 time,
3301 3875 51 25 and
3373 3882 32 16 on
3428 3872 96 34 Friday

2975 3915 60 25 took
3055 3924 16 17 a
3080 3914 52 26 bad
3140 3916 61 23 turn
3217 3911 51 26 and
3285 3920 81 17 never
3377 3909 144 26 recovered.

2973 3951 51 28 She
3034 3962 54 16 was
3097 3949 94 28 buried
3202 3949 24 26 in
3237 3948 46 27 the
3292 3947 136 28 Cromwell
3439 3956 65 17 ceme-

2973 3993 58 30 tery
3050 3999 31 16 on
3096 3988 113 33 Sunday.

3005 4026 12 24 'J
3027 4026 33 26 he
3073 4025 114 26 Vincent
3200 4022 102 36 County
3325 4021 193 26 Horticultural

2970 4062 105 37 Society
3087 4062 62 27 held
3171 4071 16 16 a
3207 4061 116 33 meeting
3343 4069 32 16 on
3394 4057 124 37 Monday.

2969 4101 56 25 The
3047 4102 109 25 balance
3175 4098 75 26 sheet
3276 4097 97 33 (which
3398 4096 85 25 shows
3504 4105 14 15 a

2969 4137 62 27 cash
3046 4137 107 36 surplus
3166 4136 27 26 of
3207 4134 39 29 £8
3260 4135 55 30 10s)
3335 4134 51 25 and
3409 4141 15 16 a
3446 4132 72 25 draft

2968 4179 90 31 report
3081 4184 68 17 were
3174 4174 62 26 read
3258 4173 50 25 and
3331 4170 131 36 approved
3482 4170 33 26 of.

2971 4213 22 25 It
3014 4222 49 16 was
3087 4211 109 27 decided
3219 4213 26 22 to
3266 4209 61 25 hold
3353 4209 44 25 the
3421 4207 93 25 annual

2965 4250 106 35 general
3083 4249 115 34 meeting
3210 4249 28 24 at
3250 4245 153 27 Alexandra
3412 4253 32 17 on
3457 4243 41 27 Fri-

2966 4288 58 34 day,
3036 4287 64 26 27th
3112 4287 59 24 inst.

3004 4324 117 27 Football
3141 4323 22 26 is
3185 4323 45 27 the
3248 4321 72 34 topic
3341 4321 27 25 of
3386 4320 45 28 the
3454 4321 56 35 day.

2966 4362 56 26 The
3036 4361 138 26 Cromwell
3188 4360 51 27 2nd
3260 4360 87 25 fifteen
3368 4359 143 35 journeyed

2965 4402 27 22 to
3003 4398 193 26 Bannockburn
3205 4407 33 16 on
3248 4396 131 35 Saturday
3389 4397 59 29 last,
3459 4397 50 25 and

2965 4437 113 25 suffered
3092 4435 70 26 their
3177 4437 55 24 first
3245 4433 85 27 defeat
3349 4433 28 26 of
3388 4433 46 26 the
3457 4443 40 17 sea-

2965 4483 52 21 son,
3030 4473 86 35 losing
3127 4474 33 34 by
3174 4473 60 25 nine
3245 4471 84 34 points
3338 4474 27 23 to
3374 4471 44 26 nil.
3455 4471 56 26 The

2966 4511 39 25 Ist
3020 4511 87 25 fifteen
3121 4520 33 24 go
3167 4519 62 17 over
3241 4515 26 20 to
3287 4509 33 25 do
3341 4509 84 25 battle
3446 4509 64 25 with

2967 4547 213 27 Bannockburn's
3196 4548 39 24 Ist
3249 4556 32 16 on
3295 4545 138 34 Saturday,
3460 4546 51 25 and

2964 4594 31 15 on
3010 4584 130 34 Saturday
3153 4583 70 26 week
3242 4592 31 25 go
3294 4586 28 21 to
3342 4582 37 25 St.
3399 4582 113 26 Bathans

2963 4625 27 22 to
3003 4624 62 32 play
3078 4621 46 24 the
3148 4621 65 25 local
3238 4623 77 23 team.
3353 4619 54 26 The
3430 4619 81 35 Clyde

2962 4658 103 34 juniors
3079 4657 51 25 will
3146 4657 62 25 visit
3222 4657 63 26 here
3296 4665 32 17 on
3342 4656 131 35 Saturday
3485 4659 28 22 to

2964 4695 62 34 play
3040 4694 44 24 the
3097 4692 63 27 local
3172 4694 73 34 boys.

2998 4731 31 24 In
3061 4730 46 24 the
3131 4729 112 26 District
3275 4729 88 31 Court,
3392 4729 62 26 held
3485 4733 27 22 at

2965 4766 175 34 Queenstown
3153 4774 31 16 on
3196 4765 128 35 Tuesday,
3339 4768 103 32 August
3457 4766 54 31 3rd,

2963 4804 46 26 the
3030 4811 58 19 case
3107 4804 32 24 A.
3165 4802 107 27 Patrick
3285 4812 24 17 v.
3332 4803 47 26 the
3400 4803 113 28 Electric

2965 4841 139 34 Dredging
3139 4840 41 26 Co.
3217 4849 54 17 was
3307 4840 116 26 decided.
3462 4841 51 27 His

2964 4878 117 28 Honour,
3112 4877 89 33 Judge
3230 4877 21 24 V\
3262 4878 56 32 ard,
3342 4878 101 34 upheld
3467 4879 46 26 the

2965 4914 125 27 warden's
3104 4915 121 30 decision,
3248 4916 51 24 and
3321 4916 23 24 it
3364 4924 53 17 was
3432 4917 78 33 given

2961 4952 106 32 against
3080 4951 45 27 the
3139 4951 144 35 appellant,
3297 4962 33 16 no
3342 4956 71 22 costs
3435 4954 77 34 being

2960 4989 111 26 allowed

2994 5026 94 36 M'JLay
3096 5036 12 17 s
3121 5026 98 36 dredge
3232 5027 21 25 is
3264 5027 119 36 working
3395 5029 115 36 steadily

2959 5073 72 25 away
3047 5073 33 25 up
3095 5065 44 24 the
3152 5065 77 29 river,
3243 5065 49 25 but
3314 5066 9 23 1
3341 5065 70 26 don't
3432 5066 76 25 think

2959 5099 131 35 anything
3125 5101 128 34 startling
3287 5102 22 26 is
3337 5102 172 36 resulting.—

2960 5136 164 26 Crookston's
3139 5138 97 34 dredge
3249 5138 46 26 has
3318 5139 65 26 been
3398 5139 54 26 laid
3473 5149 36 25 up

2958 5173 42 26 for
3010 5173 103 34 repairs
3125 5174 90 35 lately,
3229 5176 52 25 and
3301 5176 63 35 they
3386 5185 43 17 aie
3451 5186 57 16 now

2958 5211 109 34 putting
3077 5212 70 28 sojhe
3160 5221 56 17 new
3234 5212 153 37 machinery
3399 5223 32 17 on
3453 5214 48 27 her

2958 5249 51 24 She
3022 5249 54 24 will
3091 5249 31 24 be
3134 5249 81 33 ready
3226 5251 40 24 for
3278 5251 73 25 work
3364 5252 77 31 again
3457 5252 26 25 in
3494 5262 13 15 a

2957 5284 51 25 few
3041 5284 72 32 days.
3197 5285 88 34 Hotop
3321 5287 51 25 and
3407 5288 101 34 party's

2958 5320 96 36 dredge
3067 5320 22 27 is
3107 5330 65 27 very
3193 5322 93 37 slowly
3307 5322 110 37 nearing
3438 5333 50 18 com-

2958 5359 108 34 pletion,
3080 5359 45 27 the
3143 5360 151 36 machinery
3313 5364 45 23 not
3370 5361 81 36 being
3474 5372 32 17 on

2956 5395 46 26 the
3014 5396 102 34 ground
3129 5400 53 32 yet,
3200 5397 101 35 though
3315 5399 22 26 it
3358 5398 94 27 should
3474 5400 32 26 be

2957 5433 35 26 all
3006 5433 73 28 there
3092 5435 52 26 and
3156 5435 46 26 the
3215 5435 98 36 dredge
3330 5436 121 36 working
3471 5439 35 34 by

2957 5480 57 16 now
3028 5472 22 24 if
3063 5472 44 26 the
3120 5473 111 33 original
3244 5477 118 22 contract
3375 5473 53 26 had
3440 5475 64 26 been

2956 5508 116 27 adhered
3085 5513 28 22 to
3125 5510 35 35 by
3170 5510 45 26 the
3225 5512 166 25 contractors.
3429 5511 75 27 Some

2956 5545 71 36 forty
3041 5549 57 24 tons
3112 5548 27 25 of
3156 5547 152 36 machinery
3329 5557 43 17 are
3394 5557 55 17 now
3472 5559 32 15 on

2956 5583 45 26 the
3013 5585 101 33 ground
3128 5585 52 26 and
3193 5585 45 26 the
3250 5586 85 25 titters
3357 5594 43 18 are
3421 5586 80 27 there.

2955 5620 89 27 —The
3055 5624 106 24 returns
3175 5622 26 25 of
3216 5623 45 24 the
3271 5621 114 28 Electric
3408 5623 96 33 dredge

2955 5667 44 17 are
3012 5661 46 23 not
3071 5658 116 36 publicly
3201 5660 100 29 known,
3316 5660 47 26 but
3376 5660 12 25 I
3403 5660 99 26 believe

2954 5694 64 35 they
3031 5704 43 16 arc
3087 5705 33 15 on
3132 5696 61 33 gold
3217 5696 99 33 though
3339 5699 45 23 not
3405 5703 27 17 to
3455 5696 46 25 the

2954 5734 90 24 extent
3057 5731 63 36 they
3132 5741 68 18 were
3218 5734 27 23 at
3264 5733 54 25 tirst

2986 5769 62 26 10th
3062 5770 114 35 August,
3191 5770 70 27 1897.

3695 204 127 50 Mining
3862 204 112 42 Notes.

3591 275 58 30 'Hie
3684 276 141 39 dredging
3850 281 111 26 returns
3991 277 45 30 for
4060 278 46 29 the

3554 316 78 29 week
3670 317 105 38 ending
3820 317 136 38 Saturday
4000 329 107 18 were—»

3559 357 106 29 Kt-trick
3678 357 79 37 *29oz,
3771 357 127 31 Dunedin
3909 359 78 36 270z,
4000 357 104 32 Golden

3556 397 132 28 Treason)
3710 399 77 31 530z,
3811 399 104 28 Golden
3940 399 70 29 (sate
4033 401 73 33 ISoz,

3557 435 91 39 Otago
3672 437 66 29 17oz
3755 439 7 27 I
3772 438 88 29 odwts
3873 438 55 36 (for
3942 437 60 30 four
4013 438 92 39 days),

3557 476 153 38 Roxburgh
3724 481 51 27 4oz
3789 479 54 35 (for
3856 484 55 24 two
3923 478 89 36 days,)

3595 519 58 28 The
3668 519 150 35 Roxbnrgh
3844 520 115 34 dredge,
3970 521 92 33 owing
4076 524 28 26 to

3780 549 18 10 cr
3914 547 16 10 r)
3950 547 8 9 7
4042 547 17 12 L*3

3559 563 46 26 trie
3618 560 53 30 rise
3683 562 27 27 in
3725 562 47 28 tbfc
3784 562 72 29 river
3873 561 54 29 last
3939 562 86 36 week,
4053 573 54 19 was

3557 602 149 37 prevented
3733 602 70 29 front
3837 601 127 40 working
3996 604 35 37 by
4058 604 47 28 the

3558 641 120 38 billings,
3705 642 53 29 and
3780 653 33 18 on
3829 643 62 28 that
3902 647 115 25 account
4041 643 64 38 only

3557 688 50 34 put
3617 682 27 29 in
3658 689 54 24 two
3722 683 68 39 days
3800 682 147 42 dredging.

3594 724 59 28 The
3688 724 86 38 Clyde
3799 724 139 38 dredging
3963 724 48 29 Co.
4034 725 71 28 have

3557 762 126 30 declared
3697 766 116 28 another
3825 766 57 28 £lo
3893 763 131 31 dividend

3594 804 54 30 We
3660 806 168 30 understand
3844 806 47 29 the
3915 804 105 30 Golden
4043 804 62 30 Run

3558 844 125 40 Sluicing
3706 847 49 29 (Jo.
3778 846 131 31 obtained
3934 846 84 30 about
4039 846 69 30 40ox

3556 886 144 37 yesterday
3710 888 44 28 for
3766 888 47 29 the
3836 888 73 29 wash
3931 896 37 29 up
3992 888 44 28 for
4057 886 47 30 the

3555 925 53 29 last
3621 926 136 38 paddock.

3594 966 57 29 Our
3689 968 62 28 Moa
3784 968 63 29 Flat
3890 966 215 41 correspondent

3556 1008 89 28 writes
3658 1009 89 28 :—Mr
3759 1008 88 31 Jabez
3863 1009 103 30 Burton
3975 1008 49 29 has
4034 1008 70 29 been

3554 1048 147 38 appointed
3715 1054 135 34 secretary
3868 1055 30 24 to
3911 1050 46 28 the
3981 1048 104 40 Benger-

3556 1089 68 28 burn
3651 1089 58 36 Co.,
3730 1091 54 28 and
3811 1091 45 28 Mr
3875 1090 93 29 James
3987 1089 113 35 Murray

3554 1128 216 38 dredgemaster,
3796 1131 66 28 both
3885 1131 47 27 the
3945 1130 76 38 right
4036 1139 65 18 men

3554 1168 28 28 in
3596 1169 48 29 the
3653 1170 75 37 right
3742 1171 83 35 place.
3864 1170 59 29 The
3941 1168 159 40 company's

3555 1209 113 39 dredge,
3680 1211 152 37 purchased
3844 1211 70 28 from
3928 1211 48 28 the
3994 1210 106 29 Golden

3556 1248 61 29 Run
3634 1250 57 36 Co.,
3715 1251 53 28 will
3790 1253 34 27 be
3838 1256 49 34 put
3901 1262 33 19 on
3951 1251 46 28 the
4013 1250 90 37 claim,

3556 1290 54 27 and
3623 1292 163 37 everything
3798 1293 35 26 be
3844 1292 27 27 in
3887 1292 86 37 going
3983 1291 79 28 order
4074 1292 29 27 in

3557 1339 16 16 a
3597 1329 77 28 short
3684 1330 73 29 time.
3801 1330 49 29 We
3870 1331 68 28 wish
3964 1330 48 29 the
4030 1340 54 19 com-

3557 1378 72 27 pany
3643 1379 15 17 a
3679 1370 150 30 handsome
3842 1371 103 29 reward
3966 1370 44 30 for
4029 1371 73 29 their

3559 1410 158 36 enterprise.

3597 1448 58 28 The
3667 1450 114 28 Koxbur
3832 1451 207 37 Amalgamated
4055 1450 47 31 Co.

3559 1488 54 26 had
3628 1491 29 25 to
3669 1489 64 28 shut
3746 1490 79 27 down
3839 1495 27 22 at
3879 1491 47 27 the
3938 1491 53 28 end
4004 1490 30 29 of
4051 1490 54 29 last

3561 1526 84 35 week,
3680 1528 90 38 owing
3803 1533 29 25 to
3857 1530 46 28 the
3929 1530 129 39 bursting
4075 1527 32 32 of

3561 1568 47 29 the
3638 1569 78 37 pipes
3742 1580 33 18 on
3801 1566 143 39 Thursday
3969 1570 135 39 morning.

3561 1608 255 36 Notwithstanding
3836 1610 59 28 that
3921 1611 47 27 the
3990 1611 115 38 damage

3563 1658 53 19 was
3654 1650 197 35 considerable,
3894 1651 102 37 repairs
4033 1661 69 18 were

3563 1690 113 27 effected
3688 1691 64 27 with
3768 1696 78 31 great
3860 1691 167 37 expedition,
4052 1691 54 29 and

3553 1730 46 42 Iby
3626 1729 121 38 Monday
3778 1730 142 29 afternoon
3947 1731 73 29 work
4051 1742 56 20 was

3553 1770 1 38 ;
3562 1770 79 38 again
3657 1770 26 28 in
3694 1770 50 29 full
3754 1771 96 34 swing.

3758 1854 159 43 Football.

3561 1939 36 19 EE
3599 1938 78 20 TURN
3691 1938 100 21 MATCH
3806 1939 58 19 MOA
3876 1939 71 20 FLAT
3956 1944 21 15 v.
3986 1939 119 21 MILLERS

3794 1965 79 20 FLAT.

3698 2031 61 24 (Own
3773 2031 202 24 Correspondent.)

3589 2057 65 21 There
3662 2064 40 13 was
3713 2060 69 23 »trong
3791 2057 84 21 interest
3885 2058 21 20 in
3920 2058 36 20 the
3965 2057 61 21 above
4033 2057 76 27 match,

3566 2084 74 29 played
3669 2086 22 20 at
3715 2083 80 24 Efctriek
3813 2084 39 22 last
3879 2085 107 27 Satuiday,
4005 2093 12 14 a
4037 2085 73 28 goodly

3567 2114 87 21 number
3680 2114 21 21 of
3728 2116 112 24 spectators
3858 2112 58 28 being
3937 2115 88 25 present.
4050 2113 59 23 Keea

3567 2142 131 24 competition
3718 2148 40 13 was
3773 2141 82 20 evinced
3869 2142 27 24 by
3915 2141 34 20 the
3962 2142 80 24 players
4054 2142 48 22 also,

3567 2168 66 21 which
3649 2168 71 21 cnjised
3744 2174 55 14 some
3814 2166 40 22 fast
3866 2167 47 27 and,
3927 2170 22 17 at
3963 2168 65 26 time*,
4042 2167 73 21 ntfhcf

3567 2196 64 28 rough
3646 2197 53 27 play.
3727 2196 42 22 The
3779 2196 80 22 risitou
3872 2203 50 14 were
3930 2195 105 27 captained
4043 2194 27 29 by
4081 2197 27 22 A.

3567 2225 75 21 Clarke
3663 2225 34 25 (G.
3724 2225 91 25 Crowhy
3831 2224 59 26 beihg
3910 2224 85 26 absent),
4010 2224 60 21 while
4087 2225 22 21 J.

3568 2251 89 21 O'Brien
3673 2251 106 26 captained
3797 2251 35 21 the
3852 2251 44 20 Moa
3915 2251 47 20 FJat
3980 2253 62 19 teetn.
4066 2251 45 21 The

3568 2279 46 26 play
3628 2285 38 14 was
3676 2285 48 19 very
3732 2278 59 20 much
3800 2278 21 20 of
3828 2285 10 13 a
3846 2278 45 26 give
3896 2278 38 20 and
3944 2277 47 21 take
4000 2278 108 26 character,

3568 2307 40 21 and
3619 2306 14 21 it
3645 2313 47 19 n.ay
3702 2305 24 22 be
3736 2305 41 21 said
3788 2305 45 21 that
3842 2305 81 21 neither
3936 2307 52 19 team
3998 2304 37 22 haa
4043 2312 22 14 a#
4075 2306 30 24 yet-

3568 2335 100 21 mastered
3676 2334 35 21 the
3720 2335 50 20 finer
3779 2334 67 27 points
3855 2333 21 21 of
3885 2332 35 22 tie
3934 2340 62 19 game,
4015 2333 83 22 notwith-

3567 2363 95 25 standing
3669 2362 47 20 that
3725 2362 57 20 there
3795 2361 16 21 is
3824 2361 98 20 excellent
3934 2360 97 24 material,
4042 2361 17 20 if
4064 2361 46 20 well

3567 2389 97 21 directed,
3675 2389 19 21 in
3706 2388 48 22 both
3767 2390 69 19 teams.
3864 2387 26 21 In
3906 2387 35 22 the
3955 2388 43 21 first
4010 2387 50 28 spell
4075 2387 35 22 the

3566 2417 81 22 visitors
3660 2417 40 21 had
3710 2416 36 22 the
3755 2417 45 21 best
3810 2416 21 22 of
3841 2416 15 22 it
3867 2416 31 21 for
3906 2418 52 19 most
3968 2415 22 22 of
4002 2415 35 22 the
4052 2415 61 28 time,-

3565 2446 55 21 their
3631 2445 74 26 weight
3715 2445 72 25 telling
3796 2445 21 20 in
3827 2445 36 21 the
3869 2451 84 19 scrums,
3958 2444 39 21 and
4005 2444 47 25 they
4059 2444 50 27 kept

3565 2473 36 21 the
3610 2473 59 20 home
3680 2477 52 16 team
3743 2472 54 26 fully
3806 2471 102 27 occupied.
3935 2471 61 25 Weir,
4009 2471 101 23 however,

3566 2500 67 21 scored
3644 2507 10 14 a
3666 2502 31 23 try
3708 2500 32 21 for
3749 2499 47 21 Moa
3807 2499 51 25 Flat,
3870 2499 45 22 that
3925 2500 53 20 team
3985 2498 42 21 alio
4033 2498 77 27 getting

3565 2535 12 14 a
3588 2528 54 21 force
3650 2528 59 21 down
3720 2528 19 21 in
3751 2527 35 22 the
3800 2527 108 27 firstspell.
3934 2526 43 22 The
3984 2526 59 22 home
4056 2527 54 20 team

3565 2557 20 20 in
3597 2556 37 21 the
3643 2556 71 21 second
3724 2555 51 26 spell
3790 2555 156 25 biiphtenedup
3963 2554 145 26 considerably,

3556 2581 1 29 i
3565 2584 40 21 and
3619 2584 53 20 thtir
3682 2583 80 27 pussinjr
3773 2583 39 21 and
3823 2583 40 21 fast
3872 2582 102 26 dribbling
3982 2581 70 22 rushes
4057 2587 52 15 were

3565 2618 48 19 very
3629 2612 51 25 good
3693 2610 80 21 indeed.
3800 2610 31 21 W.
3845 2610 108 21 Nicholson
3965 2609 40 21 and
4020 2609 23 20 F.
4053 2608 58 26 Endy

3564 2639 68 21 scored
3659 2639 49 21 tries
3728 2638 32 21 for
3775 2637 66 27 them,
3860 2638 38 21 and
3912 2637 22 22 J.
3953 2636 58 22 Crow
4012 2636 41 26 ley,
4065 2635 45 22 who

3563 2666 72 27 played
3650 2673 11 14 a
3675 2666 52 26 good
3740 2672 57 20 game
3809 2665 131 26 throughout,
3949 2664 72 26 potted
4031 2671 12 13 a
4057 2664 51 26 go&l.

3562 2694 65 20 There
3641 2693 59 27 being
3710 2700 27 14 no
3748 2693 60 21 other
3823 2700 54 14 score
3887 2693 31 20 till
3932 2693 50 20 time
3993 2699 38 13 was
4037 2691 78 27 called,,

3561 2721 35 21 the
3621 2721 59 21 home
3698 2723 54 19 team
3772 2728 52 14 were
3839 2721 49 21 thus
3901 2720 36 21 the
3949 2720 75 20 ■victors
4039 2719 27 27 by
4085 2719 28 21 Yfr

3561 2749 67 26 points
3637 2751 22 19 to
3666 2749 36 21 nil.

3587 2777 40 21 For
3655 2777 35 20 the
3709 2776 82 20 visitors
3818 2775 135 26 Richardson,
3969 2773 75 22 Powell
4069 2774 44 21 aml

3561 2804 74 21 Clarke
3644 2804 76 25 (backs)
3732 2803 38 21 and
3777 2804 22 20 J.
3809 2803 65 26 Eady,
3884 2801 157 23 M'Lellandand
4048 2801 61 21 Rv*m

3561 2832 114 25 (forwards)
3685 2832 84 19 deserve
3788 2834 99 22 mention,
3899 2838 21 13 as
3935 2831 47 20 does
3995 2830 41 20 also
4047 2829 61 24 Kerr,

3561 2858 46 20 who
3625 2865 22 13 as
3662 2858 40 20 full
3722 2858 59 25 buck,
3800 2859 61 19 saved
3883 2858 30 20 his
3927 2857 42 21 side
3984 2855 124 26 repeatedly.

3560 2885 120 26 Nicholson,
3690 2885 24 22 F.
3727 2885 55 27 Eady
3793 2885 38 21 and
3847 2885 82 21 JRoouev
3940 2883 84 28 (hacks),
4034 2883 38 22 and
4082 2882 27 22 It.

3560 2913 65 27 Endy,
3637 2913 109 27 Westcott,
3756 2913 86 27 Hughes
3850 2913 39 21 and
3897 2912 87 23 O'Brien

3560 2948 51 13 were
3618 2942 133 25 conspicuous
3760 2942 19 19 in
3791 2941 34 21 the
3835 2941 59 21 home
3901 2944 60 18 team.
3989 2942 28 19 As
4023 2939 90 26 referee,'

3558 2969 33 19 Mr
3601 2968 33 21 W.
3647 2968 78 26 George
3735 2975 52 17 >;ave
3797 2969 81 25 general
3896 2968 123 21 satisfaction
4030 2968 38 19 and
4082 2966 32 21 C--

3556 2995 19 21 N
3580 2995 88 21 icholson
3678 2996 40 20 and
3732 2996 26 21 G.
3769 2996 53 21 Lenz
3833 3003 50 14 were
3890 2996 35 21 the
3936 2996 61 21 touch
4006 2994 79 28 judges.

3642 3072 161 41 Business
3829 3073 190 41 Extension.

3647 3156 58 21 THE
3717 3156 108 21 LADIES'
3838 3156 182 22 REPOSITORY.

3586 3219 28 21 To
3631 3217 35 23 the
3683 3215 62 21 ladies
3763 3215 21 21 of
3802 3214 36 20 the
3865 3214 79 22 district
3959 3215 41 21 Mrs
4018 3215 87 23 Waters'

3560 3247 87 25 drapery
3657 3243 118 21 warehouse
3781 3243 16 20 is
3805 3241 44 20 well
3859 3242 40 20 arid
3904 3242 119 27 favourably
4030 3244 75 22 known

3561 3273 39 21 and
3621 3273 50 24 they
3687 3270 40 20 will
3737 3269 56 21 learn
3814 3268 48 20 with
3877 3269 124 21 satisfaction
4012 3271 52 26 that,
4082 3272 22 20 in

3560 3301 59 21 order
3629 3305 21 16 to
3662 3304 72 16 ensure
3748 3299 80 24 greater
3842 3295 92 24 facilities
3949 3297 31 22 for
3996 3299 109 28 attending

3560 3331 21 19 to
3591 3328 37 21 the
3638 3328 64 21 wants
3711 3326 21 21 of
3744 3320 37 27 her
3789 3327 111 19 customers
3909 3332 20 14 as
3939 3325 43 22 well
3996 3334 22 13 as
4026 3326 33 21 for
4067 3327 36 22 the

3560 3356 68 21 better
3638 3354 78 26 display
3727 3354 21 20 of
3760 3353 37 21 her
3806 3353 54 24 large
3869 3353 64 26 stock,
3943 3353 35 21 she
3986 3353 35 21 has
4036 3354 67 22 leased

3560 3384 35 20 the
3614 3382 64 21 whole
3688 3381 22 20 of
3719 3381 36 20 the
3770 3380 102 21 extensive
3885 3387 31 18 prt
3929 3381 51 20 nises
3995 3381 73 21 known
4081 3389 23 14 as

3560 3410 109 22 Ormonds'
3690 3408 104 26 Building.
3821 3407 27 20 M;
3878 3407 80 21 Waters
3972 3407 36 21 has
4028 3415 44 15 now
4090 3417 13 14 a

3560 3438 54 26 large
3633 3438 40 20 and
3695 3436 69 20 varied
3788 3438 121 18 as.oiirr.erit
3927 3435 21 21 of
3963 3435 68 21 ladies'
4047 3436 56 22 drew

3559 3465 103 22 materials
3681 3464 40 21 and
3745 3463 69 21 ladies'
3833 3462 39 21 and
3890 3462 106 21 children's
4016 3464 87 27 drapery

3560 3494 21 20 of
3598 3499 61 20 every
3681 3491 57 26 kind,
3761 3491 38 20 and
3878 3497 11 13 a
3906 3490 81 26 general
4004 3491 57 21 stock
4081 3492 22 22 of

3559 3520 110 21 household
3712 3519 67 26 requis
3788 3520 38 24 tea,
3861 3518 48 20 such
3943 3525 21 13 as
3998 3518 100 28 blankets,

3559 3548 110 24 towelling,
3695 3546 55 19 table
3772 3546 63 23 linen,
3854 3547 48 21 etc.,
3934 3548 38 17 etc.
3999 3545 41 20 She
4064 3547 38 20 Las

3559 3574 41 21 also
3618 3582 11 12 a
3649 3572 66 22 varied
3734 3572 74 27 supply
3824 3571 21 21 of
3858 3570 36 22 the
3915 3570 61 23 late::t
3993 3572 39 21 and
4048 3574 54 21 most

3560 3601 124 21 fashionable
3694 3600 59 25 fancy
3763 3600 63 24 work,
3836 3599 42 20 this
3887 3599 128 26 department
4024 3600 78 26 beinga

3559 3635 10 13 a
3588 3628 105 26 speciality
3703 3628 20 19 in
3734 3627 36 20 her
3779 3626 161 21 establishment.
3968 3626 43 21 Nor
4020 3634 34 14 are
4064 3629 30 19 the-

3558 3658 64 18 wants
3633 3655 21 20 of
3664 3655 35 22 the
3709 3657 78 18 sterner
3796 3661 33 13 sex
3839 3653 110 26 npglected,
3957 3661 21 13 as
3988 3655 62 20 men's
4059 3656 39 20 and

3558 3683 55 26 boys'
3640 3683 117 20 underwear
3774 3681 21 20 of
3809 3681 36 20 the
3858 3680 44 21 best
3925 3681 78 26 quality
4018 3688 36 14 can
4073 3682 26 21 be

3558 3709 102 28 obtained,
3695 3709 39 21 and
3769 3708 41 21 also
3820 3708 48 26 boys
3900 3709 51 19 suits
3984 3708 23 21 of
4038 3715 62 20 every

3558 3738 125 26 discription.
3709 3737 25 21 In
3752 3736 34 22 the
3797 3742 41 15 new
3856 3735 84 27 branch,
3958 3736 43 21 Mrs
4016 3736 82 23 Waters

3556 3766 35 20 has
3613 3766 65 19 added
3699 3767 22 17 to
3734 3765 36 19 her
3791 3763 64 25 stock,
3875 3763 59 25 fancy
3955 3764 69 25 goods,
4043 3766 54 23 toys,

3555 3792 111 26 jewe'ileiy,
3695 3793 123 22 ornaments,
3850 3789 102 25 perfumes
3977 3790 40 20 and
4039 3791 58 20 toilet

3557 3819 113 27 requisites,
3696 3817 60 21 while
3779 3817 36 21 the
3840 3822 68 20 young
3929 3817 71 26 people
4018 3824 35 14 can
4073 3817 24 21 b«

3557 3847 79 27 regaled
3647 3846 48 22 with
3712 3845 65 22 lollies
3794 3845 21 21 of
3824 3850 59 21 every
3897 3843 48 22 kind
3955 3845 40 21 and
4005 3845 61 21 fruits
4075 3845 21 22 in

3555 3882 78 13 season.
3659 3873 129 26 Altogether,
3798 3873 43 20 Mrs
3847 3871 249 22 Watets'establishment

3556 3902 39 20 will
3621 3907 91 20 compare
3730 3899 117 26 favourably
3866 3898 49 20 with
3939 3899 90 20 business
4045 3899 21 20 of
4083 3906 12 14 a

3553 3928 76 22 similar
3648 3928 47 21 kind
3713 3928 19 20 in
3742 3927 59 21 other
3815 3929 72 22 towns,
3894 3925 41 21 and
3944 3933 26 13 no
3979 3927 64 20 doubt
4059 3927 37 21 her

3553 3956 110 26 enterprise
3673 3955 39 20 will
3723 3955 24 20 be
3762 3954 100 21 rewarded
3878 3953 50 21 with
3938 3960 12 14 a
3958 3953 147 29 considerable.

3551 3984 104 20 extension
3662 3983 20 20 of
3694 3982 64 21 trade.

3702 4051 234 51 Cablegrams.

3674 4143 18 20 A
3708 4141 109 22 TRYING
3830 4140 123 22 VOYAGE.

3797 4169 144 25 Melbourne,
3955 4170 81 21 Anxrust
4049 4169 12 22 9.

3530 4197 2 25 !
3575 4199 44 20 Hie
3629 4199 44 23 brig
3687 4197 2 25 .
3690 4198 9 12 c
3701 4197 47 20 *iah
3760 4197 39 20 and
3812 4197 65 24 Mary,
3890 4197 52 19 from
3957 4197 148 25 Greymoutli,,.

3550 4224 132 27 experienced
3690 4231 11 13 a
3708 4226 225 23 temppstnouavoyage.
3962 4223 40 21 She
4011 4223 84 21 bove-to

3549 4254 31 20 for
3593 4253 24 20 JO
3625 4252 56 26 <lays,
3694 4251 39 21 and
3750 4251 36 21 the
3803 4250 84 27 cookiDg
3909 4250 40 21 had
3965 4254 21 17 to
3999 4251 24 21 bo
4041 4251 53 22 dore.
4105 4250 3 28 ,

3547 4280 48 21 with
3607 4287 32 14 sea
3647 4283 69 22 water,
3727 4279 59 20 while
3798 4278 73 26 during
3882 4278 35 21 tlio
3934 4278 64 21 latter
4007 4282 47 23 part
4071 4279 23 20 of

3547 4308 37 21 the
3593 4314 74 20 voyage
3677 4306 34 21 the
3721 4313 51 14 crew
3781 4305 100 21 subsisted
3890 4313 26 13 on
3925 4305 90 22 biscuits,
4028 4306 67 21 which
4104 4305 2 29 ,

3543 4343 50 17 pavs
3609 4337 37 18 ont
3659 4341 25 14 on
3701 4334 34 21 the
3756 4334 38 26 day
3808 4333 22 22 of
3849 4333 35 21 the
3903 4333 60 27 brig's
3981 4334 73 21 arrival
4069 4337 25 19 at

3649 4402 19 20 A
3682 4400 114 22 SYDNEY
3809 4400 34 21 TR
3847 4400 105 22 AGEDY.

3849 4428 98 26 Sydsby,
3957 4428 81 26 August
4047 4428 20 22 P.

3571 4456 108 22 Catherine
3687 4455 66 21 Smith
3762 4462 39 13 was
3811 4454 64 22 found
3882 4456 50 20 dead
3942 4456 80 21 outside
4028 4463 12 14 a
4047 4458 46 20 tent,

3546 4487 21 19 at
3577 4484 77 26 Manly,
3674 4484 63 20 where
3748 4483 35 20 she
3798 4482 40 21 had
3857 4482 77 21 resided
3951 4483 50 20 with
4017 4491 12 13 a
4044 4491 48 14 man

3547 4512 70 21 named
3629 4511 72 20 Lewis.
3728 4511 42 20 The
3780 4510 61 21 latter
3856 4512 62 19 states
3928 4510 46 21 that
3991 4511 49 27 they
4052 4512 40 20 hud

3547 4539 49 21 been
3612 4538 94 24 drinking
3724 4537 93 26 together
3827 4544 24 13 on
3863 4537 102 27 Saturday
3974 4538 60 26 night
4053 4539 39 21 and

3548 4565 122 28 quarrelled.
3695 4565 33 21 He
3747 4564 68 21 strnck
3829 4564 66 22 Smith
3906 4571 26 15 on
3941 4566 36 20 the
3987 4567 42 19 face
4052 4567 40 20 and

3547 4594 37 21 left
3594 4593 35 20 hpr
3639 4599 24 14 on
3674 4592 37 20 the
3718 4592 56 26 road,
3787 4591 40 21 and
3836 4591 120 21 afterwards
3973 4593 63 20 found
4054 4593 37 21 ber

3547 4621 49 21 dead
3610 4620 79 20 outside
3697 4620 37 20 the
3742 4622 53 18 tent.
3822 4620 19 20 A
3860 4622 45 24 post
3915 4622 87 18 mortem
4010 4620 92 26 showed.

3546 4649 55 20 thats
3619 4647 61 21 death
3698 4652 41 15 was
3753 4647 40 20 due
3808 4649 23 19 to
3848 4647 97 21 violence.
3973 4647 65 21 Lewis
4052 4648 37 20 has

3544 4675 49 22 been
3608 4675 98 21 arrested.

3698 4712 129 22 EASTERN
3840 4712 92 22 NEWS.

3946 4740 82 26 August
4035 4741 30 21 10.

3567 4767 86 22 Cholera
3677 4775 17 14 »
3710 4768 69 26 raging
3796 4767 21 21 in
3836 4767 37 23 tbe
3890 4767 59 21 Sbasi
3972 4768 79 21 district
4069 4768 23 22 of

3543 4796 72 21 China.
3642 4795 119 21 Thousands
3775 4802 34 13 are
3829 4795 70 26 dying.
3925 4795 43 20 The
3977 4795 71 21 deaths
4057 4804 35 12 am

3542 4831 22 13 so
3582 4830 110 14 numerous
3709 4823 45 21 that
3767 4822 35 21 the
3815 4822 69 22 bodies
3890 4830 33 14 are
3930 4823 79 21 thrown
4021 4824 21 20 in

3543 4852 19 20 in
3571 4851 65 24 layers
3647 4851 20 21 of
3676 4851 25 21 20
3709 4851 47 20 each
3766 4857 46 13 row.

3567 4879 87 21 Chinese
3673 4879 76 26 pirates
3772 4878 67 20 looted
3859 4877 35 21 the
3915 4877 73 22 British

3543 4906 55 26 Pegu
3608 4907 39 20 and
3656 4906 62 21 killed
3730 4905 84 27 Captain
3822 4905 50 21 Ross
3882 4905 39 21 and
3932 4906 75 20 several
4019 4906 69 20 other*

3542 4933 82 22 aboard.
3650 4934 43 20 The
3713 4932 53 22 chief
3783 4932 67 21 officer
3868 4932 37 21 and
3916 4932 24 21 14
3953 4932 21 21 of
3983 4932 36 21 the
4038 4939 51 14 crew

3542 4968 33 14 are
3585 4962 20 19 in
3619 4961 36 21 the
3666 4960 88 27 hospital
3765 4960 97 25 suffering
3871 4960 52 21 irorn
3935 4960 53 20 their
3998 4960 87 21 wourtda.

3541 4988 42 21 'lhe
3610 4990 76 25 pirates
3705 4988 82 21 secured
3814 4988 104 24 18,000jol
3935 4988 40 19 and
3996 4995 11 12 a
4035 4988 52 25 largo

3542 5017 93 26 quantity
3645 5016 21 21 of
3673 5015 92 22 valuable
3779 5017 102 25 property.

3621 5053 40 23 AN
3676 5054 56 22 ALA
3738 5054 38 21 R3l
3781 5053 28 22 IK
3814 5053 19 22 G
3846 5053 114 21 EXPLOSI
3965 5053 47 25 ON,

3527 5079 1 28 }
3873 5080 27 20 So
3902 5085 44 20 ru,
3954 5081 79 23 August
4041 5079 18 20 7.

3527 5106 1 28 I
3565 5109 19 20 A
3603 5108 99 26 cartridge
3721 5108 78 25 factory
3812 5108 21 19 at
3849 5106 116 26 Kustehud,
3982 5106 100 26 Bulgaria,

3527 5127 1 37 j
3540 5136 108 25 exploded,
3657 5136 73 26 killing
3740 5135 68 20 50and
3819 5134 89 26 injuring
3919 5134 25 20 CO
3951 5134 106 24 employes.

3610 5173 57 22 THE
3680 5173 153 22 RUSTCHUK
3847 5171 162 22 SENSATION.

3870 5199 72 24 Soma,
3953 5198 104 27 Augusts.

3527 5226 1 34 J
3562 5229 61 21 Later
3648 5229 120 25 particulars
3790 5228 21 21 of
3828 5227 35 22 the
3890 5226 101 26 explosion
4009 5226 21 20 of
4045 5226 35 20 tho

3527 5253 1 29 i
3536 5258 99 24 cartridge
3644 5258 61 24 depot
3713 5263 17 12 a;
3739 5255 116 24 Rus-ichuk,
3864 5254 101 23 Bulgaria,
3974 5253 54 20 show
4034 5253 45 19 that
4087 5253 3 29 >

3537 5284 36 19 13«>
3591 5289 30 18 pei
3627 5289 46 14 sons
3687 5289 50 12 were
3749 5282 19 19 ki
3778 5282 32 19 led
3827 5281 38 19 and
3876 5279 36 21 170
3925 5278 86 25 injured.
4038 5279 41 17 Tht>

3527 5304 1 31 •
3535 5309 81 22 victims
3634 5316 53 14 were
3697 5308 73 27 mostly
3782 5313 75 14 women
3873 5305 38 21 and
3922 5305 96 25 children,
4034 5304 44 20 who

3537 5345 26 13 wf
3567 5345 20 14 re
3603 5337 87 27 engaged
3699 5338 21 20 in
3736 5336 104 26 emptying
3852 5333 31 22 old
3902 5335 98 22 cartroges
4008 5333 21 19 at
4043 5331 34 21 the

3535 5367 50 19 time
3602 5366 22 19 'f
3634 5366 35 19 tlie
3688 5364 108 26 explosion.
3826 5362 59 24 Many
3905 5367 50 13 were
3970 5359 64 21 blown
4053 5364 21 15 to

3535 5397 73 21 atoms,
3617 5393 40 19 and
3669 5392 67 20 others
3748 5391 43 19 who
3800 5395 47 14 were
3857 5387 75 24 ablaze,
3941 5387 132 26 jumpedintu

3537 5414 3 27 1
3545 5421 23 19 lib
3579 5420 85 21 Danube
3674 5418 39 22 and
3722 5424 51 15 were
3783 5414 101 23 drowned.

3615 5458 58 22 THE
3685 5456 113 23 SOUDAN
3812 5452 179 23 EXPEDITION.

3853 5480 76 25 CjURO,
3939 5480 80 24 August
4030 5479 19 20 9.

3560 5513 42 21 The
3612 5513 86 21 advance
3714 5510 79 21 colnmn
3809 5507 65 21 under
3885 5506 186 25 Biigader-general

3536 5541 90 25 Hunter,
3640 5540 22 20 of
3678 5539 14 19 tl
3702 5545 9 13 e
3725 5534 180 30 Anglo-Egyptisjn
3921 5533 114 25 expedition
4052 5536 22 18 to

3534 5568 88 25 Soudan,
3633 5567 34 20 has
3674 5564 94 27 captured
3779 5562 35 21 the
3827 5564 54 18 town
3892 5561 22 20 of
3923 5561 45 20 Abu
3986 5561 86 26 Hawed,

3534 5595 90 21 between
3634 5592 90 26 Dongola
3734 5592 38 19 and
3784 5589 82 22 Berber.
3892 5588 42 20 The
3948 5587 67 20 attack
4031 5595 40 13 wan

3533 5622 58 20 made
3601 5628 23 13 on
3641 5620 98 22 Saturday
3748 5618 45 23 I«st,
3807 5616 38 20 and
3861 5615 36 20 the
3906 5614 165 22 dervisbesmade

3532 5657 12 11 a
3566 5648 96 20 stubborn
3682 5646 112 22 rtristance,
3818 5642 35 21 the
3875 5644 53 18 town
3947 5641 48 32 only
4012 5639 59 29 being

3532 5674 95 26 captured
3643 5673 52 21 after
3712 5677 68 15 severe
3793 5671 61 20 house
3866 5672 22 17 to
3902 5668 62 21 bouse
3979 5668 89 26 fighting.

3532 5704 77 22 Among
3619 5700 57 20 those
3688 5698 63 20 ki.led
3762 5703 50 13 were
3822 5696 66 25 Major
3903 5696 70 25 Henry
3987 5695 82 20 Marlow
4076 5695 3 31 (
4080 5695 3 31 ',

3530 5729 73 21 Sidney
3643 5726 21 20 of
3697 5725 35 19 the
3760 5724 61 20 Duke
3846 5723 20 19 of
3873 5721 116 21 Cornwall's
4008 5722 61 26 Light

3530 5756 99 24 Infantry,
3641 5753 39 20 and
3690 5752 122 21 Lieutenant
3826 5750 86 21 Edward
3926 5749 147 27 Fitzdarcucty

3527 5783 21 19 tf
3558 5783 33 19 the
3601 5780 126 22 Doist.-tsbire
3739 5780 113 26 Hegimeut.

1710 112 198 42 MOUHT
1993 117 226 42 BEMGER
2306 114 151 43 MAIL.

3442 107 166 52 Friday,
3630 111 167 48 August
3819 111 57 44 13,
3900 110 117 42 1897.

64 206 158 39 FRIDAY,
245 209 72 30 20th
348 207 165 38 AUGUST,
532 207 81 30 1897.

260 253 39 24 At
321 251 13 25 2
354 260 59 26 p.m.

83 328 41 27 On
137 329 44 26 the
193 329 131 27 Premises
335 329 28 26 of
381 328 44 27 Mr
436 327 70 28 Wm.
520 327 77 34 Gray,
624 327 1 40 j

78 394 199 29 lABEZ
353 390 263 32 BURTON

143 435 42 26 has
198 433 110 28 received
327 433 160 27 instructions
500 432 61 26 lrom
576 430 41 26 Mr

70 473 30 27 L.
113 472 99 28 Brooks
226 475 27 25 to
265 473 48 27 sell
332 472 36 36 by
392 471 104 28 auction
520 472 28 24 at
572 468 45 27 the

68 512 84 26 above
164 512 65 25 time
242 512 52 26 and
307 512 72 33 place
381 526 33 3 —

98 561 62 26 HIS
181 559 224 29 HOUSEHOLD
425 556 158 32 EFFECTS,

475 587 16 22 4

251 611 144 34 consisting
407 609 27 26 of

138 648 111 29 Dresser

138 687 94 28 Tables

138 725 94 27 Chairs

138 762 118 26 Pictures

139 800 103 27 Dinner
251 800 103 26 Service
360 799 42 35 (67
415 795 95 37 pieces)
520 794 36 26 <£c
566 792 44 31 ,&c

298 850 64 25 Also
364 864 32 3 —

140 889 12 25 1
172 887 75 27 Mare
278 886 75 34 (used
376 888 27 23 to
430 884 106 26 harness
567 879 50 26 and

207 925 103 33 saddle)

141 964 12 25 1
174 962 61 26 Side
253 962 96 26 Saddle

141 1001 12 25 1
174 1000 61 27 Fret.
263 1000 58 27 Saw
350 996 52 27 and
432 995 91 31 Lathe,
553 991 64 26 with

209 1038 83 29 Tools,

75 1105 238 38 pHRISTMAS
341 1104 23 28 &
393 1102 90 29 NEW
514 1100 104 28 YEAR

240 1142 222 32 NOVELTIES.

115 1187 134 38 (Suitable
263 1186 43 29 for
322 1185 103 35 Young
439 1182 53 29 and
506 1181 75 37 Old).

183 1269 27 28 A
223 1267 133 38 complete
369 1265 106 38 display
488 1263 29 28 of

77 1309 128 28 FANCY
235 1307 134 35 GOODS,
403 1302 217 33 CHRISTMAS

126 1348 133 35 CARDS,
299 1346 105 34 TOYS,
442 1343 135 35 BOOKS,

196 1386 233 33 MAGAZINES,
450 1385 49 29 &c.

63 1467 158 22 JBARGAINS
238 1467 40 19 ON
296 1466 56 20 THE
370 1463 137 22 SHILLING
525 1461 97 21 TABLE.

195 1528 161 28 Inspection
376 1527 121 27 Invited.

131 1613 54 60 F.
230 1608 342 61 JEFFEKY.

84 1692 189 23 ECCKSELLEE,
288 1690 130 22 CHEMIST.
432 1688 81 22 NEWS
529 1686 96 22 AGENT

239 1717 165 26 STATIONER,
419 1716 37 22 kc.

143 1757 5 12 r
151 1762 5 22 l
166 1755 116 30 EVIOT
308 1750 251 33 DISPENSARY.

174 1829 45 36 0»
258 1827 36 36 J.
338 1826 185 48 CooMBSj

80 1899 212 31 rSUi.GICAL
312 1898 22 28 &
352 1893 254 33 MECHANICAL

268 1937 165 28 DENTIST

283 1983 39 26 (By
338 1982 79 24 Exam.)

139 2067 25 28 R
186 2065 150 30 COOMBS
352 2074 62 26 may
427 2064 34 27 be
476 2061 147 30 Consulted

332 2110 28 25 at

232 2158 124 29 Heron's
379 2157 93 28 Hotel

101 2213 40 29 On
165 2211 155 37 FRIDAY,
346 2211 71 30 20th
443 2207 163 32 AUGUST.

117 2292 38 27 As
170 2290 13 28 I
196 2289 96 29 intend
305 2288 113 36 visiting
437 2286 54 29 this
511 2285 114 29 District

80 2330 185 40 periodically,
278 2330 23 29 it
308 2330 54 28 will
370 2338 63 21 save
446 2327 123 29 Patients
579 2326 46 29 the

79 2380 120 28 expense
211 2371 29 28 of
252 2370 86 38 going
351 2373 28 25 to
392 2373 72 24 town
479 2379 6 23 ;
505 2367 53 27 and
571 2377 29 17 as
611 2366 14 28 I

81 2415 149 35 guarantee
250 2410 36 29 all
308 2410 85 36 work,
419 2408 122 30 Patients
564 2417 61 28 may

77 2453 57 37 rely
150 2464 34 17 on
197 2452 111 38 getting
321 2463 15 17 a
349 2450 142 29 first-class
501 2448 115 28 denture

76 2533 92 21 TEETH
196 2532 81 21 MADE
306 2532 37 20 BY
372 2530 94 22 OTHER
492 2528 133 22 DENTISTS

98 2559 130 22 PROVING
238 2557 251 23 UNSATISFACTORY
498 2556 61 21 MAY
570 2556 35 21 BE

132 2587 194 21 REMODELLED
340 2587 36 21 AT
390 2585 92 21 SMALL
495 2583 73 22 COST.

80 2657 123 28 Painless
232 2656 160 29 Extraction
421 2653 65 28 with
511 2651 113 29 Nitrous

115 2697 88 28 Oxide
225 2697 64 34 Gas,
312 2696 124 34 Cocaine,
449 2693 94 35 Ether,
558 2702 30 19 or

261 2736 181 30 Chloroform.

61 2811 147 30 .Stopping
228 2819 70 19 with
319 2811 85 35 Gold,
425 2808 146 35 Amalgam,
590 2814 34 20 or

291 2852 122 28 Cemekt.

170 2929 30 30 C.
247 2928 28 30 J.
328 2925 90 31 COO
429 2926 64 29 MB
505 2925 28 36 S,

216 2977 127 29 Suegeon
366 2975 117 28 Dentist

120 3024 143 39 (Opposite
277 3021 128 40 CargilFs
418 3021 172 38 Monument)

282 3069 143 21 DUNEDIN.

195 3110 82 34 (Late
291 3109 73 29 Kidd
379 3109 53 28 and
447 3107 58 38 Co.)

171 3175 175 53 Record
386 3173 148 40 tjfign.

219 3214 126 30 ecord
384 3201 45 25 av
432 3212 102 29 eign.

68 3295 85 31 '*TO
179 3295 96 32 enable
299 3294 46 31 the
370 3293 93 41 public
487 3295 28 27 to
541 3291 83 30 Dress

165 3337 116 30 suitable
289 3339 28 27 to
327 3336 47 29 the
384 3335 132 34 occasion,
529 3334 15 28 I
554 3334 69 28 have

186 3388 179 31 REDUCED
385 3386 133 30 PRICES

79 3432 29 29 of
120 3441 45 28 my
178 3430 76 37 large
272 3429 52 28 and
337 3428 91 29 varied
442 3428 94 35 btock,
550 3429 69 26 viz.:

151 3483 85 35 Suits,
249 3481 37 30 £3
304 3481 48 35 3s;
372 3480 138 36 Trousers,
527 3480 54 28 15s.

151 3523 117 37 Factory
282 3539 10 5 -
305 3521 78 28 made
424 3520 83 36 Suits,
548 3522 70 33 21s;

221 3562 138 36 Trousers,
371 3561 31 29 6s
416 3560 44 29 6d.

105 3615 71 34 Ties,
191 3614 79 38 Caps,
283 3614 109 33 Braces,
405 3614 58 34 &c.,
476 3613 36 28 6d
526 3612 73 29 each.

80 3655 77 30 Hard
172 3654 54 28 and
240 3653 61 30 Soft
313 3653 61 29 Felt
390 3654 80 35 Hats,
494 3654 29 28 Is
543 3652 75 30 each.

97 3732 179 25 REDUCTIONS
290 3734 32 22 IN
336 3734 52 21 ALL
401 3734 95 22 OTHER
508 3733 88 23 LINES.

172 3798 38 42 E,
256 3798 42 42 A,
346 3798 75 35 HA
440 3798 84 50 RT,

78 3857 103 22 TAILOR
203 3857 16 21 k
240 3856 192 22 GENTLEMEN'S
456 3856 161 22 OUTFITTER.

131 3896 253 33 Scotland-stbeet,
404 3894 160 29 Roxburgh.

77 3997 211 29 ROXBURGH
298 3996 156 28 BAKERY
465 3996 22 28 &
499 3996 118 29 STORE

75 4089 179 57 Kobf.
281 4089 335 53 Kinaston.

93 4163 140 40 BAKER,
259 4163 291 34 CONFECTIONER
574 4163 23 32 &

205 4213 277 36 STOREKEEPER,

110 4271 146 23 SCOTLAND
278 4272 110 27 STREET,
411 4272 166 22 ROXBURGH.

111 4345 74 29 R.K.
197 4345 99 29 desires
309 4348 28 26 to
348 4344 87 29 thank
449 4344 47 30 the
508 4344 91 30 inhabi-

75 4390 74 25 tants
163 4386 28 28 of
204 4385 152 39 Roxburgh
367 4384 53 30 and
432 4385 180 38 surrounding

75 4426 120 30 districts
219 4426 42 30 for
280 4426 46 29 the
348 4429 113 35 support
482 4425 132 30 accorded

73 4468 54 28 him
142 4467 27 28 in
183 4467 47 29 the
241 4470 70 36 past,
325 4466 53 29 and
390 4471 28 24 to
426 4466 99 29 inform
539 4466 75 29 them

74 4509 60 27 that
146 4508 117 37 nothing
275 4507 54 28 will
343 4507 34 29 be
389 4507 123 38 wanting
524 4517 34 18 on
572 4507 42 29 his

71 4552 61 35 part
146 4548 25 27 in
185 4548 46 28 the
242 4548 91 28 future
343 4550 29 26 to
379 4547 80 29 merit
466 4558 16 17 a
489 4547 109 29 continu-

70 4598 66 18 ance
148 4588 30 28 of
190 4588 71 29 their
272 4591 121 35 support.

98 4666 140 23 WEDDING
255 4667 62 21 AND
334 4666 148 23 BIRTHDAY
500 4666 90 22 CAKES

215 4701 79 22 MADE
312 4701 35 22 TO
360 4701 102 22 ORDER.

70 4748 122 26 SOIREES,
215 4748 110 21 PICNICS
346 4747 17 21 k
380 4747 86 22 BALLS
482 4746 132 23 CATERED

111 4784 55 21 FOR
181 4783 37 22 ON
235 4783 56 22 THE
303 4782 143 23 SHORTEST
463 4781 113 23 NOTICE.

70 4826 127 39 Nothing
209 4827 50 29 but
273 4826 45 30 the
330 4826 62 30 best
402 4825 122 30 material
536 4826 76 30 used.

68 4911 77 22 GOOD
157 4910 183 22 ASSORTMENT
348 4910 37 21 OF
393 4910 164 27 GROCERIES,
566 4910 46 26 4c.,

266 4944 39 21 ON
319 4943 92 22 HAND.

178 5013 93 20 iberal
289 5004 140 29 Discount
439 5012 50 21 for
510 5002 82 31 Cash.

64 5118 44 53 J>
116 5159 9 11 #
233 5117 57 36 W
355 5116 19 37 I
439 5115 37 37 H
541 5115 70 43 H,

66 5187 134 26 PALNTER,
224 5185 128 27 GLAZIER,
374 5185 92 21 PAPER
486 5185 127 25 HANGER,

137 5221 67 23 SIGN
225 5219 113 23 WRITER
360 5219 61 21 AND
444 5218 92 22 HOUSE

247 5253 176 24 DECORATOR,

155 5292 72 27 Ross
247 5290 98 35 Place,
364 5289 161 28 Lawrence.

105 5374 41 28 On
162 5372 63 29 Sale
238 5383 16 17 a
264 5371 75 38 large
350 5371 54 28 and
412 5371 93 29 varied
514 5374 86 26 assort-

68 5417 76 27 ment
155 5413 30 28 of
199 5411 68 37 Oils,
280 5411 104 36 Paints,
407 5409 97 37 Scrim,
527 5411 87 36 Glass,

69 5454 225 39 Paperhangings
317 5453 54 27 and
390 5451 134 29 Painters'
544 5451 54 29 Sun-

66 5495 82 29 dries.

104 5535 67 28 New
181 5533 53 29 and
242 5531 170 30 fashionable
419 5531 73 29 Wall
503 5531 110 40 Papers,

67 5577 72 27 from
153 5574 36 28 od
211 5583 49 28 per
279 5573 76 38 piece
377 5572 134 39 upwards.
550 5575 48 25 Pat-

66 5621 76 24 terns
155 5618 62 25 sent
230 5623 35 19 on
284 5613 174 38 application,
472 5618 62 32 post
546 5612 65 28 free.

101 5655 148 29 Estimates
260 5653 85 39 given
355 5653 44 28 for
421 5652 115 29 General
558 5652 36 29 Re-

62 5696 83 38 pairs.

103 5731 162 33 Celebrated
277 5731 131 31 Lustrass
425 5731 90 37 Paint,
527 5732 83 39 ready

56 5775 105 35 ;nixed,
174 5774 36 29 all
225 5773 121 29 Colours.

760 204 104 29 FOR
925 202 147 29 SALE.

645 281 92 41 T?OR
750 280 167 29 PRIVATE
929 278 262 30 SALE—Sections

724 323 15 28 3
765 322 54 27 and
843 321 27 34 4,
896 320 88 28 Block
1004 319 45 35 X.,
1075 318 115 32 Teviot;

642 363 84 30 about
744 362 54 29 400
820 370 84 21 acres.
943 360 55 29 For
1018 358 174 40 particulars,

643 404 82 34 apply
843 402 102 27 TODD
964 400 118 33 BROS.,

1047 438 108 28 Heriot,

741 507 110 29 FOR
927 504 174 31 SALE.

663 591 19 26 A
711 587 125 30 LARGE
856 586 126 38 quantity
1002 583 29 29 of
1053 582 70 28 Pine
1142 581 55 29 and

736 628 101 37 Poplar
862 630 15 24 '1
885 626 105 32 itnber;
1017 623 117 29 suitable
1155 623 42 27 for

650 667 202 41 Underground
878 674 132 30 purposes
1036 663 55 29 aud
1120 663 60 27 Fire-

646 708 220 38 wood.—Apply

818 758 135 28 HENRY
975 756 110 34 TOMS,

906 798 65 29 Coal
986 796 89 30 Creek
1090 795 70 28 Flat.

652 929 61 54 Yf
805 929 21 28 T
843 951 5 8 .
917 924 282 34 BOWDEN,

722 1004 175 26 CARPENTER,
924 1001 114 26 JOINER,
1066 999 62 22 AND

648 1096 98 27 Desires
772 1102 25 20 to
823 1094 76 28 thank
925 1093 42 27 the
999 1091 86 28 Public
1112 1091 22 26 of
1160 1089 40 28 the

649 1134 104 25 District
767 1134 38 24 for
823 1138 54 29 past
896 1136 112 29 support,
1028 1129 48 26 and
1096 1128 61 34 begs
1176 1134 25 19 to

648 1171 89 27 inform
769 1171 64 26 them
870 1172 52 24 that
954 1167 29 28 he
1015 1167 43 27 has
1088 1164 113 29 resumed

651 1209 120 27 Business
783 1210 24 25 in
822 1207 149 34 Roxburgh.

649 1297 134 25 Estimates
796 1297 72 34 given
880 1296 47 26 and
939 1294 119 35 Building
1058 1294 2 37 1
1072 1294 131 26 Contracts

751 1346 28 25 of
795 1344 30 27 all
845 1343 74 26 kinds
938 1343 161 27 undertaken.

688 1431 76 27 Plans
779 1431 47 27 and
845 1430 186 37 Specifications
1045 1428 124 39 prepared.

656 1537 261 30 APPLICATION
946 1536 72 28 FOR
1046 1535 159 29 SPECIAL

864 1577 131 29 CLAIM.

754 1649 122 26 District:
896 1648 82 34 Orago
991 1648 111 34 Mining.

833 1687 81 25 Date:
934 1686 61 26 30th
1009 1686 70 35 July,
1097 1685 71 27 1807.

685 1737 34 26 To
734 1736 40 26 the
789 1734 109 28 Warden
913 1741 24 19 at
952 1734 147 35 Roxburgh.

637 1776 1 40 |
654 1784 26 24 T
711 1781 152 28 HEREBY
894 1781 72 35 apply
998 1781 36 26 for
1065 1791 13 16 a
1108 1780 96 36 Special

717 1820 78 26 Claim
829 1823 36 22 lor
895 1820 156 33 goldmining
1087 1827 118 26 purposes

637 1850 2 41 I
654 1858 77 26 under
746 1857 40 26 the
800 1856 136 35 provisions
959 1856 26 26 of
1103 1856 102 34 Mining

637 1894 1 33 |
657 1899 53 28 Act,
846 1898 24 22 of
896 1894 40 26 the
962 1894 69 26 lands
1057 1894 148 26 hereinafter

637 1930 1 35 |
652 1933 133 29 described,
798 1932 78 24 which
889 1931 59 24 have
960 1932 58 24 been
1031 1932 58 30 duly
1105 1930 99 25 marked

653 1970 23 25 in
692 1971 148 24 accordance
858 1967 60 26 with
939 1968 42 26 the
995 1969 97 34 mining
1106 1966 83 36 regula-

653 2008 70 26 tions.

807 2043 132 27 HENRY
958 2042 210 28 YOUNGMAN

722 2082 48 36 (By
786 2080 36 27 his
837 2084 92 33 Agent,
943 2080 76 28 John
1035 2080 77 28 Nash
1127 2081 7 35 )

687 2133 45 25 No.
745 2131 46 25 and
814 2132 55 24 dote
884 2131 26 25 of
921 2131 97 25 miner's
1031 2130 171 34 right—3o3s

651 2168 146 36 —3O/7/97.

688 2249 78 27 Name
779 2247 48 28 and
842 2243 98 29 address
951 2242 24 27 in
988 2244 43 25 full
1044 2244 28 24 of
1078 2244 122 35 applicant

690 2287 84 35 Henry
791 2285 157 32 Youngmnn,
964 2281 125 26 Dunedin.

687 2324 158 37 Styleunder
859 2319 79 27 which
953 2320 19 25 it
994 2320 19 25 is
1039 2318 116 27 intended
1178 2326 23 16 to

653 2364 105 24 conduct
786 2362 41 25 the
852 2359 111 25 business
1025 2357 85 24 levmt
1137 2357 62 25 Gold

653 2399 131 36 Dredging
797 2398 41 28 Co.

688 2438 109 28 Localitv
812 2435 78 27 where
904 2434 41 27 the
967 2432 56 28 land
1049 2432 94 37 applied
1165 2432 35 27 for

652 2477 21 24 is
692 2474 172 28 situated—ln
888 2472 91 26 Clutha
1003 2481 72 16 nver.
1090 2473 110 29 nnpu?iie

637 2508 3 38 |
652 2514 77 26 Town
742 2514 24 26 of
780 2509 141 36 Roxburgh,
942 2508 74 34 being
1036 2515 98 20 Jvcu.-n
1158 2508 40 31 29,

637 2548 2 35 i
655 2552 76 26 Block
746 2552 30 31 1.,
787 2551 86 26 Tevioi
886 2548 105 27 district.

637 2585 2 36 I
688 2590 93 26 Extent
790 2588 27 26 of
824 2588 55 26 land
892 2585 94 36 applied
1002 2585 60 26 for—
1075 2586 28 24 4-i
1116 2594 67 15 acres

637 2618 1 42 !
689 2630 108 23 Amount
809 2625 26 26 of
845 2625 86 35 capital
947 2623 118 34 proposed
1080 2630 25 18 to
1121 2623 27 25 be
1162 2624 24 24 in-

637 2662 1 36 |
653 2663 225 30 vested—£4.ooo.

637 2697 1 51 j
687 2702 124 35 Proposed
826 2700 68 27 mode
908 2698 26 28 of
945 2699 114 34 working
1082 2698 41 26 the
1143 2697 56 27 land

637 2741 1 34 i
650 2741 174 34 —Dredging.

637 2774 1 38 j
687 2779 73 25 Term
786 2778 37 26 for
847 2775 78 27 which
945 2774 90 27 license
1061 2783 26 17 or
1112 2776 88 33 special

637 2811 1 40 !
652 2816 71 27 claim
736 2822 73 29 grant
824 2815 20 26 is
857 2811 176 38 required—2l
1055 2821 71 27 years

688 2853 105 27 General
805 2852 121 26 Remarks
928 2849 102 36 —Pegs
1041 2849 99 27 marked
1161 2849 20 25 P

1160 2886 26 26 X

637 2926 1 45 J
656 2929 165 34 Preliminary
836 2928 103 34 hearing
952 2926 72 27 asked
1039 2926 43 26 for.

637 2963 1 37 i
688 2966 81 27 Dated
796 2974 24 18 at
845 2964 79 36 Clyde
950 2964 47 26 this
1023 2964 60 26 30th
1108 2963 47 36 day
1181 2963 25 25 of

637 3004 2 47 j
652 3004 70 37 July,
736 3004 72 28 1897.

687 3081 52 26 The
753 3081 76 26 above
843 3079 148 37 application
1005 3078 46 26 and
1064 3086 47 26 any
1126 3077 21 25 o'
1155 3077 39 33 jec

637 3109 3 51 j
654 3119 65 26 tions
733 3119 48 26 will
805 3119 28 26 be
859 3117 73 28 heard
958 3124 23 19 at
1009 3116 40 26 the
1070 3116 132 24 Warden's

637 3153 3 42 j
656 3157 77 26 Office
747 3164 23 19 at
782 3157 149 34 Roxburgh,
943 3165 29 17 on
986 3154 49 27 2nd
1051 3153 151 36 September,

637 3195 3 30 i
655 3196 73 29 1897,
743 3200 24 20 at
781 3195 26 24 11
825 3203 12 16 a
850 3203 29 16 in.

687 3233 57 26 Anv
758 3240 87 25 person
866 3229 109 33 desiring
989 3233 25 20 to
1027 3227 80 34 object
1121 3232 25 20 to
1161 3229 40 23 the

651 3276 121 28 granting
785 3269 24 24 of
822 3277 13 16 a
849 3265 88 37 special
951 3266 71 26 claim
1046 3263 96 37 applied
1166 3266 36 24 for

651 3313 74 27 must,
748 3307 66 36 prior
838 3312 25 21 to
889 3305 41 27 the
955 3304 111 34 hearing,
1080 3309 71 21 enter
1164 3302 37 27 his

650 3346 136 36 objections
811 3350 25 21 at
861 3344 41 26 the
928 3342 129 27 Warden's
1082 3340 75 28 Office
1177 3345 25 21 at

650 3382 145 36 Roxburgh.

703 3430 212 30 FREDERICK
927 3429 170 31 JEFFERY,

979 3468 49 26 Pro
1046 3465 120 28 Warden.

684 3515 121 28 Received
821 3521 24 21 at
859 3514 132 26 Warden's
1002 3512 74 27 Office
1087 3517 26 22 at
1124 3512 77 35 Clyde

649 3563 30 16 on
694 3553 61 27 30th
771 3552 69 33 July,
855 3552 77 30 1897,
947 3557 23 20 at
985 3550 58 27 3.32
1056 3559 15 26 p
1082 3559 31 18 m.

649 3622 142 29 NOTICE
824 3621 47 28 OF
904 3620 212 28 INTENTION
1154 3619 46 28 TO

725 3662 70 29 CO.N
804 3660 147 30 STRUCT
982 3659 219 30 EXiENSION

722 3702 47 29 OF
788 3700 264 31 WATER-RACE.

816 3775 104 26 District
934 3784 5 15 :
958 3775 81 32 Otago
1053 3775 109 32 Mining.

862 3811 63 27 Date
939 3820 6 18 :
965 3812 60 25 27th
1039 3810 69 37 July,
1124 3812 74 26 1897.

680 3860 35 26 To
730 3859 41 27 the
784 3857 111 28 Warden
909 3863 25 21 at
948 3857 145 35 Roxburgh.

645 3910 27 55 I
687 3907 150 29 HEREBY
852 3908 57 34 give
922 3907 80 25 notice
1016 3906 54 27 that
1085 3907 10 25 I
1110 3907 84 26 intend

709 3953 25 20 to
760 3951 127 22 construct
914 3954 31 17 an
971 3944 136 28 Extension
1132 3945 28 26 of
1183 3956 12 16 a

647 3985 156 27 Water-race
818 3990 25 19 to
861 3992 93 25 convey
980 3982 46 26 and
1053 3991 42 17 use
1120 3989 76 21 water

645 4023 36 27 for
708 4022 97 33 mining
818 4029 125 26 purposes,
957 4020 175 34 commencing
1143 4027 24 18 at
1183 4030 12 16 a

645 4061 69 34 point
728 4069 30 17 on
782 4068 41 22 my
847 4067 54 18 race
926 4057 60 26 from
1010 4056 86 28 Teviot
1122 4059 71 31 river,

645 4099 89 25 known
750 4107 26 16 as
788 4095 122 26 Hercules
925 4095 46 26 No.
987 4097 11 24 1
1014 4104 53 17 race
1080 4097 113 32 (License
1205 4095 1 40 |

645 4136 26 25 L.
680 4135 37 31 R.,
729 4135 47 25 No.
790 4132 228 36 9567—30/1/97),
1025 4138 23 19 at
1060 4132 41 26 the
1109 4133 84 25 saddle
1205 4131 1 37 j

644 4184 59 17 near
718 4173 39 28 the
774 4171 118 28 Hercules
915 4170 63 34 Flat,
993 4170 47 28 and
1063 4171 75 28 about
1162 4172 30 29 H
1205 4170 1 41 j

645 4212 68 25 miles
736 4211 61 25 from
823 4209 61 25 head
911 4208 27 26 of
953 4208 51 25 said
1028 4218 61 21 race,
1105 4210 87 25 thence
1205 4199 1 56 |

644 4249 111 35 running
764 4248 24 26 in
801 4257 13 17 a
825 4245 124 34 southerly
957 4245 116 28 direction
1085 4246 72 27 throw
1177 4247 13 26 h
1205 4245 1 39 j

643 4287 70 27 small
738 4286 97 35 por:ion
861 4285 23 24 of
909 4285 39 25 W.
971 4285 27 24 T.
1014 4284 178 34 Scrimgeour's

643 4324 115 33 freehold,
774 4321 110 35 through
899 4322 54 27 Mrs
970 4321 106 27 Heron's
1089 4325 91 33 grazing-

642 4373 55 23 run,
718 4361 108 34 through
852 4360 143 26 Alexander
1020 4360 171 27 Macdonald's

642 4401 118 30 freehold,
776 4400 87 26 thence
878 4398 108 34 through
1010 4398 70 26 other
1094 4400 96 31 portion

642 4439 26 27 of
685 4439 40 26 W.
752 4438 27 26 T.
803 4436 178 33 Scrimgeour's
1006 4434 116 35 freehold,
1143 4437 46 27 and

643 4478 162 32 terminating
830 4481 24 20 at
879 4473 155 27 Anderson's
1061 4473 71 34 Flat;
1160 4474 30 29 H

642 4514 69 26 miles
722 4521 24 19 at
757 4511 128 29 lowerend
892 4512 75 34 being
976 4511 92 26 carried
1082 4514 23 24 in
1115 4514 73 34 pipes.

675 4552 54 26 Ihe
742 4551 86 35 length
843 4551 23 24 of
880 4549 58 26 such
961 4558 55 17 race
1038 4550 21 25 is
1122 4551 68 25 miles

641 4598 27 17 or
682 4589 164 29 thereabouts,
862 4587 46 26 and
923 4588 31 25 its
974 4587 116 26 intended
1105 4598 85 16 course
1204 4587 2 31 i

642 4629 20 25 is
676 4627 134 35 southerly.
849 4625 148 34 By-washes
1022 4626 116 26 intended
1166 4633 24 19 to

641 4664 29 28 be
700 4664 71 27 made
799 4669 25 21 at
858 4663 12 26 '1
881 4663 121 27 homson's
1036 4662 76 29 Gullv
1143 4663 47 36 (2),

640 4702 134 27 Williams'
789 4701 84 36 Gully,
886 4700 152 28 Cockburn's
1050 4701 76 34 Gully
1141 4702 49 32 (3),

642 4740 69 26 Rae's
726 4739 76 35 Gully
817 4739 47 35 (2).
879 4738 47 26 and
943 4738 85 36 Rocky
1052 4738 77 34 Gully
1143 4740 45 33 (2).

674 4777 52 27 The
740 4786 69 17 mean
824 4776 74 34 depth
913 4775 28 27 of
958 4775 59 28 such
1044 4785 54 18 race
1120 4777 21 26 is
1155 4777 35 26 2ft

640 4814 42 27 9in
696 4814 48 27 and
760 4815 40 26 the
823 4824 68 17 mean
915 4813 101 28 breadth
1039 4814 20 26 is
1080 4814 37 27 sft
1139 4814 50 33 Oin,

640 4852 47 27 and
701 4854 19 25 it
737 4853 21 26 is
771 4852 118 36 proposed
903 4859 23 19 to
939 4861 70 27 curry
1030 4852 33 27 50
1077 4852 96 27 Govern-

640 4897 68 20 ment
720 4890 77 26 heads
809 4891 24 25 of
848 4896 80 19 water.

673 4927 59 27 Cost
751 4927 28 26 of
794 4927 324 29 construction.—£'s.ooo.

671 4965 70 26 Time
771 4964 112 36 required
915 4966 36 27 for
984 4967 168 26 construction
1156 4981 32 4 —

637 5001 60 27 Two
710 5011 77 27 years.

674 5038 111 29 Number
798 5039 47 27 and
859 5039 56 29 date
928 5040 27 28 of
965 5041 99 28 miner's
1077 5041 110 36 right.—

640 5077 66 27 3808
716 5087 8 24 j
744 5077 114 34 15/1/97.

845 5113 93 28 JOHN
958 5115 127 29 EWING

657 5151 50 35 (By
722 5151 37 26 his
772 5149 124 35 Solicitor,
918 5151 84 28 Robt.
1028 5153 160 35 Gilkison),

1011 5191 144 36 Applicant.

675 5259 59 33 Any
746 5268 87 24 person
848 5259 124 34 objecting
983 5265 24 20 to
1018 5261 40 24 the
1070 5261 120 33 granting

642 5292 29 27 of
679 5294 48 26 this
740 5294 147 36 application
901 5301 65 21 must
976 5295 73 37 lodge
1061 5296 37 26 his
1109 5296 67 34 objec-

643 5331 51 27 tion
706 5332 25 26 in
746 5332 101 35 writing
861 5338 24 20 at
906 5333 41 27 the
968 5333 133 29 Warden's
1115 5335 77 27 Office

643 5373 25 22 at
681 5369 138 35 Roxburgh
833 5370 84 27 within
932 5372 110 26 fourteen
1056 5372 65 26 clear
1130 5372 62 34 days

643 5405 61 28 from
719 5407 41 26 the
773 5407 55 26 date
841 5407 87 28 hereof.

678 5444 114 36 Hearing
811 5452 24 19 at
859 5446 28 25 11
913 5447 92 28 o'clock
1027 5458 32 17 on
1079 5449 41 26 the
1140 5447 52 27 2nd

643 5481 150 35 September,
812 5482 75 33 1897,
901 5489 24 21 at
938 5484 147 37 Roxburgh.

699 5529 219 31 FREDERICK
931 5532 179 37 JEFFERY,

972 5572 50 28 Pro
1037 5573 116 27 Warden.

675 5618 130 28 Warden's
824 5619 83 35 Office,
930 5622 86 34 Clyde,
1038 5623 61 27 27th
1118 5623 70 33 July,

641 5655 73 27 1897.

668 5739 49 21 You
726 5739 51 21 have
787 5739 69 21 ruined
865 5746 52 21 yottr
925 5741 132 22 constitution
1066 5741 122 27 sufficiently

642 5767 28 27 by
681 5767 95 26 drinking
790 5767 81 21 inferior
885 5770 40 20 tea.
952 5769 84 21 Recruit
1050 5770 27 25 by
1092 5770 96 27 drinking

639 5795 49 25 only
697 5795 63 20 Kozie
771 5797 38 19 tea.
837 5795 20 21 It
866 5796 16 20 ie
888 5803 50 18 pur#
944 5797 38 20 *od
990 5797 132 21 reliable.—A
1127 5798 44 20 dvt.

1225 249 178 42 DUNEDIN
1418 249 141 43 PRICES
1572 250 30 42 &
1616 250 163 42 VALUES

1224 440 76 30 NOT
1319 440 76 30 FOR
1414 441 77 29 ONE
1505 441 139 30 MONTH
1665 442 115 38 ONLY,

1248 558 77 43 ALL
1361 558 79 43 THE
1474 559 107 43 YEAR
1613 560 147 47 ROUND.

1234 692 89 55 \Y.
1345 694 58 53 T.
1427 694 357 68 TALBOYS,

1365 783 25 29 R
1403 783 23 30 0
1436 784 25 29 X
1472 784 22 29 B
1510 784 23 30 U
1545 784 23 29 I!
1579 784 23 30 G
1615 785 37 37 H,

1230 842 71 29 Who
1322 842 25 29 is
1370 853 60 18 now
1452 842 125 41 Offering
1596 845 48 28 the
1665 845 119 30 balance

1462 896 29 28 of
1511 896 42 28 Lis

1315 968 238 42 WIHTEB.

1440 1033 263 42 DRAPERY

1232 1110 27 24 at
1283 1106 93 28 Prices
1396 1107 88 29 which
1505 1108 107 28 MUST
1635 1109 152 28 Command

1319 1160 46 30 the
1379 1161 146 30 Attention
1543 1162 28 29 of
1585 1162 115 40 Buyers.

1325 1261 105 44 Come
1456 1263 64 42 and
1548 1263 65 43 See
1639 1263 67 43 Our

1237 1339 46 28 All
1305 1339 82 30 Wool
1414 1340 173 38 Wellington
1614 1341 126 37 Flannel,
1763 1345 30 25 at

1313 1382 28 27 Is
1357 1381 33 28 Id
1401 1392 49 27 per
1462 1382 67 37 yard

1224 1432 1 45 j
1242 1432 94 29 White
1371 1432 130 38 Calicoes,
1527 1434 71 30 from
1626 1435 30 29 2s
1684 1435 35 30 Gd
1745 1445 48 28 per

1311 1474 83 28 dozen

1224 1523 1 41 |
1239 1523 113 37 Striped
1366 1524 198 36 Flannelettes,
1576 1526 70 27 from
1658 1527 29 26 2s
1700 1526 33 27 9d
1744 1536 49 27 per

1311 1563 86 29 dozen

1224 1616 1 40 |
1238 1616 96 28 White
1369 1616 142 37 Shirtings
1543 1618 112 32 (double
1694 1619 96 32 width)

1311 1657 70 29 from
1400 1658 32 27 10
1439 1658 31 29 id
1484 1668 49 28 per
1546 1658 67 39 yard

1224 1689 1 59 j
1238 1708 97 30 White
1348 1709 122 29 Turkish
1481 1710 114 35 Towels,
1610 1710 70 28 from
1703 1713 31 26 4s
1759 1712 31 28 Gd

1310 1760 49 28 pet*
1372 1750 86 28 dozen

1224 1804 1 41 |
1238 1804 87 28 Linen
1341 1804 143 38 Tablings,
1492 1805 70 28 from
1577 1807 29 26 Ls
1616 1806 34 28 3d
1666 1818 48 26 per
1726 1809 64 36 yard

1224 1856 1 40 i
1247 1856 91 30 Men's
1353 1857 103 29 Lambs
1469 1857 81 30 Wool
1565 1858 55 29 Tan
1625 1864 35 32 Is,
1684 1861 29 28 2s
1742 1863 50 28 lid

1312 1909 49 27 per
1374 1899 60 36 pair

1224 1948 1 42 j
1239 1948 90 28 Men's
1346 1948 99 28 Cotton
1461 1948 95 36 Pants,
1569 1950 70 27 from
1653 1953 27 25 Is
1696 1952 32 28 Cd
1744 1962 49 28 per

1310 1988 59 39 pair

1238 2041 139 28 Coloured
1399 2041 59 28 Silk
1475 2041 231 38 Handkerchiefs,
1721 2045 69 28 from

1305 2082 29 28 Is
1348 2082 66 29 each

1235 2136 91 28 Men's
1344 2136 63 28 Soft
1421 2137 61 27 Felt
1496 2137 82 34 Hats,
1588 2138 71 27 from
1685 2140 26 26 ls
1738 2141 50 26 Ud

1306 2176 65 30 each

1235 2230 65 28 Real
1313 2230 71 28 Bear
1399 2231 80 37 Long
1491 2230 55 28 Fur
1559 2230 81 37 Boas,
1654 2232 70 29 from
1741 2236 46 27 12s

1306 2270 33 28 (>d
1353 2270 66 28 each

1235 2363 118 28 DRESS
1389 2364 143 30 STUFFS
1565 2368 26 26 in
1628 2367 19 28 S
1655 2367 69 29 ERG
1733 2367 50 35 ES,

1278 2404 49 28 TV»
1344 2404 103 37 EELS,
1468 2405 135 31 &c.—All
1620 2409 127 29 reduced.

1439 2489 24 26 A
1484 2488 53 28 Lot
1550 2489 29 28 of

1232 2535 178 29 MANTLKS
1440 2536 23 28 &
1488 2537 294 39 WATERPROOFS,

1249 2590 35 26 At
1300 2589 88 38 prices
1401 2589 88 29 which
1505 2594 72 25 must
1590 2591 73 29 clear
1676 2592 84 30 them.

1304 2670 25 28 A
1346 2669 133 39 Splendid
1495 2673 174 27 Assortment
1682 2674 30 27 of

1231 2722 117 28 MEN'S
1380 2722 24 28 &
1437 2723 110 29 BOYS'
1579 2724 205 38 CLOTHING,

1315 2763 180 36 HOSIERY,
1520 2764 181 37 SCARVES,

1399 2803 147 36 SHiRTS,
1568 2805 48 30 &c.

1234 2883 117 29 MEN'S
1397 2884 138 29 TWEKD
1583 2886 110 31 SUITS
1740 2888 47 29 TO

1296 2924 196 37 MEASURE,
1517 2928 49 28 00s
1589 2929 135 40 (special).

1303 3006 24 28 A
1355 3007 58 28 well
1442 3010 122 28 assorted
1595 3012 77 28 slock
1699 3013 28 29 of

1339 3060 120 30 BOOTS
1487 3072 55 19 and
1569 3065 120 30 SHOES

1390 3115 101 30 always
1505 3128 34 18 on
1553 3118 82 31 hand.

1235 3214 207 52 yiCTORIA
1461 3217 146 31 LIVERY
1621 3221 167 30 STABLES

1321 3281 71 23 PEEL
1406 3283 113 25 STREET.
1534 3285 170 24 LAWRENCE.

1233 3351 35 41 T,
1298 3352 120 51 Dwyer
1465 3365 7 30 :
1520 3366 7 30 :
1585 3356 203 52 Proprietor,

1270 3439 59 29 The
1341 3450 68 28 very
1422 3441 62 29 best
1499 3442 130 39 Stabling-
1648 3445 141 37 provided,

1231 3479 67 29 with
1312 3491 16 18 a
1343 3480 100 30 Groom
1458 3483 101 39 always
1574 3484 28 28 in
1616 3486 172 30 attendance.

1230 3571 26 29 A
1279 3571 161 32 Handsome
1465 3574 54 29 and
1550 3575 237 40 Well-appointed

1328 3624 154 36 Hearse
1507 3636 52 26 on
1591 3627 102 36 Hire.

1268 3715 160 32 First-class
1461 3718 94 41 Single
1589 3720 53 29 and
1678 3720 108 31 Double

1231 3757 140 38 Buggies;
1392 3760 66 29 also,
1474 3760 110 29 Ladies'
1598 3763 54 27 and
1674 3762 111 29 Gentle-

1331 3798 102 28 Saddle
1447 3798 114 31 Horses.

1227 3869 140 29 TEYIOT
1378 3871 162 29 WESLEY
1543 3874 50 26 AN
1611 3873 171 31 CHURCH.

1325 3950 113 39 Sunday
1453 3952 123 30 Services
1590 3954 54 28 will
1669 3954 34 28 be
1716 3965 48 18 con-

1314 3992 99 27 ducted
1427 4003 29 17 as
1470 3994 92 27 follow
1576 4006 44 16 :

1226 4038 112 27 Roxburgh
1350 4039 19 24 (7
1379 4040 84 26 p.m.)—
1466 4040 51 21 Rev.
1527 4041 21 21 J.
1559 4041 27 21 H.
1597 4041 82 25 Hooper

1425 4069 67 19 Pi'ui'B
1504 4069 105 24 Heavenly

1225 4095 47 19 Coal
1284 4095 64 20 Oretk
1360 4095 19 23 (:{
1390 4097 57 23 p.m.)
1453 4096 73 21 —Rev.
1538 4097 21 20 J.
1571 4097 28 21 H.
1611 4098 83 24 Hooper

1227 4121 79 20 Ettrick
1314 4121 14 25 (I
1336 4121 5 19 l
1355 4123 81 23 a.m.)—
1440 4123 51 20 Rev.
1501 4123 22 21 J.
1540 4124 18 19 H
1578 4124 83 25 Hooper

1379 4149 119 27 p.m.)—.Mr
1508 4151 21 22 J.
1542 4151 91 22 Watson.

1371 4197 256 29 NOTICE.

1240 4277 21 29 A
1279 4277 45 29 LL
1340 4278 117 29 Persons
1480 4282 28 24 to
1522 4280 87 27 whom
1625 4280 59 27 Mrs
1699 4279 77 28 Mar-
1788 4277 1 30 !

1315 4327 86 20 caret
1421 4318 102 37 Grant,
1537 4320 29 28 of
1585 4320 106 29 Millers
1704 4319 71 37 Flat,

1223 4360 22 27 is
1260 4359 144 36 indebted,
1416 4370 46 18 are
1479 4361 144 37 requested
1639 4366 27 23 to
1679 4361 99 28 render

1223 4400 71 27 their
1310 4401 142 27 Accounts
1473 4403 27 24 to
1524 4401 45 29 the
1591 4401 186 38 undersigned

1221 4441 37 37 by
1273 4441 46 28 the
1330 4440 54 29 end
1399 4441 29 28 of
1441 4440 46 29 the
1501 4447 110 23 current
1624 4441 105 30 month.

1412 4492 32 30 L.
1461 4493 30 29 E.
1507 4494 157 35 HAINES,

1411 4533 32 28 B.
1458 4533 188 36 WHITING,

1247 4573 129 28 Trustees
1387 4573 41 27 for
1438 4573 58 28 Mrs
1507 4573 152 29 Margarkt
1669 4574 103 28 Grant.
1788 4568 1 41 |

1223 4637 100 27 HPHE
1356 4647 114 28 persons
1501 4637 100 38 taking
1632 4638 47 27 the
1708 4638 68 28 fruit
1788 4620 1 55 I

1306 4681 72 25 trees
1392 4681 47 25 out
1465 4677 29 29 of
1520 4688 43 27 my
1595 4678 105 37 garden
1721 4678 54 28 will
1788 4677 1 42 j

1222 4718 92 38 oblige
1329 4718 37 37 by
1387 4718 146 38 returning
1551 4728 83 25 same,
1655 4728 29 18 as
1709 4718 66 38 they
1788 4711 1 48 |

1222 4759 69 29 have
1318 4758 69 28 been
1408 4767 73 20 seen.
1521 4758 27 28 If
1573 4763 48 24 not
1644 4759 131 29 returned
1788 4758 1 44 j

1221 4799 97 29 within
1345 4800 31 27 14
1403 4799 67 38 days
1495 4798 72 39 legal
1593 4799 182 37 proceedings

1221 4840 56 28 will
1292 4840 34 28 be
1339 4840 84 28 taken
1437 4839 110 37 against
1560 4839 84 27 them.

1536 4878 38 27 M.
1597 4877 139 28 WEIDT.
