4192 5866
204 184 135 21 CHOLERI
353 184 33 20 IS
400 183 91 21 IN'DIA.

357 211 122 21 Calcutta,
491 210 81 25 August
578 208 19 22 7.

98 238 92 26 Bombay
207 242 80 22 reports
304 245 34 14 are
357 241 21 17 t»
395 241 35 18 the
446 237 61 22 eff-cs
520 241 46 16 Out
586 236 36 21 *2O)

162 266 54 21 from
225 266 81 21 cholera
324 267 94 20 »«cctrred
436 267 18 19 in
466 265 46 20 th\t
531 265 42 25 ciiy
585 266 37 18 last

164 294 43 20 The
223 295 51 19 total
291 294 104 26 mortality
410 294 52 20 from
471 293 35 20 th-J
520 293 79 20 disease
606 299 16 13 is

71 321 70 21 stated
150 323 22 19 to
179 322 25 19 be
212 321 25 21 Go
249 328 35 18 par
293 321 57 21 10.K).

180 361 44 23 AJf
235 361 165 23 ANARCHIST
415 361 35 21 OR
456 361 56 21 HIE.

377 390 99 24 MadhU),
486 390 81 22 August
575 388 18 20 3.

94 416 19 22 A
146 424 45 14 man
223 417 73 20 named
318 416 88 22 Rinaldi.
430 417 49 19 aiits
501 416 76 24 G>ui<,
604 423 12 12 a

68 444 141 25 N-*p©lition,
223 444 73 21 vidted
307 444 35 21 tho
359 445 58 19 biths
435 448 23 16 at
476 442 142 26 Smtftgueda

67 476 27 19 at,
100 472 36 21 the
143 478 55 15 Radio
209 473 78 19 timea3
297 472 63 22 Senor
370 471 97 24 o<no*us,
478 471 35 21 the
529 470 87 25 Spanish

68 500 97 25 Premier,
181 499 40 21 and
241 499 61 21 while
312 499 35 21 tlii
365 499 61 20 latter
439 505 39 13 wis
499 498 83 23 revlin?
592 498 19 20 in

66 527 37 20 the
119 527 76 26 »a!lery
206 526 81 22 Rinaldi
297 526 126 27 ap.noacWl
440 533 24 13 an
472 526 8 20 I
489 525 50 21 fired
557 525 58 20 three

66 554 58 21 shots
150 554 51 21 from
220 561 12 13 a
258 554 92 21 revolver
371 556 22 18 at
418 553 106 21 him-one
550 553 64 20 buliet

65 582 82 25 pausing
156 581 88 24 dnou;h
255 582 62 21 Sailor
327 581 108 22 O-moviis's
454 581 59 24 boly,
524 581 40 20 anl
575 584 40 16 two

165 615 21 14 til
202 609 31 20 his
252 609 58 20 head.
338 609 43 20 TUe
403 608 69 21 victim
491 608 34 20 fell
542 610 22 18 at
583 607 30 19 his

67 636 63 21 wife's
155 636 50 25 feet,
228 636 117 27 exlaitning,
390 635 7 21 I
422 641 34 15 am
481 633 132 22 mardered!''

65 664 42 20 And
124 664 46 20 died
189 664 71 19 withia
284 671 26 12 an
326 664 58 20 huur.
414 663 36 20 His
477 663 38 19 last
541 662 71 24 words,

89 690 17 20 L
113 697 33 14 >nz
154 690 41 19 'iv<i

94 716 81 23 Rinaldi
192 716 88 22 declares
298 715 45 22 that,
361 715 32 22 his
419 715 52 22 deil
486 721 36 14 ***
536 721 11 14 a
564 714 45 27 jut

66 750 33 17 net
123 745 21 21 of
161 751 102 21 vaogeane
278 744 40 21 and
338 744 34 21 the
500 743 21 21 of
542 750 13 13 a
569 746 44 17 vast

66 773 110 19 Anarchist
197 772 123 24 cmspirncy.
349 772 43 19 Thi
410 771 62 24 p'lin?
495 770 39 19 h-vl
557 774 56 20 great

66 797 99 27 tfilfi;ulty
176 798 19 20 in
207 800 119 24 preventing
336 798 35 20 the
379 803 54 14 crow
441 796 6 21 I
454 796 53 21 from
518 796 96 25 lynching

63 826 38 22 the

91 854 42 21 The
141 854 19 26 Q
167 861 44 14 inert
220 861 39 13 was
270 854 72 24 deeply
351 854 29 20 «ff
385 852 54 21 *cted
449 853 57 20 when
513 852 35 21 thj
559 859 54 13 news

65 887 40 12 was
116 882 22 18 br
153 885 37 16 ltin
199 885 20 15 to
228 882 42 19 Lie*-.
301 880 80 19 I'item-i
390 887 10 17 p
409 879 65 25 >pular
484 879 42 20 i'ldi
532 878 51 23 <nifi
590 885 21 12 >u

63 913 45 16 nni
115 907 102 20 inifaited.
244 906 43 20 The
300 906 20 20 G
328 910 114 16 iveruuniit
458 906 92 20 cmsihr
567 905 46 20 that

64 935 80 21 Rinaldi
164 934 38 22 had
222 941 25 14 no
261 941 68 14 acflini
345 933 47 22 lic-fs
403 934 39 21 and
454 934 21 21 til
483 940 16 15 id
514 933 36 21 tli)
560 932 50 22 dee!

64 970 40 14 wus
114 963 86 20 without
207 963 70 21 politic
282 963 14 18 11
306 962 134 22 si-rnificinee.

80 1047 153 43 Peculiar
272 1045 232 51 Proceedings
539 1049 32 37 at

212 1099 123 45 Millers
372 1101 79 42 Flat.

88 1190 123 22 MVsrEai
215 1193 5 11 ?
223 1190 45 22 >(M
285 1189 38 22 MK
334 1193 7 16 v
509 1189 34 22 OF
560 1191 18 21 A

209 1219 82 21 POSSK
305 1219 34 21 OF
352 1215 66 25 POfil

131 1280 106 21 DBMUI
255 1278 104 23 SWAVfP
372 1280 34 18 TO
423 1279 33 21 Rf3
471 1279 35 21 R3
513 1278 72 23 TAKR
590 1280 12 20 N
603 1280 5 7 T

215 1307 37 21 BY
357 1306 95 22 KiJROE.

151 1367 54 23 (Ocs
211 1372 89 18 vsrox.vr,
313 1367 16 23 C
337 1373 22 16 >r
366 1369 153 24 umposdznt.)

81 1397 44 21 The
146 1397 72 24 dmig*
238 1395 21 22 of
281 1404 11 12 a
305 1403 72 19 cups
447 1400 39 17 ,»Ui
494 1403 5 13 i
523 1395 79 22 c'V-lus

58 1425 121 24 policemen;
195 1425 44 18 who
372 1423 35 20 t'n
418 1423 83 20 divricf
515 1423 28 24 by
554 1423 53 20 tlnir

57 1458 96 17 preseno)
160 1451 28 20 du
251 1451 35 19 t'-is
296 1450 64 21 waolo
369 1456 21 13 -»f
402 1450 37 20 last
451 1451 61 25 we;'*,
523 1450 83 20 creifced

57 1479 58 27 q'Aile
132 1486 25 13 an
174 1479 30 20 air
222 1477 22 20 i»f
252 1485 20 13 m
278 1483 66 19 «*snery
365 1485 33 12 in
407 1484 6 13 i
442 1477 35 20 thi
489 1483 58 18 uia',
564 1477 40 20 anl

58 1506 73 23 reused
140 1506 35 21 th®
193 1505 97 24 curiosity
299 1504 21 21 of
336 1511 38 15 on-
392 1505 127 24 cmnaiiy
537 1509 20 16 to
570 1510 35 16 tm

58 1536 81 22 highest
148 1535 63 25 pitc'i.
221 1532 2 28 ■
237 1533 19 21 O
265 1542 5 11 i
285 1533 35 20 the
329 1532 87 26 evening
425 1532 20 21 of
454 1538 7 14 t
471 1539 17 13 ie
498 1533 38 20 iin
543 1532 7 21 1
557 1533 47 20 in<f.

58 1563 68 23 (whan
136 1562 35 18 the
186 1560 129 26 pneedtngs
324 1565 103 14 cjiumem
433 1559 35 25 11),
476 1559 36 19 the
527 1560 75 19 arcivil

60 1588 24 21 of
96 1595 11 14 a
117 1588 67 25 burlv,
202 1586 43 20 well
264 1589 31 17 set
306 1592 66 20 youtg
380 1585 76 27 fello*,
472 1587 51 25 #ii,
545 1586 59 21 when

59 1618 33 19 s*t
108 1616 57 21 down
176 1614 52 21 from
238 1614 35 21 ihe
285 1615 68 24 coidi,
370 1613 81 21 croseed
462 1614 26 26 by
499 1614 35 21 the
553 1616 53 24 put

59 1647 23 17 to
101 1644 31 20 Mr
142 1642 86 27 Liffey'-i
248 1642 70 24 Hotel,
327 1640 94 23 ciu«la
440 1641 49 21 mild
505 1642 70 20 flitter
585 1642 21 21 of

61 1671 130 21 excitement.
211 1670 42 19 The
263 1669 86 20 interest
359 1669 19 20 in
390 1669 40 20 liini
440 1676 39 13 was
489 1669 117 21 occasioned

63 1699 25 19 br
98 1698 34 20 the
145 1697 101 20 elal*>rate
255 1697 30 19 air
296 1695 21 21 of
329 1699 90 22 mystery
431 1695 41 21 and
482 1696 75 21 import
564 1703 44 14 mce

62 1725 67 20 which
146 1725 25 19 he
185 1731 57 17 wore,
261 1723 38 20 but
314 1723 53 20 after
382 1724 114 23 sustaining
513 1724 23 19 th
546 1731 9 12 s
567 1724 40 19 rule

63 1753 32 21 for
104 1760 23 13 au
139 1752 51 21 hour
197 1758 22 14 or
228 1759 22 12 so
264 1752 25 19 he
299 1755 80 17 *»ecime
390 1757 54 14 more
456 1751 136 21 communnica-

63 1784 50 22 tavf,
127 1780 40 21 and
258 1778 82 26 making
350 1778 101 27 enquiries
466 1779 53 20 from
536 1786 42 18 niys
585 1779 23 21 ;lf

64 1808 39 21 and
112 1808 68 20 others
189 1814 22 12 aa
218 1811 20 15 to
245 1807 35 19 the
292 1807 76 24 miuing
374 1806 102 25 industry
484 1806 35 20 the
527 1807 80 19 district

63 1836 21 20 in
100 1834 88 26 general,
208 1834 39 20 and
266 1833 36 21 the
319 1833 105 21 cha'acf«r
441 1833 21 21 of
478 1840 21 13 so
507 1840 25 14 ue
548 1833 21 21 of
581 1833 26 21 its

63 1863 135 20 inhabitant*.
231 1861 21 21 It
285 1868 49 12 noon
367 1862 101 25 appeared
501 1861 46 20 that
577 1861 30 20 his

63 1889 97 28 inquiries
175 1889 39 20 had
225 1888 100 21 reference
340 1891 21 17 to
370 1896 11 12 o
391 1896 17 12 ie
418 1888 34 20 iah
459 1888 27 20 ibi
497 1892 36 16 ant
547 1889 55 25 oa'y,

64 1918 39 20 but
115 1924 22 13 as
155 1919 21 18 to
191 1916 35 21 the
236 1916 87 25 identity
332 1922 24 13 or
372 1915 140 21 wherealiouts
529 1915 21 21 of
564 1916 44 20 that

63 1951 73 20 parson
156 1951 29 13 we
203 1950 51 14 were
271 1943 73 21 unable
353 1946 21 18 to
384 1943 104 22 enlighten
499 1943 42 21 liim
552 1943 52 21 from

64 1972 36 21 the
127 1978 64 19 vagnfc
208 1975 72 16 nature
298 1970 22 21 of
340 1971 31 20 his
388 1971 108 26 enquiries.
524 1971 23 20 In
573 1971 35 20 the

64 2006 79 19 process
169 1999 21 20 of
211 1999 35 20 the
270 1999 144 24 examination,
446 1998 12 20 h
467 2005 78 16 >wev«r,
571 2005 37 13 our

65 2028 115 24 niysterous
194 2025 86 21 visitor's
296 2025 88 26 identity
398 2025 60 21 could
472 2031 36 14 not
524 2026 22 19 be
564 2032 36 13 C'»n-

64 2054 75 26 cea'ed,
150 2054 40 21 snd
205 2054 27 21 he
238 2061 40 13 was
283 2053 83 27 quickly
374 2056 31 17 set
412 2052 59 22 down
486 2061 20 12 as
520 2060 12 13 a
541 2053 56 21 detec-

63 2082 50 21 tive.
141 2082 57 21 Next
207 2081 40 27 day
256 2082 25 20 he
290 2080 73 22 visifeu
374 2088 12 13 a
393 2080 50 21 local
453 2080 61 26 sheep
524 2083 83 24 statio-j,

63 2110 40 20 and
121 2110 77 19 fort-he
215 2112 50 17 next
275 2113 40 16 two
332 2108 49 26 days
399 2108 26 21 he
441 2108 114 21 cultivtted
574 2110 34 19 the

206 2136 39 21 and
255 2136 59 21 nude
324 2136 80 20 himself
415 2143 46 19 very
471 2137 87 20 sociatilo
574 2138 34 19 iud

61 2170 49 15 even
122 2164 74 26 u«-fu',
206 2164 62 20 about
278 2164 36 20 the
322 2162 62 22 hotel.

88 2192 32 20 On
136 2192 16 20 F
164 2192 47 26 iday
229 2191 93 27 evening,
338 2190 99 24 however,
453 2190 99 28 curiosity
569 2198 39 14 was

61 2219 81 21 farther
150 2219 85 21 aroused
247 2219 24 26 by
282 2219 35 20 the
327 2218 73 21 artival
409 2218 22 21 of
439 2226 26 13 an
473 2222 53 17 >t:ier
536 2219 71 20 visitor

60 2246 27 25 by
96 2247 68 25 coach,
171 2246 39 20 and
225 2246 25 20 he
264 2247 48 19 took
320 2252 28 20 up
358 2245 34 20 the
403 2245 85 26 popular
499 2245 42 21 rola
554 2245 53 21 from

60 2275 35 19 tbe
105 2276 57 18 stiirt.
192 2273 126 21 Ass'iciation
332 2273 47 20 with
395 2273 30 21 his
442 2273 82 21 brother
538 2273 70 21 ofS.ier

147 2301 41 20 hiin
291 2301 83 25 though,
390 2308 21 12 as
426 2301 61 19 imine
496 2301 71 26 liate.y
581 2308 26 14 ou

58 2328 74 20 arrival
147 2328 49 24 they
215 2328 38 20 had
267 2336 11 12 a
294 2333 53 15 most
360 2330 120 23 porteutoos
492 2328 113 22 iatjrview.

57 2353 43 23 The
108 2356 64 20 result
181 2362 40 13 was
230 2355 47 20 that
291 2355 54 20 after
359 2359 33 15 tea
404 2355 48 26 they
466 2355 62 21 drove
547 2362 58 20 away

57 2383 21 20 in
100 2390 12 12 a
134 2387 53 23 trap,
206 2383 83 25 looking
309 2381 131 27 exc;edin?ly
457 2383 86 26 solemn,
566 2383 40 20 and

56 2410 129 25 expectation
195 2416 35 14 ran
237 2410 48 25 high
296 2409 46 20 that
347 2409 36 20 the
390 2409 119 21 abandoned
517 2410 84 25 outlaw,

57 2437 94 21 whoever
166 2437 27 21 he
212 2443 46 18 was,
280 2435 67 23 would
366 2435 24 21 be
409 2435 88 28 brought
514 2436 50 22 back
583 2437 21 21 in

55 2465 77 26 chaina,
142 2465 49 21 with
200 2464 74 22 double
288 2463 108 23 handcuff*
405 2470 34 15 on.
468 2465 28 21 As
511 2466 23 20 to
551 2465 53 21 their

54 2493 126 26 subsequent
188 2493 129 21 adventures,
334 2492 9 20 I
354 2492 51 20 hare
414 2492 55 20 since
480 2493 62 20 heard
557 2493 47 20 that

54 2520 52 26 they
120 2520 73 20 visited
208 2519 73 21 Teviot
295 2519 76 19 station
390 2519 40 20 and
447 2520 131 20 commenced
592 2527 12 13 a

54 2546 82 26 general
144 2546 113 27 superficial
265 2552 75 20 survey
346 2545 22 21 of
377 2545 35 21 the
422 2548 86 24 country
515 2553 25 14 on
548 2547 52 22 foot.

54 2573 45 22 One
108 2574 21 21 of
138 2574 36 21 the
313 2574 94 25 igDorant
416 2573 23 21 of
447 2573 55 21 their
520 2574 81 25 errand,

54 2602 96 21 whosaw
163 2601 56 22 them
234 2602 91 25 roaming
339 2600 63 22 about
420 2603 22 18 at
458 2608 12 14 a
487 2602 42 21 late
542 2602 59 26 hour,

52 2630 112 25 circulated
174 2629 35 22 the
218 2633 70 23 report
297 2629 46 21 that
352 2628 50 25 they
419 2635 53 15 were
489 2630 83 25 making
588 2637 12 14 a

54 2658 60 20 lunar
128 2663 74 21 survey
209 2657 22 21 of
247 2664 12 13 a
275 2657 82 26 railway
371 2656 41 21 line
426 2659 21 18 to
468 2656 37 22 the
524 2658 78 21 Dismal

52 2685 129 26 Swamp,but
187 2685 41 21 this
232 2685 86 20 surmise
325 2691 47 17 was,
379 2683 22 21 of
405 2691 78 19 course,
491 2685 108 22 incorrect.

53 2712 110 26 However,
178 2712 16 21 it
203 2719 85 19 appears
305 2712 47 21 that
368 2710 36 22 the
419 2712 126 24 pedestrians
562 2712 40 21 lost

52 2740 123 20 themselves
183 2747 26 13 on
222 2740 36 20 the
266 2746 79 20 ranges,
352 2739 38 21 and
400 2738 35 22 did
445 2741 37 19 not
491 2740 42 21 find
546 2740 55 22 their

53 2774 45 20 way
106 2767 52 21 back
167 2770 22 17 to
203 2767 77 21 Millers
299 2767 46 21 Flat
359 2767 53 21 uatil
430 2767 103 21 breakfast
551 2767 52 22 time

51 2797 51 19 next
110 2795 100 24 morning.

77 2822 33 21 On
119 2822 102 26 Saturday
230 2822 108 21 Constab'e
350 2822 70 26 Fouhy
434 2823 80 20 arrived
528 2830 26 14 on
564 2823 36 21 the

51 2856 65 18 scene,
129 2850 56 19 when
192 2850 86 19 auother
287 2849 128 20 confidential
425 2850 106 20 interview
547 2850 49 20 took

51 2876 64 27 place,
126 2876 39 21 and
174 2876 80 26 shortly
267 2876 119 21 afterwards
397 2876 35 22 the
442 2877 57 21 three
514 2878 31 20 set
561 2880 36 19 out

51 2904 57 26 again
115 2904 40 21 this
170 2904 51 21 time
230 2904 19 20 iu
264 2904 116 26 equestrian
390 2904 66 21 order.
483 2904 113 21 Tlievrode

49 2937 30 20 up
97 2932 36 21 the
143 2932 49 19 road
211 2933 44 23 past
273 2932 73 19 Messrs
362 2930 78 21 Hand's
458 2932 40 20 and
516 2932 76 20 Forbes

48 2958 118 24 residences,
175 2966 24 13 an
207 2959 7 21 l
223 2958 49 21 then
281 2958 70 21 struck
360 2963 38 18 oul
411 2966 49 15 ov-r
475 2959 35 22 the
524 2967 70 19 ranges

49 2988 44 20 into
111 2988 36 19 the
165 2988 50 19 bao't
232 2991 93 18 country.
354 2986 49 21 And
420 2994 45 13 now
487 2995 38 13 our
543 2988 50 20 local

49 3014 94 25 koowiug
176 3021 49 14 ones
252 3015 38 24 put
317 3014 77 20 several
420 3013 99 22 different

48 3041 90 24 jjlaxojus
160 3048 26 13 on
213 3040 34 21 thu
279 3043 75 18 matter
378 3041 120 25 altogether.
534 3042 60 19 Some

48 3068 41 18 slid
111 3068 46 18 tiiat
173 3066 76 20 several
278 3066 112 25 suspicious
413 3066 84 26 looking
514 3067 80 20 charac-

48 3096 43 19 Van
117 3093 40 20 bad
187 3093 49 20 been
267 3099 48 14 seen
349 3092 20 21 in
405 3092 36 21 the
476 3093 109 27 ne:glibour-

50 3121 53 21 hood
129 3120 97 27 recently,
254 3121 44 20 who
316 3120 36 21 did
375 3124 37 17 not
430 3120 89 26 disguise
542 3121 54 21 their

49 3149 103 21 intention
161 3149 21 20 of
196 3148 96 26 breaking
301 3148 59 21 down
369 3149 37 20 the
420 3148 47 21 dam
484 3149 53 25 wall,
556 3149 40 20 and

51 3177 36 18 rt:<»
96 3176 63 25 police
168 3181 52 14 were
359 3174 53 21 their
428 3181 37 18 eye
476 3182 26 13 on

51 3203 75 19 Others
148 3202 58 24 again
228 3202 90 24 thought
336 3202 46 19 that
404 3201 35 20 the
453 3201 142 21 Government

51 3236 52 14 w»T6
112 3229 60 21 about
180 3230 21 19 to
210 3228 48 21 take
267 3236 48 13 over
321 3229 35 20 tlie
368 3228 76 21 Dismal
451 3228 82 28 Swarup
540 3229 54 27 dam,

49 3257 51 21 ■with
110 3257 28 21 all
147 3256 71 22 vested
227 3256 70 26 rights,
307 3256 52 21 from
369 3256 35 20 the
415 3259 83 23 present
514 3257 80 21 holders

52 3285 63 20 —and
122 3285 26 26 by
155 3284 60 24 force,
223 3283 16 21 if
245 3283 171 26 necessary—and
422 3290 10 13 a
439 3286 39 18 few
484 3284 111 21 constables

51 3318 21 14 ki
86 3312 86 25 disguise
182 3311 66 26 might
256 3311 25 19 be
296 3311 80 25 useful;
392 3311 59 21 while
460 3311 68 21 other*
538 3312 56 25 agdn

51 3339 80 26 hinted,
142 3338 49 21 with
201 3338 61 20 bated
271 3338 78 23 breath,
363 3341 63 17 about
440 3346 26 14 an
481 3339 59 21 illicit
552 3339 44 21 still

51 3366 66 20 which
128 3366 66 25 might
209 3365 23 21 be
243 3372 28 19 up
286 3366 20 20 in
323 3366 35 20 the
375 3372 78 17 ranges.
481 3367 36 20 All
538 3367 58 20 these

52 3393 95 21 surmisas
168 3395 22 18 to
209 3392 37 21 the
258 3395 100 23 contrary,
378 3392 101 26 however,
500 3394 35 20 the
554 3396 42 18 two

50 3420 122 26 mysterious
182 3421 102 24 strangers
293 3419 96 22 returned
399 3421 22 19 to
436 3421 35 21 the
483 3421 57 26 point
556 3424 22 18 at
585 3429 12 12 a

52 3448 41 20 kte
111 3447 53 22 hour
178 3447 45 21 that
241 3454 54 14 same
312 3447 117 28 (Saturday)
445 3449 65 26 uight,
524 3456 25 14 an
557 3449 6 20 1
576 3457 21 14 as

52 3476 50 25 they
112 3482 52 14 were
176 3476 20 20 iu
208 3475 101 21 excellent
322 3476 87 20 humour
427 3478 17 19 it
461 3483 39 13 was
512 3477 84 20 evident

53 3503 47 20 that
108 3503 37 20 the
154 3503 40 20 trio
206 3502 21 21 of
242 3503 114 20 constables
371 3503 40 20 had
423 3503 48 21 been
488 3504 109 21 successful

53 3531 22 20 in
85 3530 53 21 their
147 3530 88 24 mission,
246 3530 104 21 whatever
359 3530 16 21 it
390 3537 49 21 was,
453 3532 78 26 though
549 3533 48 26 they

54 3558 89 26 brought
152 3558 50 21 back
209 3565 26 13 no
243 3558 55 20 felon
309 3558 20 20 iu
338 3558 76 23 chains.

79 3586 59 21 Since
151 3585 50 21 then
211 3585 35 20 the
255 3586 68 26 sequel
333 3587 21 19 to
364 3586 35 20 the
406 3588 56 24 story
471 3586 35 21 has
516 3587 81 21 become

54 3613 68 27 partly
133 3612 75 27 public.
234 3612 21 21 It
270 3619 84 20 appears
369 3613 47 21 that
430 3614 35 21 the
479 3621 89 19 younger
577 3615 22 20 of

55 3634 36 29 \Kc
99 3640 115 21 constables
223 3646 40 14 was
276 3647 26 13 on
312 3647 12 13 a
333 3640 31 27 sly
380 3647 47 21 grog
441 3642 115 27 expedition
575 3642 21 21 in

55 3668 36 21 the
100 3668 76 21 Clutha
185 3667 87 23 district,
283 3668 39 20 and
332 3669 107 20 succeeded
448 3670 21 20 in
477 3670 122 26 entrapping

53 3702 27 13 an
86 3694 130 27 ex-publican
223 3694 65 22 there.
315 3695 45 20 One
366 3695 20 20 of
396 3695 30 22 his
436 3696 53 21 chief
497 3697 102 20 witnesses

55 3722 40 21 left
103 3722 37 21 the
146 3722 80 21 district
233 3722 54 21 since
302 3722 34 21 the
350 3722 129 23 information
496 3731 39 13 was
550 3723 48 28 laid,

53 3751 41 20 and
104 3757 57 13 canie
171 3750 100 25 rsbbitiDg
281 3754 21 16 to
318 3751 32 19 Mr
361 3751 141 22 Scrimcreour's
514 3753 83 23 station,

54 3778 41 20 and
110 3777 35 21 the
161 3777 68 21 officer
244 3784 38 14 was
300 3777 78 27 obligpd
393 3782 20 17 to
427 3779 68 21 follow
517 3780 42 20 him
578 3783 21 17 to

53 3812 70 14 secuie
147 3805 31 21 his
199 3805 129 22 attendance.
356 3806 39 20 For
418 3814 54 14 some
488 3815 71 13 reason
575 3807 25 21 he

55 3833 68 20 would
132 3834 37 18 not
183 3838 25 18 go
223 3832 44 20 into
283 3832 35 20 the
335 3840 69 18 ranges
420 3834 64 23 alone,
500 3834 40 20 and
554 3837 45 17 sent

55 3861 33 19 for
98 3859 37 20 the
143 3859 61 21 other
212 3861 81 23 stringe
302 3860 108 27 constable,
422 3861 48 21 with
486 3861 36 21 the
536 3861 65 20 result

55 3887 47 21 that
110 3886 51 21 both
171 3885 109 22 succeeded
289 3887 20 20 in
324 3887 64 27 losing
397 3889 122 20 themselves
534 3889 21 20 in
566 3889 35 19 the

55 3922 78 19 ranges.
160 3914 43 21 The
221 3914 64 20 whole
298 3915 78 26 exploit
392 3923 38 13 was
448 3922 21 14 to
484 3917 51 19 have
550 3917 50 18 been

55 3941 99 22 executed
170 3941 50 21 with
235 3941 35 20 the
284 3943 77 19 utmost
374 3950 86 18 secrecy,
477 3943 38 21 bus

180 3971 40 18 etc.
245 3968 44 21 The
301 3975 125 20 programme
440 3970 34 20 did
487 3972 36 18 not
538 3969 63 26 woik,

55 3997 40 21 and
105 3997 54 20 after
172 4003 12 13 a
197 3996 66 20 whole
278 3996 55 20 week
349 3997 49 22 they
412 4004 51 14 were
478 3997 80 24 obliged
577 3999 22 18 to

55 4024 80 20 confess
152 4024 68 20 defeat
233 4023 41 21 and
291 4024 38 20 call
345 4024 19 20 in
378 4024 37 20 the
430 4024 50 20 local
493 4024 110 25 constable,

56 4051 54 26 who,
120 4051 21 21 in
154 4058 11 13 a
173 4050 158 23 comparatively
347 4051 57 20 short
418 4051 57 26 time,
491 4051 112 20 conducted

56 4078 57 21 them
133 4081 22 18 to
168 4078 36 21 the
218 4079 47 20 t«nt
278 4078 22 20 of
318 4078 36 20 the
370 4078 31 23 sly
418 4085 47 19 grog
479 4079 87 21 witness.
594 4078 10 20 I

55 4106 53 22 have
117 4106 63 21 heard
187 4105 50 27 they
243 4105 65 21 found
314 4105 42 21 him
362 4109 22 17 at
390 4105 60 22 home
456 4106 39 20 and
504 4105 98 21 executed

55 4134 56 20 their
123 4134 90 21 mission.
241 4134 31 20 On
284 4133 89 26 Monday
383 4134 91 23 morning
480 4134 36 20 the
525 4133 81 25 visi'ing

55 4162 79 21 officers
148 4160 131 27 (mysterious
289 4167 26 14 no
324 4160 77 26 longer)
416 4160 37 21 left
462 4160 26 26 by
498 4161 36 20 the
545 4164 61 17 coach

55 4189 33 21 for
96 4190 37 20 the
142 4189 73 25 sphere
224 4188 22 21 of
256 4188 53 21 their
318 4189 96 25 ordinary
427 4190 114 20 avocatioß.

57 4269 91 43 Fruit
178 4268 64 44 and
277 4268 75 52 Egg
385 4268 216 52 Preserving.

89 4365 238 21 REFRIGERATING
348 4365 155 21 CHAMBERS
526 4365 41 20 DIS-

227 4398 112 21 PENSED
359 4397 83 23 WITH.

93 4464 59 29 The
184 4464 143 38 following
354 4466 95 29 article
485 4465 77 38 gives
595 4475 16 16 a

56 4505 108 29 concise
186 4505 56 29 and
255 4505 129 39 practical
406 4510 117 26 account
545 4504 29 30 of
594 4515 17 18 a

56 4556 61 20 new
131 4546 141 28 invention
286 4546 100 34 which,
398 4548 22 28 if
441 4557 29 18 as
488 4556 106 18 success-

55 4586 42 28 ful
110 4586 82 27 when,
204 4585 168 38 thoroughly
385 4586 103 39 proved
503 4595 29 19 as
545 4594 48 29 pre-

55 4629 63 28 sent
129 4625 165 31 indications
314 4635 102 30 appear
428 4631 28 25 to
478 4626 85 35 show,
586 4625 23 29 is

55 4666 85 37 likely
171 4673 29 22 to
232 4666 195 31 revolutionise
456 4668 47 28 the
540 4666 69 28 fruit

55 4706 129 39 growing
195 4706 139 37 industry.
374 4708 28 28 It
415 4708 53 28 will
484 4708 34 27 be
543 4706 65 28 read

56 4746 67 28 with
145 4746 115 29 interest
280 4747 36 36 by
334 4748 199 37 fruitgrowers,
554 4746 54 28 and

56 4786 56 28 will
124 4786 57 29 also
193 4797 84 28 repay
287 4788 107 37 perusal
406 4788 36 35 by
451 4788 48 30 the
508 4787 102 28 farmer

56 4826 56 30 and
134 4827 47 28 the
203 4827 158 30 housewife.
405 4828 49 29 We
477 4837 64 28 may
562 4837 47 26 say

57 4877 40 19 we
110 4867 70 29 have
197 4878 36 18 ou
247 4868 153 30 exhibition
413 4873 29 24 at
464 4868 47 28 the
537 4867 74 29 Mail

58 4907 78 29 office
150 4908 153 37 specimens
316 4909 29 27 of
365 4908 105 29 several
482 4907 84 29 kinds
582 4908 29 27 of

58 4948 69 28 fruit
140 4948 61 28 that
213 4948 69 28 have
296 4948 70 30 been
384 4948 106 30 treated
505 4948 36 38 by
564 4948 47 28 the

58 4998 119 28 process,
192 4989 123 34 brought
334 4992 71 25 from
420 4988 134 28 Brisbane
574 4988 37 37 by

57 5028 48 28 Mr
117 5028 40 28 M.
173 5028 152 38 Campbell,
339 5029 53 27 and
411 5039 41 17 we
465 5028 68 28 have
554 5027 57 29 also

56 5079 16 18 a
86 5068 88 29 bottle
187 5068 30 28 of
242 5068 47 28 the
307 5072 97 35 patent
430 5068 128 35 mixture,
581 5076 30 20 so

56 5108 61 28 that
131 5119 54 26 any
200 5119 98 26 person
322 5108 117 38 wishing
461 5112 29 24 to
512 5112 44 33 try
576 5108 35 28 its

57 5148 82 29 effect
152 5159 35 18 ou
200 5148 67 28 fruit
282 5159 30 18 or
325 5160 70 25 eggs
407 5159 51 18 cau
472 5148 69 28 have
564 5148 47 28 the

56 5188 181 41 opportunity
253 5188 28 30 of
293 5189 86 39 doing
392 5200 40 19 so.

94 5230 30 28 It
155 5230 89 28 would
285 5240 106 27 occupy
423 5230 188 28 considerable

56 5279 82 28 space
152 5272 29 25 to
201 5273 159 24 enumerate
382 5268 35 28 all
443 5269 48 27 the
515 5269 79 27 inven-

56 5310 73 29 tions
142 5309 54 29 and
212 5309 127 29 methods
356 5309 89 29 which
458 5309 70 29 have
541 5310 67 28 been

56 5355 51 35 put
133 5350 119 29 forward
285 5350 44 28 for
360 5350 47 29 the
440 5360 118 28 purpose
583 5350 28 28 of

55 5390 159 38 effectually
227 5390 130 38 carrying
367 5390 67 28 fruit
442 5394 28 24 to
482 5390 127 38 England

55 5432 57 28 and
133 5441 33 19 on
189 5433 82 27 other
295 5430 67 39 long
384 5440 130 30 voyages,
540 5430 69 28 from

55 5472 192 29 Australasian
269 5472 104 28 shores.
413 5473 39 27 At
471 5481 51 18 one
545 5471 66 28 time

54 5512 23 29 it
103 5521 57 19 was
187 5512 116 28 claimed
328 5511 62 29 that
417 5510 192 39 refrigeration

54 5553 91 29 would
179 5563 108 19 answer
317 5552 37 29 all
385 5562 143 29 purposes,
561 5552 50 28 but

55 5594 109 37 though
187 5594 22 27 it
230 5603 101 27 proves
354 5598 28 23 to
397 5594 34 27 be
444 5592 167 28 serviceable

56 5634 89 28 under
158 5632 130 31 modified
301 5632 164 35 conditions,
476 5632 22 29 it
511 5632 22 28 is
543 5642 67 26 very

53 5674 45 28 far
110 5675 71 28 from
196 5673 175 38 satisfactory
381 5673 28 28 in
418 5673 130 37 carrying
561 5682 50 18 cur

54 5714 98 40 apples
164 5719 29 24 to
209 5712 139 40 England,
369 5722 30 19 as
417 5713 50 28 has
480 5713 68 28 been
563 5712 48 28 the

54 5765 63 25 Qiise
141 5755 83 39 again
258 5754 56 33 this
338 5763 107 25 season,
468 5752 47 30 the
543 5752 68 29 fruit

653 181 132 37 suffering
806 180 69 28 from
898 179 134 38 freezing,
1047 178 115 37 wetting
1176 186 30 19 or

623 218 1 41 I
654 220 119 39 heating,
793 219 54 29 anrl
872 219 158 29 sometimes
1044 218 71 29 from
1131 227 73 19 more

623 257 1 37 ;
652 262 65 28 than
731 271 50 19 one
797 260 29 28 of
841 260 77 28 these
934 269 104 25 causes,
1053 259 91 28 whilst
1157 257 46 30 the

623 298 1 41 1
649 301 133 30 colflairis
791 309 67 28 very
868 299 148 40 unequally
1026 298 176 30 distributed.

687 342 97 30 Under
823 342 66 28 such
927 340 216 30 circumstances
1181 339 22 30 it

650 382 87 30 would
752 383 32 27 be
799 382 73 39 good
889 391 75 19 news
980 381 100 29 indeed
1100 385 29 24 to
1152 391 50 17 our

647 432 119 27 growers
780 426 28 24 to
823 422 56 28 find
889 433 16 17 a
919 421 177 38 satisfactory
1107 431 94 18 means

646 463 29 29 of
699 462 133 38 ensuring
858 462 46 28 the
927 462 74 38 good
1028 462 122 37 keeping
1170 461 31 29 of

646 502 162 30 Tasmaniau
839 502 94 39 apples
966 502 54 28 anl
1053 512 78 28 pears
1163 511 34 19 en

645 553 105 29 voyage
771 547 28 25 to
820 542 118 39 Europe.
979 542 53 29 We
1046 542 68 29 have
1136 552 60 18 now

644 585 115 28 another
778 594 59 17 new
859 593 108 28 process
989 582 152 39 projected,
1155 582 43 28 for

646 624 87 29 which
763 627 80 35 great
868 622 94 37 things
994 632 46 18 are
1070 621 125 29 claimed.

652 665 81 27 There
741 674 44 17 are
799 668 27 23 at
842 670 110 30 present
967 663 27 27 in
1010 662 117 30 Hobart,
1143 662 54 26 and

646 713 60 26 may
722 703 33 29 bi
768 711 64 20 seen
854 706 29 24 at
905 702 46 28 the
977 701 109 29 Hobart
1105 699 92 30 Coffee

649 744 92 28 Palace
754 743 42 28 till
818 742 101 37 Friday
937 748 28 22 at
988 753 80 22 noon,
1094 741 103 28 Messrs

648 783 100 27 Parker
761 782 53 28 and
839 781 127 34 Warner,
988 789 49 20 rue
1055 785 142 29 patentee*

646 823 28 30 of
686 835 15 17 a
715 822 75 31 fresh
804 822 66 30 fruit
883 822 55 30 and
958 833 58 28 egg
1037 833 17 28 p
1065 821 133 38 -eserving

646 864 116 27 solution
785 864 88 27 which
896 864 23 27 is
942 873 60 17 now
1028 863 151 35 being'pre-

646 902 83 40 pared
750 902 54 30 and
828 902 59 30 sold
912 903 35 37 by
969 913 15 17 a
1011 910 134 28 company
1170 901 28 28 in

647 945 74 37 large
734 944 159 38 quantities.
932 943 77 30 T'uev
1032 943 80 29 claim
1138 942 60 28 that

629 985 53 41 jby
708 984 71 28 their
811 993 109 26 process
947 995 70 27 egg-s
1043 982 53 28 and
1122 982 76 28 fresh

628 1022 4 39 !
645 1023 67 30 fi'uit
743 1024 29 30 of
804 1024 108 30 various
950 1024 49 30 ki;i
1009 1023 24 31 is
1072 1022 127 39 (notably

628 1065 2 39 !
644 1066 102 36 apples,
787 1076 88 28 pears,
915 1067 120 37 quinces,
1070 1065 128 32 cherries

626 1104 2 41 i
644 1106 158 39 pineapples
816 1116 109 28 grapes,
941 1106 128 38 oranges)
1093 1114 50 20 can
1165 1104 32 28 be

641 1146 107 31 carried
761 1148 72 29 from
847 1148 47 28 the
910 1146 153 38 Antipodes
1079 1150 28 24 to
1123 1145 62 38 Eng

640 1186 65 31 land
718 1199 29 18 as
758 1187 112 42 general
884 1198 65 29 cirg
960 1199 6 16 >
983 1188 28 28 in
1025 1186 45 30 the
1085 1186 63 29 hold
1169 1186 28 28 of

639 1240 16 17 a
677 1231 96 34 vessel,
797 1229 115 28 wishout
935 1231 46 26 the
1007 1228 44 28 aid
1072 1228 29 28 of
1121 1227 63 29 refri-

623 1268 2 41 !
640 1270 133 38 geration,
783 1280 37 29 gu
828 1270 155 36 iranteeiug
995 1269 59 28 that
1064 1268 46 29 the
1122 1278 73 19 same

623 1309 1 41 !
639 1311 53 28 will
705 1321 71 29 open
785 1315 49 26 out
845 1311 27 28 in
887 1310 19 29 fj
916 1320 27 18 m
955 1310 45 29 lon
1015 1309 114 37 looking
1135 1309 59 38 just

637 1361 29 18 as
677 1351 75 30 fresh
766 1363 28 18 as
806 1353 79 28 witvi
898 1350 118 40 packed,
1027 1350 55 29 and
1094 1350 99 36 wholly

637 1392 179 38 U'lirapiirei.
856 1392 57 29 Tae
931 1402 110 28 process
1054 1391 23 28 is
1095 1391 97 37 simple

635 1442 35 18 ;tu
681 1431 8 28 I
728 1433 83 31 iaexp
819 1431 96 29 jnsi/e.
1064 1430 66 28 fruit
1171 1431 21 26 is
1205 1430 1 34 i

623 1457 1 20 ;
656 1471 5 6 b
796 1457 5 13 I

623 1471 1 41 |
635 1471 101 40 dipped,
767 1483 30 19 or
828 1477 78 24 cute
915 1471 11 29 I
968 1477 82 34 (eggs
1088 1471 102 38 alwvys
1205 1471 1 41 j

623 1506 1 47 i
634 1513 114 37 dipped)
763 1514 27 29 in
804 1514 55 28 this
884 1513 153 28 itmoeinn
1060 1512 132 30 solution.
1205 1506 1 47 J

623 1552 1 39 |
637 1555 88 27 which
740 1555 20 27 is
774 1560 185 30 transplant,
980 1552 55 29 and
1049 1553 95 27 makes
1159 1561 33 18 no
1205 1552 1 39 I

623 1592 1 39 !
634 1593 144 30 alteration
793 1593 27 29 in
834 1594 46 28 the
894 1592 107 29 natii'-d
1021 1602 169 29 appearance

623 1633 1 42 j
635 1634 29 29 of
679 1635 45 28 the
737 1635 67 28 fruit
818 1633 110 38 biyoml
943 1634 99 38 giving
1058 1635 19 26 it
1091 1645 15 16 a
1122 1633 69 28 little
1205 1633 1 42 j

623 1674 1 39 ;
637 1684 74 19 more
719 1675 94 38 glossy
823 1684 181 28 appearance.
1053 1675 49 26 The
1112 1674 79 28 effect
1205 1674 1 39 !

623 1715 35 32 lis
670 1719 28 24 to
711 1714 185 37 render—-uy
915 1725 34 17 an
972 1714 218 39 apple—imper*
1205 1706 1 57 j

623 1755 1 46 ;
638 1756 75 28 vious
727 1760 28 24 to
774 1756 35 28 all
830 1755 190 38 surrounding
1043 1755 148 29 influences
1205 1755 1 46 |

623 1793 1 41 I
636 1796 30 28 of
679 1801 182 33 temparature
873 1808 6 22 ;
903 1806 35 18 110
960 1796 103 37 fungus
1084 1795 108 38 growth
1205 1793 1 41 :

623 1833 1 42 |
637 1845 30 18 or
680 1846 92 27 germs
785 1847 29 17 oc
835 1836 88 38 decay
950 1836 27 28 in
1002 1837 46 27 the
1074 1837 40 27 air
1140 1847 50 17 can
1205 1833 1 42 j

623 1877 1 38 i
636 1877 82 28 affect
731 1877 29 34 it,
777 1877 106 28 neither
894 1887 48 18 can
956 1877 128 29 moisture
1094 1882 94 23 attach
1204 1877 2 38 j

642 1917 45 28 the
710 1917 67 28 fruit
801 1917 123 34 without,
953 1927 48 19 nor
1020 1917 171 29 exhalations

639 1957 94 28 within
764 1958 113 33 deprive
904 1958 46 28 the
981 1958 82 38 apple
1094 1958 30 28 of
1155 1958 35 28 its

639 1998 104 28 natural
753 1997 87 40 juices
854 2009 30 17 or
901 1998 111 34 carbvi,
1028 1998 46 28 the
1085 1998 53 29 loss
1161 1998 29 28 of

639 2038 45 29 the
695 2038 80 30 latter
785 2038 148 35 rendering
942 2039 20 29 it
969 2038 92 39 nearly
1072 2039 17 29 fl
1098 2049 75 19 ivour-

638 2078 63 35 less,
712 2079 54 29 and
780 2080 40 28 als
830 2091 7 15 >
847 2080 147 38 depriving
1014 2080 21 28 it
1045 2080 29 28 of
1094 2080 35 28 all
1154 2080 34 28 its

639 2120 146 37 crispness.
823 2120 57 29 The
894 2121 162 38 preserving
1070 2120 118 29 solution

639 2160 21 28 is
670 2160 133 38 perfectly
813 2161 141 34 harmless,
964 2160 54 29 and
1028 2161 22 28 is
1061 2161 127 29 tasteless

637 2202 54 28 and
723 2201 151 36 odourless,
905 2202 73 28 after
1008 2202 176 38 application.

639 2240 65 30 This
729 2251 54 19 was
808 2242 102 39 proved
939 2242 35 37 by
999 2242 45 29 Mr
1069 2242 118 28 Warner

639 2282 64 28 with
734 2292 75 18 some
834 2283 118 36 samples
978 2282 29 28 of
1039 2293 126 27 preserve
1176 2282 8 29 1
1199 2282 3 38 j

636 2322 104 38 apples,
756 2332 88 28 pears,
856 2332 126 27 oranges,
995 2323 55 28 and
1064 2323 121 39 quinces,

637 2362 87 28 which
757 2363 33 28 he
823 2363 122 32 brought
971 2368 27 23 to
1025 2363 54 28 this
1104 2362 78 29 offije

634 2402 156 38 yesterday.
830 2403 74 28 Even
932 2402 79 28 when
1036 2404 48 27 the
1104 2403 81 38 apple

634 2443 22 29 is
672 2442 90 31 bitten
775 2442 65 30 with
856 2443 45 29 the
924 2442 61 30 rind
1004 2453 36 19 on
1061 2443 77 30 there
1161 2443 23 29 is

623 2480 1 46 |
633 2484 119 38 nothing
767 2484 143 29 unnatural
925 2488 28 24 to
966 2484 34 28 be
1014 2484 127 28 detected
1155 2484 28 28 in

633 2524 47 28 the
694 2529 70 23 taste
778 2524 29 28 of
819 2524 46 28 the
876 2524 71 28 skin.
988 2524 44 28 He
1044 2523 138 39 produced

632 2574 16 18 a
661 2563 77 40 large
751 2564 157 38 Jargonelle
931 2574 64 28 pear
1016 2564 89 29 which
1129 2564 53 28 had

633 2604 69 29 been
716 2604 103 40 dipped
840 2606 27 27 in
889 2604 48 29 the
957 2604 119 29 solution
1103 2605 77 29 when

632 2645 76 39 quite
722 2656 92 28 green,
827 2656 34 19 on
873 2645 123 39 January
1011 2646 31 29 17
1053 2645 62 36 last,
1127 2644 54 30 and

631 2686 116 28 another
760 2686 104 28 treated
877 2696 35 18 on
935 2685 95 30 March
1053 2686 26 35 8,
1103 2686 80 29 when

632 2726 75 38 quite
720 2726 68 39 ripe,
802 2726 53 29 and
869 2726 68 29 both
957 2736 70 20 were
1049 2726 132 40 certainly

631 2766 28 29 in
673 2777 15 18 a
702 2766 125 38 splendid
841 2770 71 25 state
932 2767 29 28 of
983 2767 198 38 preservation.

632 2807 24 28 A
687 2807 108 38 quince,
826 2807 61 28 that
913 2818 55 18 was
995 2807 119 29 selected
1147 2819 33 17 on

628 2851 117 24 account
759 2848 29 28 of
801 2847 34 28 its
849 2847 86 39 being
952 2858 16 18 a
982 2848 53 28 bad
1060 2847 121 39 keeping

627 2887 114 36 sample,
758 2887 102 39 dipped
883 2898 36 18 on
941 2888 96 29 March
1062 2889 42 35 17,
1126 2899 55 19 was

627 2927 76 39 quite
725 2929 82 37 g)od.
847 2927 68 30 Also
938 2940 15 18 a
981 2929 105 29 Scarlet
1107 2928 55 30 Non-

627 2968 83 38 pariel
724 2970 92 37 apple.
855 2970 59 29 The
928 2970 109 29 natural
1058 2981 80 25 gases
1153 2971 28 28 of

625 3009 47 27 the
685 3008 68 29 fruit
767 3009 39 28 da
817 3013 46 24 not
877 3020 74 17 seem
966 3016 28 22 to
1018 3011 33 27 be
1071 3010 63 28 able
1154 3014 27 25 to

624 3051 48 32 get
686 3048 123 36 through
830 3050 45 25 the
896 3049 78 35 glaze
987 3049 192 37 composition.

628 3086 73 28 UJach
715 3086 90 39 apple,
821 3096 75 29 pear,
916 3088 107 40 quince,
1044 3098 32 19 or
1096 3088 68 30 what-

626 3136 64 19 ever
700 3126 22 29 it
738 3138 60 27 may
814 3128 46 35 be,
868 3138 87 20 seems
966 3134 29 25 to
1007 3131 35 28 be
1060 3130 106 28 hermiti-

626 3166 70 36 cally
731 3168 101 27 sealed.
872 3168 103 29 Messrs
996 3169 105 28 Parker
1128 3170 55 27 and

628 3204 116 30 Warner
759 3206 121 38 pqoduce
900 3218 147 20 numerous
1061 3208 122 40 striking

626 3246 185 30 testimonials
825 3248 71 29 from
907 3249 123 39 captains
1041 3250 29 29 of
1082 3251 101 28 vessels

626 3286 60 29 who
699 3286 70 29 have
783 3288 108 29 carried
905 3300 118 27 orange-*
1035 3290 55 28 and
1105 3291 80 27 other

625 3326 81 29 fruits
720 3327 72 30 from
808 3328 71 29 New
890 3329 88 30 South
988 3330 95 29 Wales
1092 3341 92 20 across

626 3368 47 28 the
689 3366 97 31 Pacific
802 3373 29 24 to
854 3369 82 29 Chilli
957 3371 56 28 and
1027 3371 157 35 elsewhere,

626 3407 34 28 all
681 3408 149 39 testifying
854 3409 30 28 in
908 3410 169 39 unqualified
1099 3414 85 26 terms

626 3452 28 25 to
670 3448 46 29 the
726 3459 110 20 success
851 3450 29 29 of
894 3450 47 29 the
953 3462 110 27 process
1072 3451 55 30 and
1139 3453 46 28 the

627 3488 97 38 highly
736 3489 178 38 satisfactory
929 3502 113 19 manner
1055 3492 28 29 in
1096 3493 88 29 which

628 3529 46 29 the
699 3529 68 29 fruit
794 3531 106 38 opened
929 3536 58 25 out.
1027 3533 55 28 But
1114 3535 73 27 what

628 3580 131 18 concerns
776 3582 30 17 us
821 3575 71 25 most
907 3572 28 29 in
948 3573 146 28 Tasmania
1108 3574 22 27 is
1141 3575 45 27 the

630 3610 150 38 testimony
813 3612 29 27 of
876 3611 45 29 Sir
959 3613 66 28 Saul
1065 3614 121 35 Samnel,

631 3651 230 37 Agent-General
908 3651 44 30 for
990 3653 69 29 New
1099 3655 86 28 South

630 3690 103 35 Wales,
766 3691 70 35 who,
870 3702 73 27 upon
979 3693 142 39 receiving
1151 3704 34 17 an

628 3731 199 38 experimental
837 3732 203 39 consignment,
1054 3734 48 29 has
1112 3735 59 27 writ-

630 3778 55 30 ten,
746 3774 11 26 1
792 3772 186 39 immediately
1004 3774 55 28 had

630 3814 59 34 (the
703 3815 87 31 cases)
834 3813 116 36 opened,
973 3815 55 26 and
1049 3815 47 27 the
1118 3815 67 27 fruit

630 3862 54 17 was
698 3853 28 26 in
740 3862 33 17 an
787 3852 137 29 excellent
938 3857 70 24 state
1030 3854 30 27 of
1080 3863 90 28 preser-

631 3892 101 29 vation.
773 3891 13 28 I
813 3892 68 28 have
907 3893 128 37 reported
1066 3894 37 37 by
1129 3894 55 28 this

632 3933 61 26 mail
708 3942 65 26 very
788 3931 69 37 fully
870 3937 26 22 to
907 3933 46 27 the
964 3933 23 28 G

633 3972 43 27 Sir
691 3972 64 29 Saul
767 3971 46 29 did
824 3971 178 39 accordingly
1013 3979 94 32 report
1119 3984 65 27 very

633 4012 170 37 favourably.
843 4011 144 30 Professor
1025 4015 160 36 Thompson,

623 4044 1 48 |
633 4053 29 27 of
675 4053 46 27 the
741 4051 70 29 New
837 4053 89 27 bouth
943 4052 91 29 Wales
1060 4054 111 38 Agricul-

636 4093 69 28 tural
720 4092 122 39 College,
856 4092 159 36 writes,l
1030 4094 70 29 have
1119 4094 68 39 kept

636 4144 70 27 eggs
727 4134 65 27 with
814 4144 68 27 your
904 4133 110 38 specific
1036 4135 28 28 in
1089 4145 16 18 a
1126 4145 46 28 per-

637 4173 85 38 fectly
753 4174 87 29 sound
872 4173 141 30 condition
1040 4175 42 29 for
1110 4177 77 27 three

639 4215 119 34 months,
773 4214 53 28 and
841 4215 69 28 have
922 4215 58 28 also
996 4220 59 24 lent
1068 4216 75 28 them
1159 4222 26 23 to

640 4254 110 29 Canada
769 4255 54 28 and
847 4254 137 39 England,
1009 4256 90 29 where
1123 4257 65 35 they

639 4295 106 28 arrived
759 4295 27 28 in
800 4295 129 38 splendid

677 4335 58 29 The
758 4340 140 33 patentees
921 4336 69 28 have
1015 4337 68 29 been
1103 4341 28 25 at
1144 4338 46 28 the

641 4375 83 29 Huon
738 4376 55 28 and
813 4375 145 29 elsewhere
971 4376 221 41 demonstrating

640 4416 67 29 with
721 4416 47 29 the
781 4426 47 18 use
841 4416 29 28 of
887 4417 47 28 the
948 4417 127 30 solution.
1115 4418 75 39 They

640 4457 70 28 have
722 4456 68 29 such
800 4455 158 30 confidence
968 4458 25 27 in
1009 4458 46 28 the
1069 4460 120 27 material

641 4498 60 27 that
722 4497 64 38 they
805 4497 133 38 purchase
952 4508 73 19 some
1039 4498 68 30 fruit
1121 4500 69 28 from

641 4538 46 28 the
701 4548 115 27 grower,
827 4538 64 37 give
905 4538 47 28 the
960 4549 74 18 same
1044 4550 16 18 a
1069 4539 57 38 dip,
1136 4540 55 28 and

640 4577 75 28 leave
729 4578 47 27 the
799 4577 67 28 fruit
881 4577 65 28 with
960 4578 55 28 him
1030 4581 28 26 to
1072 4588 45 18 see
1131 4578 59 29 how

639 4617 46 30 the
712 4617 121 40 keeping
866 4618 152 39 properties
1049 4629 46 19 are
1127 4630 47 28 pro-

638 4658 111 39 longed.
800 4658 40 29 To
872 4669 75 17 some
973 4670 120 25 growers
1125 4661 64 36 they

639 4699 67 27 have
720 4698 82 37 given
816 4697 103 29 bottles
933 4699 28 27 of
976 4699 45 28 the
1033 4699 120 28 solution
1162 4705 27 22 to

638 4739 172 37 experiment
840 4739 67 27 with
932 4739 174 29 themselves.
1164 4740 26 28 A

639 4779 91 37 gallon
757 4778 54 28 will
843 4788 127 28 preserve
997 4779 34 29 50
1058 4788 76 20 cases
1161 4779 29 28 of

637 4819 96 38 apples
758 4829 32 19 or
814 4829 127 27 oranges,
967 4819 113 35 lemons,
1101 4829 89 28 pears,

638 4867 63 28 etc.,
715 4870 31 19 or
758 4859 102 36 40,000
874 4869 77 29 eggs,
965 4860 56 29 and
1034 4860 47 28 the
1094 4864 60 25 cost
1167 4860 22 28 is

640 4901 49 27 35s
703 4910 48 28 per
770 4900 103 37 gallon,
894 4901 81 38 equal
997 4906 29 23 to
1048 4900 86 28 about
1154 4900 35 28 8d

719 4951 69 18 case.
839 4939 59 29 The
933 4941 118 38 Analyst
1081 4940 30 28 of
1143 4940 47 28 the

647 4987 7 21 1
662 4980 123 29 echnical
799 4980 112 39 College
926 4980 179 37 Laboratory,
1119 4980 54 37 Syd-

640 5031 51 26 ney
718 5021 58 34 (Mr
799 5020 47 28 W.
871 5022 34 27 A.
933 5020 114 37 Dixon),
1073 5020 117 28 certifies

640 5061 60 28 that
713 5060 76 30 there
808 5060 24 30 is
845 5060 120 39 nothing
983 5060 164 30 deleterious
1159 5069 33 19 or

639 5101 134 38 injurious
785 5100 27 28 in
828 5100 45 28 tliQ
887 5100 129 36 solutiou,
1029 5112 31 16 so
1070 5100 61 28 that
1144 5100 47 28 the

640 5140 66 29 fruit
719 5147 101 21 cannot
834 5141 33 27 be
877 5140 124 29 affected.
1046 5140 87 28 When
1145 5140 46 28 the

639 5181 62 28 skin
715 5180 23 30 is
752 5180 128 30 removed
895 5180 46 30 the
950 5180 90 30 edible
1054 5186 62 33 part
1130 5180 22 28 is
1161 5180 27 28 in

639 5222 34 28 its
687 5222 108 28 natural
804 5226 82 24 state.

675 5261 105 29 Messrs
807 5261 104 27 Parker
931 5260 54 29 and
1008 5260 117 28 Warner
1145 5269 45 19 are

640 5301 117 38 sending
771 5302 69 28 from
856 5300 109 30 Hobart
978 5307 28 23 to
1021 5300 126 35 London,
1161 5311 30 18 as

624 5341 2 39 i
640 5347 77 31 test.°,
740 5347 53 25 two
818 5348 125 32 separate
964 5342 52 28 lots
1042 5341 29 29 of
1095 5341 97 38 apples

624 5382 2 33 |
640 5382 106 28 treated
760 5382 65 27 with
840 5384 46 26 the
902 5382 129 33 solution,
1046 5382 66 28 each
1126 5391 64 19 con-

623 5420 3 44 J
639 5421 101 40 sisting
759 5422 29 30 of
816 5422 49 29 100
887 5433 86 26 cases,
997 5420 56 31 and
1075 5421 117 40 promise

623 5462 3 38 I
640 5464 59 26 that
713 5467 46 25 the
779 5470 107 26 reports
912 5473 73 27 upon
1007 5464 48 26 the
1077 5467 71 23 state
1162 5462 30 28 of

623 5501 3 46 j
640 5503 76 29 these
739 5503 94 38 apples
855 5507 29 24 at
906 5504 48 28 the
980 5503 66 29 time
1070 5502 29 29 of
1122 5502 71 28 their

624 5542 2 32 i
639 5543 99 29 arrival
759 5551 29 21 at
802 5542 71 30 their
885 5542 167 31 destination
1068 5542 69 30 shall
1159 5542 33 29 be

623 5581 3 47 j
639 5584 155 28 forwarded
815 5589 28 23 to
870 5584 45 27 the
969 5584 130 34 Mercury
1149 5582 43 28 for
1205 5581 1 47 j

623 5622 3 39 f
639 5622 340 39 publication.

623 5655 3 40 |
639 5663 50 29 3rd
703 5663 83 32 June,
806 5664 76 28 1097.

136 85 168 50 Friday,
335 87 166 48 August
531 85 56 43 13,
625 84 108 40 1897

1773 72 198 39 MOUNT
2058 72 227 40 BENGKR
2374 68 144 42 MAIL

659 5738 91 37 (News
764 5740 145 29 continued
923 5751 31 19 on
972 5740 92 35 fourth
1074 5742 96 37 page.)

1437 185 40 39 [A
1498 183 99 38 CARD.]

1215 280 64 56 IQ
1374 277 220 32 HUBE
1627 274 83 30 NE
1747 273 44 37 R,

1215 317 2 46 !
1287 326 9 12 '
1310 339 133 24 TEACHER
1465 338 35 22 OF
1521 337 59 22 THE

1215 364 2 22 !

1215 388 1 41 |
1231 393 68 29 Will
1315 393 64 29 visit
1394 390 155 39 Roxburgh
1562 388 107 38 weekly
1695 388 96 37 (every

1215 437 1 38 |
1440 437 143 38 Monday.)

1215 524 1 56 j
1234 529 96 29 Terms
1341 539 35 18 on
1385 528 167 39 application
1561 531 28 26 to
1600 526 53 31 self
1662 537 31 19 or
1704 524 85 31 Office

1412 577 29 28 of
1453 577 57 28 this
1523 576 99 38 Paper.

1215 645 69 65 iY.
1369 661 32 36 J-
1482 658 302 41 WILLIAMS,

1215 720 1 45 |
1260 729 202 23 HAIRDRESSER
1481 730 62 22 AND
1561 729 203 26 TOBACCONIST,

1433 769 164 28 Lawrence.

1215 838 1 47 j
1272 848 151 29 LADIES'
1455 848 297 29 HAIRCOMBINGS

1317 898 111 31 MADE
1448 898 92 31 INTO
1561 897 144 31 PLAITS.

1215 970 1 42 j
1232 972 103 28 Orders
1345 973 38 37 by
1391 976 63 35 post
1463 972 140 39 promptly
1608 972 132 28 attended
1750 976 38 24 to.

1296 1066 421 42 BERNSTONE,

1215 1106 1 28 j

1215 1141 1 52 j
1275 1150 78 30 THE
1424 1152 114 29 PARIS

1376 1211 94 34 (From
1496 1211 154 38 Dunedin),

1312 1282 139 57 WILL
1469 1282 64 29 visit
1546 1281 166 40 Roxburgh,

1426 1323 104 29 Millers
1560 1322 72 36 Flat,
1656 1322 56 29 and

1303 1364 188 39 surrounding
1526 1363 123 30 districts
1682 1370 29 22 nt

1303 1406 111 36 regular
1427 1404 139 34 intervals,
1585 1404 85 38 being
1683 1404 28 27 in

1302 1444 153 38 Roxburgh

1300 1495 104 30 NEXT
1421 1494 249 30 WEDNESDAY
1684 1494 24 29 &

1394 1534 222 35 THLTKSDAY,

1340 1581 50 29 4th
1403 1580 55 30 and
1479 1580 49 29 sth
1549 1580 122 39 August,

1442 1636 77 28 when
1535 1635 34 28 he

1312 1702 103 29 WILL
1429 1701 104 29 TAKE
1550 1698 150 31 ORDERS

1303 1769 29 23 to
1357 1764 54 28 suit
1427 1763 46 29 the
1486 1761 184 30 convenience
1683 1760 29 30 of

1380 1811 47 27 the
1444 1809 68 28 local
1533 1807 103 39 public.

1349 1905 130 29 Charges
1502 1903 161 28 Moderate.

1304 1999 76 29 Suits
1390 1999 69 28 from
1469 1999 38 28 £3
1519 1997 43 35 Si;
1577 1996 132 30 Trousers

1410 2046 71 28 from
1498 2046 47 27 16s
1559 2044 45 30 6d.

1302 2140 43 28 Fic
1360 2137 175 31 Guaranteed
1554 2148 32 18 or
1604 2136 105 39 Money

1404 2190 47 26 not
1464 2185 141 40 accepted.

1603 2291 151 55 gEEDS.

1223 2417 101 59 WE
1340 2416 50 28 will
1404 2416 30 28 be
1448 2416 98 36 pleased
1564 2422 26 21 to
1603 2415 94 29 submit-
1710 2425 50 19 sam-

1336 2456 54 36 ples
1403 2455 48 27 aud
1466 2456 58 33 give
1537 2456 145 37 quotations
1701 2455 28 27 of
1744 2454 32 29 all

1219 2493 172 35 Agricultural
1412 2493 77 26 Seeds
1505 2502 35 17 we
1554 2493 79 33 stock,
1655 2493 28 26 of
1694 2493 81 27 which

1216 2530 42 27 the
1271 2531 98 35 quality
1383 2531 20 26 is
1418 2529 40 28 the
1472 2529 82 28 finest.

1249 2617 170 44 Standard
1492 2617 89 43 Bone
1619 2617 152 44 Manure.

1247 2689 61 27 This
1322 2688 139 28 celebrated
1476 2689 109 27 Manure
1599 2688 44 28 has
1654 2697 33 19 no
1699 2688 74 37 equal

1212 2726 37 28 for
1261 2726 109 38 qualify*
1407 2726 23 28 It
1450 2728 20 26 is
1492 2727 53 27 rich
1566 2727 26 27 ia
1616 2726 157 32 Phosphates

1212 2764 49 28 and
1276 2765 195 32 Atnraon'a,and
1482 2766 21 26 is
1513 2764 141 35 admirably
1665 2764 106 35 adapted

1212 2803 36 26 for
1261 2808 54 22 root
1433 2813 72 26 grass
1524 2802 81 34 lands,
1620 2803 50 27 and
1690 2803 83 26 wheat

1216 2849 80 27 crops.

1245 2890 258 27 Caution.—Other
1534 2890 84 26 makes
1650 2888 25 28 of
1701 2888 70 28 Bone

1214 2928 118 26 Manures
1346 2938 40 16 are
1398 2928 76 35 being
1484 2926 91 29 offered
1590 2933 25 21 to
1630 2926 102 28 farmers
1744 2935 27 19 as

1212 2968 42 24 the
1442 2966 85 27 brand.
1569 2966 83 26 When
1663 2965 108 36 buying,

1211 3004 72 25 insist
1298 3013 31 17 on
1343 3013 13 17 a
1379 3010 138 27 guarantee
1543 3003 76 35 being
1645 3003 84 33 given,
1743 3012 27 18 as

1214 3041 104 24 without
1332 3041 49 24 this
1397 3040 76 24 brand
1494 3048 63 16 none
1571 3041 20 23 is
1604 3040 119 32 genuine.

1392 3118 23 29 L
1432 3117 162 30 AWE'S

1214 3169 360 29 SUPERPHOSPHATE
1595 3168 48 30 OP
1666 3168 108 30 LIME.

1406 3231 182 31 CROSS'

1217 3283 361 31 SUPERPHOSPHATE
1599 3283 47 29 OF
1668 3283 107 29 LIME.

1257 3335 67 29 Both
1336 3336 68 25 these
1416 3335 118 26 Manures
1544 3344 41 18 are
1595 3335 28 26 of
1628 3334 61 36 high
1699 3333 77 32 gride

1219 3365 158 45 quality,and
1389 3382 39 17 ar«
1440 3365 52 45 we'l
1504 3372 81 27 suited
1597 3374 167 33 io.-encourag-

1220 3412 43 35 ing
1278 3410 40 28 the
1331 3410 99 35 growth
1444 3410 22 26 oi
1481 3411 20 26 a'
1506 3409 5 13 1
1527 3413 54 24 root
1593 3418 80 29 crops.

1334 3468 106 27 Prices
1458 3476 34 18 on
1513 3469 203 26 Application.

1389 3539 152 29 PLANET
1565 3539 47 30 Jr.

1295 3591 109 29 FARM
1438 3590 265 31 IMPLEMENTS.

1259 3643 80 27 Write
1360 3653 28 16 or
1410 3643 45 26 call
1475 3643 38 26 for
1524 3643 47 27 full
1584 3642 147 37 particulars
1753 3641 26 27 of

1223 3680 68 26 these
1313 3680 114 27 valuable
1451 3680 167 35 implements,
1635 3680 81 26 which
1736 3688 41 18 are

1223 3718 24 27 in
1259 3727 43 19 use
1313 3717 31 36 by
1358 3718 40 27 the
1411 3717 167 29 thousandsin
1587 3718 60 28 New
1657 3715 117 30 Zealand.

1290 3796 117 28 FRUIT
1428 3796 131 35 TREES,
1579 3795 131 36 ROSES,

1224 3847 268 29 STRAWBERRY
1524 3847 159 35 PLANTS,
1715 3846 62 36 &c.,

1372 3895 37 28 Of
1428 3895 68 29 Best
1516 3895 121 37 Quality.

1218 3978 245 56 NIMMO
1483 3983 16 51 §
1526 3979 243 66 BLAIR,

1317 4053 96 27 SEED
1437 4052 248 31 MERCHANTS.

1426 4099 150 28 Dunkdin.

1375 4175 57 21 THE
1446 4175 187 23 CELEBRATED

1224 4215 171 30 CORNISH
1415 4215 206 30 AMERICAN
1637 4217 141 31 PIANOS

1365 4263 83 30 AND
1474 4263 163 32 ORGANS.

1428 4342 169 30 CORNISH
1620 4343 24 29 &
1659 4344 56 30 CO.
1730 4356 46 19 are

1320 4383 47 28 the
1380 4382 64 39 only
1458 4382 61 29 firm
1533 4383 30 29 of
1575 4384 91 30 actual
1679 4396 78 19 manu-

1223 4424 132 28 facturers
1370 4424 28 27 of
1418 4422 67 39 high
1508 4424 86 35 grade
1608 4424 99 30 Pianos
1720 4427 54 28 and

1221 4464 109 38 Organs
1355 4464 28 28 in
1410 4464 46 28 the
1492 4464 105 30 United
1624 4466 91 29 States
1746 4467 30 29 of

1223 4504 110 30 Ameria
1364 4504 99 38 selling
1492 4505 169 39 exclusively
1686 4506 88 31 direct

1219 4545 72 27 from
1305 4546 46 27 the
1365 4545 107 36 factory
1482 4549 28 24 to
1522 4546 45 27 the
1577 4547 112 35 general
1702 4548 57 36 pub
1767 4565 6 5 •

1219 4584 45 36 lie,
1273 4586 29 27 at
1310 4584 170 39 guaranteed
1491 4584 143 31 wholesale
1644 4586 75 39 price
1729 4586 44 31 for

1218 4637 17 17 a
1247 4625 89 39 single
1350 4625 175 30 instrument.
1564 4626 45 30 No
1623 4631 99 34 agents
1741 4639 32 18 or

1219 4666 105 28 dealers
1346 4676 46 17 are
1412 4666 115 27 allowed
1552 4670 28 24 to
1602 4668 101 27 handle
1725 4669 48 27 the

1220 4704 116 30 Cornish
1348 4705 144 27 American
1506 4704 99 30 Pianos
1614 4715 30 19 or
1653 4705 118 39 Organs.

1220 4745 27 28 It
1260 4745 23 28 is
1297 4745 56 37 just
1367 4755 28 17 as
1409 4753 64 28 easy
1486 4744 44 28 for
1545 4745 46 29 the
1614 4745 110 29 readers
1743 4746 30 28 of

1219 4785 54 28 this
1286 4795 85 28 paper
1385 4788 27 24 to
1425 4784 36 28 sit
1474 4783 81 30 down
1579 4785 56 29 and
1658 4785 80 30 order
1757 4796 16 18 a

1218 4824 86 30 Piano
1318 4835 31 19 or
1364 4824 92 38 Orgaii
1470 4824 71 29 from
1556 4825 135 38 America,
1705 4837 29 19 as
1743 4829 29 27 to

1218 4866 81 29 order
1308 4876 52 18 one
1374 4866 70 28 from
1456 4866 70 28 their
1538 4867 85 29 music
1633 4871 82 32 store,
1725 4868 47 29 the

1218 4907 65 37 only
1297 4906 146 29 difference
1458 4906 85 38 being
1557 4908 65 38 they
1635 4908 54 28 will
1706 4918 65 19 save

1219 4946 70 29 from
1304 4947 35 28 50
1353 4950 27 25 to
1399 4946 48 28 100
1461 4956 50 28 per
1523 4950 73 27 cent.

1258 4986 51 28 We
1323 4987 68 28 have
1405 4985 110 38 Organs
1529 4987 70 29 from
1612 4988 38 29 £6
1662 4991 28 26 to
1703 4988 70 34 £25,

1221 5026 98 30 Pianos
1332 5027 69 28 from
1416 5026 57 29 £34
1487 5031 28 24 to
1529 5028 66 32 £JO,
1607 5028 54 28 and
1671 5038 40 18 we
1724 5028 48 29 sell

1220 5067 43 28 for
1275 5067 65 29 cash
1354 5077 31 18 or
1411 5078 72 26 upon
1504 5068 161 28 instalment
1684 5068 89 38 plans,

1220 5111 29 25 to
1263 5107 54 28 suit
1339 5108 47 28 the
1409 5108 184 28 convenience
1606 5108 29 28 of
1647 5108 47 28 the
1707 5118 50 29 pur-

1219 5148 105 28 chaser.
1364 5147 57 29 Our
1451 5148 77 38 large
1557 5148 55 28 and
1639 5148 134 39 complete

1220 5188 143 36 catalogue
1387 5188 53 29 will
1466 5188 35 29 be
1525 5188 155 30 forwarded
1699 5200 74 28 upon

1221 5232 118 31 lvquest.
1379 5228 28 28 It.
1420 5229 23 27 is
1456 5230 47 26 the
1516 5229 82 28 finest
1606 5229 167 37 description

1221 5268 28 28 of
1263 5266 99 30 Pianos
1376 5268 54 28 and
1445 5267 108 39 Oigans
1567 5268 91 29 issued
1672 5268 38 38 by
1720 5278 54 30 any

1221 5308 60 28 firm
1305 5308 27 28 in
1356 5309 47 28 the
1428 5309 193 38 country,.and
1637 5309 77 39 gives
1727 5310 47 29 the

1210 5341 1 47 |
1221 5348 89 29 actual
1323 5348 106 38 factory
1442 5350 80 27 value
1535 5350 30 27 of
1577 5360 83 27 every
1673 5350 102 29 instru-

1210 5388 1 40 I
1223 5392 74 24 ment
1310 5388 22 28 it
1345 5389 147 28 describes.
1517 5388 75 29 With
1605 5399 83 29 every
1701 5393 59 26 cata-

1222 5428 81 39 logue
1316 5429 23 29 is
1352 5429 146 38 presented
1513 5440 51 18 our
1576 5430 101 39 unique
1690 5430 72 30 refer-

1221 5479 66 18 ence
1301 5470 83 34 book,
1426 5470 58 28 The
1502 5470 85 28 Heart
1600 5470 28 29 of
1640 5470 49 29 the
1708 5470 51 30 Peo-

1319 5508 88 31 Write
1417 5510 44 29 for
1470 5510 153 38 catalogue.
1643 5510 133 38 Address,

1348 5560 171 31 CORNISH
1539 5561 23 30 &
1588 5562 67 36 CO.,

1236 5608 162 26 Washi.votun,
1414 5609 53 21 Nf.w
1479 5609 92 26 Jeuset,
1582 5609 60 27 U.S.,
1652 5610 113 23 America.

1224 5668 143 30 ITOZIK
1385 5668 86 29 TEA.
1510 5668 66 29 This
1601 5668 90 30 brand
1717 5669 24 30 is
1763 5680 16 19 a

1301 5712 150 35 guarantee
1460 5708 29 29 of
1496 5708 93 38 purity
1598 5708 54 30 and
1662 5709 116 41 quality.

1223 5749 57 38 Tiy
1294 5750 47 29 the
1353 5750 32 28 2s
1397 5762 7 22 ;
1424 5749 46 30 'tis
1484 5749 102 38 superb
1599 5749 5 29 !

1808 196 3 66 |
1910 202 33 38 J.
1975 201 43 37 B.
2051 198 160 43 YULE,
2236 197 144 42 L.D.S.,

1909 285 191 41 Surgeon
2136 278 162 44 Dentist,

1952 363 302 34 INVERCARGILL.

1926 554 45 30 Mr
1992 553 78 29 Yule
2093 549 56 29 will
2170 549 103 29 visit—

1820 667 141 31 RYAN'S
1976 663 136 33 HOTEL,
2124 659 249 34 ALEXANDRA.,

1820 778 165 31 HERON'S
2003 773 134 35 HOTEL,
2150 771 215 30 ROXBURGH

1824 922 53 27 U
1897 923 26 29 R
1982 913 394 38 finlayson,

1903 971 161 25 barrister
2079 969 60 21 and
2153 967 156 23 solicitor,

2017 1017 163 33 Lawrence,

1822 1088 65 30 Will
1913 1084 97 31 attend
2037 1084 46 28 the
2103 1080 152 39 Roxburgh
2279 1079 95 29 Court.

1821 1245 100 38 Money
1933 1246 27 25 to
1971 1239 77 31 Lend
2057 1249 34 20 on
2103 1237 134 30 Freehold
2250 1235 125 38 Security

1818 1358 35 57 J
1934 1358 50 39 H.
2047 1355 29 41 P
2093 1350 175 44 E.ARS
2283 1349 90 45 ON,

1803 1395 1 54 |
1860 1404 10 11 *
1920 1423 67 20 ROSS
2003 1420 95 25 PLACE,
2113 1415 166 26 LAWRENCE,

1803 1453 1 47 !
1863 1465 266 35 CONTRACTOR,
2146 1459 185 38 BDILDfcR,

2072 1515 54 20 ANI)

1959 1543 275 33 UNDERTAKER.

1803 1615 1 51 j
1819 1623 145 28 Contracts
1980 1620 84 29 taken
2076 1620 42 28 for
2131 1615 139 32 Builders'
2295 1617 17 28 A
2313 1616 7 14 T
2323 1616 50 30 ork

1938 1662 28 29 of
1980 1672 81 26 every
2076 1658 177 38 description.

1803 1700 1 79 |
1879 1733 200 23 ESTIMATES
2109 1730 196 24 PREPARED.

1853 1795 25 28 A
1893 1792 196 31 well-assorted
2115 1790 86 29 Stock
2223 1790 29 28 of
2274 1788 83 29 Furni-

1803 1828 1 45 (
1816 1838 60 24 ture
1890 1835 101 38 always
2004 1844 35 18 on
2053 1830 83 31 hand,

1803 1869 1 50 j
1852 1874 133 30 Funerals
1996 1871 156 32 conducted
2165 1871 27 28 ir.
2204 1870 35 29 all
2253 1875 77 34 parts
2344 1869 29 29 of

1815 1915 46 28 the
1890 1915 123 30 District.
2053 1913 105 29 Hearse
2185 1911 136 39 provided
2350 1911 22 27 if

1815 1955 135 39 required.

1821 2063 266 58 yyiLLIAM
2199 2059 171 36 ALONE,

1897 2218 174 39 General
2107 2216 172 44 Grocer,

1835 2363 504 37 SCOTLAND-STREET,

1974 2512 225 32 ROXBURGH.

1808 2624 217 55 HUGH
2098 2622 263 42 BRUCE,

1898 2690 202 33 BOARDING
2128 2689 142 37 HOUSE,

1834 2745 318 33 Whitehaven-street,
2175 2742 154 29 Lawrence

1870 2791 145 39 (Opposite
2029 2789 118 40 English
2161 2788 131 37 Church.)

1816 2882 81 22 FIRST
1915 2881 85 22 CLASS
2025 2878 246 24 ACCOMMODATION
2294 2879 55 21 FOR

1891 2909 59 21 THE
1964 2908 185 22 TRAVELLING
2166 2907 110 21 Pl/ULIU.

1851 2992 79 30 Good
1954 2992 131 37 Stabling
2110 2990 54 28 and
2184 2989 131 28 Paddock

1956 3031 255 27 Accommodation.

1891 3111 167 30 —Charges
2079 3111 158 28 Modkhate.
2242 3126 36 5 —

1809 3276 196 56 jy£ILLERS
2070 3275 96 29 FLAT
2224 3273 136 34 HOTEL,
2374 3268 3 64 j

2375 3337 2 24 I

1970 3429 123 23 MILLERS
2118 3427 78 23 FLAT.

1843 3695 32 31 P.
1898 3695 107 30 Laffby
2065 3719 30 7 ...
2154 3693 167 40 Proprietor.

1806 3852 258 30 DISSOLUTION
2092 3851 41 29 Ob
2133 3850 5 12 1
2165 3848 170 30 PARTNER-

2034 3905 101 30 SHIP.

1804 4001 167 39 JOHNS
2024 4001 34 38 &
2104 3998 251 42 M'COMBE,

1945 4059 159 29 MILLERS
2123 4057 99 29 FLAT.

1810 4146 182 31 TTAVIISG
2003 4143 155 32 Purchased
2170 4144 47 30 the
2227 4144 131 30 Business

1903 4188 30 28 of
1956 4188 48 28 the
2029 4188 62 27 firm
2120 4185 29 29 of
2180 4186 91 28 Johvs
2304 4193 54 20 and

1810 4228 147 36 M'Combe,
1971 4228 22 28 it
2006 4227 55 28 will
2084 4227 34 28 be
2140 4225 81 29 taken
2244 4234 65 20 over
2328 4234 30 18 as
2371 4221 2 43 j

1807 4269 72 28 from
1892 4269 48 29 the
1956 4268 64 29 15th
2034 4268 66 33 inst,
2115 4266 53 29 and
2192 4266 52 28 will
2261 4266 96 28 hence-
2372 4266 1 35 1

1807 4309 119 29 forward
1952 4309 34 29 be
2012 4307 105 30 carried
2136 4316 34 18 on
2198 4306 89 29 under
2311 4306 47 27 the

1807 4360 80 18 name
1900 4350 30 28 of
1977 4350 33 29 E.

1843 4389 47 29 All
1924 4393 131 26 accounts
2091 4386 92 40 owing
2214 4391 74 25 must
2324 4386 34 28 be

1805 4429 100 30 settled
1925 4433 29 26 at
1973 4440 78 20 once.

1956 4487 33 30 E.
2027 4485 184 35 JOHNS,

1818 4540 117 22 GROCER
1947 4541 63 21 AND
2027 4538 136 23 GENERAL
2178 4537 166 21 MERCHANT,
2373 4524 3 43 j

2004 4601 155 24 AGENCIES:

1804 4643 177 30 Manchester
1994 4642 65 29 Fire
2072 4641 149 28 Insurance
2236 4640 48 29 Co.

1804 4683 160 27 Australian
1973 4681 110 28 Mutual
2092 4680 148 29 Provident
2250 4679 110 38 Society

1809 4784 127 59 WM.
1964 4783 391 71 KINASTON,

1865 4885 244 48 Hermitage
2145 4885 145 44 Street,

1977 4956 223 35 Roxburgh,

1807 5030 237 37 CARPENTER,
2072 5030 172 30 BUILDER
2267 5054 94 8 ....

1808 5104 7 9 .
1836 5105 7 6 .
1865 5105 7 8 .
1895 5105 6 7 .
1922 5082 166 30 PICTURE
2114 5082 169 38 FRAMER,
2305 5093 55 20 and

1951 5144 266 43 Undertaker,

1806 5290 110 30 Picture
1930 5280 170 50 MoulJmgs,
2114 5290 118 35 Glasses,
2253 5292 105 39 Paints,

1872 5332 55 30 and
1953 5332 227 39 Paperhangings
2205 5335 30 28 of
2254 5336 36 28 all

1917 5372 182 39 descriptions
2112 5372 27 28 in
2157 5374 88 29 stock.

1807 5422 102 33 Orders
1922 5424 86 30 taken
2030 5424 44 30 for
2094 5424 98 39 supply
2206 5426 29 30 of
2247 5426 114 32 Timber

1949 5466 34 30 in.
1990 5475 55 28 any
2059 5464 157 39 quantities.

1807 5569 88 31 W.K.
1908 5570 105 39 having
2032 5570 114 29 secured
2166 5581 16 17 a
2204 5571 157 31 First-class

1966 5634 235 46 HEARSE,

1810 5697 22 29 is
1846 5696 136 40 prepared
1994 5699 30 26 to
2042 5694 120 31 conduct
2182 5696 133 33 Funerals
2333 5698 28 29 in

1909 5736 36 30 all
1957 5739 82 36 parts-
2046 5736 31 29 of
2090 5735 47 30 the
2151 5736 118 33 district.

2597 188 118 44 MARK
2748 188 93 44 THIS
2874 188 85 43 AND
2993 185 84 45 DOT
3109 185 42 43 IT
3180 185 166 43 HEAVILY-

2429 277 15 28 -4
2464 275 157 30 NOTHER
2640 276 95 30 Parcel
2756 277 30 29 of
2809 276 48 30 the
2876 276 110 29 famous
3038 275 137 30 Dislixum
3227 273 84 29 Dress
3329 271 132 35 Tweeds;
3478 270 59 40 just

2500 317 143 36 received;
2656 317 47 30 the
2746 317 40 40 tip
2799 317 30 31 of
2840 317 48 29 the
2901 316 208 41 topstylish
3121 315 55 31 and
3189 325 67 27 very
3269 313 94 39 cheap.

2483 357 57 30 The
2554 358 195 36 Cant-bekort,
2763 358 172 39 Unrippable
2954 357 245 38 Shirting—Good
3213 356 43 28 for
3268 355 113 35 louth;
3402 353 91 30 suited
3506 357 30 25 to

2410 397 137 30 Manhood
2558 409 8 24 ;
2582 399 145 38 becoming
2735 399 44 29 for
2788 399 53 29 Old
2850 401 71 36 Age.
2948 398 69 28 Pick
3026 407 70 28 your
3106 397 116 29 Pattern
3229 395 54 29 and
3292 395 64 38 give
3367 404 68 26 your
3444 393 90 30 order.

2481 439 26 28 A
2517 449 60 19 new
2591 439 178 38 importation
2782 439 30 29 of
2824 439 138 29 Bleached
2976 438 138 29 Hollands
3126 437 59 40 just
3197 437 29 28 in
3238 447 8 24 ;
3266 434 128 39 splendid
3407 433 89 31 value.

2481 478 101 30 Velvet
2596 479 83 34 Lord,
2694 479 106 29 Beaver
2813 479 73 29 Cord
2899 479 54 29 and
2967 479 88 38 heavy
3070 477 123 31 Colonial
3207 475 99 30 Tweed
3319 475 44 30 for
3409 484 125 29 rompers

2408 517 29 29 of
2448 518 37 29 all
2500 519 146 29 standards
2705 520 67 39 they
2785 519 92 30 didn't
2889 519 49 29 fell
2949 519 81 29 down
3043 519 56 29 and
3112 523 60 25 tore
3184 518 32 29 it.

2482 560 86 38 Boy's
2582 560 99 29 Tweed
2696 560 121 38 'Varsity
2830 571 32 18 or
2875 560 99 28 School
2990 559 72 36 Caps
3078 559 108 37 (lined),
3202 558 36 29 6d
3251 557 76 29 each.

2483 600 183 39 Preparatory
2680 604 29 25 to
2723 600 98 28 arrival
2835 600 31 28 of
2879 599 105 40 Spring
2998 599 55 29 and
3076 600 127 29 Summer
3216 597 93 30 Goods
3323 597 72 36 (now
3409 596 27 29 in
3450 597 87 38 port),

2408 649 75 19 some
2503 640 221 29 WONDROUS
2745 639 197 29 BARGAINS
2965 640 77 28 ARE
3062 638 218 30 DECLARED.

2538 754 6 27 i
2565 760 122 21 MILLEUS
2701 760 73 20 FLAT
2790 760 71 20 WILL
2875 760 36 20 BE
2924 760 114 20 VISITED
3051 759 40 21 ON
3105 759 114 21 AUGUST
3232 759 55 19 25th
3300 757 16 21 &
3330 757 61 21 26TH.
3409 761 6 16 :

2553 963 102 29 CASH
2675 962 165 35 DRAPER,
2862 962 203 35 CLOTHIER,
3188 959 208 30 IMPORTER.

2787 1014 71 30 Rosa
2880 1014 95 37 Plack,
2996 1014 164 30 Lawrknce.

2922 1211 143 28 TAILOR
3093 1211 84 28 AND
3205 1210 165 29 HATTER.

2754 1292 26 52 J
2796 1292 41 20 AM
2850 1290 159 26 acknowledged
3024 1292 22 19 to
3060 1290 25 20 bo
3098 1289 74 22 second
3185 1292 22 18 to
3221 1296 53 14 none
3287 1289 32 21 for

2793 1351 139 31 STYLE!

2940 1390 192 38 QUALITY!

2928 1552 157 23 RESIDENTS
3111 1553 37 21 OF
3173 1552 189 21 ROXBUKGH-

2753 1582 79 27 Kindly
2842 1581 114 22 remenber
2970 1582 46 20 that
3025 1581 67 26 owing
3104 1582 22 20 to
3135 1587 35 21 my
3179 1580 99 22 immense
3288 1580 131 27 assortment,
3429 1580 35 21 the
3474 1580 60 22 Show

2802 1611 19 21 iu
2832 1611 36 21 the
2879 1609 105 22 Windows
2994 1609 16 21 is
3020 1609 49 27 only
3078 1616 11 14 a
3099 1616 49 19 very
3157 1608 60 22 small
3227 1611 46 24 part
3278 1607 22 22 of
3310 1615 33 20 my
3355 1608 128 22 Exhibitien.

2803 1677 111 26 Intending
2924 1677 117 22 Customers
3052 1677 40 21 will
3103 1676 41 22 find
3152 1676 46 21 that
3208 1676 10 21 I
3228 1676 52 21 have
3291 1676 59 21 mad*
3358 1676 36 20 the
3400 1676 64 22 inside
3471 1675 22 22 of
3499 1682 34 20 my

2750 1705 162 22 Establishment
2930 1705 107 27 especially
3055 1704 118 27 atiraciive,
3190 1704 40 21 aud
3248 1703 103 23 earnestly
3367 1703 64 22 invite
3449 1710 41 21 you
3511 1706 23 19 to

2751 1737 84 17 saunter
2849 1733 90 26 through
2956 1734 35 20 the
3010 1733 80 21 various
3108 1733 146 26 Departments
3269 1732 40 22 and
3324 1732 83 27 Inspect
3417 1731 37 23 the
3462 1731 72 23 Latest

2751 1761 105 21 Fashions.

2787 1828 185 30 OPPOSITE
2994 1827 108 30 BANK
3125 1828 49 28 OP
3193 1827 91 29 NEW
3303 1827 192 37 ZEALAND,

3074 1869 162 29 Lawkencs.

3467 2022 33 64 i;

2573 2143 77 29 BEG
2676 2142 48 29 TO
2749 2142 217 30 ANNOUNCE
2989 2141 104 29 THAT
3118 2141 106 30 THEY
3248 2140 109 31 HAVE

2427 2221 449 57 PURCHASED
2913 2218 154 59 THE
3100 2217 402 59 GOODWILL

2694 2330 71 21 —OP
2789 2330 52 20 THE
2868 2319 193 32 BUSINESS
3087 2328 33 21 OF
3144 2328 91 20 THE—

2433 2504 139 38 Together
2586 2503 66 28 with
2666 2503 72 29 their
2761 2501 227 36 BCJILDLNGS,
3008 2501 90 29 which
3111 2500 54 30 will
3178 2500 163 31 henceforth
3353 2513 38 28 go
3404 2502 90 30 under

2871 2542 49 29 the
2934 2552 80 19 name
3028 2542 29 29 of

2398 2626 660 89 DALGETY'S
3096 2624 427 88 STORE.

2469 2832 85 29 These
2579 2831 95 29 Stores
2696 2840 46 19 are
2766 2833 131 34 amongst
2918 2830 49 28 the
2989 2829 119 39 Largest
3128 2829 54 29 and
3203 2829 222 41 Best-equipped
3438 2831 27 29 in
3480 2831 47 30 the

2392 2874 115 34 Colonv,
2521 2872 55 29 and
2600 2881 50 19 our
2673 2870 106 29 friends
2801 2881 64 28 may
2887 2869 140 31 therefore
3050 2869 58 38 rely
3129 2879 74 28 upon
3227 2871 72 28 their
3319 2872 208 39 consignments

2393 2914 83 39 being-
2490 2915 95 28 shown
2600 2917 28 23 to
2644 2911 46 29 the
2706 2911 62 29 best
2781 2910 160 39 advantage
2953 2910 80 30 when
3047 2910 120 39 exposed
3180 2909 45 31 for
3238 2910 64 32 sale.

2410 3059 120 31 Auotion
2546 3058 76 30 Sales
2636 3058 30 30 of
2680 3055 180 42 Sheepskins,
2873 3055 194 37 Rabbitskins,
3081 3056 97 39 Hides,
3192 3057 112 38 Tallow,
3317 3057 60 38 &c.,
3389 3060 116 41 weekly.

2622 3205 75 30 Send
2723 3204 45 31 for
2791 3215 52 19 our
2867 3203 108 31 Advice
2994 3204 91 31 Notes
3109 3205 56 31 and
3189 3205 111 32 Labels.

2587 3340 94 49 To
2743 3337 211 64 S&eep
3015 3339 274 53 ©wseaps

2897 3688 166 51 OWDER

2654 3817 38 30 IS
2718 3816 218 31 ANNUALLY
2961 3816 105 31 USED
3091 3814 108 31 UPON
3224 3812 27 31 A

2390 3896 350 65 QUARTER
2756 3913 37 24 of
2805 3914 59 21 the
2879 3895 239 57 SHEEP
3133 3911 34 22 -
3179 3910 59 23 ™
3261 3887 253 59 WORLD

2424 4012 59 30 ITS
2505 4012 235 31 BENEFICIAL
2762 4012 169 31 EFFECTS
2949 4010 82 30 AND
3048 4008 169 31 LASTING
3240 4001 235 36 PROPERTIES

2791 4064 129 31 ALONE
2946 4062 111 30 MAKE
3084 4062 38 29 IT

2389 4125 152 56 THE
2582 4125 396 57 CHEAPEST
3012 4121 96 57 OF
3142 4121 150 57 ALL
3329 4116 187 58 DIPS.

2459 4227 175 29 PROCURABLE
2662 4236 70 20 FROM

2877 4265 103 31 JOHN
3006 4264 221 36 THOMPSON,
3252 4264 156 33 Lawrence,

2798 4320 66 29 And
2885 4319 73 29 from
2979 4318 36 29 all
3040 4316 88 31 Stock
3148 4318 56 29 and
3229 4316 109 30 Station
3360 4315 120 37 Agents.

2434 4398 177 45 Murray,
2639 4398 175 36 Roberts
2846 4396 79 37 and
2958 4395 89 43 Co.,
3080 4401 82 30 Chief
3188 4402 109 36 Agents
3317 4400 45 28 for
3384 4397 100 38 Otago.

2547 4670 28 17 m

2857 4704 28 60 1

2528 4709 112 117 1

2994 4715 28 54 %

3240 4866 50 40 m

3123 4868 294 71 m/m

3113 4945 83 34 w/

2504 5106 159 58 NEW
2719 5108 249 56 RAPID
3014 5105 389 59 BICYCLES.

2391 5209 60 56 ST.
2466 5208 115 21 GEORGE
2596 5208 206 22 ENGINEERING
2815 5209 51 25 CO.,
2881 5209 102 25 Limited,
2996 5216 35 13 are
3040 5208 35 20 the
3085 5207 80 21 Makers
3175 5207 22 20 of
3206 5206 36 20 the
3250 5207 49 25 only
3310 5207 81 26 Bicycle
3401 5209 114 25 possessing

2453 5236 21 20 in
2483 5235 70 26 happy
2561 5235 139 21 combination
2711 5237 36 19 the
2757 5236 114 25 perfection
2881 5235 22 21 of
2909 5237 58 19 those
2972 5235 96 26 qualities
3075 5238 52 16 most
3132 5233 85 21 coveted
3224 5233 26 26 by
3257 5233 135 26 experienced
3402 5235 113 26 Cyclists—

2559 5266 202 33 STABILITY
2780 5269 5 29 !
2864 5268 143 30 SPEED!
3083 5265 266 32 DURABILITY!

2436 5310 49 21 This
2495 5309 42 21 fact
2546 5308 36 21 has
2592 5308 81 22 become
2682 5309 104 26 generally
2796 5309 116 27 recognised
2922 5310 20 21 in
2952 5309 103 27 Tuapeka,
3067 5308 39 21 and
3116 5308 21 21 in
3147 5313 139 21 coas«quenc?
3302 5308 10 21 I
3327 5315 32 15 am
3374 5308 55 28 daily
3439 5309 73 27 selling

2387 5338 57 21 thesd
2454 5337 104 21 Machines
2570 5339 21 18 to
2601 5338 87 25 Cyclists
2700 5338 44 20 who
2753 5338 52 19 have
2814 5338 50 20 been
2874 5338 143 26 disappointed
3028 5338 24 22 by
3062 5337 60 20 other
3132 5336 76 24 makes,
3220 5335 40 21 and
3272 5335 44 21 who
3326 5343 34 14 are
3365 5338 55 24 glad,
3431 5338 82 26 indeed,

2387 5365 32 21 for
2427 5371 33 14 me
2470 5368 22 17 to
2501 5364 59 21 make
2569 5364 58 20 them
2634 5371 25 13 an
2669 5364 110 21 allowance
2789 5364 31 21 for
2831 5364 55 21 their
2895 5364 105 21 discarded
3012 5365 82 19 mounts

2388 5403 55 37 As
2455 5402 93 38 Part
2560 5400 268 49 Paymentfor
2838 5413 23 27 a
2874 5401 286 47 Machinethey
3172 5411 76 28 can
3264 5401 168 46 Depend
3445 5412 67 28 on.

2442 5489 66 22 Those
2519 5488 44 21 wh»
2572 5494 35 15 are
2617 5489 35 20 not
2665 5488 20 22 in
2695 5496 12 12 a
2717 5488 88 27 position
2815 5489 22 20 to
2847 5489 99 26 purchase
2956 5496 38 14 one
3003 5488 22 22 of
3033 5488 57 23 these
3100 5488 53 22 ideal
3162 5487 68 22 steeds
3240 5494 37 15 can
3285 5487 70 22 obtain
3367 5487 53 23 from
3433 5496 31 15 me

2509 5517 70 29 New
2600 5526 55 20 and
2681 5518 199 28 Second-hand
2907 5517 132 30 Bicycles
3061 5517 30 30 of
3113 5527 82 26 every
3217 5515 178 40 description.

2605 5595 701 66 CHARLESSTOKES,,

2546 5673 216 31 MERCHANT
2794 5673 151 38 TAILOR,
2970 5674 72 29 Ross
3073 5673 98 37 Place,
3196 5672 161 31 Lawrence.

2795 5726 95 37 Agent
2915 5726 44 29 for
2983 5725 152 38 Tuapeka..

2444 5767 123 26 Catalogue*
2579 5772 27 14 o»
2615 5764 143 29 Application,
2768 5774 23 14 t
3038 5765 66 21 When
3116 5764 100 27 Ordering
3228 5764 94 22 Mention
3337 5766 41 20 this
3390 5764 86 29 Payer..

3571 199 260 48 Speargrass
3863 197 93 40 Flat
3994 193 135 44 Hotel,

3670 261 105 31 BALD
3797 260 95 32 HILL
3916 259 111 32 FLAT.

3567 345 92 22 JAME3
3670 344 154 22 FALCONER
3928 354 23 5 -
3976 342 144 22 PbopbHTOR

3567 414 100 29 ''PHE
3679 414 89 29 above
3782 413 85 29 Hotel
3880 411 57 31 will
3951 411 35 30 be
4000 409 89 31 found
4107 419 18 19 a

3649 458 74 26 mosfc
3748 453 183 31 comfortable
3961 452 56 30 aud
4049 450 93 30 well~~

3565 494 151 41 appointed
3729 494 96 30 House
3840 494 39 38 by
3901 493 154 30 Travellers
4068 490 57 31 and
4132 496 7 14 c

3565 538 49 29 the
3625 536 94 40 public
3733 535 153 40 generally.
3926 534 120 30 Patrons
4060 543 64 27 may

3565 577 59 38 rely
3636 587 37 19 on
3686 586 83 28 every
3788 576 137 29 attention
3941 575 85 39 being
4038 573 85 41 given

3567 621 28 26 to
3605 617 73 29 their
3690 617 129 29 comfort.

3566 688 45 31 An
3624 687 160 32 Excellent
3796 687 91 32 Table
3899 688 120 32 Always
4033 686 89 31 Kept*,
4135 705 8 5 -

3628 760 73 40 Only
3718 762 47 29 the
3779 762 67 29 Best
3859 761 118 41 Liquors
3991 760 78 41 Kept

3774 804 29 29 in
3817 802 97 32 Stock.

3569 856 158 28 First-class
3742 855 139 39 Stabling,
3896 856 66 28 with
3980 855 102 30 Groom
4096 854 30 30 in

3760 896 176 31 attendance.

3553 986 297 57 RAILWAY
3925 986 200 37 HOTEL,

3659 1055 68 21 ROSS
3745 1054 99 26 PLACE,
3866 1054 169 21 LAWRENCE.

3567 1123 110 36 John
3704 1122 152 45 Laffey,
3887 1121 238 46 Proprietor

3643 1181 80 37 (Late
3737 1181 28 30 of
3777 1180 147 31 Havelock
3937 1180 108 38 Hotel.)

3602 1261 63 30 J.L.
3680 1262 69 38 begs
3770 1264 29 26 to
3812 1261 127 29 intimate
3953 1260 62 31 that
4026 1260 36 30 he
4073 1260 52 29 has
4138 1268 9 11 %

3566 1302 155 38 purchased
3751 1301 49 29 the
3831 1302 89 29 above
3946 1305 179 30 weft-known
4144 1301 3 39 '

3567 1341 141 39 Hostelry,
3716 1341 56 30 and
3788 1342 94 39 hopes,
3891 1342 38 38 by
3938 1342 80 29 strict
4031 1345 116 28 afcten—

3567 1382 58 29 tion
3637 1386 29 24 to
3680 1382 47 29 the
3736 1382 119 29 comfort
3862 1382 31 29 of
3904 1382 154 29 Travellers
4066 1382 56 29 and

3566 1422 48 30 the
3625 1421 94 41 public
3732 1422 151 39 generally,
3896 1425 30 28 to
3941 1425 73 27 meet
4026 1422 67 30 with
4106 1433 17 19 a

3564 1463 53 30 fair
3630 1463 81 31 share
3722 1463 31 30 of
3763 1468 163 35 patronage.

3602 1505 59 28 The
3684 1504 123 38 Railway
3829 1505 23 28 is
3875 1515 52 18 one
3940 1504 30 28 of
3983 1505 47 28 the
4043 1505 62 28 best-

3563 1543 150 40 appointed
3724 1543 100 30 Hotels
3832 1543 109 30 outside
3949 1543 30 30 of
3989 1543 131 30 Dunedin

3563 1584 99 31 Under
3673 1583 88 32 J.L.'s
3775 1587 203 37 management,
3988 1585 47 30 the
4045 1595 84 20 com--

3563 1626 57 29 fort
3631 1625 30 30 of
3669 1630 113 33 patrons
3791 1625 54 28 will
3856 1626 34 29 be
3902 1625 79 30 made
3991 1635 18 19 a
4018 1625 103 38 special
4126 1625 3 38 l

3561 1665 116 36 feature,
3690 1665 56 29 and
3758 1675 37 19 no
3807 1665 82 30 effort
3899 1665 56 30 will
3970 1665 35 30 be
4019 1665 101 39 spared
4140 1680 6 8 '

3562 1710 29 26 to
3603 1705 65 41 give
3681 1715 84 29 every
3779 1705 181 31 satisfaction.

3561 1778 60 30 The
3632 1779 63 30 best
3708 1779 104 29 brands
3824 1779 31 29 of
3875 1778 108 38 Wines,
4006 1779 112 39 Spirits;
4136 1796 11 7 ■-

3597 1820 55 29 and
3667 1820 67 30 Ales
3746 1820 103 38 always
3868 1820 69 39 kept
3949 1820 29 28 in
3991 1820 90 30 stock.

3561 1892 129 41 Simpson
3702 1893 56 29 and
3773 1893 97 30 Hart's
3883 1893 68 30 Ales
3965 1893 103 40 always
4081 1903 50 20 on-.

3809 1933 68 39 Tap.

3560 2006 158 31 First-class
3729 2007 131 39 Stabling
3871 2006 248 31 Accommodation
4125 2006 3 40 1

3565 2072 282 55 j\IASOHIC
3892 2070 201 42 HOTEU-

3654 2132 68 22 ROSS
3735 2132 97 27 PLACE,
3846 2132 170 22 LAWRENCE.

3559 2200 33 30 R.
3612 2199 113 32 WEBB

3595 2281 58 30 The
3886 2282 102 30 aifords
4009 2283 37 28 all
4066 2282 40 30 the-

3558 2321 130 30 comforts
3701 2322 30 30 of
3742 2333 17 19 a
3770 2323 91 36 home,
3871 2322 56 30 and
3940 2322 24 30 is
3977 2322 134 39 provided

3557 2361 67 30 with
3636 2362 49 29 the
3705 2372 67 29 very
3791 2363 63 29 best
3866 2363 246 29 Accommodation
4135 2361 4 40 ;

3556 2401 44 30 for
3625 2401 161 32 Travellers.
3825 2403 159 31 First-class
4016 2403 94 30 Table.

3557 2443 67 29 Best
3642 2443 99 31 Wines
3762 2445 56 29 and
3838 2445 101 39 Spirits
3961 2445 102 38 always
4082 2445 29 28 in
4136 2456 5 8 »

3556 2483 89 30 stock.

3676 2551 134 22 CHARGES
3829 2551 161 22 MODERATE.
4007 2565 5 4 •

3591 2605 59 31 The
3673 2606 160 41 Proprietor
3858 2607 100 31 wishes
3983 2610 29 28 to
4034 2608 102 30 draw-'

3556 2645 109 40 Special
3688 2648 137 29 attention
3850 2652 28 26 to
3906 2648 47 30 the
3979 2648 141 40 Scabling.

3554 2687 248 31 Accommodation
3820 2688 143 40 provided,
3976 2689 91 30 which
4085 2689 26 30 is-

3555 2727 154 36 unlimited,
3722 2728 55 29 and
3789 2728 30 30 of
3831 2730 47 28 the
3891 2730 62 28 best
3967 2730 78 29 kind.

3563 2791 289 56 yiCTORIA
3927 2792 182 32 HOTtfL.

3643 2857 72 23 PEEL
3726 2859 112 26 STREET,
3854 2859 169 23 LAWRENCE.

3579 2951 170 35 Ronald
3778 2950 311 45 Montgomery,

3744 3006 180 30 Proprietor.

3554 3098 59 30 One
3635 3098 30 29 of
3685 3098 47 29 the
3752 3102 72 25 most
3849 3099 180 29 comfortable
4049 3100 56 29 aud
4118 3109 17 17 *

3579 3137 230 30 best-conducted
3822 3137 154 30 Hostelries
3986 3149 35 19 on
4032 3139 47 29 the

3701 3177 90 38 Otago
3805 3177 159 31 Goldtields.

3652 3269 57 21 HOT
3730 3269 63 21 AND
3812 3269 75 21 COLD
3905 3269 100 22 BATHS.

3577 3335 110 30 Sample
3706 3336 96 29 Rooms
3822 3346 51 20 for
3892 3337 182 32 Travellers.

3549 3417 166 39 Passengers
3723 3417 89 30 called
3819 3417 43 30 for
3870 3418 46 30 the
3922 3419 80 39 early
4006 3420 95 32 Train.
4113 3438 8 10 *

3555 3564 49 58 £)
3661 3564 62 60 jy[
3756 3563 11 24 1
3799 3563 19 25 T
3849 3564 21 25 C
3902 3565 23 23 H
3958 3565 18 24 K
4010 3565 18 26 L
4060 3566 19 25 L
4103 3563 2 61 ■

3606 3707 69 26 THE
3723 3707 159 25 POPULAR
3918 3708 121 31 HuUoK,

3727 3771 199 25 LAWRENCE.

3549 3852 21 19 _s
3583 3850 51 17 now
3651 3842 105 32 opening
3775 3850 30 23 up
3825 3840 38 26 his
3888 3840 63 26 First

3561 3888 25 23 of
3602 3887 67 25 SUM
3676 3887 45 24 VIE
3727 3888 18 23 H
3763 3885 167 30 DlitPKtlY,
3947 3887 132 26 consisting

3560 3931 24 25 of
3592 3931 29 25 all
3633 3933 39 23 the
3681 3932 69 24 latest
3763 3930 116 26 novel'iei
3889 3937 34 18 lor
3934 3931 40 24 the

3628 3979 91 18 season,
3737 3970 47 25 and
3799 3978 76 24 prces
3889 3975 22 18 to
3931 3972 86 22 match.

3666 4010 121 29 Milliney
3801 4017 14 16 a
3839 4008 137 32 Speciality.

3579 4150 109 31 C3TN.B.
3705 4150 112 26 —Vi«i(s
3853 4151 91 25 Millers
3971 4149 44 27 Fla
4065 4151 35 24 nt

3551 4190 127 32 Roxburgh
3690 4196 73 25 every
3778 4190 36 24 six
3831 4190 87 25 weeks.

4063 5129 43 45 SSs

3685 5344 16 15 i.p

3824 5343 29 26 m

3829 5369 22 47 4

3811 5413 26 24 it

3820 5426 39 16 L.M

3570 5639 175 41 TOTHILL,
3764 5644 174 40 WATSON,
3957 5646 26 31 &
4003 5646 66 40 CO.,

3982 5694 13 16 *1

3642 5715 158 37 Esk>Btreet.£
3807 5719 164 33 InvercMgill,

3565 5759 30 24 So
3606 5768 13 17 e
3635 5764 87 28 Agents
3738 5764 36 23 for
3789 5768 76 26 ucago
3947 5766 76 24 South
4028 5766 54 24 Hid
4092 5759 3 35 .
4098 5781 15 10 a
