3300 4360
256 41 420 442 Hot
816 41 699 442 Lakes
1655 41 1399 442 Chronicle.

485 429 217 40 -A-lETID
753 432 504 44 TOURISTS'

2128 444 482 43 (TOTTttIITJi.JL,.

497 543 451 92 Circulating
969 548 454 86 throughout
1445 548 127 68 the
1597 548 287 74 Tourist
1931 553 303 74 Resorts
2282 559 80 69 of
2396 561 126 69 the
2566 562 268 72 World.

115 693 60 19 VOL.
190 694 18 18 4.
238 693 41 19 No.
294 695 44 17 203.

89 729 4 10 i
101 729 58 8 hiiiiiiiii
166 729 1 10 i
173 729 3 10 ii
186 729 13 8 m
211 729 71 9 ■■imiiiiß
291 730 59 9 miiLum

1288 699 140 22 EOTORUA,
1444 700 58 21 N.Z.,
1519 699 186 24 WEDNESDAY,
1723 700 124 20 OCTOBER
1860 703 31 22 21,
1910 704 48 18 1896.

2885 719 254 26 PBICE—THHEEPEN
3144 727 33 18 CE.

176 837 49 26 Do
237 838 57 25 not
306 837 121 32 Forget

174 884 253 46 CRAIG'S

138 950 166 18 CUKIOSITY
324 949 80 20 SHOP
423 948 47 19 and

232 977 142 23 MUSEUM,

162 1018 113 22 Opposite
282 1018 80 18 Grand
368 1016 78 22 Hotel,

124 1058 127 26 PRINCES
261 1058 45 28 ST,
319 1056 168 27 AUCKLAND.

173 1181 141 16 INSURS
340 1180 93 16 SMITH

87 1216 51 15 THE
143 1214 80 17 SOUTH
230 1214 99 16 HRITTSH
336 1214 59 16 FIRE
400 1214 14 15 &
423 1212 97 17 MARINE

160 1236 44 16 Coy.
213 1235 31 17 OF
253 1235 57 17 NEW
318 1235 122 16 ZEALAND.

85 1266 75 16 Capital
417 1265 103 18 £1,900,000

129 1295 96 17 Unlimited
239 1294 75 20 liability
323 1294 18 16 of
348 1293 129 17 Shareholders.

85 1317 56 21 Being
150 1322 9 10 a
169 1316 77 16 Colonial
259 1316 103 16 Institution
376 1315 63 16 Profits
452 1320 28 11 are
493 1315 18 16 in-

235 1337 59 16 vested
300 1336 69 21 locally.

85 1359 51 17 Head
151 1358 58 20 Office,
429 1357 91 16 Auckland

93 1381 44 16 jocal
146 1382 53 18 agent
377 1379 12 16 J
406 1379 27 17 W.
442 1378 78 21 Wrigley

86 1447 163 43 ROTORUA
271 1447 94 42 BOOT
387 1447 25 40 &
428 1445 91 42 SHOE

237 1512 127 41 DEPOT.

82 1904 19 20 A
120 1904 68 25 Large
207 1904 63 21 Stock
289 1905 22 19 of
328 1905 95 22 German,
440 1903 78 19 French

152 1931 40 19 and
202 1931 92 19 Colonial
305 1931 62 19 Boots
378 1930 76 25 always

246 1958 22 19 in
286 1957 68 19 Stock.

84 1994 69 20 BEST
162 1994 155 20 MATERIAL.
355 1993 68 20 BEST
433 1992 85 21 WORK

160 2035 160 20 AUCKLAND
331 2034 107 20 PRICES.

82 2114 164 23 Hand-sewn
256 2114 80 24 Boots
346 2120 16 16 a
377 2113 138 30 Specialty.

86 2185 210 45 Rotorua
318 2181 197 49 Sawmill

171 2240 247 56 Company.

90 2328 119 43 WHITE
222 2328 54 18 AND
294 2328 53 18 RED
365 2327 63 18 PINE
447 2327 21 17 of
484 2327 31 17 tho

169 2352 55 17 fiuest
232 2352 75 22 quality
315 2350 39 18 and
368 2350 92 22 carefully
476 2352 38 16 cut.

267 2374 64 18 ALSO

81 2402 90 28 Matai,
202 2402 128 28 Pukatea,
359 2401 52 23 and
437 2401 78 24 Tawa

120 2432 131 30 Shingles,
261 2432 118 29 Palings,
393 2431 96 24 Blocks

224 2463 53 23 and
284 2463 77 23 Posts

106 2495 19 19 A
138 2495 53 25 good
202 2494 41 20 and
253 2494 92 20 assorted
355 2493 73 26 supply
439 2493 76 25 always

81 2528 25 12 on
115 2521 55 19 hand
180 2522 21 18 at
211 2521 35 18 the
255 2521 83 19 Timber
348 2519 65 24 Yard,

204 2552 183 18 HOTORUH.

81 2582 161 26 N.B.—Special
251 2588 46 13 care
307 2582 64 19 taken
381 2582 21 19 in
420 2581 34 19 the
472 2587 33 14 sea-

256 2609 79 24 soning.

81 2646 106 19 PRICES
200 2646 40 18 AT
253 2645 144 19 CURRENT
410 2644 104 21 RATES.

118 2677 38 19 W.
172 2677 169 22 HENSHAW,
352 2676 120 24 Manager.

188 2742 216 64 BELL,

82 2820 432 36 CARPENTER,

185 2871 105 17 FENTON
306 2870 103 21 STREET,

173 2922 100 17 Opposite

104 2957 67 17 Sashes
179 2956 56 17 made
243 2957 20 17 to
272 2956 61 18 order.

103 3022 68 53 A.
213 3020 279 64 BRADY,

80 3093 115 20 BARBER
216 3093 61 19 AND
306 3092 208 25 HAIRDRESSER,

80 3133 93 44 BEGS
183 3135 20 17 to
214 3140 105 12 announce
329 3133 46 19 that
382 3133 25 19 ho
419 3133 37 19 has
463 3139 40 13 com-

148 3160 83 19 menced
242 3159 93 19 business
346 3159 21 19 in
378 3159 35 19 the
428 3159 52 25 shop
494 3159 22 19 in

80 3189 34 18 the
130 3186 33 19 old
178 3189 61 20 town,
259 3185 98 25 formerly
376 3185 96 25 occupied
489 3184 27 26 by

80 3214 33 19 Mr
122 3212 124 24 McFadyen,
256 3211 87 24 saddler,
361 3211 42 19 and
418 3211 63 25 hopes
494 3213 22 17 to

80 3240 59 19 merit
150 3245 11 13 a
171 3240 59 17 share
242 3238 21 19 of
273 3238 34 19 the
318 3237 70 26 public
398 3240 91 23 support.

162 3272 159 19 RAZORS
350 3271 78 20 SET.

103 3340 21 19 A
133 3340 83 18 Choice
228 3338 153 19 Assortment
393 3337 28 19 of
430 3337 71 19 Tobac-

80 3369 45 16 cos,
136 3363 86 24 Cigars,
233 3361 131 24 Cigarettes
371 3360 20 19 &
399 3361 116 18 Smoker's

80 3386 138 24 Requisites.

103 3453 43 45 G
160 3453 46 18 EO
209 3452 160 45 'M°A

381 3452 19 17 U
412 3452 16 17 L
441 3452 17 17 E
466 3452 24 21 Y,

80 3532 122 24 Plumber
219 3531 22 23 &
251 3530 114 24 General
377 3529 138 23 Mechanic

172 3590 131 19 Tutakekai
323 3588 93 21 Street,

127 3704 136 41 HORACE
284 3701 181 43 STEWART.

80 3769 107 19 SADDLE,
201 3766 126 21 HARNESS,
341 3766 54 18 AND
413 3765 102 19 COLLAR

248 3798 101 20 MAKER,

122 3834 181 22 FENTON-ST.,
318 3832 154 21 ROTORUA.

80 3919 103 22 Saddles,
200 3918 94 22 Bridles,
310 3916 95 23 Collars,
420 3915 92 23 Chains,

101 3959 56 22 Bits,
165 3959 80 23 Spurs,
253 3957 106 19 Harness
372 3956 68 24 Soap,
449 3956 40 19 &c.

101 4032 118 20 Coachaliue,
229 4037 12 11 a
256 4029 116 23 waterproof
388 4028 126 22 preservative

79 4056 29 18 for
115 4057 26 16 all
149 4055 56 18 kinds
214 4055 20 17 of
246 4054 79 17 leather.

101 4087 85 21 Axleine,
204 4093 11 11 a
228 4086 73 22 perfect
317 4083 97 18 lubricant
428 4083 30 17 for
472 4088 31 12 car-

79 4111 66 23 riages,
154 4115 98 18 waggons,
263 4109 32 17 &e.

101 4142 72 18 Collars
182 4141 54 18 made
249 4142 21 16 to
283 4144 86 13 measure
383 4143 24 11 on
423 4137 33 17 the
470 4142 33 16 pre-

79 4166 54 17 mises
141 4172 11 10 a
160 4164 104 23 speciality.
302 4160 126 24 Lengthened
439 4159 64 23 experi-

78 4194 44 12 ence
130 4189 18 16 in
158 4189 26 16 all
192 4189 68 16 classes
269 4187 20 17 of
294 4184 96 19 Saddler's
398 4183 59 18 work.
482 4182 32 18 All

79 4212 62 18 orders
151 4210 97 23 promptly
256 4208 92 20 attended
360 4209 27 16 to.

544 785 165 132 THE
747 785 541 135 GOVERNMENT
1334 788 548 122 SANATORIUM,

833 957 282 50 ROTOR.UJI,
1161 958 127 46 .NEW
1323 958 275 47 ZEALAND.

544 1044 154 43 ROTORUA.
701 1046 67 17 —This
777 1046 104 19 wonderful
888 1047 74 18 district
970 1048 16 17 is
994 1047 129 23 unparalleled
1131 1048 20 17 in
1160 1048 31 17 the
1200 1048 70 17 known
1279 1048 60 18 world
1347 1049 30 17 for
1385 1049 32 17 the
1426 1049 80 17 number
1514 1049 37 17 and
1560 1050 73 22 variety
1642 1051 20 16 of
1670 1051 25 16 its
1703 1050 87 17 Thermal
1800 1051 84 22 Springs.

612 1068 26 17 As
647 1074 10 11 a
666 1068 66 18 health
740 1071 60 15 resort
808 1070 23 17 its
841 1071 108 22 popularity
958 1071 15 17 is
982 1071 75 22 rapidly
1064 1071 112 22 increasing,
1186 1072 38 17 and
1236 1072 44 17 that
1294 1072 80 22 entirely
1391 1077 25 12 on
1429 1072 24 17 its
1470 1078 43 11 own
1529 1073 71 20 merits,
1618 1079 20 11 as
1655 1073 83 18 hitherto
1754 1073 83 23 nothing
1851 1074 34 17 has

542 1091 48 17 been
598 1091 49 17 done
655 1091 21 17 in
684 1091 32 17 the
725 1098 43 16 way
776 1093 20 16 of
803 1093 122 24 advertising.

566 1113 85 18 Patients
660 1114 91 23 suffering
760 1115 48 18 from
817 1116 85 21 Chronic,
913 1117 101 19 Articular,
1024 1116 37 18 and
1069 1117 98 17 Muscular
1174 1117 129 21 rheumatism,
1313 1118 57 20 Gout,
1380 1117 102 18 Rhumatie
1488 1119 56 20 Gout,
1558 1119 47 17 Skin
1614 1119 91 20 Diseases,
1723 1120 85 19 Sciatica,
1826 1120 45 18 Lum-

542 1136 56 23 bago,
618 1137 110 23 Neuralgia,
746 1138 85 18 Nervous
847 1139 125 21 Exhaustion,
991 1139 78 18 Uterine
1085 1140 99 20 Ailments,
1202 1140 37 17 and
1256 1141 55 23 tardy
1328 1141 140 18 convalesconse
1485 1142 49 17 from
1550 1143 55 16 acute
1622 1142 81 18 diseases
1719 1148 43 17 may
1778 1143 40 22 rely
1835 1149 50 17 upon

542 1159 101 24 obtaining
650 1161 91 17 immense
749 1162 59 21 relief,
818 1162 37 17 and
864 1164 19 15 in
890 1163 32 17 the
932 1162 90 23 majority
1031 1163 20 17 of
1059 1169 50 11 cases
1117 1169 12 11 a
1138 1164 92 21 complete
1238 1169 50 12 cure.

565 1220 54 17 THE
631 1221 113 18 PRIEST'S
753 1222 144 18 BATH.—This
906 1223 16 17 is
930 1223 88 23 strongly
1026 1223 48 18 acid,
1088 1223 112 21 aluminous,
1216 1224 80 23 sulphur
1312 1225 65 20 water,
1395 1225 64 22 acting
1476 1231 20 11 as
1512 1231 12 11 a
1539 1226 94 22 powerful
1649 1226 43 17 skin
1708 1226 103 18 stimulant.
1844 1226 41 19 Hot

542 1243 39 17 and
589 1244 42 17 cold
640 1244 88 20 showers,
737 1245 38 17 and
784 1245 81 18 douches
873 1253 31 10 are
913 1246 90 22 provided
1012 1246 38 17 and
1059 1247 125 22 comfortably
1192 1247 86 18 enclosed
1288 1247 86 23 dressing
1382 1253 61 12 rooms

565 1266 115 18 MADAME
701 1267 125 19 RACHEL'S
846 1270 145 17 BATH.—This
1000 1269 106 17 celebrated
1113 1269 71 24 Spring
1192 1271 15 16 is
1216 1276 11 11 a
1242 1270 63 17 Saline
1320 1272 58 16 water
1391 1271 47 17 with
1454 1271 90 22 Silicates,
1559 1272 39 17 and
1611 1273 33 16 has
1661 1278 24 11 an
1699 1272 81 18 alkaline
1796 1273 88 18 reaction.

541 1289 40 17 The
591 1291 57 16 water
656 1291 16 16 is
681 1291 40 17 also
729 1296 22 12 us
756 1291 19 17 id
784 1291 101 24 internally
894 1293 29 17 for
931 1293 25 17 its
964 1293 97 17 beneficial
1070 1293 63 17 action
1141 1298 24 12 on
1174 1293 32 17 the
1214 1293 86 22 kidneys.

565 1313 52 16 THE
638 1313 70 17 BLUE
728 1314 145 19 BATH.—This
889 1316 15 17 is
920 1316 33 17 the
969 1315 73 23 largest
1057 1316 76 17 natural
1149 1316 108 23 swimming
1273 1317 46 17 bath
1334 1317 20 17 in
1369 1317 32 17 the
1417 1317 93 18 Southern
1519 1318 132 22 Hemisphere.
1676 1319 20 17 It
1704 1319 69 17 affords
1781 1319 104 18 rheumatic

541 1336 81 17 invalids
631 1342 11 11 a
650 1341 65 12 means
723 1337 21 16 of
752 1338 67 22 taking
827 1339 81 21 painless
916 1339 87 20 exercise,
1014 1339 62 17 which
1084 1339 46 21 they
1138 1339 67 22 highly
1214 1340 114 22 appreciate.

565 1359 52 17 THE
626 1359 125 18 SULPHUR
758 1360 106 19 VAPOUR
872 1362 76 18 BATH.
949 1362 69 17 —This
1024 1362 16 17 is
1045 1368 12 10 a
1062 1362 76 17 natural
1144 1362 33 18 hot
1183 1368 78 17 vapour,
1268 1363 69 22 highly
1342 1363 82 22 charged
1430 1363 46 18 with
1482 1364 79 22 sulphur
1570 1371 60 16 gases,
1642 1364 106 18 conducted
1760 1365 41 17 into
1815 1371 11 12 a
1840 1371 33 17 pro-

541 1382 54 22 perly
603 1383 121 17 constructed
733 1383 57 21 chest,
800 1384 19 16 in
828 1385 61 17 which
895 1385 32 17 the
934 1385 33 17 the
972 1385 75 22 patient
1055 1385 39 20 sits,
1104 1385 55 17 while
1167 1392 12 10 a
1185 1387 69 17 stream
1260 1387 20 16 of
1285 1386 89 22 palpable
1382 1387 79 21 sulphur
1466 1387 16 17 is
1487 1387 58 22 being
1550 1388 108 22 constantly
1663 1388 98 23 deposited
1766 1394 25 11 on
1797 1388 32 18 the
1836 1388 48 18 skin.

565 1406 52 16 THE
638 1406 60 17 NEW
719 1406 123 19 SULPHUR
861 1408 146 17 BATH.—This
1019 1408 16 17 is
1048 1414 11 11 a
1071 1414 44 16 very
1128 1410 65 21 streng
1205 1409 60 18 acidic
1277 1411 59 15 water
1348 1410 21 17 of
1380 1409 47 22 high
1439 1411 132 21 temperature,
1584 1411 39 17 and
1640 1411 86 22 strongly
1743 1413 142 16 recommended

541 1428 20 18 in
577 1434 51 12 eases
645 1429 20 17 of
680 1429 124 18 rheumatism
812 1430 38 17 and
858 1431 57 17 allied
923 1431 87 17 diseases.
1034 1431 39 18 The
1082 1431 47 18 bath
1143 1432 58 17 house
1217 1432 16 17 is
1249 1432 76 17 divided
1341 1432 41 18 into
1398 1433 68 17 Ladies
1482 1433 38 18 and
1536 1434 121 17 Gentlemons
1673 1434 129 22 departments
1816 1435 37 17 and
1870 1436 15 17 is

541 1451 78 22 capable
627 1452 21 16 of
655 1453 164 22 accommodating
826 1455 35 15 400
870 1454 76 17 bathers
955 1454 57 23 daily.

565 1475 53 17 THE
627 1475 163 18 ELECTRICAL
798 1477 254 17 DEPARTMENT.—This
1061 1477 119 23 department
1195 1478 15 18 is
1227 1479 72 22 replete
1315 1479 47 17 with
1375 1479 33 17 the
1424 1480 49 17 most
1486 1480 78 17 modern
1580 1480 109 23 appliances
1704 1482 30 16 for
1750 1481 88 22 carrying
1851 1484 34 15 out

541 1498 75 17 various
625 1498 58 17 forms
693 1499 20 16 of
721 1499 79 18 medical
808 1500 93 17 electrical
909 1501 104 16 treatment
1021 1501 19 16 in
1049 1500 147 23 theirVntirety.

565 1521 54 17 THE
624 1521 191 19 HYDROPATHIC
822 1523 116 18 PACKING
944 1524 53 17 AND
1005 1524 118 17 MASSAGE
1129 1524 225 19 DEPARTMENT.—A
1361 1526 55 16 series
1422 1526 20 17 of
1447 1531 63 12 rooms
1515 1533 31 10 are
1556 1527 98 18 furnished
1662 1527 37 17 and
1708 1529 29 15 set
1743 1529 55 20 npart
1804 1528 29 17 for
1840 1528 45 17 each

541 1550 39 14 sex,
588 1544 19 16 in
613 1544 55 18 order
673 1545 21 17 to
702 1550 54 17 carry
762 1547 34 16 out
804 1546 38 17 this
847 1547 104 22 important
956 1547 80 23 adjunct
1042 1548 19 16 to
1068 1548 107 17 treatment.
1182 1548 39 18 The
1226 1548 78 18 sorviees
1311 1549 21 17 of
1336 1555 11 11 a
1352 1548 89 23 qualified
1447 1549 95 18 Masseuse
1547 1550 37 17 and
1590 1550 86 18 Masseur
1684 1556 31 11 are
1724 1550 113 18 obtainable.

541 1600 90 17 Resident
640 1600 108 21 Engineer:

611 1623 117 18 CAMILLE
741 1624 132 22 MALFROY,
883 1626 46 18 Esq.

1433 1605 90 18 Resident
1531 1606 82 17 Medical
1622 1606 169 22 Superintendent:

1510 1629 103 17 ALFRED
1626 1629 120 19 GINDERS,
1760 1630 52 17 M.D.

767 1768 901 75 WHAKAREWAREWA.

749 1910 58 25 Two
819 1911 70 24 miles
903 1911 75 32 from
997 1910 121 31 Rotorua,
1140 1910 135 33 adjoining
1289 1912 150 31 interesting
1449 1914 82 23 native
1542 1914 144 24 settlement.

719 1965 367 57 GEYSER

1439 1968 267 55 OTEL.

1062 2067 69 24 PA
1154 2068 25 23 T
1194 2069 24 22 R
1238 2069 22 23 O
1278 2069 33 23 N
1327 2069 21 23 S
1359 2077 10 17 ;

682 2107 54 19 Earl
760 2107 27 19 of
809 2107 106 23 Kintore,
941 2107 56 19 Earl
1021 2107 28 19 of
1070 2107 100 24 Onslow,
1192 2109 106 24 Marquis
1318 2109 27 19 of
1363 2109 128 24 Drogheda,
1515 2109 61 19 Lord
1597 2110 146 23 Carrington.

540 2138 89 47 THIS
643 2139 94 19 HOTEL
747 2139 37 19 has
793 2139 89 24 recently
892 2140 53 18 been
955 2139 143 24 considerably
1106 2140 103 23 enlarged,
1221 2141 117 23 renovated,
1349 2140 41 19 and
1399 2142 130 19 refurnished
1538 2142 115 25 regardless
1662 2142 22 19 of
1699 2149 93 18 expanse,
1811 2143 39 19 and
1867 2143 17 19 is

606 2164 74 25 widely
690 2164 75 20 known
776 2165 31 18 for
817 2165 27 18 its
853 2164 100 20 excellent
962 2165 179 22 accommodation,
1152 2165 88 24 Cuisine,
1253 2168 34 17 &c.

915 2199 75 24 Here
1002 2208 47 15 are
1060 2199 41 24 the
1114 2199 81 33 Chief
1202 2201 89 31 Sights
1303 2201 33 31 of
1342 2202 41 23 the
1394 2201 119 24 District.

670 2240 47 18 The
875 2241 81 18 Steam
964 2240 47 19 and
1020 2241 49 18 Hot
1078 2240 83 19 Water
1169 2241 130 24 Petrifying
1308 2242 100 23 Geysers
1422 2243 79 22 playing
1513 2243 65 22 nearly
1598 2244 32 16 100
1647 2244 38 16 feet
1701 2243 52 22 high.

538 2263 135 25 Petrifying
681 2263 107 24 Geysers,
798 2263 129 20 Cauldrons
936 2263 28 19 of
969 2263 92 24 Boiling
1068 2263 58 20 Mud
1134 2265 47 18 and
1190 2265 41 19 Oil.
1258 2265 76 24 Spout
1343 2265 66 23 Bath,
1419 2265 37 19 Oil
1465 2265 64 24 Bath,
1539 2266 72 19 Alum
1620 2266 61 20 Bath
1690 2266 20 19 &
1724 2267 78 18 Jack's
1815 2267 67 20 Bath.

538 2287 82 19 Known
631 2288 33 18 for
671 2287 34 18 the
712 2287 154 24 extraordinary
875 2294 57 11 cures
939 2289 22 17 of
971 2287 149 24 Bheuinatisni,
1131 2287 119 27 Neuralgia,
1259 2289 115 25 Lumbago,
1382 2289 91 23 Sciatica,
1482 2289 87 25 Kidney,
1583 2289 61 20 Liver
1652 2289 41 20 and
1699 2290 58 19 other
1764 2291 120 25 complaints

656 2321 43 47 C.
725 2322 42 46 E.
789 2321 237 50 .NELSOJi

950 2378 104 28 Guide

1350 2380 125 33 Sophia.

1487 2324 279 56 Proprietor.

694 2470 404 54 OKOROIRE
1156 2470 154 55 HOT
1374 2472 367 65 SPRINGS,

960 2536 39 23 On
1023 2536 41 23 the
1087 2536 91 24 Direct
1200 2537 82 24 Route
1301 2540 24 21 to
1343 2538 120 23 Rotorua.

775 2576 46 19 For
836 2577 108 22 Scenery,
960 2576 110 20 Curative
1082 2576 130 23 Properties
1221 2577 27 19 of
1254 2578 40 18 the
1304 2578 73 18 Baths
1386 2578 46 19 and
1440 2578 207 23 accommodation,

682 2607 124 27 EXCEL
837 2607 70 26 ALL
939 2608 141 26 PLACES
1111 2608 47 25 OF
1188 2609 74 25 THE
1296 2610 88 25 KIND
1417 2610 32 26 IN
1480 2610 75 25 THE
1586 2610 162 27 COLONY.

564 2672 67 19 These
642 2672 93 26 Springs,
746 2672 67 19 which
823 2672 31 18 for
864 2671 54 19 their
936 2671 97 19 Curative
1044 2671 116 26 Properties
1169 2672 40 19 and
1219 2672 139 19 Comfortable
1368 2673 96 25 Fittings,
1475 2674 52 19 have
1538 2673 50 20 been
1606 2676 130 23 pronounced
1750 2675 28 25 by
1793 2676 28 19 all
1837 2677 45 19 who

537 2698 53 19 have
610 2698 75 20 visited
704 2698 57 19 them
777 2703 75 14 second
870 2704 24 12 to
911 2704 55 12 none
983 2704 22 13 in
1021 2697 52 19 New
1090 2698 105 19 Zealand.
1223 2698 43 19 The
1280 2705 110 12 numerous
1400 2700 134 18 testimonials
1544 2700 92 19 received
1646 2707 22 12 as
1680 2703 20 16 to
1710 2701 54 20 their
1773 2709 58 12 cures
1841 2703 41 19 and

537 2725 87 19 comfort
635 2724 76 20 should
730 2724 26 19 be
773 2724 99 19 sufficient
889 2726 21 16 to
926 2723 72 19 induce
1014 2723 92 19 Tourists
1121 2724 41 19 and
1175 2724 68 19 others
1259 2726 21 18 to
1290 2725 48 19 visit
1349 2724 62 20 them.
1439 2724 33 20 No
1482 2728 57 16 extra
1549 2726 76 25 charge
1635 2726 17 19 is
1662 2726 59 20 made
1731 2728 32 19 for
1772 2728 34 19 the
1816 2735 35 12 use
1861 2730 21 18 of

537 2751 35 19 the
583 2751 62 19 baths
655 2754 20 16 to
685 2756 85 20 persons
780 2750 81 25 staying
871 2752 21 16 at
901 2749 35 19 the
946 2749 62 19 hotel.

857 2796 84 26 THE
967 2796 219 27 OKOROIRE
1184 2785 22 2 _
1207 2780 291 45 °SANATORIUM

564 2839 22 19 Is
595 2839 111 19 connected
717 2838 50 19 with
777 2838 34 19 the
821 2838 135 24 Telegraphic
966 2841 75 22 system
1051 2838 22 19 of
1082 2838 35 19 the
1126 2838 83 25 Colony,
1219 2838 35 20 the
1261 2839 117 25 Telegraph
1388 2839 61 19 Office
1459 2839 108 26 adjoining
1577 2840 35 19 the
1623 2841 71 19 Hotel.
1721 2841 36 19 All
1764 2841 118 27 Telegrams

537 2865 105 26 promptly
651 2865 78 24 replied
739 2867 27 16 to.

564 2891 98 23 Coaches,
673 2891 99 25 Buggies,
784 2890 40 18 and
834 2889 143 25 Conveyances
985 2890 22 19 of
1016 2890 28 18 all
1054 2889 61 20 kinds
1133 2890 57 19 leave
1207 2890 42 19 this
1266 2890 63 19 Hotel
1345 2897 26 12 on
1390 2891 109 25 Tuesdays,
1520 2891 125 27 Thursdays,
1664 2892 41 19 and
1722 2893 120 26 Saturdays,
1860 2901 22 13 or

537 2917 57 25 daily
603 2918 17 18 if
631 2917 104 25 requived.
777 2916 86 19 Persons
882 2922 25 12 en
926 2918 58 16 route
1002 2916 33 18 for
1053 2916 91 19 Rotorua
1158 2923 34 12 are
1211 2916 103 19 therefore
1334 2917 86 19 enabled
1440 2921 19 15 to
1479 2918 48 19 visit
1536 2918 35 19 the
1586 2918 93 20 wonders
1689 2919 21 19 of
1722 2919 103 25 Okoroire,
1842 2921 40 19 and

537 2944 63 25 enjoy
609 2944 36 19 the
656 2942 90 21 Natural
756 2942 43 19 Hot
809 2942 65 19 Baths
882 2941 41 19 and
931 2948 12 12 a
953 2941 57 25 day's
1020 2944 41 16 rest
1071 2942 94 24 previous
1174 2945 21 16 to
1205 2942 140 26 undertaking
1355 2949 12 12 a
1376 2942 87 26 journey
1473 2946 21 17 to
1505 2944 33 19 the
1550 2944 73 19 Lakes.

1098 2990 83 16 THIS
1205 2990 122 17 HOTEL

711 3018 46 20 Has
764 3018 89 25 recently
864 3018 51 18 boon
925 3018 86 22 erected,
1020 3017 41 19 and
1074 3018 18 18 is
1101 3018 77 25 replete
1188 3019 50 19 with
1254 3026 60 17 every
1324 3020 87 18 comfort
1419 3020 33 18 for
1461 3020 92 19 Tourists
1562 3020 41 19 and
1612 3021 100 19 Invalids.

567 3045 188 20 Note.—Tourists
764 3047 21 17 to
795 3043 102 20 Botorua!
925 3043 31 19 Be
965 3050 47 12 sure
1025 3046 21 16 to
1063 3043 47 19 take
1128 3051 51 17 your
1197 3046 85 25 railway
1300 3045 74 19 tickets
1392 3046 31 18 for
1439 3045 114 20 Okoroibe.
1590 3046 144 26 Conveyances
1747 3050 53 17 meet
1819 3049 63 19 trains

538 3072 105 23 Okoroire,
654 3071 97 26 carrying
760 3076 122 20 passengers
890 3072 21 16 to
922 3069 64 19 Hotel
995 3070 43 18 free
1054 3070 21 18 of
1084 3069 81 26 charge.

713 3129 52 22 ju.
803 3130 227 21 vxxajx-ltlvji
1040 3121 144 37 lIAII,
1281 3131 18 8 -
1397 3132 18 7 -
1510 3126 254 37 manager.

662 3381 61 53 E.
794 3379 476 57 ROBERTSON
1338 3381 162 53 AND
1547 3382 207 57 CO.'S

797 3450 246 42 EXPRESS
1077 3450 136 39 LINE
1247 3451 71 42 OF
1355 3451 266 42 COACHES.

539 3502 230 58 Carrying
786 3502 97 45 Her
908 3500 254 59 .Majesty's
1198 3502 137 47 .Mails
1367 3514 51 36 as
1456 3516 82 43 pep
1569 3504 310 60 Time-tables,

702 3573 274 19 TAUE.ANGA-ROTOB.UA
988 3572 64 17 LINE

693 3606 68 22 depart
807 3604 85 22 Tuesday
901 3604 38 17 and
948 3603 95 23 Saturday

690 3629 62 17 arrive
840 3641 10 7 „
995 3640 11 8 ~

691 3652 68 22 depart
838 3664 12 7 „
994 3663 11 7 ~

693 3675 61 17 arrive
838 3687 12 6 „
994 3686 11 7 ~

689 3698 68 22 depart
803 3696 85 22 Monday
904 3695 39 18 and
959 3696 71 22 Friday

1388 3575 217 19 ROTORUA-TAUPO
1622 3577 70 17 LINE.

1098 3605 11 15 8
1117 3610 44 12 a.m.
1209 3605 86 18 Rotorua
1350 3606 68 22 depart
1464 3606 119 24 Wednesday
1599 3608 38 17 and
1658 3608 95 23 Saturday

1057 3627 51 16 10.30
1117 3633 43 11 a.m.
1209 3629 98 17 Ateamuri
1350 3629 68 22 depart
1512 3643 12 7 „
1692 3644 11 8 ~

1057 3650 51 16 10.43
1117 3656 43 11 a.m.
1209 3651 94 18 Wairakei
1350 3652 68 22 depart
1511 3666 12 7 ~
1691 3667 11 7 ~

1098 3674 10 15 6
1115 3679 45 16 p.m.
1208 3674 71 23 Taupo,
1352 3674 60 18 arrive
1511 3689 12 8 ~
1690 3690 11 7 ~

1098 3696 8 17 7
1115 3702 44 12 a.m.
1183 3696 2 25 j
1207 3697 72 23 Taupo,
1351 3697 68 23 depart
1465 3698 99 23 Thursday
1578 3699 38 17 and
1632 3699 85 22 Monday

1054 3719 52 16 12.30
1114 3725 45 16 p.m.

1054 3742 50 16 12.45
1113 3747 45 16 p.m.

1064 3765 41 17 3.15
1113 3770 45 17 p.m.

1207 3697 72 23 Taupo,
1351 3697 68 23 depart
1465 3698 99 23 Thursday
1578 3699 38 17 and
1632 3699 85 22 Monday

1207 3720 95 17 Wairakei
1352 3720 67 22 depart
1513 3735 11 7 ~
1692 3735 11 8 ~

1207 3744 104 19 Ateamuri,
1353 3744 68 21 depart
1514 3757 11 8 ~
1694 3758 11 9 „

1207 3766 91 17 Rotorua.
1351 3767 61 17 arrive

1822 3638 56 12 noon.

1796 3656 30 16 4.5
1832 3660 46 17 p.m.

1813 3680 11 15 5
1832 3683 45 17 p.m.

1811 3701 9 17 7
1834 3707 43 11 a.m.

1795 3724 30 16 8.5
1833 3730 44 10 a.m.

1774 3747 52 16 11.30
1833 3753 44 11 a.m.

1782 3770 42 16 4.30
1831 3775 46 16 p.m.

704 3820 126 35 Special
844 3821 229 32 Conveyances
1086 3821 158 32 arranged
1256 3821 49 26 for
1318 3822 34 25 at
1364 3820 54 27 the
1432 3822 145 26 Shortest
1589 3822 122 26 Notice.

861 3857 201 27 STABLES:
1080 3856 169 27 Tutanekai
1278 3858 111 30 Street,
1412 3859 143 26 Rotorua.

701 3900 113 33 Buggies,
831 3899 119 31 ©oaof?e§
967 3898 51 32 <ai?d
1036 3897 95 28 <§addle
1150 3898 93 33 gorges
1258 3907 31 23 or?
1308 3899 50 31 r?ire
1376 3907 31 24 or?
1426 3899 44 32 tf?e
1487 3899 120 33 |)f?orte&t
1625 3900 95 32 %>tioe.

1021 3939 129 17 TERMS
1178 3940 217 17 KODERKTe,

885 3970 146 30 Telegrams
1042 3968 54 23 and
1105 3968 99 24 Letters
1212 3968 150 32 punctually
1376 3969 117 24 attended
1501 3972 30 22 to.

536 4040 76 26 NB.
649 4037 116 27 Please
777 4036 74 26 note
863 4035 133 26 address

657 4078 61 66 e.
769 4074 458 69 ROBeRTSON
1274 4074 50 65 &
1358 4074 127 68 CO..
1523 4082 234 48 Rotorua.

866 4154 306 46 contractors
1195 4148 78 47 for
1285 4149 183 47 .Messrs
1489 4149 45 47 T.
1556 4149 127 49 Cook
1703 4149 172 58 &:Son.

1910 808 438 62 GEYSER
2421 815 369 62 HOUSE

1940 922 338 49 Hvdfooathie
2300 926 139 45 Hotel
2493 929 248 42 Wairakpi

2103 1006 37 19 Six
2150 1006 58 20 miles
2216 1008 53 19 from
2279 1008 56 19 Lake
2345 1008 71 27 Taupo
2425 1010 102 25 (Rotorua
2536 1013 59 25 side.)

2084 1069 181 27 SUPERIOR
2286 1072 332 31 ACCOMMODATION.

2108 1125 51 18 ALL
2170 1126 53 17 THE
2236 1126 134 20 COMFORTS
2382 1128 33 18 OF
2427 1129 17 18 A
2456 1130 76 19 HOME
2545 1132 51 18 FOR

2154 1161 146 21 TOURISTS
2317 1163 65 19 AND
2395 1164 154 22 INVALIDS.

1908 1231 66 26 Hot
1997 1230 190 35 Swimming
2208 1234 111 32 Baths,
2344 1235 184 29 Kiri-o-Kai
2549 1245 36 20 or
2611 1239 78 27 New
2713 1241 80 26 Skin

1984 1272 93 32 Bath,
2089 1272 66 26 Hot
2167 1274 131 26 Douche
2312 1276 109 32 Baths,
2442 1278 111 27 Grand
2575 1280 144 29 Climate.

2025 1313 172 27 Elevation
2218 1316 91 32 1,350
2329 1316 62 27 feet
2404 1319 101 26 above
2518 1327 55 20 sea
2585 1322 92 26 level.

1908 1362 197 23 COMPETENT
2121 1363 121 25 GUIDES
2258 1371 122 21 accompany
2395 1368 83 20 touriats
2494 1371 21 18 to
2531 1371 35 19 the
2587 1372 81 18 various
2689 1372 67 25 places
2773 1375 21 18 of

2039 1392 90 19 interest,
2140 1390 64 20 which
2216 1391 59 19 baffle
2286 1392 36 19 the
2331 1396 52 16 most
2392 1394 60 19 facile
2462 1401 45 19 pen,
2519 1397 40 19 and
2576 1404 38 12 can
2632 1398 48 24 only
2698 1399 25 19 be
2742 1400 42 18 real-

2039 1415 43 19 ized
2093 1416 58 18 when
2161 1422 54 14 seen.

1908 1479 198 24 G6YS6R
2125 1482 199 25 VHLLGY
2337 1485 91 18 contains
2444 1486 35 19 the
2497 1487 104 27 following
2618 1489 124 25 unequalled
2751 1490 29 19 Na-

1987 1507 55 17 tural,
2061 1507 92 19 wonders
2174 1509 158 22 :—Tuhuatahi,
2352 1517 23 12 or
2397 1510 63 21 Great
2482 1512 134 27 Champagne
2633 1514 112 25 Cauldron;
2760 1517 34 18 the

1987 1531 64 19 Great
2061 1532 105 20 Wairakei
2174 1533 91 26 Geyser;
2278 1535 35 19 the
2323 1536 86 25 Donkey
2419 1531 91 32 Engine;
2524 1540 35 19 the
2571 1540 52 19 Bath
2634 1541 21 18 of
2665 1541 34 18 the
2709 1542 74 19 Fairies-

1986 1557 35 20 the
2041 1557 113 26 Lightning
2171 1557 63 33 Pool;
2248 1561 34 19 the
2299 1561 88 20 Cascade
2402 1563 83 24 Gevser,
2503 1571 23 13 or
2543 1566 103 24 Dragon's
2663 1566 72 20 Mouth
2742 1575 5 4 •
2761 1568 33 21 the

1987 1583 64 20 Black
2060 1585 89 23 Geyser;
2164 1586 35 18 the
2212 1586 51 19 Mud
2275 1587 87 25 Geyser;
2378 1589 34 19 the
2431 1589 51 20 Blue
2500 1591 69 24 Lake;
2580 1592 35 19 the
2632 1592 32 19 Oil
2682 1583 65 35 Bath;
2761 1595 33 18 the

1986 1610 82 24 Eagle's
2077 1610 62 24 Nest;
2153 1611 34 19 the
2194 1612 78 20 Devil's
2280 1613 70 19 Punch
2359 1610 69 34 Bowl;
2444 1616 34 19 the
2487 1616 72 21 Prince
2568 1618 21 19 of
2597 1618 77 19 Wales'
2683 1619 97 20 Feathers
2790 1610 4 34 ;

1987 1637 34 18 the
2040 1636 86 33 Mirror;
2142 1637 34 20 the
2195 1639 58 18 Twin
2273 1636 88 33 Geyser:
2376 1641 34 19 the
2427 1641 59 21 Coral
2503 1643 89 26 Geyser;
2608 1644 34 20 the
2652 1644 65 20 Green
2733 1646 49 19 Pool
2789 1636 5 22 •'

1988 1662 161 21 Terekereheor
2167 1664 49 19 Hell
2236 1664 88 26 Geyser;
2346 1666 35 18 the
2400 1667 68 19 Steam
2488 1668 106 22 Hammer.
2622 1670 84 20 Guide's
2723 1672 33 19 fee
2775 1676 20 15 to

1987 1688 77 24 Geyser
2073 1688 79 26 Valley,
2163 1691 23 18 .5s
2194 1688 4 30 ;
2213 1691 90 19 distance
2314 1692 52 19 from
2374 1693 34 18 the
2421 1693 61 25 hotel,
2497 1697 6 16 1
2515 1696 54 19 mile.

1908 1748 101 22 TH9
2028 1749 337 25 HReHTeHTSH
2376 1758 23 12 or
2416 1752 80 21 Ladder
2514 1753 85 27 Rapids.
2635 1755 44 20 The
2695 1756 100 21 Grandest

1987 1774 78 24 Rapids
2076 1781 20 12 in
2107 1775 35 19 the
2152 1775 101 21 Southern
2264 1777 146 26 Hemisphere;
2425 1778 75 27 falling
2515 1780 20 19 in
2553 1782 31 18 six
2603 1781 82 20 distinct
2702 1784 93 19 cascades

1987 1803 95 22 amongst
2092 1801 62 19 weird
2164 1802 40 19 and
2214 1803 80 24 rugged
2312 1810 82 18 scenery
2420 1804 95 21 Distance
2534 1807 52 19 from
2606 1808 33 18 the
2657 1808 61 24 hotel,
2738 1810 56 19 three

1987 1825 64 20 miles.
2079 1826 74 20 Saddle
2164 1827 69 20 horses
2243 1832 20 16 to
2272 1829 49 19 visit
2334 1829 35 19 the
2382 1830 79 25 Eapids
2475 1832 23 19 7s
2507 1832 26 19 6d
2543 1833 56 20 each.

1911 1886 230 24 KGRHPITI
2159 1893 23 12 or
2192 1887 34 19 the
2236 1887 78 20 Devil's
2324 1888 97 26 Trumpet
2439 1890 17 19 is
2474 1891 43 19 said
2536 1894 21 17 to
2576 1893 49 18 emit
2645 1899 11 12 a
2672 1899 92 19 pressuro
2774 1895 21 19 of

1990 1912 69 18 i«olbs
2069 1913 22 18 of
2100 1916 63 15 steam
2176 1916 20 16 to
2207 1914 34 19 the
2251 1914 52 22 inch,
2317 1915 51 18 from
2379 1922 25 11 an
2421 1920 94 20 aperture
2525 1918 22 19 of
2564 1918 63 19 about
2646 1919 70 19 twelve
2726 1921 68 18 inches

1987 1938 20 18 in
2018 1938 104 20 diameter.
2152 1939 97 19 Distance
2268 1940 20 19 fr
2301 1947 19 12 m
2341 1941 54 18 hotel
2414 1941 57 20 three
2489 1944 41 19 and
2550 1951 12 12 a
2581 1944 44 19 half
2643 1945 67 24 miles;
2724 1946 70 20 saddle

1986 1964 71 19 horses
2066 1968 20 15 to
2094 1965 47 19 visit
2151 1965 34 19 the
2195 1965 71 22 above,
2277 1968 23 17 2s
2310 1966 26 19 6d
2345 1967 56 19 each.

2341 2037 14 15 ►,
2371 2026 35 19 the
2423 2027 101 20 Grandest
2542 2029 55 19 Falls
2607 2029 20 19 in
2646 2029 34 19 the
2698 2031 95 19 southern

1989 2050 135 24 hemisphere.
2153 2051 43 19 The
2207 2051 55 19 Falls
2272 2058 45 18 may
2331 2053 24 18 be
2364 2052 72 19 visited
2446 2060 25 12 on
2481 2054 34 19 the
2528 2061 54 13 same
2601 2055 115 25 expedition
2726 2063 23 12 as
2759 2057 33 19 the

1988 2076 79 19 Devil's
2077 2076 104 26 Trumpet.
2211 2077 97 20 Distance
2318 2078 52 19 from
2380 2078 55 19 hotel
2444 2079 58 20 three
2512 2080 40 20 and
2562 2088 13 12 a
2590 2081 44 19 half
2644 2081 66 25 miles;
2724 2083 68 19 saddle

1985 2101 59 19 horse
2055 2108 22 12 or
2087 2102 70 26 buggy
2167 2105 23 17 2s
2201 2104 26 19 6d
2240 2104 57 19 each.

2415 2206 12 21 ,
2463 2166 327 55 Proprietress.

2108 2307 58 26 Hot
2194 2308 96 26 Lakes
2310 2309 32 25 of
2359 2309 70 25 New
2448 2309 143 26 Zealand.

1908 2467 263 56 BRENT'S
2196 2471 347 54 BATHGATE
2572 2473 217 53 HOUSE.

2045 2572 28 19 IS
2086 2572 21 19 A
2121 2572 192 21 FIRST-CLASS
2326 2574 205 20 TEMPERANCE
2543 2576 108 19 HOTEL.

1994 2640 238 25 HIN6MOH
2248 2641 198 26 STREET,
2466 2643 237 24 ROTORUH.

1905 2704 84 43 THIS
2002 2704 59 18 NEW
2074 2705 53 18 AND
2141 2705 190 18 COMFORTABLE
2343 2706 216 19 ESTABLISHMENT
2568 2708 15 17 is
2592 2707 82 18 situated
2682 2707 20 17 in
2710 2707 32 17 the
2750 2711 41 13 new

1967 2728 95 22 township
2071 2728 20 18 of
2099 2728 90 21 liotorua,
2199 2729 49 17 close
2256 2730 21 16 to
2286 2729 32 17 the
2328 2729 125 18 Government
2468 2730 119 18 Sanatorium
2601 2731 37 17 and
2651 2730 65 21 Baths,
2731 2729 60 18 which

2225 2752 91 23 comprise
2325 2752 32 17 the
2366 2753 104 17 celebrated

1904 2779 93 19 Priest's
2006 2779 66 23 Bath,
2084 2779 107 20 Madame
2200 2780 86 19 Rachel
2296 2780 78 22 Baths,
2385 2780 138 20 Chameleon
2532 2782 96 18 Douche
2637 2781 65 22 Bath,
2718 2781 73 24 Large

1975 2803 56 19 Blue
2041 2802 137 25 Swimming
2186 2803 67 23 Bath,
2269 2803 103 23 Sulphur
2383 2803 95 24 Vapour
2487 2805 61 19 Bath
2556 2805 46 19 and
2612 2805 110 19 Galvanic

2260 2826 98 24 Battery
2366 2827 66 22 Bath,

1903 2849 71 18 OVER
1985 2849 92 18 WHICH
2093 2850 85 17 LARGE
2195 2850 119 17 BATHING
2331 2850 139 18 PAVILIONS
2490 2852 72 17 HAVE
2583 2852 70 17 BEEN
2674 2851 116 18 ERECTED

2009 2873 45 17 with
2064 2878 100 12 numerous
2173 2873 92 22 Dressing
2281 2873 75 20 Rooms,
2366 2875 35 16 etc.
2426 2874 76 18 Besides
2510 2875 52 17 these
2571 2875 52 17 there
2632 2874 16 18 is
2655 2874 33 18 the

1903 2895 136 19 Pain-killer
2049 2895 67 24 Bath,
2131 2895 134 25 Coffee-pot,
2281 2895 130 19 Cameron's
2425 2897 46 18 and
2485 2897 129 19 Hinemaru
2627 2897 73 19 Baths
2713 2897 24 18 in
2751 2897 39 18 the

2208 2919 150 19 Sanatorium
2374 2920 113 19 Grounds.

2347 2949 9 9 o

1904 2963 114 20 Bathgate
2037 2963 73 19 House
2126 2963 38 20 has
2180 2963 53 20 been
2251 2964 81 24 greatly
2348 2964 96 25 enlarged
2460 2965 31 19 for
2507 2965 93 19 Tourists
2616 2972 22 12 as
2657 2965 46 19 well
2719 2971 23 13 as
2760 2965 32 19 f<x

2140 2989 71 26 people
2224 2990 74 25 taking
2308 2996 12 12 a
2329 2996 70 13 course
2408 2991 22 18 of
2439 2991 34 19 the
2483 2991 72 19 Baths.

2159 3024 134 19 TERMS
2312 3024 230 22 MODERATE.

2081 3086 52 35 S.
2181 3087 54 34 T.
2288 3087 43 33 B
2357 3087 180 36 ReN
2561 3090 52 36 T,

2226 3133 242 16 PHtlPHlfcluß.

1904 3156 126 19 N.B.—Most
2039 3158 21 17 of
2067 3158 54 18 those
2129 3159 42 18 who
2180 3160 44 17 visit
2232 3161 75 17 Brent's
2317 3161 23 18 do
2349 3168 20 11 so
2378 3163 84 23 through
2470 3164 33 18 the
2517 3165 47 17 kind
2577 3166 179 18 recommendations
2771 3167 20 17 of

2242 3184 88 23 previous
2338 3186 108 17 customers.

1994 3291 231 50 ROBERT
2256 3295 255 51 FURNESS
2542 3299 47 47 &
2620 3299 83 49 Co..

1941 3392 380 31 MANUFACTURERS
2358 3397 112 26 AND
2505 3400 251 32 IMPORTERS,

2095 3486 183 36 FORT
2312 3488 290 38 STR66T.

2038 3613 160 26 ROTORUA.

1922 3836 50 23 (One
1978 3837 89 17 minute's
2074 3837 50 17 walk
2132 3838 49 18 from
2188 3839 33 17 the
2226 3840 74 17 Govern-

2051 3862 52 15 ment
2111 3861 75 22 Baths.)

2018 3956 189 24 TORTUS:

1925 3998 46 23 35s
1978 4005 46 23 per
2042 3999 87 28 week;
2149 4000 29 23 6s
2192 4007 47 23 per
2247 4001 58 30 day.

1925 4036 62 23 Two
1997 4037 89 22 weeks
2095 4044 28 16 or
2133 4038 99 29 longer,
2249 4039 55 24 30s.

1933 4134 29 31 C.
1994 4134 134 33 HAWKER
2156 4136 141 38 WILSON,

2024 4185 187 22 PROPRIETOR.

2359 3618 33 20 TO
2406 3619 58 19 THE
2479 3619 104 21 PUBLIC
2599 3621 33 19 OF
2650 3621 136 19 ROTORUA.

2360 3721 23 42 I
2398 3721 55 20 BEG
2464 3724 19 17 to
2493 3723 65 19 thank
2568 3723 34 19 the
2615 3723 73 19 Puhlic
2697 3723 21 19 of
2725 3723 61 19 Roto-
2794 3721 1 42 I

2411 3754 40 12 rua
2469 3749 32 18 for
2514 3749 54 19 their
2575 3751 81 17 favours
2668 3749 74 25 during
2752 3749 34 19 the
2794 3746 1 28 I

2358 3776 45 21 past
2413 3773 69 20 fifteen
2491 3781 64 18 years,
2568 3776 40 18 and
2622 3779 20 14 to
2658 3776 65 23 notify
2742 3776 44 17 that

2358 3799 32 18 for
2399 3798 34 19 the
2444 3802 132 17 convenience
2586 3802 22 17 of
2616 3801 98 18 residents
2724 3802 20 17 in
2752 3801 33 18 the

2359 3824 50 19 New
2420 3824 113 26 Township,
2547 3826 40 19 and
2597 3833 32 17 my
2641 3826 57 19 trade
2715 3833 59 18 gener-

2357 3850 47 25 ally,
2416 3850 11 19 I
2437 3850 52 19 have
2499 3852 53 18 built

2383 3904 52 20 New
2443 3905 104 20 Premises
2554 3913 22 12 in
2583 3906 84 19 Fsttias
2674 3906 83 24 Street,

2357 3962 64 19 which
2432 3969 34 12 aie
2475 3970 45 12 now
2530 3970 52 18 open
2589 3963 32 19 for
2630 3963 99 23 business,
2745 3963 39 20 and

2355 3987 54 20 lam
2427 3990 99 24 prepared
2548 3992 20 16 to
2581 3989 73 26 supply

2494 4027 70 18 Prime
2584 4027 63 19 Meat

2355 4065 21 19 in
2387 4065 50 20 both
2447 4066 51 19 Now
2508 4066 40 19 and
2558 4066 39 19 Old
2606 4066 125 26 Townshipß.

2386 4143 42 24 An
2441 4144 151 30 Inspection
2608 4145 22 22 is
2644 4144 107 25 invited.

2562 4190 101 19 HENRY
2677 4190 80 19 KIRK.

2847 785 184 45 4PERISL
3087 790 143 46 HOTEL,

2856 839 123 24 PORT
3003 843 193 26 STREET.

2947 879 159 22 AUCKLAND.

2841 940 96 25 Splendid
2952 945 165 19 accommodation
3129 947 31 19 for
3172 948 52 19 Tour-

2815 965 37 19 ists
2860 966 39 19 and
2909 967 115 22 Travellers.

2832 1004 180 32 High-class
3031 1008 107 28 Wines
3159 1012 63 25 and

2925 1038 113 33 Spirits
3050 1041 82 33 kept.

2860 1117 40 25 W.
2934 1118 31 25 H.
2994 1119 84 27 PEA
3094 1122 19 25 R
3128 1123 21 25 C
3167 1124 28 30 E,

2940 1156 175 33 Proprietor.

2817 1211 47 26 W.
2877 1212 37 25 H.
2933 1213 29 25 &
2979 1214 38 25 H.
3044 1217 31 25 C.
3104 1218 135 32 Wright,

2889 1261 129 20 SURGEON
3031 1263 136 23 DENTISTS.

2861 1329 122 24 (Successors
2993 1333 20 16 to
3023 1331 25 19 A.
3059 1332 22 18 L.

2844 1362 72 25 Notify
2923 1363 45 19 that
2977 1364 48 25 they
3034 1372 34 13 are
3077 1368 119 26 continuing
3207 1370 33 19 the

2817 1387 97 21 Business
2923 1392 21 16 at
2951 1390 35 19 the
2996 1390 98 21 Premises
3103 1396 34 22 top
3144 1394 20 19 of
3172 1396 58 18 Short
3233 1406 7 4 -

2818 1413 126 21 land-street.
2971 1415 41 20 The
3022 1417 110 25 high-class
3149 1421 54 18 work
3221 1422 19 19 of

2818 1440 34 18 the
2861 1440 41 19 late
2912 1441 32 18 Mr
2953 1441 24 19 A.
2988 1442 21 19 L.
3021 1443 83 26 Wright
3114 1444 39 21 will
3163 1446 26 19 be
3205 1448 24 17 ad-

2818 1465 60 19 hered
2889 1469 25 21 to,
2926 1467 40 20 and
2975 1474 39 19 any
3029 1469 36 19 left
3082 1471 114 20 unfinished
3215 1472 25 25 by

2818 1492 44 19 that
2872 1493 114 24 gentleman
2998 1494 38 20 will
3047 1495 24 19 be
3086 1498 111 24 completed
3215 1498 25 25 by

2910 1519 34 18 the
2951 1526 43 12 new
3003 1526 145 21 management.

2818 1551 113 26 Telephone
2941 1554 43 18 657.

2852 1606 22 25 J.
2896 1606 31 25 H.
2948 1606 260 37 BUCHANAN,

2891 1655 95 27 Stone
2998 1657 170 29 Merchant.

2909 1702 174 19 ESTABLISHED
3101 1706 48 18 1892.

2841 1750 116 23 Statuary,
2984 1752 159 21 Monumental
3174 1756 46 19 and

2934 1773 95 21 General
3038 1776 88 20 Mason.

2818 1808 105 18 MARBLE
2933 1810 14 17 &
2953 1811 147 19 FREESTONE
3109 1814 122 18 CHIMNEY

2841 1832 95 21 PIECES,
2954 1834 124 21 MANTELS,
3092 1836 83 22 VASES,
3186 1838 32 17 &c.

2845 1866 137 27 VICTORIA
3000 1869 116 26 STREET
3132 1871 82 29 EAST,

2820 1905 420 41 KUCiaHND.

2843 1966 88 26 Designs
2949 1968 40 19 and
3005 1968 66 20 Prices
3089 1970 112 21 forwarded
3220 1975 20 16 to

2817 1998 40 19 any
2866 1996 45 21 part
2921 1994 21 18 of
2951 1994 33 19 the
2994 1994 96 21 Province
3100 2003 21 12 or
3128 1997 77 26 Colony
3215 2005 24 12 on

2817 2019 127 24 application.

2866 2075 161 47 Steele
3048 2078 136 48 Bros.

2829 2174 186 42 MARAEROA
3060 2177 168 43 SAWMILL.

2815 2257 133 43 DESIRE
2956 2259 25 17 to
2990 2259 73 19 thank
3071 2260 40 18 the
3120 2261 76 23 public
3205 2262 35 18 for

2882 2282 53 22 past
2950 2281 76 19 favors
3040 2283 46 19 and
3101 2283 43 24 beg
3162 2285 25 18 to
3201 2291 26 13 an-

2815 2309 89 14 nounce
2913 2304 53 19 that
2973 2305 85 24 having
3066 2311 14 13 a
3094 2306 61 24 large
3170 2309 69 17 stock

2814 2326 27 19 of
2850 2327 172 20 well-seasoned
3030 2329 119 20 first-class
3156 2331 84 18 timber

2815 2355 30 13 on
2854 2350 61 18 hand
2923 2351 56 22 they
2987 2356 38 14 are
3033 2353 111 22 prepared
3150 2354 24 18 to
3181 2354 59 19 fulfil

2815 2373 78 19 orders
2902 2375 25 17 at
2935 2373 98 20 reduced
3041 2377 68 17 rates.

2816 2441 36 21 HP
2935 2441 19 21 T
3008 2442 164 23 TTARRISON,
3185 2445 46 17 B.A.

2848 2504 143 17 BARRISTER
3003 2505 52 17 AND
3064 2506 139 22 SOLICITOR,

2828 2544 37 19 ll.s,
2888 2543 95 18 Victoria
3002 2544 86 22 Akcade,
3110 2546 118 18 Auckland.

2815 2622 91 18 Barrister
2918 2623 36 17 and
2969 2622 85 18 Solicitor
3067 2624 20 17 of
3102 2625 32 17 the
3150 2625 89 23 Supreme

2906 2646 63 20 Court,
2976 2646 82 21 Ontario,
3066 2647 80 18 Canada,.

2814 2876 73 18 Losses
2895 2876 51 18 Paid
3117 2878 121 21 £20,000,000

2814 2908 51 17 Fire
2878 2908 96 17 Premium
2990 2908 91 17 Exceeds
3128 2909 110 21 £1,100,000

2814 2939 148 17 Accumulated
2967 2939 66 17 Funds
3038 2939 82 18 Exceed
3128 2940 14 18 £
3146 2942 92 19 1,000,000

2883 2977 37 19 W.
2942 2977 92 19 WAED
3052 2979 108 23 BAKER,

2847 3017 95 19 District
2950 3017 114 23 Manager,
3074 3019 129 19 Auckland.

2898 3056 39 20 W.
2949 3057 28 18 A.
2990 3057 162 23 WILLIAMS,

2872 3096 69 19 Local
2961 3097 82 22 Agent,
3070 3097 107 20 Rotorua.

2868 3158 106 42 DAVID
3004 3158 179 49 SHERRIFF,

2899 3233 110 19 FAMILY
3025 3233 134 25 BUTCHER,

2867 3283 79 19 Akawa
2969 3283 88 23 Street,
3080 3283 105 20 Botouua.

2840 3331 21 19 Is
2880 3337 43 12 now
2941 3331 93 24 carrying
3052 3337 24 12 on
3095 3332 34 18 the
3146 3332 92 19 business

2814 3365 60 24 lately
2895 3365 109 19 conducted
3023 3365 25 24 by
3066 3365 73 20 Messrs
3156 3366 80 19 Jecklin

2813 3400 40 17 and
2862 3399 74 23 Cotter,
2948 3399 40 18 and
2997 3399 17 18 is
3024 3400 97 24 prepared
3130 3402 20 17 to
3163 3400 74 25 supply

2812 3433 35 19 the
2857 3433 68 25 public
2935 3433 46 18 with
2993 3433 61 24 prime
3062 3433 78 25 quality
3149 3435 21 17 of
3183 3437 53 16 meat

2813 3468 39 18 and
2861 3468 58 18 small
2928 3467 62 25 goods

2885 3511 35 18 AT
2934 3510 114 19 LOWEST
3064 3511 101 19 PRICES.

2838 3590 172 23 WYNYARD
3022 3591 186 28 &PILRCHAS,

2873 3642 126 19 Barristers
3006 3647 41 13 and
3057 3642 120 22 Solicitors,

2810 3696 79 19 B.N.Z.
2897 3696 117 22 Chambers,
3022 3696 68 20 Queen
3095 3697 27 22 St,
3130 3696 104 19 Auckland

2824 3810 13 13 *
2846 3823 6 9 '
2961 3817 21 18 of
2997 3816 96 19 Freehold
3107 3816 39 18 and
3160 3815 60 18 Lease-

2809 3842 48 18 hold
2867 3846 94 20 property
2971 3845 20 15 at
3001 3846 78 14 current
3087 3845 57 14 rates.

2824 3891 14 19 A
2854 3890 154 18 TJCKLAND
3021 3887 210 19 ADVERTISING

2962 3912 108 19 AGENCY,

2831 3944 97 18 Victoria
2940 3944 87 19 Arcade,
3041 3943 68 18 Queen
3125 3941 82 17 Street.

2861 4004 121 21 Advertising
2988 4003 18 17 in
3014 4002 25 18 all
3050 4002 24 17 its
3081 4001 94 17 branches.

2807 4027 52 20 New,
2875 4028 74 21 Unique
2965 4026 36 17 and
3014 4024 81 18 Tasteful
3110 4024 121 23 Advertising

2976 4048 88 17 Medium.

2831 4073 68 17 Orders
2907 4073 48 16 from
2965 4071 24 17 all
2997 4072 50 21 parts
3055 4069 87 18 attended
3151 4070 19 17 tc
3184 4070 48 17 with

2807 4101 42 12 care
2858 4096 37 17 and
2904 4094 110 23 expedition.

2808 4143 68 43 JOB
2900 4140 137 22 PRINTING
3059 4139 21 19 of
3102 4146 59 18 every
3186 4141 36 18 des-

2866 4168 86 25 cription
2962 4165 94 20 executed
3071 4165 47 18 with
3137 4169 95 17 neatuess

2808 4194 39 20 and
2857 4193 94 24 despatch
2960 4195 21 17 at
2991 4191 32 19 the
3033 4191 117 19 Chronicle
3162 4193 69 20 Office.
