3300 4360
1142 2507 86 18 BIRTH.

994 2553 160 18 .Stewaiit.—On
1164 2554 82 17 October
1255 2556 28 20 17,
1293 2557 19 16 at
1321 2555 34 18 her
1359 2556 37 17 resi-

969 2575 64 22 dence,
1056 2576 90 21 Kotorua,
1168 2577 33 17 tlie
1222 2578 43 18 wife
1290 2580 21 16 of
1331 2579 74 18 Horace

970 2599 87 20 Stewart,
1067 2600 80 19 saddler,
1157 2601 20 17 of
1185 2606 11 12 a
1205 2607 39 11 son.

969 2666 58 23 THE
1049 2666 56 26 HOT
1124 2666 93 26 LAKES
1236 2666 167 26 CHRONICLE

1157 2717 57 12 AND

1072 2754 109 20 Tourists'
1198 2756 101 23 Journal.

981 2826 173 23 WEDNESDAY,
1164 2829 118 18 OCTOBER
1298 2831 28 20 21,
1343 2831 51 16 1896.

1176 2865 24 15 ♦

994 2893 39 17 The
1045 2893 133 23 poundkccper
1191 2894 74 18 notifies
1280 2894 43 19 that
1338 2895 70 18 certain

971 2916 64 17 horses
1045 2922 30 11 are
1085 2918 19 15 at
1113 2919 74 20 present
1197 2918 18 17 in
1225 2918 32 17 the
1265 2918 71 22 pound.

996 2953 74 17 Stead's
1080 2953 123 24 Masterpiece
1211 2953 88 25 Library,
1315 2955 94 18 Numbers

973 2977 15 20 1,
999 2977 10 16 2
1018 2977 38 16 and
1066 2977 9 16 I?
1085 2978 20 16 to
1118 2977 56 21 hand,
1193 2978 119 23 Threepence
1328 2979 46 17 each
1389 2981 21 15 at

972 2999 119 19 ChKONICXE
1099 3000 73 17 Office.*

996 3031 32 18 Mr
1037 3031 19 18 J.
1073 3032 104 17 MeKenzio
1192 3034 19 16 of
1226 3033 107 17 Northdale
1348 3034 58 17 Farm

972 3055 75 17 notifies
1059 3061 10 11 a
1078 3053 73 25 change
1160 3056 18 16 in
1188 3055 33 19 the
1225 3056 52 23 price
1286 3057 20 17 of
1319 3057 45 17 milk
1374 3057 37 17 and

972 3084 63 11 cream
1052 3078 86 22 supplied
1147 3078 25 22 by
1183 3078 40 19 him
1232 3080 71 22 during
1312 3080 33 17 the
1359 3086 39 11 sum-

972 3107 41 11 mer
1021 3102 83 17 months.

997 3137 40 17 The
1054 3137 70 17 Native
1138 3137 55 18 Land
1214 3139 59 17 Court
1288 3139 71 22 during
1379 3139 33 17 the

974 3162 44 20 past
1032 3160 52 19 week
1105 3160 34 19 has
1152 3160 46 18 been
1214 3162 85 22 engaged
1315 3168 44 11 over
1381 3161 31 18 the

974 3184 113 17 Horo-boro
1096 3184 61 17 block.
1182 3185 39 17 The
1230 3186 95 17 subvision
1341 3186 39 16 will
1388 3186 23 17 be

974 3207 55 17 made
1038 3208 20 16 to
1068 3207 42 22 day.
1136 3208 38 17 The
1183 3210 46 16 next
1237 3208 57 18 block
1302 3210 20 16 to
1329 3208 23 18 bo
1367 3214 34 12 con-

974 3230 73 17 sidered
1056 3231 15 16 is
1082 3229 86 19 Patetere
1179 3231 66 17 South.

999 3261 70 18 Messrs
1078 3262 67 17 Foster
1152 3262 36 17 and
1197 3263 78 17 McCaw
1285 3263 20 17 of
1317 3264 31 17 the
1357 3263 55 18 Bank

975 3285 20 17 of
1004 3285 47 17 New
1059 3285 82 17 Zealand
1150 3284 75 18 Estates
1232 3286 114 18 Realisation
1356 3287 42 17 Com-

975 3313 52 17 pany
1047 3308 73 17 arrived
1139 3309 48 17 from
1202 3308 91 19 Okoroire
1313 3310 100 22 yesterday

976 3331 37 16 and
1023 3332 50 16 went
1092 3337 23 12 on
1124 3334 20 15 to
1161 3332 118 18 Whakatane
1296 3333 38 17 this
1348 3339 52 11 morn-

975 3354 41 22 ing.

1001 3381 102 18 Constable
1112 3382 69 23 Lowry
1190 3383 20 17 of
1218 3383 26 17 Te
1252 3383 77 20 Whaiti,
1339 3389 62 12 accom-

976 3405 70 22 panied
1054 3405 26 21 by
1089 3405 40 17 Mrs
1138 3405 74 23 Lowry,
1222 3407 74 17 arrived
1303 3407 18 17 in
1329 3407 85 17 Rotorua

978 3433 24 12 on
1013 3428 95 22 Saturday
1120 3429 57 21 night
1192 3430 48 16 from
1258 3429 101 18 Auckland
1376 3429 37 18 and

977 3450 105 23 proceeded
1092 3452 80 17 towards
1181 3452 50 17 their
1239 3453 56 17 home
1303 3454 19 15 in
1337 3453 63 17 Tuhoe-

978 3473 46 18 land
1032 3480 25 11 on
1068 3474 91 22 Monday.
1185 3475 168 23 Congratulations
1362 3473 4 25 !

1002 3504 31 19 Mr
1043 3504 19 19 J.
1071 3506 30 16 W.
1116 3506 82 21 Salmon,
1213 3508 114 20 postmaster
1342 3508 71 21 Taupo,

978 3528 134 23 accompanied
1120 3529 26 22 by
1155 3529 40 17 Airs
1204 3530 77 18 Salmon
1294 3530 37 18 and
1348 3531 66 21 family

978 3552 48 16 have
1034 3551 47 18 been
1091 3552 76 22 staying
1175 3555 20 14 at
1203 3553 175 17 Whakarewarewa
1386 3554 30 17 for

979 3581 11 11 a
999 3575 37 22 day
1045 3581 22 11 or
1075 3576 44 17 two.
1145 3575 52 23 They
1207 3578 51 15 went
1273 3582 25 12 on
1313 3579 19 15 to
1350 3576 65 24 Taupo

978 3598 26 22 by
1013 3598 38 17 this
1061 3598 103 22 morning's
1173 3599 63 17 coach.

1002 3638 40 17 The
1050 3638 55 17 'isual
1115 3638 76 23 sittings
1205 3639 20 16 of
1238 3639 33 17 the
1289 3639 126 22 magistrate's

979 3663 54 15 court
1042 3661 54 17 takes
1104 3661 53 19 place
1165 3668 25 10 on
1199 3661 75 24 Friday.
1305 3662 60 18 Three
1374 3662 42 18 civil

979 3684 38 17 and
1026 3685 39 16 two
1080 3684 61 22 police
1158 3690 49 12 cases
1224 3691 32 11 are
1272 3687 27 15 set
1315 3685 56 17 down
1388 3686 29 17 for

979 3708 87 21 hearing.
1092 3706 39 19 One
1149 3708 20 17 of
1185 3707 32 18 the
1232 3708 57 18 latter
1303 3714 89 12 concerns
1405 3715 11 10 a

978 3730 69 18 breach
1056 3730 20 18 of
1084 3730 33 17 the
1125 3730 67 23 Stamp
1199 3732 43 16 Act.

1004 3761 32 18 Mr
1048 3760 20 19 <T.
1082 3761 75 20 Munro,
1176 3762 123 20 Ohinemutu,
1317 3764 59 20 agent
1387 3763 30 18 for

980 3784 33 18 the
1022 3784 106 18 Wholesale
1136 3784 82 24 Factory
1227 3785 92 23 Clothing
1327 3786 40 21 Co.,
1383 3786 34 17 has

980 3813 25 11 an
1014 3810 151 15 announcement
1174 3809 19 16 in
1202 3809 81 17 another
1289 3809 75 17 column
1379 3811 28 15 set-

981 3831 44 22 ting
1045 3831 52 17 forth
1113 3831 33 17 the
1167 3831 117 23 advantages
1306 3833 21 16 of
1346 3832 71 22 having

981 3854 87 22 clothing
1076 3854 55 17 made
1139 3855 21 16 to
1169 3860 84 12 measure
1261 3855 60 17 direct
1329 3855 50 18 from
1385 3855 32 18 the

982 3878 150 16 manufacturers
1141 3878 21 17 of
1173 3878 33 17 the
1214 3878 93 18 material.

1004 3905 33 17 Mr
1046 3905 76 23 Reaney
1131 3906 34 17 left
1174 3906 85 18 Rotortta
1268 3913 25 11 on
1308 3913 35 11 one
1355 3907 21 17 of
1388 3907 29 17 his

982 3929 69 22 perio<_..
1059 3929 25 17 ml
1094 3930 52 16 tours
1161 3930 20 16 of
1195 3930 105 22 inspection
1307 3930 106 22 yesterday.

981 3951 32 18 He
1021 3957 91 17 purposes
1127 3952 78 23 visiting
1219 3953 32 17 the
1265 3953 61 17 works
1339 3953 20 17 in
1373 3959 33 17 pro-

981 3981 52 16 gress
1047 3981 46 11 near
1107 3975 107 22 Waiotapu,
1227 3976 100 18 Wairakei.
1343 3977 71 21 Taupo,

981 3998 38 17 and
1047 3998 157 18 Orakei-Korako
1230 3999 38 17 and
1289 4000 39 16 will
1352 4000 65 16 return

981 4027 24 11 on
1015 4021 86 22 Tuesday
1110 4027 22 11 or
1144 4021 118 23 Wednesday
1270 4024 53 16 next.

1005 4052 72 23 Bishop
1085 4052 93 17 Williams
1186 4053 73 17 arrived
1268 4054 21 17 in
1298 4054 85 17 Rctorua
1392 4059 24 11 on

982 4075 86 22 Monday
1076 4075 62 23 night,
1148 4076 30 16 via
1192 4076 70 22 Taupo.
1292 4077 18 17 A
1324 4076 82 18 Confirm-

981 4099 52 16 ation
1042 4098 39 17 will
1090 4098 23 17 be
1122 4098 43 17 held
1174 4099 19 16 in
1206 4099 33 17 the
1252 4100 80 22 English
1348 4099 69 17 church

982 4127 24 11 on
1017 4122 77 21 Sunday
1103 4122 54 17 when
1168 4123 21 16 1G
1202 4123 109 17 candidates
1319 4122 43 17 who
1371 4121 46 19 have

981 4145 48 17 been
1038 4144 92 22 prepared
1139 4145 30 17 for
1176 4145 34 17 the
1226 4151 99 16 ceremony
1341 4146 27 21 by
1384 4146 32 16 the

982 4168 47 16 Rev.
1038 4168 19 16 S.
1068 4167 56 23 Ingle
1132 4168 37 17 will
1179 4168 23 17 be
1217 4169 105 21 presented.

1437 140 1 29 I
1467 140 31 17 Mr
1507 140 21 17 G.
1538 141 26 16 H.
1579 141 119 18 Whitcombe
1712 143 21 16 of
1745 143 32 16 the
1793 143 85 18 Masonic

1444 162 65 21 Hotel,
1519 164 106 22 Tauranga,
1636 165 15 16 is
1660 166 21 15 at
1688 168 76 19 present
1776 166 45 17 here
1835 166 33 17 tak-

1442 186 35 22 ing
1484 192 12 11 a
1505 192 63 12 course
1578 187 20 17 of
1606 188 33 16 the
1651 188 62 17 baths.

1465 215 94 22 Amongst
1578 216 33 17 the
1625 216 75 18 visitors
1714 219 21 15 at
1747 218 52 17 Lake
1813 218 65 17 House

1442 237 59 18 Hotel
1515 238 70 23 during
1599 239 33 17 the
1646 241 43 20 past
1702 241 53 17 week
1762 246 48 12 were
1818 241 29 17 Dr
1857 242 20 16 0.

1442 260 107 19 O'Gonnan
1564 263 21 16 of
1598 263 72 16 Dublin
1682 263 38 17 and
1733 264 31 17 Mr
1777 264 38 17 and
1831 265 47 17 Miss

1442 284 79 17 Preston
1530 285 20 16 of
1559 285 87 18 London.
1672 286 39 17 The
1721 289 56 20 party
1788 288 89 17 returned

1442 308 20 16 to
1467 307 100 18 Auckland
1576 308 31 17 via
1616 308 96 18 Okoroire.

1463 338 65 23 Judge
1536 339 39 17 Gill
1584 340 20 17 of
1619 340 32 17 the
1666 340 55 17 Lrmd
1735 341 95 18 Purchase
1838 342 26 17 De-

1441 363 95 20 partment
1552 362 16 17 is
1585 368 43 12 now
1644 364 20 16 in
1681 364 90 18 Rotorua.
1802 365 75 18 Several

1441 381 65 21 blocks
1515 385 20 17 of
1543 385 45 17 land
1597 392 32 11 are
1637 392 44 11 now
1689 387 65 18 before
1762 388 33 17 the
1808 388 69 18 Native

1441 408 54 17 Land
1503 408 59 17 Court
1571 411 20 15 to
1600 409 103 18 determine
1712 410 33 17 the
1761 411 78 17 relative
1847 412 20 16 in-

1441 432 67 16 terests
1516 432 38 16 and
1562 438 21 11 as
1592 438 45 11 soon
1653 439 19 10 as
1682 434 42 16 that
1741 434 15 17 is
1773 434 49 17 done
1830 441 35 16 pur-

1442 454 79 22 chasing
1529 456 107 21 operations
1646 456 38 18 will
1693 463 113 12 commence.

1462 485 32 17 Mr
1502 486 120 20 Macdonald,
1632 488 33 16 the
1673 490 109 20 prospector
1789 489 88 23 engaged

1439 507 26 24 by
1473 509 33 17 the
1519 509 48 17 local
1584 510 126 23 Prospecting
1723 512 123 21 Association,
1860 514 16 16 is

1439 537 43 12 now
1490 534 21 15 at
1519 533 52 17 work
1585 539 24 11 on
1626 534 33 16 the
1675 536 81 21 country
1771 535 56 23 lying
1843 536 22 17 be-

1439 557 60 15 tween
1510 555 44 18 here
1570 556 39 17 and
1625 557 26 17 Te
1664 557 59 18 Puke.
1743 553 46 22 *He
1803 562 73 20 reports

1439 578 42 17 that
1494 579 23 16 he
1526 579 16 16 is
1550 579 101 23 favorably
1665 580 103 22 impressed
1782 582 47 18 with
1844 583 32 17 the

1439 601 77 22 locality
1525 602 37 17 and
1572 602 58 23 hopes
1637 605 21 15 to
1671 604 46 17 send
1731 610 51 12 some
1799 605 77 18 definite

1439 624 122 18 information
1570 625 80 23 shortly.

1462 656 40 17 Our
1521 656 24 17 Te
1650 660 146 21 correspondent
1812 662 63 17 writes

1438 679 111 23 laconically
1608 681 31 17 No
1648 688 56 11 news.
1730 682 50 23 Very
1789 684 37 17 few
1840 691 23 11 na-

1438 702 48 17 tives
1495 703 87 23 working
1596 710 26 11 on
1638 705 57 20 road;
1717 705 45 24 they
1778 713 32 11 are
1827 707 48 23 busy

1438 726 89 21 planting
1546 733 61 16 crops.
1639 728 40 17 The
1699 729 64 17 native
1778 731 65 17 school
1859 732 16 17 is

1439 748 78 20 finished
1527 750 37 17 and
1574 750 39 18 will
1621 751 23 17 be
1653 751 72 23 opened
1741 752 72 24 shortly
1829 755 45 16 with

1438 778 11 11 a
1467 773 90 17 'hakari.'
1596 774 71 22 Lovely
1691 776 82 17 weather
1789 777 33 17 the
1837 778 38 17 last

1437 796 52 16 three
1498 796 109 21 days—like
1618 800 47 15 unto

1462 827 33 18 We
1511 828 48 17 have
1575 829 85 17 received
1676 830 33 17 the
1725 833 64 20 report
1805 832 21 17 of
1841 833 31 17 the

1438 851 124 21 agricultural
1571 853 127 21 experiments
1716 855 70 17 carried
1804 858 33 15 out
1853 858 19 15 at

1438 873 79 18 Lincoln
1527 875 82 22 College,
1620 876 125 24 Canterbury,
1757 878 70 22 during
1841 879 31 17 the

1437 899 44 20 past
1489 903 50 16 year.
1565 898 39 18 The
1622 900 99 21 pamphlet
1769 902 61 17 issued
1848 903 24 22 by

1437 920 32 17 Mr
1476 921 19 17 J.
1514 921 70 22 Payne,
1601 922 87 21 director,
1706 924 37 16 and
1760 925 86 17 contains
1861 932 11 11 a

1437 943 42 18 deal
1488 944 21 17 of
1524 945 63 17 useful
1603 946 123 18 information
1744 948 29 16 for
1790 949 72 22 agricul-

1436 967 72 17 turists.

1460 999 30 17 Mr
1509 999 86 20 Dowsott
1612 1003 43 16 who
1667 1001 35 18 has
1719 1002 47 18 been
1783 1004 88 18 assistant

1437 1023 19 16 to
1465 1023 31 16 Mr
1506 1023 22 18 11.
1540 1023 83 25 Reaney,
1634 1025 45 17 road
1689 1027 94 20 engineer,
1794 1028 30 16 for
1840 1028 31 17 the

1436 1047 43 20 past
1487 1047 22 17 4\
1519 1052 60 17 years,
1588 1048 37 17 and
1636 1048 81 18 resident
1726 1050 19 16 in
1756 1050 37 17 this
1799 1050 72 18 district

1436 1069 50 17 since
1495 1070 33 17 the
1537 1070 73 18 latter's
1619 1072 82 17 transfer
1716 1072 48 18 from
1778 1072 93 20 Pahiatua

1435 1093 21 16 to
1465 1092 49 21 here,
1529 1093 34 17 left
1578 1094 30 16 for
1624 1095 101 22 Tauranga
1739 1102 23 11 on
1780 1097 90 22 Monday.

1435 1116 32 16 Mr
1477 1116 87 18 Dowsett
1572 1117 50 23 joins
1632 1118 31 17 Mr
1672 1118 99 24 Dunnage,
1783 1126 88 17 surveyor

1435 1139 58 16 there.

1458 1171 31 17 Mr
1498 1171 80 23 Harper,
1589 1172 32 17 the
1630 1174 102 17 successful
1747 1174 87 17 tenderer
1842 1176 28 17 for

1435 1193 33 19 the
1477 1195 80 17 erection
1567 1195 21 18 of
1596 1195 32 18 the
1640 1196 133 23 Presbyterian
1788 1198 81 22 Church,

1435 1217 33 17 has
1482 1218 120 19 commenced
1616 1219 108 23 operations
1739 1221 36 17 and
1789 1222 32 16 the
1835 1222 35 18 site

1434 1240 15 17 is
1460 1241 57 21 being
1526 1242 75 17 Masted
1611 1249 20 10 as
1645 1242 109 24 vigorously
1768 1251 20 10 as
1802 1245 19 16 in
1838 1246 32 17 the

1434 1263 47 23 days
1489 1265 54 16 when
1553 1271 20 11 so
1583 1265 55 19 much
1648 1267 107 22 opposition
1761 1273 39 12 was
1804 1268 65 19 shown

1434 1288 19 17 to
1463 1287 32 18 the
1505 1287 67 19 chosen
1582 1289 81 21 ground.
1690 1290 18 17 It
1723 1291 15 17 is
1755 1291 115 23 anticipated

1434 1311 43 16 that
1485 1311 32 17 the
1530 1311 90 25 building
1633 1313 38 17 will
1686 1313 23 17 be
1723 1315 105 22 completed
1845 1316 25 22 by

1434 1334 31 17 the
1475 1334 46 18 New
1529 1335 57 17 Year.

1457 1367 31 16 Mr
1497 1367 19 17 J.
1526 1367 28 18 W.
1565 1367 85 24 Wrigley
1665 1368 34 18 has
1716 1369 105 20 completed
1837 1371 32 17 the

1433 1389 54 22 plans
1496 1390 20 17 of
1524 1397 10 10 a
1543 1392 145 17 seven-roomed
1701 1392 59 17 house
1769 1393 61 18 which
1839 1395 30 16 Mr

1434 1412 57 18 Granf
1502 1418 88 19 proposes
1600 1416 20 16 to
1633 1417 50 15 erect,
1700 1418 20 15 at
1736 1416 33 17 the
1785 1416 48 18 head
1850 1419 19 16 of

1433 1435 50 18 Lake
1492 1436 77 18 Rotoiti.
1588 1438 39 16 The
1643 1438 88 23 building
1747 1439 38 18 will
1802 1441 48 17 have
1858 1448 11 10 a

1434 1459 87 22 frontage
1529 1461 21 16 of
1558 1461 41 17 57ft
1608 1461 25 22 by
1642 1468 12 11 a
1668 1461 59 23 depth
1741 1463 20 17 of
1776 1464 39 16 18ft
1823 1465 45 17 with

1433 1479 94 21 verandah
1537 1484 18 16 in
1566 1484 52 17 front
1632 1485 36 16 and
1679 1484 32 19 the
1724 1486 52 17 usual
1793 1487 75 18 kitchen

1433 1507 160 17 accommodation
1604 1510 19 15 at
1632 1508 33 17 the
1682 1514 47 12 rear.
1755 1510 72 17 Future
1835 1517 22 11 ex-

1433 1530 72 16 tension
1515 1530 16 17 is
1539 1531 91 21 provided
1646 1532 35 20 for,
1691 1532 37 17 and
1745 1533 75 17 tenders
1829 1534 38 18 will

1432 1553 92 22 probably
1533 1553 23 18 be
1565 1554 72 18 invited
1646 1557 47 15 next
1704 1555 57 18 week.

1456 1585 38 17 The
1505 1586 82 21 meeting
1595 1586 21 17 of
1624 1586 93 18 members
1726 1588 20 16 of
1759 1588 33 17 the
1808 1588 48 18 Roto-

1432 1613 35 12 rua
1474 1608 71 23 Jockey
1555 1609 49 17 Club
1613 1610 38 17 and
1660 1611 20 15 of
1688 1612 105 20 sportsmen
1801 1618 55 15 gener-

1432 1631 38 22 ally
1480 1633 94 16 convened
1584 1633 30 16 for
1622 1633 38 17 last
1667 1633 99 23 Thursday
1776 1635 56 23 night
1848 1638 20 15 at

1432 1652 51 20 Lake
1492 1656 65 16 House
1566 1656 59 17 Hotel
1635 1656 65 23 lapsed
1715 1663 23 11 on
1752 1660 80 15 account
1848 1660 20 16 of

1432 1678 31 17 the
1472 1678 76 23 paucity
1558 1680 20 16 of
1590 1680 119 17 attendance.
1735 1680 44 18 This
1796 1683 71 22 apathy

1432 1707 22 11 on
1463 1701 31 18 the
1504 1703 41 22 part
1555 1703 20 16 of
1584 1703 32 16 the
1625 1703 64 23 public
1702 1703 15 17 is
1731 1706 48 15 most
1795 1708 62 18 regret-

1432 1725 50 17 table
1491 1726 36 17 and
1541 1726 16 16 it
1571 1726 16 17 is
1604 1732 42 11 now
1663 1727 104 23 extremely
1783 1729 85 22 unlikely

1432 1748 42 17 that
1482 1755 37 16 any
1528 1755 42 11 race
1579 1750 84 22 meeting
1673 1750 37 17 will
1719 1750 44 18 take
1771 1752 54 21 place
1830 1753 37 16 this

1430 1775 51 18 year.

1454 1801 39 17 The
1502 1801 96 17 Salvation
1609 1803 58 21 Army
1679 1802 47 18 have
1741 1803 38 17 had
1794 1811 11 10 a
1823 1811 33 10 con-

1431 1824 74 22 tingent
1521 1826 18 16 at
1555 1825 53 17 work
1623 1825 43 17 here
1683 1826 31 16 for
1729 1826 32 17 the
1778 1827 37 17 last
1832 1828 34 17 few

1430 1847 52 22 days,
1493 1848 37 17 and
1540 1848 48 17 their
1597 1849 75 16 various
1681 1850 78 16 services
1768 1851 47 17 have
1820 1851 46 17 been

1430 1871 42 17 well
1481 1872 96 17 attended.
1604 1872 22 17 In
1633 1872 32 17 the
1672 1874 70 15 matter
1748 1874 20 17 of
1776 1874 79 17 reclama-

1430 1893 40 18 tion
1489 1895 49 17 work
1560 1895 121 22 throughout
1700 1896 33 17 the
1753 1898 59 17 world
1835 1898 31 17 the

1430 1917 59 23 Army
1498 1919 15 16 is
1522 1924 23 10 an
1555 1919 90 16 immense
1654 1924 64 17 power
1726 1920 29 16 for
1771 1920 49 21 good
1830 1922 36 16 and

1430 1940 74 24 though
1514 1941 31 17 the
1555 1941 117 22 unthinking
1686 1948 43 16 may
1743 1945 123 22 occasionally

1430 1969 53 12 sneer
1503 1966 20 15 at
1540 1964 31 17 the
1589 1965 87 17 methods
1694 1966 81 23 adopted
1792 1967 25 22 by
1834 1969 32 16 the

1430 1987 131 18 Salvationists
1570 1988 33 18 the
1616 1988 68 18 results
1698 1990 72 21 compel
1783 1991 71 17 admira-

1429 2009 46 19 tion.

1453 2038 38 18 The
1500 2039 73 17 Winter
1581 2039 51 17 rains
1640 2039 48 17 have
1695 2041 102 17 somewhat
1803 2043 31 15 cut
1841 2048 25 16 up

1430 2062 31 17 the
1474 2062 52 17 track
1544 2065 19 14 to
1581 2063 75 16 Wairoa
1672 2063 20 17 in
1710 2064 70 17 several
1797 2064 67 23 places,

1429 2086 38 16 and
1476 2091 35 12 one
1521 2086 36 21 day
1566 2086 84 22 recently
1660 2093 19 10 as
1689 2093 11 10 a
1708 2089 56 20 party
1775 2093 37 12 was
1821 2094 33 16 pro-

1429 2108 79 23 ceeding
1516 2110 19 16 to
1544 2109 33 17 the
1586 2109 84 17 ill-fated
1683 2110 70 23 village
1761 2117 36 10 one
1805 2112 21 16 of
1834 2112 31 17 the

1428 2132 63 16 horses
1505 2131 72 23 slipped
1595 2133 37 16 and
1649 2133 32 17 fell
1699 2139 44 11 over
1759 2134 33 17 the
1808 2134 56 19 bank.

1429 2155 80 23 Luckily
1518 2155 23 17 its
1560 2155 50 17 rider
1620 2154 18 24 (a
1654 2155 53 23 lady)
1719 2156 37 17 had
1773 2158 92 18 sufficient

1428 2184 88 16 presence
1525 2179 20 16 of
1554 2179 53 16 mind
1621 2181 20 14 to
1656 2179 61 18 throw
1726 2180 69 17 herself
1804 2181 19 16 in
1834 2182 31 17 the

1428 2202 88 23 contrary
1525 2201 91 18 direction
1625 2202 38 17 and
1671 2209 21 11 so
1706 2204 79 22 escaped
1794 2202 69 25 injury.

1428 2225 75 17 Several
1512 2230 42 12 men
1562 2225 49 17 have
1620 2225 46 17 been
1680 2227 20 16 at
1717 2227 49 17 work
1783 2228 21 17 of
1820 2228 43 21 late,

1428 2247 95 24 repairing
1530 2249 32 16 the
1571 2248 107 24 dangerous
1687 2249 67 23 places,
1766 2251 36 17 and
1812 2257 50 11 more

1428 2272 39 17 will
1475 2272 23 17 be
1508 2272 47 17 done
1564 2272 64 17 before
1637 2273 33 16 the
1679 2278 65 13 season
1753 2280 63 16 opens.

1453 2303 57 18 Fresh
1521 2305 85 16 concrete;
1621 2304 33 17 has
1666 2304 58 23 lately
1733 2305 47 17 been
1789 2306 39 17 laid
1845 2307 18 17 in

1429 2327 52 16 front
1496 2327 19 17 of
1531 2327 33 16 the
1588 2326 120 19 Sanatorium
1732 2329 37 16 and
1784 2329 53 23 gives
1853 2336 11 11 a

1428 2350 56 17 much
1489 2350 63 17 better
1564 2354 118 19 appearance
1689 2350 48 19 than
1746 2352 32 17 the
1795 2354 70 16 former

1428 2373 79 17 cracked
1515 2373 37 17 and
1561 2373 75 18 paamed
1653 2375 73 17 surface;
1743 2375 60 18 which
1820 2382 33 12 ner-

1428 2401 46 12 \'ous
1483 2397 82 21 patients
1574 2397 46 17 used
1630 2399 19 14 to
1667 2397 54 17 think
1738 2404 48 12 were
1800 2401 53 16 earth-

1428 2420 61 22 quake
1507 2420 80 17 fissures.
1621 2420 40 17 The
1675 2421 85 22 grounds
1776 2428 32 11 are
1825 2423 38 18 also

1428 2443 58 21 being
1492 2443 90 17 attended
1599 2445 21 16 to
1637 2443 74 22 though
1728 2450 12 12 a
1754 2444 50 23 good
1821 2445 42 19 deal

1428 2467 39 16 still
1475 2467 80 17 remains
1564 2468 19 15 to
1594 2467 24 17 be
1626 2467 48 17 done
1684 2468 64 17 before
1756 2469 33 17 the
1798 2475 65 12 season

1428 2495 65 17 opens.
1519 2489 38 18 The
1566 2490 50 17 lawn
1626 2491 62 17 tennis
1697 2492 74 20 ground
1780 2493 83 22 requires

1428 2513 80 22 looking
1516 2514 19 16 to
1547 2513 38 17 and
1602 2513 54 18 there
1672 2514 16 17 is
1701 2520 51 12 some
1768 2515 39 18 talk
1825 2517 20 16 of
1853 2523 11 10 a

1428 2537 106 17 committee
1543 2536 59 23 being
1613 2537 100 22 organised
1727 2540 20 15 to
1758 2538 43 18 look
1815 2540 49 17 after

1428 2560 61 16 tennis
1500 2561 77 16 matters
1586 2561 97 21 generally
1693 2561 37 17 and
1746 2562 66 18 relieve
1833 2563 31 17 Mr

1429 2583 84 22 Malfroy
1522 2583 19 17 of
1550 2583 29 18 his
1588 2583 131 23 self-imposed
1728 2585 48 17 task.

1474 2615 19 17 It
1501 2615 16 17 is
1525 2615 47 22 high
1654 2615 51 22 (says
1714 2616 32 17 the
1761 2617 25 17 Te
1801 2616 63 19 Aroha

1428 2637 60 24 Nevis)
1554 2638 37 17 had
1601 2645 12 10 a
1621 2638 51 22 daily
1684 2639 56 17 train.
1765 2641 44 17 Two
1819 2641 33 17 mis-

1428 2660 47 24 haps
1484 2667 28 11 we
1520 2661 37 17 had
1566 2663 21 16 to
1602 2662 94 17 chronicle
1708 2663 38 17 last
1762 2664 51 17 week
1827 2664 37 17 and

1428 2690 43 12 now
1480 2691 28 11 wo
1516 2684 48 18 have
1573 2686 19 16 to
1602 2685 65 17 record
1679 2692 11 10 a
1700 2686 56 21 third,
1767 2686 98 24 distinctly

1428 2707 129 21 attributable,
1574 2710 20 15 to
1608 2708 161 25 over-weighting
1782 2710 33 18 the
1831 2717 22 11 en-

1429 2731 50 22 gine.
1505 2731 28 17 On
1555 2731 32 18 the
1604 2731 68 18 arrival
1690 2732 20 17 of
1726 2732 33 18 the
1775 2733 50 17 train
1846 2736 19 14 at

1429 2754 126 17 Morrinsville
1564 2761 25 11 on
1607 2755 94 23 Saturday
1718 2756 16 17 it
1751 2762 37 11 was
1806 2757 58 17 found

1430 2777 42 17 that
1481 2778 33 17 the
1522 2778 68 21 engine
1599 2778 38 17 had
1647 2780 34 20 got
1690 2780 34 16 out
1732 2780 20 16 of
1760 2780 55 17 order
1828 2780 37 18 and

1430 2807 10 11 a
1449 2801 55 22 delay
1514 2802 19 16 of
1541 2801 51 22 sixty
1602 2802 92 18 ministers
1809 2802 57 19 What

1430 2823 32 18 the
1476 2824 107 22 clergymen
1601 2830 48 12 were
1664 2825 60 22 doing
1737 2825 18 17 in
1767 2827 33 17 the
1816 2826 49 18 train

1430 2846 32 18 the
1472 2846 51 19 News
1531 2848 43 17 does
1580 2849 34 16 not
1620 2855 39 15 say,
1666 2848 35 17 but
1707 2848 16 17 if
1728 2849 50 18 their
1783 2855 83 12 carcases

1430 2876 49 12 were
1487 2877 21 11 as
1516 2870 60 23 heavy
1589 2877 21 11 as
1627 2872 33 16 the
1675 2877 80 17 average
1773 2873 93 18 discourse

1430 2893 32 18 the
1472 2895 161 21 over-weighting
1641 2895 21 17 of
1674 2895 33 17 the
1722 2895 68 24 engine
1804 2902 38 12 was
1855 2903 12 11 a

1430 2917 90 23 foregone
1529 2917 113 18 conclusion.

1454 2949 38 17 The
1501 2949 47 17 Blue
1557 2949 51 17 Bath
1617 2949 15 17 is
1642 2950 61 17 closed
1713 2950 30 18 for
1750 2951 71 22 repairs
1830 2951 37 17 and

1450 2972 47 17 Jack
1525 2973 15 16 is
1546 2971 92 25 enjoying
1644 2980 11 10 a
1661 2973 122 18 well-earned
1790 2974 77 23 holiday

1431 2996 37 16 and
1482 2995 91 23 studying
1590 3002 26 16 up
1632 3003 51 10 some
1700 2997 21 16 of
1736 2997 32 18 the
1783 2997 85 23 burning

1432 3019 95 22 questions
1536 3019 20 17 of
1569 3019 33 17 the
1617 3018 37 23 day
1669 3025 25 12 on
1710 3020 62 17 which
1788 3020 25 18 he
1828 3021 40 18 will

1432 3042 95 17 discourse
1539 3042 71 23 during
1619 3043 32 17 the
1667 3043 80 17 election
1761 3044 106 22 campaign.

1433 3065 36 18 His
1478 3065 56 18 views
1543 3071 24 12 on
1581 3065 120 18 Prohibition
1719 3072 31 12 are
1766 3069 50 15 most
1834 3067 21 17 de-

1434 3088 58 21 cided,
1503 3088 37 17 and
1548 3095 30 11 we
1586 3089 117 17 understand
1717 3089 29 18 his
1758 3092 110 20 arguments

1433 3112 65 21 nearly
1507 3111 80 18 induced
1595 3112 33 18 the
1642 3112 46 18 Rev.
1704 3112 50 21 Isitt,
1771 3114 43 17 who
1830 3119 39 12 was

1433 3135 44 17 here
1486 3135 32 17 the
1527 3135 54 17 other
1588 3135 43 22 day,
1641 3137 20 15 to
1667 3135 67 23 abjure
1740 3136 29 18 his
1774 3136 94 18 brother's

1434 3158 90 22 platform
1533 3158 36 17 and
1578 3157 41 21 join
1628 3159 33 17 the
1669 3159 64 17 White
1741 3159 75 18 Ribbon
1831 3162 39 16 sect

1434 3182 64 16 whose
1503 3182 107 22 principles,
1618 3188 20 11 as
1644 3183 111 17 announced
1762 3184 25 21 by
1793 3190 11 10 a
1809 3189 45 12 mem-

1434 3204 38 20 ber,
1482 3210 32 12 are
1558 3205 34 17 We
1602 3206 39 16 eats
1655 3206 52 17 what
1715 3211 28 11 we
1752 3206 37 17 like
1798 3206 37 17 and
1842 3213 28 11 we

1435 3227 64 17 drinks
1508 3228 52 16 what
1566 3234 28 11 we
1603 3229 38 16 like
1650 3229 38 17 and
1698 3234 28 12 we
1735 3229 53 17 don't
1802 3236 42 11 care
1858 3237 12 10 a

1434 3251 53 22 hang
1492 3251 30 17 for
1530 3250 90 23 anybody

1458 3282 38 17 The
1506 3284 74 15 current
1589 3283 81 17 number
1678 3283 21 17 of
1703 3284 33 16 the
1743 3283 42 19 New
1791 3284 81 18 Zealand

1437 3305 81 23 Graphic
1526 3305 14 17 is
1557 3305 53 23 quite
1627 3311 26 17 up
1669 3307 20 16 to
1705 3307 33 17 the
1755 3307 54 17 usual
1824 3308 46 21 high

1435 3328 96 17 standard.
1568 3328 40 18 The
1630 3330 125 17 illustrations
1779 3330 91 22 comprise

1435 3352 56 16 views
1499 3352 19 16 in
1528 3352 60 17 South
1606 3352 125 23 Canterbury,
1748 3354 32 16 the
1797 3354 73 17 Golden

1435 3375 54 17 Cross
1498 3375 85 22 Battery,
1594 3375 121 22 Waitekauri,
1726 3377 38 17 and
1773 3383 10 11 a
1799 3377 71 22 variety

1435 3398 20 17 of
1463 3398 91 20 sketches,
1564 3404 59 17 grave
1631 3397 38 19 and
1685 3399 108 21 humorous,
1811 3400 49 18 eluci-

1435 3421 68 23 dating
1512 3421 31 17 the
1560 3422 42 17 text
1618 3422 19 17 of
1652 3421 32 18 the
1699 3423 74 17 various
1790 3423 80 18 articles.

1435 3444 39 17 The
1482 3444 79 22 reading
1569 3446 71 16 matter
1648 3445 15 17 is
1673 3446 20 16 of
1701 3446 32 17 the
1741 3447 50 17 most
1800 3445 72 19 diverse

1435 3469 67 15 nature
1515 3468 109 22 embracing
1637 3469 61 21 topics
1714 3470 20 16 of
1750 3470 76 16 current
1841 3470 20 16 in-

1435 3491 58 16 terest
1501 3491 47 16 from
1555 3491 33 17 the
1597 3491 57 17 latest
1662 3491 74 23 mining
1750 3498 51 12 news
1809 3494 20 16 to
1839 3493 32 17 the

1436 3515 49 15 most
1501 3513 91 18 frivolous
1609 3514 21 17 of
1645 3514 90 18 fashion's
1752 3515 49 18 fads.
1832 3516 40 17 The

1435 3537 90 22 political,
1547 3537 93 22 personal,
1658 3537 92 18 dramatic
1763 3538 38 18 and
1815 3539 57 17 social

1436 3561 53 16 notes
1510 3566 31 11 are
1557 3564 50 13 terse
1627 3561 38 17 and
1681 3561 120 26 up-to-date.
1833 3562 39 18 The

1439 3583 80 22 (Irajihic
1528 3589 43 16 may
1580 3582 23 19 be
1612 3583 89 18 obtained
1709 3586 21 15 at
1738 3585 33 17 the
1780 3584 78 19 Chroni-

1437 3610 36 13 cle
1481 3605 63 18 Office.

1460 3638 97 17 Professor
1566 3638 70 17 Forbes
1650 3639 67 22 passed
1730 3639 84 23 through
1828 3640 44 17 here

1438 3667 22 11 en
1470 3662 53 16 route
1532 3661 49 17 from
1595 3661 94 18 Wairakei
1702 3663 21 16 to
1736 3662 99 18 Auckland
1848 3669 24 11 on

1437 3683 99 22 Thursday
1544 3684 43 18 last.
1613 3685 24 17 In
1649 3686 70 21 regard
1730 3687 20 15 to
1765 3686 32 17 the
1812 3686 59 17 Huka

1438 3706 51 18 Falls
1498 3707 74 17 electric
1580 3712 64 18 power
1653 3709 73 16 scheme
1736 3708 30 18 his
1774 3709 84 17 examina-

1438 3730 40 17 tion
1487 3731 20 16 of
1515 3731 32 16 the
1559 3731 50 16 river
1625 3731 48 17 from
1688 3731 32 18 the
1736 3731 52 18 Falls
1804 3733 21 16 to
1840 3732 34 17 the

1437 3753 42 17 lake
1498 3754 34 16 has
1552 3754 48 17 been
1620 3755 52 21 quite
1693 3754 119 23 satisfactory
1835 3755 38 17 and

1438 3776 136 18 demonstrates
1583 3777 33 17 the
1625 3777 103 22 feasibility
1736 3778 21 16 of
1762 3778 33 17 the
1800 3778 74 23 project

1439 3799 83 17 whether
1531 3799 117 18 undertaken
1656 3801 26 21 by
1691 3801 31 16 Mr
1736 3799 54 19 Firth
1805 3807 22 11 or
1840 3801 33 17 the

1439 3822 133 18 Government.
1602 3824 60 16 There
1681 3824 44 19 will,
1739 3824 93 21 however,
1849 3824 25 17 be

1439 3851 56 16 man}-
1500 3845 106 18 difficulties
1611 3848 20 15 to
1635 3846 81 18 contend
1720 3846 45 18 with
1770 3847 61 17 which
1835 3847 39 18 will

1439 3868 66 17 render
1514 3869 31 17 the
1550 3869 78 17 method
1637 3870 21 16 of
1666 3870 105 17 utilisation
1787 3871 87 17 different

1439 3892 48 17 from
1507 3892 43 17 that
1566 3892 83 20 adopted
1669 3894 21 15 at
1710 3893 91 23 Niagara.
1833 3893 40 18 The

1439 3914 77 23 passing
1522 3916 21 16 of
1548 3915 33 17 the
1587 3916 100 17 Electrical
1694 3916 66 17 Power
1765 3916 38 17 Bill
1809 3922 55 11 neces-

1439 3938 65 17 sitates
1513 3937 32 17 the
1560 3938 129 18 Government
1701 3939 129 22 undertaking
1842 3940 32 17 the

1440 3959 61 19 works
1517 3961 37 16 and
1567 3963 46 21 puts
1626 3968 24 10 an
1670 3961 36 17 end
1722 3963 21 16 to
1756 3962 32 17 Mr
1804 3963 70 17 Firth's

1439 3984 80 17 scheme.
1543 3984 27 17 As
1579 3984 30 17 far
1618 3991 20 10 as
1646 3985 98 17 Professor
1750 3985 77 17 Forbes'
1835 3991 30 12 ser-

1439 4006 49 18 vices
1496 4012 32 12 are
1541 4008 109 20 concerned,
1665 4008 92 19 however,
1773 4008 46 22 they
1835 4009 40 17 will

1439 4031 34 15 not
1481 4029 23 17 be
1510 4029 94 18 available
1610 4031 26 22 by
1644 4031 33 17 the
1686 4031 127 17 Government
1822 4037 20 12 as
1850 4032 25 17 he

1439 4053 15 16 is
1461 4053 84 17 retained
1553 4053 26 22 by
1587 4054 33 17 Mr
1629 4053 62 18 Firth.

1519 4081 62 28 £SO,
1599 4081 60 29 £lO,
1674 4082 59 28 £lO,
1750 4082 43 26 £5.

1440 4112 65 20 Given
1516 4120 55 17 nwny
1582 4114 32 18 for
1625 4120 12 12 a
1647 4114 66 25 single
1722 4120 66 19 gueas.
1821 4115 54 20 Send

1440 4141 66 23 stamp
1516 4139 31 18 for
1557 4140 120 23 particulars
1688 4136 40 22 nnd
1743 4140 95 19 circulars
1853 4144 22 15 to

1441 4164 43 19 Box
1497 4166 42 21 170,
1551 4165 22 23 P.
1573 4165 35 23 0.,
1621 4165 133 25 Yv'ellington.

1925 144 32 17 Mr
1966 144 73 17 Poland
2049 145 20 17 of
2077 145 33 16 the
2118 144 49 17 local
2178 145 44 21 post
2236 144 38 17 and
2290 144 37 18 tele-

1895 164 1 26 |
1902 168 61 21 graph
1973 169 51 16 office
2033 169 16 16 is
2061 173 43 12 now
2118 167 93 23 enjoying
2223 168 30 16 Lis
2267 168 69 16 annual

1901 190 77 22 holiday
1987 191 20 17 in
2016 191 72 22 hiving
2095 197 12 10 a
2135 190 61 17 cruise
2209 196 25 11 on
2250 188 69 20 wheels

1901 214 73 16 around
1982 214 33 17 the
2023 212 80 19 district.
2128 213 30 17 On
2168 213 94 22 Saturdaj'
2271 213 23 17 he
2302 213 34 17 left

1901 237 30 16 for
1947 237 65 22 Taupe
2025 237 60 22 doing
2101 235 32 19 the
2151 235 85 18 distance
2252 236 84 17 between

1900 260 45 17 here
1953 260 37 17 and
2000 260 93 17 Atiaiuuri
2102 260 19 17 in
2138 261 22 20 3$
2174 260 64 17 hours.
2264 260 44 16 This
2321 260 15 17 is

1900 288 45 17 very
1954 283 50 22 good
2013 284 46 16 time
2068 282 119 23 considering
2196 283 42 17 that
2244 283 32 17 the
2282 283 54 17 roads'

1901 312 48 11 were
1959 308 35 16 not
2008 305 50 19 built
2075 306 45 17 with
2137 306 33 16 the
2186 305 43 17 idea
2244 306 44 17 that
2304 307 32 16 the

1900 329 47 22 fiery
1959 329 92 18 untamed
2088 329 43 18 bike
2168 329 64 17 would
2253 335 46 12 soon
2313 329 23 18 be

1900 354 97 21 careering
2004 359 46 11 over
2057 353 59 16 them.

1923 384 39 17 The
1982 384 59 17 dance
2057 383 62 18 which
2133 383 46 18 took
2195 383 53 23 place
2264 382 20 19 in
2303 384 33 18 the

1900 407 87 18 Pukeroa
1995 408 46 16 Hall
2050 407 37 17 last
2096 407 70 21 Friday
2175 407 56 22 night
2245 408 20 16 to
2282 408 54 17 mark

1899 430 33 18 the
1941 431 49 17 close
1998 431 21 17 of
2027 430 33 18 the
2067 430 80 17 football
2152 435 65 12 season
2224 435 39 12 was
2269 430 57 18 social-

1899 453 20 22 ly
1928 460 11 10 a
1948 455 53 20 great
2015 460 72 10 success
2104 453 74 22 though
2195 453 109 22 financially
2320 453 15 18 it

1899 477 33 17 fell
1942 477 52 17 short
2003 477 21 18 of
2032 477 141 21 anticipations.
2198 477 40 16 The
2243 475 38 19 hall
2296 483 38 12 was

1899 500 98 23 tastefully
2018 499 101 18 decorated
2138 500 27 21 by
2184 500 71 17 Messrs
2276 500 57 21 Shiel,

1898 522 98 23 Monkley,
2004 523 37 17 and
2050 523 55 17 other
2113 523 92 17 members
2214 524 20 16 of
2243 524 31 16 the
2292 524 43 17 club

1898 547 39 17 and
1944 547 59 17 about
2012 548 22 16 25
2043 546 76 22 couples
2127 552 49 10 were
2184 549 81 19 present.
2279 547 56 17 Some

1898 575 45 17 very
1952 570 103 17 handsome
2064 569 71 18 dresses
2144 575 48 11 wen;
2201 575 53 12 worn
2262 570 27 22 by
2302 571 33 17 the

1898 592 58 18 ladies
1965 593 38 17 and
2011 599 11 11 a
2031 594 107 21 competent
2155 592 97 23 authority
2266 595 69 15 asserts

1898 616 42 18 that
1949 618 88 19 amongst
2046 616 52 17 these
2113 615 40 17 Mrs
2167 614 114 24 Urquhart's
2296 623 39 11 was

1898 639 32 17 the
1940 641 72 16 neatest
2021 639 37 17 and
2074 639 32 17 the
2123 640 92 21 prettiest.
2246 640 89 22 Dancing

1898 669 38 11 was
1944 663 46 22 kept
1999 669 25 15 up
2034 662 45 17 with
2088 662 104 17 animation
2210 662 48 18 Until
2275 663 59 18 about

1897 686 11 17 2
1928 692 45 11 a.m.
2010 686 39 17 The
2069 686 59 17 music
2149 691 37 11 was
2205 686 86 23 supplied
2307 686 27 24 by

1897 709 70 17 Messrs
1984 709 64 22 Brady
2064 709 38 17 and
2116 709 92 17 Morrison
2226 710 38 16 and
2278 710 55 18 could

1897 734 34 15 not
1940 733 22 16 be
1971 732 89 18 excelled.
2086 733 38 16 The
2133 731 128 24 presentation
2271 733 20 17 of
2301 733 32 17 the

1897 762 50 16 caps,
1957 762 28 11 we
1994 762 31 11 are
2037 756 98 18 informed,
2154 756 16 17 is
2183 756 38 17 still
2239 757 18 16 in
2274 757 47 22 abey-

1896 785 52 15 ance,
1957 779 35 17 but
2001 785 24 11 an
2034 780 56 16 effort
2098 779 37 17 will
2151 778 22 18 be
2187 780 56 16 mule
2256 781 20 15 to
2285 780 48 17 raise

1897 801 91 19 sufficient
1997 802 58 17 funds
2064 803 25 21 by
2097 809 11 10 a
2123 803 62 17 match
2199 803 85 17 between
2300 804 33 16 the

1897 825 31 18 old
1937 826 37 17 and
1984 832 41 10 new
2034 826 97 17 members.

1919 857 38 17 The
1968 857 68 18 Review
2050 857 22 22 of
2084 857 77 18 Reviews
2177 857 29 17 for
2223 858 108 22 September

1896 881 86 16 contains
1999 886 24 11 an
2044 879 112 23 interesting
2177 881 65 17 article
2260 881 26 22 by
2303 879 28 19 Sir

1896 903 70 18 Robert
1977 904 56 17 Stout
2042 909 23 11 on
2095 903 39 17 The
2148 903 86 18 Political
2248 904 83 18 Outlook

1895 927 21 16 of
1924 927 47 17 New
1980 926 83 17 Zealand
2095 927 20 16 in
2129 926 23 17 wl
2161 927 28 16 uh
2203 927 24 17 he
2241 928 57 17 refers
2312 930 19 15 to

1895 950 32 17 the
1944 952 48 15 state
2008 950 19 17 of
2044 950 32 17 the
2093 950 71 21 Colony
2181 950 102 23 preceding
2300 951 31 18 the

1895 973 80 17 General
1984 973 86 17 Election
2079 973 21 17 of
2110 973 44 17 1893
2163 973 36 17 and
2210 973 31 17 the
2250 974 55 17 trend
2312 975 19 17 of

1895 997 85 20 political
1989 997 63 16 affairs
2061 996 55 17 since.
2149 996 30 17 He
2194 996 45 18 does
2252 999 35 16 not
2301 999 20 16 at-

1895 1021 61 21 tempt
1964 1022 21 15 to
1994 1020 73 22 predict
2076 1020 32 16 the
2117 1020 58 17 result
2184 1021 20 16 of
2214 1021 32 16 the
2255 1021 76 23 coming

1895 1043 78 17 election
1984 1043 34 17 but
2027 1043 23 17 he
2059 1043 94 17 considers
2167 1043 43 17 that
2290 1050 41 11 new

1895 1065 116 19 Parliament
2020 1066 38 17 will
2067 1066 23 17 be
2099 1066 49 17 freer
2156 1065 46 19 than
2217 1067 33 16 the
2266 1069 65 21 presnt

1894 1089 37 18 and
1942 1090 31 18 the
1982 1090 117 17 domination
2109 1090 19 16 of
2137 1095 37 17 any
2184 1095 49 14 man,
2244 1096 21 11 or
2279 1097 11 10 a
2303 1093 28 16 set

1894 1113 20 17 of
1923 1119 49 14 men,
1982 1113 38 17 will
2029 1114 35 16 not
2072 1112 23 18 bo
2241 1114 31 16 Mr
2281 1114 23 17 D.
2311 1114 19 17 J.

1895 1135 69 21 Quinn,
1975 1137 21 18 is,
2006 1143 20 10 as
2036 1136 59 20 usual,
2106 1137 51 21 quite
2166 1138 21 15 at
2195 1137 56 17 home
2265 1137 19 17 in
2301 1137 30 18 his

1895 1160 78 22 graphic;
1982 1158 113 24 description
2103 1158 19 19 of
2152 1158 38 18 The
2198 1158 3 24 '
2209 1160 121 18 Catterthnn'

1894 1183 48 16 Gold
1956 1183 38 17 and
2011 1184 49 16 How
2069 1183 15 16 it
2093 1188 38 11 was
2291 1184 39 17 The

2010 1207 20 17 of
2046 1206 32 17 the
2199 1206 47 18 both
2263 1207 67 17 within

1894 1229 36 17 and
1940 1230 75 21 beyond
2027 1229 33 17 the
2073 1229 85 17 Colonies
2174 1229 15 17 is
2205 1229 72 18 concise
2292 1230 38 18 and

1894 1252 54 24 pithy
1957 1253 37 16 and
2004 1253 32 17 the
2046 1253 103 16 Character
2163 1253 69 17 Sketch
2250 1253 33 17 has
2300 1254 30 17 for

1893 1276 24 16 its
1939 1276 83 23 subjects
2039 1276 31 17 the
2088 1276 99 17 American
2204 1276 125 18 Presidential

1893 1300 114 16 Candidates
2009 1299 198 22 —MessrsMcKinley
2213 1300 37 17 and
2258 1298 70 25 Bryan.

1916 1331 57 17 From
1990 1338 11 10 a
2015 1331 78 16 circular
2102 1330 61 17 issued
2180 1331 26 22 by
2223 1331 32 17 Mr
2263 1331 21 18 C.
2302 1331 25 18 D.

1893 1353 95 24 Morpeth,
2011 1353 98 23 Secretary
2126 1355 21 16 to
2160 1353 32 18 the
2210 1353 117 25 Wellington

1893 1378 103 16 Industrial
2015 1376 117 21 Exhibition,
2148 1377 61 17 which
2228 1383 58 17 opens
2303 1384 24 11 on

1892 1401 107 17 November
2010 1402 26 17 18,
2044 1406 28 10 we
2088 1400 52 17 learn
2154 1400 43 18 that
2208 1401 15 17 it
2232 1401 33 17 has
2280 1402 47 16 been

1892 1424 93 22 arranged
1994 1425 21 17 to
2023 1423 46 17 hold
2079 1430 22 10 an
2112 1424 85 17 amateur
2213 1424 100 17 Elocution-

1891 1454 34 16 ary
1934 1448 37 16 and
1982 1447 78 18 Musical
2070 1447 84 18 Contest.
2180 1447 59 18 There
2257 1448 39 17 will
2304 1448 23 17 be

1892 1471 43 16 four
1943 1471 67 17 classes
2024 1471 20 16 in
2061 1470 106 21 Elocution,
2185 1471 36 16 five
2237 1471 19 17 in
2274 1471 53 17 vocal

1892 1494 59 18 music
1968 1494 36 17 and
2022 1496 38 15 two
2067 1494 19 16 in
2103 1492 134 20 instrumental
2245 1494 82 18 music—

1891 1518 57 16 violin
1957 1517 38 17 and
2002 1517 62 22 piano.
2090 1517 44 17 Two
2147 1517 59 22 prizes
2222 1518 105 21 consisting

1891 1541 20 17 of
1921 1540 44 23 gold
1975 1541 37 17 and
2021 1540 56 17 silver
2086 1539 70 18 medals
2166 1540 37 17 will
2213 1540 23 17 be
2252 1541 62 19 award-

1891 1564 23 17 ed
1921 1564 19 17 in
1959 1564 45 17 each
2022 1564 47 17 class
2086 1563 37 17 and
2139 1564 133 21 competitions
2288 1565 39 16 will

1891 1593 107 12 commence
2018 1593 24 11 on
2060 1586 104 18 December
2177 1588 41 16 21st
2233 1587 37 17 and
2288 1589 29 15 ter-

1892 1611 70 17 minate
1979 1616 23 11 on
2020 1610 103 17 December
2147 1610 43 17 20th
2216 1611 56 17 when
2295 1611 32 17 the

1891 1634 73 17 awards
1974 1634 37 17 will
2018 1633 23 17 be
2048 1633 59 18 made.
2117 1633 82 20 Entries,
2207 1634 61 17 which
2276 1636 51 15 must

1891 1658 23 17 be
1922 1656 133 24 accompanied
2063 1657 25 22 by
2096 1663 11 10 a
2117 1657 28 16 fee
2154 1657 20 16 of
2183 1658 19 16 2s
2212 1657 24 17 (id
2245 1658 29 16 for
2281 1658 45 17 each

1891 1681 53 18 class,
1955 1682 51 16 must
2015 1680 23 17 be
2046 1680 19 17 in
2074 1680 32 17 the
2116 1680 59 17 hands
2184 1681 20 16 of
2213 1681 32 17 the
2262 1680 54 18 Secre-

1891 1706 42 20 tary
1942 1704 24 22 by
1976 1703 108 18 November
2092 1703 51 17 .'{Oth.
2176 1704 44 16 This
2229 1704 15 16 is
2253 1705 28 15 an'
2292 1710 23 16 op-

1890 1727 99 23 portunity
2009 1727 61 17 which
2100 1733 34 10 our
2161 1726 88 25 budding
2277 1727 50 18 Sims

1891 1751 96 19 Reveeses,
1997 1751 66 21 Henry
2070 1750 76 23 livings
2153 1750 37 17 and
2197 1750 129 17 Padarewskis

1890 1774 67 17 should
1967 1776 34 15 not
2011 1774 49 17 miss.

1914 1806 38 17 The
1966 1806 116 21 Wellington
2102 1806 147 21 correspondent
2261 1806 20 17 of
2295 1806 31 17 the

1892 1829 69 17 f/crald
1971 1829 61 17 stated
2042 1828 32 18 the
2084 1828 53 17 other
2147 1828 36 23 day
2197 1829 43 17 that
2256 1828 16 18 it
2288 1835 38 11 was

1912 1853 101 16 rumoured
2029 1853 19 16 in
2067 1851 115 24 Wellington
2201 1853 42 16 that
2256 1852 71 21 during

1890 1875 32 18 the
1931 1878 43 20 past
1983 1876 37 17 few
2029 1875 60 16 weeks
2099 1881 50 11 some
2157 1877 35 14 200
2198 1875 128 23 co-operative

1890 1900 96 16 labourers
1995 1899 48 16 have
2052 1899 45 16 been
2113 1899 71 21 quietly
2199 1898 70 18 shifted
2286 1899 40 17 into

1889 1922 33 18 the
1931 1923 41 21 Bay
1982 1922 19 17 of
2016 1922 68 21 Plenty
2100 1922 106 20 electorate,
2225 1928 24 11 no
2267 1922 59 17 doubt

1890 1946 45 17 with
1945 1952 11 10 a
1966 1946 47 16 view
2030 1945 113 23 principally
2161 1947 19 15 to
2195 1947 43 16 vote
2253 1946 30 16 for
2294 1946 32 16 the

1890 1969 128 17 Government
2030 1967 105 20 candidate.
2169 1969 51 22 They
2238 1974 31 12 are
2286 1974 26 13 em-

1889 1990 68 25 ployed
1968 1994 19 15 at
1996 1999 11 10 a
2016 1992 53 22 place
2078 1991 58 18 called
2147 1992 84 21 Galatea,
2242 1991 60 18 which
2310 1993 16 16 is

1889 2016 103 16 somewhat
2002 2015 19 18 of
2030 2022 9 10 a
2051 2015 106 17 wilderness
2166 2016 36 16 and
2212 2018 34 15 out
2260 2016 21 17 of
2294 2016 32 17 the

1889 2045 41 16 way
1940 2039 19 17 of
2129 2039 30 17 No
2173 2039 44 17 such
2230 2039 95 17 incursion

1889 2063 19 16 of
1917 2063 82 16 laborers
2009 2063 33 16 has
2051 2063 31 21 yet
2092 2061 56 19 taken
2157 2061 54 23 place
2218 2063 73 22 though
2298 2069 28 11 we

1889 2091 48 12 were
1944 2084 83 22 credibly
2037 2085 92 17 informed
2139 2091 50 11 some
2203 2086 62 17 week*
2281 2091 43 17 ago,

1888 2109 37 17 and
1947 2115 48 16 gave
2016 2109 32 17 the
2065 2112 63 19 report
2145 2114 89 17 currency
2251 2110 19 16 in
2293 2109 33 18 the

1888 2132 119 18 CHRONICLE
2016 2133 42 16 that
2067 2138 11 10 a
2087 2131 127 18 considerable
2220 2133 80 17 number
2306 2134 20 16 of

1888 2162 42 11 men
1940 2155 62 18 would
2011 2155 24 17 be
2042 2155 65 23 placed
2116 2160 24 11 on
2149 2155 32 17 the
2192 2156 99 17 extension
2305 2157 21 16 of

1888 2179 32 16 the
1929 2178 242 18 Waikaremoana-Wairoa
2183 2179 46 17 road
2243 2185 20 11 as
2279 2185 46 12 soon

1887 2208 20 11 as
1916 2202 32 18 the
1957 2202 71 22 Spring
2037 2207 38 11 was
2084 2202 29 17 far
2129 2202 75 23 enough
2222 2202 102 18 advanced.

1888 2226 26 16 As
1923 2226 79 16 Galatea
2011 2225 14 17 is
2035 2231 25 11 on
2075 2225 32 18 the
2121 2225 58 17 direct
2193 2225 46 18 road
2256 2227 20 16 to
2293 2226 33 18 the

1888 2247 89 19 Urewera
1986 2250 81 20 country
2075 2249 15 16 it
2099 2248 15 17 is
2128 2248 83 22 possible
2227 2249 43 18 that
2287 2249 38 18 this

1888 2274 101 15 statement
2009 2278 44 15 may
2070 2272 47 17 have
2135 2272 55 21 given
2205 2271 36 19 rise
2258 2274 20 16 to
2293 2273 33 17 the

2015 2295 19 17 in
2042 2294 124 23 Wellington.

1910 2327 39 18 The
1969 2327 40 17 first
2031 2327 95 22 shipment
2147 2327 20 17 of
2187 2326 70 24 garden
2276 2329 49 16 seats

1886 2350 78 18 ordered
1982 2351 24 22 by
2023 2350 33 18 the
2072 2349 57 18 Town
2148 2350 61 18 Hoard
2227 2352 49 17 from
2293 2352 33 17 the

1889 2373 41 18 firm
1940 2374 19 17 of
1968 2374 22 17 A.
2001 2374 36 16 and
2048 2373 19 17 T.
2084 2373 41 19 Birt
2142 2374 20 16 of
2179 2374 94 20 Dunedin,
2291 2375 35 17 has

1886 2397 73 18 arrived
1969 2397 37 17 and
2016 2397 32 17 the
2058 2397 68 17 frames
2135 2402 32 12 are
2175 2404 43 10 now
2227 2398 57 21 being
2290 2400 34 20 put

1887 2421 94 21 together.
2007 2419 39 18 The
2055 2422 33 15 ton
2098 2422 19 15 to
2126 2420 51 17 hand
2195 2421 39 17 will
2251 2422 73 17 furnish

1888 2446 19 15 14
1918 2446 50 15 scats
1977 2444 38 17 and
2023 2450 11 11 a
2044 2445 31 15 ton
2086 2449 50 12 more
2147 2442 14 18 is
2170 2449 43 12 now
2223 2451 24 11 on
2263 2445 60 17 order.

1886 2467 81 22 Though
1976 2468 32 16 the
2018 2468 68 16 frames
2095 2473 31 11 are
2135 2467 20 17 of
2162 2468 62 22 heavy
2234 2470 40 16 cast
2282 2468 41 18 iron

1886 2491 45 23 they
1940 2489 156 24 areagreeablein
2102 2496 116 16 appearance
2225 2491 37 17 and
2265 2491 48 23 judg-

1886 2514 35 22 ing
1928 2515 26 19 by
1963 2514 34 17 the
2006 2513 71 24 sample
2095 2515 39 16 seat
2147 2516 34 20 put
2197 2515 89 22 together
2299 2511 26 26 by

1886 2537 33 18 Mr
1927 2538 74 17 Purcell
2011 2543 24 11 no
2046 2537 98 23 exception
2154 2543 33 12 can
2197 2538 23 17 be
2235 2538 57 17 taken
2305 2538 20 17 in

1886 2561 33 17 the
1928 2562 69 16 matter
2006 2561 20 17 of
2037 2561 86 17 comfort.
2155 2561 40 17 The
2212 2568 41 10 mor
2270 2568 54 15 gram

1886 2585 21 17 of
1926 2584 33 18 the
1976 2583 198 19 Board—R.T.B.—is
2197 2586 40 16 cast,
2255 2585 19 17 in
2293 2585 32 17 the

1887 2608 55 17 scroll
1951 2608 21 17 of
1986 2606 46 19 each
2045 2608 57 18 chair,
2121 2606 61 19 which
2200 2608 39 17 will
2256 2607 67 18 enable

1886 2630 53 18 them
1948 2632 20 16 to
1977 2630 23 18 be
2009 2630 58 22 easily
2076 2630 64 18 traced
2154 2631 19 17 in
2190 2630 32 18 the
2236 2633 57 16 event
2305 2632 21 17 of

1887 2654 49 18 their
1945 2653 90 22 arousing
2044 2655 32 16 the
2086 2653 84 23 cupidity
2179 2655 20 16 of
2205 2654 120 22 thoughtless

1886 2677 115 18 individuals
2016 2677 61 17 whose
2091 2677 54 17 habit
2162 2677 15 18 it
2194 2677 15 18 is
2225 2680 21 15 to
2263 2684 62 11 annex

1888 2702 45 16 such
1954 2699 64 19 trifles.
2053 2699 51 23 They
2121 2700 61 22 weigh
2201 2700 57 19 about
2276 2702 49 17 -Icwt

1888 2724 51 18 each.
1964 2724 39 17 The
2012 2726 49 15 seats
2070 2722 39 19 will
2117 2723 73 24 shortly
2199 2724 23 18 be
2230 2724 67 23 placed
2305 2724 20 18 in

1888 2748 32 16 the
1935 2747 120 17 Sanatorium
2072 2747 81 22 gardens
2170 2748 38 16 and
2225 2748 101 17 elsewhere

1888 2771 37 17 and
1934 2776 31 12 are
1978 2770 65 17 bound
2058 2772 19 15 to
2091 2771 71 18 attract
2178 2771 33 17 the
2227 2771 62 18 notice
2305 2771 21 17 of

1888 2793 52 18 hotel
1955 2793 39 18 and
2014 2793 162 23 boarding-house
2191 2793 78 23 keepers
2283 2794 43 17 who

1888 2823 44 16 may
1941 2817 74 23 require
2023 2817 46 17 such
2082 2817 134 18 conveniences
2230 2818 30 17 for
2277 2817 50 17 their

1889 2846 42 12 own
1940 2841 90 22 grounds.

1914 2872 40 17 The
1986 2872 74 22 private
2091 2871 71 18 Rachel
2190 2871 61 18 Baths
2279 2872 48 17 have

1889 2895 48 18 been
1946 2895 55 17 much
2011 2895 98 22 improved
2122 2893 27 24 by
2164 2895 72 22 having
2252 2897 39 16 two
2307 2896 21 17 of

1891 2919 49 17 their
1949 2919 81 17 number
2038 2924 24 11 on
2071 2919 32 16 the
2114 2917 58 18 men's
2181 2919 39 17 side
2230 2917 39 19 and
2289 2922 39 14 two

1889 2948 25 11 on
1931 2941 33 18 the
1981 2942 89 17 women's
2087 2940 39 19 side
2143 2941 51 18 lined
2207 2942 46 17 with
2270 2942 58 17 white

1891 2966 94 21 porcelain
1995 2965 48 17 tiles.
2069 2964 76 18 Besides
2158 2965 102 22 rendering
2275 2964 53 19 them

1891 2994 51 12 more
1950 2989 100 17 attractive
2066 2988 20 17 in
2100 2994 116 16 appearance
2232 2989 47 22 they
2296 2995 32 11 are

1890 3010 97 24 decidedly
2008 3017 52 12 more
2077 3011 124 18 comfortable
2217 3011 38 18 and
2271 3012 57 17 much

1891 3034 84 23 superior
1983 3036 20 16 to
2013 3034 31 18 old
2054 3040 46 17 grey
2108 3037 86 15 concrete
2199 3034 62 24 lining
2267 3034 62 18 which

1890 3063 58 13 never
1955 3057 68 19 looked
2030 3057 53 18 clean
2093 3058 84 17 whether
2186 3058 16 18 it
2215 3064 39 12 was
2269 3064 20 12 so
2305 3064 23 12 or

1891 3083 40 16 not.
1957 3081 40 17 One
2005 3081 46 17 bath
2062 3087 23 11 on
2095 3081 45 17 each
2150 3080 38 18 side
2197 3081 15 18 is
2220 3087 44 11 now
2270 3081 58 22 ready

1891 3105 31 17 for
1929 3110 33 12 use
1971 3104 38 17 and
2017 3104 20 17 in
2046 3104 52 17 these
2107 3105 81 17 showers
2197 3105 39 17 will
2245 3105 23 17 bo
2274 3105 56 17 fitted

1891 3133 32 17 up.
1948 3128 39 17 The
1996 3128 70 22 charge
2075 3128 29 17 for
2112 3128 53 17 these
2173 3128 56 17 baths
2241 3128 15 17 is
2273 3129 19 16 Is
2309 3134 21 11 or

1891 3152 38 16 two
1943 3150 46 23 clips
1998 3151 49 17 from
2056 3157 12 11 a
2076 3156 64 12 course
2156 3156 22 12 or
2194 3150 135 18 commutative

1891 3174 65 18 ticket.
1982 3174 39 17 The
2029 3175 48 16 Blue
2086 3173 112 24 Swimming
2207 3175 48 17 Bath
2265 3175 16 15 is
2289 3175 41 16 also

1892 3196 121 24 undergoing
2025 3203 11 11 a
2051 3196 96 24 thorough
2164 3197 111 18 renovation
2292 3197 37 18 and

1893 3220 38 18 will
1940 3220 23 17 bo
1972 3220 62 18 closed
2043 3221 30 17 for
2086 3221 32 16 the
2133 3220 106 18 remainder
2255 3221 21 17 of
2292 3221 38 17 this

1892 3244 73 17 month.
1997 3244 38 17 The
2053 3245 85 16 concrete
2155 3244 89 22 footpath
2260 3245 21 17 at
2297 3244 33 18 the

1893 3267 48 17 sides
1950 3267 61 17 which
2020 3273 39 11 was
2069 3265 55 19 much
2133 3266 72 18 broken
2218 3273 28 17 up
2258 3267 26 23 by
2298 3267 32 17 the

1893 3290 49 17 frost
1950 3290 39 17 will
1997 3290 25 17 be
2030 3289 59 18 relaid
2098 3290 37 17 and
2145 3289 31 18 the
2185 3289 74 19 bottom
2269 3290 21 18 of
2306 3290 25 17 !.e

1893 3312 46 18 bath
1948 3312 85 19 levelled.
2058 3314 40 16 The
2107 3312 72 18 douche
2194 3313 39 18 will
2249 3314 40 17 also
2306 3312 24 19 be

1894 3337 70 17 shifted
1973 3338 20 16 to
2002 3337 32 17 the
2044 3342 51 12 same
2109 3337 39 17 side
2161 3342 20 12 as
2198 3337 32 17 the
2248 3337 83 22 Sulphur

1893 3359 78 23 Vapour
1980 3360 49 17 Bath
2039 3361 20 16 to
2068 3360 58 17 admit
2136 3359 21 18 of
2165 3360 24 17 its
2204 3359 59 23 being
2279 3366 52 11 more

1894 3384 110 16 convenient
2014 3384 30 17 for
2051 3383 83 22 patients
2150 3383 122 23 undergoing
2288 3384 43 16 that

1894 3407 108 17 treatment.

1917 3438 26 17 At
1951 3438 37 17 last
1997 3437 67 18 week's
2073 3436 84 23 meeting
2162 3437 20 18 of
2191 3437 32 18 the
2231 3437 100 18 Auckland

1894 3460 162 18 Acclimatisation
2066 3460 74 23 Society
2149 3460 15 17 it
2173 3467 38 11 was
2220 3461 56 22 again
2293 3460 29 18 dis-

1894 3483 65 18 cussed
1968 3483 86 18 whether
2062 3485 20 15 at
2090 3484 69 17 certain
2177 3490 75 11 seasons
2266 3484 20 17 of
2299 3484 33 17 the

1894 3513 46 16 year
1947 3513 77 17 persons
2039 3506 68 18 should
2124 3506 25 18 be
2164 3507 81 17 allowed
2262 3508 20 16 to
2298 3508 35 16 net

1894 3531 52 16 trout
1955 3530 20 17 in
1983 3529 52 18 Lake
2044 3530 90 21 Rotorua,
2149 3536 19 11 as
2183 3531 43 16 that
2241 3530 35 17 fish
2294 3530 38 17 had

1893 3552 77 19 become
1979 3559 20 12 so
2007 3558 102 12 numerous
2117 3559 20 11 as
2147 3554 20 16 to
2179 3553 71 18 devour
2266 3552 66 23 nearly

1895 3576 26 18 all
1929 3577 32 17 the
1969 3575 64 19 native
2042 3575 42 18 fish.
2109 3575 31 18 Mr
2149 3575 86 21 Webber,
2246 3577 19 17 of
2271 3576 48 18 Roto-

1895 3606 40 14 rua,
1944 3601 59 16 wrote
2020 3599 20 18 in
2055 3600 67 17 favour
2138 3599 20 18 of
2175 3599 33 18 the
2223 3599 53 23 plan,
2295 3599 37 18 and

1895 3623 102 25 suggested
2006 3623 43 16 that
2058 3623 31 16 the
2098 3622 68 17 license
2182 3623 29 17 fee
2226 3622 69 19 should
2308 3623 24 17 be

1895 3644 80 20 reduced
1985 3647 18 16 to
2015 3646 36 16 10s.
2076 3644 20 18 It
2105 3650 38 12 was
2152 3646 68 22 agreed
2229 3648 20 16 to
2260 3651 60 12 recom-

1895 3669 56 17 mend
1959 3669 33 17 the
2001 3668 127 18 Government
2133 3669 21 17 to
2159 3669 50 17 issue
2215 3669 117 23 regulations

1895 3692 102 22 providing
2013 3692 30 17 for
2059 3691 32 18 the
2109 3691 77 23 netting
2203 3692 38 17 and
2258 3692 38 17 sale
2312 3693 21 16 of

1895 3717 53 15 trout
1957 3714 20 18 in
1985 3715 33 17 the
2027 3714 43 18 lake
2078 3720 51 17 upon
2138 3715 33 17 the
2179 3715 50 18 basis
2239 3716 19 17 of
2274 3721 46 16 regu-

1895 3738 69 18 lations
1975 3738 60 18 which
2046 3744 31 11 are
2086 3737 76 23 already
2170 3737 19 18 in
2196 3739 51 17 force
2255 3740 20 16 at
2280 3737 53 18 Lake

1895 3761 102 23 Wakatipu
2006 3761 38 17 and
2054 3761 53 17 other
2119 3761 52 17 lakes
2187 3761 20 17 in
2222 3761 33 18 the
2272 3761 59 17 South

1896 3783 71 18 Island.
1998 3784 55 17 Since
2062 3783 31 18 the
2107 3784 84 22 meeting
2206 3784 33 17 Mr
2252 3784 81 17 Webber

1895 3808 15 16 is
1919 3806 20 18 in
1947 3808 71 22 receipt
2027 3808 20 17 of
2055 3813 11 11 a
2074 3807 56 17 letter
2143 3808 49 17 from
2206 3808 32 17 Mr
2252 3808 69 17 Cheese-

1895 3836 45 12 man
1948 3831 20 17 in
1983 3829 115 22 conformity
2109 3830 46 17 with
2169 3831 34 17 the
2218 3830 60 18 above
2295 3830 38 17 and

1895 3853 40 18 also
1944 3854 74 22 stating
2025 3853 44 18 that
2076 3853 33 17 the
2125 3853 69 18 license
2206 3855 30 16 fee
2244 3854 30 17 for
2286 3852 36 19 fish-

1895 3876 35 23 ing
1938 3876 47 18 with
1994 3876 35 18 rod
2038 3876 37 17 and
2084 3875 38 18 line
2130 3876 39 17 will
2177 3876 24 17 be
2208 3876 50 18 fixed
2267 3878 20 15 at
2295 3878 36 15 10s.

1896 3896 39 21 The
1945 3905 65 12 season
2019 3900 15 17 is
2044 3899 50 17 fixed
2103 3900 20 16 to
2133 3905 106 12 commence
2249 3905 25 12 on
2282 3900 49 17 Nov.

1898 3923 28 16 15.
1956 3921 20 19 It
1989 3921 34 19 has
2036 3922 48 17 been
2098 3921 77 19 decided
2189 3922 43 18 that
2245 3922 32 18 the
2291 3922 42 18 best

1896 3952 43 16 way
1948 3947 20 16 to
1978 3951 80 17 manage
2067 3945 32 17 the
2107 3945 76 23 netting
2191 3946 85 17 business
2288 3945 15 18 is
2312 3948 21 15 to

1897 3968 63 18 divide
1969 3969 32 17 the
2011 3968 97 18 foreshore
2116 3969 20 16 of
2145 3968 32 18 the
2185 3968 43 18 lake
2233 3970 41 16 into
2281 3975 52 11 areas

1896 3991 39 18 and
1943 3991 35 18 soil
1985 3991 34 18 the
2027 3991 54 23 right
2089 3993 20 16 to
2121 3991 71 24 fishing
2204 3992 20 17 in
2239 3991 52 18 these
2307 3991 27 23 by

1896 4015 83 17 auction.

1987 4045 111 19 WOLFE'S
2107 4045 134 19 SCHNAPPS

2108 4083 16 11 ♦-

1897 4104 20 17 Is
1933 4109 13 12 a
1968 4104 146 22 professionally
2137 4104 143 18 recommended
2296 4104 38 18 and

1897 4126 115 21 universally
2021 4127 93 17 esteemed
2130 4127 81 17 diuretic
2227 4129 20 16 to
2263 4129 71 15 restore

1898 4150 32 17 the
1939 4149 79 23 kidneys
2026 4151 21 16 to
2056 4149 84 23 activity,
2148 4149 87 24 averting
2243 4152 49 21 gout
2297 4151 37 16 and

1898 4172 129 17 rheumatism.

2384 144 78 17 WORK
2471 144 33 17 AT
2512 144 249 18 WHAKAREWAREWA.

2382 199 26 18 At
2432 200 32 17 the
2480 200 102 18 invitation
2598 201 21 18 of
2634 201 32 17 Mr
2682 201 84 21 Malfroy
2783 207 9 10 a

2358 222 45 18 visit
2421 229 38 12 was
2474 223 46 23 paid
2533 226 21 15 to
2568 224 33 17 the
2616 224 71 22 Geyser
2707 224 50 17 Area
2773 226 19 15 at

2358 245 175 19 Whakarewarewa
2541 253 25 11 on
2575 246 84 25 Monday
2668 247 37 17 last
2714 248 30 16 for
2760 248 32 16 the

2358 274 80 18 purpose
2446 271 21 15 of
2480 270 64 21 seeing
2553 270 33 17 the
2594 270 53 17 work
2654 270 78 22 already
2744 270 48 18 done

2358 298 20 10 as
2387 293 91 21 surveyed
2485 293 26 21 by
2520 293 32 17 Mr
2560 293 62 18 Baber
2627 293 38 18 and
2676 293 80 23 gaining
2768 300 23 11 an

2358 314 41 18 idea
2408 316 21 17 of
2438 316 51 17 what
2498 317 15 16 is
2528 316 91 17 intended
2632 319 21 15 to
2669 316 24 17 be
2706 316 48 18 done
2772 319 19 15 to

2358 339 74 17 further
2440 340 85 22 opening
2532 346 27 15 up
2575 340 33 17 the
2624 340 54 22 place
2694 340 26 21 by
2737 340 54 18 roads

2358 361 37 18 and
2405 362 103 22 footpaths.
2542 363 81 23 Passing
2629 363 33 17 the
2671 363 53 17 track
2739 363 42 17 lead-

2357 384 34 22 ing
2414 386 21 16 to
2451 386 33 17 the
2506 386 109 17 settlement
2636 392 28 11 we
2689 386 102 22 proceeded

2358 407 57 23 along
2426 409 33 17 the
2473 409 66 22 Taupo
2556 410 46 17 road
2619 415 10 11 a
2646 409 50 17 little
2712 415 42 16 way
2771 412 20 15 to

2357 430 62 18 where
2426 438 11 10 a
2445 432 52 17 short
2513 433 67 17 detour
2591 433 53 17 leads
2659 434 21 15 to
2694 437 24 11 an
2731 433 48 17 emin-

2356 459 45 12 ence
2409 454 123 24 overlooking
2540 456 33 17 the
2586 462 43 11 now
2642 455 57 18 silent
2710 455 81 18 Waikite

2356 477 38 16 and
2408 478 66 22 giving
2483 484 11 12 a
2502 478 48 19 view
2563 480 21 16 of
2588 480 33 16 the
2629 478 62 17 whole
2700 479 55 16 series
2771 480 20 16 of

2356 505 82 17 geysers.
2471 502 33 17 We
2519 502 63 18 would
2601 501 120 19 recommend
2737 502 54 17 those

2356 523 58 17 about
2431 526 19 15 to
2464 525 43 17 visit
2521 525 175 17 Whakarewarewa
2715 525 30 17 for
2758 525 33 17 the

2356 546 40 17 first
2402 547 44 17 time
2455 550 19 15 to
2484 548 79 22 proceed
2570 553 20 13 to
2599 549 38 17 this
2646 549 82 21 vantage
2737 549 54 21 point

2356 569 37 17 and
2409 570 16 17 if
2438 571 45 22 they
2492 578 31 10 are
2536 572 97 17 fortunate
2650 573 20 16 to
2679 577 63 11 secure
2758 572 33 16 the

2356 594 155 23 companionship
2525 596 20 16 of
2554 601 51 11 some
2613 601 36 11 one
2664 594 44 17 who
2725 594 65 17 knows

2356 615 32 18 the
2398 614 76 26 locality
2484 624 11 10 a
2504 619 152 21 comprehensive
2664 617 43 17 idea
2713 624 43 16 may
2767 618 23 16 be

2355 638 88 19 obtained
2452 641 21 16 of
2481 641 32 17 the
2523 641 61 18 whole
2592 643 70 21 system
2673 641 61 17 which
2752 641 37 17 will

2356 662 84 23 simplify
2449 666 78 15 matters
2535 665 55 16 when
2600 665 45 21 they
2654 664 79 22 proceed
2742 665 20 16 to
2779 671 10 10 a

2355 685 58 17 closer
2421 688 184 22 acquaintanceship.
2631 688 25 16 As
2666 688 29 16 far
2704 694 20 10 as
2739 687 38 17 Wai-

2354 708 39 17 kite
2401 709 51 18 itself
2460 711 15 16 is
2488 711 103 17 concerned
2600 711 84 17 distance
2692 710 53 17 lends
2756 716 22 12 en-

2354 732 111 19 chantment
2478 735 20 16 to
2507 734 32 17 the
2552 734 53 21 view,
2615 734 38 17 and
2669 734 33 17 the
2719 735 70 16 terrace

2355 755 100 19 formation
2466 763 42 16 may
2523 757 23 17 be
2561 763 43 11 seen
2613 759 20 15 to
2641 758 30 16 far
2687 763 51 11 more
2754 757 23 17 ad-

2354 781 83 21 vantage
2453 781 47 16 than
2509 781 54 16 when
2572 781 71 16 viewed
2656 780 76 22 closely.
2766 781 22 16 In

2356 802 49 22 18(38,
2431 803 32 18 Mr
2480 803 84 23 Malfroy
2582 803 94 18 informed
2693 809 27 15 us,
2737 803 52 18 there

2354 833 48 11 were
2410 828 35 15 not
2453 828 22 16 50
2481 833 67 16 square
2555 827 56 22 yards
2619 828 19 15 of
2647 827 37 17 this
2695 826 93 19 beautiful

2354 850 56 17 white
2420 850 58 18 sinter
2486 850 101 18 formation
2596 850 35 17 but
2640 850 25 22 by
2674 849 114 24 judiciously

2354 873 115 23 conducting
2487 874 33 16 the
2544 875 59 15 water
2620 879 44 11 over
2683 873 51 17 what
2751 879 37 11 was

2354 896 64 18 rather
2426 903 11 10 a
2445 897 120 17 treacherous
2574 897 73 16 surface
2655 902 11 11 a
2676 897 77 21 coating
2768 898 21 15 of

2354 920 51 17 silica
2419 925 38 12 was
2473 920 98 22 deposited
2586 920 62 17 which
2664 919 75 18 enables
2756 921 32 16 the

2354 943 66 17 visitor
2436 944 21 16 to
2471 944 55 19 form,
2540 946 21 14 at
2569 944 53 18 least,
2633 949 11 11 a
2653 943 48 17 faint
2709 943 43 17 idea
2768 944 20 16 of

2353 967 33 16 the
2395 966 69 22 glories
2472 967 21 17 of
2503 967 32 17 the
2549 967 38 17 lost
2595 967 87 17 Terraces
2691 967 20 16 of
2724 967 56 17 Roto'

2354 989 86 19 mahana.

2376 1013 39 16 The
2430 1018 65 13 course
2512 1013 20 16 of
2544 1013 33 16 the
2593 1013 74 16 various
2680 1013 55 16 roads
2750 1013 37 17 and

2353 1036 97 22 footpaths
2464 1036 15 17 is
2494 1036 78 23 pointed
2588 1038 34 15 out
2639 1036 48 17 from
2702 1036 44 17 here
2761 1036 26 23 by

2353 1059 31 17 Mr
2393 1059 89 23 Malfroy.
2518 1060 54 16 After
2581 1059 84 22 crossing
2674 1060 32 16 the
2721 1059 66 23 bridge

2353 1088 34 11 one
2396 1082 52 17 drive
2456 1083 91 17 branches
2563 1082 82 18 towards
2660 1082 92 17 Turikore
2766 1089 21 11 or

2353 1106 31 16 the
2398 1106 60 21 Spoilt
2473 1106 57 19 Bath,
2546 1106 38 17 and
2596 1106 32 17 the
2651 1106 74 17 curious
2741 1112 34 11 con-

2352 1129 60 22 geries
2421 1130 19 17 of
2448 1130 35 16 hot
2492 1129 75 22 springs
2575 1129 37 17 and
2621 1128 79 18 lakelets
2709 1130 19 16 of
2737 1130 40 16 vari-

2353 1158 33 11 ous
2395 1153 72 17 colours
2485 1153 18 16 in
2513 1153 42 17 that
2564 1153 97 16 direction.
2694 1152 38 17 The
2741 1153 46 17 road

2352 1177 20 16 to
2380 1174 33 19 the
2431 1175 51 22 right
2499 1181 63 18 passes
2579 1175 83 23 through
2681 1175 32 18 the
2724 1176 63 17 native

2352 1199 107 17 settlement
2479 1199 59 17 above
2556 1199 120 17 I'arekohura
2701 1198 37 19 and
2754 1200 33 16 the

2351 1221 55 18 other
2412 1221 81 22 cooking
2502 1221 37 18 and
2548 1221 81 23 bathing
2638 1222 59 22 pools,
2709 1222 78 18 ascends

2351 1245 32 17 tin;
2402 1246 34 17 hill
2453 1246 82 17 Towards
2563 1246 32 16 the
2619 1246 64 16 native
2704 1245 83 23 burying

2351 1269 75 21 ground
2435 1268 138 24 (wahitupapa)
2583 1268 60 19 which
2652 1269 15 16 it
2685 1269 54 17 skirts
2749 1269 38 17 and

2352 1292 46 17 then
2406 1292 27 23 by
2443 1299 10 10 a
2462 1292 65 22 gentle
2535 1292 76 17 descent
2624 1297 64 17 passes
2702 1292 85 17 between

2351 1316 32 16 the
2393 1315 75 19 Wairoa
2477 1316 37 16 and
2525 1316 128 16 Waikorobihi
2662 1321 82 16 geysers.
2770 1316 17 17 A

2350 1337 50 19 little
2417 1339 84 17 distance
2521 1341 44 20 past
2584 1339 37 17 this
2641 1339 54 22 point
2712 1339 75 17 various

2351 1362 96 23 footpaths
2454 1362 71 17 branch
2533 1362 28 17 off
2567 1362 78 21 leading
2658 1363 21 16 to
2694 1362 80 17 Waikite
2781 1362 3 23 ;

2351 1387 19 15 to
2380 1386 31 17 the
2422 1391 44 12 cave
2480 1386 62 16 where
2557 1386 32 16 the
2603 1385 103 22 legendary
2723 1386 64 17 native

2350 1409 32 17 hid
2391 1409 75 17 himself
2475 1410 29 16 till
2515 1408 22 18 he
2546 1415 39 11 was
2600 1408 85 23 dragged
2699 1410 33 16 out
2749 1409 37 17 and

2349 1432 29 17 his
2388 1433 64 16 brains
2461 1432 70 18 cooked
2538 1433 20 16 in
2567 1433 32 16 the
2609 1432 57 17 Brain
2678 1432 46 20 Pot;
2738 1433 21 16 to
2775 1439 12 10 a

2349 1455 37 17 low
2395 1455 49 18 bluff
2451 1462 23 11 on
2485 1456 32 16 the
2526 1456 53 16 creek
2589 1457 48 15 from
2647 1456 60 16 which
2716 1461 11 11 a
2736 1456 50 22 good

2349 1480 47 16 view
2400 1480 20 16 of
2424 1480 31 16 the
2578 1485 67 16 geyser
2648 1478 37 18 and
2691 1478 95 18 theßlack

2349 1503 78 17 Terrace
2443 1508 44 16 may
2509 1503 24 16 be
2549 1501 96 18 obtained.
2675 1502 39 16 The
2735 1503 51 16 main

2349 1527 52 20 road,
2410 1526 92 17 however,
2513 1525 99 18 continues
2623 1525 86 17 onwards
2724 1531 21 11 as
2758 1525 29 18 far

2349 1556 20 11 as
2378 1548 105 24 Papakura,
2493 1548 34 17 the
2535 1555 67 15 geyser
2611 1548 53 22 lying
2673 1548 83 17 furthest
2761 1555 26 16 up

2349 1574 32 16 the
2390 1573 59 19 creek,
2460 1572 45 18 then
2515 1571 64 18 circles
2587 1572 61 17 round
2664 1571 33 17 the
2711 1572 41 17 foot
2767 1573 20 17 of

2349 1596 32 18 the
2387 1596 33 18 hill
2429 1596 37 17 and
2474 1598 75 14 returns
2558 1595 26 22 by
2592 1595 32 17 the
2639 1600 60 17 upper
2713 1595 40 17 side
2767 1596 20 17 of

2349 1620 81 16 Waikite
2446 1619 38 17 and
2500 1624 21 12 so
2537 1619 59 23 along
2610 1617 30 18 till
2655 1618 16 17 it
2687 1618 50 22 joins
2754 1619 32 17 the

2349 1643 54 17 other
2411 1642 51 19 road.

2373 1666 78 20 Having
2460 1666 44 17 thus
2513 1666 37 16 had
2560 1672 11 10 a
2587 1664 97 23 birds-eye
2701 1665 48 17 view
2766 1666 20 16 of

2349 1690 33 17 the
2390 1689 77 22 locality
2474 1696 11 10 a
2495 1694 65 12 course
2568 1695 39 11 was
2622 1688 72 17 steered
2707 1689 30 16 for
2754 1689 32 17 the

2349 1711 72 23 rickety
2430 1711 66 23 bridge
2506 1711 25 23 by
2540 1711 61 19 which
2612 1717 61 12 access
2686 1710 15 18 is
2717 1711 69 22 gained

2349 1738 20 15 to
2379 1737 31 16 the
2420 1742 66 16 geyser
2492 1741 48 11 area.
2567 1736 16 16 A
2591 1741 40 10 new
2638 1734 72 22 bridge,
2719 1737 67 19 strong

2349 1760 37 17 and
2396 1759 47 18 wide
2452 1759 76 22 enough
2537 1759 28 17 for
2571 1758 95 18 vehicular
2674 1758 65 19 traffic,
2747 1758 39 18 will

2349 1783 23 17 be
2380 1782 49 18 built
2438 1783 49 16 here.
2515 1782 20 17 In
2546 1782 38 17 fact
2598 1782 32 16 the
2638 1787 99 16 necessary
2752 1787 22 12 ex-

2349 1806 96 17 cavations
2453 1807 19 16 in
2481 1805 33 18 the
2523 1805 47 18 hard
2580 1805 43 17 rock
2633 1805 29 16 for
2671 1804 33 18 the
2721 1811 53 17 recep-

2349 1830 39 17 tion
2398 1830 20 16 of
2427 1830 31 16 the
2467 1830 50 16 main
2527 1829 89 22 supports
2624 1834 31 11 arc
2671 1833 43 12 now
2731 1828 55 19 made

2349 1853 37 17 and
2395 1853 32 17 the
2436 1852 51 17 work
2497 1858 45 16 goes
2551 1857 24 12 on
2584 1853 21 15 at
2613 1857 51 11 once.
2690 1851 39 17 The
2744 1857 41 12 new

2349 1878 92 16 structure
2452 1876 37 16 will
2499 1880 71 18 occupy
2580 1875 90 22 precisely
2687 1874 33 18 the
2735 1882 51 11 same

2348 1900 82 22 position
2439 1905 20 11 as
2469 1899 32 16 the
2510 1899 31 17 old
2551 1904 35 11 one
2601 1898 37 17 and
2653 1898 32 17 the
2699 1897 52 18 work
2765 1900 21 16 of

2348 1923 82 17 erection
2439 1922 37 17 will
2486 1922 23 17 be
2518 1921 71 18 carried
2599 1927 23 11 on
2632 1922 81 16 without,
2726 1922 49 17 inter-

2348 1946 79 22 rupting
2436 1945 31 19 the
2476 1946 66 16 traffic.
2569 1943 90 23 Crossing
2667 1950 45 11 over
2720 1946 20 16 to
2753 1946 32 16 the

2348 1969 107 17 settlement
2465 1969 30 17 Mr
2507 1968 73 18 Purcell
2589 1968 52 17 leads
2650 1968 32 16 the
2692 1974 41 16 way
2747 1969 38 17 and

2349 1998 28 11 we
2386 1994 65 16 mount
2461 1993 20 18 to
2490 1993 33 16 the
2531 1991 51 18 brow
2596 1991 21 17 of
2630 1991 32 17 the
2680 1990 34 18 hill
2730 1998 44 11 over-

2347 2015 79 22 looking
2434 2016 81 17 Wairoa.
2529 2014 135 18 Waikorobihi,
2681 2012 44 25 Nga
2742 2014 28 19 Ma-

2348 2039 71 22 hunga,
2431 2039 39 23 (the
2479 2038 77 23 Twins),
2567 2038 37 17 and
2619 2038 82 18 Pohutu.
2732 2038 39 18 Wai-

2347 2068 33 12 roa
2389 2068 27 12 we
2425 2069 30 11 are
2464 2062 94 17 informed
2566 2062 25 22 by
2601 2061 75 23 Sophia,
2687 2061 42 17 who
2734 2061 50 23 joins

2347 2092 23 11 us
2378 2086 50 19 here,
2438 2086 33 17 has
2481 2086 47 17 been
2537 2091 45 16 very
2591 2085 61 17 active
2661 2085 20 17 of
2694 2085 38 16 late
2747 2085 37 18 and

2348 2115 24 12 on
2382 2110 76 21 Sunday
2467 2109 37 17 last
2514 2108 77 18 Pohutu
2600 2108 68 23 played
2678 2107 106 25 splendidly

2348 2133 30 17 for
2387 2138 45 12 over
2440 2134 38 16 two
2487 2132 57 18 hours
2554 2132 81 17 without
2650 2137 37 16 any
2704 2136 69 18 sapona-

2347 2162 55 11 ceous
2424 2156 106 17 assistance.
2570 2153 122 24 Descending
2707 2155 20 17 to
2752 2155 32 17 the

2348 2178 71 24 Geyser
2427 2178 78 18 Plateau
2521 2178 75 17 Wairoa
2614 2177 55 18 could
2686 2178 23 17 bo
2725 2178 59 17 heard

2347 2203 116 22 spluttering
2471 2202 37 17 and
2518 2202 95 23 growling
2621 2202 19 16 in
2647 2207 10 11 a
2662 2201 122 22 threatening

2347 2231 84 13 manner.
2456 2225 130 17 Waikorobihi
2601 2231 37 11 was
2654 2224 55 17 silent
2722 2225 61 17 which

2347 2256 39 10 was
2395 2256 11 10 a
2415 2249 54 22 point
2476 2249 20 17 in
2506 2249 54 17 favor
2568 2249 20 17 of
2596 2247 78 18 Pohutu
2687 2247 97 23 declaring

2347 2273 57 17 itself.
2430 2273 39 17 But
2485 2271 94 23 although
2596 2271 32 18 the
2645 2271 47 22 deep
2706 2270 42 18 well
2764 2271 20 18 of

2347 2296 25 17 Te
2381 2296 53 17 Horo
2443 2302 38 11 was
2490 2295 73 22 boiling
2573 2294 74 23 briskly
2658 2294 38 17 and
2710 2294 74 22 forcing

2348 2325 25 17 up
2382 2321 53 21 great
2445 2320 56 20 gouts
2511 2319 20 17 of
2542 2320 60 16 water
2617 2319 19 16 to
2653 2324 11 10 a
2680 2318 67 21 height
2764 2318 20 17 of

2347 2344 44 16 four
2399 2348 21 12 or
2429 2343 35 16 five
2473 2342 38 17 feet
2520 2343 33 16 the
2566 2341 75 22 mighty
2657 2339 76 19 Pohutu
2750 2341 22 17 de-

2347 2366 61 18 clined
2417 2367 19 16 to
2450 2366 89 22 perform.
2572 2365 25 18 At
2611 2364 89 17 intervals
2717 2366 67 20 strong

2346 2390 38 22 jets
2393 2390 19 17 of
2422 2391 57 14 water
2488 2395 47 10 were
2542 2389 75 16 thrown
2624 2389 33 15 out
2664 2388 21 16 of
2691 2388 32 16 the
2728 2388 55 17 small

2347 2414 70 17 fissure,
2424 2412 69 17 known
2500 2418 21 11 as
2527 2412 31 17 the
2565 2411 102 19 Indicator,
2674 2417 11 11 a
2692 2416 42 12 sure
2740 2412 42 21 sign

2347 2435 42 19 that
2398 2436 32 17 the
2438 2435 33 22 big
2480 2442 67 16 geyser
2556 2434 63 18 would
2627 2439 68 13 sooner
2703 2440 21 11 or
2735 2435 49 17 later

2346 2461 62 21 erupt.
2433 2459 48 17 Now
2490 2458 38 18 and
2537 2458 56 22 again
2603 2458 31 17 the
2645 2456 75 19 muffled
2728 2457 55 18 crack

2347 2484 20 16 of
2375 2483 32 18 the
2416 2482 85 23 Torpedo
2511 2482 70 21 Geyser
2590 2482 19 16 in
2621 2481 33 17 the
2667 2480 37 18 bed
2718 2481 20 17 of
2751 2481 32 17 the

2347 2506 53 18 creek
2409 2512 34 10 can
2453 2506 23 17 be
2485 2505 63 20 heard,
2556 2504 24 18 its
2586 2502 120 20 detonations
2713 2505 58 17 sound-

2346 2531 35 20 ing
2400 2529 36 17 like
2453 2528 74 18 distant
2542 2527 105 23 musketry,
2657 2527 37 17 and
2711 2526 72 19 Koreru

2347 2552 48 19 from
2403 2553 24 16 its
2434 2552 54 18 black
2496 2552 58 17 sinter
2561 2553 71 16 terrace
2638 2550 52 22 gives
2696 2550 87 18 evidence

2347 2575 40 18 also
2396 2576 19 17 of
2424 2576 84 21 activity.
2534 2575 53 17 With
2596 2573 25 19 all
2636 2574 53 17 these
2707 2573 76 24 mighty

2347 2600 59 17 forces
2415 2599 73 17 around
2497 2605 21 11 us
2527 2597 19 19 in
2556 2604 49 17 open
2612 2597 89 17 rebellion
2708 2598 76 21 against

2347 2622 49 18 tneir
2405 2621 125 18 confinement
2539 2622 15 17 it
2563 2622 15 17 is
2587 2622 34 17 not
2629 2621 105 21 surprising
2740 2621 44 17 that

2347 2652 28 11 we
2389 2646 36 17 feel
2441 2646 32 17 the
2490 2645 75 22 ground
2582 2644 56 17 throb
2655 2644 38 16 and
2709 2644 74 22 pulsate

2347 2669 60 17 under
2424 2669 45 17 foot.
2496 2669 24 17 In
2536 2668 69 21 regard
2622 2669 20 15 to
2659 2667 76 17 Pohutu
2753 2667 31 18 Mr

2347 2692 84 22 Malfroy
2440 2692 79 17 informs
2528 2698 21 10 us
2559 2692 42 16 that
2610 2691 23 17 he
2647 2689 74 18 intends
2730 2692 20 15 to
2759 2691 25 17 do

2347 2716 108 20 something
2472 2713 60 20 which
2548 2715 39 17 will
2602 2720 54 11 cause
2671 2713 16 18 it
2702 2715 21 16 to
2739 2713 45 23 play

2347 2738 96 23 regularly
2459 2743 56 17 every
2528 2738 37 22 day
2582 2739 20 16 at
2618 2743 11 11 a
2643 2737 71 17 certain
2728 2737 55 17 hour.

2348 2762 109 23 At'present
2466 2761 33 18 the
2507 2763 60 15 water
2579 2760 19 18 in
2613 2759 81 18 Waikite
2707 2760 33 17 has
2754 2766 20 12 re-

2348 2785 57 18 ceded
2413 2787 32 15 too
2455 2785 29 17 far
2492 2786 35 16 out
2535 2785 20 16 of
2572 2784 55 17 reach
2639 2785 20 15 to
2673 2782 55 18 allow
2742 2783 42 17 that

2349 2813 68 19 geyser
2424 2810 20 15 to
2452 2807 23 18 be
2484 2807 76 18 revived
2568 2809 20 16 at
2596 2807 82 22 present.

2373 2832 54 17 After
2435 2832 76 21 leaving
2519 2831 32 17 the
2560 2830 76 23 plateau
2643 2830 33 17 the
2681 2830 51 17 main
2739 2830 45 17 road

2348 2853 89 25 proceeds
2452 2861 19 11 as
2484 2854 64 18 before
2557 2853 101 20 indicated,
2668 2853 33 17 the
2713 2853 71 17 branch

2349 2877 62 19 traciks
2425 2879 76 19 leading
2515 2877 27 17 off
2554 2878 20 16 in
2587 2876 75 18 various
2677 2876 107 17 directions.

2349 2901 17 18 A
2375 2900 127 19 considerable
2509 2902 80 16 amount
2599 2901 20 16 of
2633 2898 52 18 work
2701 2898 34 18 has
2746 2900 39 17 still

2349 2927 21 16 to
2378 2925 23 18 be
2410 2924 48 17 done
2471 2926 21 15 to
2501 2924 32 17 the
2542 2924 68 22 higher
2624 2923 76 22 portion
2716 2922 21 18 of
2752 2923 33 17 the

2350 2948 47 21 road,
2408 2947 85 18 between
2509 2947 32 17 the
2557 2952 25 17 pa
2599 2946 37 17 and
2653 2945 32 17 the
2702 2945 82 23 plateau.

2350 2971 39 18 The
2396 2971 103 20 formation
2508 2971 15 16 is
2532 2971 61 16 either
2607 2968 47 19 hard
2667 2969 59 17 sinter
2740 2968 46 19 rock

2351 3000 21 12 or
2380 2995 39 17 soft
2428 2993 66 18 friable
2503 2993 84 18 silicated
2596 2992 99 22 vegetable
2709 2993 76 16 matter.

2350 3017 39 18 The
2398 3017 57 22 Jatter
2463 3018 15 17 is
2488 3017 58 22 easily
2559 3016 74 22 enough
2652 3017 34 20 got
2702 3016 83 22 through

2351 3041 38 17 and
2405 3039 33 19 the
2451 3040 76 22 surplus
2540 3039 65 18 makes
2619 3045 12 11 a
2646 3039 37 17 fine
2699 3039 88 22 blinding

2351 3063 91 19 material.
2468 3063 39 17 The
2516 3063 59 17 sinter
2582 3063 45 17 rock
2634 3062 84 22 requires
2724 3068 24 11 an
2755 3068 21 12 oc-

2352 3086 82 19 casional
2462 3087 43 17 shot
2533 3087 20 16 of
2562 3086 97 22 dynamite
2667 3086 20 16 to
2702 3085 47 17 shift
2764 3086 22 17 it.

2351 3110 40 18 The
2400 3110 97 22 footpaths
2506 3109 66 23 (along
2581 3109 61 17 which
2659 3114 24 12 an
2700 3108 87 18 invalid's

2352 3134 51 18 chair
2407 3133 60 22 jpould
2475 3133 24 17 be
2507 3133 59 22 easily
2575 3131 91 23 wheeled)
2682 3137 31 11 are
2726 3131 60 24 nicely

2352 3156 72 24 graded
2432 3157 37 17 and
2474 3157 21 16 in
2502 3156 63 22 places
2578 3154 48 19 have
2638 3154 46 18 been
2697 3154 90 22 provided

2352 3180 46 18 with
2411 3178 77 20 borders
2503 3179 100 22 composed
2617 3179 19 16 of
2652 3178 101 19 specimens
2768 3179 20 16 of

2352 3202 86 24 petrified
2450 3201 38 19 and
2504 3201 85 18 silicated
2603 3200 100 23 vegetable
2719 3202 69 16 matter

2352 3227 88 17 obtained
2449 3226 20 17 in
2477 3226 33 17 the
2520 3231 64 11 course
2593 3225 20 17 of
2629 3224 117 18 excavation.
2771 3225 16 17 A

2353 3248 125 19 considerable
2488 3250 79 16 amount
2575 3249 20 16 of
2604 3247 138 23 tree-planting
2755 3247 33 18 has

2353 3274 38 17 also
2400 3272 46 18 been
2455 3271 72 19 carried
2535 3273 40 19 out,
2585 3272 35 16 but
2634 3271 53 16 there
2701 3276 58 11 seems
2767 3272 21 16 to

2352 3295 24 19 bo
2391 3301 50 13 some
2457 3300 67 12 reason
2540 3295 20 17 in
2577 3295 33 17 the
2630 3293 95 23 objection
2746 3294 42 17 that

2353 3326 51 11 more
2419 3317 80 23 English
2513 3320 49 15 trees
2583 3317 48 18 have
2647 3317 47 17 been
2710 3316 79 23 planted

2353 3343 47 17 than
2409 3342 53 17 those
2469 3341 64 18 native
2541 3343 20 16 to
2570 3341 33 18 the
2612 3341 40 17 soil.
2678 3341 97 21 Approach-

2353 3366 34 22 ing
2396 3364 80 19 Waikite
2485 3364 26 23 by
2520 3370 35 11 one
2564 3365 20 16 of
2593 3364 31 17 the
2640 3363 97 23 footpaths
2751 3363 38 17 and

2354 3388 101 23 ascending
2470 3388 32 17 the
2517 3389 72 16 terrace
2602 3386 102 18 formation
2720 3388 20 16 to
2756 3386 33 18 the

2354 3413 50 17 main
2425 3411 65 17 fissure
2506 3416 35 12 one
2558 3417 35 11 can
2613 3411 46 16 hear
2681 3410 32 17 the
2731 3411 59 16 water

2354 3435 96 22 rumbling
2459 3433 37 18 and
2506 3434 96 22 growling
2609 3434 61 17 below
2685 3433 36 17 and
2735 3439 44 11 occa-

2354 3457 80 23 sionally
2443 3464 10 11 a
2467 3456 28 24 jet
2511 3458 21 16 of
2544 3459 60 15 steam
2619 3457 63 17 shoots
2697 3456 92 18 out—but

2353 3481 43 18 that
2412 3480 25 20 is,
2444 3481 32 17 all.
2509 3480 60 18 There
2586 3486 31 11 are
2633 3480 40 16 also
2690 3485 100 11 numerous

2354 3505 61 21 safety
2424 3504 62 17 valves
2497 3510 24 11 on
2530 3503 32 18 the
2579 3502 34 19 flat
2630 3502 74 23 ground
2721 3504 19 15 at
2758 3503 32 16 the

2354 3533 41 12 rear
2404 3528 20 17 of
2435 3528 33 16 the
2482 3526 65 18 fissure
2561 3526 37 17 and
2613 3526 32 17 the
2661 3524 129 23 probabilities

2354 3556 30 12 are
2401 3550 42 18 that
2459 3550 15 18 if
2490 3550 53 18 these
2560 3555 49 12 were
2625 3548 63 18 closed
2706 3554 26 17 up
2753 3548 37 18 and

2354 3573 78 18 covered
2440 3574 47 16 with
2496 3575 60 15 water
2565 3579 20 11 so
2599 3578 21 12 as
2634 3573 19 16 to
2668 3571 73 17 confine
2758 3572 32 16 the

2354 3599 59 16 steam
2422 3595 81 18 Waikite
2512 3595 64 18 would
2585 3595 54 17 burst
2651 3595 40 17 into
2705 3595 84 21 activity.

2354 3620 24 17 In
2393 3619 33 18 the
2438 3625 44 12 cave
2498 3619 39 17 also
2551 3625 11 10 a
2577 3617 49 18 little
2641 3617 84 18 distance
2741 3618 48 17 from

2354 3642 81 18 Waikite
2449 3642 16 18 is
2478 3648 12 11 a
2503 3641 55 18 small
2575 3646 67 18 geyser
2657 3640 62 18 which
2736 3641 54 22 plays

2354 3665 113 23 frequently,
2478 3664 35 18 but
2523 3666 33 16 not
2565 3666 21 16 to
2594 3670 38 16 any
2648 3665 54 21 great
2716 3663 73 23 height,

2354 3689 37 17 and
2400 3689 15 17 is
2429 3688 84 22 thought
2527 3689 19 16 to
2560 3688 81 17 exercise
2655 3693 24 10 an
2692 3687 85 17 unwhole-

2354 3717 51 12 some
2418 3711 93 18 influence
2523 3715 45 13 over
2587 3711 25 17 its
2627 3710 35 21 big
2678 3710 111 22 neighbour.

2354 3736 93 16 However
2455 3735 16 17 it
2480 3739 43 18 may
2532 3733 29 21 be,
2571 3733 32 17 Mr
2609 3732 84 23 Malfroy
2701 3733 34 17 has
2741 3739 11 11 a
2757 3733 34 24 b'g

2355 3759 84 16 contract
2455 3758 19 17 in
2491 3757 52 18 hand
2560 3757 20 17 in
2600 3756 92 22 bringing
2707 3755 82 19 Waikite

2354 3780 48 18 back
2410 3782 40 15 into
2459 3780 33 17 the
2500 3780 41 17 fold
2555 3781 20 16 of
2592 3779 98 23 reputable
2707 3780 37 17 and
2760 3786 20 11 re-

2354 3803 56 19 liable
2419 3809 81 17 ge\-sers,
2510 3804 36 16 but
2555 3804 20 16 of
2583 3804 25 16 its
2624 3803 102 17 successful
2742 3802 49 18 issue

2354 3828 52 16 there
2415 3827 21 19 is,
2446 3827 20 16 in
2475 3832 35 11 our
2518 3826 59 20 mind,
2587 3827 34 16 not
2629 3826 33 17 the
2671 3825 48 18 least
2724 3825 65 18 doubt.

2378 3850 55 17 After
2441 3855 11 12 a
2460 3848 72 19 careful
2540 3849 106 23 inspection
2660 3848 39 18 and
2707 3855 11 10 a
2732 3849 50 18 toler-

2354 3873 45 22 ably
2407 3873 50 17 clear
2467 3873 114 22 .perception
2600 3873 20 16 of
2637 3872 52 17 what
2706 3872 38 17 still
2761 3878 19 11 re-

2355 3896 60 18 mains
2424 3897 19 16 to
2452 3895 22 18 be
2484 3895 55 21 done,
2549 3901 29 13 we
2587 3894 55 19 think
2648 3895 43 17 that
2695 3895 33 17 the
2734 3895 45 17 read-

2354 3920 35 21 ing
2397 3919 20 17 of
2426 3918 31 18 the
2467 3924 67 18 geyser
2542 3925 44 11 area
2593 3918 39 18 will
2638 3917 38 18 add
2681 3919 110 22 immensely

2354 3944 21 16 to
2384 3941 33 19 the
2426 3942 112 17 attractions
2553 3943 20 16 of
2587 3941 37 18 this
2640 3943 59 16 town.
2732 3941 60 18 There

2354 3966 40 17 will
2402 3965 24 18 be
2441 3965 82 23 nothing
2539 3966 21 17 to
2576 3965 53 17 deter
2645 3963 80 19 invalids
2742 3964 49 18 from

2354 3988 80 23 making
2441 3994 12 12 a
2461 3987 97 22 thorough
2571 3990 46 16 tour
2624 3988 20 17 of
2652 3987 38 17 this
2706 3989 72 16 remark-

2356 4012 42 17 able
2406 4013 44 21 spot
2459 4011 61 18 where
2529 4010 53 19 there
2600 4017 31 12 are
2648 4015 51 13 more
2715 4016 76 17 geysers

2355 4035 67 18 within
2432 4041 11 11 a
2451 4034 56 22 given
2516 4034 68 23 length
2593 4035 47 16 than
2654 4033 20 17 in
2682 4039 38 16 any
2736 4034 55 17 other

2355 4057 53 24 place
2415 4057 21 18 in
2444 4056 32 20 the
2485 4056 82 19 thermal
2575 4057 80 18 district.
2680 4056 45 18 This
2738 4056 52 18 work

2356 4081 104 22 completed
2469 4086 29 12 we
2511 4080 68 18 should
2592 4081 36 17 like
2647 4081 18 16 to
2682 4086 29 11 see
2727 4080 52 17 Ariki-

2355 4103 100 23 kapakapa
2471 4103 38 18 and
2523 4103 33 18 the
2570 4103 73 18 Kuintu
2657 4103 73 17 treated
2743 4103 20 17 in
2780 4110 11 11 a

2356 4128 71 16 similar
2442 4133 78 10 manner
2533 4126 39 17 and
2588 4126 79 22 thjreby
2684 4126 39 17 still
2739 4133 51 11 more

2356 4150 82 17 enhance
2446 4150 32 16 the
2486 4149 56 17 value
2551 4150 21 16 of
2579 4150 33 16 the
2624 4150 52 16 town
2689 4155 69 16 proper
2770 4150 20 17 in

2355 4173 32 17 the
2393 4178 42 16 eyes
2443 4173 21 17 of
2470 4172 107 22 sightseers.

2875 143 75 18 TOWN
2963 144 86 17 BOARD
3065 146 115 17 MEETING.

2840 191 17 15 A
2866 190 68 22 special
2943 191 84 20 meeting
3035 191 20 17 of
3062 192 33 16 the
3111 193 57 16 Town
3184 194 57 18 Board

2815 213 46 17 took
2870 213 53 22 place
2932 213 19 16 in
2960 213 32 17 Mr
3001 213 98 23 Malfroy's
3108 216 51 17 office
3168 222 23 11 on
3205 218 27 16 Fri-

2815 236 37 22 day
2861 237 100 16 afternoon
2970 236 36 17 last
3014 237 29 16 for
3052 238 31 16 the
3092 244 80 16 purpose
3177 241 21 16 of
3202 246 30 11 con-

2815 259 84 22 sidering
2907 260 32 16 the
3032 260 30 17 for
3070 261 32 17 the
3109 262 56 22 night
3172 264 69 19 service.

2814 283 33 16 Mr
2855 283 84 22 Malfroy
2949 289 38 11 was
2994 283 20 17 in
3023 283 32 17 the
3068 284 51 17 chair
3131 285 36 18 and
3179 286 62 21 Messrs

2814 306 66 18 Brent.
2902 306 76 22 Dansey
2998 306 37 17 and
3056 307 28 18 Dr
3104 308 78 18 Ginders
3199 316 42 14 were

2813 330 82 21 present.

2837 353 39 16 The
2886 353 62 16 Board
2958 354 50 16 went
3016 353 40 17 into
3062 356 106 16 committee
3177 358 30 17 for
3214 360 21 17 tin-

2812 382 83 16 purpose
2906 375 21 18 of
2942 376 119 23 considering
3075 379 31 16 the
3119 380 74 18 tenders
3209 384 33 17 and

2812 405 26 11 on
2857 400 98 25 resuming
2971 400 32 16 the
3020 400 100 18 Chairman
3136 406 106 18 announced

2813 422 42 17 that
2864 423 21 16 of
2893 422 32 17 the
2934 428 29 12 six
2972 422 74 18 tenders
3059 425 83 17 received
3157 432 34 13 one
3209 428 31 19 had

2812 445 47 17 been
2868 445 53 17 ruled
2935 446 88 17 informal
3036 447 37 17 and
3087 448 41 17 that
3142 450 20 16 of
3178 450 51 19 Messi
3236 459 6 11 s

2812 468 22 17 E.
2845 469 104 16 Robertson
2960 469 36 17 and
3006 469 32 18 Co.
3048 471 37 16 had
3098 471 46 17 been
3158 476 82 20 accepted

2812 497 21 10 as
2841 492 33 17 the
2883 492 62 17 Board
2954 493 108 17 considered
3071 494 42 17 that
3130 495 43 23 they
3191 499 50 18 could

2812 515 40 22 rely
2861 521 50 16 upon
2921 516 42 16 that
2972 514 42 18 firm
3022 515 88 25 carrying
3118 521 32 14 out
3156 520 32 17 the
3195 523 47 17 work

2812 538 19 16 in
2840 544 24 10 an
2873 539 80 16 efficient
2963 544 83 11 manner.

2836 561 19 17 It
2864 567 38 11 was
2911 562 40 17 also
2960 562 61 17 stated
3027 563 42 17 that
3076 570 10 10 a
3092 564 56 18 letter
3153 565 37 18 had
3198 567 42 19 been

2812 584 83 17 received
2916 586 49 16 from
2988 586 31 16 Mr
3040 586 95 19 Hensbaw
3152 589 43 18 who
3210 598 20 10 an-

2812 608 85 16 nounced
2906 608 76 17 himself
2991 615 19 11 as
3019 615 9 11 a
3038 610 82 22 possible
3132 612 84 18 tenderer
3228 615 12 17 it'

2812 630 33 17 the
2854 631 62 17 Board
2926 632 63 16 would
2998 633 68 16 extend
3076 634 32 16 the
3119 634 45 18 time
3178 637 21 16 of
3214 643 18 12 re-

2812 653 74 24 ceiving
2897 654 125 24 applications
3061 657 29 16 He
3108 664 47 13 gave
3171 660 69 18 various

2812 682 75 12 reasons
2908 678 43 22 why
2968 678 38 17 this
3022 679 76 18 should'
3108 680 20 17 be
3141 681 54 22 done,
3210 683 30 19 bat

2811 705 50 13 none
2867 701 23 17 of
2896 701 54 17 these
2957 701 60 24 being
3022 699 79 22 deemed
3114 704 88 19 sufficient
3220 707 20 21 by

2811 723 33 17 the
2852 723 63 18 Board
2924 725 32 16 the
2965 725 56 17 letter
3030 732 38 10 was
3077 727 68 22 simply
3155 729 42 17 read
3207 726 33 22 anil

2810 745 91 18 received.

2834 770 39 16 The
2882 770 62 17 Board
2959 773 46 15 next
3019 772 103 22 proceeded
3138 775 20 15 to
3174 774 65 20 discues

2810 793 33 17 the
2852 793 69 22 charge
2930 795 20 16 to
2959 794 23 16 be
2991 795 54 17 made
3057 796 20 16 to
3092 797 32 17 the
3137 798 63 21 public
3216 800 6 16 f
3222 806 17 11 or

2810 816 33 17 the
2852 817 56 21 night
2917 817 69 17 service
3000 818 36 16 and
3050 817 16 18 it
3081 825 39 11 was
3137 821 102 20 considered

2810 839 43 17 that
2862 840 23 16 9d
2895 846 20 11 or
2926 840 34 18 lOd
2969 847 32 15 per
3010 847 37 16 pan
3060 843 63 17 would
3137 844 72 23 require
3224 847 15 17 to

2810 862 23 17 be
2842 863 66 17 levied.
2934 864 39 17 The
2981 864 45 17 final
3036 866 135 17 consideration
3181 869 21 16 of
3212 869 27 18 the

2810 887 70 15 matter
2893 892 37 12 was
2944 888 105 21 postponed
3062 889 30 17 till
3107 892 46 15 next
3169 892 70 19 regular

2810 909 89 23 meeting,

2834 932 19 17 It
2861 939 38 10 was
2908 933 77 17 decided
3002 934 43 17 that
3059 941 11 11 a
3084 935 42 18 well
3140 936 66 19 should
3220 938 19 18 be

2809 956 48 16 sunk
2866 958 20 15 at
2895 956 32 18 the
2935 956 59 23 depot
3001 958 37 16 and
3045 963 11 12 a
3062 963 59 18 pump
3127 958 50 19 fixed
3183 961 43 17 then
3233 971 6 3 -

2810 984 24 12 on
2851 979 30 17 for
2894 979 33 18 the
2941 986 33 11 use
2986 981 20 16 of
3020 981 32 17 the
3069 984 111 17 contractor.
3205 984 34 19 The

2810 1000 50 19 clerk
2873 1008 38 11 was
2924 1003 104 18 instructed
3043 1006 19 15 to
3076 1005 87 18 intimate
3175 1008 21 16 to
3212 1008 27 18 the

2810 1027 116 16 contractors
2934 1027 43 16 that
2986 1027 45 22 they
3040 1030 50 15 must
3099 1029 43 17 take
3156 1031 51 21 steps
3222 1033 17 16 to

2809 1048 48 18 have
2866 1049 26 17 all
2901 1049 32 17 the
2941 1055 97 18 necessary
3047 1050 54 24 plant
3110 1053 57 22 ready
3179 1055 19 15 at
3212 1054 27 19 the

2809 1073 74 16 earliest
2892 1073 81 21 possible
2981 1073 50 17 date.

2833 1095 39 17 The
2880 1096 95 22 inspector
2983 1097 20 16 of
3012 1097 96 18 nuisances
3122 1099 62 17 stated
3201 1100 37 18 that

2808 1118 30 17 his
2859 1120 94 16 attention
2974 1120 38 17 had
3031 1120 47 18 been
3095 1122 60 17 called
3174 1125 21 15 to
3211 1124 28 18 the

2809 1142 90 22 drainage
2914 1143 21 17 of
2948 1142 32 18 the
2997 1143 67 17 Palace
3080 1144 59 18 Hotel
3156 1146 83 24 pointing

2809 1167 34 15 out
2852 1165 42 17 that
2903 1165 32 17 the
2944 1166 34 17 bar
2992 1167 37 16 and
3043 1168 54 16 other
3110 1169 62 17 refuse
3185 1170 54 18 water

2808 1194 39 11 was
2863 1189 85 22 running
2961 1191 33 16 out
3010 1190 40 17 into
3068 1188 32 21 the
3116 1193 63 16 street.
3212 1194 27 17 Mr

2809 1212 76 22 Dansoy
2894 1212 62 17 stated
2965 1212 43 17 that
3016 1213 32 17 the
3062 1214 130 23 hotelkcepers
3207 1216 32 19 had

2808 1235 47 17 been
2864 1235 94 17 informed
2972 1234 46 23 long
3031 1242 37 17 ago
3081 1238 43 16 that
3141 1238 43 18 that
3198 1240 41 22 they

2809 1264 48 11 were
2871 1260 35 15 not
2922 1261 20 15 to
2957 1259 56 17 allow
3027 1266 37 16 any
3078 1262 57 16 water
3152 1261 35 18 but
3202 1263 36 17 that

2809 1282 48 16 from
2867 1282 32 17 the
2908 1283 42 16 roof
2966 1284 20 15 to
3003 1282 39 18 find
3059 1283 24 18 its
3099 1290 41 16 way
3156 1285 41 17 into
3212 1287 21 16 tin
3235 1282 4 24 1

2809 1306 64 16 street.
2898 1305 32 17 Mr
2938 1306 60 17 Brent
3006 1306 62 17 stated
3076 1308 42 16 that
3125 1313 25 12 no
3156 1308 83 19 nuisance

2808 1329 21 15 of
2838 1329 38 16 this
2885 1330 36 17 sort
2933 1329 56 17 could
2997 1330 83 22 possibly
3093 1330 47 18 have
3155 1332 59 17 arisen
3228 1334 11 15 it'

2808 1351 33 17 the
2857 1352 74 17 scheme
2951 1353 21 16 of
2988 1358 48 16 open
3058 1354 122 23 channelling
3200 1362 30 15 pro-

2808 1374 89 22 pounded
2905 1375 25 22 by
2939 1376 32 16 Mr
2977 1376 80 17 Mueller
3066 1377 37 17 and
3111 1376 103 19 submitted
3223 1382 16 14 to

2808 1398 33 16 the
2855 1398 127 18 Government
2998 1399 37 17 had
3052 1400 47 17 been
3115 1402 71 17 carried
3203 1405 35 14 out.

2808 1421 39 17 The
2855 1421 96 22 inspector
2959 1422 20 17 of
2987 1422 96 18 nuisances
3092 1429 38 12 was
3139 1424 100 19 instructed

2808 1446 20 15 to
2835 1445 69 17 inform
2919 1445 33 17 the
2969 1452 90 16 manager
3072 1447 20 17 of
3099 1446 33 18 the
3139 1447 54 19 hotel
3200 1449 39 18 that

2808 1468 33 16 the
2855 1469 70 16 matter
2941 1471 51 14 must
3000 1469 23 16 be
3036 1470 89 17 attended
3141 1473 21 14 to
3176 1471 62 19 within

2808 1492 22 16 24
2847 1491 58 17 hours
2918 1497 21 11 or
2956 1498 23 11 an
2997 1491 121 19 information
3135 1494 60 18 under
3211 1496 28 16 the

2809 1514 71 17 Health
2890 1515 36 17 Act
2935 1515 62 17 would
3006 1515 23 17 be
3037 1516 44 17 laid.

2833 1538 17 17 It
2861 1543 37 12 was
2908 1538 83 17 resolved
3000 1539 41 17 that
3051 1540 32 16 the
3089 1540 102 18 Chairman
3196 1542 42 17 with

2808 1561 32 16 the
2849 1560 65 18 advice
2923 1562 20 17 of
2951 1567 38 17 any
2998 1563 82 16 member
3096 1563 20 17 of
3132 1563 33 18 the
3174 1564 64 19 Board,

2808 1590 21 10 or
2838 1590 37 16 any
2884 1586 37 15 two
2931 1585 92 17 members
3039 1586 20 17 of
3075 1586 33 17 the
3121 1587 62 18 Board
3198 1594 30 11 con-

2808 1607 75 23 jointly,
2894 1608 43 22 give
2946 1608 122 19 instructions
3077 1609 21 19 of
3102 1609 16 23 (a
3130 1610 37 17 like
3177 1613 62 15 nature

2808 1631 19 16 in
2838 1631 63 17 future
2915 1633 20 16 to
2949 1631 33 18 the
2999 1632 94 22 inspector
3109 1633 20 17 of
3146 1634 93 17 nuisances

2808 1654 68 17 should
2892 1654 144 18 circumstances
3056 1656 81 17 demand
3153 1657 21 17 it.
3205 1658 34 17 The

2808 1677 84 22 meeting
2900 1678 45 17 then
2954 1678 111 21 adjourned.

2968 1746 106 23 TAUPO.

2840 1807 64 23 [ritOM
2919 1812 41 12 OUR
2972 1812 45 12 01VX
3026 1810 185 23 COHHESI'OXDEXT.]

2892 1839 35 19 the
2937 1839 49 25 days
2996 1839 98 25 lengthen
3110 1847 22 12 so
3143 1841 49 19 does
3207 1843 31 18 the

2807 1865 44 19 cold
3001 1866 18 18 is
3026 1873 12 11 a
3045 1867 73 25 saying
3124 1867 45 19 that
3176 1867 62 27 might

2807 1897 48 18 very
2866 1891 45 19 well
2921 1892 62 25 apply
2992 1894 20 16 to
3022 1892 40 19 this
3074 1892 164 26 neighbourhood

2807 1920 21 16 at
2839 1918 34 18 the
2881 1921 81 21 present
2972 1918 55 19 time.
3055 1918 87 25 Though
3151 1920 33 18 the
3192 1920 46 23 days

2807 1944 52 18 have
2869 1943 51 19 been
2932 1944 47 19 mild
2989 1944 39 19 and
3047 1944 92 25 pleasant
3154 1946 32 19 for
3207 1946 31 19 the

2807 1972 53 16 most
2870 1973 45 22 part
2924 1977 54 12 some
2985 1971 61 24 sharp
3055 1972 60 18 frosts
3125 1972 52 19 have
3188 1972 47 19 been

2807 1996 139 25 experienced.
2979 1996 43 19 The
3040 2003 74 19 ranges
3135 1998 42 19 still
3194 1998 44 19 bear

2807 2023 54 17 their
2868 2022 71 25 wintry
2948 2029 124 18 appearance
3080 2024 40 18 and
3130 2031 38 12 oue
3175 2031 51 12 morn-

2808 2049 35 23 iug
2859 2048 62 25 lately
2951 2048 94 20 Tauhara
3070 2056 39 12 was
3150 2051 88 19 crowned

2808 2075 47 18 with
2865 2081 12 12 a
2887 2074 81 19 diadem
2975 2076 21 17 of

2834 2101 40 19 We
2882 2107 52 13 were
2946 2101 48 24 glad
3005 2105 19 15 to
3032 2108 33 12 see
3076 2102 27 25 by
3116 2103 39 19 last
3169 2104 69 18 week's

2807 2127 120 19 Oiikonicle
2944 2127 45 19 that
3005 2128 81 19 tenders
3106 2136 51 12 were
3174 2129 59 20 called

2806 2153 32 18 for
2855 2153 35 18 the
2907 2159 45 13 new
2968 2153 67 19 school
3064 2155 99 24 building.
3203 2157 34 17 We

2805 2179 53 25 hope
2868 2179 45 18 that
2923 2179 39 18 duo
2969 2179 114 25 expedition
3096 2181 40 19 will
3148 2182 24 18 be
3182 2183 54 17 made

2805 2205 49 19 with
2864 2205 24 19 its
2899 2205 94 19 erection.

2833 2232 43 18 The
2899 2232 103 19 estimates
3021 2238 52 13 were
3100 2239 48 19 very
3173 2235 55 19 favor-

2807 2258 48 24 ably
2883 2258 92 19 received
3001 2258 54 24 here,
3078 2259 34 19 the
3137 2262 99 23 provision

2807 2284 58 19 made
2876 2284 32 18 for
2918 2284 65 18 works
2999 2284 46 20 both
3055 2285 47 19 here
3111 2287 40 18 ar.d
3162 2291 20 15 at
3202 2288 23 18 To-

2807 2310 69 19 knanu
2888 2310 62 25 being
2960 2310 116 20 considered
3096 2318 48 19 very
3161 2313 75 19 liberal.

2807 2336 43 20 The
2860 2336 55 19 £4OO
2934 2336 57 19 nmde
3007 2338 100 19 available
3119 2339 32 18 for
3166 2346 60 19 expen-

2806 2362 68 19 diture
2884 2369 25 12 on
2920 2363 34 18 the
2966 2363 85 18 Domain
3061 2364 71 19 should
3144 2365 24 19 be
3184 2366 44 19 sufii-

2805 2390 79 17 cientto
2892 2389 59 18 make
2960 2389 266 25 theplacoattraetivetovisi-

2805 2418 48 15 tors.
2894 2414 43 19 The
2946 2415 97 18 Tokaanu
3056 2416 71 24 wharf,
3135 2418 32 18 for
3174 2418 61 19 which

2806 2442 56 18 £2OO
2874 2442 16 18 is
2901 2444 30 15 set
2940 2441 65 22 down,
3018 2442 38 18 will
3069 2442 24 19 be
3104 2444 21 17 of
3135 2444 60 24 equal
3203 2445 22 18 ad-

2806 2468 115 24 advantngo
2933 2471 20 14 to
2970 2468 99 19 residents
3087 2470 40 18 and
3147 2471 86 18 tourists.

2805 2494 21 19 It
2836 2494 37 19 has
2883 2494 51 19 been
2954 2501 12 11 a
2982 2498 57 19 great
3055 2494 137 21 desideratum
3208 2497 29 18 for

2806 2527 55 12 some
2878 2519 49 19 time
2937 2524 6 6 %
2946 2520 40 18 nnd
3007 2526 12 12 a
3037 2524 99 17 structure
3155 2523 22 18 of
3203 2523 32 19 the

2805 2552 42 13 sort
2864 2546 17 19 is
2900 2546 60 19 much
2979 2546 77 19 needed
3076 2550 21 16 at
3115 2548 35 19 the
3170 2548 67 25 Taupo

2805 2572 45 20 end.
2873 2572 43 19 The
2926 2572 48 19 item
2986 2572 75 24 (£300)
3074 2573 31 19 for
3115 2574 34 19 the
3159 2574 77 24 Taupo-

2807 2599 98 19 Tokannu
2913 2599 51 18 road
2974 2599 65 19 would
3050 2599 26 19 bo
3090 2600 45 19 well
3153 2601 72 25 expend-

2805 2625 26 19 ed
2847 2625 40 19 and
2901 2628 20 16 ut
2934 2625 34 18 tho
2986 2632 55 12 same
3057 2626 48 18 time
3122 2627 65 24 nicely
3204 2628 23 18 ab-

2807 2651 73 19 sorbed
2902 2651 21 19 in
2948 2651 97 25 bridging
3062 2652 34 18 the
3123 2652 115 25 Tauranga-

2806 2677 71 25 Taupo
2892 2677 61 21 river.
2989 2677 49 19 This
3054 2678 17 19 ia
3087 2685 13 12 a
3121 2679 56 19 work
3196 2680 41 18 that

2806 2707 54 15 must
2873 2704 22 18 be
2906 2703 52 19 done
2975 2710 72 12 sooner
3062 2710 23 12 or
3103 2705 50 19 later
3170 2706 38 18 and
3224 2706 14 18 if

2829 2729 33 19 'tis
2876 2733 21 15 to
2916 2729 26 19 be
2961 2729 52 19 done
3031 2730 49 19 then
3102 2731 67 19 'twere
3188 2731 48 22 well,

2807 2755 68 20 'twere
2886 2756 51 18 done

2834 2782 42 18 Our
2904 2781 51 19 local
2983 2783 255 20 sanatoriums—Joshua's

2807 2808 41 24 Spa
2859 2807 41 19 and
2910 2807 70 19 Koss's
2999 2808 101 24 Terraces,
3111 2816 34 12 are
3156 2810 81 24 looking

2806 2840 49 18 very
2875 2833 89 25 inviting
2978 2834 21 19 in
3025 2835 53 19 their
3094 2836 76 22 Spring
3191 2837 47 23 garb

2807 2860 48 20 each
2873 2861 116 24 possessing
3017 2861 25 18 its
3070 2868 43 12 own
3131 2865 102 17 attractive

2807 2887 90 18 features
2908 2886 40 19 and
2956 2886 115 20 distinctive
3083 2887 98 20 beauties.

1295 75 59 19 THE
1382 74 57 22 HOT
1467 75 92 21 TAKES
1589 76 172 26 CHRONICLE,
2010 76 127 24 OCTOBER
2166 82 31 20 21,
2215 82 48 18 1896

70 238 112 18 TT2JION
188 238 148 17 STEAMSHIP
341 236 127 18 COMPANY
472 235 30 18 OF

78 254 29 28 U
163 261 59 17 NEW
235 261 123 17 ZEALAND
367 259 89 19 limited.

133 305 5 10 t
148 299 107 15 i.Ui'U-tIJ
270 299 46 15 UKl'
326 299 36 15 >Ki
371 299 66 15 LKJ-.S.

203 329 48 17 FOR
263 329 103 17 SYDNEY.

67 362 109 19 Waihoba,
186 360 93 23 Tuesday,
289 361 43 17 Oct,
342 361 29 18 21,
386 365 9 11 o
409 363 45 17 p.m.

143 402 47 17 FOR
202 402 43 16 ftuU
254 402 81 16 L'HKhN
348 402 78 14 POKia,

66 438 99 17 TaKAFUJTA
173 444 51 15 every
233 438 76 21 Monday

65 461 131 16 Maiunaita
205 465 54 15 every
266 459 105 21 Thursday.

108 633 118 19 'UDDART,
251 631 113 19 PARKER,
386 629 54 18 AND
461 629 32 17 CO

65 656 48 21 JLA
228 653 108 26 (limited),

87 701 96 24 Splendid,
193 700 163 24 Well-appointed
362 700 94 17 Steamers
461 698 38 17 will

63 726 24 19 be
96 724 113 24 despatched
218 725 47 18 from
275 725 120 19 AUCKIAND,
406 729 20 10 as
440 722 61 17 under

62 748 91 25 (weather
169 748 37 17 and
225 748 54 18 other
296 747 144 18 circumstances
457 751 32 18 per-

64 770 84 24 mitting)
156 777 29 11 :

63 793 183 21 FobGISBOENE,
253 793 106 20 NAPIER,
366 792 116 17 WELLING-

84 818 57 20 TON,
153 818 158 17 LYTTELTON,
322 817 15 17 &
346 816 129 19 DUNEDIN,

63 842 101 20 Anglian,
172 841 101 18 Tuesday,
281 841 43 17 Oct.
331 840 57 17 20.12
395 844 57 12 noon.

63 865 249 19 Tasmania....Tuesday,
327 863 73 19 Nov.a,
412 863 86 17 12noon.

190 909 51 18 FOR
256 909 112 20 SYDNEY,

108 933 115 25 (Returning
235 935 20 17 to
264 933 100 18 Auckland
372 931 80 23 Direct.)

61 958 95 22 Carrying
176 957 113 23 Passengers
310 957 30 16 for
362 956 135 19 Melbourne,

73 981 56 18 other
132 981 131 17 AUSTEALIAK
272 981 71 18 Pours,
351 979 36 16 and
394 978 91 21 Hobabt,

62 1009 109 17 Tasmania
219 1008 98 19 Monday,
327 1007 42 17 Oct.
385 1006 26 21 19,
426 1009 9 13 -1
451 1011 45 17 p.m.

63 1032 96 17 Anglian
214 1031 98 20 Monday,
331 1030 48 17 Nov.
398 1031 16 18 2,
432 1031 10 15 4
451 1035 45 16 p.m.

86 1059 31 17 All
127 1058 73 17 Tickets
207 1065 32 10 are
247 1058 93 17 available
349 1058 39 16 also
402 1057 30 18 for
440 1056 46 23 Stop-

62 1088 46 12 over
115 1087 21 12 or
145 1081 71 18 Return
230 1080 26 25 by
268 1080 55 18 ANY
340 1080 85 18 UNION
439 1080 59 17 CO.'S

64 1104 140 22 STEAMERS,
214 1105 37 17 and
258 1105 76 16 ladders
343 1104 19 18 of
371 1103 66 18 U.S.S.
456 1103 41 17 Co's

63 1129 74 16 Tickets
158 1134 44 16 may
218 1128 60 17 travel
294 1127 21 23 bj
342 1127 117 18 ANGLIAN
477 1133 21 10 or

61 1151 140 18 TASMANIA.

160 1180 21 17 L.
195 1181 23 16 D.
229 1180 109 17 NATHAN
352 1180 14 17 &
379 1179 46 20 CO.,

392 1202 80 23 Agents.

200 1244 94 21 rpnos.
317 1244 70 19 COOK
407 1245 16 16 &
447 1244 49 17 SON

94 1348 51 18 Rook
156 1348 90 23 Passages
255 1347 37 17 and
301 1352 64 12 secure
372 1346 56 17 berth
439 1346 26 21 by

61 1380 40 19 All
108 1379 75 19 Lines.
198 1379 39 18 All
242 1378 96 19 Routes.
352 1377 40 18 All
396 1376 97 19 Classes.

131 1411 40 18 AT
184 1410 122 19 LOWEST
319 1409 104 19 RATES.

59 1458 91 23 Through
160 1458 73 17 Tickets
242 1457 30 17 issi

84 1486 38 13 CAN
131 1481 132 20 GOLDFIELDS,

352 1456 67 17 South
432 1456 61 16 Afki-

82 1529 38 17 For
129 1527 25 18 all
164 1528 120 16 information
294 1526 58 23 apply
360 1527 21 16 to

106 1555 90 18 COOK'S
207 1554 126 19 SHIPPING
346 1552 99 21 OFFICE,

105 1585 27 21 89,
146 1584 164 20 QUEEN-STBEET,
325 1583 120 18 AUCKLAND.

59 1613 83 17 Rotorua
152 1613 78 20 Agency
238 1613 3 20 :

244 1698 45 19 /:<...
317 1701 31 20 ..y

212 1852 54 20 ASK
284 1851 54 19 FOR

57 1903 419 49 HANCOCKS

183 1977 182 20 CELEBRATED

236 2029 87 33 xxxx

167 2088 212 50 ALES,

187 2152 57 13 MADE
253 2151 55 15 FROM
317 2151 43 13 THE

60 2182 116 32 FINEST
202 2181 87 32 MALT
310 2180 65 32 AND
393 2179 96 38 HOPS,

95 2271 53 14 FREE
160 2270 54 14 FROM
227 2271 39 13 ALL
280 2269 129 14 ANTISEPTICS
422 2269 25 14 Oil

162 2296 139 14 DELETERIOUS
320 2296 65 13 ACIDS.

58 2363 139 32 CAPTAIN
219 2362 83 32 COOK
320 2360 168 37 BREWERY,

162 2405 192 20 NEWMARKET.

58 2458 232 47 Blookers
340 2456 148 54 Dutch

192 2515 160 47 Coeoa.

53 2604 140 33 Highest
202 2604 127 26 awards
342 2604 33 25 at
389 2608 100 26 every

176 2645 197 26 Exhibition.

88 2688 65 26 The
166 2687 97 26 latest
275 2687 28 25 is
317 2686 54 26 the
393 2686 96 26 Cross

55 2721 35 26 of
96 2721 110 26 Honor
220 2721 33 25 at
269 2721 55 24 the
345 2719 124 26 Amster-

55 2755 74 25 dam
138 2753 188 26 Exhibition
334 2752 93 30 1895,
434 2751 55 26 the

53 2787 130 32 highest
190 2787 139 32 possible
339 2785 117 26 award.

58 2838 294 47 Ehrenfried
366 2837 122 45 Bros

201 2894 144 23 BREWERS,

137 2927 107 19 ALBERT
260 2925 150 24 BWEWERY,

79 2958 218 23 QUEEN-STREET,
311 2956 160 21 AUCKLAND

79 3011 68 17 WINE
160 3011 50 15 AND
222 3011 80 15 SPIRIT
312 3008 156 20 MERCHANTS,

100 3038 122 16 BOTTLERS
234 3038 51 16 AND
301 3036 147 20 IMPORTERS,

144 3061 26 18 •13,
185 3064 133 13 QUEEN-fcTRKIiT
335 3063 69 11 WHARF.

151 3112 50 11 riilZß
212 3112 60 11 MEDAL
283 3111 36 11 JIND
330 3110 71 12 AWAKD3

57 3135 24 15 At
91 3134 28 16 the
135 3134 90 19 following
241 3133 113 15 Exhibitions
368 3132 28 15 for
404 3136 32 11 our
444 3131 37 16 well-

154 3155 61 15 known
229 3154 46 16 Bulk
284 3154 33 15 and
327 3153 69 16 Bottled

170 3174 48 18 ALE
230 3175 51 16 aI\D
293 3174 73 17 STOUi
376 3174 3 18 :

58 3204 71 21 Sydney
138 3203 124 15 International
271 3202 108 19 Exhibition,
391 3202 47 16 1879.

58 3225 103 17 Melbourne
170 3223 125 17 International
303 3223 109 18 Exhibition,
422 3223 69 14 1880-81

59 3246 44 16 New
111 3245 73 16 Zealm.d
193 3244 98 20 Industrial
291 3244 108 20 Exhibition,
403 3242 78 22 Welling-

103 3272 35 13 ton,
151 3268 46 14 1883.

59 3289 45 16 New
123 3288 74 16 Zealand
211 3287 33 17 and
259 3289 53 14 South
326 3288 41 15 Seas
384 3286 108 16 Exhibition.

104 3310 85 15 Dunedin.
202 3310 78 15 IBSH-90.

59 3332 21 15 In
91 3331 76 16 addition
177 3333 17 13 to
203 3331 53 15 above
265 3331 43 15 lifive
326 3331 42 14 been
384 3328 80 17 awarded
476 3330 17 13 at

103 3352 105 17 Tasraanian
240 3352 109 19 Exhibition,
377 3350 116 19 Launcestou,

105 3374 79 16 1891-92.

147 3404 57 16 FIVE
216 3404 70 16 FIRST
304 3403 105 17 AWARDS

260 3430 34 12 ron

73 3447 67 16 LEIK
151 3447 110 16 BOTTLED
274 3447 61 16 ALES
352 3446 51 16 AND
420 3445 76 16 STOUT

256 3468 47 19 Also,

149 3489 252 33 CHAMPIONSHIP

93 3531 65 22 Gold
170 3531 87 23 Medal
267 3531 28 23 of
304 3529 167 24 Australasia

67 3593 90 23 BULK
171 3593 69 23 AND
258 3593 147 23 BOTTLED
419 3592 66 24 ALE

157 3644 72 21 Having
238 3651 9 10 a
257 3646 58 20 Large
323 3645 52 16 St.ook
384 3645 18 16 of

175 3676 48 15 ALE
235 3677 51 15 AND
298 3676 84 20 STOUT,

66 3705 70 17 Bottled
145 3705 16 15 in
170 3708 50 17 quart,
230 3706 34 15 and
279 3706 39 20 pint
331 3706 68 19 bottles,
415 3705 82 21 specially

64 3727 69 16 brewed
140 3727 28 14 for
176 3727 28 14 lhe
213 3732 73 11 summer
295 3727 55 19 trade,
360 3727 56 16 which
424 3732 28 10 are
459 3732 38 10 now

64 3748 107 19 thoroughly
180 3748 83 19 matured,
276 3753 31 10 can
321 3748 42 16 with
378 3753 51 15 every
443 3748 45 16 confi-

64 3771 52 14 dence
128 3769 107 15 recommend
250 3774 46 11 Name
312 3772 18 12 to
344 3774 120 11 connoisseurs
479 3774 18 10 at

63 3790 63 17 hrcond
135 3792 17 14 to
161 3795 43 11 none
213 3790 18 16 in
241 3790 28 15 the
278 3790 72 19 Colony.

180 3833 37 18 TO
230 3833 155 19 TOURISTS.

77 3885 13 18 A
108 3883 132 18 SOUVENIR
253 3882 32 17 OF
297 3882 53 17 THE
363 3882 124 19 DISTRICT.

67 3966 44 24 JD
142 3972 55 21 spect
204 3968 35 18 the
246 3967 108 19 miniature
363 3967 26 18 oil
396 3968 104 25 paintings

66 3997 22 19 of
95 3997 35 18 the
140 3995 44 19 Hot
192 3994 68 19 Lakes
274 3999 89 18 scenery,
373 3993 33 18 for
425 3993 40 19 sale
481 3997 19 14 at

67 4023 35 18 the
112 4021 49 19 Hot
177 4020 70 18 Lakes
259 4019 120 19 Chkonicle
396 4018 66 24 Office,
481 4021 19 17 at

67 4050 52 18 from
132 4049 6 16 1
143 4054 10 12 s
163 4047 25 18 3d
196 4046 55 20 each.

127 4082 23 24 J.
166 4082 26 24 P.
208 4078 236 30 BACKHOUSE,

217 4125 139 17 KRTIST,

73 4161 128 26 NEWTON
225 4160 86 27 ROAD,
333 4157 163 28 AUCKLAND

649 139 27 12 BY
688 138 151 13 APTOIXTMEXT.

562 252 68 53 H.
681 251 245 63 KOHN,

525 321 253 20 MANUFACTURING
800 321 159 23 JEWELLER,

604 348 61 19 AND
681 347 200 24 SILVERSMITH,

526 381 99 26 QUEEN
647 381 126 29 STREET,
790 381 168 27 AUCKLAND.

560 448 28 25 B.
609 447 193 27 PETERSEN
818 449 24 25 &
859 449 67 32 CO.,

525 489 63 24 High
609 490 85 22 Street,
712 489 245 21 CHRISTCHURCH.

548 530 118 18 HIGHEST
677 530 110 19 AWARDS
795 531 140 18 OBTAINED.

524 559 76 22 Sydney
609 560 117 19 Exhibition,
737 560 50 19 1879,
797 560 38 16 and
847 559 112 19 Melbourne

652 581 118 21 Exhibition,
783 583 49 17 1890.

636 630 212 28 ROTORUA.

524 689 242 48 Tarawera
788 691 168 51 Mouse,

579 755 184 19 TUTANEKAI
777 756 120 20 STREET.

549 787 81 19 Within
654 795 46 18 easy
727 794 66 13 access
818 789 21 18 of
855 789 35 18 the
909 789 48 19 Post

523 814 66 23 Office,
598 813 71 25 Baths,
679 814 40 19 and
726 813 128 21 Sanatorium
863 815 94 19 Grounds

523 840 39 18 and
572 840 142 27 commanding
729 847 13 12 &
758 840 130 26 magnificent
906 842 50 19 view

522 866 21 18 of
552 866 35 18 the
596 866 64 20 Lake.

550 896 88 19 Visitors
661 897 40 19 will
721 897 42 19 find
782 903 60 19 every
856 898 100 19 attention

523 922 48 25 paid
581 926 20 15 to
611 923 54 19 their
674 925 85 17 comfort
769 923 40 19 and
822 925 34 17 the
866 924 90 24 require--

598 949 22 18 of
629 950 78 18 invalid
717 952 70 22 guests
797 950 40 18 will
848 950 25 18 bo
889 950 56 19 assid-

523 976 71 23 uously
605 975 96 20 attended
711 979 26 16 to.

636 1006 72 19 Terms
719 1006 122 20 Moderate.

571 1045 38 32 C.
627 1044 277 38 WILLMOTT,

618 1091 242 17 PROPRI6TOR,

546 1127 80 20 Letters
646 1130 40 18 and
712 1129 117 25 Telegrams
852 1130 102 25 promptly

522 1155 109 25 responded
637 1158 26 16 to.

549 1206 50 45 E.
649 1207 272 56 LYONS,

641 1272 188 36 TAILOR,

520 1321 33 24 (In
564 1321 33 19 the
612 1322 98 25 premises
726 1322 64 19 lately
812 1322 95 26 occupied
926 1323 26 25 by

624 1348 27 18 11.
663 1348 34 19 W.
708 1348 138 25 Neighbour.)

536 1381 82 18 MAIN
631 1381 91 23 ROAD,
738 1382 194 21 OHINEMUTU.

520 1431 247 46 RESPECTFULLY
776 1432 49 19 calls
834 1432 35 20 the
886 1435 66 18 atten*

591 1458 43 19 tion
645 1459 22 18 of
676 1458 110 19 Residents
794 1461 19 16 to
822 1459 31 18 his
862 1466 41 12 new
912 1460 40 19 and

520 1484 65 18 varied
595 1484 56 19 stock
667 1485 21 18 of

520 1517 122 24 SPRING
653 1519 22 22 &
688 1518 141 24 SUMMER
842 1519 108 24 GOODS.

543 1641 52 46 G.
630 1641 299 48 BURTON'S

518 1708 221 23 PIONEER
783 1709 165 25 STORE.

593 1746 103 25 Opposite
712 1747 73 18 IVaeo
802 1746 68 21 Hute).

513 1797 139 26 GROCERY,

556 1829 138 21 OILMEN'S
710 1828 110 26 STORTS,

648 1890 252 26 CROCKERYWARE,

701 1925 143 25 DRAPERY,
860 1928 43 23 Ac,
913 1929 35 19 &c-

560 1955 76 21 NEW
649 1956 143 20 SEASON'S
801 1957 100 20 GOODS

658 1981 48 19 Just
715 1986 21 14 to
746 1981 61 19 hand.

541 2019 15 14 A
574 2015 149 20 will-assorted
741 2015 57 21 stuck
816 2017 19 18 in
853 2016 27 19 all
897 2016 51 20 lines

513 2042 21 18 of
544 2041 34 20 the
586 2042 63 20 above
660 2047 19 15 at
691 2042 71 19 lowest
774 2049 71 17 price?.

513 2073 49 19 New
574 2072 87 21 Zealand
672 2074 62 25 Dairy
745 2071 146 22 Aspociation'«
900 2074 35 20 Fac-

548 2101 45 21 tory
606 2099 74 21 Butter
693 2099 53 20 fresh
757 2099 57 20 twice
826 2100 82 25 weekly.

588 2134 50 19 New
649 2135 49 19 Laid
712 2135 59 21 Kl'L's,
783 2136 42 20 &c,
837 2136 34 18 Ac.

512 2318 83 21 HRHE
620 2318 208 22 UNDERSIGNED
856 2319 52 27 bega
926 2323 20 16 to

581 2347 51 18 offer
642 2347 102 18 NuitsKHY
754 2346 65 19 Stock
829 2346 21 19 of
860 2346 27 19 all
902 2347 33 18 des-

512 2372 102 25 criptiovs,
635 2373 58 18 seeds
713 2372 40 19 and
773 2372 161 25 appliances—in-

512 2398 82 25 cluding
606 2398 49 19 New
667 2397 89 21 Zealand
773 2398 66 24 Trees,
860 2399 85 23 Shrubs,

512 2424 77 22 Plants,
609 2424 131 23 Tree-Ferns,
757 2424 70 23 Ferns,
848 2425 39 23 &c,
905 2431 40 17 <vc,

513 2450 76 25 packed
600 2451 20 18 in
631 2452 56 17 wood
702 2450 39 19 .-iiitl
755 2457 74 12 canvas
844 2458 56 11 cases
915 2452 31 18 for

512 2476 35 19 the
556 2476 98 23 Colonies,
667 2478 40 18 and
718 2478 20 17 in

512 2503 31 18 for
567 2503 76 19 distant
666 2504 107 18 countries.
815 2503 69 19 Medal
907 2504 39 19 and

515 2529 93 24 Diploma
618 2530 90 18 received
719 2530 31 18 for
763 2528 72 26 plants,
848 2530 39 23 &c,
899 2532 47 17 thus

512 2558 45 16 sent
566 2558 20 15 to
597 2556 35 18 the
757 2555 126 22 Exhibition,
893 2556 40 19 Lon-

512 2581 45 23 don,
811 2582 21 18 in
839 2582 107 19 Auckland

512 2610 23 16 35
546 2614 65 13 years.

512 2683 40 17 Mt.
562 2683 106 18 HOBfeON
674 2683 130 21 NUESEET,
813 2683 133 22 HEMUERA,

635 2716 122 20 Auckland,
770 2714 51 20 N.Z.

571 2778 317 48 TAILORING.

512 2841 111 27 Direct
647 2842 82 26 from
753 2842 55 25 the
838 2843 88 26 Manu-

654 2876 151 27 facturer.

513 2951 66 19 Suits
597 2952 26 18 to
644 2951 108 19 Measure
769 2951 26 18 at
812 2950 137 24 Up-to-date

591 2975 79 18 Prices
679 2975 35 18 for
727 2974 61 19 Cash
804 2974 66 24 Only.

513 3038 47 19 FIT
569 3040 16 17 &
592 3038 222 20 WORKMANSHIP
821 3038 111 20 GUARAN-

693 3069 79 20 TEED.

548 3112 203 32 WHOLESALE
769 3112 146 32 FACTORY

616 3162 33 18 pi
663 3161 122 21 rvruiMft.
800 3162 38 21 p_n

535 3221 127 46 JOE.
695 3220 235 57 MUNRO,

647 3290 181 26 HGENT,

619 3324 236 26 OHINEMUTU.

520 3438 38 43 IT*
562 3439 56 18 ROM
628 3441 28 16 Ist
665 3440 107 18 November
780 3440 36 17 and
827 3440 83 22 through
922 3441 33 17 the

586 3463 86 17 Summer
694 3463 77 18 months
795 3464 46 17 milk
866 3464 39 17 will
931 3464 24 17 ho

521 3486 83 22 charged
612 3492 36 11 one
656 3486 78 23 shilling'
743 3491 33 17 per
788 3486 64 22 gallon
860 3488 21 16 to
889 3488 66 21 steady

522 3513 102 14 customers
631 3509 4 23 ;
646 3516 61 11 cream
716 3515 35 12 one
760 3509 78 22 shilling
846 3516 34 16 per
892 3512 61 20 quart.

545 3532 24 17 In
578 3533 32 16 the
616 3532 33 18 hot
654 3533 84 17 weather
745 3534 48 15 carts
800 3533 39 17 will
844 3539 36 11 run
885 3534 55 17 twice
945 3540 10 10 a

520 3554 44 23 day.

661 3579 71 17 John
745 3578 139 21 Mckenzie,

753 3602 105 17 Northdale
868 3603 63 17 Farm.

566 3648 216 25 IMPOUNDING
791 3650 126 23 NOTICE.

525 3701 189 43 IMPOUNDED
724 3702 21 18 in
755 3702 35 19 the
797 3702 73 20 Public
884 3702 72 21 Pound

578 3734 38 12 one
626 3727 54 26 Grey
691 3728 57 19 Mare
764 3728 90 19 branded
872 3729 10 19 'J
884 3727 4 26 1
898 3729 17 19 0
931 3736 26 13 on

524 3753 29 18 off
564 3753 102 19 shoulder.
694 3754 50 18 Also
757 3760 38 12 one
814 3754 54 25 Grey
886 3755 71 19 Entire

524 3785 26 12 no
561 3779 72 19 visible
644 3780 71 18 brand.
745 3780 21 19 If
774 3782 35 16 not
823 3780 85 20 claimed
918 3782 39 18 and

525 3804 28 19 all
574 3812 99 17 expensos
691 3805 50 26 paid
766 3806 41 19 will
825 3807 26 18 be
870 3808 42 18 told
933 3814 24 12 on

524 3830 113 25 Thursday,
649 3831 84 19 Oetobei

524 3856 75 19 o'clock
608 3863 60 13 noon.

697 3883 80 19 CHAS.
792 3883 87 25 BIR>S,

776 3909 155 27 Poundkeeper.

511 3956 1 30 I-

530 3975 25 23 _L
712 3981 38 22 beg
760 3982 21 15 to
795 3981 65 17 tender
874 3988 31 17 my
920 3983 28 17 sin-

524 4008 41 11 cere
579 4002 70 19 thanks
657 4003 85 23 through
750 4009 49 17 your
810 4010 58 16 paper
881 4005 30 17 for
927 4006 32 16 the

524 4024 46 18 kind
579 4027 94 16 attention
682 4026 84 18 received
779 4028 20 15 at
813 4028 33 16 the
858 4028 101 23 Langham

525 4048 49 17 from
583 4049 31 17 Mr
623 4049 37 17 and
671 4050 41 17 Mrs
726 4050 71 17 Wilson
814 4050 37 17 and
867 4054 92 15 servants.

525 4071 39 17 The
573 4071 64 18 House
646 4073 15 16 is
672 4073 42 17 well
722 4071 75 25 worthy
806 4074 20 16 of
834 4073 32 18 the
880 4076 67 20 patron-

525 4099 36 16 age
569 4095 20 16 of
597 4097 96 20 strangers
702 4102 24 11 on
739 4098 80 15 account
832 4097 20 16 of
863 4097 25 17 its
902 4097 57 23 being

525 4122 46 16 very
579 4118 124 18 comfortable
715 4118 37 18 and
767 4120 112 17 convenient
892 4122 21 16 to
927 4122 32 16 the

527 4139 172 19 Baths.—Roiiert
714 4141 97 18 SraCLAllt
824 4143 57 21 Ross,
897 4144 62 17 North

525 4162 20 17 of
554 4162 103 19 Auckland.

984 139 91 40 JOHN
1100 139 16 15 1.
1147 139 105 16 PHILIPS
1285 139 55 17 AND
1374 139 45 20 CO.,

1094 165 76 13 MIXING
1183 166 122 16 ENGINEERS,

1031 187 131 13 AUTHORISED
1176 188 76 13 MIXING
1266 190 43 12 AXD
1317 189 56 13 LAND

1077 210 105 14 TRANSFER
1195 212 124 13 SURVEYORS.

982 252 58 17 Head
1049 252 68 25 Office:
1141 253 106 22 Halyday's
1264 254 108 23 Buildings,
1390 255 28 20 26,

1054 275 177 22 Shortland-street,
1242 277 106 18 Auckland.

983 303 47 18 P.O.
1040 304 42 18 Box
1092 305 39 17 332.
1261 306 108 23 Telephone
1377 307 41 16 986.

982 330 58 18 Cable
1049 332 82 18 Address
1138 338 5 12 :
1156 333 138 21 Theodolite,
1311 334 106 17 Auckland.

1111 379 76 17 Branch
1203 379 68 18 Offices
1278 384 5 13 :

981 406 172 21 Wharf-street,
1163 408 140 18 Paeroa—Mr
1308 409 22 17 F.
1340 409 23 17 A.
1370 410 36 18 Cut-

1005 431 39 19 ten,
1056 430 52 20 C.E.,
1118 431 77 21 Mining
1208 431 95 23 Surveyor
1315 433 19 16 in
1348 433 69 22 charge

1005 454 21 16 of
1033 453 84 23 district;
1131 454 32 17 Mr
1174 454 20 17 T.
1212 455 97 21 Whevell,
1327 456 91 17 Resident

1005 477 104 22 Secretary.

981 499 169 21 BRO-ftW-STREET,
1160 501 142 18 Thames—Mr
1313 502 68 17 Albert
1397 502 19 16 S.

1003 523 70 19 Alloro,
1084 523 41 17 Min
1135 529 28 17 ng
1171 524 95 22 Surveyor
1273 525 21 17 in
1311 525 70 23 charge
1397 526 20 16 of

1003 545 80 18 district.

981 569 101 17 Kafaxga
1103 569 63 21 Road,
1188 571 141 17 Coromaxdel
1369 571 46 18 P.O.

1003 593 42 17 Box
1064 593 28 18 17.
1116 593 32 17 Mr
1163 594 23 17 E.
1204 593 26 18 H.
1249 595 72 22 Hardy,
1340 594 77 24 Mining

1004 616 95 21 Surveyor
1107 616 18 17 in
1135 616 69 24 charge
1213 618 20 17 of
1244 616 85 24 district;
1344 618 33 17 Mr
1391 619 24 16 A.

1003 638 21 18 F.
1034 639 77 23 Billing,
1126 640 88 17 Resident
1228 641 104 22 Secretary.

981 704 55 32 rpo
1050 704 53 18 THE
1115 705 131 19 ELECTORS
1259 706 33 18 OF
1301 706 52 18 THE
1363 706 53 18 BAY

1057 750 33 18 OF
1099 751 103 18 PLENTY
1210 752 126 19 DISTRICT.

1004 896 12 22 I
1026 898 52 20 have
1088 899 34 19 the
1132 899 65 20 honor
1207 903 20 17 to
1234 901 74 19 inform
1318 909 41 18 you
1370 903 44 19 that

977 941 12 19 I
1000 941 53 19 shall
1064 941 26 19 be
1098 949 12 11 a
1120 943 112 20 Candidate
1243 945 31 18 for
1281 945 40 19 this
1330 945 84 19 District

977 986 22 18 at
1010 985 35 18 th«
1053 985 137 27 forthcoming
1198 986 86 21 General
1292 987 91 20 Election
1391 995 23 11 as

977 1033 25 13 an
1016 1027 107 25 Opponent
1140 1032 20 15 to
1171 1029 34 19 the
1220 1035 82 20 present
1322 1030 91 20 Govern-

1069 1122 131 21 WILLIAM
1212 1123 28 20 11.
1252 1122 133 24 HERBIEd.

1003 1171 141 29 Shaftesbury,

1029 1218 121 24 September
1158 1219 54 24 25th,
1226 1222 57 18 1896.

978 1285 25 17 O
1010 1285 87 17 ECOND
1128 1286 68 18 COOK
1221 1288 82 18 wanted.
1348 1289 64 23 Apply

978 1305 28 22 k?
1033 1308 113 18 Bathgate
1155 1310 76 18 House.

1092 1376 123 19 VISITORS'
1229 1377 63 19 LIST.

1104 1428 82 19 Geyser
1203 1430 77 18 Hotel.

997 1458 107 20 Mosdatnea
1113 1460 73 24 Bayles,
1195 1460 118 26 Maclntyre,
1320 1461 89 24 Victoria;

974 1481 91 25 Roberty,
1075 1481 73 27 Tahiti;
1163 1484 76 18 Salmon
1249 1486 37 17 and
1294 1486 59 22 sister,
1361 1487 37 18 Tau-

973 1512 31 16 po.
1030 1507 67 17 Misses
1106 1507 74 22 Bayles,
1191 1509 117 22 Maclntyre,
1320 1509 89 19 Victoria.

974 1530 82 21 Captain
1065 1529 86 24 Henchy,
1162 1531 28 18 Dr
1198 1531 75 23 Brown,
1283 1533 75 17 Ireland
1365 1529 4 25 ;
1383 1534 28 16 Dr

974 1552 89 23 Chavers,
1073 1554 69 16 Messrs
1157 1554 66 21 Grant,
1237 1552 100 26 England;
1357 1557 39 18 Mac-

973 1576 69 20 tavisb,
1064 1575 89 20 Dunedin
1163 1583 5 16 ;
1195 1578 67 22 Baber,
1292 1579 98 23 Tauranj--

974 1597 91 25 Roberty,
1082 1597 74 28 Tahiti;
1178 1601 117 24 Maclntyre,
1313 1603 59 18 Victo:

973 1623 84 20 Salmon,
1066 1623 71 22 Taupo.

996 1710 106 17 Mesdames
1117 1710 74 22 Brown,
1202 1711 134 20 Christchurch
1344 1710 4 24 ;
1363 1713 35 18 Car-

972 1733 61 22 negie,
1051 1733 111 17 Melbourne
1170 1733 3 25 ;
1189 1735 85 21 Browne,
1285 1736 122 22 Wellington;

972 1756 26 17 H.
1021 1756 97 19 Williams,
1146 1757 116 23 Greyinouth
1278 1756 4 24 ;
1309 1760 98 20 Williams,

972 1778 99 19 Holritika.
1102 1780 66 18 Misses
1183 1776 95 25 'Graham,
1297 1782 110 22 Auckland;

972 1803 92 21 Carnegie
1073 1802 33 25 (2),
1116 1803 118 20 Melbourne.
1261 1806 28 17 Dr
1297 1806 21 18 B.
1327 1806 80 23 Russell,

973 1825 86 21 Ireland;
1077 1826 55 23 Capt.
1150 1827 89 21 Graham,
1257 1829 62 18 Lieut.
1337 1830 59 23 Colqu-

972 1848 57 22 houn,
1041 1850 111 22 Paymaster
1160 1850 103 26 Dodridge,
1272 1853 76 17 11.M.5.
1356 1854 39 17 Wal-

971 1872 53 18 laroo
1032 1872 3 28 ;
1051 1872 46 19 Bev.
1106 1872 81 20 Fathers
1195 1874 83 24 Aubrey,
1294 1876 50 20 Olin,
1359 1876 36 24 Syd-

970 1900 49 19 ney;
1034 1896 62 23 Right
1103 1896 46 19 Eev.
1158 1897 72 24 Bishop
1239 1899 21 18 of
1268 1899 85 24 Waiapu,
1368 1900 26 18 Na-

970 1919 42 23 pier
1020 1919 4 25 ;
1038 1920 70 17 Messrs
1115 1919 81 24 Reaney,
1206 1922 115 21 Wellington
1329 1919 3 25 ;
1344 1924 62 20 Mead,

970 1942 101 22 England;
1087 1943 74 22 Brown,
1175 1945 128 22 Wellington;
1325 1947 80 22 Harper,

971 1966 90 22 Graham,
1076 1967 105 20 Auckland;
1196 1968 98 22 Carnegie,
1311 1970 32 22 jr.,
1358 1970 36 19 Mel-

970 1989 83 22 bourne;
1073 1989 94 22 Fenwick,
1186 1992 91 20 Ashurst;
1296 1994 109 23 Browning,

970 2013 78 21 Nelson;
1063 2011 79 24 Deathe,
1150 2014 113 22 Wanganui;
1273 2017 26 16 H.
1308 2017 97 20 Williams,

970 2037 129 25 Greymouth;
1113 2037 46 18 Rev.
1174 2038 116 24 McKinnoy,
1301 2040 104 18 Auckland.

1104 2083 44 18 The
1160 2084 111 20 Langiiam.

993 2114 107 18 Mesdames
1113 2116 76 21 Parata,
1202 2117 111 23 Tauranga;
1327 2118 78 20 Wilson,

969 2137 65 23 Judge
1043 2138 77 21 Wilson,
1136 2137 111 24 Auckland;
1261 2141 70 18 Messrs
1341 2142 66 17 Rouke

970 2160 33 23 (2),
1026 2160 87 27 Sydney;
1144 2162 96 23 Malonoy,
1268 2164 123 23 Invercargill
1401 2160 4 27 ;

969 2184 109 21 Tarawhiti,
1089 2185 75 23 Huntly
1174 2184 3 27 ;
1205 2187 76 19 Parata,
1294 2184 110 27 Tauranga;

969 2207 80 22 Hyams,
1060 2208 121 22 Wellington;
1196 2210 63 23 Kelly,
1273 2211 64 21 Patea;
1351 2212 54 19 Ross,

970 2231 108 20 Waiwaka;
1093 2232 72 21 Butler,
1181 2233 123 22 Melbourne;
1327 2234 77 21 Barber,

970 2253 91 18 Dunedin
1074 2253 4 26 ;
1104 2255 53 21 Ross,
1181 2257 91 17 Mamaku
1285 2253 4 26 ;
1316 2258 88 21 Welsted,

970 2277 102 23 Waipawa.

1106 2324 85 20 Mokoia
1203 2326 63 18 View.

993 2356 40 17 Mrs
1043 2356 70 21 Currie,
1128 2358 105 18 Auckland.
1259 2359 67 18 Misses
1341 2359 54 22 Ingle-

969 2378 50 21 butt,
1030 2379 140 19 Christchurch.
1195 2382 70 17 Messrs
1274 2382 72 21 Currie,
1356 2384 37 17 Ash-

969 2408 52 15 man,
1043 2403 111 22 Auckland;
1181 2405 116 23 Thompson,
1323 2406 81 23 Napier;

969 2425 76 23 Dwyre,
1056 2427 81 17 Hawera
1145 2425 3 26 ;
1168 2428 75 21 Morris,
1259 2429 135 18 Christchurch
1401 2425 3 26 ;

969 2449 110 21 Stevenson,
1090 2450 110 22 Hamilton;
1214 2452 91 21 Murphy,
1320 2453 85 18 Galutea.

966 4257 102 40 Ask
1096 4257 71 39 for
1196 4256 270 40 Hancock's
1500 4256 277 39 Celebrated
1811 4255 188 40 XXXX
2027 4257 113 40 Ales
2169 4260 94 36 and
2293 4258 148 41 Stout,

2809 2947 35 17 DO
2851 2946 56 18 YOU
2915 2946 101 18 SUFFER
3026 2946 7 19 P

2831 2970 52 17 ARE
2892 2970 55 17 YOU
2956 2969 145 19 AFFLICTED
3115 2970 69 20 WITH

2810 2993 179 21 INDIGESTION,

2840 3015 148 22 BACKACHE,

2880 3038 80 19 TIRED
2971 3039 100 18 ACHING
3079 3041 86 22 LIMBS,

2903 3062 81 18 LIVER
2997 3063 156 20 COMPLAINT.

2974 3086 149 21 LASSITUDE,
3133 3087 34 19 OR

2834 3109 43 22 Any
2900 3109 103 22 complaint
3022 3110 70 23 arising
3109 3111 48 18 from
3172 3118 24 12 an
3209 3113 20 17 im-

2810 3132 110 23 poverished
2933 3139 81 10 nervous
3022 3134 70 21 system
3100 3134 7 17 ?
3120 3135 19 17 If
3148 3141 20 11 so

2906 3155 137 18 CLEMENTS
3052 3156 77 19 TONIC
3141 3158 24 17 IS

2811 3179 17 17 A
2838 3179 88 19 QUICK,
2937 3178 105 18 PROMPT
3050 3180 55 17 AND
3115 3180 65 19 SURE

2869 3203 75 17 CURE.
2971 3203 25 16 IT
3004 3201 67 19 DOE«
3081 3203 51 18 NOX
3137 3204 101 19 MERELY

2812 3226 88 17 ALLAY
2909 3226 52 16 THE
2972 3224 143 21 SYMPTOMS.
3127 3226 50 19 BUT

2810 3271 158 18 POSITIVELY
2976 3272 110 18 LASTING
3095 3274 73 18 CURE.

2812 3348 37 20 Mr
2859 3349 89 23 George
2957 3349 127 23 M'Donald,
3101 3351 33 18 Sth
3152 3351 86 19 Dunedin,

2901 3373 71 18 cured
2989 3373 26 18 of
3101 3375 24 17 N.
3133 3375 28 20 Z.,
3184 3376 54 17 write

2873 3396 123 23 Swellings
3016 3396 24 18 in
3105 3403 23 12 on
3146 3398 51 24 Sept.
3217 3399 21 17 20,

2883 3419 146 23 Kneejoints.
3104 3422 134 18 1894:—Pleas)

2812 3444 66 20 accept;
2893 3443 32 17 the
2940 3443 99 21 following
3061 3445 102 21 testimony
3175 3447 20 16 to
3215 3445 23 17 tin

2812 3466 87 17 valuable
2909 3466 88 22 qualities
3006 3467 20 16 of
3040 3466 95 18 Clements
3149 3469 63 17 Tonic.
3234 3466 4 22 1

2812 3489 38 17 had
2859 3489 29 17 for
2909 3490 44 16 four
2963 3490 77 16 months
3052 3495 10 13 a
3080 3491 86 22 swelling
3181 3492 17 16 in
3216 3495 22 18 raj

2811 3512 107 22 kneejoints
2927 3513 38 16 and
2974 3513 70 19 ankles,
3054 3513 83 22 brought
3147 3520 24 12 on
3179 3515 26 22 by
3213 3520 17 12 ex-

2811 3541 69 17 posure
2888 3537 20 15 to
2921 3537 37 15 wet
2965 3535 38 18 and
3012 3536 40 17 cold
3061 3537 70 22 during
3136 3538 32 16 the
3177 3536 61 25 years!

2812 3564 38 11 was
2859 3558 57 17 coach
2925 3558 82 23 driving.
3041 3560 9 15 I
3060 3565 38 11 was
3111 3560 38 17 laid
3163 3566 31 18 up,
3209 3560 29 18 ;ui'l

2812 3581 55 18 could
2876 3583 35 15 not
2919 3582 50 16 walk
2980 3582 80 17 without
3074 3584 51 21 pain,
3137 3582 101 25 although]

2811 3610 39 11 was
2859 3605 38 16 free
2904 3605 49 17 from
2962 3605 45 22 pain
3013 3605 55 17 while
3080 3607 68 22 sitting
3165 3614 20 10 or
3194 3608 44 20 lving

2812 3628 55 17 down
2878 3628 3 26 ;
2895 3628 15 17 it
2919 3634 39 11 was
2967 3628 45 22 only
3021 3629 53 17 when
3083 3635 32 17 my
3124 3629 72 25 weight
3208 3634 30 14 was

2812 3656 24 12 on
2845 3657 33 16 iny
2886 3651 56 17 limbs
2951 3651 42 17 that
3002 3651 32 17 the
3043 3657 44 16 pain
3097 3652 77 19 became
3177 3658 61 14 severe.

2812 3675 10 16 I
2838 3674 56 17 could
2910 3676 34 20 get
2960 3680 24 11 no
2994 3680 41 11 ease
3048 3676 49 16 from
3107 3676 34 18 oils
3156 3683 21 11 or
3194 3677 43 17 otlioi

2812 3698 109 17 treatment,
2954 3698 11 17 I
2974 3698 97 17 consulted
3080 3704 35 12 one
3123 3699 72 21 doctor,
3204 3700 34 16 who

2812 3721 41 16 told
2861 3726 30 11 me
2897 3720 10 17 I
2915 3720 38 17 had
2962 3721 122 18 rheumatism
3092 3727 5 15 ;
3109 3722 24 17 he
3141 3721 97 24 prescribe!

2812 3750 11 10 a
2832 3744 94 19 liniment,
2937 3744 39 17 also
2986 3750 10 11 a
3005 3744 89 21 mixture,
3105 3744 34 19 but
3153 3747 10 16 I
3172 3748 33 20 got
3220 3750 18 12 no

2812 3767 68 17 better,
2913 3767 88 22 Reading
3014 3773 34 11 one
3058 3768 20 17 of
3085 3774 49 16 your
3142 3769 85 19 advertise-

2812 3790 68 21 ments,
2890 3790 11 17 I
2909 3790 85 17 resolved
3001 3791 20 16 to
3031 3791 42 21 give
3082 3790 94 20 Clements
3190 3791 48 19 Tonic

2812 3819 11 11 a
2833 3812 49 19 trial.
2915 3814 57 16 After
2981 3814 32 16 the
3022 3814 40 17 first
3071 3814 61 18 bottle
3140 3816 10 17 I
3159 3822 38 11 was
3205 3821 25 12 sur-

2812 3836 64 22 prised
2884 3837 20 16 at
2922 3835 59 24 being
2995 3836 41 18 >ible
3048 3838 21 16 to
3084 3838 51 17 walk
3150 3838 45 19 with
3212 3838 26 17 less

2812 3859 51 23 pain,
2874 3865 20 11 so
2902 3859 11 17 I
2935 3859 101 17 continued
3050 3860 16 16 it
3080 3861 30 17 for
3134 3862 29 17 six
3179 3861 59 18 weeks,

2812 3882 38 17 and
2867 3888 31 11 am
2913 3882 66 23 happy
2993 3884 20 16 to
3029 3889 20 11 so
3066 3889 33 17 say
3118 3885 26 17 all
3161 3885 77 20 swelling

2812 3905 38 17 had
2865 3911 56 16 gone.
2946 3906 24 17 In
2977 3906 39 17 fact
3025 3906 9 17 I
3049 3912 38 11 was
3104 3908 61 21 cured,
3180 3913 20 12 as
3215 3908 23 16 for

2812 3934 52 11 more
2878 3929 47 17 than
2939 3929 67 17 twelve
3024 3930 76 17 months
3113 3931 10 17 I
3136 3932 48 17 ha\e
3200 3932 38 16 been

2812 3951 39 18 free
2873 3952 48 17 from
2939 3951 26 18 all
2985 3952 45 22 pain
3051 3953 37 17 and
3106 3955 90 22 swelling.
3226 3953 11 16 A

2812 3975 55 21 great
2875 3975 81 17 number
2964 3976 20 16 of
2993 3981 31 16 my
3034 3975 71 18 friends
3113 3983 31 12 are
3153 3983 59 12 aware
3223 3975 15 17 of

2812 3998 32 16 the
2853 3998 59 17 above
2919 3998 55 20 facts,
2987 4004 20 12 *o
3016 4004 38 17 yon
3067 4005 31 11 are
3111 4002 21 15 at
3148 4001 66 21 liberty
3222 4002 15 14 to

2810 4026 34 12 use
2850 4021 38 17 this
2901 4022 102 16 stutemrmt
3023 4028 20 10 as
3052 4028 36 16 you
3103 4023 88 18 wish.—l
3205 4028 32 13 am,

2811 4050 58 15 yours
2877 4045 110 21 gratefully,
2990 4044 72 23 George
3068 4046 109 21 M'Donald,
3184 4044 52 20 South

2811 4067 95 19 Dunedin,
2916 4068 48 16 New
2979 4068 90 17 Zealand.

2835 4127 39 17 The
2882 4128 63 21 report
2955 4127 20 17 of
2991 4127 32 17 the
3040 4129 69 17 unnu::]
3127 4130 81 23 meeting

2812 4150 113 17 subscribers
2934 4152 22 15 to
2969 4150 31 17 the
3009 4150 78 23 library
3105 4153 38 17 and
3159 4152 56 19 Eeadi

2812 4173 61 18 Room
2880 4173 15 18 is
2903 4173 128 19 unavoidably
3039 4173 43 19 held
3091 4181 51 11 ovev.
