3300 4360
79 136 14 29 A
109 136 63 29 TRIP
188 136 32 29 TO
244 138 59 18 THE
327 138 58 20 HOT
407 139 98 20 LAKES.

119 191 32 18 Br
160 196 14 13 A
183 191 70 18 Soutu
263 190 95 20 AFRICAN
367 191 93 19 Visitok.

100 224 15 18 A
129 224 67 16 recent
206 222 71 18 visitor
287 224 19 17 to
319 223 38 18 this
368 223 78 19 district
458 230 36 19 sup-

78 250 45 26 plies
132 247 35 20 the
176 247 146 21 Ghristchurch
457 250 50 18 with

75 276 28 20 his
112 273 134 26 experiences.
275 274 37 22 As.
322 275 61 19 usual
399 282 12 12 a
426 276 81 18 curious

74 299 76 29 jumble
159 300 18 18 is
187 300 59 18 made
263 300 21 18 of
298 301 35 18 the
353 301 52 18 local
423 308 70 11 nomen-

72 324 80 23 ■'claliire,
167 325 113 26 Waiotapu
289 325 63 27 being
371 327 120 25 transmogri-

76 353 34 20 tied
120 353 20 17 in
172 351 112 26 Waiaputo
319 352 40 18 and
374 358 64 12 soon.
475 353 32 17 Ho

75 379 61 19 writes
164 377 53 20 from
245 378 192 19 Whakarowarewa,
468 378 40 19 and

75 411 41 18 says
126 411 3 18 :

119 429 32 19 All
161 430 41 18 this
212 431 85 23 country
307 430 17 19 is
339 430 75 19 hollow
430 430 65 19 under-

75 456 105 21 neath—in
190 456 47 22 fact,
249 462 40 18 you
299 463 54 12 seem
364 458 21 16 to
395 456 25 19 be
430 456 77 20 travel?-

124 487 26 12 on
160 481 35 18 tho
204 482 45 18 roof
259 482 21 17 of
296 482 77 22 Hades,
390 482 50 19 with
461 482 47 19 here

75 509 36 19 and
127 508 57 17 thero
206 514 12 11 a
235 510 45 22 siiot
290 508 49 18 with
355 508 34 18 the
405 509 45 18 roof
470 509 35 18 off.

75 535 42 18 You
126 533 58 18 could
192 536 36 15 not
235 534 51 17 wish
293 534 34 18 old
346 534 63 18 Satan
418 541 11 11 a
439 541 64 14 worse

76 562 54 17 doom
140 559 50 18 than
210 561 21 16 to
250 558 26 19 be
291 560 92 18 confined
393 559 21 20 in
428 568 38 12 ono
487 561 21 20 of

76 588 31 17 the
117 585 89 19 Tikitere
213 584 50 20 mud
276 585 113 19 volcanoes.
418 586 26 20 In
454 595 54 12 some

77 612 18 20 of
104 612 54 18 thorn
169 611 70 24 things
249 617 34 13 are
295 617 50 19 very
362 612 62 25 lively
436 611 4 26 ;
465 614 43 23 but,

77 640 18 17 in
106 638 72 20 others,
190 637 34 19 the
235 639 113 18 movement
359 638 17 18 is
390 645 49 18 very
456 642 54 19 slow.

78 664 43 20 You
131 663 66 25 might
211 663 90 24 imagine
318 670 12 12 a
346 664 40 19 few
405 664 105 25 elephants

78 690 37 20 and
124 689 108 19 crocodiles
248 689 85 24 moving
348 696 27 19 up
393 692 40 18 and
444 695 57 18 down

79 718 45 21 they
135 722 25 15 go
180 717 19 17 nt
216 716 16 18 it
251 722 22 11 so
292 715 67 25 lazily.
397 718 43 21 One
457 721 51 22 hole,

78 741 61 21 which
152 748 40 12 was
201 741 69 19 rather
278 742 65 21 small,
352 750 40 12 was
400 747 110 18 somewhat

78 767 92 21 eccentric
172 767 113 25 —spitting
304 770 47 17 mud
373 770 41 20 like
434 780 11 11 a
468 773 42 18 sick

78 793 49 21 toad.
144 793 50 18 Now
205 793 40 19 and
254 793 48 21 then
310 800 11 12 a
331 796 40 18 few
378 800 55 23 spots
444 799 66 19 would

78 828 7 12 c
94 826 35 12 nne
139 819 54 25 right
206 826 33 18 up.
259 819 42 19 One
312 825 76 22 caught
400 831 31 12 mo
441 832 25 12 on
476 826 34 19 the

77 845 66 23 cheek,
157 845 101 24 evidently
272 851 68 15 meant
360 850 32 19 for
408 857 34 19 my
460 858 36 13 eve
505 845 3 31 ,

79 873 31 19 but
123 878 11 13 a
145 871 47 20 miss
200 872 18 18 is
228 878 22 12 as
258 874 52 24 good
320 882 22 11 as
355 883 12 11 a
376 877 53 19 mile.
467 878 43 20 An->

78 900 54 17 ntlwr
148 898 51 22 hole,
219 900 42 18 also
277 901 69 18 rather
366 903 63 23 small,
453 904 57 25 flung

76 924 49 21 back
136 925 47 18 mud
192 929 20 16 at
223 932 40 19 you
273 933 60 19 every
342 929 49 18 time
398 936 41 17 you
447 930 63 20 threw

77 958 8 13 a
97 950 42 20 clod
150 952 42 19 ir-to
204 953 21 18 it.

102 977 25 18 At
138 979 40 18 thH
188 979 57 24 place
256 980 72 24 (awful
337 982 69 24 name)
416 989 40 16 you
472 990 36 11 ran

78 1005 31 21 get
126 1005 3 28 (
152 1011 33 17 ery
200 1006 79 22 variety
298 1006 21 19 of
336 1007 83 19 volcano
439 1011 70 22 except

78 1032 2 26 .
98 1038 11 7 ''
119 1038 48 17 .ii'iy
178 1038 44 13 (iiie.
251 1032 42 19 The
301 1033 87 19 number
395 1034 21 18 of
425 1041 82 17 geysers

76 1058 123 24 i.ir.tinually
223 1059 97 25 spouting
339 1061 72 23 (worse
431 1061 49 18 than
498 1068 11 11 a

76 1083 163 26 Prohibitionist)
250 1084 17 19 is
275 1087 37 17 not
321 1091 22 14 so
352 1086 59 19 much
428 1093 11 13 a
455 1092 40 14 won-

77 1111 33 18 der
122 1116 21 11 as
159 1110 33 19 the
207 1111 80 23 variety
304 1112 21 18 of
344 1112 126 20 ingredients
487 1113 21 18 in

76 1137 59 19 them.
165 1136 57 24 They
228 1143 65 18 range
302 1138 52 18 from
363 1138 53 19 dear
423 1139 86 25 sulphur

76 1167 18 14 to
105 1169 11 12 a
127 1169 52 12 me-s
189 1163 41 18 like
240 1162 55 26 dirty
305 1164 99 24 porridge.
421 1165 12 18 I
443 1165 64 19 tasted

76 1195 52 13 some
139 1189 21 18 of
169 1188 35 19 the
215 1192 68 18 water,
293 1190 40 18 and
346 1190 64 19 found
421 1191 16 18 it
447 1192 40 17 had
498 1198 12 12 a

74 1216 12 18 11
95 1221 41 13 ivor
146 1215 40 18 like
197 1215 40 18 bad
247 1221 51 14 ean-j
309 1216 41 19 and
363 1216 58 19 smelt
437 1217 41 19 like
497 1224 13 12 a

76 1241 112 20 Dutchman
200 1247 25 12 on
237 1247 11 12 a
258 1241 36 19 hot
304 1242 44 23 day,
364 1242 43 24 just
417 1243 55 24 prior
488 1245 20 17 to

74 1268 31 19 his
114 1267 104 24 quarterly
229 1268 62 18 wash.
308 1268 92 19 Rotorua
408 1275 74 18 proper
490 1270 16 17 is

75 1298 34 15 not
119 1293 59 25 equal
190 1296 20 16 to
219 1293 42 19 this
270 1294 57 21 place
338 1294 30 19 for
381 1294 66 22 baths,
459 1302 38 18 gey-

75 1326 45 15 sers,
132 1320 40 18 and
183 1319 68 25 putrid
267 1320 74 19 smells.
371 1320 11 19 I
397 1321 59 18 think
473 1322 35 18 the

75 1345 122 21 sanatorium
207 1346 65 22 ought
282 1349 21 15 to
313 1346 52 19 have
381 1346 51 20 been
448 1347 59 24 here-;

75 1373 35 17 but
119 1372 34 18 the
163 1371 79 26 private
252 1372 61 18 baths
322 1373 114 24 belonging
446 1375 20 17 to
473 1373 35 20 the

74 1399 25 19 ho
110 1398 19 18 el
139 1404 33 12 are
182 1398 57 24 quite
251 1397 105 26 sufficient,
371 1399 40 19 and
425 1400 35 18 the
474 1402 21 16 at-

75 1424 75 19 tention
162 1424 59 18 much
229 1424 72 18 better.

99 1451 26 19 Of
132 1451 34 17 the
181 1450 65 22 sights
262 1451 78 19 around
359 1452 95 23 Rotorun,
473 1452 35 18 tho

75 1477 110 23 Waiotapu
195 1476 74 24 Valley
279 1477 17 17 is
308 1477 28 24 by
355 1478 31 18 far
403 1478 35 18 the
456 1480 52 17 mo*t

74 1502 125 25 interesting.
256 1509 75 14 course,
343 1504 16 18 it
366 1504 17 18 is
392 1506 34 16 not
434 1506 20 16 at
462 1511 35 18 pre-

75 1531 43 17 sent,
125 1528 102 19 available
236 1529 32 18 for
279 1529 94 26 bathing,
385 1530 39 18 and
439 1530 16 18 it,
471 1531 37 17 has

73 1562 11 11 n
105 1554 108 19 diabolical
223 1554 58 19 black
291 1555 78 26 boiling
377 1557 48 17 mud
433 1559 75 16 craters

73 1581 40 19 like
123 1580 96 19 Tikitere.
248 1581 42 18 But
304 1581 16 19 it
334 1582 17 18 is
366 1589 55 12 more
432 1583 66 24 pictur-

75 1614 59 18 e-quo
145 1607 39 18 and
199 1607 94 25 pleasing
310 1610 21 16 to
351 1608 35 19 the
405 1615 35 18 eye
458 1609 50 18 than

74 1634 55 18 those
141 1633 68 18 smoke
219 1633 58 19 holes
293 1634 20 19 of
334 1634 34 19 the
387 1634 120 20 bottomless

72 1660 35 25 pit.

99 1685 65 19 There
172 1685 20 19 is
200 1691 51 19 very
259 1685 53 20 little
331 1686 48 19 mud
396 1689 21 16 at
436 1687 57 20 Waio-

76 1714 53 22 fcipu,
142 1711 36 19 but
188 1711 70 25 plenty
269 1712 21 18 of
299 1712 110 19 funieroles
420 1713 38 18 and
472 1714 36 17 hot

75 1738 85 24 sorings,
185 1737 50 20 both
256 1738 21 18 of
295 1738 64 19 which
385 1739 48 19 lend
453 1745 54 13 some

77 1764 8 17 b
95 1766 52 21 tauty
159 1766 19 15 to
187 1763 34 19 the
231 1770 64 12 scene.
324 1764 21 19 It
353 1766 18 17 is
379 1766 56 23 quite
448 1772 11 11 a
476 1772 21 11 re-

73 1790 40 23 lief,
126 1790 53 18 after
192 1789 190 21 Whakarewp-rewa
401 1791 38 18 and
451 1790 47 20 Ti'ki-

75 1819 45 20 tpre,
139 1816 65 18 which
220 1823 34 12 are
270 1817 82 23 enough
367 1820 20 15 to
404 1818 46 23 give
468 1823 39 18 any

75 1848 85 13 nervous
183 1849 72 16 person
277 1844 35 16 tho
335 1842 87 19 horrors-
463 1844 44 17 The

75 1868 56 18 lakes
148 1868 39 18 and
204 1868 82 25 springs
305 1871 20 16 at,
343 1869 113 20 Waiotapu
473 1875 34 12 are

74 1894 69 24 chiefly
153 1894 20 19 in
184 1901 12 12 a
205 1896 72 19 crater,
289 1895 49 19 with
348 1896 34 18 tho
393 1895 37 19 end
440 1895 67 19 blown

75 1923 38 20 out,
127 1927 20 11 so
157 1921 44 18 that
211 1927 40 16 you
261 1927 36 12 can
306 1924 34 21 get
350 1921 57 19 down
419 1923 20 17 to
442 1921 64 20 them.

74 1947 41 18 The
126 1946 52 20 cliffs
197 1947 78 18 nround
293 1947 40 19 rise
352 1950 21 15 to
392 1947 62 19 about
473 1948 34 18 the

73 1973 71 23 height
163 1973 22 19 of
200 1974 37 17 200
257 1973 45 22 feet,
323 1973 40 19 and
386 1980 35 12 nre
435 1973 73 24 chiefly

73 2006 9 12 c
91 1999 87 24 imposed
190 1999 20 18 of
217 1999 55 19 alum
289 1999 40 19 and
345 1999 61 22 silica,
428 1999 69 19 beauti

73 2025 9 19 f
91 2025 34 23 illy
136 2025 67 19 white.
220 2025 43 18 Tho
274 2028 62 16 water
342 2026 51 18 from
401 2025 34 19 the
443 2032 65 14 upper

72 2051 81 25 sorings
163 2058 49 11 runs
223 2051 58 19 down
292 2054 20 16 to
322 2052 35 18 tho
369 2051 66 19 lower.
464 2052 43 18 One

75 2084 42 16 way
141 2077 35 19 the
193 2078 83 18 cascade
292 2078 17 18 is
327 2077 78 25 j'ellow,
424 2077 83 19 covered

75 2103 47 19 with
132 2103 93 23 sulphur,
235 2104 39 18 and
284 2103 35 19 the
339 2104 58 18 other
412 2104 15 17 is
445 2103 61 19 silica.

75 2129 41 19 The
126 2129 61 19 latter
192 2129 39 19 has
240 2136 13 12 a
262 2129 69 26 gentle
346 2129 36 19 fall
398 2130 32 18 for
446 2129 61 19 about

75 2157 35 17 500
122 2155 59 23 yards
192 2155 38 19 and
239 2155 57 19 looks
313 2156 39 18 fine
370 2156 21 18 in
411 2155 34 19 the
462 2162 45 15 sun..

77 2182 15 17 It
105 2187 34 12 tins
157 2183 35 18 not
209 2181 34 19 the
254 2188 54 12 same
327 2181 37 19 fall
381 2188 22 12 as
421 2181 33 18 the
474 2181 31 18 old

151 2207 307 23 Terraceatßotomahanahad,
467 2207 40 18 and

74 2234 100 19 therefore
192 2234 48 17 does
267 2235 36 17 r.ot
327 2234 47 18 look
391 2241 22 10 so
435 2233 71 23 grand.

76 2260 51 17 Mo-t
138 2260 20 17 of
169 2259 33 19 the
213 2260 58 18 lakes
280 2260 49 18 here
338 2266 33 11 aro
380 2259 125 19 surrounded

75 2286 46 19 with
135 2286 50 18 luish
197 2286 64 18 which
273 2286 50 18 adds
334 2292 11 12 a
357 2286 52 18 little
420 2288 19 15 to
454 2284 54 20 their

74 2312 80 24 beauty.
190 2312 42 18 Tho
251 2312 131 22 Champagne
397 2312 48 18 Pool
468 2312 37 17 and

77 2338 48 18 Hlue
136 2338 56 18 Lake
201 2345 34 11 aro
246 2345 25 12 on
282 2345 11 11 a
303 2338 73 23 higher
386 2337 58 19 level.
465 2337 42 18 One

75 2364 14 19 is
103 2366 34 16 100
145 2364 40 18 feet
195 2371 68 11 across
273 2364 39 18 and
329 2364 34 18 the
382 2364 57 18 other
454 2363 51 24 fifty,

74 2390 38 19 and
123 2391 48 22 they
179 2397 34 11 are
226 2390 106 25 separated
342 2390 27 24 by
378 2390 62 18 about
451 2389 56 19 t,hr?e

73 2418 40 17 feet
123 2416 21 19 of
153 2416 102 24 roadway.
284 2416 43 19 One
337 2418 17 17 is
364 2416 29 18 ice
404 2415 49 22 cold,
468 2415 39 19 and

73 2443 32 19 the
113 2442 58 19 other
181 2442 16 18 is
208 2442 81 23 boiling
296 2442 47 23 hot;
359 2442 16 19 it
385 2442 17 18 is
413 2448 10 12 a
438 2441 69 25 puzzle

73 2471 19 17 to
101 2469 61 19 know
172 2469 46 17 how
228 2469 35 18 the
273 2468 108 19 difference
390 2469 17 17 is
414 2468 49 24 kept
473 2474 33 12 up.

73 2495 54 19 Near
142 2497 21 16 to
183 2495 56 18 them
256 2495 16 17 is
291 2502 9 11 a
319 2494 58 19 small
395 2495 47 24 pool
460 2493 47 19 with

72 2521 57 19 ■three
144 2521 171 18 fountains—one
324 2520 65 23 black,
414 2526 37 12 one
466 2519 31 24 yel-

72 2547 43 21 low,
127 2547 40 19 and
183 2553 38 12 one
240 2547 68 18 white.
346 2547 53 17 How
419 2552 37 12 can
473 2545 35 19 the

74 2573 106 19 difference
188 2573 25 18 bo
224 2573 114 24 explained,
348 2573 59 18 when
415 2572 48 24 they
474 2578 33 12 aro

73 2606 20 12 so
103 2599 52 19 close
167 2598 93 24 together
268 2599 8 18 ?

99 2626 33 17 No
148 2625 64 19 doubt
229 2625 41 18 this
289 2625 17 19 is
325 2633 9 11 a
355 2623 93 27 splendid
467 2623 40 19 and

73 2651 112 19 wonderful
208 2655 90 19 country.
336 2651 21 19 It
375 2651 17 18 is
411 2657 11 11 a
451 2649 57 25 day's

73 2683 86 20 journey
178 2677 54 18 from
252 2677 48 19 here
317 2679 21 17 to
358 2676 106 19 Auckland
481 2676 27 24 by

72 2704 59 19 train.
171 2703 58 19 Your
246 2703 136 20 second-class
406 2703 101 24 carriages

74 2737 34 12 are
118 2737 11 12 a
137 2730 92 24 disgrace
240 2731 20 16 to
280 2736 11 11 a
312 2729 90 19 civilised
416 2732 91 20 country.

73 2756 54 24 They
138 2762 34 13 are
181 2762 63 12 worse
253 2756 50 19 than
314 2756 57 18 those
385 2762 26 11 on
428 2761 11 12 a
459 2755 45 23 Lyt

73 2782 62 19 telton
146 2782 47 22 line,
204 2782 65 18 which
280 2789 34 12 are
324 2781 54 25 good
387 2781 82 25 enough
477 2780 31 19 for

72 2809 56 18 -short,
143 2808 107 22 distances,
272 2807 36 20 but
323 2808 16 18 it
358 2808 17 18 is
397 2806 111 21 lownright

73 2835 75 21 cruelty
158 2836 20 17 to
188 2836 36 18 put
232 2840 46 12 men
286 2834 43 18 into
337 2834 55 17 them
399 2833 31 18 for
437 2832 70 19 twolve

73 2861 66 18 hours.
181 2860 42 18 Our
243 2860 65 18 South
327 2859 84 18 African
428 2859 68 18 second-

72 2886 51 20 class
131 2886 102 21 carriages
249 2891 33 13 are
298 2885 101 24 infinitely
418 2884 91 25 superior

72 2914 19 18 to
113 2919 52 18 your
181 2911 112 19 first-class.
329 2911 26 19 In
371 2910 47 20 this,
440 2917 23 11 as
487 2910 20 18 in

72 2945 60 18 many
146 2938 58 18 other
219 2937 77 25 things,
313 2943 29 13 we
359 2937 43 18 find
418 2936 45 19 thnt
479 2942 29 12 we

73 2965 50 19 have
133 2966 36 17 not
180 2970 22 12 so
213 2963 59 19 much
284 2965 20 16 to
313 2962 93 26 grumble
416 2962 61 18 about
488 2962 20 18 in

73 2997 35 12 our
118 2992 85 19 country
215 2996 22 12 as
244 2996 29 12 we
283 2989 90 22 thought
381 2994 28 12 we

160 3040 78 18 LAKE
249 3030 162 28 SOLFATARA.

98 3093 47 19 This
155 3092 47 18 lake
222 3092 17 18 is
255 3091 22 19 in
296 3091 35 18 the
350 3091 119 24 Campagna
487 3089 22 18 of

72 3118 69 23 Rome,
162 3125 49 12 near
227 3117 72 23 Tivoli,
319 3116 102 25 anciently
435 3115 73 19 named

72 3145 93 18 Albulus.
194 3145 20 17 It
225 3144 38 18 has
272 3143 53 18 what
334 3148 34 13 are
378 3142 65 19 called
451 3142 57 17 throe

73 3170 84 25 floating
167 3170 82 23 islands,
261 3169 39 19 hut
310 3169 48 24 they
366 3175 34 12 are
409 3168 46 24 only
472 3173 24 19 ap-

73 3197 93 24 parently
203 3202 29 17 so.,
261 3195 63 25 being
357 3193 108 25 composed
489 3193 21 18 of

73 3222 89 19 bunches
185 3223 21 18 of
225 3222 73 24 sedges
323 3220 41 20 P.nd
393 3219 115 23 bulrushes,

74 3248 60 24 glued
145 3249 94 21 together
247 3248 27 24 by
284 3247 35 19 the
329 3247 92 18 bitumen
442 3245 65 19 which

74 3275 65 18 swims
148 3281 24 12 on
184 3274 34 19 the
239 3274 54 22 lake,,
314 3272 41 19 and
372 3272 35 19 the
423 3270 87 26 sulphur

74 3300 46 19 with
142 3300 65 19 which
221 3300 16 18 it
259 3300 16 18 is
294 3298 148 25 impregnated,
470 3296 39 19 and

73 3334 33 11 iov
117 3326 40 19 ired
177 3326 49 19 with
245 3325 51 19 sand
315 3325 40 18 and
379 3324 47 19 dust
442 3323 68 19 blown

73 3353 49 18 iroiu
135 3352 33 19 the
185 3352 94 24 adjacent
301 3350 66 19 banks
378 3351 21 17 of
409 3350 34 19 the
454 3349 53 19 lake.

73 3378 63 19 Those
149 3378 76 18 islands
235 3384 34 12 are
279 3377 53 20 from
347 3378 22 17 12
382 3379 20 16 to
414 3377 23 18 15
449 3375 61 25 yards

73 3404 53 25 long,
139 3404 39 18 and
190 3404 34 19 the
244 3403 38 20 soil
300 3402 18 20 is
338 3405 71 22 strong
428 3401 81 23 enough

74 3432 20 17 to
107 3430 46 19 bear
168 3430 31 18 six
214 3436 90 18 persons,
324 3429 52 22 who,
388 3428 26 25 by
426 3434 11 12 a
454 3427 54 25 pole,

75 3463 29 13 mo
132 3463 56 11 move
207 3460 20 15 to
246 3455 96 19 different
359 3460 55 19 parts
435 3454 21 18 of
475 3453 35 18 the

74 3482 51 18 lak''.
164 3481 50 19 This
236 3481 47 19 lake
313 3481 36 18 has
376 3486 26 13 an
438 3479 70 21 outlet,

76 3508 29 19 wh
122 3514 33 13 ace
174 3507 26 20 its
227 3510 72 16 waters
323 3513 44 13 run.
389 3505 90 25 forming
498 3510 12 14 a

75 3533 79 20 whitish
166 3533 76 24 muddy
253 3536 80 18 stream,
345 3532 42 20 into
399 3533 34 17 the
449 3531 59 18 Teve.-

75 3566 53 17 rone,
150 3560 34 18 the
205 3559 81 19 ancient
305 3559 59 22 Anio,
385 3557 94 25 emitting
499 3563 11 12 a

75 3589 77 22 vaprfur
160 3585 22 19 of
192 3591 13 13 a
215 3585 124 24 sulphurous
349 3583 58 20 smell
424 3589 22 14 as
462 3583 14 28 11
479 3583 4 28 i
487 3589 23 17 03'

75 3611 50 19 flow.
164 3611 43 19 The
218 3611 79 25 ground
309 3616 48 13 near
374 3610 41 19 this
429 3609 79 21 rivulet,

76 3644 21 12 as
109 3637 41 19 well
163 3644 22 12 as
196 3644 25 11 on
232 3637 34 18 the
284 3636 66 19 hanks
372 3636 20 19 of
411 3636 35 18 the
462 3635 48 18 lake

75 3663 97 20 resound-3
185 3663 48 18 with
244 3669 11 12 a
265 3662 74 19 hollow
350 3661 64 23 sound
431 3661 32 19 \vh
465 3667 8 8 6
475 3667 14 12 n
498 3667 11 11 a

79 3690 22 19 ho
144 3689 79 25 gallops
232 3695 48 12 over
289 3688 22 19 it.
339 3688 43 18 The
400 3690 62 15 water
474 3687 37 18 has

77 3716 39 19 nl-o
148 3723 9 12 u
178 3714 112 26 petrifying
308 3714 85 24 quality,
414 3712 97 24 covering

76 3749 59 13 .every
162 3741 115 18 substance.
315 3742 29 16 On
369 3739 101 23 throwing
500 3744 12 12 a

77 3767 75 20 bundle
172 3767 21 19 of
216 3766 63 19 slicks
288 3773 21 11 or
328 3765 74 19 shrubs
419 3765 43 18 into
477 3764 35 18 the

77 3794 31 17 la!.
125 3790 2 27 ,
141 3793 47 24 they
198 3792 40 20 will
249 3792 21 23 jn
281 3799 12 15 a
303 3791 38 20 few
350 3791 50 24 days
407 3790 26 21 be
444 3796 57 13 cover-

78 3820 21 18 ed
119 3820 47 18 with
182 3819 41 18 this
240 3822 59 20 stony
323 3820 54 16 crust
387 3815 4 27 ;
411 3816 40 18 and
470 3815 42 22 thjs

79 3845 112 25 petrifying
200 3843 81 27 quality
290 3843 18 20 is
318 3849 50 13 even
382 3845 93 20 stronger
492 3841 20 18 in

77 3872 34 18 ■thi-
125 3870 72 20 rivulet
215 3870 44 19 that
269 3876 49 12 runs
326 3870 52 18 from
393 3869 16 17 it
423 3868 50 18 than
491 3867 22 22 in

79 3899 25 17 tin
130 3897 44 19 lako
186 3896 60 23 itself,
258 3890 40 24 anil
309 3895 41 18 still
367 3895 99 18 increases
482 3893 31 18 till

78 3923 14 19 it
113 3923 44 19 falh
185 3923 40 18 into
246 3922 34 18 the
299 3921 110 18 Tevorono.
446 3919 66 21 These

79 3950 55 18 small
153 3948 61 20 white
231 3947 143 19 incrustations
392 3946 45 18 that
456 3951 58 13 cover

77 3977 26 16 tin
132 3982 14 18 pi
159 3974 56 20 bbles
226 3973 21 19 in
259 3973 34 18 the
305 3973 78 17 bottom
393 3973 21 17 of
421 3972 34 18 the
466 3971 47 18 lake

76 4007 39 14 ami
140 4000 81 24 rivulet,
249 3999 62 24 being
337 3998 111 19 somewhat
470 3996 43 19 like

77 4034 35 16 suj.
124 4039 10 5 ..
152 4026 71 22 plums,
233 4031 34 12 are
277 4020 64 24 exiled
351 4024 124 18 confections
493 4022 21 19 of

78 4053 70 19 Tivoli.
181 4052 46 18 Fish
238 4050 82 19 abound
331 4050 21 18 in
366 4050 33 17 the
413 4050 101 22 Teyeroye

80 4079 62 19 above
153 4078 37 19 and
202 4077 64 21 below
277 4075 71 23 Tivoli,
360 4075 31 18 till
402 4075 17 18 it
426 4074 88 19 receives

79 4105 33 21 jthe
131 4104 111 26 petrifying
272 4104 71 19 water;
368 4102 52 17 after
449 4100 65 19 which

77 4130 38 21 (dur
134 4137 16 19 ig
166 4130 24 19 tin
209 4128 113 19 remainder
330 4127 22 20 of
361 4127 26 22 its
404 4132 71 16 .course
494 4128 20 16 to

75 4157 36 20 (the
130 4156 59 21 fiber,
202 4156 57 17 there
270 4160 34 13 ara
315 4159 59 16 none.

627 945 57 18 THE
699 944 161 21 ESTIMATES.

557 997 43 19 The
609 996 103 25 following
720 997 34 19 list
762 997 20 18 of
792 998 93 18 amounts
894 997 71 24 placed

532 1030 25 12 on
567 1023 35 19 the
613 1023 104 18 estimates
727 1023 32 18 for
769 1023 40 18 this
830 1023 78 19 district
929 1023 35 17 bus

532 1049 51 19 been
602 1049 115 19 forwarded
736 1048 26 25 by
783 1049 34 19 Mr
837 1049 31 19 W.
896 1048 66 24 Kollv,

533 1075 85 18 M.ir.n.

531 1109 75 18 Oxford
606 1119 8 15 :
616 1109 85 18 Rotorua
709 1108 44 17 road
916 1108 48 20 £3OO

531 1130 166 25 Tokaanii-Taupo
706 1132 46 17 road
931 1132 33 17 300

531 1155 64 18 Parati
605 1155 70 23 Bridge
934 1156 30 15 100

531 1179 100 23 Tauranga
640 1178 60 17 Flood
710 1178 79 23 damage
931 1179 33 15 200

533 1202 142 23 Pukaingataru
943 1202 21 19 50

531 1224 226 24 Tauranga-Cambridgo
767 1225 45 16 road
933 1225 31 15 100

531 1248 75 23 Sundry
616 1248 54 17 roads
679 1249 40 21 Bay
725 1248 20 17 of
754 1247 67 23 Plenty
934 1248 30 17 LSO

531 1272 64 22 Taupo
604 1271 82 18 Domain
935 1272 29 14 100

531 1296 49 16 Hath
590 1295 37 17 and
636 1295 64 16 Water
709 1294 72 22 Supply
791 1294 90 18 Tokaanu
929 1294 34 17 500

533 1318 65 18 Wharf
606 1317 90 19 Tokaanu
931 1319 33 14 200

531 1342 59 17 Track
599 1343 19 15 to
628 1340 156 18 Orakei-Korako
931 1341 33 16 500

531 1364 100 23 Waiotapu
640 1364 85 22 Springs,
736 1364 38 20 &c,
931 1364 33 16 500

530 1386 182 25 Tauranga-Xapier
724 1386 45 17 road
912 1387 52 20 2,100

531 1411 175 17 Makotu-Kotorua
714 1410 46 17 road
931 1410 33 16 500

531 1433 130 24 Ngongotaka
673 1433 47 18 road
931 1433 33 17 250

531 1457 78 18 Mourca
618 1456 69 24 Bridge

531 1480 181 18 Rotoiti-Tarawera
720 1479 31 17 via
760 1479 92 18 Okataina
931 1479 33 17 SOO

531 1503 84 18 Rotorua
624 1503 66 17 Wharf
931 1504 33 15 -100

530 1527 84 18 Rotorua
623 1527 64 16 Water
696 1526 72 21 Supply
931 1527 33 14 200

530 1550 67 17 Works
606 1550 20 17 at
640 1550 84 16 Rotorua
913 1551 52 15 2.SOU

529 1573 25 18 To
564 1573 70 17 Whaiti
644 1573 63 22 Gorge
933 1573 32 16 150

529 1758 96 23 Papamoa
932 1758 33 16 200

529 1782 112 17 Matata-Tc
649 1781 51 18 Teko
934 1781 31 16 150

529 1804 189 19 Arahiwi-Mainuku
933 1804 32 17 100

529 1827 274 19 Mamuku-Rotorua-Qxford
813 1827 47 17 road
931 1827 33 17 300

529 1852 94 16 Wa.iota.hi
633 1851 70 22 Bridge
931 1852 34 14 500

529 1874 95 19 Waiotahi
637 1874 59 18 Block
932 1874 32 16 750

529 1898 87 17 Waiauni
628 1898 59 17 Block
931 1898 33 14 200

529 1945 67 16 Otawa
606 1945 58 17 Block
674 1944 54 17 roads
931 1943 33 16 500

530 1968 96 22 Papamoa
675 1980 11 8 „
931 1966 33 19 50,0

530 1990 215 23 Rangitaiki-Waiotahi
754 1990 46 19 road
914 1990 50 20 1,300

529 2014 25 18 To
562 2013 140 23 Tcko-Opotiki
712 2013 45 17 road
912 2014 52 16 1.000

529 2037 25 17 Te
564 2037 186 17 Kumi-Whakatane
760 2036 44 18 road
931 2037 33 15 200

531 2060 120 18 Rotorua-Te
659 2060 50 17 Teko
718 2060 46 17 road
909 2059 55 21 ;3,500

531 2083 170 18 Whakarowarewa
710 2083 55 17 roads
931 2083 33 18 00,0

529 2107 92 17 Tauinata
630 2107 47 17 East
931 2107 34 14 200

530 2129 113 18 Okohirekei
931 2129 34 16 300

530 2153 175 18 Rotorua-Galatca
713 2152 45 18 road
912 2152 10 16 3
931 2153 34 15 500

530 2175 299 22 Rotorua-Waiotapu-Wairakei
843 2175 43 17 road
912 2176 53 17 3,-100

532 2200 115 21 rhompsons
655 2199 60 17 Track
915 2199 49 18 1,500

530 2222 179 22 Gislpome-Opotiki
719 2222 45 17 road
931 2222 33 14 500

530 2245 195 22 Opotiki-EastCape
930 2244 34 16 300

529 2269 56 17 Motu
595 2268 52 22 Road
656 2268 96 22 widening
930 2268 34 15 500

812 2314 60 16 Total,
884 2313 80 17 £35,23S

557 2368 110 25 Referring
695 2370 19 16 to
742 2367 33 19 the
798 2366 65 20 E-iti'ii
877 2371 29 14 tes
930 2367 35 19 the

532 2395 96 19 Waikito
650 2395 61 17 limes
737 2394 132 24 says:—=-One
893 2393 21 18 of
930 2393 34 19 the

531 2421 76 25 largest
616 2421 59 19 iteios
686 2427 21 12 as
719 2420 29 19 far
768 2426 20 12 as
806 2420 35 17 the
853 2419 108 20 Auckland

531 2447 78 19 district
625 2447 17 18 is
658 2445 110 20 concerned
792 2446 16 17 is
825 2445 34 19 the
882 2447 83 17 amount

531 2474 59 19 voted
601 2473 31 22 fo.r
642 2473 35 18 the
686 2472 97 25 purchase
795 2472 21 18 of
826 2472 67 17 native
907 2471 57 18 lands

531 2500 96 24 draining
648 2499 39 18 and
712 2497 50 22 road
771 2505 8 6 -
785 2497 87 24 making
889 2497 19 18 in
931 2497 33 19 the

535 2528 87 17 Kotorua
634 2525 82 22 district.
745 2524 49 21 This
808 2524 57 18 when
876 2523 87 25 applied,

533 2552 38 19 will
583 2551 78 26 greatly
672 2550 48 19 tend
731 2552 20 17 to
762 2550 89 18 enhance
861 2549 34 19 the
907 2549 57 18 value

531 2579 21 18 of
562 2585 37 11 our
609 2576 145 23 Wonderland,
767 2575 31 19 for
807 2575 25 25 by
850 2575 114 24 improving

531 2604 35 19 the
576 2604 90 23 sanitary
671 2602 113 19 conditions
792 2602 21 20 of
823 2602 24 18 its
854 2601 98 19 surround-

531 2630 52 24 ings,
601 2630 39 18 and
658 2634 69 13 means
749 2628 21 19 of
794 2628 167 18 communication

533 2656 90 19 between
639 2654 80 22 outside
730 2654 72 25 places,
813 2653 38 19 and
860 2653 34 19 the
910 2654 44 18 vari-

531 2689 36 12 ous
578 2682 77 25 objects
663 2681 21 18 of
694 2680 118 25 surpassing
828 2680 82 21 interest
921 2679 45 19 that

532 2708 34 18 the
587 2707 93 20 traveller
700 2713 36 12 can
752 2705 73 19 behold
847 2705 61 23 there,
931 2705 33 19 the

531 2741 94 18 progress
636 2735 21 17 of
666 2734 33 18 the
710 2733 78 17 district
798 2731 41 20 will
851 2732 21 18 he
883 2731 68 21 materi-

531 2760 42 25 ally
590 2759 104 22 hastened,
720 2765 22 11 as
761 2758 33 18 the
821 2759 80 23 greater
930 2757 34 19 the

532 2786 94 19 facilities
637 2787 31 18 for
680 2785 84 23 visiting
776 2784 35 18 the
825 2783 81 24 springs
925 2783 39 18 and

532 2813 60 18 baths
604 2812 40 20 and
668 2811 34 19 the
719 2810 79 19 natural
813 2809 90 19 wonders
921 2809 43 19 that

531 2839 58 22 exist,
600 2839 35 17 the
646 2844 54 12 more
709 2836 39 19 will
760 2837 47 23 they
818 2835 24 19 be
861 2835 89 25 patronis-

531 2865 26 18 ed
581 2864 39 19 and
637 2861 145 25 consequently
801 2861 62 19 wider
885 2861 78 18 known.

531 2891 74 18 Before
613 2889 81 25 leaving
710 2889 33 18 the
755 2887 79 25 subject
844 2887 21 20 of
875 2887 89 18 Kotorua

532 2922 29 14 we
569 2915 42 21 will
621 2917 47 18 take
678 2915 35 19 the
723 2914 131 28 opportunity
873 2917 20 14 to
913 2917 51 14 state

533 2943 33 18 the
576 2942 83 25 opinion
675 2941 21 18 of
712 2941 34 18 the
764 2939 127 20 Manchester
908 2938 55 19 dele.,

531 2971 59 22 gates
607 2968 50 22 who,
677 2967 16 18 it
715 2966 40 19 will
773 2966 24 19 be
818 2964 144 24 remembered,

531 2994 73 19 visited
618 2994 45 18 that
677 2992 56 26 place
743 2992 39 18 last
797 2991 63 22 week,
889 2991 19 20 Jt
926 2997 38 12 was

531 3025 21 14 to
576 3020 33 19 the
628 3020 59 18 effect
703 3018 44 19 that
764 3024 28 12 we
812 3017 40 18 had
872 3023 12 12 a
912 3022 51 13 most

532 3046 94 18 valuable
640 3048 54 15 asset
701 3044 21 19 in
733 3044 34 18 the
787 3044 43 18 Hot
846 3042 56 21 Take
924 3042 30 19 dis-

532 3072 46 18 trict
588 3071 117 25 presenting
715 3076 12 13 a
736 3070 89 18 curative
842 3068 40 20 and
900 3069 65 18 scenic

532 3098 59 18 value
600 3098 44 18 that
656 3103 40 12 was
707 3096 83 19 without
802 3102 11 12 a
823 3095 91 24 parallel,
926 3095 39 18 and

533 3124 64 18 which
609 3122 71 23 wou)d,
698 3122 64 18 under
777 3121 102 27 judicious
897 3121 56 18 devel-

532 3152 88 22 opment,
641 3149 80 18 become
739 3151 20 15 at
779 3154 25 12 no
823 3147 75 18 distant
919 3146 46 19 date

533 3176 34 18 the
587 3175 100 24 objective
705 3175 21 17 of
745 3174 33 18 the
790 3173 112 19 thousands
921 3173 43 19 who

533 3201 97 25 annually
646 3201 55 21 leaye
717 3200 35 18 the
762 3200 68 18 shores
847 3198 21 19 of
885 3198 80 25 Europe

533 3228 49 18 hent
590 3234 24 12 on
625 3227 93 25 plea-ure
729 3232 23 12 or
761 3226 34 18 the
806 3225 122 18 restoration
945 3228 20 18 ,t<;

533 3253 76 19 health.
639 3253 39 19 We
687 3258 33 13 are
731 3252 48 24 glad
792 3253 21 17 to
823 3257 33 12 see
867 3250 45 19 that
930 3251 35 18 the

533 3279 137 21 Government
686 3277 102 26 recognise
799 3277 34 19 the
844 3279 57 21 great
921 3283 34 19 pos-

532 3305 93 21 sibilities
637 3304 94 20 attached
741 3307 20 15 to
771 3304 35 18 the
827 3302 139 25 development

533 3332 20 19 of
573 3333 33 17 the
626 3329 86 24 thermal
738 3330 80 24 springs
838 3328 78 21 district
941 3330 25 24 by

533 3357 81 26 placing
630 3364 13 12 a
658 3355 137 20 considerable
815 3361 45 14 sum
881 3361 26 14 on
933 3356 33 19 the

533 3384 109 18 Estimates
651 3383 32 18 for
694 3382 45 19 that
749 3387 93 17 purpose.

556 3453 17 16 A
581 3451 89 18 selection
687 3450 20 17 of
722 3449 92 18 minaturc
830 3448 56 17 views
901 3448 20 16 of
938 3448 31 16 the

533 3476 74 16 various
616 3474 61 23 places
687 3474 19 16 of
714 3473 78 17 interest
806 3472 19 16 in
842 3471 38 17 and
896 3471 73 17 around

533 3500 89 18 ltotorua,
633 3497 178 19 Whakavewai'owa,
822 3495 39 20 &c,
875 3494 33 17 lias
922 3494 46 17 been

533 3521 83 18 received
625 3522 20 15 at
654 3520 31 17 the
694 3520 117 17 CmiOXICLE
821 3518 63 16 Office.
910 3517 59 17 Those

533 3546 49 17 little
592 3544 25 17 oil
627 3543 97 23 paintings
733 3547 31 11 are
773 3542 24 21 by
807 3541 31 16 Mr
846 3541 19 16 J.
875 3541 21 16 P.
907 3540 49 16 Back-

533 3569 57 17 house
604 3568 19 16 of
638 3567 81 17 Newton
732 3564 59 20 ltoad,
807 3563 106 20 Auckland,
932 3563 37 16 and

533 3597 31 12 arc
574 3591 40 17 well
630 3589 75 22 worthy
720 3589 32 16 the
768 3587 95 18 attention
879 3587 20 16 of
915 3586 54 17 those

533 3615 83 17 desirous
625 3614 21 16 of
661 3612 106 22 possessing
783 3617 21 11 or
819 3610 20 17 of
853 3609 80 22 sending
950 3610 19 16 to

534 3638 48 17 their
588 3636 70 18 friends
666 3641 23 11 an
696 3634 112 21 interesting
814 3633 37 16 and
858 3632 111 22 artistically

534 3660 90 18 executed
633 3659 87 18 souvenir
729 3658 20 17 of
758 3657 32 17 the
796 3656 79 17 district.

580 3697 39 17 The
633 3695 108 19 Chronicles
750 3694 19 17 of
788 3694 62 17 Count
867 3692 88 20 Antonio,
959 3692 9 8 -3

534 3722 25 21 by
576 3721 91 20 Anthony
676 3719 56 22 Hope
741 3715 4 28 ;
787 3717 38 18 The
839 3716 50 19 Trail
910 3716 20 16 of
938 3715 32 17 the

646 3742 25 23 by
698 3741 74 18 Gilbert
789 3739 71 18 Parker
869 3738 4 27 ;
917 3738 53 22 Lady

614 3767 26 21 by
647 3766 23 16 D.
680 3764 72 18 Gerard
762 3761 3 28 ;
862 3761 90 18 Ibbotson

534 3791 26 22 by
580 3790 32 17 the
637 3788 69 18 author
723 3788 20 17 of
782 3786 64 21 Trilby
877 3784 4 29 ;
905 3786 11 12 '•'
924 3784 47 17 Miss

687 3811 26 22 by
737 3810 51 17 John
818 3808 103 18 Davidson,
939 3807 32 17 the

535 3837 69 17 author
612 3836 20 17 of
730 3833 61 17 Street
807 3831 94 22 Eclogues
931 3831 39 21 &o„

536 3861 38 19 &e,,
585 3864 44 17 luay
637 3858 24 18 be
670 3857 38 19 had
717 3857 21 16 at
874 3854 73 17 Office*

559 3895 24 18 In
592 3893 68 25 regard
669 3894 19 16 to
697 3893 32 17 the
739 3891 93 18 excessive
841 3890 37 17 fees
894 3889 44 22 paid
953 3890 19 16 to

536 3920 32 18 the
585 3916 102 19 cautatrico
705 3915 80 17 Adelina
802 3913 58 18 Patti.
886 3912 38 17 and
941 3913 31 16 the

536 3942 55 17 small
599 3941 78 17 balance
693 3938 105 21 remaining
811 3938 20 15 to
845 3935 32 18 the
893 3935 67 22 impres-

536 3965 55 20 sario,
602 3964 31 17 the
643 3962 99 21 following
750 3960 99 22 ingenious
859 3958 112 17 calculation

538 3994 37 11 was
585 3986 54 19 made
647 3988 21 15 at
676 3985 32 17 the
717 3984 45 17 time
771 3984 25 21 by
805 3989 11 11 a
825 3981 73 19 French
912 3987 48 11 news-

537 4016 69 17 paper:
609 4009 91 17 —Lotus
714 4012 80 17 suppose
809 4006 43 16 that
867 4004 52 17 Patti
936 4004 37 17 and

538 4033 80 19 Nicolini
628 4038 31 11 are
668 4033 19 15 to
696 4031 43 21 sing
748 4030 32 17 the
789 4029 46 17 duet
844 4028 19 17 in
878 4028 93 19 Trayiata.

536 4057 45 18 This
597 4056 45 17 duet
656 4053 85 19 contains
757 4054 33 15 21!)
808 4051 67 20 words,
896 4051 28 17 101
945 4050 28 18 for

538 4080 89 17 Violetta,
642 4079 31 16 11H
689 4077 29 17 for
736 4075 83 18 Alfroda.
853 4074 52 17 Each
922 4073 51 17 word

537 4104 66 20 brings
618 4101 52 17 Patti
686 4101 21 17 79
724 4099 62 17 francs
803 4099 22 16 GO
841 4097 94 19 centimes,
954 4097 19 16 to

538 4117 88 28 Nicoliui,
636 4127 9 14 -1
657 4124 61 17 francs
727 4123 23 16 20
759 4121 95 18 centimes.
887 4120 39 17 The
941 4125 22 13 or-

539 4149 74 18 chestra
621 4148 54 21 plays
685 4147 31 17 the
726 4144 77 24 prelude
821 4146 20 15 at
858 4149 102 12 commence-

987 945 51 17 ment
1047 945 19 17 of
1079 944 50 21 duet,
1144 943 84 18 Violetta
1242 943 52 22 sings
1312 945 11 8 '■'
1332 943 35 18 Oh,
1375 943 44 21 quel

1083 967 65 23 (Three
1158 966 66 19 words,
1235 966 33 17 238
1278 967 90 16 i'nmcsßo
1375 971 33 11 cen-

987 990 68 22 times.)
1065 991 16 16 A
1095 989 99 18 moment's
1208 989 67 17 silence
1288 989 38 16 and
1342 987 77 18 Alfreda

986 1013 103 23 appearing
1096 1013 34 19 she
1138 1012 94 21 exclaims,
1373 1011 45 22 .(159

987 1037 60 17 francs
1068 1038 21 14 -0
1111 1035 102 24 centimes},
1248 1035 76 16 Alfreda
1345 1034 71 22 replies,

987 1062 11 6 *'
1006 1059 74 18 Ccssate
1086 1065 9 12 e
1103 1058 212 18 l'anhnacheractoi'bo.
1323 1057 29 23 (3i
1361 1057 58 18 [roues

986 1084 22 15 20
1017 1082 102 22 centimes).
1305 1080 32 18 slie
1345 1080 72 22 replies,

986 1105 41 23 (159
1035 1105 63 18 francs
1104 1106 24 16 20
1137 1103 104 24 centimes),
1266 1104 39 17 'flu:
1320 1104 44 18 duet
1380 1104 29 16 ter-

987 1129 78 17 minates
1074 1128 45 17 with
1128 1134 10 11 a
1154 1127 114 18 declaration
1281 1127 20 17 of
1309 1127 46 17 love.
1382 1126 37 17 The

986 1152 60 17 words
1075 1152 54 19 Amo,
1218 1156 31 11 are
1254 1150 88 22 repeated
1350 1150 69 17 several

987 1175 52 16 times
1049 1172 4 24 :
1067 1175 45 16 each
1121 1174 52 16 word
1182 1174 65 22 brings
1256 1173 51 17 Patti
1318 1174 21 16 79
1356 1172 61 19 francs

986 1199 21 15 00
1017 1198 93 20 centimes,
1121 1199 19 15 to
1150 1197 81 17 Nicolini
1239 1198 11 14 -1
1260 1197 61 16 francs
1336 1197 21 15 20
1375 1201 33 11 cen-

986 1221 59 17 times.
1070 1221 22 16 In
1104 1222 10 11 '■'
1123 1220 36 17 Les
1168 1219 101 23 Hugnotes
1320 1219 46 17 is:—

1011 1246 10 6 •'
1029 1244 9 16 I
1048 1249 47 17 open
1104 1249 31 16 my
1145 1243 72 20 mouth,
1229 1244 51 18 1,000
1290 1242 74 19 dollars,

1009 1267 30 16 He
1048 1273 57 16 opens
1114 1267 28 16 Ins
1152 1266 72 19 mouth,
1237 1267 50 17 1,000
1297 1265 75 20 dollars,

1009 1291 33 15 We
1050 1289 47 19 both
1106 1295 48 17 open
1162 1295 35 11 our
1206 1289 75 16 mouths
1290 1290 20 15 to
1317 1289 32 16 the
1356 1288 63 17 fullest

1032 1314 66 16 extent
1106 1312 37 17 and
1152 1313 31 16 the
1193 1312 109 22 impresario
1317 1312 38 16 will
1372 1312 46 15 have

1032 1336 82 23 nothing
1123 1338 20 14 at.

1098 1369 23 2 —
1124 1359 73 19 Ciiimri/
1206 1358 73 20 Islands
1291 1357 102 21 Telegraph.

1296 82 58 19 THE
1381 83 57 20 HOT
1463 83 94 20 -LAKES
1586 83 171 24 CHRONICLE,
1785 84 188 22 WEDNESDAY,
2003 81 125 24 OCTOBER
2157 89 31 20 21,
2206 90 48 18 IS9G

580 144 800 769 dsafads

989 1418 41 19 TF
1044 1418 59 18 YOQ
1124 1417 57 20 ARE
1204 1417 64 18 SICK
1286 1417 19 19 in
1319 1422 39 19 any
1376 1423 43 18 way

988 1438 23 23 .1-
1040 1444 102 18 whatever
1157 1443 49 19 send
1223 1450 12 12 a
1251 1442 92 25 stamped
1360 1449 48 12 enve-

987 1470 45 24 lope
1041 1472 20 16 to
1072 1476 36 12 our
1118 1469 89 26 Agency,
1223 1468 133 25 Wellington.;
1368 1471 51 17 state

988 1497 33 17 the
1031 1502 44 12 case
1085 1502 21 12 as
1123 1495 99 24 minutely
1231 1502 21 11 as
1271 1495 88 24 possible
1379 1494 40 18 and

986 1528 40 17 you
1042 1522 76 18 receive
1138 1521 68 19 advice
1226 1521 26 24 by
1277 1522 69 18 return
1367 1525 51 20 post.

988 1549 41 17 Our
1038 1552 72 20 agents
1124 1554 35 11 are
1169 1547 28 18 all
1207 1546 102 25 qualified.
1343 1546 21 19 If
1379 1552 39 18 you

988 1574 77 18 enclose
1075 1575 21 16 2s
1113 1573 26 19 Gd
1157 1580 28 11 we
1202 1573 40 18 will
1260 1573 48 18 send
1324 1579 39 17 you
1383 1579 36 12 our

989 1600 43 18 best
1040 1599 82 25 remedy
1131 1599 33 19 for
1174 1599 33 19 tho
1223 1606 45 11 case
1287 1599 77 23 lasting
1378 1604 40 18 you

988 1630 37 13 two
1049 1625 71 20 weeks.
1159 1625 44 18 You
1223 1632 47 11 save
1290 1631 71 18 money
1380 1624 39 19 and

987 1651 83 19 doctors'
1083 1651 52 18 bills.
1164 1651 45 19 You
1221 1651 76 18 receive
1315 1651 68 18 advice
1393 1657 25 11 on

987 1678 27 18 all
1025 1678 71 24 points,
1109 1677 39 21 and
1160 1677 33 20 the
1204 1680 69 22 purest
1284 1677 21 18 of
1321 1676 97 19 remedies

988 1709 49 17 sent,
1047 1707 19 14 at
1075 1711 24 10 no
1107 1707 57 14 extra
1172 1707 41 14 cost
1224 1703 49 18 than
1281 1703 16 18 if
1305 1702 113 25 personally

988 1729 83 25 bought,
1079 1730 27 22 by
1115 1730 63 22 doiny:
1185 1736 50 16 your
1241 1729 91 18 business
1340 1728 47 19 with
1395 1735 24 12 us

988 1755 26 25 by
1024 1759 50 21 post.
1103 1755 85 20 Consult
1202 1759 18 14 at
1232 1761 54 12 once.
1320 1754 98 19 Ailments

988 1781 64 19 which
1062 1787 39 18 are,
1113 1784 21 16 at
1142 1782 34 18 the
1186 1781 49 19 time
1252 1780 87 25 thought
1357 1784 19 15 to
1394 1780 24 18 be

987 1808 58 24 light,
1057 1814 32 12 nre
1099 1808 56 17 often
1165 1808 34 17 the
1211 1807 113 24 beginning
1334 1806 20 18 of
1370 1806 40 19 seri-

986 1840 37 12 ous
1032 1839 153 19 consequences,
1199 1832 64 20 which
1284 1833 15 18 if
1318 1832 60 19 taken
1397 1832 21 19 in

987 1860 47 18 time
1045 1866 32 12 are
1088 1859 87 19 cheeked
1186 1859 40 19 and
1236 1858 67 22 cured.

988 1893 167 19 GKEATFGED
1172 1893 159 19 BOTANICAL
1351 1892 66 24 COY,,

1091 1927 148 21 Weluxotox,
1252 1927 38 18 and
1302 1930 20 16 at

1010 1953 80 24 Sydney,
1101 1953 117 20 Melbourne,
1229 1954 50 21 Cape
1286 1954 62 19 Town,
1359 1952 37 18 and

1108 1977 85 20 Lincoln,
1207 1976 94 23 England.

1077 2033 82 25 THE
1179 2033 138 28 MAILS.

1018 2100 146 19 ROTORUA
1177 2100 74 19 POST
1272 2100 114 19 OFFICE.

1056 2150 68 18 Mails
1134 2150 61 18 close
1205 2155 26 13 as
1240 2149 74 19 under
1323 2155 28 13 :

1157 2179 99 17 MOXDAY.

988 2211 44 18 For
1041 2210 122 23 Tauranga
1172 2211 25 17 at
1206 2210 53 18 6.30
1269 2215 51 13 a.m.

1010 2248 10 7 ~
1047 2233 125 19 Auckland
1195 2233 45 18 and
1258 2233 161 20 intermediate

1045 2257 83 21 offices,
1140 2256 53 19 7.30
1204 2262 52 12 a.m.

1154 2288 102 18 Tuesday.

987 2320 45 18 For
1048 2319 125 18 Auckland
1190 2319 46 18 and
1257 2319 162 18 intermediate

1049 2342 83 22 offices,
1142 2342 53 19 7.30
1204 2348 51 13 a.m.

1009 2381 11 7 „
1047 2366 169 18 Rotomaßoad
1223 2366 77 23 Gamp,
1308 2366 52 21 9.30
1360 2366 58 21 a.m.

1009 2405 11 7 „
1047 2389 97 18 Galatea
1153 2389 46 18 and
1367 2388 53 19 7.30

1048 2418 53 17 p.m.

1009 2451 11 7 „
1047 2437 85 22 Taupo,
1151 2434 122 24 Atiamuri,
1294 2435 124 22 Wairakei,

1048 2459 46 18 and
1103 2459 92 22 Napier,
1207 2459 54 19 7.30
1273 2463 53 18 p.m.

1133 2492 139 15 "W'KD.XKSIiAY.

986 2523 45 18 For
1041 2522 125 18 Auckland
1188 2522 45 18 and
1258 2522 161 20 intermediate

1048 2546 84 22 offices,
1143 2542 54 22 7.30
1206 2551 52 12 a.m.

1143 2575 119 20 Thursday.

986 2607 46 18 For
1047 2606 126 18 Auckland
1190 2606 47 17 and
1259 2605 162 19 intermediate

1049 2629 84 21 offices,
1144 2626 55 21 7.30
1207 2634 52 13 a.m.

1009 2668 11 7 ~
1046 2653 97 21 Matata,
1160 2652 154 23 Pongakawa,
1334 2652 85 22 Ohiwa,

1048 2676 157 21 Wliakatane,
1214 2675 101 23 Opotiki,
1322 2675 98 18 Maketu

1047 2699 47 18 and
1103 2699 31 18 Te
1143 2699 71 21 Puke,
1225 2698 55 19 7.30
1289 2704 52 17 p.m.

1161 2731 87 16 Friday.

987 2763 45 18 For
1040 2763 128 22 Tauranga,
1179 2762 54 18 6.30
1242 2767 52 13 a.m.

1007 2784 3 27 r
1011 2801 9 7 .,
1046 2785 125 18 Auckland
1193 2785 46 18 and
1260 2784 161 19 intermediate

1048 2808 83 22 offices,
1143 2808 54 19 7.30
1205 2814 52 12 a.m.

1009 2847 11 7 ~
1047 2833 85 21 Taupo,
1153 2831 122 22 Atiamuri,
1294 2831 44 18 and
1357 2831 48 18 Wai-

1048 2855 70 22 rakei,
1131 2855 53 18 7.30
1193 2861 53 16 p.m.

1145 2887 116 18 Saturday.

986 2920 45 17 For
1044 2919 98 21 Matata,
1159 2918 154 23 Pongakawa,
1332 2918 87 21 Ohiwa,

1047 2942 157 21 Whakatane,
1212 2941 101 22 Opotiki,
1322 2941 98 18 Maketu

1047 2965 47 19 and
1103 2965 31 18 Te
1143 2965 71 22 Puke,
1225 2965 54 18 7.30
1288 2970 52 17 p.m.

985 3010 52 17 THE
1050 3009 117 17 ENGLISH
1181 3008 67 17 MAIL
1263 3012 36 13 VIA
1317 3007 102 18 'EKISCO.

1009 3062 78 19 Closes
1098 3062 112 21 Rotorua,
1224 3061 90 22 Friday,
1323 3061 49 18 Oct.
1383 3061 35 21 30,

986 3087 24 17 at
1019 3085 54 19 7.30
1082 3090 59 18 a.m.,
1155 3085 45 18 due
1215 3085 24 17 in
1254 3084 96 18 London
1366 3083 53 19 Dec.

986 3109 52 19 2nd.

1204 3158 170 19 REGULATION!

1011 3210 45 18 The
1067 3208 71 19 Office
1148 3208 19 18 is
1178 3214 59 17 open
1247 3208 35 18 for
1291 3208 39 18 the
1341 3207 48 18 sale
1399 3207 24 18 of

987 3234 95 21 stamps,
1094 3232 104 22 delivery
1212 3231 47 18 and
1272 3230 149 24 registration

988 3257 26 17 of
1019 3256 88 21 letters,
1118 3255 88 22 receipt
1222 3255 25 17 of
1259 3254 94 23 parcels,
1373 3254 46 21 &c,

988 3280 59 17 from
1056 3280 16 17 9
1080 3284 52 13 a.m.
1146 3280 23 16 to
1178 3278 15 18 0
1204 3283 52 18 p.m.

1012 3302 45 18 For
1075 3307 85 17 monej-
1178 3301 67 18 order
1261 3301 47 18 and
1325 3300 96 23 savings

988 3326 63 18 bank
1065 3325 82 18 busine
1162 3330 16 16 s,
1195 3325 14 17 9
1225 3329 51 14 a.m.
1294 3325 25 17 to
1336 3324 14 18 4
1367 3329 54 17 p.m.

990 3348 134 28 Saturdays,
1136 3348 14 18 9
1159 3353 52 13 a.m.
1222 3348 25 17 to
1256 3348 15 17 5
1280 3353 52 17 p.m.

1013 3372 45 17 For
1066 3372 122 22 telegraph
1204 3370 114 19 business,
1333 3370 60 18 from
1408 3370 15 18 9

979 3395 2 22 ;
990 3400 50 14 a.m.
1051 3395 24 17 to
1085 3395 14 17 5
1111 3400 53 17 p.m.

1014 3418 98 22 Letters,
1123 3417 74 18 books
1214 3417 47 18 and
1273 3421 150 17 newspapers

979 3435 2 29 |
990 3447 43 15 can
1037 3442 27 17 be
1070 3440 127 24 registered
1204 3442 26 16 to
1238 3445 46 17 any
1293 3440 52 22 part
1351 3440 26 17 of
1383 3439 40 18 the

990 3464 72 18 world
1072 3469 29 13 on
1111 3464 112 23 payment
1233 3467 23 14 ot
1273 3468 14 13 a
1299 3462 36 18 fee
1352 3462 26 18 of
1392 3462 31 18 3d

990 3488 23 18 in
1020 3487 104 18 addition
1132 3488 24 17 to
1160 3487 40 17 the
1207 3486 108 22 ordinary
1319 3486 103 22 postage.

1014 3511 45 18 The
1070 3510 70 18 Office
1149 3510 47 18 will
1203 3515 95 17 re-open
1306 3514 29 13 on
1344 3509 66 18 Satur-

980 3532 1 24 i
991 3534 56 22 days
1058 3534 55 22 only
1122 3534 35 17 for
1170 3534 28 17 15
1214 3533 102 17 minutes
1332 3532 35 17 for
1384 3532 39 17 the

980 3555 1 25 !
990 3557 102 23 delivery
1107 3556 25 18 of
1146 3556 82 18 letters
1242 3556 60 18 after
1316 3555 39 18 the
1370 3555 53 17 mail

980 3578 1 24 ;
990 3580 102 22 arriving
1101 3581 25 17 at
1136 3579 54 19 7.40
1199 3584 52 18 p.m.
1262 3579 20 17 is
1292 3578 84 18 sorted.

1139 3603 25 18 R.
1179 3602 25 19 D.
1224 3601 129 22 DANSBY,

1249 3624 151 17 Postmaster.

1038 3679 29 41 A,
1096 3678 70 43 AND
1193 3678 30 40 G.
1251 3676 125 46 BROOK,

992 3737 80 23 BOOT
1087 3736 70 23 AND
1175 3736 83 23 SHOE
1278 3735 146 28 MAKERS,

1051 3777 88 20 Fentost
1155 3778 88 22 Street,
1268 3777 53 18 Koto
1326 3782 22 13 hi
1349 3777 2 23 -
1355 3782 17 13 a.

994 3810 45 19 And
1061 3812 23 16 at
1113 3809 82 19 Parnell
1219 3808 40 20 and
1288 3807 136 21 Newmarket.

1019 3878 67 24 Large
1096 3878 38 18 and
1146 3878 67 18 varied
1230 3876 61 20 Stuck
1303 3875 21 19 of
1334 3875 90 24 English,

996 3904 85 24 Foreign
1094 3904 38 19 and
1144 3903 90 20 Ooli>tii>\l
1246 3902 61 20 Boots
1318 3902 36 18 and
1364 3902 61 18 SIIO6H

1055 3932 22 17 to
1088 3930 72 19 choose
1172 3931 49 18 from
1233 3930 22 18 at
1266 3928 34 20 the
1310 3929 51 17 most

1030 3967 215 31 REASONABLE
1266 3964 126 32 PRICES.

1087 4008 92 19 FKESII
1196 4006 89 20 STOCK
1298 4005 35 20 OF

993 4042 171 27 JOOTBALL
1178 4040 98 24 BOOTS
1286 4040 42 24 just
1341 4038 85 20 arrived.

998 4083 31 20 All
1046 4082 70 20 orders
1132 4082 40 19 and
1188 4081 75 25 repairs
1280 4078 146 26 expeditiously

1159 4106 102 21 executed.

993 4143 24 19 S.
1032 4142 24 20 E.
1070 4141 149 23 FOKDYCE,
1245 4151 8 2 -
1277 4150 8 3 -
1308 4139 118 23 Manager..

1443 146 48 45 R.
1532 146 336 49 SPRECKLEY,

1541 202 52 16 Next
1600 201 33 17 the
1649 202 45 16 Post
1706 202 63 20 Office,

1440 232 236 22 SHORTLAND-ST,
1690 232 180 19 AUCKLAND.

1486 264 79 23 Ageiit
1571 263 35 17 for
1612 263 93 17 Gorcioii
1713 263 20 18 &,
1742 264 81 18 Gotcli.

1521 309 56 20 LIST
1586 308 32 19 OF
1628 309 59 17 NEW
1699 309 90 18 BOOKS.

1763 345 54 21 Paper
1817 345 54 21 Cloth

1440 369 70 14 Cameos
1539 379 17 4 ...
1604 379 17 4 ...
1666 367 55 17 Mario
1731 367 61 15 Corelli
1805 368 27 14 26
1844 367 9 15 3
1862 368 8 15 0

1440 388 37 16 The
1493 388 70 20 Mighty
1579 389 51 14 Atom
1726 400 12 7 ~
1806 388 27 15 2.6
1845 388 10 15 3
1863 389 9 15 6

1440 409 37 16 The
1484 409 75 17 Sorrows
1568 408 18 16 of
1593 408 54 17 Sitau
1727 421 11 7 ~
1802 409 12 18 .2
1825 411 8 12 6
1845 410 27 16 3.0

1440 430 111 16 Birabbas...
1599 442 17 4 ...
1727 442 11 7 ~
1806 431 8 14 2
1824 430 9 14 0
1845 431 27 14 36

1441 451 65 16 Behind
1515 451 29 15 the
1553 450 58 21 Magic
1620 450 62 16 Mirror
1734 451 59 15 Birrell
1807 454 8 12 2
1825 451 8 15 6
1846 452 8 14 3
1863 453 9 13 6

1440 472 33 16 The
1473 472 90 16 Eleventh
1568 471 147 17 Commandment.
1720 471 11 17 S
1739 472 59 15 itol.ffe
1806 473 7 14 1
1823 473 9 14 G
1846 473 8 14 3
1863 473 9 14 0

1442 496 12 12 A
1461 494 63 15 Victim
1530 492 18 16 of
1554 492 48 16 Good
1671 493 26 15 W.
1706 493 20 17 E.
1733 493 60 15 Norris
1806 494 7 14 2
1824 494 8 14 (i

1440 514 37 17 Tue
1484 513 56 18 Wood
1544 513 72 21 Beyond
1621 513 101 20 the-World,
1733 514 61 15 Morris
1806 515 8 14 2
1824 515 8 14 6

1441 537 68 18 Among
1517 534 3 21 I
1525 535 21 15 lie
1554 534 64 16 Freaks
1668 534 28 16 W.
1706 534 21 17 L.
1737 535 55 15 Alden
1806 536 8 14 2
1825 537 7 13 0
1846 536 8 14 3
1864 536 8 14 0

1441 556 34 15 Out
1484 558 16 13 of
1507 556 38 15 Due
1552 555 62 16 Season
1630 555 73 16 Adeline
1709 555 83 18 Sarireant
1806 558 8 13 2
1825 557 8 14 0

1440 578 98 14 Transition
1563 589 17 3 ...
1628 590 18 3 ...
1663 577 24 15 :G.
1698 576 20 16 P.
1729 576 64 16 Brooke
1806 579 8 13 2
1824 578 9 14 0

1440 598 37 16 The
1479 597 54 17 Tears
1541 597 37 16 that
1584 597 28 16 the
1620 597 62 16 Locust
1690 597 42 16 hath
1744 597 52 16 teaten

1585 620 57 14 Annie
1651 618 21 16 E.
1681 618 111 16 Holdsworth
1806 620 8 14 2
1824 620 8 13 0
1846 620 8 13 3
1863 620 9 13 6

1442 640 51 15 1.-ban
1502 639 53 16 Israel
1571 640 16 21 (a
1596 640 11 15 S
1615 640 35 16 lUth
1662 640 68 14 African
1741 639 56 21 Story)

1651 660 66 21 George
1727 661 67 15 Cos-ins
1846 661 8 15 3
1864 661 8 16 0

1442 682 28 15 Mr
1480 682 56 18 Bailey
1546 682 65 15 Martin
1632 695 17 3 ...
1674 680 52 21 Percy
1736 681 58 15 Wliite
1807 683 9 14 2
1825 682 8 14 0
1847 684 9 12 ;i
1865 683 8 13 l!

1443 705 13 13 A
1468 703 55 15 Home
1532 704 15 14 in
1558 703 81 16 Inveresk
1679 702 20 16 T.
1708 700 21 18 L.
1740 703 53 16 Patou
1806 707 9 11 2
1825 705 7 14 0
1847 704 9 14 3
1865 705 8 12 (i

1442 724 35 16 Tiie
1487 724 54 16 Green
1550 724 66 16 Groves
1632 724 17 15 of
1662 723 97 20 Balgowrie

1646 745 18 15 J.
1673 745 25 15 11.
1706 744 89 16 Findlater
1807 745 8 15 2
1825 746 8 14 0
1847 745 9 15 3
1865 745 9 15 6

1443 766 25 15 Dr
1476 766 112 19 Congallon's
1598 766 69 17 Lesraev
1676 766 24 17 11.
1710 765 84 16 Johnston
1807 767 9 14 2
1825 767 8 14 6
1847 767 8 14 3
1865 767 9 14 6

1442 787 36 16 The
1487 787 48 19 King
1543 787 18 15 of
1571 787 92 16 Andaman
1725 787 68 15 Cobban
1807 788 8 14 2
1826 789 8 13 (i
1847 788 9 14 S
1865 788 9 14 6

1443 810 16 13 A
1467 808 40 20 Ma.i
1517 808 18 15 of
1543 808 28 16 the
1579 808 63 20 Fjords
1757 808 40 15 Deir
1847 809 9 14 3
1865 810 9 13 0

1443 829 42 20 Cleg
1493 829 52 20 Kelly
1665 828 15 18 S.
1686 828 24 16 R.
1717 828 80 18 Crockett
1808 830 10 14 2
1825 830 10 14 6
1847 830 9 14 3
1865 830 9 14 6

1442 850 49 21 Lady
1500 851 49 17 y.il'n
1553 851 101 19 Elopement,
1663 850 16 15 J.
1689 849 106 21 Bickerdyke
1807 851 9 14 2
1825 851 8 14 0
1847 851 9 14 3
1865 852 9 13 0

1443 872 36 15 Tim
1487 872 93 19 Expiation
1589 873 18 14 of
1615 872 57 19 Wynn
1681 871 73 16 I'alisser

1694 891 20 17 B.
1726 891 50 17 Mitfo
1786 892 11 15 d
1809 893 9 14 2
1827 893 8 14 0

1444 915 15 14 A
1469 914 76 17 Humble
1553 914 105 20 Enterprise,
1666 914 20 15 A.
1694 913 102 20 Cambridge
1808 915 9 13 2
1826 915 9 13 0
1848 914 8 15 3
1866 915 8 13 0

1442 934 37 16 The
1488 934 87 18 Beautiful
1585 934 59 17 Wliite
1651 934 57 20 Devil,
1718 934 79 21 Boothby
1809 936 9 13 2
1827 936 8 13 0
1848 936 8 14 3
1866 936 8 13 0

1446 958 13 13 A
1468 955 31 17 Bid
1508 956 27 16 for
1542 955 78 17 Fortune
1750 967 10 8 „
1806 957 10 14 Si
1825 957 8 13 0
1847 957 8 14 3
1866 957 8 14 6

1444 976 20 16 In
1473 976 73 21 Strange
1555 978 89 19 Company
1751 988 10 7 „
1809 978 8 14 2
1827 978 8 13 0
1848 978 8 14 3
1867 978 8 14 6

1443 998 37 16 The
1490 998 86 20 Marriage
1584 999 18 15 ot
1610 997 63 17 Esther
1752 1009 10 8 ~,
1809 999 27 16 2,6
1848 999 8 14 3
1866 999 9 14 6

1444 1019 35 16 The
1487 1019 84 18 Ti'i'Hilet.L
1579 1019 95 15 Diamonds
1733 1019 62 20 Aiibyu
1848 1021 27 13 3(i

1444 1041 19 15 In
1472 1040 55 16 Haste
1534 1039 132 18 uudatLeisuro
1673 1040 16 15 E
1703 1039 21 16 L.
1733 1039 62 17 Liut.n
1809 1041 8 14 2
1826 1041 9 16 6

1447 1061 33 16 ihe
1487 1061 66 16 Master
1686 1061 16 19 J.
1712 1061 12 14 Z
1731 1061 64 19 ingwill
1848 1062 9 15 3
1866 1062 9 15 6

1444 1084 15 14 A
1468 1083 108 16 Komauoeof
1579 1082 42 16 Two
1627 1082 67 17 Worlds
1705 1082 22 16 M.
1735 1082 60 16 Corelli
1809 1083 8 15 2
1827 1084 8 14 C
1849 1083 7 15 3
1866 1083 9 15 6

1443 1103 45 16 .Tude
1497 1104 29 15 the
1536 1104 75 17 Üb.-cure
1652 1103 74 18 Thomas
1735 1103 59 21 Hardy
1809 1105 26 15 2,0
1848 1105 8 14 3
1866 1105 9 14 6

1444 1125 20 15 In
1473 1125 29 15 the
1512 1125 48 21 Days
1568 1126 17 14 of
1594 1125 93 20 Adversity
1727 1125 64 15 Burton
1848 1127 9 13 3
1867 1127 8 13 0

1447 1147 32 15 llie
1487 1147 57 16 Heart
1552 1147 18 15 of
1579 1146 28 15 the
1621 1146 59 15 World
1710 1145 86 21 Haggard
1806 1147 69 17 .2636

1443 1168 36 15 The
1487 1168 92 20 Courtship
1588 1168 18 15 of
1615 1168 63 15 Moiiee
1686 1166 75 17 Buckler

1705 1190 21 14 A.
1736 1188 60 18 Mason
1806 1188 30 19 ■%&
1849 1190 8 14 3
1867 1190 8 14 6

1442 1211 38 15 The
1488 1210 56 20 Light
1553 1209 39 17 that
1599 1209 60 18 Failed
1710 1209 87 21 Rippling
1810 1211 8 14 2
1827 1211 9 14 6
1848 1211 9 14 3
1867 1211 8 14 6

1500 1237 39 16 Add
1550 1237 79 19 Postage,
1639 1236 21 15 2d
1670 1237 16 14 in
1696 1236 28 16 the
1733 1235 81 21 (shilling,,

1524 1278 179 21 FORTHCOMING
1712 1279 81 16 BOOKS.

1442 1310 86 16 Vendetta
1675 1308 35 16 Mai
1715 1308 82 16 ie,Corelli
1809 1309 8 14 2
1827 1309 8 15 ti
1848 1309 8 15 3
1867 1310 8 12 0

1443 1331 70 16 Tholmu
1731 1341 10 9 „
1809 1331 8 14 2
1827 1331 9 13 0
1848 1331 8 13 3
1867 1331 8 13 6

1442 1352 66 17 Ardath
1577 1365 17 4 ...
1642 1364 11 8 ...
1731 1362 10 8 ~
1809 1352 9 14 2
1827 1352 9 14 0
1848 1352 9 14 3
1867 1352 8 14 6

1442 1373 36 16 Tlio
1486 1373 40 15 Soul
1535 1373 18 15 of
1563 1372 55 20 Li'ith
1636 1386 17 3 ...
1729 1384 11 7 ~
1807 1373 9 14 2
1827 1374 8 13 0
1847 1373 9 14 3
1867 1375 8 12 6

1445 1394 105 17 Wormwood
1569 1408 17 3 ...
1635 1407 18 4 ...
1726 1406 14 7 ~,
1808 1395 8 14 2
1827 1395 8 13 0
1847 1395 9 13 3
1865 1395 9 13 6

1463 1415 36 17 The
1508 1416 54 16 abuve
1571 1416 34 15 will
1614 1416 20 14 bo
1644 1415 54 16 issued
1708 1416 18 14 at
1738 1415 47 15 short
1793 1415 82 15 intervals

1442 1437 16 15 in
1470 1437 28 16 tlie
1511 1437 48 16 order
1575 1437 60 16 named
1649 1437 18 16 .in
1684 1436 35 15 Mil
1723 1436 60 15 linen's
1799 1436 76 15 Colonial

1444 1552 50 15 Itodin
1503 1557 9 16 y
1522 1552 51 16 Stone

1441 1573 97 17 The.Ureeu
1549 1572 22 17 M.

1442 1594 35 16 The
1494 1594 80 17 Martian.

1675 1529 17 16 .1.
1703 1529 24 16 M.
1738 1529 57 16 Barrie
1807 1531 9 13 2
1826 1530 8 13 0
1847 1530 9 14 3
1866 1529 9 14 0

1648 1551 15 15 \.
1675 1550 56 16 Couaii
1741 1551 55 18 Doyle
1807 1552 9 13 2
1826 1551 9 14 6
1847 1552 9 14 3
1866 1552 8 13 6

1657 1573 16 16 S.
1686 1573 20 14 li.
1714 1571 81 17 Crockett
1808 1573 8 14 2
1827 1573 8 13 6
1844 1573 12 14 ,3
1866 1574 8 12 0

1647 1599 7 10 i-
1671 1594 48 15 novel
1734 1593 21 20 by
1771 1594 29 14 Du

1648 1614 2 18 •
1666 1616 17 13 of
1700 1614 93 18 ••Trilby''
1807 1616 9 13 2
1826 1615 7 14 0
1847 1616 8 13 3
1866 1615 8 14 0

1477 1650 82 22 Orders
1571 1655 39 14 for
1623 1654 64 14 above
1705 1654 66 13 kecei\

1531 1674 151 17 CHKONIULE
1696 1674 72 19 O.l'J-icK

1442 1752 204 41 SOMETHING
1679 1750 44 44 TO
1758 1750 116 40 READ!

1445 1885 239 56 Supplied
1708 1885 130 55 Regu-

1519 1977 130 55 larly
1670 1976 127 44 from

1520 2224 275 35 OFFICe.

1493 2290 193 32 Canterbury
1719 2290 106 27 Times,

1489 2331 219 26 Christchurch
1738 2331 94 30 Press,

1503 2373 70 25 New
1588 2373 134 24 Zealand
1746 2371 73 31 Mail,

1536 2415 110 31 Family
1662 2414 125 29 Reader,

1461 2457 106 31 Young
1591 2455 114 26 Ladies'
1727 2455 134 30 Journal,

1513 2497 90 26 Black
1628 2497 60 25 and
1705 2497 105 29 White,

1446 2539 172 26 Illustrated
1641 2538 123 28 London
1783 2538 95 29 News,

1443 2581 63 25 The
1527 2580 115 30 Album,
1677 2580 63 24 The
1755 2578 123 31 Sketch,

1523 2622 121 31 Sydney
1665 2620 134 30 Bulletin,

1695 2662 73 30 Mail,

1498 2704 91 26 Town
1602 2704 60 25 and
1679 2703 143 32 Country,

1552 2745 219 30 Australasian,

1601 2787 132 28 Referee,

1445 2829 230 31 Cosmopolitan
1710 2827 169 32 Magazine,

1545 2869 113 26 Strand
1766 2889 11 10 „

1522 2912 141 24 Windsor
1766 2930 12 10 „

1525 2953 138 31 Ludgate
1766 2972 12 10 „

1497 2994 118 25 Review
1635 2994 33 25 of
1688 2993 141 30 Reviews,

1511 3036 126 25 Woman
1658 3036 32 24 at
1708 3034 103 30 Home,

1444 3077 151 25 Weldon's
1608 3076 128 25 Fashion
1752 3075 125 26 Journal

1478 3118 129 26 Schild's
1623 3118 128 24 Fashion
1800 3137 11 10 „

1490 3159 180 31 Something
1692 3160 34 23 to
1742 3158 92 30 Read,

1446 3201 182 32 Snapshots,
1652 3200 147 29 Answers,
1820 3200 44 24 Tit-

1527 3243 67 29 bits,
1608 3243 123 30 Scraps,
1752 3241 51 26 &c.

1446 3285 64 25 And
1526 3285 36 24 a!!
1581 3284 96 25 Home
1696 3283 60 26 and
1772 3283 90 25 Colon-

1464 3326 34 25 ial
1517 3326 112 31 Papers
1643 3325 23 24 &
1681 3324 182 32 Magazines.

1613 3409 99 22 TH9

1446 3460 248 46 MASTERPIECE
1713 3460 165 43 LIBRARY.

1448 3534 143 32 Popular
1603 3533 128 31 Novels,

1482 3594 65 26 The
1561 3594 115 32 Penny
1689 3594 105 31 Poets,

1516 3655 109 26 Books
1636 3655 50 26 for
1692 3655 53 25 the
1756 3655 126 27 Bairns,

1449 3768 204 46 Jewries'
1686 3768 196 44 Famous

1590 3854 161 45 Books.

1488 3986 165 40 BROADER
1691 3984 154 43 BRITAIN.

1453 4048 29 27 A
1512 4047 176 27 Collection
1712 4046 33 25 of
1768 4045 96 28 Photo-

1519 4087 132 33 graphic
1666 4087 108 26 Views
1787 4085 35 26 of

1569 4128 54 25 the
1644 4127 121 26 World.

1009 4232 101 38 Ask
1139 4232 74 38 for
1240 4227 267 43 Hancock's
1544 4222 274 42 Celebrated
1852 4216 185 44 XXXX
2065 4216 112 41 Ales
2206 4216 94 39 and
2327 4216 149 40 Stout.

2610 277 66 22 tt
2708 276 58 30 /r\
2792 277 61 26 ffv
2879 278 16 28 1

2262 291 154 57 AJN
2455 291 57 55 U
2610 289 427 71 HUTKL,

1990 427 52 17 most
2052 425 87 26 elegant,
2150 426 133 21 comfortable
2290 427 41 20 and
2340 428 46 19 best
2396 427 111 25 appointed
2516 427 155 20 establishment
2679 428 21 19 in
2721 429 50 18 Now
2788 428 96 26 Zealand,
2902 431 17 18 it
2938 431 61 25 being
3015 433 75 24 replete
3109 433 116 25 througb.au

1903 451 23 17 -L
2365 454 49 17 with
2426 454 32 17 the
2469 456 52 15 most
2535 452 82 21 modern
2631 454 146 20 conveniences.

1922 477 57 18 THE
1992 477 92 18 HOTEL
2103 477 17 19 is
2138 478 21 18 in
2178 478 35 18 the
2232 478 115 19 immediate
2362 478 169 26 neighbourhood
2550 479 21 17 of
2589 478 35 19 the
2642 479 71 22 Priest,
2733 479 82 23 Rachel,
2835 480 122 20 Postmaster
2980 483 38 18 and
3034 484 56 19 other
3105 484 61 20 baths
3190 484 35 19 the

1895 503 90 18 curative
1995 503 111 24 properties
2116 503 20 19 of
2148 504 65 18 which
2229 510 33 12 are
2279 504 146 19 world-famed.
2453 503 56 21 Rath
2520 504 65 18 chairs
2597 504 39 18 and
2647 505 116 18 attendants
2773 511 33 12 are
2817 506 95 23 provided
2923 511 19 14 to
2955 514 74 17 convey
3043 510 85 18 invalids
3145 513 21 15 to
3185 510 40 19 and

1896 528 51 19 from
1958 528 34 18 the
2002 528 80 20 various
2094 528 141 20 bath-houses.
2263 529 43 19 The
2317 530 106 18 bedrooms
2433 530 40 20 and
2492 529 87 25 retiring
2601 536 66 12 rooms
2687 537 33 11 are
2740 531 56 18 iitted
2815 531 47 19 with
2891 534 73 23 special
2977 534 71 19 regard
3062 538 20 15 to
3096 536 33 18 the
3145 536 80 21 require

1897 557 65 15 ments
1971 554 21 18 of
2001 556 69 22 guests
2081 553 21 19 in
2111 555 70 18 search
2190 555 22 18 of
2222 555 91 18 renewed
2323 555 99 24 strength.

1922 579 43 19 The
1978 579 62 21 Baths
2051 582 21 15 at
2082 579 34 19 the
2124 580 129 21 Sanatorium
2265 581 51 18 have
2327 581 98 18 attracted
2435 587 61 17 many
2505 581 82 18 visitors
2607 581 22 19 of
2647 581 40 19 late
2707 588 69 17 years;
2803 586 93 21 amongst
2912 584 56 20 those
2982 585 42 19 who
3032 586 50 19 have
3094 586 62 19 found
3168 587 57 18 relief

1896 605 33 19 bei
1938 605 34 18 the
1983 604 144 24 convalescent,
2138 612 92 16 nervous,
2241 606 118 22 rheumatic,
2372 607 39 18 and
2422 606 100 25 sleepless.

1924 630 90 19 Botorua
2023 630 18 19 is
2051 631 33 18 the
2103 635 67 15 centro
2188 632 53 18 from
2259 632 65 19 which
2343 632 28 19 all
2392 632 67 24 points
2469 632 21 17 of
2500 632 84 19 interest
2594 632 19 19 in
2631 633 34 18 the
2675 632 93 20 Thermal
2779 633 85 25 Springs
2879 635 82 19 District
2978 643 45 18 may
3038 637 24 19 be
3078 638 83 18 reached
3186 638 40 19 and

1896 656 74 25 special
1980 656 95 19 facilities
2085 663 34 12 arc
2128 658 97 23 provided
2236 658 31 18 for
2274 658 57 18 those
2339 658 21 17 in
2370 658 70 18 search
2450 659 19 17 ol
2469 656 2 25 !
2477 658 35 17 the
2523 658 101 18 beautiful
2636 658 39 19 and
2689 658 127 20 marvellous.

1990 687 181 18 MAGXIPICEXT
2184 688 176 18 APARTMENTS.
2489 689 85 17 LOFTY
2587 689 143 17 BELIiOOirS.
2847 691 112 20 PERFECT
2977 693 157 19 SANITATION.

2041 711 26 19 In
2077 711 57 18 short
2142 717 14 12 a
2165 717 124 13 rmsT-or.Ass
2303 711 171 20 Establishment
2484 712 88 25 offering
2580 712 59 24 equal
2650 713 93 18 comforts
2752 714 20 17 to
2782 713 35 19 the
2826 714 45 19 best
2885 715 63 19 hotels
2958 717 20 17 in
2988 717 84 24 Europe.

2564 745 11 11 o
2730 745 3 11 •

2133 762 90 26 .Suites
2239 764 28 22 of
2279 763 168 29 Apartments
2457 763 67 23 with
2535 764 97 28 special
2645 764 154 23 attendance
2814 765 38 23 for
2867 766 128 24 Famines-

1898 797 97 25 Spacious
2006 797 127 18 Promenade
2142 797 113 24 Balconies,
2266 797 57 24 Snug
2336 797 89 22 Alcoves,
2437 797 39 18 and
2493 797 127 25 luxuriously
2636 798 109 25 appointed
2753 798 104 27 Drawing,
2876 800 69 23 Music,
2963 800 139 22 Conversation
3121 802 99 23 [Reading

2351 823 98 24 Smoking
2459 824 38 17 and
2510 823 85 19 Billiard
2605 823 80 20 Rooms.
2715 823 67 20 Baths.

2137 859 35 21 £T
2189 856 116 19 SPECIAL
2319 856 160 20 ATTENTION
2493 858 68 18 PAID
2574 858 33 19 TO
2622 858 116 19 CUISINE
2752 858 59 19 AND
2825 858 123 23 SERVICE,
2963 863 35 21 j^

1925 889 34 20 Ail
1965 889 183 19 .communications
2161 889 26 23 by
2197 888 59 18 letter
2267 895 21 11 or
2300 888 97 24 telegram
2408 889 41 17 will
2458 889 77 18 receive
2545 891 79 21 prompt
2635 890 103 18 attention.

2373 998 59 24 (Late
2441 999 21 17 of
2471 997 115 24 Grrqswehor
2594 997 68 23 Hotel,
2675 997 94 26 Sydney.')

2171 1064 334 34 ROTORVJT-^

1902 1108 148 45 COAL
2072 1108 125 45 AND
2222 1108 320 45 FIREWOOD
2577 1107 203 45 DEPOT.

1911 1198 175 26 •JVESSRS
2105 1199 32 27 F.
2157 1198 196 27 GOODSON
2374 1198 29 25 &
2424 1199 31 24 G.
2478 1197 228 27 GRIFFITHS
2724 1197 59 31 beg

1900 1223 57 42 l®\
1992 1232 33 24 to
2037 1231 107 32 notify
2156 1232 55 24 the
2224 1231 172 25 Residents
2409 1231 34 25 of
2454 1231 144 25 Rotorua
2617 1230 70 26 that
2707 1230 76 31 they

1900 1271 52 18 are
1961 1270 73 19 now
2046 1265 156 31 prepared
2210 1265 32 24 to
2253 1264 120 25 deliver
2382 1267 31 22 to
2424 1270 64 26 any
2497 1265 73 30 part
2584 1263 33 25 of
2626 1263 53 25 the
2689 1263 94 25 Town

1982 1306 103 32 THE
2111 1306 124 32 BEST
2260 1305 286 33 HOUSEHOLD
2569 1305 126 35 COAL,

2281 1348 126 21 HLSO

1932 1381 155 32 RATA
2111 1381 113 32 AND
2248 1381 165 32 TAWA
2438 1380 312 33 FIREWOOD,

1900 1423 43 26 At
1956 1423 54 25 the
2029 1422 171 26 LOWEST
2215 1423 199 25 CURRENT
2425 1421 136 27 RATES
2575 1423 33 23 at
2620 1421 54 25 the
2683 1421 84 25 short-

2258 1456 47 25 est
2323 1455 113 26 notice.

1924 1511 83 23 Goods
2028 1512 132 22 delivered
2177 1511 66 24 with
2264 1514 163 27 promptness
2443 1513 27 21 to
2491 1511 36 22 all
2543 1512 70 28 parts
2628 1511 27 22 of
2669 1510 45 23 the
2730 1509 40 23 Dis-

1898 1538 62 22 trict
1971 1538 66 24 after
2046 1538 98 22 arrival
2154 1538 28 23 of
2190 1538 77 23 trains-

2091 1572 98 25 (Orders
2208 1579 62 22 may
2285 1573 31 22 be
2333 1572 49 23 left
2396 1573 26 21 at
2436 1571 45 23 the
2497 1571 91 27 Yards,

1981 1608 392 34 PUKURTU74
2411 1606 291 36 STREET.

1921 1753 120 18 AGENTS
2055 1753 61 18 FOR
2124 1754 62 17 THE
2195 1754 52 17 N.Z.
2258 1754 137 17 EXPRESS
2410 1754 37 17 Co.

2975 956 195 43 anager.

2810 1070 233 47 KUSABS
3076 1074 153 45 BROS

2807 1164 73 41 SAW
2895 1166 24 40 &
2946 1167 147 41 PLANING
3116 1168 114 40 MILLS,

2811 1236 262 24 7VYOVNTmN
3095 1238 138 24 RI7VIU,

2965 1272 40 12 Tin;
3018 1272 52 13 oxiY

2810 1295 132 19 GENUINE
2956 1295 58 19 DRY
3030 1296 78 18 LAKD
3125 1296 110 20 TIMBER

2913 1325 28 17 IX
2954 1325 51 17 THE
3019 1325 112 19 MARKET.

2954 1371 98 18 KUSABS
3069 1371 70 18 BROS,
3153 1371 36 23 beg
3207 1377 19 12 re-

2812 1393 47 20 jLtj,
2885 1394 101 24 spectfully
2989 1394 21 17 to
3017 1394 70 17 inform
3094 1394 33 17 tlio
3139 1394 65 18 Public
3217 1395 18 17 of

2812 1418 75 14 Kuturua
2895 1417 33 15 and
2939 1417 70 20 vicinity
3019 1417 37 16 that
3065 1418 40 19 they
3120 1418 42 14 lihvo
3177 1420 48 13 estab-

2810 1437 53 15 lished
2872 1443 10 10 a
2891 1437 43 21 yard
2942 1437 17 16 in
2972 1437 123 20 Hiuemoa-st.,
3106 1439 32 14 i:iij
3153 1444 30 9 can
3197 1444 38 9 now

2810 1460 61 19 supply
2880 1458 28 16 the
2916 1458 51 17 finest;
2975 1459 42 15 class
3031 1459 17 16 of
3062 1459 82 20 Building
3156 1460 79 14 Matcri.il

2810 1480 15 15 in
2836 1480 28 16 the
2873 1480 73 15 Market.
2962 1480 19 16 It,
2987 1479 14 17 is
3008 1481 101 20 unequalled
3118 1481 16 15 in
3143 1481 92 20 durability

2810 1501 32 15 and
2852 1501 103 21 impervious
2963 1504 18 13 to
2990 1502 27 15 tlte
3026 1503 66 14 attacks
3105 1502 20 15 of
3139 1502 48 15 borer
3201 1502 34 15 and

2809 1523 31 19 dry
2853 1525 30 14 rot.
2906 1522 54 16 Their
2967 1523 81 15 sawmills
3055 1528 28 11 ere
3091 1523 50 16 fitted
3149 1523 42 15 with
3206 1523 29 16 the

2810 1545 42 14 most
2861 1544 69 15 modern
2939 1544 95 20 appliances
3045 1544 32 15 and
3087 1544 28 16 the
3124 1545 36 14 firm
3173 1545 15 14 is
3197 1544 38 15 able

2810 1568 16 11 to
2841 1566 62 19 supply
2920 1570 33 15 any
2968 1565 80 20 quantity
3064 1566 17 14 of
3097 1565 37 19 Dry
3151 1565 84 20 Building

2810 1585 78 16 Material
2897 1592 21 9 on
2927 1587 29 15 tlio
2964 1589 72 13 shortest
3045 1587 60 16 notice.

2810 1637 137 28 Skirting's,
2956 1637 174 27 Architraves,

2843 1672 66 28 ings,
2922 1674 51 21 and
2982 1672 109 23 Dressed
3101 1673 100 24 Timber

2874 1711 27 22 of
2907 1718 81 22 every
3003 1711 162 29 description,

2899 1754 107 28 Always
3017 1761 31 16 on
3059 1754 83 23 Hand.

2834 1787 117 23 HENATJ
2962 1788 105 22 HOUSE
3078 1788 127 23 BLOCKS.

2829 1834 48 16 Price
2887 1835 45 16 Lists
2941 1841 19 9 on
2970 1835 101 20 application
3082 1837 18 13 to

2808 1870 221 32 KUSABS
3066 1870 146 32 BROS

2881 1919 115 18 MAMAKU
3008 1925 26 11 or
3047 1919 111 20 OHAUPQ.

2935 1957 25 17 Or
2968 1957 20 16 at
2996 1957 31 16 tlio
3040 1956 67 21 Yards,

2831 1992 122 18 HLNEMOA
2967 1992 98 20 STREET,
3086 1991 125 19 ROTORUA.

2871 2044 153 42 >toraa
3064 2041 169 46 Tours.

2810 2124 184 42 I)ASSENGEUS
3003 2125 19 15 to
3031 2124 84 17 Rotorua
3124 2129 29 12 arc
3161 2123 74 19 advised

2873 2147 41 17 that
2923 2154 11 9 a.
2947 2147 74 22 regular
3033 2147 50 21 daily
3097 2147 55 17 coacli
3169 2147 66 17 scrvica

2809 2171 83 16 between
2902 2170 89 17 Okoroiri!
3000 2170 36 17 and
3047 2170 83 17 Rotorua
3145 2170 37 17 and
3197 2171 38 16 vice

2810 2199 51 11 versa
2870 2194 15 15 is
2894 2199 41 10 now
2945 2198 87 17 running.

2833 2217 38 16 The
2880 2215 113 23 advantages
3000 2222 10 10 o
3024 2216 38 16 This
3068 2216 53 17 route
3126 2221 31 12 are
3161 2222 74 12 numer<-

2810 2245 38 15 ous,
2859 2245 11 11 a
2878 2239 103 18 somewhat
2991 2238 73 19 tedious
3073 2239 76 21 railway
3158 2239 77 23 journey

2809 2262 15 17 is
2833 2262 75 18 broken,
2918 2262 37 17 and
2965 2262 30 16 the
3012 2264 52 14 route
3081 2263 89 15 traverses
3187 2269 48 10 some

2810 2286 19 16 of
2848 2286 31 16 the
2895 2285 84 18 loveliest
2994 2285 52 17 Bush
3061 2284 81 23 Scenery
3158 2286 19 16 in
3190 2286 45 16 New

2810 2307 86 19 Zealand.

2848 2340 103 21 FARES,
2967 2340 41 17 10s
3017 2339 82 18 EACH
3113 2339 79 19 WAY.

2810 2368 89 23 Special
2916 2368 163 22 Conveyances
3096 2373 43 13 can
3159 2368 27 18 be
3203 2373 22 13 ar-

2954 2391 85 22 ranged
3048 2391 41 18 for.

2810 2438 81 18 Leave-
2910 2437 109 18 Okoroire
3028 2437 34 17 for
3076 2437 101 18 Rotorua
3190 2438 45 18 and

2878 2461 216 18 Whakarewarewa
3124 2460 60 23 daily
3212 2467 14 12 a

2880 2485 29 17 10
2918 2489 50 13 a.m.

2810 2508 75 18 Leave
2904 2507 107 18 -Rotorua
3020 2506 44 18 and
3073 2506 149 19 Whaka.re'wa-

2878 2536 61 13 rewa
2956 2530 33 17 lor
3004 2529 114 22 Okoroire,
3134 2530 61 23 daily
3212 2532 23 17 at

2881 2554 28 18 10
2918 2559 50 13 a.m.

2834 2578 28 16 All
2884 2582 107 18 passengers
3012 2582 30 11 are
3058 2575 76 18 advised
3155 2577 19 16 to
3188 2577 47 17 avail

2810 2601 109 18 themselves
2928 2601 19 16 of
2955 2600 36 16 this
3008 2599 61 17 Route
3084 2604 19 12 as
3119 2600 88 17 Okoroire
3222 2600 13 17 is

2810 2630 34 11 one
2859 2624 19 17 of
2889 2624 32 17 the
2930 2623 51 18 show
2988 2622 61 23 places
3067 2623 20 16 of
3103 2622 31 17 the
3151 2622 84 18 Thermal

2810 2648 82 17 District,
2914 2646 37 17 ami
2966 2652 23 10 no
3006 2646 42 16 visit
3063 2647 20 15 to
3100 2645 30 17 the
3146 2646 59 16 Lakes
3222 2647 13 16 is

2810 2670 90 23 complete
2909 2669 78 17 without
2994 2669 23 16 its
3024 2668 96 17 inclusion.

2833 2692 72 24 Special
2913 2692 90 17 attention
3017 2692 14 15 is
3045 2691 58 16 called
3117 2693 18 14 to
3151 2692 30 16 tin-
3200 2692 35 17 fact

2810 2716 42 18 that
2860 2723 11 10 a.
2880 2715 55 18 coach
2944 2715 59 17 leave's
3017 2714 82 18 Rotorua
3109 2714 36 17 and
3155 2714 80 18 Whuka-

2810 2811 71 19 THOS.
2895 2811 66 17 COOK
2979 2811 13 16 &
3013 2810 53 19 SON,
3085 2810 95 17 Auckland
3199 2810 36 17 and

2978 2833 88 17 Rotorua.

2812 2889 15 16 A
2845 2886 108 21 MEMBEB
2974 2885 30 18 OF
3024 2885 52 17 THE
3097 2885 84 17 TIOLTSE
3203 2886 32 17 OP

2898 2908 244 19 REPRESENTATIVES.

2834 2950 93 24 Speaking
2941 2955 21 11 on
2977 2949 31 16 the
3022 2948 103 22 Pharmacy
3138 2949 36 16 Bill
3188 2949 45 21 said,

2831 2981 24 10 no
2869 2972 99 24 profession
2984 2972 33 16 has
3029 2971 54 18 made
3098 2971 35 18 less
3149 2977 86 17 progress

2808 2998 71 20 during
2887 2997 31 17 the
2935 2996 35 16 last
2988 2996 31 15 100
3033 3000 54 16 years
3101 2994 45 17 than
3160 2995 41 16 that
3215 2996 20 16 of

2927 3024 20 11 or
2956 3017 59 17 words
3024 3019 18 15 to
3052 3017 42 17 that
3106 3018 57 16 effect.
3196 3018 38 17 The

2810 3043 78 18 M.H.R.
2904 3041 56 23 spoke
2972 3041 78 16 without
3064 3040 92 23 thinking,
3174 3047 21 10 or
3212 3041 21 17 he

2810 3066 61 17 would
2885 3066 33 16 not
2934 3065 45 16 have
2996 3063 52 17 made
3066 3063 43 17 such
3126 3069 22 11 tin
3163 3064 71 17 absurd

2810 3090 104 17 statement.
2940 3088 28 16 He
2977 3086 95 22 evidently
3085 3086 52 16 knew
3153 3087 80 22 nothing

2810 3114 19 16 of
2838 3113 31 17 the
2878 3117 40 11 new
2927 3109 73 22 remedy
3009 3109 70 17 termed

2946 3133 151 16 NEUROU

2810 3157 59 17 which
2878 3156 21 20 is,
2903 3155 20 17 in
2926 3154 112 23 comparison
3045 3153 44 17 with
3096 3153 86 17 remedies
3189 3154 45 18 used

2810 3186 45 11 even
2864 3180 21 16 25
2894 3183 52 18 years
2955 3182 41 18 ago,
3007 3182 19 11 as
3032 3176 49 21 light,
3090 3177 18 16 to
3117 3176 93 19 darkness,

2947 3206 150 16 NEUROL

2810 3231 15 16 is
2834 3236 11 11 a
2857 3227 126 22 scientifically
3000 3225 88 24 prepared
3105 3226 93 17 medicine,
3215 3227 18 16 in

2811 3253 32 18 the
2851 3252 48 18 form
2908 3251 20 18 of
2935 3250 89 23 powders.
3050 3250 18 16 It
3074 3249 16 17 is
3097 3250 32 16 not
3142 3249 83 21 disagree-

2811 3276 51 19 able;
2876 3275 16 16 it
2900 3275 14 16 is
2923 3275 33 15 not
2965 3273 97 21 expensive
3069 3272 4 23 ;
3087 3272 15 16 it
3109 3272 33 16 lies
3150 3273 18 15 in
3182 3273 53 16 small

2811 3304 94 16 compass;
2919 3297 16 17 it
2942 3295 84 19 contains
3032 3301 26 11 no
3066 3295 68 22 opium,
3152 3295 83 23 morphia

2810 3329 21 12 jur
2846 3318 114 25 antipyrine:
2979 3319 14 16 it
3010 3318 38 17 will
3064 3320 34 14 not
3114 3324 41 10 cure
3172 3323 53 17 cyory-

2811 3345 55 17 thintr
2874 3344 33 16 but
2923 3344 14 16 it
2951 3342 14 17 is
2979 3341 82 18 effective
3074 3341 19 16 in
3106 3341 25 17 all
3145 3347 49 11 cases
3208 3342 27 16 for

2812 3368 59 16 which
2880 3367 11 16 if
2904 3367 14 15 is
2930 3363 144 19 recommended.

2949 3393 150 16 NEUROL

2812 3417 36 16 will
2857 3415 67 18 relieve
2933 3420 53 16 every
2995 3414 46 16 form
3060 3414 19 16 of
3095 3413 93 19 hcadoclie
3204 3415 31 16 not

2812 3439 66 19 caused
2886 3439 25 22 by
2920 3437 51 18 brain
2981 3437 74 16 disea.se.

2951 3466 149 16 NEUROL

2812 3501 50 11 cures
2882 3492 96 21 neuralgia
2998 3493 20 16 of
3033 3492 32 16 the
3082 3492 38 16 face
3137 3492 35 18 and
3190 3492 45 16 head

2812 3566 67 15 terrors
2888 3563 15 16 if
2911 3560 104 19 NEUROL
3024 3561 14 16 is
3048 3560 54 17 taken
3113 3562 19 15 tit
3141 3561 31 16 the
3187 3567 36 10 com-

2812 3586 113 18 mencement
2934 3585 20 17 of
2961 3584 32 17 the
3002 3583 69 18 attack.

2835 3609 85 17 COLDS.
2960 3605 137 22 CATARRHS,
3132 3605 102 21 FEVERS.

2812 3629 171 23 RHEUMATISM
3007 3635 31 12 are
3064 3629 24 16 all
3109 3629 79 18 relieved
3212 3629 23 22 by

2812 3654 110 19 NEUROL.

2834 3678 37 18 For
2891 3682 70 11 women
2982 3674 105 19 NEUROL
3102 3675 15 16 is
3136 3674 99 23 peculiarly

2812 3701 84 17 suitable,
2906 3700 15 16 it
2929 3704 51 12 cures
2989 3699 25 16 all
3028 3698 72 22 painful
3115 3703 71 16 cramps
3199 3697 36 16 and

2812 3725 52 16 other
2872 3723 58 22 pains.

2834 3747 61 21 Every
2916 3745 63 18 miner,
3000 3744 90 16 buslimaii
3116 3743 35 17 and
3174 3743 61 16 settler

2812 3769 65 17 should
2887 3774 69 16 possess
2965 3774 9 10 a
2984 3767 37 17 box
3030 3768 20 15 of
3059 3766 108 17 NEUP.OL.
3195 3766 17 17 It
3221 3765 14 16 is

2812 3800 10 10 a
2832 3791 88 19 medicine
2929 3791 51 17 chest
2989 3790 18 17 in
3016 3790 53 17 .small
3078 3794 87 16 compass.

2835 3815 45 18 Sold
2888 3815 25 21 by
2921 3814 25 17 nil
2954 3812 125 23 storekeepers
3092 3812 35 18 and
3143 3811 90 17 chemists,

2812 3840 20 16 2s
2840 3843 33 18 ppr
2880 3838 43 17 box.
2934 3842 20 12 or
2961 3837 44 22 post
3018 3836 38 16 free
3073 3835 45 17 from
3132 3833 103 19 NEUROL

2813 3862 39 17 Co..
2863 3859 102 19 Auckland,
2975 3860 19 15 2s
3006 3859 27 16 Id.

2835 3883 104 18 Wholesale
2947 3882 46 17 from
3004 3880 124 23 Kempthorne
3137 3879 36 17 and
3180 3879 44 16 Pres-

2813 3913 33 14 sor,
2857 3913 21 11 or
2887 3904 90 19 Sharltind
2986 3904 36 17 and
3031 3904 31 16 Co.

2825 3954 124 26 Government
2967 3953 98 27 Insurance
3081 3953 124 31 Department,

2822 4045 39 17 Sum
2874 4045 69 18 Assured
2984 4055 7 6 .
3012 4049 38 12 over
3062 4044 144 22 £9,000,000

2822 4074 63 18 Annual
2899 4075 62 16 Income
2983 4083 7 3 -
3034 4077 38 12 over
3083 4072 123 23 £360,000

2953 4115 14 15 J,
2979 4115 17 13 11.
3009 4113 131 16 IIICHARDSOX,

2091 1852 141 31 SyfylMEß
2265 1852 127 32 GOODS!

2227 1912 141 33 SOmSVIEB
2397 1911 150 32 GOODS!!

2128 2023 76 52 M.
2245 2022 30 55 J

2145 2105 136 22 INVITES
2291 2104 68 26 THE
2375 2103 118 24 PUBLIC

2105 2149 35 24 To
2167 2156 43 15 set
2230 2149 44 22 the
2290 2149 66 22 New
2370 2147 122 23 Material
2508 2147 27 23 in

2163 2191 86 19 WEST
2258 2190 39 19 OP
2311 2189 170 22 ENGLAND'S

2112 2232 176 22 •WORSTEDS,

2243 2270 179 22 WOOLLENS,

2392 2310 134 21 TWEEDS,

2116 2352 104 19 Suitable
2229 2352 35 18 for
2276 2351 40 18 the
2326 2350 97 23 Coming
2432 2350 96 18 Season.

1901 2452 261 50 Auckland
2185 2450 97 46 and
2303 2448 236 45 Waikato
2568 2446 214 55 Agency.

2141 2516 86 19 NEAR
2245 2512 151 21 CATHOLIC
2411 2511 134 21 CHURCH,

2230 2544 230 36 ROTCOaUAx

2034 2620 169 20 DERSIGNED
2216 2620 57 22 begs
2280 2619 25 17 to
2316 2617 106 19 intimate
2431 2617 25 17 to
2465 2616 40 18 the
2516 2615 122 19 Residents
2652 2615 26 17 of
2684 2615 100 17 Rotorua

1951 2637 1 31 i
1969 2654 25 10 i;n
2015 2651 28 13 xie
2058 2646 42 18 has
2115 2645 51 23 just
2184 2642 111 22 received,
2312 2641 47 18 and
2375 2645 53 13 now
2445 2639 69 18 offers
2523 2639 25 18 at
2559 2638 127 19 LOWEST
2706 2637 78 19 CASH

1901 2670 111 19 PRICES.

2051 2708 99 25 NEW
2166 2705 146 25 SPRING
2332 2704 131 27 GOODS,
2483 2702 146 31 including:

1901 2759 110 20 STRAW
2024 2758 80 19 HATS
2114 2758 23 17 in
2147 2756 67 24 great
2222 2754 115 22 varieties,

2072 2789 92 19 PRINT
2178 2787 96 19 DRESS
2288 2785 105 19 PIECES
2404 2784 25 18 of
2436 2784 89 17 newest
2533 2783 112 23 patterns,

2346 2815 137 22 RIBBONS,
2498 2815 101 21 LACES,
2649 2813 46 23 &c,
2746 2813 38 18 &c.

2314 2848 64 19 ALSO

1902 2884 223 30 CRETONNE
2157 2883 84 25 FOR
2272 2878 220 29 COVERING
2530 2877 255 27 FURNITURE.

2178 3029 202 25 COMMISSION
2394 3027 119 25 AGENT.

2230 3110 232 33 BOYOKUA,

2295 3199 99 22 THE

2172 3308 87 24 (Under
2272 3308 59 18 Ne-w
2343 3304 181 25 Management.)

1929 3374 92 21 Situated
2032 3374 21 20 in
2064 3374 34 19 the
2108 3375 53 18 most
2169 3371 75 20 central
2260 3370 88 26 position
2364 3369 21 19 in
2404 3368 35 18 the
2458 3373 44 13 new
2520 3365 105 25 township,
2646 3363 91 26 opposite
2754 3363 33 18 the

1903 3402 126 20 Courthouse
2040 3400 39 19 and
2090 3400 20 19 in
2122 3399 51 20 close
2183 3397 110 28 proximity
2302 3398 21 16 to
2333 3396 34 18 the
2378 3395 49 18 Post
2436 3393 68 23 Office,
2515 3393 132 20 Sanatorium,
2669 3390 62 19 Baths
2749 3390 38 18 and

1903 3428 92 24 Railway
2011 3427 84 18 Station.

1929 3462 42 18 The
1982 3461 73 20 Hotel
2064 3459 116 20 commands
2190 3464 13 13 a
2211 3456 131 26 magnificent
2351 3456 50 19 view
2411 3454 22 19 of
2443 3454 35 18 the
2487 3452 57 20 Lake
2554 3452 40 18 and
2604 3451 6 18 i
2627 3449 104 20 furnished
2740 3449 47 19 with

1903 3496 25 11 an
1938 3495 35 18 eye
1984 3492 19 14 to
2013 3487 35 19 the
2058 3486 85 19 comfort
2153 3485 21 18 of
2184 3484 26 18 its
2220 3487 90 21 patrons.

1929 3522 43 19 The
1980 3519 89 27 position
2078 3520 22 19 of
2109 3519 36 19 the
2156 3518 71 19 House
2241 3516 83 20 renders
2342 3515 15 19 it
2377 3513 111 26 peculiarly
2507 3511 86 21 suitahle
2611 3512 32 18 for
2664 3509 123 21 commercial

1904 3556 45 12 men
1959 3548 85 23 visiting
2053 3546 35 19 the
2098 3549 60 15 town.

1940 3593 167 26 BILLIARD
2130 3590 112 27 ROOM.
2386 3586 147 28 SAMPLE
2556 3585 134 32 ROOMS,
2704 3584 51 25 &c.

2069 3647 177 31 Telegrams
2262 3642 153 35 promptly
2427 3642 151 29 attended
2592 3642 40 23 to.

1905 3816 117 40 aH.
2058 3812 266 43 eß©C&teis
2324 3840 11 20 9
2401 3826 115 33 -miss
2547 3823 208 34 French,

1943 3877 71 26 SHIP
2025 3877 19 28 &
2056 3876 101 25 YACHT
2171 3875 125 26 BROKER,

1964 3911 192 20 COMMISSION
2168 3910 109 21 AGENT,

1914 3941 79 43 HAS
2016 3939 54 19 FOR
2093 3938 71 20 SALE
2182 3945 13 12 a
2212 3938 88 19 number
2316 3937 22 19 of

1987 3968 64 16 steam
2074 3964 103 22 launches,
2197 3964 77 22 yachts,
2298 3963 39 19 and

2375 3895 117 26 ANGLO-
2504 3892 135 27 PARISIAN
2671 3890 89 26 DRESS-

2519 3935 112 29 MAKER.

2460 3993 66 23 (Late
2534 3991 27 18 of
2568 3990 120 21 Dunedin,)

1915 3958 34 26 Ifl
1987 3968 64 16 steam
2074 3964 103 23 launches,
2197 3964 77 24 yachts,
2298 3963 39 19 and

1905 3992 81 25 pulling
1997 3991 59 19 bouts
2076 3990 87 20 suitable
2183 3990 33 18 for
2233 3989 46 20 lake
2298 3991 40 18 and
2460 3993 66 23 (Late
2534 3991 27 18 of
2568 3990 120 21 Dunedin,)

1905 4018 53 20 river
1967 4016 62 20 work.

1971 4047 186 19 CoKitKsroxDENCE
2178 4045 96 19 Invited.
2361 4049 93 21 T>EGS
2466 4051 20 16 to
2497 4047 90 19 intimate
2599 4049 20 15 to
2637 4045 34 19 the
2686 4045 65 18 ladies
2769 4045 20 18 of

2361 4064 38 28 JiJ
2428 4075 91 18 Rotorua
2542 4073 44 18 that
2604 4071 36 19 she
2658 4071 37 19 has
2713 4070 76 19 started

2072 4097 101 20 Address;
2360 4101 94 18 business
2476 4099 21 19 in
2519 4098 155 22 Fenton-street,
2698 4096 91 25 opposite

1933 4131 30 21 15,
1978 4126 153 24 QTJEEN.ST.,
2146 4125 164 21 AUCKLAND,
2360 4127 34 18 the
2404 4125 69 22 Grand
2487 4124 67 21 Hotel,
