3300 4360
1255 96 58 19 THE
1328 97 57 19 HOT
1399 97 91 19 LAKES
1504 97 167 21 CHRONICLE
1889 100 129 20 OCTOBER
2033 102 31 18 21,
2080 103 49 17 1896,

2809 4058 418 15 ——■———SSsSSsS!—^—^^^—
3227 4058 14 8 *

2810 4078 80 18 Printed
2907 4079 38 18 and
2962 4079 101 23 published
3073 4080 26 22 Ly
3109 4081 20 17 P.
3140 4081 22 17 F.
3176 4080 65 19 Watt,

2834 4103 20 16 at
2862 4102 33 18 the
2903 4103 104 22 registered
3020 4103 87 23 printing
3117 4104 57 18 office,
3183 4104 46 17 Hino-

2833 4131 44 11 mon
2885 4126 64 20 street,
2959 4126 90 18 Eotorua.

2830 4156 172 22 WEDNESDAY,
3011 4158 118 17 OCTOBER
3137 4158 88 23 21,1596.

211 313 45 20 One
272 314 22 19 of
311 314 34 19 the
355 313 118 20 necessities
484 312 21 19 of
516 312 34 20 tbe
560 313 80 25 coming
649 314 76 19 Season
736 315 42 19 will
787 315 25 19 be

66 368 24 23 A
129 369 114 25 COOL
284 370 97 24 AND
422 368 334 27 REFRESHING
796 371 163 24 DRINK

92 430 141 20 Untinctured
245 431 24 24 bj
279 437 38 16 any
327 428 129 20 Deleterious
472 428 101 20 Chemical
584 430 138 25 Compounds.
752 430 18 19 A
780 430 59 20 drink
850 432 22 17 at
881 437 50 13 once

288 483 185 29 Exhilarating
494 483 53 24 and
564 483 167 31 Refreshing,

68 540 37 17 and
119 539 63 19 which
198 538 36 19 A-ill
246 545 60 18 prove
317 545 12 12 a
339 538 118 25 preventive
467 538 22 19 of
497 538 116 25 Dyspepsia
630 538 39 19 and
686 539 28 18 all
730 539 93 20 Internal
842 540 115 21 Disorders.

93 565 86 19 Aerated
192 565 82 19 Waters
285 566 39 17 and
335 564 97 23 Cordials,
452 564 122 26 comprising
590 565 35 19 the
634 564 75 21 Purest
719 566 121 23 Lemonade,
858 568 34 19 the
902 568 57 19 Most

66 592 103 19 De/icious
179 591 79 25 Girger
268 591 45 24 Ale,
328 590 178 26 Highly-charged
524 591 54 19 Soda
587 591 80 24 Water,

271 641 402 38 ZOLHKON
696 645 56 37 E,

66 709 11 12 a
86 709 42 13 new
137 702 150 26 Invigorating,
298 703 148 19 non-alcoholic
457 703 104 26 Beverage
570 702 4 28 ;
590 703 57 19 Lime
656 703 60 20 Juice
734 705 87 24 Cordial,
833 705 125 25 Raspberry,

66 729 138 25 Peppermint,
216 729 78 24 Cloves,
305 729 52 19 Pine
366 729 73 25 Apple,
451 729 41 19 and.
502 731 76 17 Leuiou
589 730 77 25 Syrups
677 731 38 19 and
736 731 135 25 Sarsaparilla
887 738 35 13 are
931 732 26 18 all

335 756 156 19 manufactured
502 763 26 12 on
537 756 34 20 the
579 757 105 24 premises.

255 781 117 20 Lemonade
381 782 40 19 and
432 782 78 25 Ginger
519 783 44 23 Ale,
574 785 72 22 quarts
656 783 41 19 and
703 783 62 25 pints.

89 881 73 79 G
214 881 82 76 A,
357 881 420 84 CLARKE
827 884 88 78 Jr

350 1017 315 26 ABSOLUTE

91 1184 66 24 OUR
179 1183 167 24 PREMISES
369 1183 157 23 DISPOSED
551 1183 39 23 OF

459 1210 37 22 TO
510 1209 51 23 MR
585 1209 22 24 J.
629 1209 128 24 TONSON
773 1210 155 24 GARLICK.

67 1279 404 46 Electro-Plated
491 1279 151 45 Ware

489 1451 289 46 Enamelled
805 1451 150 47 Ware

68 1509 202 55 Knives,
305 1509 170 55 Forks,
498 1509 208 57 Spoons.

139 1628 56 37 CT.
250 1627 61 37 &
471 1627 403 49 DICKEY,

129 1726 109 29 Having
252 1726 57 23 sold
324 1733 46 16 our
390 1726 90 26 Queen
495 1726 52 23 and
563 1726 83 23 Lome
662 1726 86 23 Street
764 1726 130 24 Premises

182 1759 27 21 to
222 1758 40 22 Mr
273 1757 23 23 J.
312 1757 26 23 T.
350 1756 115 28 Garlick,
475 1757 46 23 the
532 1757 85 23 whole
629 1757 29 23 of
666 1764 46 16 our
722 1757 80 23 Stock
814 1758 28 22 of

291 1799 440 32 IRONMONGERY,

91 1850 71 23 Must
171 1850 32 23 be
215 1850 57 22 sold
281 1850 39 23 for
331 1850 74 28 Cash,
416 1857 28 15 as
458 1857 41 16 we
508 1850 59 29 give
575 1857 34 22 up
616 1850 151 29 possession
778 1850 28 23 in
815 1850 113 24 October.

301 2039 147 46 NOW
485 2039 221 46 READY.

322 2483 53 31 By
393 2481 164 27 ELSDON
579 2482 114 27 BEST.

81 2666 6 27 I
103 2660 6 11 k
111 2656 56 25 HE
188 2657 123 32 Papers
326 2662 74 20 now
414 2656 172 34 appearing
586 2656 4 37 1
602 2656 34 26 in
651 2656 55 26 the
719 2657 85 26 HOT
817 2657 138 26 LAKES

77 2682 17 38 1
111 2690 245 26 CHRONICLE
368 2690 103 25 under
483 2690 55 25 the
552 2690 102 26 above
667 2690 73 26 title
752 2690 69 26 will
830 2690 125 34 shortly

60 2723 38 24 Toe
111 2723 170 32 published
293 2723 34 25 in
340 2723 166 33 pamphlet
518 2723 89 26 form.

266 2829 131 47 Price
422 2829 95 48 One
551 2830 201 57 Shilling.

93 3017 191 33 Advertising
296 3018 107 25 Terms
417 3025 37 19 on
470 3019 190 32 application
681 3021 33 24 at
734 3019 218 26 CHRONICLE

61 3050 103 26 Office.

61 3240 78 18 Under
145 3240 41 18 the
192 3240 173 24 distinguished
371 3241 129 24 patronage
508 3241 26 19 of
536 3241 43 20 His
585 3242 141 24 Excellency
735 3243 62 19 Lord
806 3244 146 24 Carrington,

82 3273 120 17 Governor
211 3272 26 18 of
243 3273 102 22 N.S.W.,
355 3273 46 18 and
411 3273 61 19 Lord
489 3273 95 19 Onslow
593 3274 120 19 Governor
722 3275 27 18 of
755 3275 58 19 New
821 3276 106 19 Zealand.

61 3393 322 99 STAR
510 3396 437 109 HOTet,

61 3612 11 15 r
75 3612 70 23 PHE
303 3615 17 19 is
331 3617 130 23 pronounced
471 3617 28 25 by
513 3617 26 20 its
551 3618 88 21 Patrons
656 3622 21 18 to
691 3621 26 19 be
732 3621 35 19 the
785 3622 45 20 best
842 3622 54 21 built
912 3624 40 19 and

65 3640 26 16 J-
127 3640 43 17 best
180 3640 107 19 furnished
298 3641 63 20 Hotel
371 3642 21 19 in
402 3642 35 20 the
447 3643 68 20 North
525 3644 75 20 Island.

94 3669 134 27 Private
241 3671 107 28 SlliteS
357 3674 22 18 of
388 3674 134 25 Apartments
530 3676 33 19 for
573 3676 103 21 Families.

374 3706 103 31 Sample
492 3709 94 24 Booms
607 3711 33 19 for
654 3712 134 22 Commercial
797 3715 127 22 Gentlemen.

61 3737 85 19 Coaches
156 3737 57 19 leave
221 3738 35 19 the
266 3739 63 20 Hotel
338 3741 32 19 for
386 3742 35 19 the
434 3743 68 19 Lakes
520 3750 26 13 on
562 3746 75 19 arrival
653 3748 22 18 of
691 3748 27 19 all
736 3751 104 18 steamers.
870 3751 82 22 Special

165 3766 93 23 J3ugg;es
275 3766 39 18 and
325 3767 75 19 Saddle
411 3767 78 21 Horses
499 3776 37 13 can
552 3770 25 20 be
593 3772 100 21 obtained
708 3774 33 19 for
750 3775 28 19 all
790 3781 56 19 parts

414 3795 22 18 of
446 3795 34 19 the
498 3796 95 26 Country.

61 3824 185 26 First-class
259 3824 126 35 Sailing
397 3829 62 25 and
472 3829 137 35 Rowing
622 3831 101 29 Boats
735 3835 49 26 for
795 3836 156 28 Pleasure

322 3861 63 24 and
403 3861 135 35 Fishing
551 3864 135 28 Parties.

61 3900 61 25 The
155 3898 164 26 Saltwater
349 3900 128 35 Bathing
512 3904 127 28 Pavilion
676 3908 23 26 is
734 3910 101 26 within
860 3912 91 27 three

262 3934 139 25 minutes'
423 3936 76 26 walk
519 3939 33 24 of
567 3939 54 26 the

278 3972 119 26 Telegrams
416 3977 80 20 receive
522 3982 81 23 prompt
622 3983 108 19 attention.

367 4111 281 34 PROPRIETOR.

1349 314 95 34 TH

985 425 26 28 U

1026 413 119 109 Hot
1216 416 206 109 Lakes
1496 416 292 109 dironid

985 676 241 55 Published
1250 688 145 45 every
1414 676 284 58 Wednesday
1713 677 139 47 Jlfter-

1364 745 134 39 noon,

1189 916 114 40 RATES
1328 916 44 41 OF
1398 916 278 43 SUBSCRIPTION:

1145 988 63 17 PAID
1222 989 29 17 IN
1264 989 130 17 ADVANCE.
1584 990 100 18 BOOKEI

1168 1028 45 23 Six
1223 1028 108 23 Months
1342 1029 29 23 5s
1382 1036 5 21 ;
1627 1031 37 23 6s.

1166 1054 53 23 One
1235 1055 69 23 Year
1314 1055 44 23 10s
1368 1062 6 21 ;
1613 1057 51 24 12s.

1161 1159 338 34 ADVERTISING
1518 1162 179 33 HATES;

1008 1215 64 19 Tiiroo
1084 1215 99 25 Shillings
1194 1222 36 18 per
1241 1216 46 19 inch
1295 1223 36 18 per
1342 1216 60 23 issue,
1411 1223 28 19 up
1447 1218 21 18 to
1476 1218 10 17 3
1495 1217 115 20 insertions.
1627 1218 130 26 Subsequent
1763 1218 112 22 Insertions

982 1241 43 19 half
1035 1245 60 15 rates.
1127 1241 81 26 Special
1218 1244 61 17 terms
1291 1243 32 19 for
1332 1243 72 25 longer
1417 1243 86 25 periods.

1006 1296 179 18 Announcements
1195 1295 22 19 of
1228 1295 72 19 Births
1310 1296 41 19 and
1361 1295 78 20 Deaths
1449 1303 35 12 are
1493 1297 90 23 charged
1598 1299 23 17 2s
1636 1298 56 24 each,
1712 1301 36 17 not
1766 1300 109 26 exceeding

981 1324 23 17 30
1016 1322 71 18 words.
1117 1322 103 24 Marriage
1230 1324 174 17 announcements
1420 1324 28 17 3s.
1476 1323 93 24 NOTE.
1572 1324 111 23 —These
1700 1324 109 25 charees
1832 1333 43 17 are

980 1349 40 22 for
1030 1348 178 30 Prepayment
1218 1347 74 31 Only.

1088 1494 243 51 JOBBIM
1365 1499 400 50 DEPJIRT.ME.NT.

1032 1626 174 32 Billheads,

1081 1668 104 26 Memo
1199 1669 122 34 Forms,

1133 1711 82 25 Bills
1229 1711 34 26 of
1272 1712 91 30 Fare,

1183 1752 155 27 Business
1363 1754 109 33 Cards,

1232 1794 143 33 Visiting
1396 1796 109 33 Cards,

1315 1837 97 26 Menu
1430 1838 108 33 Cards,

1368 1879 153 33 Luggage
1533 1881 125 33 Labels,

1413 1921 73 26 Ball
1504 1922 237 34 Programmes,

1465 1966 173 33 Circulars,

1535 2009 140 32 Posters,

1587 2051 181 34 Handbills,

1679 2093 197 34 Pamphlets,

1149 2128 65 35 &c,
1318 2131 67 33 &c,
1487 2132 66 33 &c.,
1657 2135 57 26 &c.

1042 2212 124 48 Done
1201 2220 52 40 at
1290 2216 81 54 tfee
1394 2215 223 56 Shortest
1639 2219 179 48 .Notice.

1230 2605 71 45 On
1326 2605 113 47 Sale
1470 2610 52 42 at
1557 2608 88 46 the

1049 2709 437 68 CHRONICLe
1521 2714 285 67 OFFICE.

979 2807 66 19 Plain
1053 2808 47 18 and
1110 2808 80 24 Fancy
1199 2810 67 22 Note,
1283 2810 131 24 Envelopes
1423 2811 30 18 ali
1462 2812 65 22 sizes,

978 2830 127 25 Mourning
1115 2833 74 22 Paper
1197 2833 47 19 and
1253 2834 138 23 Envelopes,
1406 2834 153 20 Commercial
1568 2836 141 25 Stationery,

980 2854 115 24 Foolscap
1104 2855 74 23 Paper
1187 2857 47 17 and
1243 2857 90 19 Official
1342 2858 137 23 Envelopes,

978 2877 117 24 Drawing,
1107 2879 114 23 Exercise,
1230 2880 180 20 Memorandum
1418 2882 47 18 and
1473 2882 110 19 Account
1592 2883 85 23 Books,

978 2901 108 24 Ledgers,
1098 2902 117 23 Journals,
1226 2904 53 23 Day
1288 2904 46 19 and
1343 2905 62 18 Cash
1411 2905 84 23 Books,

978 2924 81 19 Letter
1068 2925 84 23 Books,
1163 2926 108 23 Brushes,
1282 2927 84 19 Water
1465 2928 48 23 &c,

978 2948 124 23 Stephen's
1112 2949 104 24 Writing
1225 2951 47 17 and
1281 2951 106 26 Copying
1396 2952 62 22 Inks,

977 2971 107 24 Blotting
1093 2972 78 23 Paper,
1183 2973 112 19 Business
1305 2975 46 18 and
1360 2975 103 23 Visiting
1472 2975 78 23 Cards,

977 2994 57 19 Blue
1044 2995 96 23 Pencils,
1151 2996 63 18 Lead
1223 2997 47 18 and
1279 2998 65 18 Slate
1354 2998 96 23 Pencils,
1462 2999 46 18 and
1517 3000 83 23 Slates,

976 3018 111 23 Marking
1095 3019 50 22 Ink,
1156 3020 66 18 India
1232 3021 94 18 Rubber
1335 3022 84 23 Bands,
1430 3022 61 18 Gum
1499 3023 47 18 and
1556 3024 116 18 Gummed
1681 3024 80 23 Paper,

976 3041 105 20 Indexed
1090 3042 66 23 Files,
1171 3043 46 18 and
1227 3044 75 23 Paper
1310 3045 70 23 Clips,

976 3065 136 23 Inkstands,
1122 3066 46 18 and
1178 3066 97 21 Bottles.

1010 3166 22 25 A
1052 3167 139 26 CHOICE
1207 3168 210 27 SELECTION
1437 3170 47 25 OF
1500 3170 188 27 BIRTHDAY
1708 3172 129 26 CARDS.

979 3314 347 61 NEWS
1390 3316 475 64 AGENCY.

1039 3421 194 55 English
1258 3421 206 57 Foreign,
1493 3423 92 46 and
1609 3423 202 48 Colonial

1129 3487 180 56 Papers,
1331 3487 283 57 .Magazines,
1637 3489 87 48 &e.

978 3562 186 41 SYDNEY
1204 3564 237 43 BULLETIN
1481 3567 30 40 &
1550 3568 318 44 CANTERBURY

1227 3621 147 41 TIMES
1402 3623 61 40 ON
1491 3623 129 43 SALE.

1169 3799 94 71 To
1314 3800 350 73 Tourists.

975 3918 192 60 .Agency
1190 3922 77 47 for
1288 3924 217 48 .Martin's
1531 3927 169 55 Photos
1721 3929 56 47 of
1787 3930 81 56 tfce

1321 3982 208 46 District.

2020 175 268 77 LAKE
2339 179 335 78 HOUSE

1929 291 341 57 Hydropathic
2314 294 161 52 Hotel,
2525 296 234 46 Rotortta.

2185 376 224 34 ESTABLISHED
2431 378 77 32 SBBI.

1899 433 73 21 Under
1987 434 35 19 the
2032 436 111 23 patronage
2153 435 22 18 of
2184 435 34 19 Sir
2284 436 88 24 Jervois,
2388 437 48 19 Earl
2454 438 38 19 and
2510 438 104 19 Countess
2633 438 22 20 oE
2674 438 118 26 Hopctoun,

2071 461 35 19 the
2117 462 56 18 Hon.
2183 462 91 20 Premier
2284 463 39 19 and
2338 463 103 20 Members
2457 464 22 20 of
2489 465 132 20 Parliament.

1926 565 43 19 The
1979 565 65 20 Hotel
2056 566 15 18 is
2081 567 90 19 situntpri
2180 573 26 12 on
2216 573 26 13 an
2252 567 95 19 elevated
2357 567 88 26 position
2455 576 26 12 on
2491 570 35 20 the
2536 570 71 20 shores
2623 570 21 20 of
2660 570 56 20 Lake
2731 570 50 19 Roto-

1900 598 44 18 rua,
1954 593 123 19 convenient
2087 596 21 16 to
2118 593 27 19 all
2156 593 34 19 :hc
2201 593 65 25 sights
2277 594 20 19 iu
2308 594 35 19 the
2354 594 87 20 district.

1972 644 113 30 Sulphur
2099 645 51 23 and
2164 645 113 25 Mineral
2291 646 83 24 Baths
2388 647 20 19 in
2420 647 35 19 the
2467 648 95 20 Grounds
2574 649 23 19 of
2607 649 35 19 the
2652 649 70 19 Hotel.

2033 750 20 19 A
2070 750 105 20 reduction
2193 750 16 19 is
2227 751 59 19 made
2302 753 22 17 to
2335 751 76 27 weekly
2422 758 23 13 or
2456 753 89 25 monthly
2556 753 107 21 boarders.

1902 801 69 19 Guide
1982 802 68 19 Books
2060 802 39 19 aDd
2108 803 135 19 information
2254 804 65 22 piatis
2329 806 21 17 at
2361 804 55 19 Cook
2432 805 38 18 and
2489 805 58 20 Sons'
2564 806 52 25 (sole
2632 807 81 24 agents)
2730 806 63 19 offices

2214 830 129 24 throughout
2354 830 34 19 the
2399 831 84 25 Colony.

1901 878 44 46 T.
1969 878 44 47 C.
2035 880 329 53 URQUJUIRT,
2421 908 17 6 -
2491 909 18 6 -
2556 884 238 55 Manager.

2159 993 123 20 r^swff!

1936 1112 413 66 NQTieero
2377 1085 382 96 fSurasTS.

1935 1254 64 25 The
2020 1254 215 33 undersigned
2255 1255 28 25 is
2307 1262 74 19 now
2402 1256 141 33 running
2567 1257 143 32 Buggies
2733 1258 62 26 and

1901 1287 143 26 Coaches
2065 1288 33 25 to
2118 1288 55 25 the
2186 1288 167 32 following
2366 1289 107 32 places
2486 1289 35 26 of
2534 1290 136 26 interest
2689 1291 33 25 in
2743 1291 52 25 the

1900 1320 243 32 neighborhood
2160 1324 33 22 at
2211 1322 130 32 greatly
2365 1323 137 25 reduced
2527 1325 95 25 rates.
2671 1324 124 33 Special

1900 1353 184 26 reductions
2093 1354 50 25 for
2155 1355 90 32 large
2253 1355 129 33 parties.

1900 1394 330 26 WHAKAREWAREWA;
2268 1396 173 22 WAIRAKEI,
2464 1397 102 19 TAUPO
2582 1398 20 18 &
2620 1399 61 18 THE

2042 1418 145 19 TIKITERE
2201 1419 19 19 &
2234 1419 106 19 OKERE
2354 1418 110 24 FALLS;
2477 1420 176 20 WAIOTAPU.

1925 1449 128 19 N.B.—The
2063 1450 101 18 Tikitere
2173 1451 54 23 Trip
2237 1456 44 14 can
2290 1456 54 14 now
2352 1452 28 18 be
2390 1452 116 18 extended
2515 1453 25 18 to
2548 1453 42 19 the
2599 1453 59 19 head
2668 1454 26 18 of
2700 1454 94 22 Rotoiti,

1900 1473 86 18 thence
2000 1474 27 17 to
2040 1473 114 23 Rotoehu,
2171 1475 103 23 opening
2287 1480 32 18 up
2336 1480 65 13 some
2418 1475 27 18 of
2458 1476 41 18 the
2521 1476 115 19 Grandest
2650 1477 102 24 Scenery
2773 1477 22 19 in

1900 1496 59 19 New
1968 1496 106 20 Zealand.

1913 1544 96 27 Special
2021 1546 169 27 Conveyances
2201 1546 46 20 and
2259 1546 88 20 Saddle
2359 1546 83 20 Horses
2453 1550 22 16 to
2487 1547 27 19 all
2526 1552 62 22 parts
2604 1549 23 19 o?
2639 1548 39 20 the
2695 1548 87 20 district

2227 1576 23 16 at
2262 1574 117 23 Moderate
2391 1574 77 23 F^ates.

1948 1620 47 19 Bus
2001 1620 78 19 leaves
2086 1621 64 18 Lake
2157 1621 85 23 House,
2252 1622 86 23 calling
2344 1623 25 17 at
2376 1622 30 18 all
2414 1623 82 17 Hotels
2502 1623 46 18 and
2555 1623 117 24 Boarding
2679 1624 93 18 Houses

1924 1643 36 19 for
1969 1644 226 23 Whakarewarewa,
2205 1645 69 19 twice
2284 1646 117 22 forenoon,
2413 1646 68 18 twice
2489 1646 130 20 afternoon.

2053 1829 134 27 STABLES
2212 1830 81 26 NEAR
2319 1830 76 27 LAKE
2416 1832 96 25 HOUSE
2537 1832 105 26 HOTEL.

2037 2609 42 22 very
2085 2609 45 23 old
2140 2609 70 23 Special

2044 2806 157 28 D.C.L.BRAND
2213 2806 1 31 j

2253 2872 208 47 Proprietors:-

2211 2931 52 54 ■*
2284 2921 284 66 DISTILLERS
2603 2924 50 61 0
2683 2924 52 69 lp

1902 3124 62 53 L.
2035 3125 68 53 D.
2173 3125 328 53 NATHAN
2566 3125 52 56 &
2683 3126 100 55 Co.

1939 3211 289 60 MMtt

1996 3284 166 37 QUEEN
2189 3284 205 37 STREET,
2413 3284 276 34 AUCKLAND,

2123 3325 108 19 UNDER
2244 3325 76 19 NEW
2332 3325 227 20 MANAGEMENT.

2112 3356 458 65 JOSEPiOIeRJIE,

2022 3435 60 26 (Late
2092 3436 21 19 of
2122 3436 36 18 the
2167 3436 57 19 Lake
2234 3436 72 19 House
2321 3436 41 19 and
2376 3435 73 20 Palace
2460 3436 80 23 Hotels,
2551 3437 111 25 Rotorua,)

2141 3467 49 18 Has
2196 3467 53 23 just
2258 3467 72 18 taken
2341 3471 56 14 over
2405 3467 48 18 this
2462 3467 78 19 Hotel.

1893 3489 130 20 Travellers
2032 3490 47 19 will
2087 3490 48 19 find
2144 3495 70 19 every
2223 3490 98 18 Modern
2331 3490 161 19 Convenience
2501 3491 125 19 combined
2631 3491 58 20 with
2695 3491 94 24 Civility

2199 3513 47 19 and
2252 3513 97 23 Prompt
2356 3514 125 19 attention.

1920 3558 44 19 The
1975 3558 97 19 situation
2082 3559 22 18 of
2119 3558 35 19 the
2314 3558 82 19 renders
2416 3559 17 18 it
2451 3559 97 25 specially
2568 3560 121 19 convenient
2706 3560 32 19 for
2753 3560 35 19 the

1893 3584 120 26 Travelling
2023 3584 72 19 Public
2105 3584 41 19 and
2164 3584 88 20 Visitors
2268 3587 21 16 to
2306 3584 35 19 the
2359 3584 46 26 City
2420 3585 53 19 from
2488 3585 36 20 the
2540 3585 91 26 Country
2648 3586 28 25 by
2696 3586 53 19 train
2766 3592 23 13 or

1893 3613 94 16 steamer.

1894 3636 104 31 Special
2008 3636 206 29 Arrangements
2225 3636 76 23 made
2311 3636 40 23 for
2362 3636 46 24 the
2423 3638 179 24 convenience
2616 3638 28 23 of
2656 3638 130 23 Families.

1896 3716 175 26 First-class
2087 3716 117 27 Billiard
2221 3717 120 25 Rooms.
2378 3716 101 27 Wines
2492 3718 61 25 and
2569 3718 110 31 Spirits
2693 3718 33 24 of
2731 3717 55 25 the

1974 3750 70 25 best
2059 3749 125 26 Brands.
2229 3749 172 26 Hancock's
2422 3749 84 26 Prize
2520 3750 105 26 XXXX
2640 3751 69 25 Ales

2167 3783 114 32 always
2300 3789 38 19 on
2364 3782 142 33 draught.

1893 3857 70 43 M*
1999 3857 76 43 W.
2116 3857 46 43 J.
2195 3858 45 44 N
2241 3858 87 20 APIER>
2355 3850 212 46 Rotorua
2594 3850 192 56 Library

1893 3919 172 20 BARRISTER
2075 3920 67 19 AND
2160 3920 167 20 SOLICITOR.
2362 3939 25 7 _

2467 3940 52 19 from
2531 3942 24 17 10
2567 3947 48 12 a.m.
2625 3942 22 17 to
2657 3942 10 16 5
2678 3946 48 19 p.m.
2745 3939 40 19 and

1894 3960 146 18 Commissioner
2054 3960 20 18 of
2087 3960 32 18 the
2133 3960 91 24 Supreme
2238 3961 60 18 Court,
2309 3961 20 18 of
2352 3959 44 28 \J
2413 3968 45 18 (5,30
2468 3968 21 17 to
2500 3968 22 17 10
2529 3973 51 18 p.m.
2585 3966 94 25 Sundays
2684 3965 31 19 till
2719 3966 31 25 9p
2758 3972 27 13 m.

2110 3989 16 17 J1
2371 3996 176 23 Subscription:
2559 3996 45 19 20s
2613 3996 43 19 Per
2663 3995 103 19 Annum.

1894 4015 88 18 Solicitor
1990 4016 21 17 to
2019 4015 32 18 the
2063 4015 47 18 N.Z.
2125 4015 129 18 Government
2268 4015 61 18 under
2378 4024 88 13 «;•,„„
2482 4031 47 6 _„_
2547 4024 86 10 ___-.:__
2734 4024 51 13 t_„«v,

1941 4039 45 8 .ifitu
2013 4039 7 8 a
2026 4038 9 9 j
2113 4040 8 7 1.
2140 4039 11 8 a
2164 4039 23 8 m
2229 4040 6 7 a
2252 4040 8 7 j.
2269 4040 12 7 »
2383 4029 84 16 Visitors
2482 4032 47 15 may
2547 4031 86 16 procure
2648 4029 69 14 xSooks
2734 4029 52 14 trom

1959 4040 40 15 The
2007 4040 97 16 Advances
2113 4040 20 16 to
2140 4040 78 17 Settlers
2223 4040 43 17 Act.
2355 4052 11 7 ~
2396 4052 12 7 T
2416 4052 12 5 .,
2516 4040 10 10 *
2547 4040 15 17 r
2562 4040 32 17 ,.
2677 4050 6 6 ,
2736 4050 12 6 ..
2780 4050 8 9 c

2102 4069 12 3 _
2263 4069 6 6 ,
2352 4052 35 19 the
2396 4052 88 23 Library
2494 4057 27 13 on
2538 4053 87 22 making
2642 4057 12 13 a
2672 4052 79 23 deposit
2766 4052 22 17 of

1893 4069 99 17 Victoria
2000 4070 89 20 Arcade,
2100 4070 112 22 Queen-st,
2221 4069 107 19 Auckland.
2352 4080 35 17 not
2396 4078 41 19 less
2446 4077 50 19 than
2517 4078 28 22 ss,
2564 4077 41 19 and
2622 4076 125 26 purchasing
2768 4078 20 17 Is

1915 4109 72 23 Money
1995 4111 21 16 to
2022 4109 53 17 Lend
2084 4116 24 11 on
2117 4110 86 18 freehold
2218 4111 82 22 security
2308 4111 21 16 at
2352 4109 80 19 coupon
2441 4103 32 19 for
2482 4109 61 19 every
2555 4102 55 20 Four
2619 4102 71 19 books,

1893 4132 36 17 low
1945 4134 50 15 rates
2013 4133 19 17 of
2044 4133 84 17 interest.
2158 4132 72 24 Money
2242 4133 86 18 invested
2377 4129 43 19 The
2438 4128 88 25 Library
2548 4128 18 19 is
2586 4135 52 19 open
2660 4128 76 26 during
2752 4128 36 19 the

1893 4155 29 18 for
1931 4155 66 18 clients
2006 4156 39 17 free
2053 4156 19 17 of
2080 4156 76 23 charge.
2352 4155 93 25 evening.

2816 165 47 40 HI
2881 167 54 38 WE
2952 165 60 41 MO
3026 165 20 41 A
3078 167 150 48 STORE

2815 233 168 25 XY7-ILLIAM
3004 235 107 20 ROGERS
3128 237 70 22 directs
3212 245 16 18 at-

2833 266 7 10 »
2848 256 13 9 *
2894 260 78 19 tention
2983 263 20 16 to
3010 261 35 19 the
3055 261 103 28 following
3165 264 47 22 lines
3221 273 15 16 of

2836 290 178 44 €I#I€S
3062 294 158 45 e##BS,

2814 339 103 25 Bycroft's
2927 339 111 20 Snowdrift
3048 341 51 19 N.Z-
3108 342 62 20 Flour

2815 365 104 23 Sultanas,
2930 365 101 20 Muscatel
3039 367 40 19 and
3087 367 96 22 Valencia
3196 372 16 20 R
3213 380 10 13 a
3223 375 6 19 i
3229 385 8 10 s

2867 391 49 20 sins,
2928 392 40 19 and
2978 391 97 21 Currants

2815 417 50 24 Figs
2874 418 40 18 and
2925 418 111 19 Preserved
3046 419 82 25 Ginger,
3141 421 65 26 Spices

2815 442 77 21 Lemon
2902 444 40 18 and
2953 444 81 26 Orange
3046 445 48 20 Peel

2873 470 69 18 White
2953 470 112 25 Sugar—A
3081 472 112 26 Speciality.

2817 496 50 18 New
2878 495 92 20 Zealand
2977 496 63 26 Dairy
3047 498 142 21 Association's
3196 503 32 21 But-

2921 525 37 16 ter.

2842 547 61 19 TEA.
2963 548 113 20 COFFEE.
3130 552 89 22 COCOA.

2817 595 88 21 General
2918 597 128 20 Assortment
3063 600 21 18 of
3101 600 138 29 Storekeeper?

2996 624 74 20 Goods.

2878 662 310 58 HIHEHOFSTORE.

2819 755 53 42 B.
2914 755 44 43 S.
3007 756 33 43 C

3061 757 118 19 OItLE
3196 762 13 17 T
3224 764 11 17 T

2926 811 222 26 ARCHITECT,

2899 846 98 25 Building
3012 848 108 25 Surveyor,
3139 851 33 18 &c.

2820 920 72 24 Agent
2911 919 33 19 for
2963 920 34 19 the
3021 921 97 20 National
3144 923 44 20 Fire
3210 928 31 19 and

2912 945 81 21 Marine
2999 946 116 22 Insurance
3125 949 36 20 Co.

2833 1003 38 21 II
2886 1004 18 19 O
2920 1004 21 19 E
2956 1005 18 20 O
2988 1006 12 19 I
3017 1007 17 18 A
3104 1006 22 18 -\
3136 1010 10 18 /
3172 1003 2 25 :

2819 1087 247 37 BOAHBXHG
3083 1091 159 40 HOUS3S,

2819 1148 113 28 Opposite
2947 1150 39 19 the
3002 1151 55 19 Post
3067 1152 47 19 and
3125 1154 117 29 Telegraph

2998 1177 78 20 Office.

2820 1207 44 18 And
2886 1214 49 13 npar
2956 1207 33 21 the
3010 1209 120 20 Celebrated
3155 1211 87 25 PRIEST

2859 1234 118 19 RACHEL
2994 1236 39 19 and
3047 1235 56 21 other
3113 1237 90 22 BATHS

2965 1260 144 24 ROTORUA.

2819 1311 112 32 TERMS:
2941 1313 42 18 25s
2991 1319 41 18 per
3038 1315 72 23 week,
3121 1315 27 20 5s
3155 1322 40 18 per
3201 1319 38 24 day

2852 1344 116 40 MRS
3012 1346 204 49 YOUNG,

2953 1395 172 21 PI!OI>IfIET«ESS.

2820 1461 221 49 Rotorua
3059 1465 184 61 Bakery

2871 1743 86 25 Bread
2970 1745 133 25 delivered
3120 1748 77 31 daily.

2871 1812 165 27 GROCERIES,

3015 1851 145 23 DRAPERY,

3009 1889 45 14 AND

2815 1915 125 18 GENERAL
2946 1917 208 21 STOREKEEPER'S
3161 1921 77 17 GOODS

2834 1969 42 44 J.
2907 1969 47 47 R.
2988 1969 237 54 LU.NDO.N,

2949 2040 166 24 SOLICITOR,

2836 2076 29 19 26,
2877 2075 218 25 Shoetlasd-stheet,
3104 2079 118 19 Auckland.

2810 2121 157 19 N.B.—Attends
2976 2126 81 21 country
3066 2124 68 19 Courts
3142 2126 26 22 by
3180 2128 62 21 special

2810 2147 141 21 arrangement.

2868 2201 315 51 JMCKIJIfID

2822 2280 177 43 COFFEE
3040 2284 189 43 PALACE.

2861 2352 146 32 QUEEN
3027 2355 168 35 STREET,

2808 2412 65 24 Also
2896 2415 108 29 opposite
3026 2415 108 24 Herald
3161 2416 81 32 Office.

2838 2524 52 48 E.
2941 2525 270 59 WATERS,

2909 2605 240 28 PROPRIETOR.

2859 2672 29 26 J.
2910 2673 49 25 W.
2983 2674 211 31 WRIGLEY,

2832 2738 387 27 ARCHITECT,

2938 2773 183 18 RGTOHUK,

2836 2836 70 25 Agent
2914 2837 33 19 for
2963 2838 35 19 the
3015 2838 65 19 South
3101 2839 80 20 British
3201 2841 41 18 Firo

2809 2862 41 19 and
2861 2862 81 21 Marine
2951 2864 112 19 Insurance
3073 2865 112 26 Company.

2812 2923 120 32 UNITED
2953 2925 188 34 INSURANCE
3161 2928 79 36 COY.,

2873 3031 152 30 CAPITAL,
3043 3033 142 30 £500,000.

2814 3100 90 45 FIRE
2913 3101 54 19 risks
2975 3102 21 19 of
3002 3102 27 19 all
3038 3103 74 20 classes
3118 3104 123 20 undertaken

2882 3130 21 15 at
2913 3127 70 20 lowest
2993 3132 81 16 current
3084 3133 61 16 rates.

2812 3161 76 19 Claims
2897 3163 73 19 settled
2979 3164 103 25 promptly
3092 3166 41 18 and
3145 3166 96 19 liberally.

2822 3210 49 18 New
2880 3211 84 18 Zealand
2974 3212 55 18 Head
3038 3213 63 21 Office,
3111 3214 121 25 Wellington.

2847 3239 91 17 Resident
2947 3239 46 22 Sec,
3003 3240 68 18 Jamks
3079 3241 18 18 S.

2937 3274 101 18 Auckland
3047 3274 74 24 Agent:

2873 3301 23 17 A.
2910 3301 110 22 Heather,
3030 3303 77 18 Custom
3115 3304 68 18 Street.

2945 3339 85 18 Rotorua
3039 3339 74 24 Agent:

2858 3372 22 17 E.
2894 3372 22 17 F.
2925 3372 68 21 Watt,
3007 3373 118 18 Chronicle
3135 3375 64 18 Office.

2811 3417 29 17 W.
2846 3417 23 17 L.
2876 3418 99 21 Forster,
2986 3422 43 17 c.e.,
3055 3419 25 17 H.
3092 3419 29 19 W.
3131 3420 110 19 Mitchell,

2895 3454 39 10 LATE
3066 3455 97 12 AUTHORISED
3173 3457 40 11 LAND

2811 3469 80 12 ENGINEER
2897 3471 71 10 MIDLAND
2974 3471 76 13 RAILWAY.
3070 3473 10 10 4
3089 3473 55 11 MINING
3160 3474 81 11 SURVEYOR,

2811 3487 87 16 HaUKAEI
2907 3488 108 17 P-tNItJbTJLA.
3053 3489 84 17 RoTOHUa
3146 3491 14 15 &
3169 3493 72 13 IAKIIuA.

2812 3556 160 42 FORSTER
2999 3558 25 41 &
3057 3559 183 47 MITCHELL,

2837 3616 113 26 MINING
2967 3616 170 29 ENGINEERS
3158 3620 60 25 AND

2939 3652 185 30 SURVEYORS,

2808 3693 122 19 VALUERS
2942 3695 33 17 OF
2984 3695 100 18 MINING
3095 3697 54 17 AND
3159 3697 84 18 OTHER

2942 3718 167 22 PROPERTIES,

2879 3754 107 22 Hauraki,
3004 3756 51 17 New
3070 3756 105 19 Zealand.

2831 3817 97 18 Members
2935 3818 21 18 of
2964 3819 32 17 the
3005 3819 47 17 N.Z.
3062 3819 92 19 Institute
3166 3821 21 17 of
3200 3820 31 18 Sur-

2807 3846 74 16 veyors.

2878 3920 120 17 Nohmanby
3009 3921 64 21 Road,
3085 3921 90 19 Paeroa.

2927 3977 64 19 paper
3010 3972 41 19 and
3067 3972 114 26 Envelopes
3198 3972 43 19 with

2835 3998 10 16 1
2889 3996 83 26 printed
2984 3998 91 25 heading
3086 4001 22 16 at
3116 3998 66 26 cheap
3190 4003 51 14 rates

2810 4024 21 17 at
2840 4022 109 20 Chronicle
2963 4024 62 19 office.
