2470 3860
76 146 50 22 The
138 146 168 31 appointment
318 147 26 25 of
354 149 99 30 speaker
464 158 48 16 was
524 149 42 25 the

43 182 53 25 first
109 184 108 24 business
228 185 27 23 of
263 184 42 24 the
328 186 90 29 House,
440 188 38 24 for
490 187 78 25 which

43 222 12 23 t
62 229 29 16 ,vo
103 220 119 25 members
239 229 60 18 were
317 224 142 25 nominated
478 225 92 23 Messrs

47 259 126 23 Kolleston
201 260 47 23 and
277 260 116 26 Steward.
440 263 23 23 If
499 263 70 31 party

50 296 165 25 Government
227 297 49 25 had
299 298 60 25 been
382 300 46 24 laid
451 300 65 25 aside
528 298 47 26 and

50 334 43 24 the
121 335 139 25 candidates
288 337 139 24 considered
455 345 31 16 on
514 337 63 24 their

51 372 91 28 merits,
156 373 39 23 Mr
208 373 123 25 Rolleston
345 375 80 24 would
448 376 58 22 liave
518 374 59 24 been

52 410 98 28 elected,
183 419 27 15 as
237 412 21 24 it
286 420 58 20 was,
363 412 78 30 Major
471 410 107 26 {Steward

56 448 98 24 secured
166 448 42 25 the
220 450 169 33 appointment
411 450 45 24 and
479 450 67 24 J6600
555 457 24 15 a-

56 494 56 22 year
123 486 35 25 for
181 487 42 24 the
245 487 161 32 speakership.
441 488 21 23 A
484 485 96 33 general

58 524 89 31 feeling
158 526 24 23 of
194 529 78 27 regret
295 533 49 16 was
355 525 126 30 expressed
504 527 24 22 at
540 524 42 24 the

60 562 100 24 absence
171 563 27 24 of
220 563 40 24 ISir
283 562 34 24 M.
332 563 125 28 O'Rouko,
471 562 41 24 the
537 562 46 24 late

60 601 119 28 elections,
202 601 55 24 who
276 601 48 23 lost
344 601 38 23 his
412 603 52 21 seat
494 603 26 22 at
542 600 41 24 the

59 638 49 24 late
120 639 107 30 speaker,
247 648 15 14 a
274 638 69 24 uoble
354 640 163 22 contribution
537 647 47 15 was

60 676 71 30 given
143 680 25 19 to
180 676 37 23 his
228 676 117 24 excellent
357 676 112 30 qualifies
481 676 49 24 and
542 676 40 24 ad-

60 713 104 24 mirable
184 713 158 31 adaptability
357 714 37 23 for
416 715 42 23 the
470 714 77 24 duties
559 714 27 24 of

62 749 160 32 speakership.
256 751 168 31 Immp-diately
436 752 38 23 the
486 750 100 32 speaker

63 789 58 24 took
133 789 42 25 the
187 789 71 25 Chair
269 790 42 24 the
326 791 63 23 Hon.
402 791 30 23 E.
442 791 145 24 Mitchelson

63 835 55 15 rose
130 828 45 22 and
187 828 78 23 stated
277 830 25 21 to
314 828 40 23 the
377 828 83 24 House
472 828 55 24 that
544 828 43 24 the

63 864 114 31 Ministry
189 866 45 23 had
246 864 116 31 resigned.
397 866 139 24 Wherefore
548 866 39 24 Mr

64 901 117 25 Eallance
192 902 120 25 informed
333 902 42 25 the
388 903 84 24 House
483 903 54 25 that
549 904 38 23 the

67 939 123 25 Governor
211 940 49 24 had
283 944 53 19 sent
354 941 37 22 for
409 941 59 27 him,
481 941 49 23 and
546 948 38 17 en-

67 977 91 24 trusted
174 977 53 25 him
249 977 59 25 with
327 978 42 25 the
391 978 125 25 formation
538 979 27 24 of
574 987 14 16 a

65 1014 118 32 Ministry,
196 1015 48 24 and
253 1015 73 25 asked
338 1017 40 24 the
390 1017 168 31 adjournment
563 1017 25 24 of

65 1053 43 23 the
119 1053 83 24 House
213 1054 38 24 till
262 1054 107 32 Tuesday
382 1056 61 24 27th
453 1056 59 24 inst.
548 1056 39 24 On

67 1090 111 32 Tuesday
189 1091 42 24 the
242 1091 84 25 House
347 1094 51 22 met
421 1095 25 22 at
455 1094 16 23 2
482 1094 32 24 30
524 1101 60 23 p.m,

67 1128 43 23 the
142 1128 125 25 Governor
294 1129 72 32 being
398 1133 97 29 present
528 1132 56 24 read

65 1165 40 24 the
121 1165 97 25 address
229 1167 26 23 m
274 1174 15 17 a
311 1166 71 29 clear,
410 1168 100 25 distniot
537 1169 48 24 and

64 1202 96 25 audible
176 1203 74 28 voice,
261 1212 70 24 every
353 1205 64 25 word
439 1206 73 32 being
523 1214 61 17 care-

65 1240 61 31 fully
149 1242 147 24 articulated.
347 1243 52 25 The
425 1243 77 26 house
530 1246 56 24 then

65 1278 131 32 proceeded
206 1281 26 22 to
243 1279 108 26 business
368 1282 71 24 when
459 1290 14 16 a
484 1283 103 26 number

65 1316 28 23 of
100 1316 94 25 notices'
199 1325 59 16 were
268 1318 79 30 given.

100 1354 66 24 Your
177 1356 108 24 member
295 1356 37 24 for
351 1357 91 33 Ashley
452 1359 94 25 arrived
558 1368 31 16 on

67 1392 98 32 Sunday
179 1394 64 28 18th,
254 1394 30 32 by
292 1394 40 24 the
341 1395 25 25 S.
377 1395 25 25 S.
412 1396 117 31 Penguin,
540 1398 48 24 and

63 1429 41 25 his
114 1438 111 23 preaence
236 1440 55 24 may
302 1432 30 25 be
342 1434 145 33 continually
498 1444 57 16 seen
566 1438 25 24 m

66 1468 41 24 the
118 1469 109 31 Library,
261 1471 39 24 He
311 1471 45 25 has
368 1472 49 24 had
425 1481 32 16 an
464 1473 124 27 interview

65 1505 60 24 with
135 1506 43 24 the
190 1507 112 26 Minister
313 1509 25 23 of
347 1509 70 26 lands
428 1511 26 24 m
466 1512 120 25 reference

66 1544 25 23 to
103 1543 41 24 the
155 1544 130 26 reclaimed
300 1546 79 29 lands,
392 1556 30 16 on
434 1549 42 24 the
488 1551 96 31 margin

62 1580 28 25 of
104 1580 67 26 Lake
182 1582 174 30 Ellismere,,,to
367 1589 117 23 endeavor
494 1590 25 23 to
527 1589 60 24 have

63 1619 69 23 them
144 1620 108 31 disposed
274 1622 26 24 of
309 1622 25 24 m
356 1620 70 28 small
439 1625 46 25 lots
504 1634 29 16 on
545 1626 40 26 de-

64 1657 79 23 ferred
155 1665 40 23 pa'
203 1661 69 23 j.-.ent
294 1660 47 24 and
363 1663 126 30 perpetual
510 1664 72 26 lease.

61 1693 41 26 Fe
109 1693 44 26 has
160 1695 73 26 asked
238 1697 56 26 that
302 1697 115 27 Justice's
428 1702 26 24 of
457 1700 42 26 the
510 1702 77 26 Peace

62 1730 30 26 be
113 1735 110 29 required
244 1741 25 19 to
292 1736 90 32 qualify
403 1738 142 28 themselves
560 1745 25 20 to

61 1769 64 24 issue
158 1779 160 23 summonses,
342 1775 47 24 and
412 1775 31 27 he
466 1778 45 24 has
523 1778 61 27 been

62 1806 62 33 busy
141 1809 26 24 m
179 1818 14 16 a
210 1814 89 22 matter
318 1815 131 24 connected
471 1816 59 25 with
542 1817 42 24 the

62 1845 115 25 Hurunni
188 1846 95 32 Bridge.

185 1948 105 31 CUST
319 1951 142 32 NOTES.

95 2037 78 26 There
184 2048 46 16 was
239 2049 14 17 a
260 2043 91 25 serious
358 2046 110 27 accident
478 2048 57 27 here
551 2059 33 17 on

62 2070 113 32 Monday.
196 2073 21 24 A
222 2074 240 34 threshifigmachine
466 2090 47 17 was
518 2091 65 23 pass-

62 2110 43 24 ing
115 2112 25 16 as
152 2105 42 25 the
204 2106 93 27 infants
308 2117 67 18 came
397 2115 43 24 out
459 2115 27 24 of
496 2115 86 27 School

62 2137 49 23 and
123 2145 48 17 was
182 2141 24 22 at
225 2148 59 18 once
302 2145 104 28 pursued
418 2146 29 33 by
458 2156 14 16 a
483 2150 102 25 number

63 2169 27 23 of
99 2170 42 24 the
150 2172 108 24 children
274 2174 55 24 who
347 2177 66 31 quite
431 2180 109 26 heedless
560 2184 26 24 of

63 2203 88 30 danger
163 2212 61 16 were
235 2214 70 23 eager
316 2208 36 25 for
363 2218 14 16 a
388 2211 59 30 ride,
465 2214 40 23 the
524 2223 59 17 man

63 2241 27 17 m
98 2235 87 32 charge
197 2240 96 24 warned
301 2241 66 25 them
375 2244 33 23 off
414 2244 44 27 but
466 2247 27 24 m
504 2249 81 29 trying

63 2268 24 23 to
107 2269 41 30 get
159 2271 40 23 cut
210 2270 62 27 from
284 2274 75 25 under
372 2276 42 26 the
434 2278 79 27 Straw
524 2282 61 25 Jack

64 2304 44 19 two
119 2301 63 26 little
193 2304 58 29 girls
263 2306 41 24 fell
316 2306 69 26 down
397 2311 47 25 and
457 2312 42 25 the
510 2316 74 24 wheel

65 2335 86 29 passed
163 2343 55 17 over
230 2337 74 26 them.
338 2341 19 23 N
362 2351 13 14 b
375 2341 42 26 lJie
436 2344 96 27 Walker
551 2356 34 16 es-

65 2367 75 29 caped
150 2369 56 24 witli
219 2377 15 16 a
241 2371 70 31 badly
319 2372 94 27 bruised
422 2384 57 22 arm,
493 2378 92 27 buttke

65 2399 76 24 wheel
152 2403 85 27 passed
250 2403 66 31 right
326 2412 56 19 over
393 2408 43 25 the
448 2410 71 26 lower
530 2416 53 25 part

63 2431 26 24 of
100 2431 42 26 the
154 2433 61 33 body
232 2436 27 24 of
278 2436 41 25 the
340 2440 71 26 other
429 2443 74 30 child,
524 2445 63 31 Tilly

67 2465 104 32 Duiilop.
206 2468 48 25 She
266 2478 45 16 was
324 2474 89 24 carried
426 2478 25 23 to
458 2476 42 26 the
509 2478 75 30 hotel,

67 2497 46 23 and
126 2499 138 27 afterwards
276 2503 73 26 taken
371 2508 79 25 home.
484 2510 101 31 Though

65 2532 45 23 rot
120 2534 41 28 yet
172 2535 42 22 out
234 2536 24 22 f
276 2536 98 32 danger,
397 2539 36 26 Dr
455 2541 132 29 Volckman

67 2566 92 27 reports
170 2565 53 25 that
235 2568 40 23 she
286 2569 19 22 is
313 2572 95 31 getting
415 2575 43 23 onf
464 2577 121 29 avorably.

65 2596 13 23 I
91 2596 148 28 understand
250 2600 55 26 that
315 2602 43 27 the
379 2612 66 23 men,
468 2609 59 26 with
545 2610 43 26 the

69 2635 94 24 engine,
176 2631 39 24 did
228 2633 32 23 all
273 2635 57 30 they
340 2637 70 24 could
423 2641 25 23 to
464 2640 59 31 keep
545 2643 42 25 the

67 2662 107 25 children
186 2664 39 28 off,
239 2665 41 25 but
288 2666 26 24 m
326 2669 59 24 such
395 2678 13 16 a
427 2680 61 21 case,
509 2675 78 26 where

66 2694 68 24 there
156 2703 39 17 are
214 2697 107 26 children
344 2702 108 33 hanging
481 2714 32 16 on
547 2708 41 26 the

66 2727 119 30 nachine,
197 2729 21 24 it
229 2731 83 24 should
323 2732 28 25 be
363 2737 107 30 stopped,
483 2739 36 25 till
531 2740 57 30 they

68 2766 40 17 ore
120 2763 41 22 out
173 2762 27 24 of
208 2762 97 31 danger,
319 2767 47 24 and
379 2767 67 32 then,
457 2770 21 24 if
488 2774 89 25 cauffha

65 2791 59 32 they
135 2793 87 26 should
233 2797 51 24 well
303 2798 124 29 thrashed.

98 2878 68 24 Deab
183 2879 131 31 Molly,
314 2882 77 26 There
413 2885 45 26 has
480 2888 59 26 been
563 2898 26 18 so

63 2916 76 26 n^any
149 2913 119 31 enquiries
278 2922 27 17 as
322 2918 25 23 to
369 2925 40 23 my
420 2920 104 30 welfare,
537 2923 52 25 that

62 2943 12 23 1
87 2943 45 26 fee?
145 2944 81 26 bound
237 2951 26 21 to
271 2949 95 32 comply
377 2951 57 25 with
446 2954 42 24 the
497 2955 57 24 wish
564 2957 27 24 of

67 2977 42 23 the
119 2978 91 24 readers
223 2980 27 24 of
269 2981 41 24 the
323 2983 125 30 Observer,
460 2988 25 23 to
496 2987 34 25 let
540 2997 48 22 you

65 3007 70 26 know
146 3011 53 24 how
210 3012 83 32 things
310 3022 41 17 are
371 3018 96 32 getting
477 3027 32 17 on
520 3020 65 27 here.

64 3042 91 31 Firstly
172 3052 27 16 as
222 3045 41 25 the
285 3054 100 23 parsons
408 3058 75 25 say
485 3052 12 23 l
519 3058 71 21 must,

64 3075 39 22 tell
114 3082 48 24 you
182 3077 33 24 all
234 3078 74 26 about
330 3089 13 15 a
367 3080 96 28 Service
484 3085 27 25 of
521 3085 67 33 Song

65 3106 79 26 which
157 3117 49 17 was
225 3111 69 31 given
316 3112 31 33 by
368 3115 42 25 the
430 3118 122 27 members
563 3120 26 25 of

65 3142 39 21 the
123 3142 167 33 Presbyterian
303 3146 81 30 Choir,
408 3157 14 17 a
441 3150 64 26 little
526 3153 61 25 time

62 3179 54 23 ago.
143 3175 52 25 The
206 3178 104 25 internal
331 3188 147 24 appearance
499 3185 28 25 of
543 3185 42 26 the

62 3207 99 24 Church
184 3217 48 16 was
252 3212 76 33 vastly
350 3213 124 33 improved
498 3218 28 32 by
543 3218 41 26 the

62 3243 105 22 eivction
187 3243 24 24 of
223 3252 14 15 a
248 3244 116 27 Platibrm
387 3248 37 25 for
446 3251 42 24 the
500 3251 80 29 Choir,

58 3272 89 32 adding
170 3276 69 24 much
262 3280 25 23 to
309 3278 41 25 the
372 3282 104 25 comfort
497 3284 27 24 of
540 3285 42 26 the

56 3306 129 31 members,
205 3308 41 26 the
267 3313 50 24 cost
324 3311 73 34 being
407 3319 51 22 met
480 3315 31 33 by
527 3318 56 25 hub-

60 3341 127 30 swiptions
208 3343 115 33 willingly
342 3346 69 31 given
432 3348 32 32 by
474 3350 41 25 the
527 3359 54 18 oon-

58 3375 131 29 gregaticn,
215 3376 38 24 Mr
272 3378 30 24 A.
316 3378 98 31 Searell*
427 3381 42 25 the
490 3383 88 31 leader,

55 3406 108 30 presided
176 3410 25 23 at
213 3409 41 25 the
265 3418 77 24 organ
352 3412 56 25 with
432 3414 52 26 that
495 3415 85 33 ability

54 3440 106 29 peculiar
171 3444 25 21 to
208 3442 106 28 himself,
332 3444 41 24 the
392 3445 56 25 date
460 3448 62 24 fixed
531 3457 47 16 was

53 3470 99 33 Sunday
164 3474 103 31 evening
277 3473 3 6 '
289 3476 48 25 and
359 3478 42 23 the
425 3479 93 31 subject
530 3489 47 17 was

50 3503 42 25 the
225 3509 25 23 to
415 3510 52 28 The
478 3512 98 33 leading

51 3539 67 29 parts
146 3546 61 19 were
244 3541 73 26 taken
352 3543 29 25 by
409 3543 41 26 the
489 3545 86 27 Misses

52 3570 117 29 Garland,
200 3572 123 32 Weyland,
365 3568 121 40 'Webster,
526 3581 47 23 and

50 3602 92 25 Messrs
175 3605 101 32 Bodger,
319 3606 118 33 Webster,
472 3611 101 29 Gilbert,

48 3633 170 33 Euddenklau,
258 3640 50 26 and
351 3641 147 31 Laurenson,
533 3645 42 25 the

47 3670 96 24 various
166 3670 70 29 solos,
270 3673 66 30 trios,
364 3679 141 27 quartettes,
525 3678 48 25 and

50 3701 120 26 Choruses
192 3712 62 17 were
276 3706 113 26 rendered
416 3709 56 25 with
493 3710 77 31 spirit,

49 3734 49 25 and
109 3742 61 18 were
182 3738 73 24 much
278 3739 173 31 appreceiated,
475 3741 32 32 by
529 3743 42 25 the

48 3766 67 34 large
147 3771 171 32 congregatidn
350 3776 107 26 presont.
491 3775 79 28 There

653 159 62 18 werj
725 150 152 27 taroidfects
885 153 87 30 which,
985 156 128 28 doubtless,
1126 157 48 23 will

652 182 31 26 fee
700 183 127 32 ipiproved
850 193 73 24 upon.
958 187 49 25 The
1034 189 140 30 gentleman

653 217 54 26 who
716 224 60 23 gave
787 216 42 24 the
841 219 138 24 connective
1001 221 105 32 reading,
1125 230 49 17 was

653 248 103 25 scareele
777 248 76 26 heard
873 253 25 23 to
920 252 144 31 advantage,
1088 256 25 22 at
1135 255 42 25 the

655 280 70 26 lower
735 281 48 25 end
794 282 26 25 of
829 283 43 25 the
879 285 166 32 Churchyard,
1053 287 42 24 the
1102 288 77 24 whole

656 314 88 24 service
755 322 50 17 was
822 323 15 17 a
859 317 64 24 trifle
945 320 41 22 too
1008 318 64 31 long.
1106 320 13 23 I
1139 328 40 16 am

656 346 51 24 told
719 346 54 25 that
784 355 14 16 a
820 349 145 25 substantial
987 351 126 26 collection
1135 361 45 15 was

658 379 72 24 taken
742 387 33 23 up
786 380 26 26 m
821 381 66 25 favor
899 382 26 25 of
934 383 42 24 the
997 384 81 30 Organ
1100 385 80 25 Fund.

659 412 49 24 The
719 412 41 24 old
768 412 149 27 instrument
924 416 106 31 requires
1041 419 26 21 to
1079 418 27 23 be
1123 426 58 22 pen-

660 445 84 25 sioned
756 447 40 27 off,
809 447 91 32 having
911 456 57 16 seen
980 448 77 25 better
1069 450 64 31 days.
1168 451 14 23 I

660 478 62 25 thall
735 478 26 24 be
773 487 57 24 very
852 480 55 31 glad
930 482 26 23 to
978 481 34 25 let
1034 490 47 22 you
1104 482 77 29 know,

661 513 42 22 hat
716 519 67 16 some
802 512 78 25 friend
900 514 44 23 has
966 513 105 26 donated
1093 518 25 21 to
1140 516 43 23 the

662 544 105 28 Church,
780 553 30 16 an
833 546 153 29 instrument,
1009 547 93 32 worthy
1124 548 27 24 of
1170 556 13 16 a

665 577 110 24 Searelle.

695 610 108 25 Another
813 610 109 25 accident
933 612 100 24 occured
1057 612 47 25 last
1123 612 63 25 week

663 642 42 24 the
718 643 98 24 sufferer
827 643 72 32 being
910 644 39 24 Mr
960 645 27 24 T.
1000 644 113 31 Conway,
1131 646 55 23 who

663 675 41 24 fell
716 676 61 23 from
789 683 14 16 a
813 675 84 33 loaped
916 676 67 32 dray,
1006 677 49 24 and
1076 677 49 24 had
1147 677 39 24 his

664 708 40 31 leg
716 708 70 31 badly
798 708 64 24 hurt.
897 709 36 24 On
944 709 128 32 Saturday,
1084 710 32 24 he
1125 714 62 20 went

666 742 25 23 to
703 741 42 24 the
756 741 115 31 Hospital
881 742 24 23 to
928 744 40 28 get
991 742 39 24 the
1054 742 86 24 benefit
1162 742 26 25 of

667 773 41 23 lite
719 772 54 25 best
785 772 98 25 medico.
906 773 13 24 I
930 774 62 30 hope
1004 777 25 21 to
1036 774 59 24 hear
1104 774 24 24 fo
1136 775 51 23 him

667 805 71 31 being
749 805 74 25 about
835 814 64 22 soon,
912 814 27 17 as
960 807 19 24 it
996 807 22 23 is
1037 807 61 24 hard
1119 815 32 16 on
1173 815 15 17 a

666 838 90 24 farmer
766 842 26 20 to
803 838 29 24 be
843 838 50 24 laid
904 846 32 23 up
947 839 88 30 during
1049 840 105 24 harvest.

698 891 89 31 Regret
794 892 59 24 time
874 892 50 24 will
944 894 45 22 not
1010 892 75 30 allow,
1105 892 26 24 of
1147 901 42 15 our

666 923 119 31 finishing
796 924 49 25 this
864 924 79 25 letter.
977 925 64 24 E.D.

828 1124 91 26 VIEW
936 1127 90 24 HILL.

698 1191 92 31 Things
802 1199 40 17 are
853 1200 55 24 very
920 1192 66 31 quiet
1002 1192 26 24 hi
1039 1192 49 25 this
1099 1196 55 28 part
1165 1192 26 26 of

665 1229 43 24 the
718 1230 83 28 world,
835 1230 68 25 there
914 1230 22 25 is
946 1231 103 31 nothing
1059 1231 27 25 of
1094 1233 57 24 note
1163 1233 26 24 to

668 1267 91 25 record.
795 1268 50 24 The
875 1268 97 24 farmers
985 1276 39 17 are
1047 1271 102 29 engaged
1162 1271 27 24 m

666 1305 143 32 harvesting
819 1306 63 25 what
893 1315 55 24 crop
968 1308 56 30 they
1033 1306 71 25 have.
1139 1307 51 24 The

666 1351 70 24 crops
747 1351 40 16 are
798 1344 43 24 the
862 1347 96 28 poorest
978 1345 13 25 I
1013 1345 62 25 have
1097 1354 56 16 seen
1164 1346 27 24 m

668 1380 66 26 View
746 1381 59 30 Hill,
829 1382 41 24 but
887 1391 40 16 are
942 1391 32 16 no
996 1391 75 17 worse
1092 1384 61 24 than
1164 1385 26 24 m

668 1421 65 24 most
759 1422 65 30 parts
857 1421 25 25 of
920 1421 78 25 North
1037 1422 153 31 Canterbury.

669 1457 143 26 Woodstock
824 1467 70 23 crops
915 1467 41 18 are
977 1461 44 23 not
1042 1468 26 17 so
1085 1460 54 30 bad,
1151 1461 40 25 Mr

668 1495 108 25 Bassett3
809 1497 27 24 m
871 1497 131 31 particular
1033 1497 70 26 looks
1134 1507 57 24 very

668 1533 63 24 well.

701 1571 90 25 Whare
800 1573 5 25 !
823 1572 20 25 0
854 1572 80 26 where
951 1573 23 25 is
995 1573 42 25 the
1059 1574 66 25 View
1139 1575 52 24 Hill

669 1610 137 24 water-race
816 1612 11 22 ?
845 1611 49 23 The
911 1611 67 24 wells
1000 1619 41 17 aie
1063 1612 84 31 nearly
1158 1612 33 24 all

669 1646 52 32 dry,
733 1648 48 24 and
793 1648 42 24 the
845 1648 85 32 people
951 1649 61 25 have
1022 1657 14 16 a
1058 1652 68 29 great
1137 1650 54 25 deal

667 1684 27 25 of
720 1685 92 25 trouble
840 1686 24 24 m
892 1686 95 32 getting
1014 1690 83 23 water.
1132 1688 41 25 Ho

668 1722 109 27 different
793 1723 21 26 it
834 1724 79 32 might
931 1725 62 25 hare
1014 1725 61 26 been
1094 1725 50 26 had
1155 1734 36 17 we

666 1760 50 26 had
727 1769 15 17 a
753 1763 144 30 water-race,
908 1763 61 24 then
979 1771 47 24 you
1042 1764 78 31 might
1130 1764 61 25 have

668 1806 57 18 seen
736 1807 69 25 every
826 1800 66 25 View
908 1801 87 25 Hillite
1019 1801 86 33 sitting
1115 1803 76 24 under

666 1837 38 24 his
726 1845 51 17 own
799 1838 104 31 fig-tree,
923 1839 30 31 by
976 1839 43 25 the
1042 1839 50 25 side
1111 1839 27 25 of
1147 1840 43 24 the

666 1876 139 24 water-race
817 1876 113 31 smoking
940 1876 39 25 his
990 1877 55 32 pipe
1078 1886 55 16 now
1143 1886 47 23 you

667 1920 39 16 see
732 1913 54 24 him
807 1913 128 31 marching
958 1914 73 31 along
1052 1915 44 25 the
1117 1915 73 32 dusty

665 1950 67 28 road,
755 1951 109 31 carrying
885 1953 73 23 water
974 1953 49 23 and
1044 1953 145 30 grumbling.

699 1987 79 27 There
789 1988 22 26 is
817 1996 68 18 some
895 1989 52 26 talk
955 1990 25 25 of
999 1998 44 17 our
1064 1991 127 25 cricketers

667 2026 81 31 trying
759 2028 25 22 to
796 2035 101 24 arrange
908 2036 15 16 a
935 2028 83 25 match
1030 2029 59 24 with
1100 2028 91 33 Ashley

667 2062 96 33 County
772 2072 6 21 ;
790 2064 86 26 should
886 2066 21 24 it
918 2074 68 16 oome
998 2066 40 28 oft,
1049 2067 21 24 it
1081 2068 73 30 onght
1165 2069 26 24 to

666 2101 29 25 be
704 2111 15 17 a
729 2102 62 32 good
807 2111 78 23 game.
919 2104 77 25 What
1018 2113 14 16 a
1052 2104 53 26 lark
1116 2105 19 24 if
1147 2114 44 16 our

664 2140 62 26 little
736 2141 55 24 club
804 2141 19 24 b
832 2142 28 25 at
869 2142 75 25 them.
979 2142 34 27 o
1027 2142 38 25 far
1085 2151 37 18 we
1130 2143 61 26 have

666 2177 60 26 been
754 2187 56 23 very
843 2180 140 29 successful,
1019 2181 107 31 winning
1153 2182 38 25 six

665 2216 109 25 matches
785 2219 43 23 out
839 2217 26 25 of
873 2217 74 30 eight.

667 2369 94 26 WEST
784 2370 137 26 OXFORD
952 2372 138 28 SCHOOL
1123 2375 68 25 COM

857 2403 139 28 MITTEE.

668 2476 58 25 This
748 2476 145 27 Committee
915 2478 58 25 held
994 2480 63 24 their
1079 2481 111 32 ordinary

666 2514 109 32 meeting
785 2523 32 17 on
827 2515 114 33 Monday,
953 2518 49 23 2nd
1012 2518 57 25 inst.
1081 2520 109 28 Present,

669 2552 91 25 Messrs
770 2553 125 29 Prichard,
919 2555 153 32 (Chairman)
1095 2556 94 30 Ancall-,

667 2590 209 30 Knowles.Dean,
886 2591 91 33 Candy,
986 2593 48 25 and
1042 2593 147 28 Grimwood.

702 2628 108 26 Minutes
820 2629 25 24 of
855 2629 49 25 last
926 2631 106 32 meeting
1053 2640 58 17 were
1133 2634 57 24 read

668 2666 46 24 and
727 2666 141 24 confirmed.

701 2703 105 25 Masters
816 2706 80 30 report
903 2713 48 16 was
959 2706 116 30 received,
1085 2708 107 33 shewing

669 2748 99 24 average
782 2742 144 25 attendance
948 2744 26 24 to
996 2744 30 25 be
1049 2747 72 23 134.8
1144 2747 48 24 and

667 2781 103 24 number
780 2789 32 17 on
822 2781 74 25 books
913 2783 55 24 181.
1003 2784 133 33 stationary
1144 2788 48 23 and

668 2818 112 26 absentee
790 2819 95 25 notioes
896 2828 60 16 were
963 2821 116 31 repuired,
1091 2824 48 24 and
1150 2825 41 25 the

669 2856 127 26 chairman
806 2864 49 18 was
875 2857 138 27 authorized
1036 2861 26 24 to
1083 2868 108 23 procure.

701 2894 22 25 A
744 2894 73 25 letter
837 2903 48 17 was
917 2897 107 24 received
1054 2898 62 26 from
1149 2901 42 24 the

669 2931 88 29 Board,
769 2932 133 32 informing
912 2934 42 25 the
966 2935 148 30 Committee,
1137 2938 54 26 that

667 2969 41 25 the
719 2969 66 26 clerk
796 2971 24 24 of
832 2971 77 24 works
919 2971 51 26 had
980 2972 61 26 been
1060 2974 131 28 instructed

668 3009 26 22 to
716 3009 80 29 report
818 3016 30 17 on
869 3009 122 26 additions
1022 3013 26 22 to
1081 3015 110 24 master's

667 3044 77 25 house
754 3052 7 21 ;
773 3046 49 24 also
834 3054 46 16 one
892 3047 63 25 from
966 3048 39 25 Mr
1017 3049 121 27 Meredith
1159 3060 32 17 on

665 3083 42 25 the
719 3091 66 17 same
798 3084 97 30 subject.

665 3121 127 32 Levelling
803 3122 43 24 the
853 3122 167 33 play-ground.
1055 3126 51 26 The
1120 3127 69 26 Com-

664 3159 86 25 mittee
761 3160 99 25 decided
871 3163 26 22 to
909 3161 117 27 advertise
1037 3164 37 24 for
1085 3166 104 30 tenders,

664 3198 37 25 for
712 3199 95 32 carting
818 3201 33 24 0
861 3200 69 26 loads
942 3202 26 24 of
977 3203 78 30 earth,
1074 3213 66 17 more
1163 3215 26 16 or

662 3237 56 29 less,
729 3240 25 23 to
765 3237 31 26 be
808 3239 86 31 spread
905 3247 32 18 on
949 3240 42 26 the
1013 3242 171 33 play-ground,

662 3276 77 24 under
747 3276 42 25 the
801 3277 149 31 supervision
958 3278 27 25 of
1000 3287 15 17 a
1036 3280 153 32 day-laborer

660 3316 126 32 employed
798 3317 31 32 by
839 3318 41 24 the
892 3318 154 27 Committee.
1080 3321 107 27 Tenders

660 3355 25 24 to
697 3354 29 25 be
738 3357 54 22 sent
803 3355 52 26 into
867 3356 41 25 the
919 3356 140 31 Chairman,
1071 3364 44 21 not
1126 3360 61 26 later

659 3392 62 25 than
733 3392 160 33 Wednesday,
915 3395 60 24 11th
994 3396 68 29 inst,.
1097 3398 89 25 Messrs

658 3429 123 29 Knowlea,
794 3431 79 28 Dean,
886 3432 49 24 and
947 3433 43 24 the
1003 3433 137 31 Chairman,
1161 3439 25 22 to

657 3469 40 23 aofc
708 3476 25 16 as
753 3475 15 17 a
791 3470 201 29 sub-committee,
1015 3473 26 23 to
1065 3474 120 30 supervise

689 3545 70 26 Clerk
771 3555 47 16 was
830 3546 98 26 ordered
950 3548 25 24 to
997 3548 122 28 interview
1141 3551 42 26 the

653 3592 100 24 master,
766 3589 59 25 with
837 3597 15 17 a
860 3590 59 24 view
932 3590 24 24 of
967 3592 136 33 correcting
1118 3602 64 16 some

654 3624 93 33 alleged
769 3627 173 32 irregularities
975 3631 141 25 committed
1150 3632 31 33 by

653 3670 67 18 some
731 3664 27 25 of
777 3665 43 25 the
842 3665 67 32 boys.
943 3667 124 26 Accounts
1089 3671 25 24 to
1137 3670 42 25 the

653 3703 101 23 amount
766 3703 26 23 of
801 3705 33 22 3
848 3705 30 24 16
902 3706 23 26 0,
949 3713 62 18 were
1032 3707 88 29 passed
1142 3708 38 24 for

650 3742 124 27 payment,
798 3740 48 27 and
880 3741 41 28 the
956 3743 146 29 Committee
1135 3746 41 26 ad-

648 3775 113 32 journed.

1289 179 284 35 MOTHERS'
1607 184 144 32 PAGE

1289 245 112 22 EDITED
1415 248 41 20 BY
1474 249 167 22 "MOTHERS'

1365 301 148 21 DOMESTIC
1532 304 139 20 ECONOMY.

1295 325 35 24 To
1341 327 76 24 Clean
1429 328 113 25 Cloth.
1543 330 105 26 Moisten
1667 340 67 16 some
1746 332 42 32 dry

1264 358 100 26 Fuller's
1372 361 68 24 earth
1449 361 58 25 with
1519 362 82 25 lemon
1610 364 70 31 juice,
1687 365 48 24 and
1742 365 46 24 add

1263 400 13 14 a
1286 392 71 23 small
1363 394 110 31 quantity
1481 394 25 25 of
1512 395 137 31 pulverized
1658 398 129 30 pearl-ash.

1264 423 74 25 Form
1349 425 52 25 into
1418 426 69 31 balls,
1509 427 47 25 and
1580 436 68 18 scour
1671 431 42 24 the
1723 430 65 25 cloth

1266 457 57 23 with
1332 458 42 23 the
1388 459 64 24 balls.

1300 489 35 25 To
1368 499 94 17 remove
1496 492 89 26 Grease
1620 495 84 25 Stains
1730 501 61 19 trotn

1267 521 140 26 Clothes.
1410 525 64 23 Take
1486 532 14 17 a
1521 526 61 30 peck
1605 527 26 24 of
1650 536 53 16 new
1725 528 64 28 lime,

1267 562 59 24 pour
1335 564 56 16 over
1401 556 19 24 it
1431 565 27 16 as
1470 559 68 23 much
1548 561 73 23 water
1632 568 26 16 as
1669 561 50 24 will
1725 561 66 23 leave

1266 588 72 24 about
1349 593 46 20 two
1403 589 93 30 gallons
1507 591 25 23 of
1540 591 63 24 clear
1615 593 77 31 liquid
1702 594 61 24 after
1770 593 21 24 it

1268 620 45 25 has
1326 621 60 24 been
1396 622 54 23 well
1462 622 85 25 stirred
1570 625 47 23 and
1629 626 45 24 has
1696 626 94 24 settled.

1268 652 31 23 In
1311 654 72 23 about
1395 656 45 21 two
1452 655 71 23 hours
1535 664 61 23 pour
1619 659 32 24 off
1668 659 42 24 the
1729 658 62 24 clear

1269 684 77 32 liquid
1356 686 54 24 into
1420 687 104 24 another
1545 690 84 25 vessel.
1663 691 53 25 Add
1737 692 25 23 to
1770 690 21 24 it

1269 722 72 28 uqout
1349 719 37 23 six
1397 727 89 15 ounces
1498 721 24 23 of
1542 723 130 29 pearl-ash.
1708 727 51 24 Stir
1769 728 20 24 it

1269 750 61 29 well,
1342 751 49 23 and
1401 751 69 24 when
1481 752 19 23 it
1512 753 42 24 has
1567 756 93 29 settled,
1673 758 75 26 bottle
1755 762 37 22 lor

1269 790 49 17 use.
1353 783 66 24 Witn
1431 784 48 24 this
1491 784 84 33 liquid,
1584 790 65 23 wash
1654 789 42 25 the
1701 791 90 26 clothes

1269 815 138 32 throughly,
1424 817 71 30 usiug
1516 826 15 16 a
1553 827 81 18 coarse
1656 830 90 25 sponge
1756 825 36 24 for

1269 847 42 24 the
1322 856 111 23 purpose.
1467 849 26 24 If
1500 850 60 33 they
1570 860 40 17 are
1621 854 48 24 fine
1687 857 24 23 of
1721 857 71 24 fabric

1269 880 49 24 and
1339 881 101 24 delicate
1467 881 27 24 of
1514 885 100 30 texture,
1626 887 47 24 this
1684 889 105 24 mixture

1269 915 68 22 must
1348 913 28 24 be
1387 913 96 25 deluted
1495 916 57 25 with
1564 918 62 24 clear
1643 920 47 24 soft
1702 926 73 20 water
1784 933 7 18 ;

1270 945 44 25 but
1325 947 21 23 if
1355 946 55 32 they
1420 956 41 16 are
1478 951 77 23 men'e
1574 958 26 17 or
1612 951 69 31 boy's
1692 953 100 31 clothes,

1270 979 20 24 it
1302 987 55 23 may
1371 979 27 24 be
1406 981 59 23 used
1472 989 27 16 as
1506 982 21 24 it
1534 982 29 28 is,
1570 984 48 24 and
1626 985 48 24 will
1683 986 30 24 be
1721 987 71 25 found

1271 1012 151 31 exceedingly
1434 1014 116 26 effectual.

1321 1080 89 18 HINTS
1429 1080 57 19 FOR
1507 1080 229 22 HOUSEKEEPERS.

1304 1111 119 19 Common
1433 1111 107 21 radishes
1557 1111 69 22 when
1637 1117 86 24 young,
1746 1111 44 25 tied

1273 1136 26 22 m
1311 1136 113 31 bunches,
1435 1138 79 25 boiled
1526 1139 35 25 for
1578 1143 86 29 twenty
1676 1143 114 31 minutes,

1273 1169 43 22 and
1328 1170 82 25 served
1421 1179 31 17 on
1462 1171 108 25 buttered
1581 1175 71 27 toast,
1664 1183 41 17 are
1716 1177 74 25 excel-

1273 1200 59 23 lent.

1303 1235 114 25 Charcoal
1429 1238 95 30 powder
1540 1239 20 24 is
1577 1240 62 31 good
1657 1240 36 24 for
1703 1242 90 31 polish-

1270 1267 44 31 ing
1342 1268 90 31 knives,
1460 1271 104 24 without
1591 1273 138 33 destroying
1755 1276 39 24 the

1269 1299 90 26 blades.
1392 1301 26 25 It
1432 1303 23 24 is
1466 1303 52 25 also
1528 1313 14 15 a
1550 1305 61 30 good
1620 1307 172 32 toothpowder,

1271 1341 45 15 nan
1347 1334 67 26 finely
1437 1336 142 30 pulverized.

1302 1365 50 25 The
1379 1368 83 32 earthy
1474 1370 80 25 mould
1566 1372 87 25 should
1674 1381 75 17 never
1766 1374 30 25 be

1270 1398 93 25 washed
1395 1400 62 26 from
1484 1405 118 30 potatoes,
1635 1409 98 28 cairots,
1770 1415 27 18 or

1275 1431 70 25 other
1364 1435 71 26 roots,
1450 1436 59 23 until
1531 1436 164 35 immediately
1719 1440 78 25 before

1271 1464 57 30 they
1340 1473 40 17 are
1392 1466 25 24 to
1429 1466 29 25 be
1465 1468 95 25 cooked.

1303 1497 77 32 Apple
1391 1498 54 32 pips
1456 1501 49 23 and
1516 1501 51 26 also
1575 1504 42 24 the
1624 1504 54 32 pips
1686 1509 25 20 ot
1716 1513 77 24 pears,

1272 1529 87 25 should
1371 1530 28 25 be
1422 1532 79 30 saved,
1524 1535 49 23 and
1593 1540 44 27 put
1658 1537 53 25 into
1722 1540 71 27 tarts,

1271 1562 105 26 bruised.
1427 1565 68 31 They
1521 1567 90 31 impart
1636 1577 15 17 a
1678 1570 115 26 delicious

1270 1594 86 25 flavor.

1303 1628 88 25 Potato
1418 1632 82 27 water,
1526 1632 28 25 m
1580 1633 81 26 which
1683 1636 109 30 potatoes

1271 1660 59 25 have
1350 1661 59 24 been
1432 1665 107 31 soraped.
1561 1665 43 26 the
1625 1669 75 23 water
1721 1668 71 32 being

1271 1692 97 26 allowed
1401 1698 25 21 to
1459 1697 77 29 settle,
1574 1699 49 24 and
1655 1699 137 27 afterwards

1272 1726 112 29 strained,
1401 1727 22 25 is
1433 1731 60 29 good
1504 1729 39 26 for
1552 1732 120 32 sponging
1691 1733 49 26 dirt
1750 1739 42 21 out

1272 1758 27 25 of
1306 1759 53 24 silk.

1304 1792 59 25 Cold
1375 1792 77 26 boiled
1474 1797 112 29 potatoes
1608 1798 60 25 used
1690 1808 26 15 as
1727 1807 67 24 soap,

1270 1824 47 25 will
1329 1824 95 26 cleanse
1445 1827 41 25 the
1508 1828 88 29 hands,
1619 1831 46 23 and
1683 1831 58 32 keep
1752 1833 41 24 the

1271 1856 55 25 skin
1336 1858 48 24 soft
1396 1858 47 25 and
1454 1859 108 34 healthy.
1596 1862 79 26 Those
1685 1868 43 21 not
1739 1873 56 17 over

1273 1889 79 24 boiled
1364 1898 39 16 are
1415 1890 60 25 best.

1422 1949 209 23 HOUSEKEEPER

1303 1973 91 32 Apples
1411 1974 134 27 Stewed.
1546 1977 73 32 Wipe
1640 1979 68 32 eight
1728 1980 66 33 large

1271 2006 91 32 apples,
1373 2007 69 31 place
1452 2008 68 26 them
1531 2010 28 24 m
1581 2019 14 17 a
1604 2019 119 25 saucepan
1734 2014 59 25 with

1270 2039 54 24 half
1333 2048 15 17 a
1356 2041 79 31 pound
1448 2041 25 26 of
1483 2050 78 24 sugar,
1573 2051 16 17 a
1599 2044 45 26 few
1652 2045 88 31 cloves,
1751 2047 43 25 the

1272 2072 55 25 rind
1337 2072 48 25 and
1397 2074 61 32 juice
1480 2075 26 25 of
1520 2084 14 16 a
1545 2076 90 31 lemon,
1658 2079 47 24 and
1717 2088 14 17 a
1740 2081 55 30 pint

1272 2105 47 25 and
1331 2114 15 16 a
1359 2105 53 26 half
1428 2107 28 24 of
1473 2110 81 24 water.
1588 2110 47 26 Let
1657 2112 67 25 them
1737 2112 56 26 sim-

1272 2146 51 17 mer
1333 2140 26 24 at
1369 2139 44 25 the
1430 2140 51 25 side
1502 2142 27 24 of
1548 2143 41 25 the
1611 2143 45 25 fire
1679 2145 64 25 until
1754 2146 41 25 the

1272 2171 83 30 apples
1385 2180 40 17 are
1454 2174 91 29 tender,
1570 2175 44 25 but
1635 2180 43 21 not
1697 2177 97 27 broken.

1272 2204 50 24 Lift
1333 2204 67 26 them
1423 2208 43 22 out
1489 2207 57 25 with
1566 2215 15 17 a
1600 2216 75 24 spoon
1698 2211 47 24 and
1757 2212 38 31 lay

1270 2236 68 24 them
1365 2245 32 17 on
1419 2246 15 17 a
1456 2238 63 32 glass
1541 2240 63 25 dish.
1644 2242 81 25 Strain
1753 2244 42 25 the

1267 2269 66 32 juice
1344 2270 48 25 and
1402 2271 35 26 let
1447 2272 20 25 it
1489 2272 97 25 simmer
1596 2274 37 24 for
1654 2283 67 17 some
1733 2277 59 25 time

1270 2302 84 31 longer
1379 2305 28 23 to
1432 2304 86 26 reduce
1539 2306 29 24 it.
1602 2307 81 26 When
1705 2309 90 26 almost

1271 2333 54 26 cold
1335 2343 62 23 pour
1405 2337 21 24 it
1437 2345 57 17 over
1504 2338 42 25 the
1558 2340 90 30 apples.

1302 2367 51 32 Pop
1363 2368 114 26 Overs.
1478 2370 75 24 Three
1565 2379 64 23 eggs,
1653 2373 67 25 three
1735 2382 59 23 enps

1270 2399 24 25 of
1305 2401 69 28 milk,
1397 2401 68 26 three
1483 2410 59 24 oups
1564 2404 26 23 of
1604 2404 69 30 flour,
1695 2405 62 26 bake
1767 2408 27 24 m

1272 2433 107 25 buttered
1405 2443 51 23 gem
1484 2443 62 24 pans
1573 2436 26 26 m
1624 2446 16 18 a
1665 2446 59 26 very
1750 2439 44 28 hot

1270 2473 70 18 oven.

1428 2542 200 22 NEEDLEWORK.

1301 2577 161 33 Ornamentry
1468 2578 181 28 Work-Tables.
1684 2583 24 24 A
1713 2585 80 32 pretty

1269 2617 53 24 way
1332 2610 27 24 of
1378 2612 170 32 ornamenting
1569 2614 152 27 work-tables
1738 2617 55 26 thai

1269 2643 60 24 have
1362 2643 61 24 been
1451 2645 123 25 scratched
1601 2655 29 16 or
1654 2647 49 26 lost
1729 2648 66 26 their

1268 2674 80 32 polish
1365 2676 21 23 Ls
1403 2683 27 17 as
1451 2676 134 27 follows.
1586 2679 56 25 Bub
1664 2680 42 25 the
1728 2680 66 27 table

1270 2707 55 24 well
1346 2707 60 25 with
1428 2709 162 33 sand-paper;
1618 2712 60 25 tben
1700 2714 52 30 give
1774 2716 19 24 it

1270 2739 68 25 three
1355 2742 67 23 coats
1444 2741 26 25 of
1487 2742 142 27 Brunswick
1651 2744 77 31 black,
1752 2748 41 25 the

1270 2780 68 17 same
1357 2781 28 16 as
1400 2773 56 25 that
1477 2776 57 23 used
1553 2776 37 25 for
1607 2779 86 24 stoves.
1726 2780 69 25 After

1270 2805 59 24 each
1353 2808 54 23 coat
1428 2806 22 25 is
1472 2808 141 33 thoroughly
1624 2811 51 32 dry,
1698 2812 46 25 rub
1755 2813 40 25 the

1270 2837 66 25 table
1347 2838 58 24 with
1418 2839 144 33 sand-paper
1578 2841 81 28 before
1680 2845 115 33 applying

1270 2869 43 26 the
1324 2872 59 23 next
1402 2874 62 22 coat.
1499 2873 77 26 When
1598 2876 41 24 the
1662 2876 64 26 third
1738 2883 55 21 coat

1270 2902 27 26 of
1305 2904 69 30 paint
1384 2904 23 25 is
1418 2904 51 32 dry,
1487 2907 98 25 varnish
1597 2908 43 25 the
1651 2909 70 30 table,
1744 2912 49 25 and

1270 2935 73 26 while
1355 2937 42 24 the
1419 2938 96 25 varnish
1537 2940 23 25 is
1582 2946 46 19 wet
1649 2942 39 31 lay
1699 2951 32 17 on
1742 2944 51 26 fern

1270 2970 79 23 leaves
1371 2969 55 25 that
1444 2970 61 26 have
1526 2972 61 26 been
1606 2976 99 29 pressed
1726 2977 68 31 quite

1269 3001 56 25 thin
1344 3001 49 25 and
1412 3002 43 31 dry
1465 3011 6 21 ;
1489 3004 41 25 the
1548 3005 80 26 leaves
1649 3015 47 19 can
1696 3015 3 7 1
1717 3009 29 25 be
1757 3018 36 16 ar-

1269 3034 91 30 ranged
1370 3035 27 24 m
1404 3043 15 16 a
1428 3034 83 33 design
1519 3045 27 17 or
1552 3040 45 31 put
1608 3047 33 17 on
1647 3041 26 24 at
1681 3042 111 30 random,

1270 3066 49 25 and
1330 3074 26 17 as
1365 3067 60 25 each
1443 3067 49 26 leaf
1499 3069 23 25 is
1538 3072 44 30 put
1593 3079 40 22 on,
1656 3074 98 25 varush
1773 3076 21 24 it

1268 3107 28 17 as
1317 3100 57 32 they
1395 3101 60 27 stick
1466 3100 79 28 better
1555 3104 71 27 when
1635 3107 44 25 wet
1689 3114 33 19 on
1733 3108 60 26 both

1268 3132 64 24 sides
1343 3142 5 20 ;
1365 3135 103 24 another
1486 3139 54 22 coat
1551 3137 27 25 of
1592 3139 101 25 varnish
1704 3148 47 17 can
1762 3142 31 25 be

1268 3166 72 30 given
1352 3166 26 25 m
1385 3174 14 17 a
1410 3167 45 25 few
1464 3168 66 31 days.
1564 3170 155 32 Cigar-boxes
1730 3173 62 27 done

1268 3198 26 23 m
1317 3198 48 25 this
1384 3207 59 24 way.
1466 3201 49 25 and
1536 3202 64 25 lined
1622 3204 58 25 with
1703 3204 46 27 silk
1766 3215 29 18 or

1268 3230 95 26 colored
1383 3239 80 26 paper,
1486 3234 69 26 make
1576 3239 81 30 pretty
1677 3239 67 25 work
1766 3248 28 18 or

1265 3263 160 32 jewel-boxes.
1459 3269 59 30 Any
1529 3268 60 25 kind
1611 3271 26 24 of
1656 3271 79 26 leaves
1746 3273 47 26 will

1267 3296 31 25 do
1310 3304 26 17 as
1358 3297 53 26 well
1438 3307 27 17 as
1492 3300 54 25 fern
1567 3301 86 31 loaves,
1677 3304 45 26 but
1733 3306 59 33 they

1268 3331 66 23 must
1361 3330 31 25 be
1428 3333 98 30 pressed
1559 3335 66 31 quite
1665 3337 54 26 thin
1743 3340 49 25 and

1268 3363 52 28 dry.

458 33 167 31 OXFORD
667 33 101 31 AND
812 35 103 31 CUST
959 38 223 33 OBSERVER
1226 40 229 40 SATURDAY,
1497 43 219 35 FEBRUARY
1758 52 26 33 7,
1829 52 86 30 1891,

1878 3665 100 26 Printed
2001 3667 49 25 and
2078 3668 134 26 Published
2239 3672 31 31 by
2292 3671 113 27 Richard

1911 3708 107 25 Hbi,MAN
2038 3710 97 30 Parish,
2161 3715 25 23 at
2204 3713 40 25 his
2263 3714 142 31 Begbtered

1909 3752 114 32 Printing
2034 3753 83 30 Office,
2139 3755 68 33 High
2230 3756 91 32 Street,
2342 3759 63 27 Eask

1909 3795 90 30 Oxford
2017 3796 157 29 Canterbury.

1882 174 520 63 RAINBOW'S

1959 256 337 43 PREPARATIONS

1902 338 169 29 GENUINE
2089 338 275 30 PREPARATIONS

2006 393 231 25 MANUFACTURED
2249 390 40 27 B?

1877 433 77 78 Wi
1984 434 43 78 R
2054 462 327 51 AINBOW,

1879 532 50 40 Of
1936 534 105 38 Ferry
2053 536 92 30 Road
2157 536 229 31 Christchurch.

1914 612 156 24 RAINBOW'S
2083 615 166 23 FURNITURE
2261 616 110 22 POLISH.

1902 650 49 20 Will
1961 651 59 22 clean
2030 652 30 20 all
2067 652 113 23 Furniture
2189 654 22 19 m
2227 654 80 26 private
2315 653 87 25 houses,

1875 676 72 25 Hotel,
1957 675 53 23 Club
2020 677 83 25 houses,
2117 678 139 28 Steamships,
2268 680 43 25 &0.,
2334 680 68 20 better

1875 703 23 21 m
1908 703 58 21 three
1974 704 65 20 houre
2048 705 52 21 than
2119 705 47 21 bees
2179 712 46 14 wax
2234 706 68 21 would
2310 706 138 29 igjbree_^

1876 732 57 23 days.
1959 730 91 26 Require
2058 737 29 14 no
2094 730 83 22 labour,
2183 733 69 20 leaves
2260 734 108 25 no~grease
2378 739 26 14 or

1876 756 56 20 stain
1941 757 23 19 of
1973 762 41 20 any
2029 757 55 21 kind.
2126 758 40 20 Get
2180 759 17 20 it
2213 761 22 18 at
2251 764 57 15 once.
2335 759 68 20 Don't

1877 782 65 25 delay.
1969 783 45 20 You
2023 789 39 15 oau
2072 783 27 21 do
2112 790 13 14 a
2134 786 53 23 good
2196 785 58 26 day's
2263 786 56 20 woik
2328 786 22 20 m
2361 791 43 14 one

1876 807 60 21 hour.
1994 809 59 21 Price
2063 811 33 22 Is.
2101 816 36 20 per
2145 812 69 21 bottle.

1927 853 57 22 Who
1992 861 35 16 are
2037 855 131 22 RAINBOW
2181 854 57 25 AND
2251 857 77 21 SON'S
2336 858 10 20 ?

2008 886 53 29 Why
2074 888 53 20 dont
2138 893 43 20 you
2192 888 60 20 know

1879 915 107 52 THAT
1998 917 122 23 Rainbow's
2126 919 130 26 Invigoiatt
2265 920 37 20 for
2307 920 48 21 New
2365 920 39 21 lifa

1953 949 19 15 is
1981 944 36 23 th
2026 943 45 25 beat
2080 945 65 21 Blood
2155 943 87 26 Purifier
2256 946 23 21 m
2293 946 36 21 the
2337 947 66 21 world

1886 971 8 19 t
1903 969 46 22 also
1957 975 59 17 ouves
2023 970 61 23 Liver
2089 973 133 25 Complaint*,
2230 972 78 22 creates
2314 973 91 27 appitite

1877 996 43 21 and
1935 1002 60 16 cures
2009 996 131 27 Indigestion
2154 998 64 22 better
2215 999 2 5 1
2227 998 54 22 than
2290 993 46 34 an/
2342 1000 62 21 other

1877 1022 101 23 Medioine
1985 1030 42 20 you
2035 1030 41 16 can
2084 1023 84 24 obtain.

1928 1068 55 23 Who
1996 1075 36 17 an
2049 1070 132 23 RAINBOW
2181 1065 3 12 1
2195 1072 63 21 AND
2270 1072 74 21 SON'S
2352 1073 10 20 ?

2007 1101 55 27 Why
2075 1096 51 28 don't
2138 1108 43 21 you
2193 1103 62 23 know

1880 1132 107 22 'THAT
1999 1133 118 21 Rainbow's
2139 1134 129 27 Superlative
2284 1134 91 21 Mixture
2383 1135 23 20 ia

1893 1155 22 28 J.
1956 1160 36 21 the
2001 1160 45 20 best
2054 1160 73 25 Cough
2136 1160 91 21 Mixfare
2245 1161 48 21 that
2311 1168 25 13 as
2354 1167 52 15 ever

1878 1185 51 22 been
1936 1186 75 21 offered
2018 1188 23 18 to
2046 1186 35 21 the
2090 1186 79 26 Public,
2176 1187 45 26 why
2231 1188 18 19 it
2258 1193 59 15 cures
2324 1188 81 26 soughs,

1877 1212 43 20 and
1929 1210 58 22 colds
1995 1214 23 20 at
2026 1218 51 16 onoe
2087 1213 67 21 Never
2162 1213 57 22 fails.

1931 1268 55 21 Who
1999 1274 36 15 are
2048 1268 130 22 BAINBOW
2191 1270 60 21 AND
2265 1270 75 21 SON'S
2347 1272 10 19 ?

2009 1300 54 27 Why
2076 1301 52 20 dont
2140 1306 43 20 you
2195 1301 60 21 know
2261 1301 10 21 2

1882 1336 110 22 HPHAT
2010 1336 118 21 Bainbow'B
2137 1337 95 22 Carbolio
2249 1338 110 21 Ointment
2385 1339 23 20 ia

1894 1357 23 30 X
1957 1364 35 20 the
2002 1364 44 20 Lest
2056 1364 61 25 thing
2126 1364 22 21 m
2157 1364 37 21 the
2202 1366 63 19 world
2280 1368 32 17 ior
2324 1365 82 25 Curing

1878 1389 60 20 feorea
1952 1396 28 15 on
1993 1390 50 21 Man
2053 1397 23 14 or
2094 1390 65 21 Beast
2176 1390 47 22 that
2231 1391 40 20 has
2288 1397 47 15 ever
2353 1392 53 20 fetea

1879 1416 83 22 known.

1936 1474 56 20 Who
2006 1481 34 14 are
2054 1474 127 21 RAINBOW
2195 1475 58 20 AND
2266 1475 94 21 SON'S?

2006 1505 55 26 Why
2075 1506 51 20 dont
2139 1512 42 21 you
2195 1507 77 20 know?

1882 1536 108 21 HPHAT
2002 1536 119 21 Rainbow's
2130 1538 123 21 Rhcumatio
2266 1538 89 21 Mixture
2362 1538 44 21 baa

1894 1559 23 28 J.
1943 1563 61 21 cured
2011 1563 116 21 thousands
2135 1564 24 20 oi
2164 1564 78 26 people,
2252 1565 17 20 it
2278 1564 22 21 ia
2307 1566 100 24 pleasant

1880 1590 23 18 to
1912 1589 55 24 take,
1981 1590 37 21 but
2026 1590 18 20 it
2053 1590 95 21 searches
2156 1592 36 19 the
2197 1594 79 22 system
2284 1592 55 19 ftoui
2348 1591 56 20 bead

1880 1615 23 20 to
1910 1615 52 24 foot,
1971 1615 42 22 and
2022 1616 17 20 if
2046 1615 152 26 Bheumatiem,
2208 1616 97 25 Soistica,
2314 1623 24 14 ox
2346 1618 60 20 (iout

1879 1641 19 20 is
1907 1641 23 21 m
1940 1637 35 35 te
1983 1644 84 24 system,
2078 1642 117 22 Rainbow's
2210 1642 126 23 Rheumatic)
2348 1644 57 19 Mix-

1878 1668 46 20 ture
1933 1668 41 21 will
1983 1668 58 21 drive
2048 1669 17 20 it
2074 1669 43 20 out.

2061 1705 65 24 Price,
2140 1707 35 21 Is.
2183 1705 33 22 fid.

1940 1776 153 23 RAINBOWS
2107 1777 103 22 INFANT
2222 1778 129 22 CORDIAL:

1879 1808 45 21 The
1942 1808 97 22 Mother's
2049 1809 76 21 Friend
2152 1809 35 21 the
2204 1810 82 20 Babie'
2302 1811 104 20 Comfort.

1887 1840 5 6 '
1906 1839 50 21 Tbis
1966 1840 36 20 Coi
2007 1834 44 27 dial
2060 1842 19 18 is
2088 1841 98 21 intended
2202 1842 103 25 expressly
2320 1842 33 20 for
2368 1842 36 20 In-

1879 1867 65 22 fants,
1954 1872 24 14 as
1987 1866 17 21 it
2013 1872 57 14 eases
2079 1872 57 21 pain,
2143 1869 101 24 dibperee
2255 1867 60 24 wind,
2324 1870 81 23 xegula-

1880 1893 31 21 fas
1920 1896 85 20 system,
2014 1894 42 18 and
2065 1893 61 25 keeps
2136 1894 35 19 the
2181 1895 81 21 bowels,
2271 1895 24 18 m
2303 1895 64 19 order.
2383 1895 20 18 Lt

1878 1918 18 20 is
1906 1918 98 27 perfeotly
2020 1923 46 15 sine
2084 1922 23 17 to
2125 1921 53 22 take,
2195 1925 25 15 as
2232 1919 18 20 it
2264 1919 95 20 contains
2373 1925 31 14 na

1878 1943 121 25 laudanum,
2018 1944 43 20 and
2079 1943 91 22 mothers
2187 1945 41 19 will
2254 1945 67 20 derive
2343 1949 61 21 great

1878 1969 78 22 benefit
1965 1972 25 24 by
2006 1971 65 26 using
2086 1971 23 21 it.
2136 1971 108 26 Everyone
2261 1971 19 20 is
2299 1971 107 25 delighted.

1879 1996 50 22 with
1937 1997 25 25 i|.
2041 1994 83 24 Price
2127 1998 23 20 ls
2158 2003 36 21 per
2204 1997 71 22 bottle.

1880 2049 65 22 What
1953 2048 50 23 does
2013 2049 36 22 the
2058 2050 55 26 good
2130 2050 84 22 housew
2258 2051 28 21 do
2305 2051 23 20 to
2336 2050 66 26 study

1925 2084 2 4 '
1958 2077 112 25 ecouomy?
2083 2077 42 21 She
2140 2083 55 15 B6B'
2204 2077 119 22 Rainbow's

1915 2108 113 24 GOLDEN
2039 2109 73 22 STAR
2124 2109 106 22 BAKING
2237 2110 129 21 POWDER.

1919 2147 93 21 Because
2020 2146 18 22 it
2054 2146 20 21 is
2082 2147 37 21 the
2128 2146 45 22 bet
2181 2147 24 21 m
2215 2146 36 22 the
2260 2147 97 21 Colonies

1921 2213 120 21 Rainbow's
2049 2213 94 22 ROYAL
2150 2213 94 23 BEADY
2254 2213 110 23 RELIEF.

1907 2251 32 21 Its
1948 2250 68 27 magic
2025 2257 80 20 powers
2114 2250 19 21 is
2142 2250 81 27 beyond
2232 2251 123 26 describing.
2382 2251 24 21 Is
2437 2257 11 17 \

1880 2283 58 15 cures
1956 2277 119 21 Toothache
2089 2278 23 20 m
2122 2283 13 15 a
2153 2278 92 26 minute;
2258 2279 113 21 Headache
2380 2284 26 15 or

1869 2303 128 26 'Neuralgia,
2006 2305 88 25 Cramps
2103 2310 24 14 or
2136 2304 65 22 Pains
2209 2305 25 20 m
2244 2305 36 21 the
2295 2305 109 21 stomache

1879 2333 22 19 at
1910 2336 57 15 once.
1995 2331 45 21 One
2058 2331 64 20 bottte
2141 2331 20 21 is
2169 2333 61 24 equal
2242 2334 23 18 to
2281 2333 32 19 six
2327 2332 79 20 botlset

1879 2357 22 20 of
1910 2357 120 25 Painkiller,
2041 2357 42 21 and
2092 2363 39 14 one
2141 2357 51 27 drop
2202 2359 19 19 is
2230 2359 62 24 equal
2302 2364 22 14 io
2333 2359 39 20 five
2382 2359 22 20 of

1879 2384 31 20 St.
1920 2389 13 20 f
1934 2384 61 20 acobs
2005 2384 40 20 Oil.
2126 2384 59 20 Price
2194 2385 24 19 2s
2227 2390 36 20 per
2274 2385 71 20 bottle.

2042 2436 3 3 .

1987 2450 156 22 RAINBOW'S
2158 2451 58 21 AND
2230 2452 34 21 SO
2284 2451 16 21 8

1967 2477 98 32 Other
2065 2479 219 39 Preperations

1879 2528 64 21 Great
1953 2528 77 21 Indian
2040 2528 68 22 Tooth
2118 2530 90 21 Powder.

1879 2554 115 25 Liniment,
2003 2556 33 19 for
2045 2556 89 26 sprains,
2145 2563 90 19 mumps,
2244 2557 62 26 pains
2315 2558 37 21 <&o.

1879 2581 88 22 Cholera
1976 2581 43 22 and
2025 2582 122 22 Diarrhoea.
2175 2584 96 21 Mixture.

1880 2608 62 21 Soald
1951 2609 43 21 and
2002 2609 63 21 Burn.
2068 2609 102 23 Powders.

1879 2634 84 24 Lotion,
1972 2636 33 19 for
2014 2641 56 15 sores
2079 2638 22 18 of
2110 2636 28 21 all
2148 2634 69 24 kinds.

1880 2660 93 21 Reliable
1982 2662 18 20 &
2006 2662 151 26 safeLoienges
2166 2663 32 20 for
2207 2669 46 14 sore
2262 2664 88 22 throats.

1880 2686 60 21 Fruit
1947 2687 79 25 Saline,
2041 2689 118 25 preventive
2167 2690 22 20 of
2197 2689 99 22 sioknees.
2330 2706 3 3 .

1947 2753 25 22 be
1988 2754 99 22 obtained
2096 2754 54 21 from
2168 2755 29 21 all
2206 2754 36 23 the
2261 2756 133 28 Storekeeper

1879 2787 101 26 tbrought
1990 2787 35 21 the
2034 2787 69 22 North
2113 2788 30 20 Ca
2187 2789 54 26 bury
2254 2789 97 26 District,
2360 2791 44 20 and

1879 2813 120 22 Wholesale
2007 2815 55 19 from
2072 2814 36 22 the
2117 2815 169 21 Manufacturers
2332 2833 3 2 .

1907 2845 92 22 FERRY
2009 2846 84 26 ROAD,
2147 2847 230 24 CHKISTCHUROH.

2050 2880 72 22 Local
2131 2882 87 20 Aqxntk

1905 2911 36 22 Mr
1949 2912 25 21 A.
1986 2912 21 20 P.
2017 2912 107 25 Prichard,
2133 2912 58 22 West
2201 2914 84 23 Oxford.

1905 2939 33 20 Mr
1947 2939 20 21 J.
1979 2938 95 26 Weeber,
2083 2940 53 20 East
2145 2940 87 21 Oxford.

1904 2965 34 20 Mr
1946 2965 25 21 E.
1985 2966 34 20 W.
2030 2966 85 26 Cooper,
2125 2968 59 24 Cust,

1903 2992 78 21 Messis
1990 2993 106 26 druthers,
2107 2994 19 20 *
2134 2994 30 21 Co
2178 2995 60 22 Cut.

2088 3105 38 23 GO
2152 3106 37 22 TO

1878 3137 227 81 WEEBERS
2114 3140 144 31 FANCY
2268 3139 135 34 STORE

2048 3192 76 23 EAST
2150 3194 121 24 OXFOBD.

2058 3236 9 9 ;<
2120 3234 65 14 m^-m

1877 3260 42 21 For
1929 3259 127 27 Stationery,
2066 3261 62 27 Toys,
2144 3262 72 27 Fanoy
2233 3263 77 25 Goods,
2324 3265 82 21 Rasors

1917 3292 42 21 and
1969 3292 93 26 Shaving
2071 3293 109 26 requisites
2192 3295 45 22 and
2245 3296 127 27 Perfumery,

1871 3328 93 26 iUiy.
1988 3329 122 22 J.-H6-nn
2134 3331 44 22 and
2198 3332 91 28 Playing
2307 3334 68 22 Cards

1972 3361 91 21 SNUFF
2072 3362 43 22 and
2122 3363 129 23 Tobaoonist
2256 3365 78 21 Goods.

1879 3386 66 22 Silver
1954 3387 112 26 Brooches,
2075 3389 106 22 CLOCKS
2190 3392 54 20 from
2258 3393 33 20 six
2300 3392 106 27 shillings.

1878 3422 83 23 Pioture
1972 3424 77 21 Frame
2067 3426 116 27 Moulding.
2218 3428 83 21 Picture
2319 3430 89 20 Frames

2062 3452 62 22 made
2142 3455 22 19 to
2173 3453 74 22 Order.

1877 3474 68 23 Sahes
1963 3477 64 26 ready
2051 3478 74 26 glased
2143 3480 29 20 all
2190 3480 61 22 sixes,
2266 3487 28 15 on
2304 3481 66 26 hand,
2381 3488 25 15 or

2021 3505 101 26 procured
2138 3507 23 20 to
2178 3507 71 21 Order.

1876 3533 68 28 Agent
1953 3534 33 22 for
1994 3535 116 23 Ellisdon's
2119 3538 114 26 Neuralgia
2241 3539 78 29 Drops,
2329 3542 43 21 and
2378 3542 26 21 W

1994 3567 118 22 Rainbows'
2124 3569 165 30 Preparations^

1367 3416 155 58 HUNT
1533 3420 160 59 CLUB.

1267 3490 109 32 LATE
1397 3491 395 48 ADVERTISEMENT^

1264 3563 53 30 All
1331 3565 87 30 those
1427 3566 164 35 interested
1602 3572 32 30 m
1656 3572 136 43 hunting

1268 3615 51 19 are
1357 3609 156 36 requested
1557 3615 31 25 to
1626 3616 106 29 attend
1773 3627 19 21 a

1263 3644 144 42 Meeting,
1422 3652 31 26 to
1465 3649 36 30 be
1516 3650 71 31 held
1597 3656 33 27 at
1657 3654 132 41 Paget's,

1263 3697 39 19 ou
1314 3687 152 32 Saturday
1489 3691 82 35 14th,
1598 3697 32 27 at
1658 3699 31 26 at
1721 3699 69 29 830

1263 3727 78 33 P.M.

1423 3771 38 32 A.
1479 3771 268 38 HENDERSON,
