3397 4303
386 22 2865 47 THE

386 69 1146 294 OXFORD
1723 69 1528 294 OBSERVER

1087 404 182 54 AND
1342 400 587 58 CANTERBURY
2000 404 497 67 DEMOCRAT,

1224 516 521 34 CIROXJL-A-TI3STC>
1820 516 518 38 TBCROTJGhHOXJT
3317 502 46 31 *'

1668 685 227 29 Established
1939 686 91 29 1889.

1220 826 107 31 EAST
1358 824 186 36 OXFORD,
1568 824 243 39 SATURDAY,
1845 826 111 31 JULY
1983 829 53 34 28,
2060 829 88 30 1894.

2884 834 137 33 Peioe—
3023 838 86 31 ONE
3146 838 157 31 PENNY,

10 834 136 29 Volumn
168 834 28 29 V—No.Y
206 852 41 3 —
247 834 60 29 No.

2853 983 51 38 G.
2931 984 49 39 E.
3010 986 348 46 WEYLANDT,

2966 1047 112 28 FAMILY
3095 1048 146 28 BUTCHER.

2876 1091 158 40 EAST
3064 1094 264 39 OXFORD.

2914 1153 120 28 Families
3045 1156 88 25 waited
3142 1164 66 25 upon
3219 1157 76 34 daily.

2940 1272 301 33 ASTOUNDING!

2897 1326 70 25 CAN
3003 1327 82 26 THIS
3113 1328 46 25 BE
3189 1329 113 26 TRUE?

2930 1413 62 26 YES,
3006 1414 21 21 A
3039 1414 135 22 DECIDED
3185 1416 84 23 FACT.

2830 1485 100 31 NEW
2938 1487 141 32 YEAES
3092 1488 276 34 CONCESSION.

2830 1567 79 127 JB.
2949 1567 64 79 H.
3053 1567 287 82 MANNING

2923 1780 357 31 PHOTOGRAPHER

2832 1859 43 20 BY
2911 1859 127 22 SPECIAL
3074 1860 220 22 APPOINTMENT
3330 1862 39 21 TO

2966 1891 80 21 EARL
3051 1891 39 21 OF
3099 1892 133 21 ONSLOW.

2838 1957 37 25 11/
2880 1953 58 23 ILL,
2953 1954 91 26 During
3059 1954 41 21 the
3124 1955 84 20 Month
3225 1955 25 21 of
3267 1957 104 26 January

2843 1980 26 21 TT
2908 1980 60 26 only,
2978 1982 55 19 1894
3042 1981 65 20 Issue
3115 1981 27 20 to
3150 1981 41 20 the
3200 1981 87 22 Public.

2977 2014 87 30 ONE
3084 2015 147 31 DOZEN

2833 2059 29 21 Of
2870 2060 37 21 his
2921 2058 467 29 Widely-inojra^^^pej^oiiljifinishecL-,

3026 2091 48 20 and
3091 2091 90 26 Highly

2834 2122 189 23 ENAMELLED
3078 2124 134 20 CABINET
3257 2124 113 20 PHOTO-

2835 2154 120 23 GRAPHS
2969 2155 39 21 AT
3018 2155 61 22 THE
3089 2155 142 21 NOMINAL
3244 2155 124 22 CHARGE

3089 2194 29 14 OF

3072 2227 66 29 15s.

2834 2307 173 22 DUPLICATE
3022 2307 119 22 OEDERS
3156 2307 40 21 AT
3213 2307 63 21 THE
3293 2305 85 22 SAME

3064 2341 87 20 RATE.

2860 2405 49 20 The
2918 2404 81 21 Public
3009 2410 39 15 are
3063 2404 95 21 advised
3174 2404 25 20 to
3217 2404 62 19 avail
3297 2404 77 20 them-

2833 2437 73 20 selves
2924 2436 24 20 of
2966 2437 48 20 this
3033 2436 147 26 opportunity
3198 2434 24 20 of
3250 2435 122 26 obtaining;

2832 2467 124 30 high-class
2966 2470 61 20 work
3036 2470 26 20 at
3071 2470 55 20 such
3133 2475 15 14 a
3156 2469 115 20 moderate
3281 2469 92 25 charge.

2831 2544 175 22 REMEMBER
3017 2544 60 20 FOR
3086 2543 61 21 ONE
3157 2542 110 21 MONTH
3279 2542 93 21 ONLT.

2858 2603 48 20 The
2913 2604 53 20 vast
2975 2603 130 26 experience
3121 2601 108 21 obtained
3241 2601 31 26 by
3285 2600 85 22 C.H.M

2831 2639 25 19 m
2865 2639 40 20 the
2913 2638 156 20 innumerable
3078 2637 111 21 branches
3203 2636 24 20 of
3236 2637 40 20 the
3286 2637 82 25 photo-

2831 2671 95 26 graphic
2935 2672 38 20 art
2982 2671 84 26 during
3077 2670 37 20 his
3123 2669 84 21 Indian
3216 2669 46 20 and
3271 2667 97 21 Austral-

2831 2705 39 21 ian
2888 2705 92 25 travels,
2995 2704 46 21 and
3059 2704 39 20 the
3119 2702 116 26 thorough
3253 2702 118 26 apprecia-

2831 2739 49 21 tion
2890 2738 29 26 by
2926 2738 41 21 the
2976 2738 94 27 general
3086 2737 77 26 public
3177 2736 23 20 of
3215 2736 41 21 the
3267 2742 78 21 same,,
3346 2736 22 20 is

2831 2773 111 21 sufficient
2957 2772 124 27 guarantee
3090 2771 53 20 that
3161 2770 32 20 all
3210 2770 62 20 work
3290 2770 85 20 issued,

2831 2806 60 21 from
2897 2806 36 20 his
2942 2806 87 21 Atelier
3035 2805 44 20 will
3086 2805 28 20 be
3123 2804 24 20 of
3153 2804 40 20 the
3199 2803 94 26 highest
3299 2803 69 21 order

2924 2865 38 37 C,
2985 2862 298 43 tt,t¥WWNS,

2858 2921 80 21 WILL
2948 2921 42 20 DO
2999 2920 53 20 HIS
3062 2919 71 21 OWN
3144 2917 197 22 OPERATIONS.

2832 2986 80 21 Studio
2912 2996 29 4 —
2941 2985 41 21 150
2989 2985 106 21 Colombo
3104 2984 77 23 street,
3201 2981 169 22 Christchurch,

2995 3017 156 26 Telephone—
3150 3015 42 21 No.
3202 3008 57 27 592.'

2874 3114 47 34 R.
2967 3114 55 33 H.
3067 3109 259 38 PARISH,

2961 3175 101 28 Easti
3085 3168 159 34 Oxford

2834 3234 47 16 one
2893 3225 28 25 of
2930 3224 42 25 the
2984 3225 92 30 largest
3086 3222 145 28 purchasers
3246 3220 28 23 m
3286 3218 84 25 North

3010 3260 151 30 Canterbury
3178 3258 25 25 of

2835 3302 185 30 EDWABDB,
3044 3298 190 27 BENN&TTS
3248 3298 19 28 £
3289 3297 84 33 QO.'S

3035 3342 73 26 Slock
3124 3341 27 25 of

2836 3468 61 25 Will
2918 3467 31 25 he
2972 3467 54 25 sold
3048 3466 78 25 below
3149 3464 132 25 -wholesale
3302 3463 70 23 -cost.

2866 3552 211 40 BTJRRELL
3093 3547 242 42 BROTHERS-

2913 3599 373 35 PHOTOGRAPHEKS

2834 3655 66 21 Have
2904 3653 106 21 removed
3014 3654 24 20 to
3041 3659 62 14 more
3108 3650 149 23 commodious
3261 3648 112 27 premises

2945 3685 166 28 VICTORIA
3129 3682 135 28 STREET

2836 3737 118 31 Opposite
2977 3736 128 25 Salvation
3133 3734 78 29 Army
3241 3730 132 26 Barracks.

2869 3770 57 24 And
2938 3777 42 17 are
2992 3769 77 31 doing
3086 3765 150 27 Enamelled
3255 3763 118 26 Cabinets

2836 3810 37 24 for
2884 3810 43 31 8/6
2937 3817 45 23 per
2992 3809 88 24 dozen.
3104 3808 76 23 Great
3189 3803 186 32 Photographic

2839 3846 125 31 Surprise-
3010 3845 53 24 One
3092 3844 24 23 of
3138 3843 45 24 the
3204 3843 94 28 largest
3320 3847 59 17 ever

2838 3884 154 25 introduced.
3036 3883 76 24 From
3136 3882 62 24 Dec.
3219 3880 71 24 11th.
3312 3879 68 24 until

2839 3925 41 24 the
2891 3924 62 24 New
2965 3924 74 24 Year.
3074 3923 54 23 One
3138 3921 91 25 Dozen
3246 3920 68 30 large
3326 3919 51 23 size

2839 3964 146 25 Enamelled
3001 3963 94 24 Photo?
3107 3968 40 19 tor
3163 3961 52 33 15/-
3227 3960 74 26 usual
3312 3958 67 32 price

2840 4005 36 22 £1
2891 4005 53 22 10s.
2981 4003 92 26 Secure
3086 4010 18 16 &
3112 4001 107 32 deposit
3241 4000 77 25 ticket
3339 4001 42 22 fo?

2840 4041 42 33 2/6
2894 4049 57 17 now
2964 4041 84 32 ready,
3064 4041 85 26 ..l£his
3167 4041 22 23 is
3209 4039 41 24 the
3272 4038 109 31 greatest

2841 4081 98 25 wonder
2951 4081 26 25 of
2994 4081 46 26 the
3153 4081 78 25 Don't
3247 4078 62 25 miss
3332 4077 54 25 thia

2842 4121 100 25 chance.

2874 4159 169 27 BURREFL
3060 4161 186 28 BROTHERS

3123 4200 200 33 Photographers

2876 4255 3 19 ;
2965 4249 111 26 Victoria
3091 4249 89 32 Street,
3199 4250 189 28 Ghriitchurch.

2432 968 117 25 GREAT
2580 969 87 26 SALE

2539 1015 31 17 OF

2288 1040 209 33 TEWELLRY,
2533 1044 179 30 WATCHES,
2747 1047 71 25 DIA-

2281 1076 22 20 O
2446 1076 99 24 MOND
2563 1077 122 29 GOODS,

2284 1109 128 26 SILVER
2430 1111 72 25 AND
2524 1113 285 27 ELECTRO-PLATE

2282 1146 48 26 AT
2347 1148 23 24 A
2387 1148 174 28 DISCOUNT
2585 1151 44 25 OF
2638 1155 5 9 v
2646 1153 29 25 4b
2691 1153 39 26 IN
2747 1153 71 26 THE

2382 1188 126 31 POUND,
2520 1191 69 25 FOR
2601 1192 23 24 A
2641 1192 78 27 FEW

2433 1230 125 26 WEEKS
2567 1232 101 25 ONLY.

2318 1270 115 28 £10,000
2451 1272 73 25 value
2535 1275 27 23 to
2575 1274 76 25 select
2672 1276 67 24 from
2759 1278 26 23 at

2284 1325 68 48 M.
2415 1331 403 51 SANDSTEIN

2295 1405 109 22 DIRECT
2417 1407 154 26 IMPOBTER,
2599 1409 207 24 WATCHMAKER

2429 1444 61 20 AND
2503 1445 166 25 JEWELLER,

2282 1477 114 21 CASHEL
2411 1480 40 20 ST.
2472 1480 87 25 WESTi
2582 1481 231 24 OHRISTCHURCH

2423 1580 166 26 Established
2601 1583 75 24 1862.
2691 1608 3 3 .

2306 1652 31 21 M.
2349 1653 162 24 SANDSTEIN
2521 1656 40 21 has
2577 1657 115 26 appointed
2701 1658 45 21 Mb.
2755 1659 25 21 R.
2790 1659 28 21 H.

2278 1685 82 22 Pabish
2376 1693 24 15 as
2417 1687 35 21 his
2468 1689 80 21 Oxford
2561 1691 105 26 AGENT,
2680 1692 48 22 who
2744 1693 44 21 will
2796 1693 22 22 at

2277 1723 45 20 any
2331 1718 53 22 time
2392 1725 95 20 procure,
2501 1727 29 14 on
2545 1722 149 28 approbation,
2713 1725 105 24 Watohes,

2279 1750 82 26 Clocks,
2371 1752 44 21 and
2424 1753 117 27 Jewellery,
2559 1761 25 14 or
2599 1755 36 21 his
2648 1756 80 22 Oxford
2744 1757 74 21 clients

2279 1784 23 20 to
2312 1784 65 21 select
2390 1785 65 26 from,
2466 1787 24 20 at
2499 1787 37 21 the
2554 1794 59 15 same
2622 1789 58 25 price
2697 1796 24 15 as
2728 1791 90 25 charged

2278 1814 23 21 at
2310 1814 38 22 the
2357 1814 155 25 Christchnrch
2521 1818 179 24 Establishment.
2817 1833 2 3 •

2323 1868 59 41 M,
2427 1867 336 45 SANDSTEIN

2427 1927 113 21 OASHEL
2553 1929 119 25 STREET,

2368 1968 362 30 CHRISTCHURCH.

2300 2060 262 45 WALTER
2622 2065 178 45 EYKE.

2387 2154 117 23 TIMBEE
2528 2156 177 26 MERCHANT.

2361 2223 120 32 WEST
2554 2225 183 40 OXFOBD.

2280 2312 223 59 ROBERT
2586 2314 231 71 FISHER,

2314 2389 181 26 GENERAL-
2517 2390 267 26 STOREKEEPER

2277 2435 98 44 Teas,
2416 2434 133 45 Coffees,
2587 2435 130 45 Cocoas,
2749 2434 69 39 and

2383 2482 144 40 General
2550 2482 183 40 Groceries-

2328 2533 148 31 WEST
2540 2533 224 31 OXFORD.

2433 2641 231 43 DRINK

2314 2709 184 40 HYSLOF
2513 2709 123 39 PURE
2657 2709 101 39 TEA.

2282 2766 65 30 The
2362 2766 93 31 finest
2468 2766 54 30 the
2535 2765 106 31 World
2658 2766 159 38 produces.

2284 2818 75 32 Sold
2369 2820 45 38 by
2442 2818 51 30 Mr
2507 2818 36 30 F.
2559 2820 39 28 A.
2627 2818 190 36 Waterman,

2322 2864 81 29 East
2415 2863 129 34 Oxford,

2284 2914 52 30 Mr
2355 2914 35 29 R.
2406 2914 120 34 Fisher,
2542 2912 91 31 West
2646 2912 131 31 Oxford.

2282 2958 51 31 Mr
2346 2958 111 31 Alfred
2470 2959 72 37 Lee,
2566 2957 127 32 Oxford.

2281 3008 50 30 Mr
2346 3008 37 30 E.
2399 3008 51 30 W.
2480 3006 128 40 Cooper,
2639 3005 87 38 Oust,
2756 3006 61 31 and

2321 3064 96 30 many
2436 3054 112 30 others.

2285 3141 27 38 0
2341 3136 258 55 MANNINGf
2601 3135 217 43 fIOMFANY

2485 3223 139 23 LIMITED.

2312 3282 272 27 OHRISTOHURCH
2604 3280 185 26 BREWERY.

2517 3341 70 20 THE.

2416 3423 131 21 BREWED
2558 3422 41 21 BY
2612 3421 72 22 THIS

2373 3457 371 40 COMIP-AJSTY

2476 3515 84 20 PROM
2569 3515 63 20 THE

2284 3550 534 59 CttolC£BTWAfTfe.Jtofß

2399 3607 47 20 Are
2455 3606 176 27 acknowledged
2639 3607 26 20 to
2673 3607 29 20 be
2721 3616 3 3 •

2283 3645 149 21 SUPERIOR
2441 3646 36 20 IN
2487 3645 138 22 QUALITY
2635 3645 37 20 TO
2680 3645 65 20 ANY
2751 3644 67 20 PRO-

2349 3676 102 20 DUCED
2465 3676 37 21 IN
2515 3676 75 21 NEW
2603 3675 150 21 ZEALAND.

2309 3713 110 24 Supplied
2423 3713 26 19 to
2452 3713 83 20 Hotels
2541 3713 47 19 and
2594 3713 94 19 Private
2694 3713 124 19 Customers

2281 3739 25 19 m
2314 3739 144 24 Hogsheads,
2469 3739 101 24 Barrels,
2581 3739 140 24 Kilderkins,
2731 3738 46 20 and
2787 3739 31 19 10-

2281 3765 89 26 --gallons
2380 3765 63 26 Kegs
2453 3765 61 26 only.
2545 3776 1 1 ■
2575 3770 8 8 *

2283 3815 118 41 PALE
2423 3817 93 39 ALE
2539 3817 97 39 AND
2666 3817 152 39 EXTRA

2478 3865 135 42 STOUT

2368 3916 94 21 Bottled
2484 3918 25 19 m
2518 3918 86 24 Quarts
2614 3918 47 19 and
2669 3918 73 20 Pints.

2317 3974 263 78 SMITH
2609 3974 58 78 &
2694 3975 107 93 Co.,

2296 4071 72 25 THE
2377 4071 159 25 LEADING
2543 4071 121 25 FRAME
2674 4072 141 25 MAKERS

2288 4111 120 21 COBNEB
2428 4111 143 21 COLOMBO
2592 4111 18 19 £
2629 4111 189 23 GLOUCESTEE

2342 4142 141 21 STREETS.
2529 4143 244 22 CHRISTCHUECH.

2372 4179 54 24 The
2433 4179 117 31 cheapest
2558 4179 63 31 shop
2628 4179 28 25 m
2663 4180 87 27 Town.

2323 4221 137 31 Importers
2472 4222 26 24 of
2509 4222 151 31 Mouldings,
2681 4223 82 29 Glass,
2776 4224 42 24 Eri

2389 4261 115 33 gravings
2527 4261 51 25 and
2607 4261 123 27 Pictures.

1716 1002 2 7 ,
1773 960 452 46 SADDLER?.

1731 1040 80 51 H.
1837 1042 64 52 J.
1919 1042 347 54 LAMING

1826 1118 348 34 SADDLER.

1733 1199 289 40 HARNESS
2057 1201 209 39 MAKER

1879 1252 72 23 Neap.
1969 1252 151 28 Saleyakds,

1767 1291 46 41 O
1838 1293 136 40 XF
1999 1293 45 40 O
2070 1294 54 39 B
2149 1295 46 39 D
2221 1322 14 12 .

1730 1364 88 26 Orders
1831 1366 51 24 and
1898 1366 105 32 Eepairs
2013 1367 127 33 promptly
2152 1368 114 25 executed

1717 1421 1 14 3
1894 1411 26 22 at
1931 1409 87 25 lowest
2029 1412 76 22 rates.

1716 1484 2 42 ;
1834 1474 154 38 HORSE-
2001 1474 165 41 COVERS

1716 1526 2 39 ;
1731 1524 100 38 made
1843 1526 37 38 to
1897 1525 102 39 Order
2014 1526 73 38 and
2098 1526 168 50 Repaired

1746 1585 23 23 A
1782 1585 76 24 Stock
1870 1585 27 25 of
1907 1586 82 25 Horse
2001 1587 123 24 Medicine
2136 1595 34 17 on
2178 1587 75 29 hand,

1807 1627 161 22 SOLOMON'S
1985 1628 150 23 SOLUTION
2149 1630 36 22 &c.

1716 1708 2 21 ■■
1751 1689 56 46 E.
1828 1691 60 45 R
1903 1692 346 46 ALLPEESS

1840 1761 135 27 Consulting
1983 1762 47 21 and
2035 1763 91 26 Family
2131 1764 106 26 Chemist,

1717 1790 2 41 j
1920 1795 58 23 239.
1992 1794 90 24 Cashel
2093 1794 81 26 Street
2187 1795 78 29 West,

1717 1851 3 14 r
1987 1831 278 28 CHRISTCHUBCH.

1717 1884 3 12 f
1839 1870 8 32 (
1855 1869 67 25 Next
1931 1869 107 25 Zetland
2049 1870 75 26 Arms
2136 1872 78 24 Hotel
2220 1872 12 33 )

1717 1917 2 14 3
1733 1918 41 27 (34
1782 1924 66 21 years
1863 1919 132 26 experience
2008 1919 26 21 at
2042 1919 73 21 Home
2124 1920 47 21 and
2185 1927 26 14 m
2226 1920 40 21 the

1941 1950 116 26 Colonies)

1717 1997 3 15 j
1757 1981 39 20 Mr
1804 1980 103 27 Allpress
1915 1981 56 27 begs
1987 1982 25 20 to
2020 1982 81 21 tender
2113 1982 37 22 his
2166 1983 100 26 grateful

1732 2013 82 21 thanks
1823 2013 24 21 to
1856 2013 37 21 his
1905 2019 121 16 numerous
2035 2014 82 21 clients
2126 2015 140 26 throughout

1731 2046 142 26 Canterbury
1880 2046 37 21 for
1926 2046 40 21 the
1976 2048 94 24 support
2077 2047 75 21 which
2157 2048 43 20 has
2209 2048 57 20 been

1731 2078 137 22 vouchsafed
1886 2080 24 20 to
1930 2079 49 21 him
1994 2079 83 28 during
2084 2087 3 2 •
2096 2080 42 22 the
2159 2081 107 21 nineteen

1731 2119 66 20 years
1805 2112 29 21 he
1843 2113 43 20 has
1894 2112 105 22 followed
2007 2114 37 19 his
2060 2114 124 26 profession
2194 2114 24 21 m
2227 2115 39 20 the

1733 2146 114 26 Province,
1873 2146 46 22 and
1931 2146 90 27 finding
2043 2147 21 21 it
2086 2147 122 22 incumben
2218 2148 48 21 tto

1732 2180 119 22 centralize
1869 2180 38 22 his
1919 2181 104 21 business
2037 2181 25 21 m
2085 2181 65 23 order
2163 2182 25 21 to
2210 2182 56 27 keep

1717 2235 4 4 .
1731 2215 49 21 him
1792 2215 26 21 m
1831 2216 70 21 touch
1915 2216 54 22 with
1985 2216 36 22 his
2040 2218 129 26 supporters
2183 2217 25 22 m
2226 2217 40 22 the

1717 2255 4 20 f
1731 2248 153 26 surrounding
1893 2249 96 25 country
1995 2249 108 24 districts,
2111 2249 29 21 he
2147 2251 42 19 has
2196 2251 70 19 taken

1731 2281 40 21 the
1780 2281 71 22 above
1859 2282 109 27 premises
1978 2282 73 22 where
2069 2282 29 22 he
2107 2283 49 21 will
2165 2283 29 22 be
2211 2284 55 26 glad

1729 2316 26 20 to
1764 2316 86 21 receive
1861 2316 36 21 his
1906 2316 87 22 friends
2001 2317 130 27 personally
2144 2324 25 14 or
2177 2318 88 21 receive

1717 2366 2 13 t
1730 2347 61 21 their
1800 2347 77 21 orders
1891 2354 42 20 per
1944 2349 58 26 post.
2030 2349 43 20 His
2092 2349 61 20 Well
2171 2350 93 23 Known,

1729 2379 69 20 Tried
1821 2380 46 19 and
1886 2380 124 25 Approved
2032 2379 118 21 Remedies
2176 2380 37 20 for
2233 2381 32 19 all

1730 2405 83 20 classes
1822 2405 24 20 of
1863 2405 105 21 Diseases
1978 2411 38 14 are
2025 2411 50 14 now
2084 2411 24 14 so
2118 2401 51 26 well
2182 2406 83 21 known

1717 2428 38 23 las
1773 2432 25 20 to
1811 2432 59 21 need
1889 2438 30 14 no
1936 2432 91 21 further
2049 2432 101 21 mention
2174 2434 25 19 m
2217 2433 48 20 this

1717 2470 1 14 f
1729 2459 137 26 necessarily
1875 2460 66 19 short
1950 2458 184 21 advertisement.

1756 2485 21 20 A
1785 2485 45 20 full
1838 2486 62 26 price
1909 2486 50 20 List
1968 2486 22 20 of
1999 2486 32 20 all
2039 2486 37 19 his
2085 2486 91 21 various
2194 2486 71 21 Rem-

1729 2512 61 21 edies
1800 2519 42 14 can
1851 2513 28 21 be
1888 2513 48 20 had
1945 2513 55 20 Post
2012 2513 57 20 Free
2078 2519 29 14 on
2120 2513 144 25 application,

1729 2539 46 20 and
1787 2545 83 21 among
1884 2540 64 21 them
1957 2539 89 21 besides
2054 2539 66 20 those
2129 2540 24 20 of
2162 2547 14 13 a
2184 2540 81 26 purely

1729 2566 97 20 Medical
1846 2567 121 22 Character
1983 2566 49 20 will
2048 2566 28 21 be
2094 2566 73 21 found
2181 2567 80 24 Horse,

1716 2606 2 12 L
1729 2592 74 21 Cattle
1818 2592 46 21 and
1879 2594 52 26 Dog
1946 2592 131 24 Medicines,
2093 2592 21 21 oi
2132 2593 133 20 undoubted

1728 2619 90 26 efficacy
1826 2620 104 24 together
1943 2620 56 20 with
2013 2620 21 20 A
2049 2620 60 20 Host
2117 2620 24 21 of
2150 2620 115 21 Domestic

1716 2646 2 4 '
1729 2646 104 20 Utilities
1842 2647 74 20 Toilet
1929 2646 159 26 Preparations
2098 2647 17 19 &
2125 2647 139 25 Perfumery.

1755 2672 38 20 Mr
1802 2672 101 27 Allpress
1913 2673 85 20 invites
2013 2672 150 26 applications
2178 2673 36 20 for
2228 2673 37 20 his

1728 2699 51 21 List
1788 2699 45 20 and
1849 2700 47 20 will
1908 2700 57 21 send
1974 2700 57 20 Free
2040 2699 24 21 of
2072 2705 97 21 expence
2178 2706 29 14 on
2216 2706 49 14 rec-

1729 2726 49 26 eipt
1786 2726 24 21 of
1819 2726 56 22 Five
1885 2727 106 26 shillings
2000 2726 47 21 and
2056 2727 103 25 upwards
2171 2727 23 20 m
2204 2726 61 27 post-

1716 2766 2 14 L
1729 2753 23 20 al
1760 2753 66 20 notes
1837 2760 25 14 or
1870 2754 66 20 order
1945 2760 46 20 any
1997 2754 80 19 article
2084 2754 83 20 named
2176 2753 89 20 therein

1729 2780 56 20 such
1795 2780 66 21 order
1875 2787 54 20 may
1938 2782 104 19 emanate
2055 2781 57 19 from
2123 2787 42 14 one
2174 2786 89 20 person,

1716 2811 2 6 '
1729 2813 24 14 or
1762 2807 28 20 be
1800 2808 65 19 made
1873 2814 32 19 up
1914 2813 83 19 among
2006 2807 137 25 neighbours
2152 2808 50 19 who
2214 2813 52 19 may

1729 2833 84 26 depute
1831 2839 42 15 one
1886 2833 24 21 of
1925 2833 62 21 their
1998 2833 96 20 number
2105 2834 26 20 to
2145 2834 65 19 make
2226 2833 40 20 the

1728 2860 140 24 remittance,
1877 2860 87 20 receive
1967 2860 41 21 the
2016 2859 70 27 goods
2090 2860 46 20 and
2145 2860 121 21 distribute

1716 2884 2 11 1
1727 2886 42 19 the
1778 2891 61 14 same
1849 2893 29 13 on
1888 2886 92 20 arrival.

1728 2918 78 26 Agent
1814 2918 37 21 for
1860 2919 88 20 Oxford
1955 2919 49 21 and'
2004 2919 99 21 District
2109 2919 37 20 Mr
2152 2919 27 21 B.
2187 2919 78 21 Keats.

1777 2977 190 57 Money
1981 2980 54 42 to
2057 2978 154 45 Lend.

1785 3064 17 29 I
1817 3063 79 31 have
1925 3074 113 29 money
2066 3069 33 25 to
2127 3065 73 30 lend
2234 3065 31 30 in
2265 3069 2 12 1

1729 3103 86 41 large
1840 3113 35 20 or
1903 3104 91 30 small
2023 3114 85 21 sums
2145 3115 31 20 to
2206 3105 60 31 suit

1728 3145 180 30 Borrowers
1939 3150 34 25 at
1999 3145 110 33 lowest
2142 3151 124 26 current

1729 3188 92 26 rates.

1810 3224 193 31 WILLIAM
2024 3224 157 38 HOBAN,

1905 3264 189 30 SOLICITOR,

1764 3302 48 24 204
1824 3302 122 25 Hereford
1956 3302 40 25 St.
2009 3302 197 26 Christohurbh
2218 3304 48 24 and

1940 3340 111 24 Kaiapoi.

1717 3431 26 59 ;*
1755 3434 127 37 THE
1903 3434 128 37 RED
2044 3434 222 39 HOUSE'

1716 3480 2 10 '
1868 3485 74 21 under
1950 3485 42 21 the
2000 3485 124 21 Verardah

1717 3528 2 20 L
1731 3523 40 20 109
1790 3522 106 21 Colombo
1915 3522 64 21 Sreet
2007 3522 242 22 CHBISTCHTJECH.

1717 3571 3 34 ;
1781 3559 157 37 JOHN
1976 3559 236 38 WILSON

1717 3628 3 8 j
1731 3611 99 20 General
1837 3610 89 23 Dealer,
1941 3610 126 20 Furniture
2075 3610 91 26 Broker,
2177 3612 18 19 &
2201 3613 65 20 Hotel

1786 3647 117 20 Valuator.
1942 3646 148 21 Established
2100 3648 27 19 20
2136 3648 78 21 Years.

1716 3706 2 19 [
1733 3700 60 21 John
1802 3699 90 21 Wilson
1897 3700 113 20 embraces
2019 3700 39 19 the
2068 3702 93 22 present
2166 3702 100 24 opportu-

1734 3726 50 25 nity
1792 3726 26 20 to
1830 3726 75 20 thank
1913 3726 39 20 his
1962 3726 130 25 supporters
2101 3726 36 21 for
2145 3724 68 23 their'
2217 3733 49 14 eus-

1734 3753 46 20 fcoin
1790 3751 45 21 and
1844 3753 125 25 patronage
1981 3751 46 21 and
2043 3758 90 15 assures
2144 3753 64 21 them
2217 3753 49 21 that

1733 3786 25 14 as
1767 3780 25 20 m
1800 3779 41 21 the
1848 3780 53 25 pait
1909 3779 30 21 he
1953 3779 21 20 is
1987 3779 109 26 prepared
2104 3780 30 26 to.
2138 3780 82 26 supply
2229 3781 37 20 the

1717 3819 1 3 -
1733 3807 52 20 best
1793 3806 125 20 Furniture
1928 3806 44 24 &c,
1987 3806 36 20 &c.
2040 3806 25 20 at
2079 3806 73 25 prices
2167 3808 60 25 fully
2242 3808 24 20 20

1733 3839 41 18 per
1783 3832 53 19 cent
1844 3833 45 18 less
1896 3832 59 19 than
1964 3831 111 20 hitherto.

1758 3887 3 5 ,
1788 3867 60 21 John
1870 3867 89 26 W.iiaon
1986 3867 46 20 will
2054 3867 93 21 furnish
2166 3875 15 13 a
2200 3869 66 21 house

1734 3893 136 26 throughput
1877 3893 36 20 for
1923 3894 53 24 J620,
2006 3893 61 21 John
2075 3893 90 22 Wilson
2173 3895 48 21 will
2228 3897 38 19 sell

1734 3928 46 19 you
1786 3927 21 13 .&
1829 3920 116 20 Duchesse
1969 3920 70 20 Chest
2047 3921 112 20 Drawsem
2169 3921 37 21 for
2220 3923 46 26 50/-.

1762 3947 59 21 John
1830 3947 88 21 Wilson
1937 3947 47 20 will
2003 3947 46 21 sell-
2063 3953 45 21 you
2124 3954 15 14 a
2157 3949 71 21 Chest
2248 3949 18 21 of

1734 3977 104 19 Drawers
1847 3975 35 19 for
1891 3974 50 25 20/-.
1984 3974 60 21 John
2054 3974 89 21 Wilsori
2165 3976 46 20 will
2230 3977 36 19 sell

1734 4008 46 20 you
1807 4001 89 21 Double
1924 4001 53 19 Iron
2001 4000 127 21 Bedsteads
2159 4001 38 21 for
2220 4002 46 28 25/-.

1736 4028 82 26 Spring
1828 4028 131 23 Mattrißß.es
1969 4026 45 28 25/-
2023 4027 123 21 Palliasses
2155 4034 46 21 any
2209 4030 57 25 price

1736 4061 46 21 you
1793 4055 53 19 lire.
1884 4054 145 26 Everything
2043 4054 69 25 cheap
2129 4055 137 28 Everything

1737 4081 58 28 goed
1804 4081 45 21 and
1858 4087 47 20 you
1913 4087 43 14 can
1969 4081 41 25 get
2020 4081 137 26 everything
2165 4082 60 21 from
2233 4083 33 21 the

1736 4109 75 21 useful
1819 4108 61 21 little
1889 4107 81 21 needle
1983 4107 26 20 to
2027 4107 40 20 the
2085 4109 128 25 proverbial
2235 4116 31 14 aa-

1736 4137 59 19 ch»r.
1912 4154 2 3 .

1717 4176 4 6 ,
1736 4162 62 20 THB
1816 4161 63 20 BED
1893 4160 109 21 HOUSE.
2025 4160 41 19 109
2076 4160 104 22 Colombo
2190 4161 76 23 Street.

1717 4179 7 21 1
1900 4184 81 24 JOHN
1996 4186 128 22 WILSON.

1762 4214 125 22 Furmitu^e
1895 4213 101 25 Bought,
2011 4212 50 21 told
2084 4219 24 13 or
2137 4214 88 22 exchaa.

1736 4242 63 21 Sale*
1814 4237 111 24 attended
1933 4245 28 14 on
1971 4238 149 22 coauaiaaien.

1180 965 175 45 JOHN
1393 1003 7 9 .
1426 964 284 54 INGRAM,

1209 1037 485 35 -AUCTIONEER

1181 1094 106 25 LICENCED
1307 1094 57 25 LAND
1376 1093 93 29 BROKER,
1483 1093 126 29 VALUATOR,
1624 1093 86 25 EBTATE
1709 1111 2 11 J

1195 1125 132 29 INSURANCE,
1338 1125 15 24 &
1363 1125 100 25 GENERAL
1473 1125 139 24 COMMISSION
1623 1124 80 25 AGENT.

1179 1160 68 25 Agent
1251 1160 38 26 for
1298 1160 34 21 the
1341 1160 104 21 National
1453 1160 113 20 Insurance
1577 1160 104 26 Company
1696 1164 14 20 o)

1356 1192 51 20 New
1421 1192 102 21 Zealand.

1203 1224 171 31 OXFORD
1397 1225 28 28 &
1449 1223 252 32 SHEFFIELD.

1348 1288 54 5 —
1433 1280 30 18 ♦
1581 1294 2 2 .

1180 1316 149 27 Fortnightly
1338 1315 97 23 Auction
1447 1315 63 21 Sales
1519 1315 55 21 held
1583 1315 24 21 m
1611 1315 42 21 the
1659 1315 51 21 Mar-

1180 1352 41 21 ket
1230 1351 75 22 Yards
1314 1350 130 25 OXFORD,
1454 1357 70 20 every
1532 1350 83 22 second
1633 1350 77 21 Thurs-

1181 1384 51 26 day.
1247 1384 107 25 Monthly
1365 1383 63 21 Sales
1437 1383 56 21 held
1503 1383 25 20 at
1536 1383 90 20 Market
1635 1383 75 23 Yards,,

1182 1414 179 21 SHEFFIELD.
1423 1414 94 21 Private
1535 1414 100 21 Auction
1655 1414 55 21 Sales

1179 1447 143 20 undertaken
1332 1453 47 19 any
1386 1447 54 25 part
1449 1446 25 21 of
1482 1446 41 21 the
1534 1446 103 26 country.
1663 1446 47 20 Pro-

1179 1479 65 26 perty
1256 1478 100 27 Bought,
1365 1477 60 24 Sold,
1435 1484 26 14 or
1469 1477 48 21 Let.
1531 1477 46 21 and
1583 1477 127 23 Valuations

1180 1512 110 28 carefully
1299 1512 73 21 made.
1402 1511 66 22 Land
1477 1511 105 27 Brought
1591 1511 73 22 under
1677 1511 33 22 the

1181 1547 106 20 Transfer
1295 1546 51 24 Act,
1376 1545 126 25 Transfers,
1516 1545 90 26 Leases,
1619 1545 91 24 &De.eds

1180 1578 23 20 of
1211 1578 134 26 Mortgages
1360 1577 77 21 drawn
1445 1584 38 20 up.
1521 1576 84 27 Money
1613 1576 97 22 invested

1180 1609 46 21 and
1235 1609 108 21 obtained
1353 1609 34 21 for
1397 1604 86 25 Clients
1492 1614 30 16 on
1531 1608 128 26 Mortgage.
1680 1607 30 21 In-

1213 1647 95 16 surance
1326 1641 97 21 effected
1439 1647 29 14 on
1477 1640 125 27 Buildings
1612 1640 24 20 of
1645 1646 45 20 any

1256 1673 144 27 description,
1410 1673 47 20 and
1465 1672 62 21 their
1537 1672 110 21 contents.

1181 1711 59 21 HAS
1254 1711 69 27 FOR.
1325 1710 72 21 SALE
1414 1710 38 19 BY
1467 1709 125 20 PUIVATE
1606 1708 104 21 TREATS

1208 1747 21 21 A
1237 1747 57 25 good
1311 1747 157 26 Agricultural
1476 1746 47 20 and
1531 1746 104 20 Pastoral
1650 1746 60 20 Farm

1181 1779 130 25 containing
1322 1780 40 19 522
1371 1785 62 14 acres
1443 1778 113 21 Freehold
1562 1778 18 19 &
1586 1779 41 20 240
1639 1778 71 21 Lease-

1181 1809 54 25 hold
1244 1813 26 21 at
1277 1811 65 23 View
1351 1812 51 21 Hill
1411 1811 97 22 devided
1515 1811 49 22 into
1574 1812 26 20 12
1606 1811 104 27 paddocks

1181 1846 51 21 well
1241 1846 99 22 watered
1348 1846 80 21 within
1438 1846 28 26 4J
1475 1846 66 21 miles
1550 1845 59 22 from
1618 1845 92 27 Railway

1183 1879 97 24 Station,
1295 1878 140 22 substantial
1455 1879 13 19 5
1477 1877 93 21 roomed
1587 1878 74 20 House
1680 1883 30 14 sui

1182 1912 102 22 rounded
1296 1912 32 26 by
1336 1919 14 14 a
1359 1912 50 21 nice
1418 1911 138 27 plantation,
1566 1912 64 25 large
1641 1910 69 21 Stable

1182 1945 46 21 and
1236 1947 40 19 out
1276 1945 12 16 s
1289 1945 56 21 heds
1353 1945 96 21 thereon
1449 1955 27 4 —
1476 1945 62 26 price
1548 1950 56 21 very
1611 1945 49 19 low.

1209 1994 42 20 150
1266 1993 70 22 Acres
1354 1994 25 20 at
1397 1993 64 21 View
1480 1992 49 21 Hill
1547 1991 46 22 and
1610 1991 100 27 complete

1182 2026 50 21 Saw
1241 2025 50 21 mill
1299 2026 73 27 plant,
1378 2025 92 24 Horses,
1479 2025 107 21 Bullocks
1593 2025 44 20 etc.

1369 2058 64 21 Price
1455 2058 68 22 £750.

1209 2093 41 20 308
1259 2092 70 22 Acres
1339 2092 117 27 adjoining
1466 2092 41 20 the
1517 2091 80 25 above.

1343 2125 64 21 Price
1426 2130 54 21 very
1498 2124 52 21 low.

1278 2181 35 21 On
1322 2181 92 21 account
1423 2181 23 20 of
1456 2181 36 20 Mr
1506 2180 124 22 Allpbess.

1210 2223 41 21 His
1260 2230 51 21 very
1320 2224 174 22 nice'residence
1503 2225 98 25 opposite
1612 2225 38 20 the
1664 2224 46 20 Par-

1182 2262 81 18 sonage
1270 2256 58 20 East
1332 2256 85 21 Oxford
1423 2256 36 20 for
1465 2256 47 20 sale
1520 2262 58 20 vary
1583 2256 78 26 cheap,
1670 2256 40 20 hali

1181 2293 51 16 acre
1242 2287 24 22 of
1274 2288 62 26 land,
1346 2288 57 26 good
1412 2288 93 27 garden.

1244 2326 36 20 On
1289 2327 97 20 account
1396 2326 22 21 of
1427 2326 41 20 Mb
1478 2326 77 21 James
1569 2326 94 21 Fisher.

1208 2359 15 19 4
1226 2365 63 15 acres
1299 2360 23 20 of
1339 2360 56 20 land
1414 2359 106 26 dwelling
1539 2359 71 21 house
1622 2360 88 20 thereon

1181 2390 64 26 quite
1254 2396 15 14 a
1278 2390 105 26 bargain.

1208 2427 53 21 Also
1276 2428 27 22 57
1317 2429 68 20 Acres
1395 2428 24 20 of
1428 2428 73 27 really
1510 2429 59 26 good
1577 2429 56 20 land
1639 2428 71 21 fenced

1181 2466 23 20 m
1216 2465 56 26 good
1284 2465 73 25 heart,
1380 2465 45 21 and
1447 2466 25 20 m
1494 2465 60 26 good
1577 2465 64 21 order
1663 2470 47 16 neat

1180 2503 160 21 Waimakariri
1340 2515 27 3 —
1367 2503 61 27 price
1445 2503 138 21 reasonable.

1271 2557 35 21 On
1316 2557 98 20 account
1422 2556 24 20 of
1454 2556 39 20 Mr
1501 2556 35 20 W.
1546 2556 79 21 Munn.

1207 2599 44 20 His
1271 2597 59 28 Shop
1349 2599 46 20 and
1412 2599 128 26 Dewelling
1558 2597 77 23 House
1661 2599 49 21 with

1179 2636 50 20 half
1237 2641 51 16 acre
1297 2637 22 20 of
1327 2636 56 21 land
1392 2642 29 15 on
1440 2636 40 21 the
1489 2636 96 21 Teri'ace
1595 2637 66 20 West
1672 2637 38 20 Ox-

1180 2672 58 21 ford.
1266 2672 21 21 A
1297 2672 48 21 real
1353 2672 103 26 bargain.

1245 2717 35 20 On
1289 2717 96 21 account
1395 2717 24 20 of
1428 2717 38 20 Mr
1475 2717 28 20 D.
1517 2717 135 27 Thompson.

1207 2759 12 20 1
1229 2765 51 15 acre
1290 2759 23 21 of
1322 2759 66 21 Land
1396 2759 56 21 with
1471 2759 98 26 Cottage
1578 2759 96 21 thereon
1692 2759 18 21 m

1180 2796 90 21 Church
1281 2797 74 20 Street
1364 2803 50 14 now
1422 2797 25 19 m
1457 2797 133 25 occupation
1601 2797 22 20 of
1632 2797 38 20 Mr
1679 2797 31 20 W.

1180 2832 105 21 Osborne.

1205 2876 132 19 WANTED
1352 2876 24 19 to
1386 2876 70 19 Lease
1466 2881 14 14 a
1490 2876 66 19 small
1566 2876 72 25 Dairy
1647 2876 63 19 Farm

1178 2908 60 19 from
1246 2908 28 18 40
1282 2908 25 18 to
1321 2907 39 19 100
1365 2912 69 14 acres.

1209 2940 45 19 For
1267 2939 137 25 particulars
1418 2938 71 26 apply
1503 2939 24 20 to

1179 2993 194 33 JOHN
1404 2991 306 34 INOR^M

1235 3161 261 26 CALEDONIAN
1513 3161 146 25 HOUSE.

1178 3222 219 46 JAMES
1407 3205 303 60 iBROWN.

1259 3279 84 26 BOOT.
1361 3277 84 27 SHOE.
1462 3278 25 26 &
1502 3276 126 28 SLIPPER

1176 3314 2 31 i
1312 3311 264 29 Manufacturer.

1281 3356 118 29 WEST
1433 3353 181 32 OXFORD.

1179 3407 48 21 Has
1237 3413 30 14 on
1275 3406 63 21 hand
1347 3412 13 13 a
1370 3405 104 27 splendid
1482 3405 132 20 assortment
1620 3403 25 21 of
1649 3401 61 22 Boots

1179 3439 44 20 and
1234 3438 70 21 Shoes
1313 3437 66 20 made
1399 3443 29 14 on
1438 3437 39 20 the
1486 3436 107 26 premises
1613 3436 25 19 at
1647 3434 63 25 prices

1178 3469 54 21 that
1241 3469 52 26 defy
1303 3468 152 27 competition.
1484 3467 61 25 Boys
1553 3466 80 21 School
1641 3466 69 24 Boots,

1178 3502 59 19 back
1246 3507 72 14 seams
1328 3500 46 20 and
1383 3500 63 19 front
1454 3499 65 20 hand
1526 3504 66 18 6ewn,
1600 3495 84 23 cannot
1689 3497 21 20 be

1179 3532 127 26 surpassed.
1338 3531 69 21 Men's
1416 3530 206 26 bestwatertights,
1632 3528 78 27 pegged

1181 3560 61 31 15/-.'
1270 3563 99 26 Bespoke
1392 3561 142 26 department
1557 3560 105 25 carefully
1686 3560 24 20 at-

1179 3595 70 21 tonde
1278 3596 32 19 to.
1338 3594 40 20 Fit
1397 3593 46 20 and
1461 3592 171 27 Workmanship
1651 3592 59 20 Guar

1179 3626 88 21 anteed.
1295 3626 93 24 Repairs
1398 3624 77 24 neatly
1485 3624 47 19 and
1539 3623 115 27 promptly
1663 3623 47 20 done

1179 3659 26 19 at
1212 3657 133 21 reasonable
1353 3656 73 27 prices

1190 3711 92 20 Branch
1295 3709 182 21 Establishment
1484 3716 5 11 :
1505 3708 60 19 Near
1583 3707 68 20 Town
1660 3706 50 20 Hall

1368 3736 58 19 Eist
1435 3734 93 20 Oxford.

1234 3914 19 39 C
1253 3914 57 39 3-.
1364 3912 316 44 SMITH,

1186 3977 87 43 ZINC,
1296 3975 70 40 TIN,
1390 3974 65 40 AND
1478 3973 117 41 SHEET,
1620 3972 90 39 STEEL

1392 4038 139 22 WORKER

1221 4078 89 40 High
1332 4076 113 38 Street,
1467 4075 81 31 East
1571 4074 126 32 Oxford.

1188 4180 41 25 All
1240 4179 73 24 kinds
1325 4177 27 26 of
1366 4178 97 30 Pumps
1474 4175 78 26 Fixed
1564 4178 22 22 &
1602 4176 108 32 Repaired

1303 4222 27 24 at
1341 4221 45 24 the
1399 4220 109 25 shortest
1519 4219 92 24 notice.

10 1034 2 8 p
152 1040 25 6 <itiiii
240 1039 9 7 n
491 1026 117 15 KIjEGRAIIS
789 1025 95 21 iT^^^^^^s
895 1027 65 19 BBBvLJ
963 1027 62 19 31^^^.

183 1339 101 81 J.
381 1328 620 92 LOUGH,

147 1459 164 28 BUILDER,
357 1455 245 30 UNDERTAKEE,
651 1452 274 28 WHEELWRIGHT
958 1451 76 25 ETC.

22 1532 208 39 -w-^ttISHES
247 1534 25 22 to
295 1530 77 31 notify
393 1531 27 23 to
442 1531 41 23 the
499 1528 81 32 public
595 1529 53 24 that
671 1527 33 24 he
725 1527 20 24 is
757 1525 131 33 appointed
907 1524 82 32 Agent
1005 1523 38 25 for
1060 1523 40 24 the

15 1621 261 45 WALTER
295 1619 56 54 A.
372 1617 230 47 WOOD'S
624 1618 241 46 Reapers
883 1614 33 43 &
935 1613 234 60 Binders;

245 1718 217 43 Mowers
494 1716 100 44 and
624 1715 184 44 Rakes.

1168 1765 2 21 j

137 1815 60 20 ALL
224 1812 119 22 EXTEAS
370 1812 59 20 FOR
455 1809 98 22 THESE
580 1806 159 23 MACHINES
766 1805 81 21 KEPT
874 1805 35 20 IN
939 1802 100 22 STOCK.

18 1894 51 23 also
83 1892 37 24 W.
134 1891 29 24 A.
177 1891 101 25 Wood's
290 1890 92 23 Binder
393 1888 85 25 Twine
489 1887 50 25 and
550 1887 42 29 oil,
605 1885 138 28 Valvoline,
756 1884 101 27 Castor,-
863 1882 88 25 Boiled
959 1882 20 23 &
989 1881 61 25 Eaw
1059 1878 109 27 Linseed

10 1935 55 30 IDil,
83 1934 118 30 Building
218 1932 128 25 Materials
369 1931 50 24 and
441 1931 179 29 Ironmongery
639 1928 26 25 of
683 1935 71 23 every
772 1925 151 31 description
935 1925 26 24 at
982 1924 96 25 Lowest
1089 1923 77 24 Rates

512 1972 81 31 Agent
609 1970 39 26 for
1168 1977 2 35 j

260 2029 62 20 THE
349 2026 205 22 MANCHESTER
580 2023 176 24 INSURANCE
784 2021 153 22 COMPANY.

1168 2069 2 13 i

107 2160 423 89 Infant's
620 2156 141 85 Po
770 2153 306 87 wders

215 2283 86 35 FOR
321 2280 228 36 CHILDREN
582 2277 202 36 CUTTING
813 2276 154 34 TEETH

58 2331 89 29 Have
162 2330 115 39 proved
293 2338 57 20 one
365 2329 33 29 of
411 2328 54 30 the
480 2329 138 37 greatest
632 2325 99 30 boons
754 2334 72 20 ever
840 2322 186 30 introduced
1053 2325 33 25 to
1114 2320 54 29 the

16 2381 118 39 public.
180 2381 89 38 They
283 2389 52 19 are
351 2377 137 39 charged
502 2377 96 38 solely
617 2376 77 29 with
709 2384 19 19 a
756 2374 116 38 special
906 2371 202 39 preparation
1136 2370 33 28 of

14 2432 81 29 mine
111 2441 68 20 own
201 2430 61 30 and
279 2440 52 19 are
346 2428 190 39 guaranteed
551 2425 153 40 perfectly
728 2423 162 30 harmless.
949 2422 130 29 Fathers
1108 2420 61 30 and

15 2481 137 32 Mothers
168 2481 35 31 of
214 2480 157 31 hundreds
386 2480 29 29 oi
431 2478 134 30 families
579 2475 194 32 recommend
788 2474 86 30 them
899 2473 77 31 with
991 2472 178 32 confidence
1168 2503 2 14 |

15 2544 33 20 as
63 2534 91 38 being
170 2533 100 39 ample
281 2535 33 26 to
329 2540 122 21 remove
463 2529 42 30 all
517 2530 51 29 the
580 2528 146 37 ordinary
738 2527 237 38 derangements
990 2524 72 30 that
1076 2534 93 19 occur

10 2576 118 38 during
143 2574 159 30 dentition.

15 2659 122 38 THEY
153 2658 97 39 COOL
264 2657 89 38 THE
373 2656 128 43 GUMS,
1168 2661 2 45 j

98 2708 197 41 COMPORT
315 2706 89 40 THE
443 2704 139 40 CHILD.
630 2701 143 40 CHECK
798 2698 282 45 COUVTJLSOIJS,

342 2764 92 39 AND
449 2762 185 41 RENDER
655 2757 222 41 TEETHING
890 2757 128 51 QUITE
1033 2755 130 40 EASY.

55 2831 99 28 These
170 2828 142 31 Genuine
328 2826 147 30 Powders
491 2835 53 19 are
558 2825 32 29 m
606 2833 54 21 use
676 2819 42 41 by
733 2821 42 30 all
791 2820 110 30 classes
916 2819 33 30 of
963 2818 125 40 society,
1107 2818 60 29 and

13 2874 34 27 m
60 2871 42 29 all
116 2874 87 34 parts
218 2870 33 28 of
259 2868 76 30 New
351 2866 147 30 Zealand.

312 2917 61 25 Sold
384 2916 28 23 m
424 2915 81 25 Boxes
518 2912 146 31 containing
676 2911 32 24 12
720 2910 112 31 powders
845 2908 37 33 1/-

92 2995 363 27 G-U-A-IE^IEnriEiIEID
471 2991 309 25 PEBPBCTLY
801 2986 301 24 ZHLA-SIMIIjIESS-

10 3034 59 23 Bbst
81 3033 50 23 free
143 3035 25 21 to
181 3040 48 21 any
241 3033 55 28 part
308 3030 27 23 of
344 3030 62 22 New
418 3027 109 24 Zealand
534 3034 33 16 on
579 3025 147 24 remittance
736 3023 27 23 of
775 3021 45 33 1/-.
879 3018 124 32 Prepared
1014 3019 48 24 and
1073 3018 53 25 sold
1133 3018 33 31 by

409 3069 115 31 JOHN
548 3067 29 31 S.
603 3065 148 36 COOKE,

360 3120 145 33 Registered
539 3115 212 29 Pharrnacenfcieal
769 3114 120 29 Chemist,

703 3155 111 26 Cashel
841 3155 117 29 Street,

834 3187 280 27 OHRISTCHURCH.

182 3235 614 42 ooTsrsTjT/TA.Tioisrs
835 3232 195 34 :fr/-e;:e:

157 3451 389 48 FURNISHING
656 3444 392 49 WAREHOUSE

390 3544 486 50 CHRISTCHURCR

19 3632 25 24 Is
62 3632 45 24 the
133 3630 80 33 depot
232 3628 88 25 where
343 3635 55 25 you
423 3633 49 18 can
495 3633 43 18 see
559 3625 46 24 the
627 3623 110 33 Largest
766 3620 84 27 Stock
876 3620 30 24 m
938 3618 68 26 New
1052 3616 116 28 Zealand

424 3670 28 26 of
471 3670 38 26 all
531 3669 79 27 kinds
621 3668 29 26 of
658 3675 6 16 :
666 3681 37 5 —

18 3725 280 55 CARPETS,
342 3717 443 54 FLOORCLOTHS,
806 3712 360 47 LINOLEUMS

103 3815 207 51 CHINA,
344 3813 201 52 GLASS,
588 3806 494 52 EARTHENWARE,

364 3905 357 49 FURNITURE
754 3905 83 43 &c.

19 4009 53 44 at
114 4004 54 45 A.
208 4004 42 45 J.
281 4002 128 44 W.'S
466 4013 104 33 YOU
624 4011 101 33 CAN
776 4007 212 34 DEPEND
1038 4004 131 33 UPON

20 4093 106 36 THE
159 4091 128 34 BEST
318 4088 165 36 GOODS
514 4089 68 32 AT
612 4086 109 34 THE
753 4083 215 34 LOWEST
987 4082 182 34 PRICES

74 4161 170 44 Steam
264 4153 214 46 Cabinet
498 4153 101 44 and
617 4149 308 57 Upholstery
941 4147 192 44 Works

339 4234 78 43 St.
455 4230 68 47 As
526 4243 108 34 aph
664 4229 219 46 Street.

48 99 24 24 'D
104 97 19 20 f

50 115 20 10 w
103 119 20 13 m
222 125 25 23 ft

46 180 23 12 „-'
102 173 19 14 W
157 181 24 12 uo
221 173 25 19 O

46 200 20 17 fs
102 191 19 17 H
157 197 23 15 W
220 194 25 20 [X
257 191 12 26 4

47 210 21 34 H
220 217 24 22 M

44 238 77 22 *H
164 257 16 10 »
220 241 24 21 O

44 270 24 28 as
101 272 20 30 $
157 270 23 30 s
220 280 24 20 eh

100 328 21 53 I
156 344 23 28 5
218 345 25 22 w

43 378 24 29 £l<
100 385 20 17 o
219 386 24 16 m

42 444 25 13 /TN
156 433 23 27 5
217 439 26 17 GQ

100 454 20 51 l
155 462 23 16 W
217 458 25 37 3

43 530 24 22 V
100 535 19 17 *
156 521 22 26 >S

42 533 78 58 si
217 554 24 38 g

43 619 24 54 ri
98 622 21 41 a
