3465 4437
82 181 115 25 REPLY
218 181 43 25 TO
283 181 225 28 TELEGRAMS.

87 249 26 23 J.
125 248 151 24 O'Halloran
287 248 72 31 Esq.,

53 282 71 24 Cbaii
131 289 61 17 man
203 280 88 27 Water
307 281 52 32 Sup
368 281 34 31 )ly
425 282 102 25 Oxford-

19 324 73 25 Your
100 325 116 30 telegram
225 333 21 15 re
253 324 83 25 ceived
345 324 14 24 I
366 325 64 23 have
438 324 127 24 conferred

21 368 64 23 with
98 367 39 24 Mr
146 367 89 25 Baddo
247 375 28 16 as
287 367 131 30 requested
441 375 50 24 you
514 367 52 24 will

23 417 35 17 no
68 409 77 25 doubt
157 409 30 25 be
199 410 100 30 pleased
317 411 26 23 to
366 410 62 23 hear
445 409 57 25 that
524 411 42 23 the

25 453 52 23 Bill
86 453 47 23 has
152 452 89 31 passed
249 452 34 24 its
293 453 91 23 second
395 452 104 30 rending
517 452 51 24 and

25 495 58 24 that
93 496 69 23 there
173 495 22 24 is
214 503 71 23 every
297 496 116 30 prospect
424 495 27 24 of
472 495 33 24 its
525 494 44 24 be-

28 539 101 31 coming
147 540 53 24 law.

197 582 34 24 R.
251 582 23 23 J.
294 581 108 28 Seddon,

335 621 168 31 Wellington.

94 681 30 23 F.
139 682 25 23 J.
179 681 121 28 Webster,

230 718 71 24 West
317 717 102 24 Oxford.

64 756 88 22 Water
166 755 95 30 Supply
281 754 52 24 Biil
357 754 31 31 by
409 762 15 15 a
446 753 125 24 fortunate

29 797 166 25 combination
216 796 27 25 of
265 796 194 25 circumstances
479 795 91 32 passed

29 841 35 24 i;s
94 840 91 24 s--CDnd
225 840 131 30 reading—
361 839 70 24 third
469 839 103 30 reading

29 883 41 24 Ati
72 884 55 30 just
145 883 59 24 2nd.

230 924 31 23 D.
287 923 96 28 Buddo,

335 959 168 31 Wellington.

34 1063 70 25 THE
136 1063 114 25 CHEAP
275 1061 122 25 MONEY
418 1060 151 27 SCHEME.

67 1154 121 24 Whether
200 1160 89 22 money
300 1153 22 22 is
334 1154 27 21 to
378 1151 31 24 be
426 1150 145 25 considered

35 1204 28 16 as
75 1196 94 31 having
181 1203 31 16 an
223 1195 112 24 intrinsic
357 1194 82 28 value,
452 1201 27 16 or
491 1201 27 16 as
529 1192 41 24 be-

34 1240 45 30 ing
89 1247 14 16 a
115 1239 156 30 commodity,
281 1246 15 16 a
304 1237 124 28 standard,
438 1244 14 16 a
461 1243 110 17 measure

37 1290 28 15 or
82 1290 14 15 a
108 1282 85 29 pledge
196 1295 29 4 —
227 1288 27 16 as
267 1281 21 23 is
300 1280 123 29 variously
439 1278 132 31 suggested

38 1329 32 27 by
82 1324 123 25 writers—
207 1323 50 24 and
268 1323 110 24 whether
389 1323 41 22 the
452 1323 54 22 true
517 1321 54 24 idea

33 1368 27 24 of
74 1375 87 24 money
163 1381 31 3 —
196 1375 27 16 as
236 1366 60 25 sueh
298 1380 31 4 —
331 1365 30 25 be
372 1367 44 23 not
435 1364 136 32 altogether

39 1410 54 24 that
107 1411 24 22 of
143 1418 14 15 a
169 1409 74 24 ticket
253 1417 26 16 or
287 1409 120 24 counter?

71 1451 121 24 Whether
204 1451 19 24 it
232 1451 60 23 doth
303 1452 45 22 not
360 1450 62 24 have
435 1449 76 23 much
526 1448 44 24 im-

36 1496 55 30 port
107 1497 24 21 to
154 1494 63 24 have
240 1501 14 16 a
282 1493 68 31 right
379 1491 145 32 conception
547 1491 27 24 of

36 1546 90 22 money
135 1538 10 23 ?
159 1537 49 24 and
217 1537 111 25 whether
340 1537 31 24 its
384 1538 55 22 true
460 1535 48 24 and
519 1535 53 32 just

37 1581 55 24 idea
104 1580 29 25 be
146 1583 44 22 not
208 1581 55 24 that
275 1580 26 25 of
310 1588 15 15 a
345 1579 75 25 ticket
432 1587 27 16 or
471 1581 101 22 counter

37 1624 116 31 entitling
162 1625 25 22 to
199 1631 87 23 power,
307 1623 50 23 and
368 1622 73 24 fitted
453 1623 24 22 to
489 1621 83 24 record

37 1669 49 21 and
100 1667 105 23 transfer
218 1668 90 29 power?

70 1709 118 23 Whether
206 1716 79 23 power
297 1709 25 23 to
334 1706 133 26 command
479 1706 42 24 the
533 1706 37 24 in-

39 1752 84 30 dustry
136 1752 26 23 of
173 1751 82 24 others
279 1751 29 24 be
329 1752 44 22 not
385 1750 51 23 real
459 1749 89 24 wealth
560 1750 11 22 ?

37 1795 50 22 and
99 1794 110 23 whether
224 1801 86 22 money
335 1792 29 25 be
385 1794 44 22 not
451 1792 28 24 m
501 1792 70 24 truth
578 1797 2 25 j

35 1836 89 23 tickets
137 1844 27 15 or
174 1836 85 23 tokens
280 1836 36 23 for
328 1835 135 30 conveying
474 1834 48 24 and
533 1841 37 16 re-

37 1878 102 30 cording
152 1878 59 23 such
224 1878 100 30 power.?
348 1878 49 22 and
417 1876 112 25 whether
550 1876 21 23 it

35 1921 30 23 Le
78 1922 26 22 of
114 1923 69 28 great
195 1926 167 25 consequence
369 1920 68 24 what
446 1918 124 25 materials

35 1963 44 24 the
92 1963 87 24 tickets
192 1972 39 15 are
243 1963 72 24 made
328 1963 44 23 of?

69 2006 121 23 Whether
202 2006 77 28 trade,
293 2005 79 24 either
383 2005 94 31 foreign
489 2012 28 16 or
528 2005 42 22 do-

35 2048 92 30 mestic,
140 2048 28 25 be
181 2049 26 24 m
220 2050 67 23 truth
301 2057 47 21 any
360 2056 68 17 more
446 2048 63 25 than
521 2048 48 25 this

33 2097 134 16 commerce
180 2089 26 24 of
212 2088 134 31 industry?

68 2132 121 22 Whether
198 2135 26 19 to
241 2132 120 29 promote,
386 2129 110 30 transfer,
520 2130 48 23 and

33 2181 84 16 secure
127 2173 50 24 this
187 2180 137 18 commerce
336 2173 49 23 and
393 2172 51 24 this
452 2172 116 31 property

33 2217 25 23 ia
76 2218 95 23 human
182 2217 94 27 labour,
289 2225 35 18 or,
337 2216 27 24 m
385 2215 71 25 other
479 2215 88 31 words,

35 2257 51 22 this
100 2264 78 21 lower
190 2257 30 23 ba
231 2259 44 21 not
287 2258 42 23 the
338 2259 50 22 sole
400 2266 87 16 means
495 2259 26 23 of
528 2265 41 16 en-

36 2298 97 30 riching
145 2306 14 15 a
171 2298 85 30 people
275 2299 48 22 and
335 2299 56 24 how
402 2299 39 24 far
452 2300 48 23 this
512 2307 58 23 may

38 2339 30 23 be
81 2339 60 23 done
153 2340 191 30 independently
355 2340 26 24 of
390 2340 58 30 gold
467 2341 48 23 and
528 2341 41 24 sil-

35 2388 18 19 V
67 2390 10 15 r
87 2382 11 23 ?

72 2424 121 24 Whether
204 2433 15 15 a
230 2425 111 24 national
361 2433 118 24 currency
491 2427 80 24 would

37 2469 45 22 n)t
94 2467 30 23 be
138 2475 68 16 more
229 2468 129 24 beneficial
380 2469 63 24 than
466 2476 62 18 even
555 2477 15 16 a

37 2518 9 21 f
53 2509 127 30 old-mine,
194 2511 50 23 and
255 2511 111 24 whether
375 2511 54 24 that
438 2511 30 24 be
475 2514 42 21 not
526 2511 43 25 the

34 2554 55 22 true
101 2553 178 30 philosopher's
296 2555 70 23 stone
389 2554 25 23 m
444 2562 15 17 a
483 2554 70 25 State
562 2563 6 21 ;

33 2596 50 25 an;l
106 2596 109 25 whether
243 2605 90 23 money
362 2598 82 24 would
467 2606 56 16 ever
540 2599 28 24 be

33 2640 110 31 wanting
155 2642 25 22 to
193 2641 41 23 the
246 2641 117 23 demands
375 2641 27 24 of
420 2641 116 32 Industry
547 2642 22 24 if

33 2690 34 15 we
79 2683 63 23 have
155 2690 14 16 a
180 2683 113 24 national
305 2683 66 24 bank
381 2684 11 23 ?

326 2725 95 24 Bishop
437 2726 127 23 Berkley.

1182 31 172 31 OXFORD
1399 30 226 32 OBSERVER
1669 27 241 35 SATURDAY,
1954 23 108 31 JULY
2079 23 51 33 28,
2152 18 91 29 1894.

2902 4213 102 27 Printed
3004 4237 3 2 .
3029 4216 51 25 and
3107 4228 6 6 -
3118 4217 137 27 Published
3283 4220 32 32 ly
3349 4221 88 26 Laura

2934 4252 83 26 Annie
3038 4254 103 30 Parish,
3165 4258 28 22 at
3214 4256 58 24 her-
3291 4258 145 31 Registered

2934 4294 118 35 Printing
3063 4296 85 31 Office,
3170 4298 69 33 Hifb
3264 4299 91 27 Street.
3378 4301 61 27 East

2935 4338 100 27 Oxford.
3046 4339 163 35 CaDterbury.

2935 4378 131 27 Saturday
3099 4380 69 26 July
3193 4383 32 25 28
3233 4391 41 17 th,
3285 4384 80 24 1894,

2970 152 54 45 A.
3043 155 54 43 R
3113 151 275 63 TUTTON,

2946 224 232 31 AUCTIONEER,
3223 224 194 28 VALUATOR,

2914 264 108 26 GRAIN
3062 267 71 24 AND
3168 266 163 25 PRODUCE
3354 258 102 31 'MER-

2930 304 123 31 CHANT,
3066 307 71 24 AND
3154 306 136 25 ESTATE
3304 306 128 24 AGENT.

3010 383 193 30 AUCTION
3219 383 131 30 SALES

3172 439 31 16 OF

2913 466 87 26 LIVE
3018 468 109 27 STOCK
3140 470 44 25 AT
3196 470 72 25 THE
3277 470 179 26 RANGIORA

2948 507 145 27 MARKET
3106 510 119 26 EVERY
3247 512 171 25 TUESDAY.

2914 583 98 25 Private
3023 585 67 24 Sale
3086 585 20 24 3
3101 590 62 21 most
3172 589 130 31 efficiently
3311 589 143 24 conducted.

3429 627 24 16 r-

2915 661 81 31 Agent
3009 663 39 24 for
3060 663 41 25 the
3119 665 78 25 South
3214 667 92 24 British
3323 668 132 24 Insurance

2915 693 133 33 Company.

3042 724 3 4 '
3064 734 30 23 A.
3103 735 29 23 P.
3145 736 144 31 TUTTON,

3097 773 152 31 Auctioneer,
3263 779 50 29 &c,
3322 778 103 33 Rangioi
3431 790 21 14 a.

2915 964 59 47 ML
3010 965 51 48 K.
3111 966 310 52 CEBEBHAI
3450 926 6 19 '

2975 1037 130 23 PAINTBE
3117 1041 58 19 AND
3189 1041 177 29 DECORATOR,

2916 1068 126 27 WRITER,
3061 1072 135 25 GRAINER,
3215 1074 110 22 GILDER
3344 1078 50 24 &0.,
3405 1079 43 20 &C.

3017 1105 113 30 EAST
3167 1107 179 33 OXFORD.

3062 1290 251 49 NOTICE.

2914 1413 99 44 Job
3031 1414 235 59 Printing
3278 1420 9 43 !

3087 1493 101 46 Job
3210 1495 240 61 Printing

2955 1575 174 31 OXFORD
3186 1578 224 33 OBSERVER

2995 1625 163 41 Machine
3187 1629 180 50 Printing.

3093 1678 167 41 WORKS

2979 1726 89 28 MAIN
3080 1728 145 31 STREET,
3236 1732 148 26 OXFORD.

2980 1806 65 47 X^
3048 1803 61 25 INE

2951 1885 41 31 In
3006 1887 75 40 Any
3109 1888 129 42 Variety
3252 1902 35 20 or
3312 1892 96 40 Style.

2994 1989 165 31 Memorial
3175 1991 108 41 Cards,

2997 2029 51 40 (m
3074 2042 70 20 new
3172 2035 61 29 and
3261 2036 104 31 chaste

2994 2071 124 40 designs
3154 2074 44 39 5/-
3209 2086 55 28 per
3287 2078 88 39 doz.)

2995 2116 177 31 Statement
3189 2121 117 37 Heads,

2995 2157 71 31 Ball
3080 2158 226 42 Programmes.

2996 2199 134 37 Posters,
3145 2201 178 39 Handbills,

2994 2240 169 36 Billheads,
3188 2243 140 39 Cheques
3400 2257 54 3 —

2996 2280 25 29 L
3024 2284 79 27 etter
3118 2283 59 28 and
3188 2283 81 29 Note
3282 2284 107 30 Heads

2997 2320 166 38 Circulars,
3186 2322 120 38 Mfenus,

3207 2361 53 33 &c.
3273 2365 75 39 ,&c,
3372 2366 56 30 &c.

2912 2395 84 71 Bfg
2998 2419 3 7 1
3016 2410 120 47 Styles
3151 2410 38 38 m
3204 2411 163 51 Visiting
3380 2414 68 38 and

3000 2499 195 40 -'Business
3212 2500 115 39 Cards.

2913 2582 37 30 R.
2974 2583 41 30 H.
3037 2583 119 36 Parish,
3215 2585 187 41 Proprietor.

2996 2635 66 29 The
3081 2635 180 31 NEWEST
3287 2637 160 32 STYLES

2914 2685 32 28 m
2957 2685 203 30 TYPESand
3172 2687 276 38 ORNAMENTS,

2913 2725 61 29 and
2996 2726 54 30 the
3084 2726 107 31 Latest
3229 2728 227 40 Typographic.

2913 2766 160 31 Novelties
3090 2779 52 19 are
3153 2770 177 38 constantly
3356 2771 92 37 being

2912 2807 100 29 added
3026 2810 33 26 to
3074 2808 54 30 the
3143 2809 98 39 plant,
3254 2810 97 29 which
3364 2812 27 28 is
3404 2812 42 28 al-

2912 2847 95 40 ready
3024 2858 75 30 very
3114 2850 159 38 complete.

2907 3645 105 62 1-wi?h
3025 3646 25 23 to
3061 3646 85 25 inform
3170 3656 41 22 my
3232 3648 91 25 Oxford
3349 3650 92 25 friends

2961 3678 50 23 and
3033 3678 43 25 the
3097 3680 101 30 general
3214 3680 89 26 Publio
3329 3682 57 24 that
3396 3690 44 25 my

2906 3715 125 33 Rangiora
3054 3718 113 27 business
3189 3720 45 26 has
3257 3722 127 26 increased
3413 3726 25 23 to

2905 3757 62 24 such
2978 3766 34 17 an
3023 3760 84 24 extent
3118 3761 54 24 that
3182 3762 15 23 I
3208 3762 66 25 shall
3292 3764 31 24 be
3351 3765 88 25 unable

2904 3797 26 24 td
2933 3824 6 7 t
2953 3797 58 25 visit
3024 3798 88 26 Oxford
3137 3801 76 25 untill
3232 3802 96 25 further
3347 3804 91 26 notice.

2904 3833 43 26 All
2962 3835 69 25 work
3054 3838 56 24 sent
3126 3838 34 32 by
3172 3838 115 26 Griffiths
3299 3840 66 30 8r0.,
3368 3861 2 7 ;
3379 3841 59 26 Car-

2903 3874 70 29 riers,
2998 3876 49 26 will
3069 3878 94 26 veceive
3184 3883 101 30 prompt
3304 3882 132 27 attention.

2904 3914 21 24 A
2961 3916 68 32 large
3065 3918 77 25 Stock
3180 3920 27 24 of
3227 3920 118 26 Watches
3388 3921 68 27 and^'

2904 3953 129 33 Jewellery
3060 3964 34 16 on
3123 3957 77 26 hand.
3236 3958 124 26 Traveller
3398 3961 40 25 for

2903 3991 82 25 North
2994 3992 155 34 Canterbury
3162 3996 97 25 district
3270 3997 41 24 Mr
3322 3997 25 24 J.
3361 3998 75 26 Gent.

2956 4024 26 32 '■'J
3019 4030 69 27 GUS
3099 4030 118 32 JONES,
3238 4031 132 35 Rangidra.

2405 152 426 47 EUCALYPTUS

2530 226 80 5 —
2610 221 11 14 «
2621 226 79 5 —

2403 251 60 21 THE
2478 250 73 20 BEST
2565 249 87 21 HOME
2668 248 140 22 REMEDIE

2463 289 36 14 are
2513 281 37 20 the
2559 281 135 26 preparation
2704 281 25 21 of
2736 281 37 20 the

2348 319 170 22 TASMANIAN
2537 317 185 21 EUCALYPTUS
2737 318 47 20 OIL
2799 317 82 20 COMP.

2377 355 136 25 Universally
2523 354 103 21 admitted
2635 354 37 20 the
2680 354 79 24 BEST,
2770 352 115 21 PUREST

2349 393 43 20 and
2402 392 57 20 moat
2469 390 93 21 effective
2573 390 134 24 Eucalyptus
2730 388 104 20 Globulus
2850 388 35 19 Oil

2349 424 33 20 for
2401 421 172 24 INFLUENZA,
2594 420 92 25 Coughs,
2706 419 64 21 Colds
2794 419 44 20 and
2855 418 30 21 ali

2349 455 65 20 Chest
2431 453 43 20 and
2482 453 64 23 Lung
2562 451 112 20 affections
2688 451 77 26 speedy
2774 450 60 20 relief
2843 450 44 20 and

2349 486 56 21 Cure
2423 486 33 19 for
2472 483 157 24 Rheumatism,
2649 482 123 26 Neuralgia,
2786 482 99 26 Sprains-

2349 514 71 20 Burns
2441 513 34 20 &c.

2376 545 133 26 Eucalyptus
2528 543 103 21 Globulus
2650 544 92 20 Extract
2751 544 89 25 sprayed
2854 543 32 21 in-

2351 577 62 21 haled
2429 576 43 21 and
2486 576 66 20 token
2561 575 117 25 internally
2695 575 33 20 for
2743 575 36 20 the
2797 575 87 26 Throat,

2350 613 97 25 Catarrh,
2464 613 59 24 Hay,
2548 611 98 25 Typhoid
2662 612 43 19 and
2720 612 80 20 Scarlet
2810 613 76 20 Fevers

2351 644 130 22 MEASLES
2492 644 36 21 the
2535 644 54 20 most
2599 643 136 26 satisfactory
2743 645 144 25 preventative

2351 677 43 19 and
2408 677 61 19 Cure.
2497 676 56 20 Send
2566 676 51 19 Post
2633 676 56 19 Card
2699 677 22 18 to
2732 676 35 19 the
2777 675 63 21 Office
2853 676 33 20 for

2351 707 95 20 Ciroular
2460 707 120 23 describing
2599 707 121 19 treatment.
2747 707 139 25 EuQalyptus,

2351 739 111 20 Ointment
2472 740 36 19 the
2518 739 70 25 Magic
2597 739 79 20 Healer
2690 739 21 20 of
2726 739 69 23 Sores,
2809 740 78 23 Burns,

2352 769 101 25 Wounds,
2470 770 60 20 Boils
2548 771 45 23 &c,
2616 770 133 26 Eucalyptus
2768 771 57 25 Soap
2838 771 43 19 Fra

2351 802 62 24 grant
2423 801 43 21 and
2474 802 125 25 refreshing,
2623 802 133 25 Eucalyptus
2765 802 88 25 Jujubes
2863 808 24 14 or

2351 832 101 20 Pastilles
2462 833 33 20 for
2504 832 37 21 the
2566 834 80 20 Throat
2657 833 42 20 and
2708 833 64 20 Voice
2781 839 36 17 .an
2831 834 55 20 anti-

2352 863 67 25 eeptic
2429 863 42 20 and
2481 863 120 21 stimulant.

2351 895 126 27 Veterinary
2493 896 36 20 Oil
2539 896 42 21 and
2591 897 111 20 Ointment
2712 896 32 20 for
2755 896 36 21 the
2800 897 85 20 stables.

2379 930 29 19 Be
2418 935 48 14 sure
2476 935 42 19 you
2528 930 108 20 Purchase
2650 930 40 19 the
2699 929 104 25 Platypus
2819 929 68 20 brand

2351 960 50 25 only
2411 961 23 19 of
2441 961 29 20 all
2479 961 113 25 Chemists,
2598 961 87 21 Grocers
2692 961 43 21 and
2742 961 145 26 Storekeepers,

2351 992 43 20 and
2408 992 22 21 at
2444 992 37 21 the
2492 992 63 21 Office
2565 994 12 20 9
2587 993 113 20 Cathedral
2710 999 76 19 square
2795 992 92 21 between

2351 1023 100 21 Morten's
2465 1025 113 25 Buildings
2586 1027 41 18 and
2639 1025 36 20 the
2684 1026 51 20 Post
2746 1025 69 20 Office.

2515 1058 88 21 Oxford
2613 1060 79 26 Agent

2405 1094 26 21 E.
2441 1094 30 22 H.
2485 1095 120 26 PAEISH,
2627 1095 77 21 EAST
2718 1096 119 21 OXFORD

2431 1131 141 26 Eucalyptus
2582 1133 37 19 Oil
2633 1131 31 27 1/-
2677 1138 41 20 per
2726 1133 78 19 bottle.

2350 1214 101 22 RONGO
2488 1215 54 21 PAI
2562 1215 95 21 TENEI
2671 1215 55 20 KEI
2740 1215 124 21 KOUTOTJ

2563 1250 111 21 KATOA.
2725 1267 2 2 .

2391 1285 191 39 MACBEAN
2626 1286 218 38 STEWART'S

2349 1341 74 20 NEW
2438 1342 79 21 CURE
2532 1342 59 21 FOE
2604 1342 127 21 ASTHMA

2403 1377 74 20 NEW
2492 1378 78 19 CUEE
2584 1378 69 21 FOR.
2657 1378 97 21 CROUP

2462 1412 74 19 NEW
2550 1412 79 20 CURE
2643 1413 58 19 FOE
2714 1413 172 19 DIPHTEEIA

2403 1441 73 20 NEW
2490 1441 80 21 CUEE
2584 1443 59 19 FOE
2657 1443 133 20 CHRONIC

2525 1478 189 22 BRONCHITIS.

2363 1516 114 28 Prepared
2486 1516 59 21 from
2554 1516 41 21 the
2603 1517 122 21 Mountain
2735 1518 47 21 and
2791 1518 81 22 Forest

2468 1544 81 20 Plants
2563 1544 24 20 of
2600 1544 55 21 New
2670 1545 105 21 Zealand.

2347 1578 30 20 In
2385 1578 98 20 Asthma
2493 1578 41 20 the
2544 1578 54 20 New
2608 1578 58 20 Cure
2675 1578 43 21 has
2727 1579 86 25 proved
2820 1580 65 21 itself

2389 1606 25 19 to
2423 1605 29 20 be
2461 1605 65 20 Head
2536 1605 46 20 and
2592 1605 122 21 Shoulders
2725 1606 70 21 above
2805 1607 33 20 *>J1

2530 1632 72 20 Other
2616 1632 76 20 Cures.

2374 1670 29 19 In
2412 1676 30 13 no
2452 1669 101 21 instance
2563 1670 41 19 has
2614 1676 14 14 a
2635 1670 69 20 death
2713 1671 106 20 occurred
2825 1672 60 20 from

2348 1695 131 27 diphtheria
2497 1696 66 20 when
2581 1696 41 21 the
2842 1698 42 21 has

2347 1723 58 21 been
2413 1723 73 26 freely
2495 1723 58 20 used
2561 1723 59 20 from
2626 1723 40 21 the
2676 1723 50 21 first
2733 1725 76 20 outset
2814 1725 24 20 of
2844 1725 40 20 the

2348 1749 92 25 disease,
2458 1749 46 21 and
2523 1755 26 14 so
2566 1751 67 24 great
2652 1756 38 15 are
2707 1751 32 20 its
2758 1752 126 25 protective

2346 1782 91 20 powers,
2449 1776 54 20 that
2511 1776 41 20 the
2561 1777 125 25 complaint
2694 1777 44 21 has
2747 1784 70 14 never
2826 1778 58 21 been

2347 1803 80 19 known
2436 1803 25 19 to
2471 1803 82 25 spread
2561 1803 25 20 to
2595 1803 68 20 other
2679 1804 110 21 members
2807 1805 22 20 of
2843 1805 42 20 the

2345 1829 88 24 family.

2374 1862 47 21 The
2429 1862 56 21 New
2494 1862 65 25 Cure,
2569 1864 25 19 3s
2603 1864 40 23 6dj
2655 1864 117 20 Grindelia
2781 1864 102 21 Eobusta

2410 1889 136 26 Cigarettes.,
2556 1892 25 18 2s
2588 1898 7 16 ;
2605 1890 97 21 Asthma
2715 1891 107 25 Tobacco,

2516 1918 24 19 2s
2555 1916 30 21 6d
2598 1917 46 20 and
2658 1918 30 19 Is.

2373 1973 186 40 HEALTH
2581 1973 41 41 IS
2645 1975 214 40 WEALTH.

2345 2024 39 22 TO
2391 2023 62 22 THE
2463 2024 171 23 SUFFERING
2640 2026 244 22 &UNFOETUNATE

2347 2087 85 56 ALL
2453 2087 88 28 Weak,
2552 2088 112 25 Nervous
2681 2088 47 24 and
2739 2088 144 25 Debilitated

2402 2119 116 25 Sufferers
2527 2121 55 23 who
2591 2121 61 23 have
2660 2121 87 23 wasted
2756 2121 63 22 their
2827 2121 56 22 time

2346 2152 48 24 and
2406 2159 93 21 means,
2513 2153 102 30 sending
2623 2155 25 22 to
2656 2153 69 24 other
2735 2152 112 25 Colonies
2854 2151 28 25 P.

2347 2184 29 25 0.
2387 2184 139 28 Boxes&c,
2535 2186 38 23 for
2581 2186 117 24 so-called
2704 2186 104 24 Electric
2817 2186 66 23 Belts

2347 2218 48 24 and
2415 2217 99 25 Useless
2532 2218 137 28 Nostrums,
2683 2218 85 25 should
2781 2219 43 23 not
2836 2219 47 22 dis-

2338 2251 67 30 .pair,
2417 2252 51 25 but.
2474 2252 96 22 consult
2580 2251 138 30 personally
2730 2259 27 15 or
2768 2250 32 31 by
2810 2255 64 26 post.

2347 2295 134 47 FREE.
2509 2306 32 20 W
2542 2321 5 6 -
2561 2295 206 47 SOTMANN,]^
2847 2296 27 47 Q

2347 2356 52 24 The
2412 2357 55 30 only
2479 2356 99 25 Electro
2596 2356 101 26 Medical
2708 2356 125 32 Specialist
2842 2358 40 24 ad-

2347 2389 119 31 vertising
2484 2389 68 31 [with
2570 2391 93 29 twenty
2671 2398 68 22 years
2753 2390 130 31 European

2347 2422 146 30 experience,
2515 2422 50 23 and
2581 2422 66 24 three
2666 2430 67 22 years
2749 2422 81 25 before
2842 2424 42 23 the

2347 2454 58 24 New
2418 2454 105 24 Zealand
2534 2454 95 32 public]
2646 2455 54 23 who
2711 2455 44 24 has
2767 2455 72 24 made
2850 2455 34 25 all

2347 2487 94 24 chronic
2452 2494 67 17 cases
2527 2487 26 24 of
2564 2495 55 16 men
2634 2488 48 22 and
2693 2495 95 17 women
2800 2496 13 15 a
2831 2488 52 24 life-

2347 2518 58 24 time
2417 2519 81 31 etudy,
2511 2520 47 22 and
2574 2520 27 23 to
2627 2520 113 24 convince
2758 2520 43 24 the
2818 2523 66 22 most

2347 2551 121 31 sceptical,
2481 2551 14 24 I
2506 2552 50 24 will
2566 2551 98 24 forward
2676 2552 120 25 electrical
2808 2553 75 31 appli-

2346 2591 72 17 ances
2437 2584 48 24 and
2504 2585 170 24 consentrated
2702 2587 129 24 treatment
2851 2594 32 16 on

2347 2625 58 23 easy
2417 2619 76 23 terms
2507 2617 26 24 of
2539 2621 123 27 payment.

2500 2657 191 27 [testimomtal.3

2571 2688 115 25 Dunedin,
2696 2689 56 25 July
2761 2690 35 23 28,
2807 2690 59 20 1893.

2373 2720 25 20 It
2406 2720 66 26 gives
2486 2726 37 14 me
2534 2720 66 26 great
2608 2720 104 26 pleasure
2727 2721 26 20 to
2766 2722 78 25 report
2859 2727 25 14 so

2345 2746 134 27 favourably
2488 2747 25 20 m
2522 2748 57 20 such
2589 2753 14 14 a
2612 2747 65 21 short
2684 2748 63 24 time,
2763 2748 122 26 especially

2346 2774 60 21 after
2414 2774 71 26 being
2493 2774 91 21 treated
2599 2774 32 26 by
2650 2781 69 14 seven
2734 2775 151 25 professional

2345 2807 53 14 men
2407 2801 37 20 for
2452 2807 29 14 no
2490 2801 88 24 benifit,
2588 2801 46 20 and
2653 2801 13 20 I
2684 2801 60 20 have
2761 2802 124 26 gradually

2345 2833 96 26 gaining
2451 2833 105 24 strength
2570 2833 47 20 and
2626 2839 86 20 energy
2721 2834 61 20 since
2791 2834 93 26 placing

2345 2866 39 19 my
2392 2865 51 15 case
2462 2859 25 20 m
2499 2866 57 19 your
2573 2866 58 18 care,
2650 2860 46 20 and
2714 2860 13 20 I
2734 2861 62 20 shall
2806 2861 79 26 gladly

2344 2887 142 20 recommend
2495 2892 57 21 your
2560 2887 51 20 able
2619 2887 125 21 treatment
2752 2888 25 20 to
2786 2888 83 21 others.

2667 2915 21 20 J.
2699 2915 38 20 Me
2747 2915 108 20 Donald.

2377 2946 61 26 Free
2450 2946 57 26 trial
2519 2947 65 30 daily
2593 2947 59 25 from
2666 2949 29 23 11
2706 2956 58 17 a.m.
2773 2949 40 24 till
2825 2949 58 25 9.30

2344 2988 59 23 p.m,
2412 2980 27 24 of
2448 2981 40 23 the
2499 2981 73 24 latest
2584 2981 56 30 only
2651 2981 109 24 Eeliable
2770 2981 48 24 and
2826 2982 57 24 Per-

2345 3014 98 23 manent
2462 3012 61 26 Cure
2544 3014 37 22 for
2598 3014 162 28 rheumatism,
2779 3015 103 28 sciatica,

2343 3045 130 30 neuralgia,
2478 3046 60 24 liver
2547 3045 181 30 derangement,
2738 3047 143 29 indigestion

2345 3077 103 30 buzzing
2458 3078 28 23 m
2497 3076 40 24 the
2547 3077 60 24 head
2620 3077 49 24 and
2678 3085 60 20 ears,
2753 3078 128 28 dizziness,

2344 3109 69 25 weak
2418 3109 70 30 back,
2493 3109 63 24 tired
2559 3109 96 32 feeling,
2663 3110 85 31 specks
2755 3110 81 25 before
2842 3111 41 24 the

2344 3149 61 23 eyes,
2429 3142 115 25 nervious
2565 3142 144 31 irritability,
2731 3144 150 28 exhaustion,

2343 3174 54 24 lack
2409 3174 25 24 of
2446 3182 96 23 energy,
2555 3174 96 25 bladder
2659 3176 48 22 and
2716 3175 90 32 kidney
2814 3178 66 23 trou-

2343 3208 58 28 bles,
2426 3208 104 23 varicose
2553 3208 74 29 veins,
2651 3209 47 22 and
2710 3209 33 24 all
2763 3210 118 23 weakness

2342 3240 99 30 pecular
2449 3241 25 23 to
2486 3247 65 17 men.

2376 3277 135 24 Numerous
2535 3278 105 30 grateful
2650 3278 85 24 letters
2747 3279 63 24 from
2823 3280 57 23 both

2343 3316 67 18 sexes
2422 3317 44 16 can
2476 3309 30 25 be
2523 3310 132 31 inspected.

2384 3346 62 40 W.
2471 3348 228 47 NOTMAM,
2732 3348 131 45 M.E.C,

2420 3395 198 30 Marketplace,
2650 3395 179 26 ChristcHurch.

2391 3470 189 55 Money
2598 3473 54 41 to
2675 3472 154 43 Lend.

2382 3532 17 30 I
2434 3532 80 31 Lave
2535 3544 114 30 money
2683 3537 33 27 to
2738 3534 74 30 lend
2846 3536 33 28 m

2340 3574 87 39 large
2456 3584 35 19 or
2512 3575 89 30 small
2636 3585 84 20 sums
2747 3579 33 27 to
2817 3577 62 30 suit

2339 3614 177 31 Borrowers
2554 3619 33 26 at
2614 3617 109 29 lowest
2752 3621 127 26 current

2398 3694 62 38 W.
2486 3694 45 39 H.
2558 3695 243 40 SPACEMAN
2801 3697 6 9 1
2808 3722 9 15 .

2514 3742 191 30 SOLICITOR,

2407 3781 192 24 Christchurch
2610 3783 50 23 and
2672 3783 135 25 Rangiora..

2340 3850 215 39 MONEY
2585 3852 81 39 TO
2690 3854 182 41 LEND.

2358 3903 17 29 I
2389 3904 80 31 have
2480 3906 121 30 several
2616 3918 86 21 sums
2717 3909 33 30 of
2763 3920 113 31 money

2339 3950 31 23 to
2385 3945 82 36 lend,
2483 3950 34 26 at
2544 3948 109 31 lowest
2667 3953 84 28 rates
2765 3951 35 30 of
2826 3951 50 30 in-

2335 3987 103 28 terest.

2419 4024 62 39 W.
2500 4025 96 40 E,,D.
2620 4028 167 41 BISHOP.

2512 4070 191 34 SOLICITOR,

2369 4113 48 24 205
2436 4112 123 26 Hereford
2580 4113 39 27 St.
2639 4115 201 29 Christohuroh.

2356 4187 72 31 W.
2473 4189 365 38 WOODWARD

2333 4242 155 27 PAINTER
2505 4244 71 26 AND
2592 4245 272 36 PAPERHANGER,

2434 4292 115 33 EAST
2593 4294 182 37 OXFORD.

2382 4387 43 26 All
2434 4385 82 28 orders
2526 4393 122 30 promptly
2660 4390 122 30 attended'
2786 4389 35 35 toj
2855 4399 8 10 '-

1283 174 72 54 H.
1387 174 62 54 E.
1479 166 445 62 BOARDMAN
1963 162 54 58 &
2047 157 146 64 CO.,

1189 251 141 21 BAILIFFS
1344 251 64 21 AND
1424 246 184 25 COMMISSION
1625 244 127 22 AGENTS.
1798 242 102 23 HOTEL
1912 237 138 23 BROKERS
2064 235 64 21 AND
2142 230 149 24 VALUERS.

1287 299 60 28 222
1370 293 234 33 HEREFORD
1627 290 171 36 STREET,
1843 281 341 38 CHBISTCHURCH.

1476 359 389 20 »♦♦♦♦♦♦♦♦♦♦♦♦♦♦♦♦♦♦♦♦♦♦♦♦♦♦«
1871 359 23 14 M
1899 359 24 14 M
1928 358 8 14 *
1942 359 9 13 >
1956 358 22 14 M
1984 357 8 14 •
1998 356 55 15 M»»

1233 400 42 24 We
1293 400 150 31 respectfully
1455 399 40 28 beg
1513 402 22 19 to
1547 397 73 23 thank
1629 404 43 16 our
1684 394 89 24 Clients
1780 394 50 22 and
1838 392 37 23 the
1886 391 89 24 Public
1984 387 125 34 generally
2111 386 47 30 for
2166 384 39 24 the
2221 384 99 28 support

1163 442 116 24 accorded
1290 450 36 20 us,
1339 442 50 23 and
1400 449 45 16 can
1457 448 81 16 assure
1550 445 43 17 our
1596 438 100 32 friends
1707 437 52 23 that
1768 443 44 16 our
1821 435 105 23 business
1936 433 49 23 still
1992 430 102 25 remains
2111 428 76 23 under
2204 425 37 23 the
2259 430 61 18 same

1165 489 161 28 management
1345 492 28 15 as
1381 484 107 26 hitherto,
1498 482 49 24 and
1556 481 53 24 that
1615 479 134 31 everything
1759 477 120 24 entrusted
1889 479 22 20 to
1919 482 28 16 us
1959 474 51 23 ivill
2019 474 25 23 be
2051 472 79 24 under
2141 469 36 23 the
2189 467 131 24 immediate

1164 529 147 30 sux>ervision
1323 529 30 29 of
1360 536 44 16 our

1364 569 124 32 MR,
1519 567 68 32 H.
1611 566 56 34 E,
1693 556 426 40 BOARDMAN

1399 687 270 35 ■'LOCAL

1284 737 402 46 BARLO¥
1729 735 166 40 AUD
1942 726 275 45 PRICE

1471 788 191 42 Coventry
1700 783 113 46 Cycle
1861 780 130 36 Works

1334 844 38 28 88
1396 839 199 33 COLOMBO
1620 837 173 35 STREET,
1838 829 344 36 CHRISTCHURCH.

1167 904 57 30 We
1239 904 119 36 having
1373 902 94 30 taken
1483 910 73 20 over
1569 900 53 28 the
1636 897 71 32 well
1721 896 114 30 known
1845 894 112 34 works,
1973 891 179 37 machinery
2163 888 61 29 and
2234 886 89 31 stock

1166 945 33 28 m
1213 943 89 30 trade
1317 943 78 29 wish
1408 945 34 26 to
1457 941 111 29 inform
1584 939 54 29 the
1660 938 104 38 public
1778 936 70 31 that
1862 945 46 19 we
1923 943 52 19 are
1990 930 152 40 prepared
2155 931 34 26 to
2208 928 113 28 tinder-

1166 985 72 30 take
1253 983 104 30 orders
1371 983 48 30 for
1433 991 68 21 new
1515 979 157 31 machines
1688 978 61 30 and
1765 978 127 28 execute
1911 973 118 40 repairs
2052 973 33 28 at
2107 970 53 29 the
2185 970 136 29 shortest

1299 1024 102 29 notice
1416 1023 48 29 for
1486 1022 41 29 all
1542 1021 92 29 kinds
1650 1019 34 30 of
1693 1017 214 40 Engineering
1921 1016 63 28 and
1996 1013 93 40 Cycle
2101 1010 95 32 work.

1330 1077 127 21 SPECIAL
1471 1074 176 22 ATTENTION
1663 1073 91 21 GIVkTs
1771 1071 39 20 TO
1824 1069 141 22 COUNTRY
1980 1066 123 22 ORDERS.

1167 1117 121 37 Racing
1302 1115 160 28 Machines
1485 1114 62 28 and
1569 1112 98 37 Light
1690 1109 166 30 Roadsters
1872 1119 19 18 a
1905 1106 156 38 specialty.
2104 1103 49 30 No
2167 1102 154 38 imported

1166 1156 157 29 machines
1337 1154 76 38 kept
1426 1154 32 28 m
1474 1152 98 30 stock,
1589 1151 43 30 all
1646 1150 87 30 work
1747 1150 79 28 done
1841 1157 40 20 on
1895 1147 54 28 the
1971 1144 157 40 premises.
2181 1143 31 28 A
2235 1142 87 38 large

1196 1196 88 31 stock
1300 1194 34 31 of
1344 1195 125 37 Lamps,
1481 1192 94 35 Bells,
1592 1191 62 30 and
1671 1190 127 32 Saddles
1812 1199 40 19 on
1866 1187 85 30 hand
1965 1189 33 26 at
2011 1185 114 31 reduce
2136 1183 129 39 dprices.

1443 1402 195 56 EAST
1686 1398 326 59 OXFORD

1390 1489 77 30 lias
1483 1484 188 34 received
1691 1493 25 22 a
1732 1483 293 39 consignment
2041 1480 44 32 of

1336 1618 267 58 GREAT
1666 1610 447 61 YARMOUTH

1227 1712 226 89 OIL
1534 1707 696 91 CLOTHING

1342 1841 338 49 ENORMOUS
1740 1841 388 45 REDUCTIONS

1161 1959 80 24 fTCHE
1260 1957 115 33 question
1385 1956 23 24 is
1419 1954 100 25 natural
1519 1968 34 4 —
1577 1952 67 32 Why
1656 1952 60 25 send
1730 1954 28 23 to
1770 1951 177 26 Christcburch
1966 1952 39 25 for
2022 1958 62 26 your
2101 1952 110 32 Drapery
2219 1952 12 23 ?
2265 1951 53 25 The

1167 1977 21 40 1
1225 1992 103 30 drapery
1340 1990 54 23 sold
1402 1989 26 23 m
1437 1988 56 24 that
1505 1987 50 31 city
1567 1994 72 22 every
1650 1994 46 16 one
1709 1986 93 28 knows,
1815 1985 22 24 is
1848 1987 45 22 not
1904 1986 72 23 made
1987 1986 77 27 there,
2083 1984 46 26 but
2139 1985 130 31 imported.
2304 1984 14 24 I

1162 2027 94 30 import
1266 2025 65 24 from
1343 2022 44 25 the
1397 2021 54 25 best
1462 2019 108 33 English
1582 2019 50 24 and
1648 2019 89 25 Scotch
1748 2018 100 25 houses.
1894 2019 72 24 lam
1977 2018 105 25 enabled
2092 2019 27 24 to
2130 2019 122 31 purchase
2270 2018 47 25 low

1162 2060 50 25 and
1222 2058 45 25 sell
1279 2059 26 23 at
1314 2065 16 16 a
1340 2057 54 23 rate
1406 2055 26 23 of
1441 2053 74 32 profit
1528 2053 53 32 (my
1593 2059 119 24 expences
1724 2052 71 30 being
1806 2051 82 32 small)
1901 2052 57 24 that
1969 2052 82 24 would
2062 2052 30 24 be
2111 2052 144 24 considered
2274 2051 42 25 ab-

1161 2093 59 25 surd
1231 2092 32 30 by
1279 2097 48 24 any
1348 2086 178 27 Ohristchurch
1550 2085 198 24 establishment.
1801 2084 44 31 My
1866 2083 76 25 Stock
1961 2084 21 23 is
2001 2084 44 24 the
2064 2083 94 32 largest
2177 2084 50 25 and
2248 2086 68 24 most

1160 2125 95 26 tvaried
1265 2123 58 24 that
1332 2121 45 24 has
1389 2128 56 16 ever
1455 2120 64 22 been
1530 2118 87 24 shown
1627 2117 28 23 m
1665 2117 44 23 the
1720 2116 104 30 district,
1838 2116 49 23 and
1898 2117 39 23 for
1947 2116 92 31 quality
2059 2117 49 23 and
2127 2117 72 24 value
2216 2119 58 28 puts
2291 2118 27 23 m

1162 2159 32 24 he
1206 2156 78 26 shade
1300 2154 77 33 goods
1389 2151 90 26 offered
1490 2150 33 32 by
1535 2149 102 31 visiting
1648 2148 117 25 hawkere
1776 2149 63 24 from
1851 2147 44 26 the
1913 2148 181 26 Christchurch
2106 2156 45 24 rag
2162 2150 88 24 marts.

1194 2212 95 24 Dress
1301 2209 165 29 Materials,
1479 2205 87 25 Plain
1578 2205 60 25 and
1648 2205 104 31 Fancy
1763 2205 80 24 from
1855 2204 50 25 3d.
1918 2210 55 25 per
1981 2205 84 29 yard.

1194 2271 27 26 A
1238 2271 109 27 Strong
1364 2269 87 24 Stout
1467 2266 133 26 Durable
1618 2264 126 31 Kaiapoi
1760 2264 114 26 Tweed
1890 2264 51 33 2/6
1952 2271 56 24 per
2019 2266 75 29 yard

1791 2307 107 25 Makes
1910 2308 156 24 first-class
2083 2307 92 30 Boys'
2192 2307 91 26 Suits.

1196 2364 57 25 Art
1270 2362 139 31 Muslins,
1429 2360 155 31 Cretones,
1604 2359 79 25 Lace
1701 2358 138 26 Curtains
1857 2358 54 26 &c.

1194 2430 26 29 A
1238 2429 110 25 Choice
1366 2427 167 25 Collection
1551 2427 33 23 of
1598 2426 121 29 Gloves,
1746 2425 77 30 Ties,
1853 2424 129 31 Aprons,
2012 2424 166 26 Insertions
2196 2424 54 26 &c.

1195 2482 120 31 Striped
1333 2480 124 26 Galatea
1473 2479 54 32 4/6
1539 2485 55 25 per
1604 2479 98 25 dozen
1704 2495 8 17 t
1742 2479 102 24 worth
1855 2478 49 24 9d.
1923 2484 54 25 per
1994 2478 84 29 yard.

1194 2546 103 25 Prints
1310 2546 79 24 from
1401 2544 52 24 4d.
1465 2549 56 26 per
1531 2543 85 31 yard.
1628 2542 140 32 Muslins,
1781 2541 138 32 Selesias,
1933 2541 126 32 Calicos,
2074 2541 54 27 &c.

1779 2585 88 25 With
1884 2585 87 25 other
1988 2585 192 25 Manchester
2197 2586 86 30 lines.

1194 2643 89 30 Hats,
1301 2642 103 30 Fancy
1421 2641 60 25 and
1498 2640 105 31 Sailor,
1622 2641 32 23 m
1670 2638 103 26 White
1791 2640 61 24 and
1869 2638 115 26 Colors.

1738 2682 126 24 Newest
1880 2681 123 31 Shapes.
2039 2681 96 29 Large
2151 2682 132 31 Variety,
2313 2695 6 4 •

1193 2738 148 29 Flowers,
1359 2736 155 30 Feathers,
1532 2735 148 30 Ribbons,
1700 2733 105 32 Laces,
1824 2734 74 31 Jets,
1918 2733 55 25 &c.

1665 2774 88 25 With
1770 2775 41 23 all
1827 2775 184 23 necessaries
2028 2774 48 24 for
2092 2774 191 29 Trimmings.

1192 2828 103 29 Fancy
1311 2826 140 29 Frillings
1470 2826 77 29 3yds
1559 2825 46 23 for
1615 2824 36 32 1/-
1669 2826 102 22 worth
1782 2824 50 30 9d,
1850 2828 55 25 per
1916 2824 83 29 yard,

1728 2865 183 32 Umbrellas,
1930 2864 150 32 Parasols,
2099 2865 182 32 Sunshades,

1338 2935 4 3 .
1534 2935 37 7 _^_^
1618 2928 16 13 ±
1723 2928 13 13 ±
1867 2928 12 12 m
1907 2928 37 13 jp
1966 2928 37 13 >mt
2094 2928 32 13 i^^.

1308 2981 332 43 SPECIAL
1726 2980 423 41 PITXtOH^SE

1159 3054 111 32 BOYS
1302 3052 89 30 AND
1421 3050 173 30 YOUTHS
1633 3049 216 30 COLONIAL
1882 3049 154 29 TWEED
2063 3051 251 32 OVERCOATS

1642 3110 77 31 with
1741 3109 97 40 Capes

1434 3172 92 29 From
1551 3171 65 30 17s.
1662 3170 49 30 6d.
1756 3170 101 30 worth
1900 3170 65 30 255.
2014 3170 48 29 6d.

1310 3237 196 32 Men's
1550 3236 226 32 Tisreed
1819 3236 349 33 Overcoats

1632 3287 95 29 From
1751 3288 64 29 15s.

1390 3404 595 51 Slamket
1992 3418 72 36 s

1155 3486 134 40 English
1303 3486 128 38 Witney
1440 3485 149 30 Blankets
1604 3488 34 25 to
1653 3485 37 29 be
1705 3485 68 29 sold
1788 3489 32 24 at
1830 3486 60 29 less
1898 3485 77 30 than
1989 3485 181 30 Melbourne
2183 3486 131 31 Whole-

1189 3550 29 19 js
1239 3537 85 40 price
1325 3555 41 3 —
1366 3536 121 32 Double
1501 3535 69 30 Bed
1587 3534 68 32 Size
1678 3536 64 29 12s.
1769 3536 48 29 6d.
1869 3536 101 31 worth
1986 3536 64 31 16s.
2090 3537 49 30 6d.
2160 3548 56 29 per
2229 3539 78 40 pair.

1323 3607 130 40 cheaper
1466 3606 78 30 than
1559 3605 221 31 Chriitchurch
1800 3606 112 32 houses
1927 3607 65 31 will
2006 3607 58 30 sell
2078 3608 94 31 them.

1154 3698 417 95 MANTLES,
1592 3698 249 79 CAPES
1868 3699 58 78 &
1947 3701 359 80 JACKETS

1165 3873 295 56 tef|^g2^#s)
1594 3863 172 40 MBIT
1789 3863 167 42 -A.3STD
1980 3864 202 43 BO7S

1156 3904 261 228 ijjp
1465 3965 333 99 ARDIGAN
1882 3967 345 102 JACKETS

1702 4149 222 42 PROM
1966 4150 91 41 4/-
2143 4150 95 54 :\JJ
2253 4190 2 6 :
2255 4186 4 1 .

1201 4325 73 34 R.
1300 4323 78 33 H.
1415 4319 311 45 PARISH,
1784 4322 156 35 East
1986 4319 259 45 Oxford.

590 173 210 44 BURKE
841 175 130 43 AND
1013 174 117 44 SON

728 251 134 23 INQUIRY
898 251 125 21 AGENCY

652 294 130 21 Chancery
796 294 71 23 Lank,
882 295 188 19 Christchurch.

595 328 72 46 Next
684 328 25 19 of
724 327 55 23 Kin,
789 327 99 25 Missing
896 328 117 19 Relatives
1024 328 45 22 &c;
1088 327 45 20 Ad-

655 354 113 24 vei-tising
777 354 25 19 m
812 359 45 19 any
866 354 54 24 part
929 354 23 19 of
962 354 41 19 the
1012 354 77 19 -world.

622 385 90 22 100,000
721 385 83 19 Names
814 385 100 19 indexed
922 391 39 18 up,
978 391 61 18 upon
1058 385 76 19 which

595 415 148 20 information
754 416 76 25 given,
851 415 122 24 Solicitors,
992 416 89 24 Courts,
1100 416 35 19 in-

597 449 87 25 quirers
689 449 108 19 relatives
807 448 44 24 &c,
860 449 108 20 Searches
975 449 25 19 m
1007 449 73 21 Home
1090 449 46 19 and

596 481 66 20 other
670 480 136 23 Directions,
819 481 77 25 Army,
907 481 72 25 Navy,
986 481 59 23 Law,
1052 481 83 25 Clergy

597 512 106 24 Medical,
709 512 60 21 Civil
776 512 98 24 Service,
882 512 134 26 University
1022 512 45 21 and
1072 513 65 20 other

598 545 67 20 Lists.
682 545 44 19 Old
732 545 98 20 Records
836 545 25 19 m
865 545 155 19 G-overcnnent
1030 544 106 20 Gazettes

597 579 55 19 N.Z.
665 578 46 21 and
721 578 67 21 other
801 585 92 19 papers;
914 578 101 25 Country
1030 578 106 23 families,

599 612 128 25 Pedigrees,
749 611 90 21 Letters
848 611 99 24 written,
966 611 107 26 Register
1081 611 56 26 kept

599 645 23 20 of
641 645 98 20 Medical
764 644 47 21 and
835 644 65 21 other
915 643 153 27 professional
1095 650 39 15 me

600 677 90 21 wanted
700 677 24 19 m
733 677 32 19 all
773 677 40 19 the
824 676 110 20 Colonies.

627 712 71 24 Forty
707 717 66 19 years
782 711 139 24 experience,
928 710 95 25 enquiry
1032 709 37 20 fee
1087 709 36 26 2/6

784 747 78 24 Stamp
876 746 70 25 reply.

660 832 59 47 d.
756 832 56 47 JF.
854 832 225 50 BUSK;

623 896 221 21 ozscifoie&id
889 893 236 23 bakbbt

704 939 213 28 Established
943 938 87 27 1862.

649 1003 124 28 FLOUE,
785 1003 56 24 best
851 1001 81 26 brand
943 1001 59 32 only
1013 1001 68 31 kept.

602 1045 133 26 SHARPS
740 1064 5 10 ,
782 1045 80 25 OAT
872 1045 27 24 M
908 1044 22 24 E
933 1044 54 29 AL,
1022 1043 110 25 BRAN

690 1088 292 28 CHICKENWHEAT,
1001 1088 42 24 &c.

625 1131 41 19 AT
693 1131 123 19 LOWEST
845 1130 141 20 CURRENT
1013 1129 105 22 RATES,

689 1237 53 44 F.
775 1237 50 43 B.
848 1235 188 55 LANE.

705 1310 90 40 (Late
809 1309 39 31 E.
869 1309 160 40 Butcher.)

601 1370 250 34 Watchmaker,
881 1368 182 35 Jeweller,
1081 1367 51 30 &c.

599 1419 123 30 Importer
756 1420 27 21 of
823 1417 106 24 Musical
964 1417 170 23 Instruments

698 1455 111 24 Victoria
831 1455 38 24 St.
899 1453 134 31 Rangiora.

602 1544 98 31 Special
712 1544 70 24 value
804 1544 28 23 m
855 1543 80 23 Extra
957 1542 86 30 strong
1055 1540 79 25 Cased

599 1588 87 31 highly
695 1587 109 24 finished
817 1585 109 32 English
943 1585 80 24 Lever
1032 1584 101 24 Watch-

600 1638 34 17 es.
681 1629 190 25 Manufactured
888 1630 26 23 to
936 1636 43 23 my
1008 1627 71 25 order
1101 1627 33 31 by

600 1671 55 23 best
666 1670 104 23 London
789 1668 106 24 makers.
930 1667 158 30 Unequalled
1096 1666 38 24 for

600 1712 121 25 excellent
735 1711 177 29 Timekeeping
928 1709 50 24 and
989 1708 142 32 durability.

632 1756 29 23 F.
680 1754 30 24 B.
723 1754 95 24 LANE
831 1752 140 32 personally
993 1752 71 24 visits
1085 1752 47 23 Ox-

599 1798 54 24 ford
673 1796 124 31 monthly,
822 1796 114 31 carrying
956 1803 14 16 a
992 1794 68 31 large
1083 1794 50 25 and

599 1839 97 27 choice,
717 1838 71 24 stock
816 1838 27 24 of
874 1838 127 26 Watches,
1029 1836 102 28 Chains,

599 1881 133 28 Brooches,
743 1881 87 30 Rings,
842 1879 84 28 Studs,
945 1879 128 24 Pendants
1084 1880 47 27 etc,

601 1924 140 30 Spectacles
762 1922 124 32 (Pebbles,
903 1922 168 27 Pantoscopsc
1083 1921 50 25 and

599 1966 108 32 Crystal)
721 1965 95 29 Clocks,
836 1964 107 33 (Marble
963 1964 50 25 and
1031 1964 101 32 Wood,)

697 2008 156 24 Accordeons
865 2008 50 24 and
926 2007 106 25 Violins.

631 2053 81 25 Exact
724 2052 57 24 date
794 2052 26 24 of
830 2052 62 24 each
903 2051 60 25 visit
985 2051 22 24 is
1018 2050 106 25 notified

745 2095 28 24 m

597 2138 114 23 Repairs.
714 2152 31 3 —
747 2137 42 24 All
799 2137 94 30 repairs
911 2144 42 16 are
970 2136 119 24 executed
1100 2136 31 30 by

596 2180 92 32 myself
709 2188 27 17 or
753 2180 79 25 under
848 2187 43 25 my
912 2179 221 33 superintendence

597 2233 27 15 so
646 2225 57 23 that
722 2225 102 28 patrons
837 2231 46 17 can
905 2224 52 29 rely
980 2231 33 16 on
1036 2223 97 30 getting

599 2265 154 25 satisfaction
762 2266 27 23 at
800 2265 44 24 the
855 2273 59 22 very
924 2264 87 25 lowest
1020 2265 111 30 charges.

631 2307 104 31 Repairs
747 2315 28 15 or
783 2307 84 24 orders
876 2314 58 23 may
945 2307 31 23 be
984 2307 44 23 left
1040 2307 26 23 at
1067 2321 33 4 —

599 2353 25 24 J.
642 2353 134 30 Weeber's,
811 2354 65 24 East
900 2353 99 25 Oxford,

599 2398 26 22 at
647 2397 40 25 W.
712 2397 35 23 M.
773 2396 36 28 C,
833 2397 65 25 East
922 2397 100 24 Oxford.

598 2439 24 25 J.
639 2440 100 28 Brown,
752 2439 159 29 Bootmaker,
936 2440 70 23 West
1030 2439 101 24 Oxford.

599 2481 38 25 W.
651 2481 24 25 J.
690 2480 145 26 Crothers&
848 2481 58 25 Co..
929 2481 69 25 Oust.

630 2524 50 24 and
696 2524 52 24 will
754 2523 31 24 be
796 2523 126 31 promptly
933 2524 118 24 attended
1063 2525 34 24 to.

599 2567 55 31 All
665 2567 98 31 Work
775 2567 77 31 done
864 2579 39 19 on
917 2568 54 30 the
982 2567 151 31 Premises

721 2619 61 29 and
797 2619 199 39 guaranteed.

594 2819 342 30 MONUMENTAL
958 2819 173 35 MASON,

715 2869 133 30 Madras
872 2869 126 36 Street,

634 2920 454 33 CHRISTCHURCH.

594 3013 160 60 WISHES
773 3016 26 21 to
815 3014 88 24 inform
915 3021 100 24 persons
1034 3015 24 23 m
1067 3015 64 23 want

682 3047 27 24 of
723 3047 167 23 Monumental
914 3047 76 23 Work
1017 3048 55 21 that
1100 3047 31 22 he

589 3081 97 23 intends
706 3082 25 20 to
754 3078 89 25 SELL
871 3078 62 25 HIS
968 3078 162 25 PRESENT

590 3111 117 25 LARGE
728 3111 118 28 STOCK,
864 3111 133 30 consisting
1015 3111 24 23 of
1052 3111 77 23 Gran-

590 3146 33 23 ite
641 3144 102 29 Marble,
769 3144 48 23 and
843 3144 68 23 other
938 3142 75 26 Stone
1042 3142 89 25 Monu-

590 3180 86 25 ments,
706 3179 25 21 at
760 3176 162 31 considerably
957 3176 171 24 REDUCED

589 3209 133 26 PRICES.
756 3209 57 24 Iron
831 3209 101 29 Fences,
952 3208 113 25 Concrete
1081 3209 48 22 and

591 3243 74 25 Stone
682 3242 126 30 Kerbings,
827 3242 101 23 reduced
937 3241 26 23 m
980 3241 72 30 price.
1087 3241 41 23 In-

589 3276 127 30 scriptions
735 3275 47 23 and
801 3273 33 25 all
851 3273 66 24 work
933 3274 26 23 m
988 3273 140 24 connection

590 3308 56 23 with
664 3308 41 22 the
722 3307 68 23 trade
802 3307 61 23 done
875 3306 25 23 m
912 3305 132 24 first-class
1058 3306 68 30 style.

589 3340 76 30 Early
682 3339 134 30 inspection
834 3339 100 23 invited.
971 3337 97 25 Several
1076 3346 52 16 new

590 3373 60 23 lines
667 3372 75 31 lately
771 3371 101 24 arrived.
907 3370 55 32 Any
990 3370 138 25 reasonable

590 3406 58 24 offer
665 3406 37 24 for
719 3405 40 23 the
777 3408 95 27 present
889 3403 70 25 stock
975 3403 50 25 will
1050 3403 78 25 result

590 3440 24 21 m
632 3447 13 14 a
663 3438 59 24 sale.
757 3437 77 24 Want
856 3438 27 23 to
900 3438 92 23 realise.

592 3546 90 37 MR
703 3544 65 42 W.
794 3545 50 40 N.
869 3543 257 46 CATHRO,

632 3617 181 22 BARRISTER
828 3616 68 21 AND
912 3615 174 22 SOLICITOR.

740 3657 233 32 RANGIORA.

587 3708 133 32 Attends
736 3708 122 30 Oxford
872 3718 40 20 on
924 3707 97 31 Court
1029 3706 95 40 Days.

587 3781 168 25 Instructions
762 3780 35 32 by
807 3782 57 30 post
875 3779 52 26 -will
938 3779 93 25 receive
1042 3786 83 25 prom-

751 3819 29 30 pt
808 3817 133 25 attention.

708 3865 108 22 MONEY
844 3864 38 21 TO
910 3863 90 22 LEND.

635 3988 44 52 S.
714 3988 50 43 B.
787 3984 308 53 SEYMOUR,

784 4050 139 27 DENTIST,

627 4094 41 21 215
682 4093 107 22 Colombo
803 4092 82 23 Street,
909 4090 168 21 Christchurch.

692 4174 43 14 ..«..
755 4164 180 22 CHARGES:^

653 4207 94 26 Filling;
762 4205 39 25 5s,
795 4212 14 18 •_
836 4204 133 22 Extraction
979 4204 25 20 2s
1018 4203 37 21 6d.

611 4272 95 20 Nitrous
716 4269 60 22 Oxid
785 4269 46 20 Q-as
841 4267 168 22 Administered
1013 4267 38 21 for
1056 4266 68 21 Pain-

584 4312 46 21 less
640 4310 134 22 Extraction
783 4309 25 21 of
816 4308 81 21 Teeth.
931 4308 45 21 Fee
985 4307 37 21 for
1030 4306 94 21 Admin-

585 4349 109 23 istration
705 4347 31 22 ss.
743 4350 3 4 '
889 4346 137 15 ;..(>.:

86 2808 107 24 CHILD
206 2810 107 23 BIRTH
327 2809 94 30 SAFE,
435 2811 73 23 AND

136 2851 137 26 ALMOST
282 2852 171 25 PAINLESS

26 2893 94 65 BY
166 2894 73 32 using
275 2895 47 24 DR
368 2894 195 27 FAWCETT'S

130 2926 129 25 Medicine.

60 2969 71 25 MRS
155 2970 164 26 BURRELL
341 2970 60 32 begs
424 2973 27 23 to
473 2971 90 25 inform

28 3007 42 24 the
82 3008 90 24 Ladies
185 3008 56 24 that
250 3008 44 25 she
303 3009 46 25 has
359 3009 62 25 been
430 3009 131 32 appointed

26 3047 57 24 Sole
104 3049 73 28 agent
199 3048 27 24 m
250 3048 178 24 Christchurch
454 3049 38 23 for
519 3049 44 23 the

26 3084 77 23 above
115 3084 123 25 Medicine
250 3086 26 23 to
291 3085 116 24 facilitate
422 3086 139 24 Accouche-

24 3124 88 23 monts.
146 3123 91 24 Ladies
249 3131 47 16 can
317 3123 31 25 be
369 3124 113 31 supplied
501 3125 61 25 with

24 3160 42 23 the
89 3160 75 24 above
186 3160 32 31 by
243 3161 105 31 sending
371 3169 28 17 or
421 3162 92 32 calling
536 3164 26 23 at

25 3198 41 24 Mr
88 3199 121 26 Burrell's
232 3201 181 32 Photographic
435 3203 71 30 place
538 3203 27 24 of

25 3238 121 27 business,
160 3239 105 25 Gould's
287 3241 140 31 Buildings,
449 3241 113 26 Victoria

27 3276 88 29 Street,
129 3277 180 30 Christchurch,
329 3279 82 23 where
431 3279 34 24 all
484 3280 77 24 infor-

24 3316 108 26 mation,
149 3323 45 16 can
222 3316 30 24 be
281 3317 116 24 obtained
425 3317 57 29 free,
512 3319 50 24 and

25 3353 116 30 perfectly
185 3354 155 31 satisfactory
371 3355 50 24 and
455 3356 106 31 genuine

25 3391 166 24 testimonials
203 3399 46 16 can
261 3391 30 25 be
303 3399 66 17 seen.

25 3565 79 45 W.
125 3566 301 47 JOHNSON
434 3570 41 43 &
489 3570 72 45 Co

136 3634 56 26 (late
201 3634 88 21 Hamill
299 3636 16 19 &
326 3636 111 25 Johnson)

79 3676 82 19 LAND
176 3676 63 20 AND
249 3676 115 21 ESTATE
378 3677 126 27 AGENTS,

167 3716 27 21 71
204 3716 123 21 Cathedral
337 3717 91 26 Square,

67 3754 450 33 CHRISTCHURCH.

51 3820 47 21 The
108 3820 103 21 Farmers
217 3822 23 19 of
247 3821 92 24 Oxford,
352 3822 56 19 Cust
416 3822 46 20 and
472 3828 87 15 surrou-

24 3857 72 26 nding
105 3857 107 21 Districts
219 3858 50 20 who
279 3858 55 21 wish
343 3858 25 20 to
374 3858 89 26 dispose
472 3859 24 20 of
498 3860 61 21 their

24 3893 70 21 farms
108 3894 47 20 will
164 3894 47 22 find
226 3895 21 21 it
264 3896 23 20 to
307 3895 62 21 their
386 3895 130 28 advantage
534 3898 25 20 to

24 3931 62 26 place
96 3931 61 21 them
167 3933 25 19 m
201 3940 41 13 our
254 3933 81 21 hands.
372 3933 43 21 We
434 3934 65 21 make
518 3935 40 21 the

25 3968 50 21 Sale
89 3968 23 21 of
131 3970 64 20 Land
212 3970 40 21 the
270 3970 94 27 leading
379 3971 86 21 branch
479 3972 24 20 of
516 3978 42 14 our

24 4005 108 21 Business
142 4007 45 20 and
197 4014 31 13 we
239 4014 65 20 spare
311 4008 91 21 neither
406 4008 56 21 time
468 4009 89 21 trouble

24 4048 39 13 nor
72 4048 96 19 expence
177 4043 25 20 m
207 4044 108 26 bringing
319 4045 107 26 property
432 4045 77 20 before
515 4046 41 20 the

24 4079 72 20 notice
110 4079 24 20 of
142 4080 40 20 the
194 4081 83 25 public.

116 4115 58 20 FOR
187 4117 76 20 SALE
276 4118 41 19 AT
331 4118 119 21 OXFORD

49 4158 20 19 A
79 4158 67 20 Farm
155 4158 24 21 of
187 4160 27 19 40
225 4165 60 15 acres
291 4159 59 26 good
357 4159 56 21 land
421 4159 52 21 well
477 4159 81 21 fenced

24 4194 45 20 and
79 4195 138 24 subdivided,
227 4196 52 21 Two
289 4197 108 26 dwelling
415 4196 83 21 houses
512 4196 45 21 and

24 4232 39 20 out
71 4232 121 27 buildings,
227 4234 64 20 Price
305 4234 54 26 only
367 4234 62 21 .£SOO
443 4240 46 20 any
498 4240 59 15 reas-

24 4269 78 21 onable
110 4270 70 20 terms
189 4271 77 26 given.

49 4316 48 20 Our
105 4316 50 21 List
170 4317 23 20 of
204 4318 78 21 Farms
292 4318 43 24 for,
338 4318 52 21 Sale
406 4319 52 20 sent
465 4318 49 21 free
529 4323 29 15 on

24 4354 143 27 application.
