2540 4029
839 1227 116 20 LATEST
969 1225 108 22 DATES.

663 1264 99 24 London
981 1261 133 24 November
1128 1262 38 27 18,
1178 1261 72 23 1539.

664 1298 93 30 Sydney
981 1294 85 24 March
1079 1296 40 27 17,
1134 1296 74 21 1840.

665 1331 92 23 Hobart
767 1330 74 24 Town
984 1327 84 25 March
1098 1329 24 27 6,
1136 1329 74 22 1840.

659 1388 89 59 New
778 1388 208 59 Zealand
1016 1388 238 59 Gazette.

799 1449 129 26 Saturday,
944 1447 57 23 May
1016 1448 21 26 2,
1054 1448 61 21 1840.

1931 1079 25 24 A
1973 1086 54 26 post
2044 1087 65 19 route
2128 1091 31 24 up
2179 1084 38 23 the
2235 1084 75 31 valley
2328 1085 25 23 of
2369 1086 38 23 the
2419 1085 69 30 Hutt,

1899 1123 45 23 and
1955 1131 77 17 across
2044 1124 39 24 the
2095 1131 97 26 country
2203 1131 23 19 to
2239 1127 38 23 the
2289 1127 53 32 Bay
2352 1129 26 23 of
2389 1129 99 30 Islands,

1898 1166 20 23 is
1930 1167 69 23 much
2011 1173 23 18 to
2045 1168 29 24 be
2087 1169 96 30 desired,
2203 1170 45 23 and
2266 1178 33 15 we
2317 1171 88 24 believe
2423 1173 66 23 could

1898 1209 28 24 be
1938 1209 133 26 discovered
2083 1216 22 19 at
2118 1221 12 14 a
2142 1213 68 23 small
2222 1214 85 30 outlay.

1933 1252 24 23 It
1968 1260 53 24 may
2032 1254 28 23 be
2077 1254 71 24 found
2166 1256 32 30 by
2208 1263 14 16 a
2233 1256 68 24 white
2320 1265 53 15 man
2374 1270 33 4 —
2407 1258 40 23 but
2466 1263 22 19 to

1898 1294 28 25 be
1938 1296 83 23 turned
2032 1301 23 19 to
2067 1302 96 19 account
2174 1306 25 15 as
2211 1307 14 15 a
2236 1307 79 15 means
2328 1300 24 24 of
2368 1301 122 31 periodical

1899 1340 198 29 communication,
2123 1345 64 19 must
2210 1341 29 23 be
2265 1343 115 23 traversed
2398 1344 29 30 by
2450 1344 39 23 the

1897 1382 96 24 natives.
2031 1383 48 24 Till
2090 1383 69 32 lately
2171 1384 63 24 there
2246 1393 47 15 was
2305 1394 30 15 an
2346 1387 142 30 insuperable

1899 1425 111 32 difficulty
2022 1427 24 22 in
2058 1426 37 24 the
2114 1435 50 23 way
2177 1428 24 23 of
2217 1428 91 32 getting
2325 1430 88 23 natives
2425 1434 21 19 to
2458 1438 30 23 go

1897 1476 32 24 up
1941 1469 38 24 the
1991 1470 82 31 valley.
2111 1470 51 24 The
2181 1472 58 23 tribe
2258 1472 26 22 of
2304 1472 46 23 this
2366 1472 63 32 place
2441 1481 47 15 was

1898 1512 45 23 and
1953 1512 46 24 had
2017 1513 57 23 been
2093 1514 56 31 long
2166 1514 25 23 in
2210 1522 59 24 open
2286 1514 105 32 hostility
2409 1516 53 23 with
2475 1524 13 15 a

1898 1556 58 23 tribe
1967 1564 30 23 up
2010 1556 39 24 the
2060 1557 74 31 valley
2143 1557 72 23 called
2220 1558 39 23 the
2267 1557 162 30 Natti-kauni;
2444 1559 45 23 and

1897 1606 57 17 even
1966 1601 63 22 since
2041 1608 42 15 our
2094 1601 84 22 arrival
2193 1600 61 29 hero,
2267 1602 114 23 members
2394 1602 23 23 of
2432 1602 56 23 each

1897 1642 58 24 tribe
1966 1642 59 25 have
2036 1643 59 24 been
2111 1643 73 24 killed
2194 1643 31 31 by
2243 1644 66 24 those
2322 1644 25 23 of
2362 1645 58 23 their
2434 1653 54 16 ene-

1897 1687 64 23 mies.
2000 1686 112 31 Happily,
2125 1686 46 23 last
2183 1687 64 23 week
2253 1688 167 24 reconciliation
2433 1689 55 23 took

1897 1729 73 31 place,
1980 1729 45 23 and
2037 1737 61 16 some
2112 1729 25 24 of
2146 1730 39 23 the
2194 1729 150 25 Natti-kauni
2351 1732 58 23 tribe
2415 1733 75 31 might

1898 1772 29 23 be
1947 1780 54 15 seen
2017 1773 69 22 about
2104 1781 41 15 our
2163 1773 73 23 beach
2253 1774 25 23 in
2296 1773 125 32 fellowship
2433 1775 55 23 with

1900 1815 38 24 the
1949 1816 102 23 resident
2063 1816 65 24 tribe.

1930 1866 70 24 Were
2013 1875 13 15 a
2037 1867 67 23 small
2116 1867 155 31 subscription
2283 1867 82 29 raised,
2378 1875 33 16 we
2418 1868 71 24 doubt

1897 1915 40 19 not
1948 1918 29 15 an
1989 1911 115 31 energetic
2116 1910 125 32 European
2252 1911 76 24 would
2338 1911 28 24 be
2383 1912 69 23 found
2465 1916 23 20 to

1897 1954 118 24 volunteer
2031 1954 38 23 the
2088 1958 104 27 attempt.
2229 1954 47 24 His
2299 1955 87 23 reward
2408 1954 82 24 should

1895 1997 55 23 bear
1961 1997 97 23 relation
2070 2002 22 18 to
2110 1997 37 23 his
2166 2004 100 17 success.
2302 1997 77 24 When
2398 2006 89 16 success

1895 2039 46 24 had
1951 2040 59 23 been
2023 2040 37 23 the
2072 2040 87 23 reward
2171 2040 25 23 of
2205 2040 39 23 the
2258 2044 103 28 attempt,
2380 2049 107 24 arrange-

1895 2087 75 19 ments
1982 2082 75 32 might
2067 2083 29 23 be
2109 2083 66 23 made
2187 2083 35 24 for
2235 2083 98 32 sending
2345 2092 13 15 a
2365 2084 53 23 mail
2424 2086 62 30 peri-

1897 2124 96 32 odically
2005 2125 107 24 overland
2123 2129 24 20 to
2160 2125 38 24 the
2211 2126 51 30 Bay
2279 2126 26 23 of
2319 2126 99 24 Islands.
2438 2128 48 23 Till

1895 2167 78 32 lately,
1986 2168 39 24 the
2036 2168 62 29 mail,
2112 2168 20 23 if
2146 2169 19 23 it
2178 2168 19 23 is
2209 2173 41 19 not
2266 2176 60 22 now,
2344 2177 47 16 was
2404 2171 86 23 carried

1895 2211 31 32 by
1938 2219 61 22 men,
2013 2211 38 24 the
2064 2216 90 27 greater
2165 2216 53 27 part
2231 2212 25 24 of
2268 2212 39 24 the
2316 2212 99 25 distance
2427 2211 61 33 (700

1896 2253 78 33 miles)
1996 2256 26 22 in
2038 2255 39 23 the
2093 2255 82 23 winter
2192 2262 82 17 season
2292 2263 52 16 over
2362 2264 30 15 an
2409 2256 82 25 almost

1896 2298 138 32 impassable
2045 2298 56 24 road
2111 2298 104 24 between
2224 2298 95 26 Quebec
2327 2299 45 24 and
2384 2300 104 24 Halifax.
2505 2313 2 4 ■

1897 2342 51 24 The
1961 2342 101 24 distance
2073 2342 103 24 between
2189 2342 45 23 this
2245 2342 66 32 place
2323 2343 44 23 and
2384 2343 36 24 the
2438 2343 52 32 Bay

1897 2386 19 23 is
1928 2390 40 20 not
1980 2387 71 23 above
2065 2394 41 16 one
2118 2386 64 24 third
2193 2385 25 25 of
2228 2394 69 16 seven
2304 2386 104 25 hundred
2413 2388 75 28 miles,

1897 2429 44 24 and
1947 2437 33 15 we
1994 2429 70 24 doubt
2076 2429 20 23 if
2105 2429 39 23 the
2157 2429 65 24 other
2234 2429 131 24 difficulties
2377 2430 44 24 will
2433 2431 55 24 bear

1898 2481 12 15 a
1923 2476 89 28 greater
2023 2472 140 32 proportion.

1317 114 67 23 Were
1396 121 34 15 we
1441 117 23 19 to
1476 113 68 24 make
1557 120 44 24 any
1613 114 144 30 comparison
1773 113 101 24 between

1275 159 50 20 four
1336 155 44 24 and
1390 155 40 24 the
1442 155 51 31 Bay
1505 155 26 23 of
1540 155 93 24 Islands
1640 155 125 31 European
1776 155 96 32 popula-

1284 198 55 28 tion,
1351 197 18 23 it
1380 197 75 23 would
1465 197 30 24 be
1507 196 106 24 attended
1623 197 55 22 with
1689 197 39 24 the
1739 197 69 24 belief
1825 197 49 23 that

1283 247 32 16 we
1328 239 81 31 sought
1420 243 23 20 to
1462 240 118 30 disparage
1598 247 41 16 our
1656 240 147 31 neighbours,
1804 252 34 4 —
1838 247 34 16 we

1283 282 46 24 will
1356 282 110 23 therefore
1494 282 87 30 merely
1603 289 41 23 say
1666 282 18 22 it
1707 282 75 23 would
1803 289 69 23 prove

1283 324 135 31 necessarily
1441 324 88 30 greatly
1545 328 24 19 to
1592 332 42 16 our
1651 324 133 31 advantage.
1822 324 50 23 The

1281 366 94 23 number
1387 365 26 23 of
1423 365 137 31 Europeans
1571 365 54 24 here
1634 369 94 20 amount
1735 369 22 19 to
1765 365 58 31 fully
1830 372 42 16 one

1281 407 111 25 thousand
1403 407 64 24 three
1478 407 105 24 hundred
1591 418 5 19 ;
1611 408 46 23 and
1669 407 26 24 of
1703 408 47 23 this
1768 408 102 23 numbers

1282 456 39 19 not
1336 451 45 24 less
1399 451 56 22 than
1472 455 44 19 two
1533 451 105 24 hundred
1657 451 45 24 and
1721 451 70 31 thirty
1815 458 57 16 were

1283 494 63 23 cabin
1356 499 146 25 passengers.
1538 493 52 24 The
1606 493 57 24 total
1674 493 132 31 population
1817 493 55 24 here

1280 534 55 23 then
1341 534 20 23 is
1371 541 52 15 now
1435 538 44 19 two
1493 533 115 24 thousand
1618 541 43 16 one
1672 533 111 29 hundred,
1796 533 75 24 which

1280 573 31 31 by
1322 573 38 24 the
1372 572 62 24 close
1446 572 24 24 of
1480 572 38 24 the
1529 581 55 23 year
1596 568 47 29 will
1653 573 59 24 have
1724 573 117 24 increased
1849 578 22 19 to

1280 613 58 24 from
1349 612 36 23 six
1397 617 23 19 to
1433 613 63 30 eight
1509 612 120 25 thousand.

1312 665 24 24 A
1343 670 150 26 government
1505 665 20 23 is
1537 665 131 31 organized,
1681 666 46 23 and
1738 666 24 23 in
1769 666 95 32 peacefu

1281 708 121 31 operation.
1439 707 44 24 We
1495 708 58 24 have
1565 716 25 15 as
1601 713 136 26 permanent
1747 709 123 29 residents,

1282 759 28 15 an
1321 750 162 31 Episcopalian
1501 751 44 23 and
1563 759 13 16 a
1593 751 164 32 Presbyterian
1776 752 95 31 Clergy-

1282 802 57 21 man,
1358 793 44 24 and
1414 802 14 15 a
1444 793 139 33 Dissenting
1600 795 117 24 Minister.
1754 795 43 24 We
1814 796 57 23 have

1281 837 38 24 the
1329 837 86 24 branch
1426 837 25 23 of
1460 846 14 15 a
1490 838 78 29 Bank,
1587 839 44 22 and
1641 839 32 30 by
1690 839 40 23 the
1748 839 122 24 advertise-

1281 885 72 19 ments
1364 880 23 23 in
1401 887 41 16 our
1454 880 111 30 columns,
1578 881 47 24 will
1637 889 56 16 soon
1705 882 58 23 have
1775 890 14 15 a
1799 882 72 23 Local

1282 922 74 24 Bank.
1390 923 45 23 We
1448 924 58 22 need
1516 927 41 19 not
1569 931 40 22 say
1619 931 34 16 we
1665 923 59 24 have
1741 924 49 23 that
1808 929 63 26 great

1282 966 93 23 element
1392 966 26 23 of
1432 973 77 24 power
1526 966 45 23 and
1592 965 131 25 usefulness
1724 978 33 4 —
1759 974 13 15 a
1789 966 81 24 News-

1281 1016 67 24 paper
1370 1009 46 23 and
1439 1009 108 31 Printing
1571 1009 82 24 Office.
1672 1016 4 17 I
1690 1009 180 32 Arrangements

1282 1059 35 16 are
1328 1050 66 25 made
1406 1051 35 24 for
1461 1052 125 29 Churches,
1606 1059 13 16 a
1636 1051 118 30 Miiseum,
1780 1052 44 24 and
1842 1061 28 15 an

1282 1094 77 24 Infant
1378 1093 93 31 School,
1492 1101 60 24 open
1568 1094 61 25 alike
1641 1100 23 18 to
1677 1094 39 25 the
1733 1096 76 23 native
1826 1096 46 23 and

1281 1138 85 30 foreign
1383 1136 68 24 child.
1489 1136 30 24 In
1542 1145 14 15 a
1576 1136 44 24 few
1642 1138 93 22 months
1758 1138 57 23 after
1832 1138 38 24 the

1281 1185 57 19 town
1350 1188 94 23 surveys
1464 1188 39 15 are
1521 1180 133 31 completed,
1674 1179 31 24 all
1723 1180 38 23 the
1778 1182 92 22 institu-

1281 1225 56 22 tions
1349 1223 124 31 belonging
1484 1227 23 19 to
1520 1231 13 15 a
1545 1223 103 23 civilized
1665 1224 139 30 community
1817 1225 52 29 will,

1281 1274 31 16 we
1336 1271 67 25 trust,
1428 1266 29 23 be
1483 1267 24 22 in
1531 1266 45 23 full
1601 1267 125 31 operation,
1752 1267 44 23 and
1815 1267 23 23 in
1858 1275 14 16 a

1280 1309 133 32 flourishing
1425 1310 123 24 condition.

1311 1366 41 24 All
1363 1366 64 24 these
1439 1366 59 31 good
1510 1366 79 32 things
1601 1374 38 16 are
1650 1371 140 28 consequent
1808 1375 62 24 upon

1280 1409 37 25 the
1328 1409 108 31 adoption
1448 1409 25 23 of
1483 1409 38 24 the
1533 1409 132 25 Wakefield
1677 1415 87 27 system
1782 1411 25 23 of
1822 1411 48 24 dis-

1279 1454 80 30 posing
1369 1452 26 23 of
1404 1457 70 19 waste
1486 1453 74 24 lands.
1596 1453 107 24 Without
1716 1454 26 29 it,
1756 1462 24 15 or
1788 1454 37 23 the
1834 1454 37 24 aid

1280 1496 23 23 of
1324 1496 164 29 Government,
1513 1496 58 24 Port
1588 1496 128 25 Nicholson
1734 1498 74 23 would
1830 1503 41 19 not

1279 1539 54 23 have
1344 1538 45 24 had
1401 1547 29 15 an
1442 1538 125 32 European
1578 1540 134 31 population
1725 1540 70 32 thirty
1802 1549 67 23 years

1279 1582 69 23 hence
1359 1582 68 31 equal
1439 1586 23 19 to
1474 1582 49 24 that
1540 1582 73 24 which
1630 1584 20 22 it
1667 1583 92 31 already
1778 1584 89 32 enjoys.

1280 1625 55 24 This
1345 1630 87 26 system
1443 1625 39 24 the
1496 1625 117 24 Colonists
1624 1626 47 23 will
1684 1627 28 23 do
1726 1627 30 22 all
1768 1628 24 22 in
1810 1627 59 24 their

1278 1676 73 24 power
1363 1672 22 19 to
1397 1668 119 30 maintain,
1533 1668 97 24 because
1648 1670 18 22 it
1677 1670 20 23 is
1716 1669 60 24 alike
1793 1670 76 24 useful

1279 1715 22 20 to
1318 1712 61 23 them
1397 1710 45 25 and
1460 1711 58 24 their
1535 1712 90 24 mother
1643 1717 104 27 country.
1784 1713 86 32 Living

1279 1755 70 24 under
1360 1763 13 15 a
1387 1755 155 24 Constitution
1559 1755 73 24 which
1651 1755 110 32 England
1778 1757 45 23 will
1841 1757 28 24 be

1279 1798 75 24 bound
1364 1802 23 19 to
1399 1802 99 27 respect,
1518 1799 83 23 should
1618 1808 44 22 any
1681 1799 102 32 disputes
1801 1800 69 24 about

1279 1841 51 23 land
1342 1841 134 37 aris^they
1487 1847 63 18 must
1564 1842 29 23 be
1605 1842 102 24 referred
1720 1847 23 19 to
1761 1851 40 16 our
1819 1851 50 16 own

1280 1884 107 24 tribunals
1395 1893 6 20 ;
1415 1884 35 24 for
1462 1885 39 23 the
1515 1886 134 22 commision
1667 1890 23 18 to
1709 1887 94 30 enquire
1820 1887 49 23 into

1279 1927 59 24 titles
1350 1931 21 19 to
1383 1927 61 29 land,
1458 1932 23 19 to
1493 1928 28 23 be
1536 1928 121 31 composed
1670 1929 25 23 of
1705 1928 38 24 the
1762 1929 107 24 disinter-

1279 1970 61 24 ested
1350 1969 62 25 folks
1421 1970 25 24 of
1456 1971 101 31 Sydney,
1576 1976 83 19 cannot
1667 1973 100 22 exercise
1775 1973 29 23 its
1813 1973 55 23 end-

1278 2013 44 24 less
1328 2013 115 24 functions
1456 2018 24 19 at
1492 2014 58 23 Port
1557 2015 136 24 Nicholson.
1731 2015 24 24 It
1763 2023 41 16 can
1811 2016 58 24 have

1277 2064 28 15 no
1315 2056 145 32 jurisdiction
1482 2058 63 28 here,
1568 2057 75 24 which
1664 2058 73 31 ought
1758 2063 23 19 to
1803 2059 29 23 be
1855 2068 14 14 a

1279 2098 87 32 subject
1400 2098 25 23 of
1458 2099 181 31 congratulation
1672 2104 24 18 to
1732 2107 40 15 our
1794 2101 74 23 fellow

1280 2141 122 25 Colonists.

1312 2201 49 24 The
1375 2201 116 24 Colonists
1503 2201 26 24 of
1545 2202 57 24 Port
1614 2202 129 24 Nicholson
1755 2202 74 25 would
1840 2203 28 24 be

1278 2243 85 32 willing
1373 2244 46 24 and
1430 2244 92 32 pleased
1534 2249 23 20 to
1568 2246 87 22 receive
1669 2244 48 25 His
1730 2245 139 33 Excellency

1278 2295 82 24 among
1367 2287 70 30 them,
1450 2288 110 31 provided
1566 2288 29 24 he
1603 2288 74 24 would
1684 2290 120 30 recognize
1810 2289 59 25 their

1277 2331 81 31 rights,
1376 2331 76 23 which
1469 2331 29 23 he
1515 2331 21 23 is
1553 2331 78 25 bound
1648 2337 61 19 most
1727 2333 102 32 sacredly
1846 2338 23 19 to

1277 2378 95 28 respect,
1392 2375 45 23 and
1447 2374 76 24 which
1536 2375 66 24 could
1615 2375 52 31 only
1679 2376 29 23 be
1720 2376 115 32 infringed
1845 2378 24 23 in

1278 2417 99 25 defiance
1390 2418 26 24 of
1426 2418 30 24 all
1464 2419 93 31 justice,
1576 2419 74 24 under
1667 2419 40 24 the
1724 2420 86 31 feeling
1820 2420 50 24 that

1277 2460 38 25 the
1326 2462 80 31 people
1417 2461 55 24 here
1483 2462 59 23 have
1554 2466 39 19 not
1611 2462 39 24 the
1667 2470 77 24 power
1761 2468 23 18 to
1802 2464 68 23 resist

1278 2505 139 32 oppression.
1455 2505 48 24 His
1528 2505 142 32 Excellency
1687 2514 53 23 may
1757 2507 66 31 plead
1841 2507 28 24 he

1277 2548 41 23 has
1329 2552 40 19 not
1380 2549 39 22 the
1430 2556 77 24 power
1519 2554 24 18 to
1559 2550 122 31 recognize
1700 2550 38 23 the
1757 2551 112 24 constitu-

1277 2592 71 24 tional
1369 2592 75 32 rights
1476 2600 34 16 we
1536 2592 59 25 have
1620 2593 108 31 acquired
1749 2593 59 25 from
1831 2594 39 24 the

1278 2635 126 31 Sovereign
1416 2635 79 24 Chiefs
1508 2635 25 24 of
1543 2636 46 23 this
1602 2636 65 24 Port.
1705 2636 57 24 Two
1779 2637 88 32 things,

1277 2678 110 30 however,
1408 2686 37 16 are
1456 2679 26 23 in
1499 2679 48 24 His
1565 2679 163 32 Excellency's
1745 2688 76 23 power
1828 2690 6 19 ;
1836 2694 35 4 —

1278 2721 37 24 the
1333 2729 42 16 one
1392 2726 23 19 to
1434 2730 63 15 come
1515 2722 46 24 and
1577 2723 82 31 satisfy
1676 2723 97 24 himself
1788 2724 25 24 of
1828 2724 40 25 the

1279 2765 149 25 suitableness
1440 2766 25 23 of
1476 2766 58 24 Port
1545 2766 128 25 Nicholson
1684 2767 37 24 for
1732 2767 38 24 the
1782 2768 89 24 British

1278 2813 48 19 seat
1350 2809 25 23 of
1392 2808 172 30 Government;
1592 2810 45 23 and
1655 2809 40 25 the
1721 2810 63 24 other
1803 2811 19 23 is
1846 2816 23 19 to

1278 2852 88 24 abstain
1377 2851 60 25 from
1449 2852 112 32 selecting
1573 2852 58 24 until
1641 2852 30 24 he
1682 2853 42 23 has
1743 2855 127 23 communi-

1278 2895 65 24 cated
1353 2895 55 24 with
1426 2895 110 31 England
1554 2903 29 16 on
1601 2896 38 23 the
1656 2897 118 31 propriety
1793 2897 25 23 of
1833 2897 37 24 his

1278 2939 107 31 agreeing
1397 2944 23 18 to
1430 2938 29 23 be
1470 2938 63 30 here,
1547 2938 44 25 and
1597 2939 56 24 with
1660 2947 14 16 a
1681 2939 189 32 Representative

1279 2982 164 24 Government.

1310 3081 44 24 We
1378 3081 89 33 greatly
1492 3082 72 24 doubt
1579 3082 20 24 if
1615 3083 38 23 the
1680 3083 116 24 Colonists
1812 3083 58 24 have

1276 3125 66 24 made
1354 3132 45 24 any
1410 3126 104 23 estimate
1527 3126 25 23 of
1561 3124 38 25 the
1611 3126 105 32 quantity
1733 3126 24 23 of
1765 3126 105 32 building

1277 3165 114 25 materials
1402 3165 76 24 which
1489 3166 47 23 will
1546 3166 29 23 be
1592 3166 108 32 required
1717 3167 153 31 immediately

1267 3208 50 24 "the'
1326 3213 61 19 town
1399 3216 63 16 acres
1475 3216 37 16 are
1524 3209 26 23 in
1566 3209 38 23 the
1620 3210 134 31 possession
1771 3210 25 23 of
1810 3210 59 24 their

1275 3253 147 32 proprietors.
1470 3252 27 24 If
1523 3252 55 32 only
1602 3260 43 16 one
1669 3252 105 24 hundred
1803 3253 66 24 small

1266 3296 102 27 .wooden
1378 3295 85 24 houses
1477 3303 37 16 are
1527 3300 23 19 to
1562 3296 28 23 be
1600 3296 68 29 built,
1681 3296 61 23 from
1752 3297 45 23 five
1807 3296 61 24 hun-

1275 3339 55 24 dred
1341 3339 114 24 thousand
1465 3344 24 19 to
1508 3347 13 15 a
1538 3339 89 24 million
1644 3339 26 24 of
1684 3339 47 24 feet
1749 3339 25 24 of
1787 3340 80 31 plank,

1274 3382 88 30 boards,
1376 3382 46 24 and
1433 3382 115 31 scantling
1557 3382 47 24 will
1610 3383 29 23 be
1646 3382 114 31 required.
1797 3382 71 24 From

1273 3429 91 28 present
1376 3432 153 25 appearances
1541 3433 34 16 we
1587 3425 28 24 do
1627 3429 42 20 not
1681 3425 68 24 think
1757 3434 42 16 one
1806 3426 60 24 hun-

1274 3469 55 24 dred
1340 3467 114 25 thousand
1469 3468 46 24 feet
1532 3468 47 24 will
1595 3468 30 24 be
1641 3468 112 32 prepared
1769 3469 32 31 by
1817 3469 50 24 that

1273 3513 69 29 time..
1373 3511 62 24 How
1448 3519 38 16 are
1496 3519 35 15 we
1540 3516 24 19 to
1576 3511 79 24 obtain
1662 3512 39 23 the
1709 3517 47 18 rest
1763 3513 9 23 ?
1791 3513 74 24 where

1272 3556 20 23 is
1304 3556 18 23 it
1334 3559 22 20 to
1368 3563 64 16 come
1444 3554 60 25 from
1512 3554 10 25 ?
1541 3554 45 25 and
1598 3559 23 20 at
1633 3554 62 25 what
1705 3556 63 31 price
1780 3556 20 23 is
1812 3556 19 23 it
1843 3560 22 20 to

1271 3599 29 23 be
1311 3598 45 24 had
1363 3598 10 24 ?
1393 3606 37 16 are
1444 3598 117 31 questions
1578 3598 25 24 of
1624 3599 90 23 serious
1736 3600 84 30 import
1842 3604 23 20 to

1272 3641 45 25 this
1331 3641 96 32 Colony.
1463 3641 85 24 Added
1560 3646 22 19 to
1594 3641 64 25 these
1670 3646 81 25 wants,
1764 3650 33 16 we
1806 3642 59 25 shall

1270 3686 89 30 require
1371 3684 128 24 thousands
1511 3685 26 22 of
1547 3685 109 31 shingles,
1664 3685 88 29 bricks,
1762 3685 44 24 and
1813 3690 52 21 tons

1272 3728 24 23 of
1315 3728 62 23 lime.
1416 3727 23 24 It
1462 3727 46 24 will
1526 3727 30 24 be
1568 3735 13 16 a
1590 3728 47 23 fine
1660 3730 147 31 opportunity
1830 3730 35 24 for

1271 3771 167 32 neighbouring
1457 3771 116 25 Colonists
1585 3775 23 19 to
1622 3772 78 23 enrich
1718 3771 146 32 themselves,

1270 3814 30 31 by
1312 3814 123 34 supplying
1446 3822 28 16 us
1486 3813 56 25 with
1554 3814 30 24 all
1601 3815 65 23 these
1684 3815 99 25 articles.
1819 3815 45 26 We

1271 3858 78 29 would,
1362 3857 114 30 however,
1487 3857 30 24 be
1528 3857 75 24 better
1619 3858 95 32 pleased
1726 3862 23 20 to
1766 3867 38 17 see
1822 3867 42 16 our

1270 3900 76 25 fellow
1358 3901 118 24 Colonists
1487 3909 64 17 more
1569 3902 162 32 energetically
1750 3907 23 19 at
1790 3903 72 30 work,

1270 3944 122 32 preparing
1404 3953 25 16 so
1441 3946 69 24 much
1524 3946 25 24 of
1558 3954 25 16 as
1595 3947 69 23 maiw
1684 3946 26 24 of
1724 3946 63 24 these
1805 3947 56 23 arti-

696 1515 24 23 It
731 1515 21 23 is
763 1515 105 32 reported
878 1515 50 23 that
940 1514 47 24 His
999 1514 143 30 Excellency
1154 1514 98 31 Captain

663 1558 106 29 Hobson,
783 1557 76 30 R.N.,
871 1559 21 22 is
903 1557 83 24 unable
1004 1562 24 18 to
1048 1557 125 23 determine
1190 1564 62 24 upon

662 1601 38 23 the
717 1608 83 24 proper
817 1601 99 23 harbour
934 1601 35 23 for
987 1600 40 24 the
1051 1604 49 19 seat
1119 1600 24 23 of
1164 1601 88 23 British

663 1644 157 23 Government
837 1644 24 23 in
880 1643 38 24 the
941 1643 58 24 New
1022 1643 103 24 Zealand
1150 1642 99 25 Islands.

663 1687 58 23 This
733 1692 61 18 want
810 1687 25 23 of
851 1687 100 23 decision
970 1686 116 31 evidently
1103 1687 72 23 arises
1192 1686 60 24 from

663 1730 47 24 Plis
722 1729 162 32 Excellency's
894 1730 87 31 having
995 1729 61 25 from
1073 1730 81 24 illness
1172 1730 79 24 unfor-

661 1774 105 31 tunately
788 1778 41 19 not
850 1775 60 22 been
932 1774 49 23 able
1004 1778 24 19 to
1052 1774 90 31 inspect
1165 1773 86 24 Cook's

662 1817 84 24 Straits
759 1817 43 24 and
818 1817 38 23 the
876 1817 115 24 Southern
1010 1817 88 24 Island.
1135 1816 69 25 Were
1222 1817 29 24 he

661 1860 51 24 well
731 1861 138 30 acquainted,
883 1860 55 24 with
961 1860 59 24 Port
1038 1860 135 30 Nicholson,
1192 1860 59 24 from

661 1904 30 23 all
703 1912 33 15 we
752 1904 57 24 have
827 1902 70 25 Heard
915 1904 26 23 of
957 1903 37 23 the
1015 1903 64 24 other
1097 1904 116 24 harbour*
1225 1905 27 23 in

661 1947 65 23 these
738 1946 100 29 Islands,
850 1954 34 15 we
896 1954 37 15 are
1088 1947 30 23 he
1136 1947 75 24 would
1229 1952 23 19 at

661 1997 55 16 once
729 1990 77 23 decide
817 1989 50 24 that
879 1990 45 23 this
935 1990 20 23 is
968 1989 38 23 the
1017 1997 84 22 proper
1112 1990 73 29 place.

695 2032 52 24 The
759 2032 50 31 Bay
821 2032 25 24 of
855 2031 99 31 Islands,
968 2032 19 23 is
999 2032 75 24 stated
1086 2037 23 19 to
1127 2033 28 23 be
1176 2034 75 23 consi-

661 2075 68 23 dered
740 2076 66 27 unfit,
817 2075 98 23 because
933 2075 99 23 situated
1050 2080 24 18 at
1092 2076 37 22 the
1142 2077 110 22 northern

661 2119 122 30 extremity
794 2117 25 25 of
834 2117 64 24 these
917 2117 94 30 islands,
1032 2117 45 24 and
1096 2125 29 16 on
1143 2117 51 25 that
1211 2126 39 16 ac-

661 2166 75 25 count,
754 2162 24 22 in
797 2169 40 16 our
860 2162 99 31 opinion,
980 2169 25 15 as
1024 2162 115 31 improper
1157 2169 26 16 as
1206 2169 45 24 any

659 2205 99 24 harbour
776 2206 25 23 in
818 2204 39 25 the
879 2204 189 32 neighbourhood
1086 2204 26 25 of
1133 2204 117 24 Stewart's

661 2248 87 24 Island.
785 2248 51 23 The
848 2248 100 24 Thames
959 2248 61 23 river
1031 2247 41 24 has
1084 2248 58 24 been
1153 2247 99 32 thought

659 2291 72 32 likely
742 2296 24 19 to
778 2290 71 25 afford
860 2299 14 15 a
885 2291 58 32 good
955 2291 51 28 site,
1020 2291 45 23 and
1082 2292 21 23 is
1121 2291 70 32 being
1209 2299 41 16 ex-

660 2335 97 24 amined.
794 2335 25 24 It
837 2342 94 24 appears
950 2338 24 19 to
991 2342 37 21 us,
1048 2333 111 30 however,
1178 2339 24 19 to
1213 2342 38 16 re-

660 2386 67 16 move
738 2383 23 19 to
773 2378 38 24 the
824 2378 100 24 Thames
941 2378 61 23 river
1020 2377 76 24 would
1114 2378 28 23 be
1160 2378 91 32 leaving

659 2430 29 16 an
700 2422 112 24 excellent
828 2422 34 23 for
879 2429 29 16 an
926 2421 132 24 indifferent
1068 2422 101 24 harbour
1176 2431 7 20 ;
1204 2422 47 23 and

658 2465 59 24 from
729 2466 30 23 its
770 2465 70 32 being
851 2465 80 23 within
942 2472 14 16 a
967 2465 43 23 few
1021 2464 68 25 miles
1107 2465 25 23 of
1147 2465 40 24 the
1201 2465 50 32 Bay

659 2509 25 24 of
694 2508 100 30 Islands,
808 2508 90 32 equally
905 2508 166 32 objectionable
1079 2516 30 16 on
1116 2508 38 23 the
1162 2509 89 31 ground

660 2552 25 24 of
706 2553 108 31 position.
850 2552 48 24 But
916 2552 58 24 Port
991 2551 129 24 Nicholson
1138 2556 113 20 contrasts

659 2596 55 23 with
725 2596 39 23 the
776 2596 51 31 Bay
839 2596 24 23 of
880 2595 93 24 Islands
991 2599 24 20 to
1034 2596 112 23 immense
1165 2596 85 23 advan-

659 2644 60 26 tage.
755 2639 37 25 As
803 2648 15 15 a
827 2639 107 29 harbour,
947 2639 19 23 it
976 2647 55 23 may
1041 2639 29 23 be
1087 2639 49 24 said
1154 2644 24 19 to
1196 2647 55 23 pos-

660 2690 48 16 sess
719 2683 79 31 nearly
806 2690 68 24 every
881 2683 66 31 thing
953 2682 75 24 which
1040 2683 20 22 is
1068 2682 112 24 desirable
1187 2691 6 21 ;
1207 2683 45 23 and

658 2727 24 23 in
693 2726 47 24 this
751 2731 90 27 respect
851 2727 20 23 is
884 2726 61 31 quite
957 2726 75 31 equal,
1044 2725 21 24 if
1080 2730 41 20 not
1139 2726 110 31 superior,

660 2775 22 19 to
693 2770 39 24 the
745 2770 50 31 Bay
807 2770 25 24 of
842 2770 99 24 Islands.
980 2769 24 24 It
1015 2770 43 23 has
1066 2778 29 16 an
1103 2770 148 31 exceedingly

658 2814 45 23 fine
722 2815 43 22 site
783 2814 35 24 for
837 2822 12 16 a
867 2818 69 25 town,
957 2813 94 31 capable
1070 2814 25 23 of
1116 2814 136 31 containing

658 2857 116 24 hundreds
798 2857 25 24 of
842 2857 127 24 thousands
992 2857 26 23 of
1037 2856 151 25 inhabitants.
1226 2857 27 24 It

658 2900 42 24 has
717 2909 13 15 a
751 2901 112 24 beautiful
886 2900 82 32 valley,
992 2900 101 32 through
1115 2900 75 24 which
1213 2900 38 24 the

660 2944 69 30 Hutt,
743 2952 12 16 a
767 2944 116 24 moderate
894 2944 63 24 sized
969 2945 61 23 river
1041 2952 64 22 runs,
1118 2945 46 23 and
1178 2944 72 24 which

658 2988 24 23 in
694 2987 30 24 all
734 2987 138 33 probability
883 2987 46 24 will
939 2988 30 23 be
980 2987 73 24 found
1063 2992 25 20 to
1107 2988 80 24 afford'
1197 2996 52 24 pas-

658 3039 54 23 sage
724 3032 47 23 into
784 3039 29 16 an
825 3032 110 23 immense
947 3032 92 31 portion
1050 3031 26 24 of
1087 3031 37 24 the
1133 3031 116 25 Northern

658 3074 81 24 Island
747 3084 6 20 ;
777 3074 44 24 and
839 3079 22 19 to
874 3075 38 23 the
923 3074 69 24 north
1004 3074 26 24 of
1049 3082 28 16 us
1100 3075 21 23 is
1143 3075 105 29 situated,

657 3118 60 24 what
727 3118 43 24 has
781 3118 58 24 been
851 3118 72 24 called
933 3118 33 31 by
978 3125 106 17 common
1102 3123 101 24 consent,
1210 3118 39 24 the

777 3162 24 23 of
811 3162 57 23 New
1046 3161 59 24 Port
1122 3161 127 24 Nicholson

656 3206 19 22 is
691 3205 99 24 situated
807 3205 155 31 immediately
980 3212 31 16 on
1030 3205 39 23 the
1088 3205 102 24 Eastern
1204 3208 50 21 'en--'

656 3252 77 19 trance
745 3247 25 24 of
791 3247 86 24 Cook's
896 3247 91 29 Straits,
1013 3246 75 24 which
1107 3255 38 16 are
1157 3248 91 23 form&d

656 3290 60 25 alike
727 3291 32 31 by
770 3290 38 24 the
820 3290 119 24 Northern
957 3290 46 24 and
1021 3290 117 24 Southern
1158 3291 87 25 Island.

654 3334 44 25 We
716 3334 58 24 have
792 3333 70 25 heard
874 3334 19 23 it
910 3333 42 24 has
970 3333 60 24 been
1042 3334 81 24 'Stated
1142 3334 50 24 that
1209 3335 38 23 the

653 3378 68 24 latter
733 3379 19 22 is
764 3377 119 24 worthless
893 3386 6 20 ;
912 3377 43 24 but
1043 3377 31 24 all
1087 3386 34 15 we
1138 3377 63 31 hear,
1214 3386 32 16 we

653 3420 68 25 think
733 3421 62 24 there
807 3422 21 23 is
844 3428 82 17 reason
943 3420 35 25 for
996 3420 117 33 believing
1131 3421 51 24 that
1198 3422 25 23 in
1233 3430 13 15 a

653 3464 42 24 few
707 3473 66 25 years
785 3465 19 23 it
814 3464 47 24 will
871 3465 30 23 be
912 3464 71 25 found
996 3464 55 32 only
1058 3465 85 24 second
1149 3466 26 23 in
1181 3466 65 24 value

653 3512 22 18 to
687 3507 39 23 the
738 3507 76 23 North
826 3507 89 23 Island.

687 3551 51 24 The
749 3553 76 22 native
835 3551 134 32 population
975 3551 57 24 here
1039 3558 39 17 are
1086 3551 51 24 Avell
1144 3551 99 24 behaved

653 3593 43 24 and
703 3594 84 29 useful,
788 3608 35 3 —
823 3594 38 25 the
868 3594 106 32 happiest
979 3595 110 24 relations
1096 3596 86 31 having
1187 3596 56 23 been

653 3636 137 24 established
801 3637 102 23 between
915 3638 61 24 them
990 3638 45 25 and
1047 3646 35 21 us,
1095 3638 100 31 through
1207 3638 36 24 tlie

652 3678 56 24 mild
719 3679 45 23 and
772 3680 114 31 judicious
899 3681 97 23 conduct
1008 3681 26 24 of
1044 3681 96 24 Colonel
1156 3681 86 25 Wake-

651 3721 54 24 field
712 3730 6 20 ;
738 3722 45 23 and
799 3726 23 19 to
841 3730 40 16 our
900 3724 71 23 credit
988 3723 65 24 these
1065 3724 110 24 relations
1186 3725 56 24 have

650 3763 60 25 been
720 3769 61 21 most
792 3765 109 31 perfectly
912 3766 142 24 maintained
1066 3771 23 20 to
1101 3768 39 24 the
1150 3773 93 27 present

651 3811 108 22 moment.
796 3807 71 24 From
890 3808 31 23 all
938 3816 162 24 appearances,
1124 3819 34 15 we
1176 3811 66 24 tliiillc

651 3850 64 24 these
726 3852 88 22 natives
823 3852 40 22 bid
868 3852 44 23 fair
919 3856 24 19 to
952 3852 94 26 become
1055 3854 104 24 civilized
1166 3853 76 32 rapid-

650 3894 31 30 ly.
729 3894 44 24 We
797 3895 101 23 estimate
922 3895 58 24 their
999 3896 111 25 numbers
1134 3898 25 23 in
1186 3886 57 35 Pitrt

651 3937 125 25 Nicholson
790 3942 24 19 to
825 3937 28 25 be
861 3938 68 25 about
938 3939 63 32 eight
1008 3940 104 25 hundred
1119 3942 45 24 and
1171 3928 69 46 forj/.

1932 2541 50 23 The
2001 2541 61 24 Rev.
2081 2541 23 24 J.
2124 2541 152 30 Macfarlane,
2295 2542 26 24 of
2337 2542 37 24 the
2392 2542 62 24 Kirk
2467 2543 25 24 of

1898 2575 117 29 Scotland,
2028 2575 47 24 will
2091 2574 101 32 perform
2207 2575 76 24 divine
2295 2577 87 22 service
2394 2580 22 19 at
2427 2577 60 23 half-

1897 2613 52 27 past
1960 2613 40 19 ten
2012 2608 89 24 o'clock
2109 2617 6 20 ;
2136 2608 46 24 and
2192 2608 39 24 the
2243 2609 61 24 Rev.
2318 2609 22 24 J.
2356 2610 30 24 G.
2401 2610 88 30 Butler,

1898 2643 26 22 of
1935 2643 38 22 the
1986 2642 94 24 Church
2092 2643 25 22 of
2128 2641 119 32 England,
2265 2647 25 19 at
2301 2643 79 23 twelve
2393 2643 95 30 o'clock,

1898 2684 67 23 every
1978 2676 102 31 Sunday,
2093 2676 25 23 in
2128 2675 40 23 the
2182 2676 97 23 Council
2291 2676 90 30 House,
2394 2677 23 23 in
2428 2677 64 24 front

1898 2709 26 24 of
1933 2709 38 24 the
1984 2709 79 24 Bank.

1931 2752 35 24 At
1984 2752 40 24 the
2042 2752 126 32 adjourned
2191 2752 104 32 meeting
2319 2752 35 25 for
2373 2753 37 24 the
2429 2759 61 19 esta-

1898 2786 126 24 blishment
2035 2786 25 23 of
2074 2785 38 24 the
2126 2785 74 24 Local
2214 2785 78 30 Bank,
2306 2787 38 23 the
2356 2792 134 26 prospectus

1897 2820 113 31 prepared
2020 2820 31 30 by
2063 2819 39 24 the
2112 2818 138 25 Committee
2263 2821 122 30 appointed
2396 2821 33 23 for
2442 2822 50 23 that

1898 2862 97 23 purpose
2008 2861 46 16 was
2065 2853 55 23 read
2132 2853 46 23 and
2189 2852 106 32 adopted.
2333 2854 50 24 The
2398 2855 92 24 institu-

1898 2888 48 23 tion
1957 2888 20 23 is
1990 2886 94 25 entitled
2095 2886 38 24 the
2178 2886 57 25 Port
2253 2887 127 24 Nicholson

1898 2921 54 24 with
1964 2929 14 15 a
1990 2921 84 31 capital
2084 2920 25 24 of
2124 2921 116 29 £50,000
2253 2921 25 23 in
2290 2924 75 27 2,500
2378 2921 77 25 shares
2468 2922 25 24 of

1897 2955 55 24 £20
1964 2954 63 24 each.
2064 2954 44 24 We
2119 2954 143 24 understand
2273 2954 50 24 that
2330 2955 50 23 four
2387 2956 104 23 hundred

1898 2989 45 23 and
1954 2989 51 31 fifty
2017 2988 78 23 shares
2107 2996 60 16 were
2179 2988 134 25 subscribed
2330 2989 24 23 in
2368 2989 37 24 the
2416 2997 72 16 room.

1932 3032 72 24 From
2015 3036 108 20 accounts
2136 3031 32 32 by
2180 3031 37 24 the
2375 3039 31 16 we
2424 3032 65 24 learn

1898 3074 14 15 a
1926 3073 71 24 paper
2017 3070 22 19 to
2057 3065 29 24 be
2109 3064 92 25 intitled
2223 3065 39 23 the
2389 3065 101 25 Zealand

2109 3105 47 16 was
2180 3102 23 19 to
2229 3105 84 24 appear
2337 3105 29 16 on
2388 3098 37 24 the
2451 3102 37 21 Ist

1897 3132 110 31 January,
2032 3133 74 22 IS4O.
2151 3131 24 23 It
2196 3138 48 16 was
2271 3135 24 19 to
2317 3131 28 24 be
2368 3132 121 31 published

1897 3165 175 30 semi-monthly
2080 3173 6 21 ;
2101 3163 46 24 and
2157 3163 76 24 would
2243 3164 90 24 further
2344 3165 38 24 the
2394 3166 50 24 best
2451 3168 37 22 in-

1896 3203 83 19 terests
1992 3198 26 24 of
2031 3198 46 23 this
2092 3198 91 30 Colony
2199 3198 32 31 by
2250 3198 39 23 the
2308 3202 119 21 strenuous
2446 3200 41 24 ad-

1896 3239 84 24 vocacy
1992 3232 26 24 of
2027 3231 38 24 the
2076 3231 131 24 Wakefield
2225 3232 124 31 principles
2362 3232 25 24 of
2403 3233 84 24 coloni-

1897 3266 83 23 zation.
2018 3264 23 24 It
2053 3272 45 16 was
2111 3264 47 24 also
2171 3265 25 23 in
2208 3265 177 32 contemplation
2396 3271 21 19 to
2425 3272 61 19 esta-

1895 3299 62 24 blish
1968 3307 14 15 a
1992 3299 59 24 New
2063 3298 103 24 Zealand
2177 3298 156 30 Association,
2345 3300 55 23 with
2410 3308 77 16 rooms

1895 3332 36 24 for
1939 3332 41 24 the
1987 3340 43 16 use
2037 3332 26 24 of
2071 3340 95 23 persons
2174 3333 126 24 interested
2305 3334 25 23 in
2337 3333 45 24 this
2391 3333 94 32 Colony.

1930 3375 106 25 Police.
2038 3388 34 4 —
2072 3375 45 24 We
2130 3384 39 15 are
2180 3375 77 33 happy
2269 3380 24 20 to
2305 3380 58 20 state
2374 3377 62 24 there
2448 3386 38 15 are

1895 3417 29 16 no
1937 3417 64 16 cases
2013 3413 23 20 to
2047 3409 29 24 be
2087 3409 107 32 reported
2206 3410 46 24 this
2264 3410 71 24 week.

1928 3453 52 24 The
2002 3453 117 32 following
2142 3455 21 22 is
2182 3461 14 17 a
2215 3461 57 24 copy
2291 3453 26 24 of
2337 3453 39 24 the
2394 3458 50 19 vote
2464 3455 25 23 of

1894 3486 84 25 thanks
1991 3487 98 32 adopted
2100 3487 32 31 by
2144 3487 38 24 the
2194 3487 67 24 cabin
2268 3494 136 24 passengers
2411 3487 26 24 of
2445 3487 40 24 the

1893 3520 85 32 barque
2151 3520 74 24 which
2244 3528 34 16 we
2295 3520 58 24 have
2371 3521 57 23 been
2446 3529 38 16 re-

1893 3554 96 31 quested
2001 3559 23 20 to
2036 3556 72 23 insert
2116 3563 6 16 :
2124 3567 35 4 —
2195 3565 3 5 •

1893 3593 33 22 To
1935 3593 63 22 John
2008 3593 101 22 Percival
2119 3592 125 27 Robinson,
2260 3591 61 29 Esq.,
2337 3593 149 22 Commander

1894 3620 26 22 of
1936 3620 38 23 the
1993 3621 84 27 barque
2264 3619 59 22 from
2347 3619 94 23 London
2461 3624 24 18 to

1913 3648 8 9 *
2098 3646 58 23 NeAv
2171 3646 108 21 Zealand.

1920 3681 42 23 We
1972 3681 39 23 the
2020 3680 158 27 undersigned,
2188 3680 69 27 being
2267 3679 38 23 the
2316 3680 73 34 cuddy
2394 3688 91 20 passen-

1891 3716 51 19 gers
1951 3709 23 21 in
1986 3709 38 22 the
2034 3709 70 21 above
2112 3707 58 27 ship,
2185 3706 138 28 proceeding
2331 3710 23 18 to
2363 3707 55 22 New
2427 3707 58 23 Zea-

1892 3735 55 23 land
1959 3736 74 22 under
2047 3735 37 22 the
2099 3734 101 27 auspices
2215 3734 26 22 of
2252 3733 38 22 the
2307 3734 58 22 New
2385 3734 100 23 Zealand

1893 3763 65 23 Land
1968 3763 123 26 Company,
2103 3768 24 14 as
2138 3761 112 21 Colonists
2269 3768 25 15 or
2308 3761 90 23 Settlers
2412 3761 71 28 there,

1891 3790 49 27 &c,
1952 3793 84 19 cannot
2045 3787 128 23 disembark
2181 3787 58 23 from
2250 3787 38 22 the
2298 3787 71 23 vessel
2378 3789 23 21 in
2411 3788 72 23 which

1891 3823 33 16 we
1935 3819 57 20 have
2003 3815 69 23 sailed
2081 3815 103 27 together
2193 3814 35 22 for
2238 3818 85 25 twenty
2330 3815 78 27 weeks,
2419 3816 65 22 with-

1891 3847 40 19 out
1945 3843 94 26 offering
2053 3842 45 22 and
2111 3841 132 28 presenting
2260 3845 23 18 to
2298 3849 46 21 you
2358 3849 24 15 as
2396 3843 89 26 captain

1891 3871 45 21 and
1940 3869 146 23 commander
2093 3876 41 14 our
2142 3869 121 27 testimony
2271 3869 45 22 and
2321 3869 78 23 united
2403 3869 82 23 thanks

1890 3897 34 22 for
1934 3904 57 20 your
2001 3896 97 23 uniform
2108 3895 109 23 kindness
2227 3895 46 23 and
2278 3896 113 28 urbanity,
2402 3904 23 14 as
2432 3897 51 22 well

1890 3931 24 15 as
1924 3924 34 22 for
1968 3923 38 23 the
2016 3923 77 23 liberal
2103 3930 96 15 manner
2208 3922 24 22 in
2243 3922 73 22 which
2322 3931 32 14 we
2362 3923 56 22 have
2425 3923 58 23 been

1889 3951 108 29 supplied.
2023 3951 32 22 At
2062 3950 37 23 the
2104 3957 63 16 same
2173 3950 52 24 time
2232 3957 34 16 we
2273 3950 71 23 desire
2352 3953 23 20 to
2382 3950 101 24 acknow-

747 30 82 31 TH
845 30 29 29 E
919 30 78 29 NE
1017 30 45 30 W
1063 30 114 31 ~2HE
1177 30 182 48 rXTHSr^
1455 30 175 31 XTSTZTE
1649 31 25 28 £
1691 31 31 28 T
1743 30 54 30 ET

1901 113 46 24 cles
1959 122 25 15 as
1996 114 54 31 they
2061 114 57 24 have
2129 115 40 23 the
2180 123 75 23 power
2267 120 23 19 to
2303 117 35 23 do.
2375 117 64 24 With
2447 125 40 16 our

1900 156 122 23 boundless
2034 157 91 29 forests,
2137 165 34 16 we
2183 158 72 30 ought
2260 163 42 19 not
2309 164 22 19 to
2339 160 56 23 have
2404 164 21 19 to
2433 160 54 23 seek

1901 198 100 32 supplies
2014 200 26 23 of
2048 200 64 23 wood
2123 200 60 23 from
2194 200 95 24 without
2305 202 40 23 the
2358 202 94 30 Colony.

832 880 251 23 THERMOMETER.

718 915 71 23 Week
803 915 85 28 ending
900 915 88 26 Friday,
1008 913 66 29 April
1087 915 34 26 24,
1136 915 61 21 1840.

1935 275 24 24 It
1969 276 46 23 will
2027 276 57 23 have
2095 276 58 24 been
2165 284 55 15 seen
2231 277 30 31 by
2274 284 29 16 an
2315 278 173 24 advertisement

1900 318 24 22 in
1936 325 41 16 our
1987 318 46 23 last
2042 326 76 24 paper,
2133 318 51 24 that
2203 318 38 24 the
2260 320 228 30 Surveyor-General

1899 367 111 24 purposes
2022 361 154 31 immediately
2186 362 80 31 giving
2278 367 40 19 out
2329 367 109 20 contracts
2452 364 36 24 for

1900 404 89 30 cutting
1999 404 66 23 roads
2077 412 31 23 up
2121 404 38 24 the
2170 405 75 31 valley
2257 405 25 24 of
2291 405 39 24 the
2342 405 70 25 Hutt.
2443 406 45 24 We

1900 445 58 32 hope
1970 445 38 25 the
2021 446 90 24 tenders
2130 447 46 24 will
2195 454 98 18 warrant
2311 450 64 23 these
2389 450 98 30 cuttings

1899 488 70 32 being
1979 489 67 24 made
2057 489 55 24 with
2123 495 66 27 great
2201 491 104 32 rapidity.
2318 505 6 4 -
2343 492 50 23 The
2406 499 80 16 execu-

1900 531 48 24 tion
1959 531 26 24 of
1994 532 116 23 extensive
2123 534 100 30 cuttings
2234 534 118 23 forthwith
2368 534 74 24 would
2459 535 28 23 be

1900 574 132 31 productive
2050 574 26 24 of
2095 576 59 30 good
2177 577 26 22 in
2224 581 45 19 two
2285 581 114 27 respects;
2402 590 32 4 —
2434 577 54 32 they

1899 617 75 23 would
1985 617 45 23 add
2040 618 69 24 much
2121 623 23 19 to
2157 626 42 16 our
2209 619 147 24 information
2368 621 67 23 about
2448 621 40 23 the

1900 659 66 30 river,
1975 660 45 24 and
2028 660 115 24 character
2151 661 26 24 of
2186 661 38 24 the
2229 662 54 23 land
2289 670 63 24 upon
2358 664 30 23 its
2396 664 76 23 shores
2480 674 6 18 ;

1900 703 45 22 and
1955 703 55 31 they
2021 704 75 23 would
2107 705 80 23 enable
2200 705 38 24 the
2246 713 95 23 surveys
2348 706 34 24 for
2395 712 93 26 country

1899 745 66 24 lands
1980 750 23 20 to
2024 754 128 17 commence
2172 748 44 23 and
2234 748 29 23 be
2283 748 86 24 carried
2388 757 29 15 on
2432 750 55 22 with

1899 789 105 31 rapidity,
2018 790 95 31 directly
2124 790 39 24 the
2175 795 61 19 town
2248 799 64 16 acres
2325 799 36 16 are
2377 792 111 24 delivered

1900 836 21 18 to
1941 832 58 24 their
2017 833 144 32 purchasers.
2205 834 44 24 We
2268 835 58 31 hope
2347 836 44 23 and
2409 840 79 27 expect

1899 874 49 24 that
1958 876 25 22 in
1994 876 64 23 three
2071 885 24 15 or
2107 877 51 24 four
2177 879 100 28 months,
2297 879 20 23 if
2333 879 38 23 the
2390 880 98 30 cuttings

1899 926 38 15 are
1949 919 89 23 carried
2053 927 30 16 on
2100 920 55 23 with
2174 921 73 31 spirit,
2268 921 49 24 that
2335 930 68 23 many
2420 922 68 24 thou-

1899 960 58 23 sand
1974 968 64 16 acres
2057 962 26 22 of
2098 966 97 27 country
2211 962 57 24 land
2285 964 47 23 will
2349 964 28 23 be
2397 973 56 22 open
2465 970 23 18 to

1899 1002 116 24 selection.

770 960 60 17 Morn.

879 960 57 16 Even.

980 959 62 16 Wind.
1057 960 4 23 |

1113 959 90 15 Weather.

663 1003 30 16 Sat

663 1024 43 16 Sun.
727 1035 18 5 ...

664 1044 49 16 Mon.
727 1056 18 4 ...

663 1066 54 16 Tues.
727 1077 18 4 ...

663 1086 50 16 Wed.
727 1098 18 4 ...

663 1107 59 16 Thurs
729 1119 17 4 ...

663 1127 29 17 Fri

791 1002 21 16 45

791 1023 21 15 49

792 1044 20 15 55

791 1064 21 16 47

791 1086 21 15 49

792 1106 20 16 53

793 1127 20 16 53

897 1001 21 15 49

898 1021 18 16 51

898 1042 21 16 54

897 1063 21 15 58

897 1084 21 15 59

897 1105 21 15 G2

898 1126 22 15 54

993 1000 40 16 S.E.

993 1020 41 16 S.E.

993 1041 41 16 S.E.

993 1061 52 17 N.W.

992 1082 53 17 N.W.

993 1103 52 17 N.W.

993 1124 41 17 S.E.

1073 999 92 16 Moderate
1171 999 36 15 and
1212 999 40 15 fine.

1073 1019 52 16 Ditto
1132 1019 37 16 and
1178 1019 43 16 dull.

1074 1040 69 20 Strong,
1150 1040 15 16 &
1173 1040 35 16 fine
1214 1040 38 20 day.

1073 1060 54 21 Light
1134 1061 53 19 wind,
1193 1061 15 16 &
1212 1061 40 16 fine.

1073 1081 34 17 Co.
1129 1082 28 16 do.

1073 1102 33 17 Do.
1116 1103 34 16 and
1156 1103 86 19 showery.

1074 1124 44 16 Gale
1125 1123 36 17 and
1170 1122 43 17 dull.

684 1169 53 16 Mean
743 1181 4 4 .

793 1169 46 16 50.80

897 1167 47 16 59.29

134 114 155 21 MISSING.
291 123 37 6 —
329 111 38 24 £5
385 113 163 21 REWARD.

49 151 49 46 A
109 150 76 22 CASE
200 149 40 21 OF
254 148 204 27 STATIONERY,
477 147 82 23 landed
577 148 59 21 from

119 176 38 21 the
329 175 92 22 marked
428 175 53 22 S.R.
491 175 24 21 in
526 181 12 14 a
548 181 86 19 square,

48 203 45 20 and
103 202 123 22 numbered
237 202 45 21 174.
313 202 22 22 It
344 209 43 14 was
397 202 35 21 for
447 209 60 14 some
524 197 72 25 weeks
613 200 22 21 in

48 230 38 20 the
96 229 134 27 Company's
241 228 81 22 Native
333 230 67 25 Store,
420 228 115 27 adjoining
545 226 91 22 Colonel

49 255 143 22 Wakefield's
199 255 121 27 residence,
326 254 90 23 andhas
422 255 58 21 been
489 254 66 21 taken
564 253 73 21 there-

47 282 57 21 from
120 282 82 26 during
220 282 38 21 the
277 282 43 21 last
336 280 114 28 fortnight.
480 280 23 22 It
520 280 40 21 has
578 280 57 21 been

47 308 68 22 taken
126 309 30 27 by
165 308 94 22 mistake
270 315 24 14 or
305 308 76 22 stolen.
412 307 25 22 If
444 306 78 27 stolen,
534 306 102 21 whoever

48 335 44 21 will
110 336 50 26 give
179 334 144 22 information
342 333 71 23 which
433 333 45 22 will
494 332 50 23 lead
560 337 23 17 to
599 332 36 21 the

47 369 106 23 recovery
164 361 26 22 of
202 361 36 22 the
247 364 112 24 property,
369 360 45 21 and
424 360 127 21 conviction
562 359 26 22 of
599 358 37 22 the

47 388 60 26 thief,
120 388 44 21 will
174 388 85 21 receive
270 395 13 14 a
291 387 85 22 reward
385 387 26 21 of
421 386 42 23 £5.

77 421 21 21 If
110 428 45 20 any
163 427 79 20 person
252 420 41 22 has
309 420 66 22 taken
392 419 18 22 it
425 419 31 28 by
472 419 101 26 mistake,
591 418 46 22 and

47 447 51 21 does
110 452 39 16 not
159 451 75 17 return
244 447 17 21 it
280 447 56 21 after
352 447 42 21 this
411 446 179 26 advertisement,
607 445 28 21 he

45 473 46 22 will
99 473 27 22 be
136 473 108 27 regarded
254 480 24 15 as
293 481 13 14 a
320 473 60 27 thief,
397 473 47 21 and
460 472 59 22 dealt
530 472 53 22 with
599 478 37 15 ac-

47 500 122 27 cordingly.

97 534 95 21 Gazette
228 533 77 27 Office,
317 533 63 28 April
390 534 34 26 30,
438 534 60 21 1840.

47 588 29 20 T
96 587 62 26 OST,
175 595 24 14 or
213 586 68 22 taken
297 593 62 21 away
367 586 29 33 by
406 586 102 27 mistake,
524 593 13 14 a
547 585 87 27 CASK,

46 608 20 27 .111
78 615 13 19 1
122 613 94 22 marked
231 613 30 21 H.
278 614 20 21 &
313 614 29 21 A.
369 612 48 23 The
436 613 70 21 above
524 612 52 22 cask
590 619 45 14 was

46 640 81 21 landed
142 640 68 21 about
219 647 13 14 a
240 639 110 27 fortnight
363 646 41 20 ago
415 647 31 14 on
456 639 38 22 the
503 639 77 27 beach,
597 646 38 20 op-

46 667 69 27 posite
126 666 36 22 the
174 667 134 26 Company's
318 667 81 20 Stores.

73 694 53 26 Any
146 700 79 20 person
248 694 116 26 returning
388 692 37 21 the
447 692 70 22 above
536 692 52 22 cask
612 695 23 18 to

45 720 90 21 Messrs.
154 720 95 21 Hanson
265 719 45 22 and
322 719 97 27 Alsdorf,
438 719 45 22 will
496 720 28 21 be
538 719 97 27 suitably

45 746 120 22 rewarded.

73 774 63 26 April
146 773 58 27 30th,
216 774 61 21 1840.
626 779 8 14 i

87 827 100 20 BANK
209 827 44 20 OF
272 827 90 20 PORT
382 826 208 21 NICHOLSON.

45 859 68 48 AT
132 867 14 13 a
163 859 100 27 meeting
282 859 24 21 of
327 859 61 22 those
413 859 121 22 interested
553 860 24 20 in
597 859 37 22 the

124 886 169 22 establishment
303 886 25 21 of
340 894 13 14 a
362 886 70 22 Local
448 886 71 27 Bank,
534 886 54 22 held
606 893 28 15 on

43 913 110 26 Tuesday,
166 913 36 21 the
212 912 53 22 28th
274 913 86 27 ultimo,
373 916 22 18 at
405 913 39 21 the
461 913 68 22 house
547 913 26 21 of
589 913 44 22 Mr.

45 939 119 27 Crawford,
336 952 10 8 »

226 973 23 15 IT
265 974 45 14 WAS
326 973 114 15 RESOLVED
449 974 5 13 :

94 999 59 22 That
170 999 37 22 the
225 999 131 26 Prospectus
373 999 53 22 then
444 999 45 22 laid
505 999 76 22 before
597 999 38 22 the

46 1026 97 27 meeting
153 1026 27 21 be
192 1025 97 28 adopted
298 1026 45 21 and

92 1059 60 22 That
160 1066 14 14 a
185 1059 137 22 Provisional
331 1059 116 22 Direction
463 1059 28 22 be
507 1059 126 28 appointed,

45 1089 21 18 to
77 1086 51 21 take
145 1093 111 15 measures
271 1086 35 22 for
322 1086 103 27 carrying
440 1086 36 22 the
492 1086 52 28 plan
560 1087 26 21 of
597 1087 38 21 the

45 1112 62 22 Dank
117 1113 49 21 into
177 1113 89 26 effect.^

72 1146 156 27 Prospectuses
238 1146 45 22 will
293 1146 143 28 accordingly
449 1146 28 22 be
493 1146 80 24 issitqiL
590 1146 45 23 and

45 1174 46 21 lists
101 1173 108 27 prepared
219 1173 34 21 for
264 1173 153 28 subscription,
429 1174 24 21 in
464 1181 13 14 a
486 1174 41 21 fe»
536 1168 63 32 'UayVh

72 1207 52 21 Port
134 1206 131 27 Nicholson,
277 1207 56 26 May
344 1209 17 24 1,
375 1207 61 21 1840.
625 1215 9 14 i

268 1262 25 20 A
308 1262 102 20 CARD.

41 1296 36 47 J
96 1295 172 27 JOHNSTON,
280 1295 86 22 Joiner
376 1295 45 23 and
430 1295 203 29 Cabinet-maker,

82 1333 9 10 •
123 1322 75 27 Noal,
209 1322 172 27 Clyde-terrace.
625 1331 8 14 i

56 1376 132 21 DIRECT
209 1377 101 20 FROM
332 1376 68 21 THE
427 1378 194 20 STAFFORD-

173 1403 106 21 SHIRE
298 1404 203 24 POTTERIES,

42 1436 90 34 rjpEN
151 1436 117 22 CRATES
288 1436 39 22 OF
346 1437 167 22 CROCKERY
531 1437 101 27 WARE,

49 1459 30 25 JL
126 1463 73 21 which
218 1463 90 22 Messrs.
329 1463 124 28 Wallace,
473 1464 92 27 White,
588 1465 46 21 and

43 1489 116 23 Wallace
170 1490 53 22 offer
233 1490 35 22 for
279 1490 48 22 Sale
338 1491 29 26 by
376 1490 90 22 Private
483 1492 111 26 Contract,
612 1495 23 19 at

44 1517 55 21 their
109 1517 152 27 Store-house,
273 1518 79 21 situate
362 1521 56 17 next
428 1521 22 18 to
461 1517 37 23 the
506 1518 71 22 Bank.

71 1543 91 22 Messrs.
173 1543 35 22 W.
220 1543 35 23 W.
267 1544 45 22 and
322 1544 33 21 W.
367 1543 58 23 have
440 1544 47 22 also
504 1552 29 14 on
550 1545 52 27 sale,
621 1552 14 15 a

43 1570 159 22 well-selected
213 1571 62 21 stock
286 1571 26 21 of
322 1570 170 24 miscellaneous
501 1571 75 28 goods,
584 1579 50 15 use-

42 1597 31 21 ful
84 1600 22 18 to
118 1597 112 22 colonists.

71 1624 52 22 Port
132 1624 132 27 Nicholson,
274 1624 64 28 April
347 1626 33 26 29,
392 1626 61 21 1840.
618 1633 16 14 n

44 1678 92 48 MR.
153 1677 157 23 ANTHONY
324 1678 121 28 BROWN,
463 1679 54 27 begs
526 1682 59 19 most
599 1686 35 14 re-

136 1705 120 27 spectfully
266 1708 23 19 to
298 1706 101 21 intimate
409 1708 23 19 to
443 1705 37 23 the
490 1706 81 26 public,
586 1705 49 23 that

42 1732 28 21 he
84 1731 40 23 has
136 1731 87 28 opened
236 1739 14 14 a
260 1732 168 22 BUTCHER'S
440 1733 86 26 SHOP,
543 1733 38 21 the
590 1733 44 21 last

42 1758 103 27 building
158 1762 23 18 at
197 1758 37 22 the
252 1762 54 19 west
321 1759 43 22 end
374 1759 26 21 of
411 1759 39 22 the
465 1759 78 28 beach,
559 1759 75 23 where

42 1793 59 13 good
112 1793 72 14 fresh
199 1793 94 14 mutton
304 1793 41 15 can
359 1786 27 22 be
400 1786 47 22 had
457 1786 72 28 daily;
545 1787 46 21 and
605 1787 28 22 he

41 1815 67 19 trusts
123 1813 30 26 by
164 1812 35 22 his
214 1813 110 21 attention
341 1816 21 18 to
377 1813 109 28 business,
503 1818 22 17 to
540 1813 93 23 deserve

42 1839 37 21 the
88 1842 123 24 patronage
222 1839 26 21 of
256 1840 37 21 the
303 1841 146 26 community.

70 1866 52 22 Port
132 1866 132 28 Nicholson,
278 1867 65 27 April
351 1868 33 25 29,
396 1868 62 21 1940.
625 1875 7 14 i

131 1921 40 21 TO
186 1921 39 22 BE
240 1921 79 22 SOLD
335 1921 39 22 BY
390 1922 146 26 AUCTION,

72 1955 40 26 By
126 1955 112 21 Messrs.
254 1955 92 21 JOHN
355 1955 21 20 &
386 1956 77 20 GEO.
480 1956 117 25 WADE,

43 1990 71 49 ON
129 1990 178 27 THURSDAY,
322 1990 38 22 the
375 1990 38 23 7th
428 1991 62 28 May,
508 1994 22 19 at
544 1991 89 22 Thorn-

120 2017 52 26 don,
185 2018 99 26 opposite
294 2018 44 21 Mr.
349 2018 108 21 Barrett's
466 2018 77 27 house,

39 2062 5 2 .
68 2046 54 19 I'OnO
134 2044 80 27 Rough
228 2048 80 22 staves,
320 2045 25 21 fit
353 2045 35 21 for
402 2045 94 27 making
509 2045 85 27 pailing
609 2053 24 14 or

42 2070 105 28 bhingles.

70 2098 19 21 A
101 2097 103 27 quantity
214 2097 26 21 of
248 2096 111 23 excellent
368 2096 97 23 colonial
477 2097 82 23 corned
568 2098 64 28 pork.

67 2126 13 20 2
89 2128 51 18 tons
148 2128 108 23 potatoes.

67 2153 12 20 6
89 2154 45 19 sets
143 2151 97 27 whaling
249 2158 60 20 gear.

67 2180 12 19 2
87 2178 71 22 brood
171 2185 78 19 mares,
265 2178 24 22 in
294 2178 46 23 foal
349 2182 22 18 to
379 2178 112 23 excellent
496 2182 47 19 cart
547 2178 84 24 horses.

66 2207 27 20 20
102 2206 55 26 bags
167 2206 25 21 of
197 2205 89 22 biscuit.

67 2234 13 19 2
91 2236 52 18 tons
152 2233 26 21 of
185 2239 72 20 sugar.

66 2259 113 27 Together
185 2258 52 23 with
246 2259 57 27 shot,
315 2259 131 28 fish-hooks,
453 2259 125 29 gun-flints,
587 2260 45 23 and

39 2295 13 12 a
63 2286 76 22 choice
148 2289 135 19 assortment
289 2286 26 21 of
322 2286 94 22 woollen
425 2287 45 22 and
480 2290 75 19 cotton
562 2295 70 14 wear-

38 2314 41 26 ing
89 2313 97 27 apparel,
198 2312 45 22 and
253 2313 64 22 other
325 2313 166 23 merchandize.

95 2341 84 27 Terms,
193 2340 53 21 cash
257 2347 29 14 on
296 2340 104 28 delivery.

305 2375 61 19 ALSO,

66 2396 27 20 20
103 2394 65 21 hhds.
188 2393 99 23 colonial
296 2394 40 27 ale,
352 2401 63 15 more
426 2402 25 14 or
460 2394 43 23 less
513 2394 117 29 damaged,

39 2421 53 22 with
103 2420 74 23 which
186 2421 61 22 three
258 2421 88 22 months
357 2422 71 21 credit
437 2422 45 21 will
491 2422 28 22 be
529 2422 68 27 given
608 2425 22 19 to

37 2449 82 27 buyers
129 2451 22 19 to
161 2448 38 22 the
210 2451 93 19 amount
313 2448 25 22 of
349 2448 54 28 £20,
421 2456 29 14 on
461 2449 113 28 approved
589 2456 41 15 en-

40 2475 80 23 dorsed
131 2478 152 25 acceptances.
623 2484 7 14 i

41 2530 72 48 ON
124 2529 84 27 SALE,
220 2529 40 21 BY
270 2529 63 22 THE
342 2530 236 28 UNDERSIGNED,
598 2531 34 27 pit

119 2556 45 22 and
174 2563 58 15 cross
243 2559 39 19 cut
291 2563 60 21 saws,
363 2557 48 27 &c,
426 2557 100 28 splitting
534 2558 96 28 wedges,

40 2590 52 14 axes
103 2584 45 21 and
154 2584 72 26 adzes,
235 2583 110 27 grubbing
352 2584 61 27 hoes,
420 2584 71 27 rakes,
500 2584 41 22 fish
551 2585 78 28 hooks,

39 2614 56 24 pots,
108 2611 47 26 &c,
176 2610 129 27 negrohead
314 2611 99 26 tobacco,
425 2611 48 21 first
483 2611 90 28 quality,
585 2614 46 20 and

39 2637 69 27 pipes,
114 2637 166 21 boiledlinseed
284 2637 36 27 oil,
329 2637 109 28 blankets,
447 2637 72 28 shirts,
526 2642 102 25 trousers,

39 2664 39 21 red
98 2664 44 22 and
156 2664 51 22 blue
218 2664 94 21 woollen
329 2664 71 28 shirts,
421 2665 76 22 brown
516 2665 51 22 drill
585 2667 46 21 and

39 2691 108 27 sheeting,
158 2690 110 22 bleached
277 2691 109 27 shirtings,
408 2691 131 28 dungarees,
550 2693 78 28 prints,

39 2717 44 23 and
92 2718 129 27 tarpaulins.

95 2752 62 26 Also,
176 2752 37 21 the
223 2759 66 19 cargo
298 2759 40 21 per
373 2752 60 28 Sally
531 2754 43 23 viz.

68 2785 100 28 Taylor's
176 2786 76 22 brown
260 2789 66 24 stout,
336 2787 23 21 in
366 2785 74 30 hhds.,
449 2787 117 28 Taragona
573 2788 57 23 wine

40 2813 23 21 in
74 2813 69 27 casks,
159 2820 50 14 rum
224 2813 45 21 and
283 2813 45 27 gin,
345 2813 81 28 paints,
444 2815 128 22 Stockholm
588 2819 40 24 tar,

41 2840 47 26 salt,
101 2839 96 23 Manilla
207 2847 72 20 sugar,
290 2840 52 27 rice,
350 2840 64 28 flour,
428 2843 33 20 Ist
469 2842 44 22 and
519 2842 35 28 2d,
569 2850 59 21 soap,

40 2867 57 28 blue,
109 2867 85 27 raisins,
207 2867 125 22 Cavendish
343 2867 99 28 tobacco,
453 2869 44 21 and
507 2869 104 28 shingles.

393 2901 124 23 ROBERT
529 2903 71 23 TOD.

40 2934 147 22 Commission
198 2934 126 29 Merchant,
336 2935 44 22 and
389 2935 65 23 Land
464 2937 83 27 Agent.

67 2968 53 21 Port
126 2968 130 28 Nicholson,
268 2969 65 27 April
341 2970 33 27 23,
385 2970 62 22 1840.
613 2978 14 15 n

228 3024 87 21 SEED
334 3025 101 20 CORN.

42 3057 91 24 Landed
142 3064 29 15 ex
382 3058 46 22 and
446 3058 67 23 about
526 3059 101 27 landing.

247 3092 29 15 ex

56 3119 17 20 A
100 3118 105 22 SMALL
226 3118 161 24 QUANTITY
403 3119 27 21 of
447 3119 38 23 the
502 3119 126 24 celebrated

41 3140 48 25 £\.
101 3145 175 25 ''Whitington"
286 3145 83 27 (white)
376 3145 90 29 Wheat,

42 3171 84 27 Barley,
137 3170 87 23 French
240 3173 60 25 Oats,
319 3172 73 22 White
409 3173 64 27 Peas,
491 3174 56 22 Blue
563 3175 63 22 ditto.

39 3198 62 27 Also,
113 3198 108 28 Oatmeal,
238 3199 45 21 and
292 3199 74 21 White
375 3199 46 22 and
430 3200 56 22 Blue
497 3201 56 28 Split
563 3201 63 23 Peas.

251 3232 83 23 LUKE
347 3232 168 30 NATTRASS,

467 3261 129 23 Thorndon.

39 3313 41 20 TO
96 3314 43 19 BE
155 3314 85 21 SOLD
254 3314 49 21 BY
317 3314 127 21 PUBLIC
456 3316 168 26 AUCTION,

52 3347 25 21 In
89 3354 14 14 a
112 3347 43 23 few
166 3347 60 27 days,
239 3347 26 22 of
271 3347 72 23 which
352 3348 75 24 notice
437 3349 44 21 will
490 3349 27 22 be
527 3350 75 28 given,

38 3381 70 48 AT
122 3380 44 22 Mr.
178 3381 92 22 Watt's
280 3382 70 21 Cattle
360 3381 46 22 and
417 3382 71 28 Sheep
498 3384 92 28 Station,
601 3385 24 22 in

117 3408 96 21 Evans's
222 3408 55 27 Bay,
295 3408 63 26 (west
365 3408 45 22 end
420 3409 26 21 of
456 3409 43 24 this
509 3410 114 29 harbour,)

37 3434 36 23 the
83 3434 114 28 following
206 3434 45 23 fine
262 3435 31 22 lot
303 3436 26 21 of
340 3435 67 22 Stock
421 3436 109 28 imported
546 3438 23 24 in
587 3438 38 22 the

224 3462 59 22 from
298 3462 89 28 Sydney
396 3470 4 14 :—:
403 3474 33 5 —

63 3495 27 21 50
99 3495 78 28 highly
186 3496 117 27 improved
312 3496 61 27 dairy
381 3503 66 20 cows,
456 3499 23 20 to
487 3497 61 22 calve
557 3499 68 22 about

39 3521 57 22 June
106 3522 87 28 or.^uly
201 3531 5 19 ;
222 3523 30 21 all
262 3523 107 28 perfectly
378 3523 64 28 quiet
450 3523 46 23 and
505 3524 85 23 broken
600 3526 23 23 in

39 3552 21 17 to
72 3549 82 26 milk._'

64 3576 9 20 1
89 3575 116 28 improved
218 3576 102 24 Durham
335 3576 55 27 bull,
407 3577 70 23 about
492 3579 25 21 18
534 3579 89 22 months

39 3601 41 22 old.

64 3630 23 20 21
100 3629 107 28 bullocks,
218 3629 83 28 chiefly
310 3630 101 27 working
420 3638 66 17 oxen,

64 3657 40 19 653
113 3655 101 23 wethers.

37 3681 31 22 To
77 3681 28 22 be
115 3685 40 24 put
164 3690 30 20 up
204 3683 22 21 in
235 3683 45 22 lots
289 3686 23 19 to
322 3683 43 23 suit
374 3683 39 23 the
422 3684 67 23 views
507 3684 25 22 of
545 3685 31 23 all
588 3685 35 22 in-

207 3710 94 27 tending
309 3709 138 29 purchasers.

63 3742 79 23 Terms
157 3750 26 15 of
199 3744 66 22 Sale.
266 3756 30 5 —
298 3744 38 22 All
350 3745 122 27 purchases
488 3745 72 22 under
575 3745 47 22 £25

38 3769 51 21 cash
97 3777 6 19 j
119 3769 34 22 for
162 3777 59 15 sums
230 3770 58 23 from
298 3772 46 21 £25
355 3775 21 17 to
387 3772 55 27 £50,
451 3772 113 28 approved
572 3772 51 22 bills

37 3799 22 18 at
68 3795 62 22 three
237 3805 5 18 ;
257 3798 58 21 from
324 3798 47 22 £50
380 3800 111 26 upwards,
506 3799 61 21 three
578 3799 45 23 and

37 3822 33 21 six
80 3823 98 22 months.
206 3824 22 21 A
239 3824 85 27 deposit
336 3824 26 22 of
373 3826 27 21 10
414 3832 40 19 per
471 3829 56 19 cent,
547 3833 29 14 on
594 3826 29 22 all

37 3850 118 26 purchases
165 3850 69 22 above
244 3850 46 24 £25
299 3854 23 19 to
331 3852 28 21 be
374 3851 54 28 paid
445 3859 28 15 on
491 3852 36 22 the
543 3853 40 21 fall
600 3854 27 22 of

37 3875 35 24 p'fte
84 3876 106 23 hammer.

172 3909 148 26 BETHUNE
334 3911 67 23 AND
417 3912 136 28 HUNTER,

466 3940 155 25 Auctioneers.

597 3970 5 17 {

695 111 238 21 COMMERCIAL
947 111 67 20 INN
1029 111 21 20 &
1065 111 156 21 TAVERN.

666 145 90 48 MR.
769 144 35 22 W.
815 144 120 22 ELSDEN
943 144 53 26 begs
1006 137 115 29 tolnform
1131 144 37 22 the
1178 144 75 28 public

756 170 50 23 that
814 170 38 22 the
867 170 69 22 above
952 170 70 22 house
1035 170 46 22 will
1098 171 28 21 be
1143 178 58 20 open
1220 171 34 22 for

664 198 102 22 business
775 205 29 14 on
814 197 104 22 Monday
928 204 67 19 next,
1006 197 58 22 May
1074 198 20 26 4,
1106 198 60 21 1840.

692 231 37 21 An
741 230 105 27 ordinary
856 237 66 21 every
932 230 44 27 day
986 233 23 18 at
1017 231 13 20 5
1042 230 94 27 o'clock,
1147 237 54 20 p.m.
1212 238 5 2 -

693 264 43 23 Mr.
744 264 22 21 J.
768 263 105 28 Wright's
879 264 68 27 Ferry
952 264 57 21 Boat
1016 263 45 22 will
1067 264 64 21 leave
1138 263 37 22 the
1183 264 70 22 above

665 291 69 21 house
743 291 65 27 daily,
820 291 34 20 for
863 290 129 22 Thorndon.
1021 290 88 21 Letters
1117 290 45 22 and
1168 291 85 27 parcels

665 318 68 21 taken
748 318 25 21 in
783 318 46 21 free
841 317 24 22 of
877 317 88 27 charge.
1244 326 8 13 i

876 372 48 21 ON
938 372 94 20 SALE.

666 405 91 48 MR.
781 405 22 24 J.
827 405 143 22 TELFORD
994 404 64 22 HAS
1081 404 62 22 FOR
1166 405 85 28 SALE,

847 432 22 21 A
883 431 79 22 BELL
976 431 90 22 TENT.

805 485 112 21 TENTS
930 486 69 20 FOR
1013 485 97 21 SALE.

665 518 88 49 FOR
767 518 84 27 SALE,
865 522 43 18 two
918 518 130 27 handsome,
1058 522 84 23 strong,
1154 518 45 21 and
1209 525 44 15 ser-

723 545 98 22 viceable
832 545 109 22 ROUND
950 545 106 27 TENTS,
1065 545 46 22 and
1121 552 13 15 a
1143 545 110 27 damaged

665 571 122 24 SQUARE
802 571 100 27 DITTO,
919 572 31 27 by
969 571 136 27 Edgington.
1136 571 77 29 Apply
1230 575 24 19 at

665 598 36 21 the
712 598 66 21 Land
788 598 76 22 Office.

692 625 53 22 Port
754 625 130 27 Nicholson,
896 625 54 27 May
960 626 21 26 2,
992 626 61 21 1840.

665 679 164 48 STORAGE
840 682 22 19 to
872 679 28 22 be
908 679 52 22 had.
990 680 77 27 Apply
1074 682 23 19 to
1105 680 25 21 T.
1136 680 33 21 M.
1180 680 72 22 Part-

730 713 70 16 ridge
811 706 45 22 and
867 706 38 22 Co.

816 759 109 20 BRICK
940 759 156 20 MAKING.

663 793 184 47 WANTED,
855 793 62 22 three
924 792 77 27 steady
1007 792 123 22 workmen.
1150 792 75 27 Apply
1230 795 23 19 to

983 818 45 23 Mr.
1041 818 21 22 J.
1073 818 151 22 TELFORD.
