2540 4029
696 964 25 24 A
732 966 101 31 meeting
843 965 43 23 has
897 965 59 24 been
967 965 54 24 held
1032 970 24 19 at
1073 965 39 24 the
1131 965 123 24 Mansion-

664 997 78 29 house,
755 998 97 29 Dublin,
865 999 36 22 for
912 998 39 23 the
967 1006 110 23 purpose,
1084 999 26 22 of
1124 1000 132 30 promoting

664 1030 37 23 the
720 1031 166 30 improvement
898 1030 24 24 of
939 1031 100 29 Ireland,
1053 1031 30 32 by
1101 1032 154 31 encouraging

663 1063 136 31 emigration
811 1068 21 19 to
840 1063 59 24 New
906 1064 109 29 Zealand,
1025 1065 72 23 under
1104 1065 37 23 the
1150 1066 104 30 auspices

663 1096 45 23 and
720 1097 202 30 superintendence
931 1098 26 22 of
966 1098 38 23 the
1013 1098 57 24 New
1077 1098 101 24 Zealand
1186 1098 68 24 Land

665 1129 126 32 Company.

698 1162 50 24 The
760 1163 65 24 Lord
835 1164 85 31 Mayor
931 1164 113 31 presided.
1067 1174 5 4 •
1080 1164 117 32 Amongst
1216 1164 38 24 the

663 1197 130 29 gentlemen
821 1202 100 26 present,
946 1205 58 16 were
1028 1197 63 24 Lord
1119 1198 134 31 Cloncurry,

665 1229 97 32 Captain
775 1230 116 31 Hinchey,
908 1230 87 33 Joseph
1014 1230 108 30 Kincaid,
1141 1232 68 30 Esq.,
1230 1232 23 23 J.

663 1263 95 29 Anster,
771 1263 68 31 Esq.,
858 1263 99 30 LL.D.,
976 1264 122 23 Reverend
1115 1265 31 23 A.
1163 1265 90 29 Birdin,

665 1296 123 24 Reverend
801 1296 48 24 Mr.
870 1297 96 29 Sleater,
985 1297 123 24 Reverend
1127 1298 33 24 H.
1180 1298 74 24 John-

664 1334 59 25 ston,
734 1329 33 24 H.
779 1330 116 29 Lanauze,
904 1331 69 31 Esq.,
981 1330 123 25 Reverend
1112 1331 21 24 J.
1143 1331 110 31 Stevelly,

665 1362 117 24 Reverent
793 1363 44 24 Dr.
852 1363 138 30 Dickinson,
1004 1364 96 24 Patrick
1113 1365 140 31 Fitzgerald,

665 1395 68 32 Esq.,
742 1396 89 24 Robert
838 1396 104 30 Barklie,
955 1397 68 31 Esq.,
1033 1397 32 24 R.
1079 1397 109 29 Torrens,
1200 1399 51 31 jun.

665 1429 68 31 Esq.,
743 1430 43 23 &c.

698 1463 24 23 A
744 1463 67 23 letter
832 1471 47 16 was
901 1463 104 24 received
1021 1463 59 24 from
1098 1464 101 24 General
1216 1465 38 23 Sir

666 1496 90 31 George
770 1496 131 30 Cockburn,
915 1498 87 30 stating
1012 1497 36 23 hin
1060 1498 105 31 inability
1182 1502 23 20 to
1218 1503 35 19 at-

665 1529 61 29 tend,
739 1530 30 30 by
781 1537 82 16 reason
875 1530 24 23 of
903 1530 79 23 illness
990 1539 6 20 ;
1010 1531 44 22 and
1066 1531 87 23 several
1165 1531 89 31 gentle-

664 1570 53 16 men
729 1571 58 15 were
800 1563 104 23 detained
916 1568 23 18 at
952 1572 14 14 a
976 1564 82 23 Grand
1069 1564 57 31 Jury
1143 1566 110 30 meeting.

665 1595 51 25 The
729 1596 146 32 Archbishop
887 1597 25 23 of
922 1597 89 23 Dublin
1018 1597 75 23 would
1099 1597 56 24 have
1164 1599 90 22 attend-

665 1629 29 24 ed
704 1629 42 24 but
756 1629 36 24 for
804 1629 38 24 the
855 1630 108 31 etiquette
979 1630 75 24 which
1070 1631 87 23 forbids
1176 1639 45 23 any
1232 1632 26 22 of

665 1662 38 24 the
716 1662 76 24 Lords
800 1663 106 29 Justices,
920 1664 26 23 in
953 1663 37 24 the
999 1664 95 23 absence
1102 1665 25 22 of
1132 1664 38 24 the
1179 1664 75 24 Lord-

665 1695 147 31 Lieutenant,
832 1696 59 24 from
903 1697 69 31 being
982 1702 94 26 present
1088 1702 23 18 at
1122 1705 45 23 any
1178 1698 77 31 public

664 1730 110 30 meeting.

699 1762 51 24 The
755 1762 117 33 following
877 1764 129 30 gentlemen
1012 1764 120 23 addressed
1138 1764 38 23 the
1182 1769 72 19 meet-

665 1797 41 30 ing
713 1805 6 15 :
721 1809 34 4 —
755 1796 49 24 Mr.
814 1797 108 28 Kincaid,
932 1802 68 26 agent
1011 1797 23 24 oi
1045 1797 65 24 Lord
1120 1797 120 31 Longford
1247 1807 6 19 ;

665 1828 39 25 the
717 1829 122 24 Revererid
850 1830 44 23 Dr.
908 1830 139 30 Dickinson,
1062 1830 112 32 Chaplain
1186 1836 21 18 to
1216 1832 38 22 the

665 1862 147 32 Archbishop
820 1863 26 23 of
849 1863 103 30 Dublin;
962 1864 44 23 Dr.
1015 1864 94 29 Anster,
1118 1865 61 22 John
1183 1865 73 23 Ward

666 1896 69 31 Esq.,
749 1896 119 31 Secretary
887 1897 25 23 of
932 1897 39 23 the
994 1897 58 23 New
1075 1897 102 24 Zealand
1188 1898 68 24 Land

667 1929 134 31 Company;
828 1930 97 24 Patrick
950 1930 139 31 Fitzgerald,
1114 1931 69 31 Esq.,
1211 1931 45 23 and

666 1962 90 23 Robert
769 1962 101 30 Barklie,
884 1963 59 32 Esq.

701 1995 50 24 The
759 1995 115 32 following
880 1997 137 23 resolutions
1026 2004 58 16 were
1093 1997 82 31 agreed
1183 2002 21 19 to
1214 2006 6 15 :—:
1221 2011 35 3 —

700 2028 87 23 Moved
797 2030 30 29 by
839 2028 38 24 the
889 2029 61 24 Rev.
962 2030 45 23 Dr.
1026 2030 90 23 Wilson
1122 2039 6 19 ;
1143 2030 113 24 seconded

664 2060 32 31 by
708 2061 87 31 Joseph
807 2061 107 30 Kincaid,
929 2062 58 31 Esq.

701 2096 23 21 1.
849 2095 24 23 in
884 2095 40 24 the
935 2100 93 26 present
1044 2100 58 19 state
1119 2096 25 23 of
1154 2096 100 28 Ireland,

665 2128 19 20 it
694 2127 21 21 is
727 2126 79 31 highly
818 2127 121 30 expedient
950 2132 22 18 to
988 2132 103 27 promote
1110 2128 146 31 Emigration

666 2166 25 15 as
704 2167 14 14 a
727 2167 80 16 means
818 2160 26 23 of
852 2160 112 31 relieving
974 2161 39 23 the
1026 2161 133 23 destitution
1178 2162 23 23 of
1216 2161 39 24 the

665 2192 122 31 labouring
798 2193 87 31 people,
899 2194 46 23 and
957 2194 25 23 of
996 2194 128 31 improving
1142 2194 39 24 the
1200 2202 54 16 con-

666 2225 72 24 dition
750 2226 25 23 of
785 2226 30 23 all
827 2227 85 23 classes
925 2227 23 23 of

700 2259 88 24 Moved
798 2260 30 30 by
840 2260 39 23 the
890 2260 61 24 Rev.
969 2260 45 24 Dr.
1033 2260 131 24 Dickinson
1170 2259 36 33 (in
1217 2261 39 24 the

666 2292 97 23 absence
775 2293 25 23 of
809 2293 38 23 the
865 2293 148 32 Archbishop
1031 2293 25 24 of
1070 2294 98 28 Dublin,
1186 2295 71 30 being

666 2334 14 15 a
691 2325 64 24 Lord
771 2325 99 33 Justice)
877 2335 6 20 ;
904 2326 113 24 seconded
1032 2328 31 30 by
1081 2327 60 24 John
1160 2327 95 30 Anster,

666 2359 58 31 Esq.
738 2359 99 24 L.L.D.

700 2394 24 22 2.
839 2393 24 23 in
875 2394 38 23 the
932 2394 93 31 opinion
1042 2394 25 24 of
1082 2394 45 24 this
1146 2395 108 30 meeting,

665 2426 19 23 it
699 2427 21 22 is
736 2426 156 32 unjustifiable
911 2431 23 20 to
952 2427 81 24 induce
1051 2428 120 31 intending
1187 2428 66 24 Emi-

665 2463 80 27 grants
757 2465 22 18 to
792 2460 54 23 take
857 2468 31 24 up
900 2460 59 24 their
971 2461 71 24 abode
1054 2462 25 22 in
1094 2462 39 23 the
1151 2462 72 23 midst
1234 2462 25 23 of

665 2492 40 24 the
722 2494 49 23 vice
795 2494 45 23 and
861 2495 140 31 immorality
1023 2495 74 23 which
1113 2495 144 31 notoriously

665 2526 87 31 prevail
763 2528 25 22 in
799 2526 38 24 the
849 2527 75 24 Penal
941 2528 115 29 Colonies,
1074 2528 41 24 but
1133 2528 50 24 that
1200 2528 56 24 such

664 2567 97 23 persons
773 2560 82 23 should
861 2561 29 22 be
898 2562 142 30 encouraged
1047 2566 23 19 to
1079 2562 66 23 settle
1152 2563 25 22 in
1184 2569 72 16 coun-

665 2593 56 23 tries
739 2594 75 23 where
832 2594 54 31 they
903 2594 47 24 will
966 2595 30 23 be
1014 2595 72 31 likely
1103 2599 41 19 not
1162 2596 53 30 only
1233 2599 22 20 to

666 2626 73 24 thrive
750 2627 25 23 in
786 2627 98 29 fortune,
896 2629 43 22 but
949 2632 24 19 to
984 2629 52 23 lead
1051 2629 59 31 good
1126 2629 66 29 lives,
1212 2629 44 24 and

664 2660 69 31 bring
743 2668 32 24 up
787 2661 59 23 their
858 2661 101 24 children
971 2662 25 23 in
1007 2663 101 23 virtuous

698 2693 69 24 After
790 2695 96 31 hearing
903 2703 14 14 a
934 2698 123 21 statement
1073 2696 66 23 made
1156 2696 31 30 by
1206 2696 48 24 Mr.

664 2726 80 31 Ward,
758 2728 121 31 Secretary
896 2733 24 19 to
938 2728 38 24 the
993 2728 59 24 New
1069 2729 102 23 Zealand
1188 2729 68 25 Land

666 2760 120 32 Company
797 2761 26 24 of
832 2761 106 24 London.

675 2818 13 5 ..
699 2794 128 31 Move^by
839 2795 97 23 Patrick
954 2796 57 24 H.'*
1015 2796 139 31 Fitzgerald,
1179 2796 60 32 Esq.
1248 2806 5 19 ;

658 2820 121 45 ponded
790 2829 30 30 by
832 2829 90 23 Robert
933 2829 103 30 Barklie,
1049 2830 59 31 Esq.

700 2863 24 22 3.
767 2861 62 24 That
840 2862 59 24 New
911 2863 102 23 Zealand
1024 2870 95 25 appears
1131 2868 24 19 to
1163 2863 56 24 offer
1227 2863 29 24 all

665 2894 40 23 the
715 2895 110 31 requisite
836 2895 139 32 advantages
993 2896 26 23 of
1027 2905 14 15 a
1053 2896 112 24 desirable
1187 2897 68 24 Emi-

665 2928 92 30 gration
768 2928 68 24 Field
842 2938 5 19 ;
861 2931 46 21 and
919 2930 49 23 that
975 2930 45 23 this
1032 2930 107 31 Meeting
1145 2938 110 24 approves

665 2961 40 23 the
722 2966 87 26 system
827 2962 25 23 of
873 2962 160 25 Colonization
1050 2964 101 31 pursued
1168 2964 31 31 by
1217 2963 39 24 the

666 2994 59 23 New
736 2994 103 25 Zealand
849 2995 70 24 Land
931 2996 118 31 Company
1061 2997 25 23 of

701 3027 86 24 Moved
797 3029 32 29 by
840 3029 70 23 Peter
922 3029 82 32 Bayly,
1018 3030 57 31 Esq.
1085 3039 6 19 ;
1105 3030 114 25 seconded
1225 3031 31 31 by

666 3060 39 24 the
717 3060 60 24 Rev.
791 3062 61 23 John
863 3062 75 24 West.

700 3096 24 22 4.
840 3103 14 16 a
866 3095 137 24 Committee
1019 3097 25 22 in
1061 3096 91 25 Dublin
1167 3097 29 24 be
1215 3105 40 23 ap-

665 3127 100 31 pointed,
784 3133 21 19 to
828 3128 28 24 be
882 3129 72 24 called
1074 3130 59 24 New
1155 3130 102 24 Zealand

666 3161 136 24 Committee
815 3162 26 24 of
995 3168 23 19 to
1042 3164 138 32 correspond
1202 3164 55 23 with

665 3194 45 24 and
720 3195 89 23 further
820 3196 39 23 the
877 3196 87 31 objects
983 3197 25 23 of
1027 3196 39 24 the
1091 3197 120 32 Company
1233 3197 25 24 in

665 3227 107 30 London,
790 3229 45 23 and
847 3234 22 18 to
882 3231 89 22 receive
989 3230 149 31 applications
1150 3232 59 22 from
1227 3231 31 22 all

664 3269 95 22 persons
772 3262 23 22 in
807 3261 94 25 Ireland
912 3262 102 24 desirous
1023 3262 25 24 of
1056 3264 139 31 proceeding
1202 3268 22 19 to
1233 3271 25 16 or

665 3294 119 32 obtaining
805 3295 148 24 information
981 3297 130 30 respecting
1136 3297 39 23 the
1199 3297 59 24 New

665 3327 102 24 Zealand
779 3328 148 24 Settlements
936 3338 5 15 :
960 3329 39 23 the
1012 3330 137 23 Committee
1166 3335 24 19 to
1202 3337 54 17 con-

665 3361 43 24 sist
719 3361 26 24 of
760 3361 37 24 the
809 3362 117 32 following
943 3362 146 30 Gentlemen,
1108 3364 56 23 with
1180 3371 78 23 power

665 3398 22 20 to
700 3394 45 24 add
755 3399 23 19 to
790 3395 59 24 their
859 3396 110 24 numbers
978 3404 6 16 :
986 3408 33 5 —
1020 3396 52 24 The
1089 3396 65 24 Lord
1165 3397 91 32 Mayor,

665 3427 38 24 the
715 3428 65 23 Lord
790 3429 147 31 Archbishop
950 3430 26 23 of
990 3429 97 29 Dublin,
1106 3430 40 24 the
1159 3430 99 24 Provost

665 3461 26 23 of
695 3460 91 33 Trinity
793 3462 103 31 College,
904 3462 97 29 Dublin,
1007 3462 79 25 David
1091 3463 28 24 C.
1129 3463 127 29 Latouche,

665 3493 68 32 Esq.,
748 3495 37 23 the
792 3495 60 24 Rev.
862 3495 45 24 Dr.
922 3496 137 29 Dickinson,
1073 3497 38 23 the
1120 3497 134 28 O'Connor,

666 3526 78 30 M.P.,
752 3528 120 24 Cornelius
879 3529 111 29 O'Brien,
1000 3529 68 32 Esq.,
1077 3530 80 29 M.P.,
1164 3530 92 30 George

666 3559 87 31 Hoyte,
778 3561 58 31 Esq.
860 3561 135 31 Alderman,
1019 3563 96 24 Patrick
1135 3563 35 24 H.
1192 3563 65 24 Fitz-

665 3593 85 29 gerald,
771 3594 66 31 Esq.,
854 3595 86 32 Joseph
954 3596 108 29 Kincaid,
1081 3596 70 31 Esq.,
1164 3596 40 24 W.
1221 3595 35 25 H.

666 3625 97 30 Carroll,
788 3627 69 31 Esq.,
1034 3642 35 4 —
1070 3629 99 24 Thanks
1198 3636 60 16 were

665 3657 55 24 then
730 3660 67 24 voted
814 3665 23 19 to
850 3661 38 24 the
906 3662 65 24 Lord
982 3662 91 31 Mayor,
1086 3662 36 24 for
1140 3662 36 24 his
1188 3662 69 24 kind-

665 3698 53 16 ness
729 3693 25 22 in
765 3694 124 31 presiding,
905 3695 45 23 and
961 3695 39 23 the
1014 3697 101 30 meeting
1132 3696 74 23 broke
1216 3703 40 24 up.

727 3748 171 27 SHIPPING
917 3752 273 23 INTELLIGENCE.

81 1549 25 24 A
117 1549 92 31 general
219 1550 99 30 meeting
336 1557 46 16 was
398 1549 54 24 held
470 1549 63 24 there
551 1558 29 15 on
598 1550 39 23 the

50 1583 57 23 18th
120 1583 124 30 February,
257 1588 23 18 at
289 1583 71 23 which
373 1583 38 23 the
421 1582 117 32 following
548 1583 87 23 resolu-

49 1616 61 23 tions
122 1623 57 16 were
191 1616 90 31 passed.

85 1651 11 21 1
102 1666 5 6 .
127 1649 86 24 Moved
223 1649 30 31 by
266 1649 84 30 Henry
358 1649 131 32 Thompson
497 1659 5 20 ;
517 1650 57 31 Esq.
584 1659 5 20 ;
599 1658 37 15 se-

49 1682 86 23 conded
146 1682 31 31 by
189 1682 102 24 William
302 1682 100 30 Wilson,
415 1683 58 30 Esq.
482 1693 5 14 :
489 1696 34 4 —

108 1715 61 23 That
180 1717 25 21 in
217 1715 37 24 the
268 1717 90 30 opinion
371 1716 26 24 of
407 1717 44 23 this
468 1716 112 31 Meeting,
598 1717 39 23 the

47 1749 114 30 necessity
173 1749 26 23 of
208 1757 13 15 a
233 1749 109 30 Banking
354 1749 184 25 Establishment
548 1751 42 23 has
601 1750 36 23 for

48 1788 62 16 some
122 1782 54 23 time
188 1782 96 29 existed,
297 1782 45 24 and
354 1782 50 24 that
415 1783 59 24 from
486 1783 38 24 the
536 1785 101 22 increas-

47 1815 40 30 ing
98 1814 139 32 population,
251 1816 43 23 and
304 1816 75 31 rising
393 1817 125 31 prosperity
539 1816 25 24 of
579 1817 59 23 New

47 1847 101 25 Zealand
159 1849 123 30 generally,
296 1848 45 24 and
353 1850 25 22 of
386 1849 38 24 the
442 1851 51 30 Bay
505 1850 26 24 of
546 1850 92 24 Islands

47 1881 24 22 in
82 1882 130 30 particular,
226 1882 38 23 the
276 1883 122 23 formation
405 1883 26 24 of
440 1884 58 23 such
510 1891 29 16 an
550 1883 87 24 Estab-

47 1914 110 24 lishment
167 1916 21 23 is
199 1923 50 15 now
261 1916 157 31 imperatively
427 1917 71 23 called

82 1950 24 21 2.
125 1948 87 24 Moved
223 1949 30 31 by
265 1949 132 24 Alexander
410 1950 136 31 M'Gregor,
560 1950 59 31 Esq.
630 1960 7 20 ;

48 1981 112 23 seconded
170 1982 31 31 by
214 1982 94 24 Charles
322 1982 29 24 B.
366 1983 99 29 Brewer,
478 1983 60 31 Esq.
546 1993 6 14 :
554 1996 34 5 —

179 2023 13 15 a
204 2015 69 24 Bank
284 2015 28 24 be
325 2016 146 29 established,
492 2021 22 19 to
527 2017 28 23 be
567 2017 71 23 called

46 2047 38 23 the
97 2047 57 23 New
166 2048 102 23 Zealand
285 2048 110 31 Banking
414 2049 125 31 Company,
558 2049 55 23 with
625 2058 13 14 a

48 2080 89 31 Capital
149 2081 25 22 of
183 2082 121 28 £50,000,
319 2082 25 22 in
355 2084 66 21 5000
438 2082 79 23 shares
543 2082 24 23 of
583 2083 54 24 £10

47 2114 56 22 each
110 2123 5 16 ;
136 2116 66 22 3000
221 2114 76 23 shares
310 2119 23 18 to
346 2115 28 22 be
386 2115 106 30 disposed
501 2116 27 22 of
538 2117 24 21 in
580 2116 57 22 New

47 2146 108 29 Zealand,
164 2147 45 22 and
216 2147 38 23 the
261 2147 129 31 remaining
397 2150 65 21 2000
471 2152 22 19 to
499 2148 28 23 be
532 2148 106 24 reserved

46 2179 35 23 for
94 2179 37 23 the
144 2180 94 31 Sydney

80 2214 24 22 3.
124 2213 86 24 Moved
226 2214 31 30 by
276 2213 96 24 Charles
390 2213 29 24 B.
443 2214 100 29 Brewer,
562 2214 59 32 Esq.
630 2223 6 21 ;

47 2246 111 23 seconded
169 2246 31 31 by
211 2246 103 24 William
326 2246 138 30 M'Donald,
478 2248 58 31 Esq.
548 2256 5 16 :
555 2261 33 4 —

103 2280 61 23 That
176 2288 14 15 a
202 2280 144 24 Provisional
355 2280 134 25 Committee
496 2281 28 24 be
532 2282 105 31 appoint-

47 2312 35 29 ed,
101 2314 121 31 composed
240 2314 24 23 of
280 2315 31 23 13
330 2313 126 30 Members,
475 2316 14 22 9
508 2319 23 19 to
549 2315 60 24 form
625 2324 13 16 a

47 2354 103 23 quorum,
162 2347 57 23 with
230 2355 73 23 power
322 2351 23 20 to
364 2347 43 24 add
424 2352 22 19 to
465 2348 39 23 the
520 2349 116 30 numbers,

47 2379 74 24 which
129 2380 59 23 shall
198 2381 30 23 be
240 2381 118 23 entrusted
369 2381 55 24 with
440 2382 31 22 all
483 2382 39 23 the
533 2382 104 32 prelimi-

47 2420 56 24 nary
115 2419 170 25 arrangements
297 2414 25 23 of
339 2415 99 31 forming
450 2415 39 24 the
501 2415 59 24 New
577 2416 60 23 Zea-

47 2446 54 23 land
113 2446 110 33 Banking
236 2448 126 31 Company,
373 2448 45 24 and
426 2448 50 24 that
494 2449 38 24 the
551 2449 86 24 Share-

47 2479 90 24 holders
150 2480 58 24 shall
214 2481 29 23 be
250 2481 78 23 bound
334 2482 32 30 by
374 2481 57 24 their

82 2515 22 23 4.
125 2514 86 23 Moved
221 2514 31 31 by
264 2514 133 24 Alexander
409 2515 138 32 M'Gregor,
559 2516 59 33 Esq.
629 2526 6 21 ;

47 2547 111 23 seconded
167 2548 32 30 by
211 2547 92 32 George
315 2548 103 30 Russell,
430 2549 60 31 Esq.
501 2558 5 15 :
508 2562 35 4 —

104 2580 61 24 That
176 2589 29 15 no
219 2581 63 23 other
297 2582 151 29 restrictions,
466 2583 57 23 than
539 2583 39 24 the
595 2591 42 16 ne-

48 2614 81 30 cessity
141 2613 25 24 of
176 2615 80 31 giving
267 2616 74 23 notice
354 2616 25 23 of
395 2616 54 29 sale,
463 2616 83 24 should
555 2616 30 24 be
592 2618 45 22 im-

47 2648 70 29 posed
126 2655 63 24 upon
199 2648 38 24 the
250 2648 101 31 disposal
362 2649 26 28 pf
402 2649 79 24 shares
492 2651 25 22 in
529 2649 38 25 the
578 2650 59 24 New

48 2680 99 24 Zealand
159 2681 110 31 Banking

82 2716 22 22 5.
124 2714 87 24 Moved
221 2715 32 32 by
264 2715 61 24 John
338 2716 78 31 Kelly,
429 2716 59 32 Esq.
498 2726 5 20 ;
524 2717 113 24 seconded

47 2746 31 32 by
89 2747 96 24 Francis
197 2749 167 31 Hodgkinson,
376 2749 50 32 Esq
436 2759 5 14 :—:
444 2763 34 4 —

104 2781 61 23 That
178 2789 13 15 a
201 2782 41 24 list
254 2782 24 23 of
287 2782 159 25 shareholders
459 2783 59 25 shall
529 2784 29 24 be
566 2792 70 23 open-

48 2813 34 30 ed,
96 2814 43 23 and
151 2815 55 23 each
217 2823 84 23 person
313 2823 29 16 on
355 2817 92 31 signing
457 2816 37 25 his
501 2825 67 16 name
578 2817 60 24 shall

47 2846 88 32 deposit
146 2856 26 16 as
191 2856 13 16 a
225 2850 107 30 security,
346 2857 42 16 one
400 2850 94 32 shilling
511 2859 41 24 per
571 2851 66 24 share

47 2880 55 23 with
109 2881 39 24 the
167 2882 120 31 Secretary
303 2882 26 24 of
343 2883 40 23 the
401 2884 145 24 Provisional
566 2885 71 24 Com-

47 2914 72 29 mitte,
132 2915 46 23 and
189 2915 49 23 that
249 2915 37 23 the
304 2916 70 23 funds
392 2917 116 31 produced
524 2917 31 32 by
572 2917 65 25 these

48 2946 100 32 deposits
160 2947 61 24 shall
238 2956 28 23 go
285 2949 98 24 towards
402 2950 119 32 defraying
539 2951 38 23 the
596 2959 41 16 ex-

47 2987 82 23 penses
141 2981 124 23 incidental
276 2985 23 19 to
311 2982 39 23 the
362 2983 122 24 formation
496 2983 24 24 of
529 2983 38 24 the
579 2984 59 24 New

49 3013 99 24 Zealand
160 3014 110 32 Banking

82 3048 22 23 6.
124 3047 87 24 Moved
221 3048 31 31 by
264 3048 62 24 John
338 3049 73 29 Scott,
423 3049 59 32 Esq.
500 3059 6 20 ;
527 3050 111 24 seconded

47 3079 31 31 by
88 3080 31 24 A.
133 3081 37 23 M'
185 3081 95 32 Gregor,
294 3082 52 32 Esq
354 3091 6 15 :
362 3095 34 5 —

105 3113 63 25 That
179 3115 38 23 the
230 3115 73 24 Share
322 3116 54 24 List
392 3116 60 24 shall
470 3117 87 23 remain
578 3125 57 24 open

50 3153 42 16 one
103 3148 80 23 month
194 3148 60 31 only,
265 3149 79 24 unless
356 3150 19 23 it
385 3150 59 24 shall
456 3158 63 16 seem
530 3158 107 17 necessa-

50 3185 27 22 ry
89 3182 22 19 to
122 3179 39 22 the
169 3180 142 25 Provisional
320 3183 136 25 Committee
468 3189 23 19 to
503 3184 84 24 extend
599 3184 38 24 the

85 3242 87 25 Moved
181 3244 32 31 by
221 3244 82 32 Henry
309 3246 140 33 Thompson,
458 3250 58 32 Esq.
525 3260 6 21 ;
540 3250 95 25 second-

52 3276 27 22 ed
89 3275 31 32 by
130 3276 103 25 William
245 3277 87 31 Butler,
346 3279 58 33 Esq.
412 3290 5 15 :
418 3295 36 4 —

108 3309 62 25 That
182 3318 42 15 one
242 3311 78 31 pound
336 3320 41 24 per
388 3314 66 24 share
471 3316 89 32 deposit
577 3317 59 24 shall

50 3341 29 23 be
90 3343 52 31 paid
154 3351 29 16 on
195 3344 38 24 the
246 3344 43 31 day
300 3345 58 23 after
374 3346 37 24 the
430 3349 116 24 allotment
557 3351 25 24 of
598 3351 38 24 the

50 3375 77 24 shares
134 3385 6 20 ;
159 3377 51 24 that
225 3385 15 16 a
257 3378 43 23 call
313 3378 26 23 of
359 3386 42 17 one
422 3382 77 29 pound
513 3391 41 23 per
570 3384 66 24 share

50 3408 58 24 shall
118 3409 30 23 be
158 3411 66 23 made
243 3411 24 23 in
285 3411 39 23 six
341 3412 99 30 months,
461 3415 24 22 of
499 3417 74 22 which
593 3417 43 24 due

49 3442 74 23 notice
134 3443 59 24 shall
211 3444 29 24 be
257 3445 70 31 given
336 3453 7 21 ;
364 3445 44 24 and
431 3446 49 24 that
497 3451 23 20 to
542 3455 95 24 prevent

48 3476 129 31 monopoly,
196 3485 30 15 no
247 3486 84 23 person
349 3478 58 24 shall
425 3479 55 23 hold
501 3488 62 17 more
582 3483 54 24 than

50 3514 41 16 one
103 3509 104 25 hundred

83 3543 22 22 8.
125 3542 87 25 Moved
233 3544 31 31 by
294 3544 102 25 Thomas
428 3545 105 32 Chaplin,
558 3546 76 32 Esq.;

48 3575 112 24 seconded
170 3577 31 31 by
213 3577 60 24 John
285 3577 113 31 Weavell,
410 3578 60 32 Esq.
478 3587 6 16 :
486 3592 34 4 —

104 3608 62 24 That
177 3610 39 23 the
226 3610 118 33 following
351 3612 139 24 Gentlemen
496 3613 29 23 be
532 3614 104 30 appoint-

48 3641 28 23 ed
87 3641 118 26 Members
217 3644 25 23 of
247 3644 38 25 the
294 3645 145 24 Provisional
448 3646 150 24 Committee:
604 3659 34 5 —

48 3674 97 25 Messrs.
159 3676 60 24 John
232 3678 72 30 Scott,
315 3678 84 32 Henry
409 3679 143 32 Thompson,
565 3679 69 25 Alex.

48 3706 135 33 M'Gregor,
205 3710 94 25 Francis
314 3711 164 32 Hodgkinson,
496 3712 23 25 J.
532 3712 32 25 A.
578 3712 57 24 Dei-

49 3740 124 31 vanchelle,
193 3743 91 32 George
300 3744 103 31 Russell,
423 3745 103 25 William
537 3745 97 30 Wilson,

49 3772 101 26 Thomas
163 3775 86 32 Spicer,
269 3777 96 25 Charles
378 3779 28 24 B.
420 3779 102 30 Brewer,
533 3779 103 24 William

49 3805 144 33 Macdonald,
214 3809 59 25 John
291 3811 121 30 Johnston,
424 3812 104 24 William
546 3812 88 30 Butler,

48 3838 85 26 Daniel
144 3840 89 31 Pollen,
253 3843 28 24 C.
296 3844 29 23 T.

885 3800 152 24 ARRIVED.

699 3825 51 25 The
763 3827 53 31 only
833 3829 84 24 arrival
934 3831 63 22 since
1015 3838 42 17 our
1073 3831 48 22 last
1138 3830 42 23 has
1199 3829 59 24 been

665 3859 25 23 of
705 3867 14 16 a
730 3860 66 23 small
807 3860 119 31 schooner,
938 3870 31 15 on
980 3863 39 23 the
1031 3864 58 22 28th
1101 3863 44 23 ult.

899 3911 123 21 SAILED.

696 3937 69 32 April
829 3939 87 30 barque
1068 3939 59 29 270,
1146 3939 22 25 J.
1187 3939 72 25 New-

814 3972 12 12 if

82 3897 50 25 The
151 3899 115 34 following
284 3904 111 29 appeared
414 3912 26 15 as
458 3911 29 17 an
510 3904 123 24 advertise-

47 3936 63 21 ment
120 3933 25 24 in
158 3932 38 25 the
209 3934 91 34 Sydney
308 3942 82 26 papers
397 3937 26 24 of
431 3937 38 24 the
483 3938 57 26 17th
551 3938 82 24 March

1287 123 86 29 combe,
1394 124 85 24 Cook's
1499 126 84 23 Straits
1595 135 6 19 ;
1632 135 132 23 passenger,
1790 128 31 23 R.
1842 129 33 23 D.

1287 156 107 30 Hanson,
1418 157 58 31 Esq.
1522 158 120 25 'Schooner
1820 163 55 27 150,

1287 189 104 30 Clayton,
1406 190 89 32 Cloudy
1507 191 51 31 Bay
1567 201 6 20 ;
1592 200 133 24 passenger,
1746 193 58 25 Rev.
1826 194 49 23 Mr.

1285 222 122 25 Williams.

1275 271 2 29 i
1510 276 36 21 IN
1563 276 87 23 PORT.

1319 309 58 31 Ship
1578 311 37 25 W.
1632 313 133 31 Campbell;
1790 313 86 31 barque

1490 344 22 24 J.
1526 344 89 30 Black;
1642 345 53 31 brig

1286 374 101 24 Pearson
1396 384 6 20 ;
1421 376 87 32 barque
1678 378 129 25 Robinson.

1407 433 68 23 LIST
1491 435 38 22 OF
1545 435 203 24 PASSENGERS.

1318 466 30 24 In
1360 468 39 24 the
1409 469 87 32 barque
1516 471 15 12 '•
1649 471 96 32 Captain
1761 472 114 30 Chaffers,

1284 499 58 24 from
1366 501 95 24 London
1475 511 6 16 :
1482 515 35 5 —
1519 503 50 24 Col.
1590 504 61 24 Win.
1671 505 138 30 Wakefield,
1828 506 46 24 Dr.

1284 532 158 33 Dieffenbach,
1459 536 100 24 Messrs.
1573 537 31 24 E.
1618 537 23 25 J.
1653 537 139 31 Wakefield,
1811 539 64 24 Dor-

1286 570 40 25 set,
1340 567 107 33 Heaphy,
1461 569 46 24 and
1519 569 139 26 Robertson.

1317 605 31 25 In
1354 606 43 25 'the
1415 612 74 20 cutter
1675 610 98 32 Captain
1789 612 85 29 Catlin,

1285 639 105 32 Sydney:
1391 654 36 3 —
1427 641 47 25 Mr.
1488 642 23 24 J.
1526 643 28 23 C.
1576 642 117 25 Crawford
1711 645 44 23 and
1774 650 99 25 servant,

1284 672 43 24 Dr.
1341 673 82 32 Henry
1435 675 93 31 Taylor,
1548 676 48 24 Mr.
1618 676 31 23 R.
1672 677 58 29 Tod,
1748 678 62 31 lady,
1830 683 45 19 two

1284 705 108 31 children,
1422 708 45 23 and
1497 713 98 24 servant,
1625 709 100 25 Messrs.
1749 711 39 23 W.
1815 711 59 30 Rea,

1284 739 87 25 Robert
1382 740 105 31 Jenkins,
1510 742 100 24 Thomas
1628 743 79 30 Jones,
1728 744 45 23 and
1791 744 84 32 Henry

1284 772 116 25 Hesketh.

1316 812 31 24 In
1357 814 38 23 the
1406 814 86 31 barque
1644 816 98 32 Captain
1760 817 23 25 J.
1804 817 70 25 New-

1284 847 84 29 combe,
1376 847 59 24 from
1442 847 101 25 London
1552 858 4 15 :
1557 862 34 4 —
1593 850 99 31 Captain
1700 851 84 29 Smith,
1797 851 76 29 R.A.,

1284 879 96 25 Messrs.
1400 880 32 25 R.
1452 881 34 24 D.
1508 882 105 29 Hanson,
1635 883 146 32 Carrington,
1801 884 72 29 Park,

1284 911 91 31 Stokes,
1389 914 44 23 and
1444 913 108 25 Bethune
1561 924 6 20 ;
1586 915 46 23 and
1643 918 31 21 21
1683 917 25 22 in
1715 917 38 22 the
1761 922 112 26 steerage.

1317 951 31 26 In
1360 953 38 23 the
1408 953 87 32 barque
1672 956 99 30 Captain
1790 957 84 29 Heale,

1283 985 58 24 from
1353 986 96 24 London
1458 996 6 15 :
1465 1000 36 4 —
1501 987 49 24 Mr.
1562 988 94 24 Samuel
1664 988 89 25 Parker
1761 990 46 23 and
1813 990 61 31 lady,

1284 1018 47 23 Mr.
1346 1019 30 24 G.
1386 1019 29 24 T.
1426 1019 100 25 Palmer,
1543 1021 60 31 jun.,
1617 1022 45 23 and
1674 1022 59 31 lady,
1747 1023 48 24 Mr.
1806 1023 31 24 T.
1851 1024 21 23 J.

1282 1051 87 30 Drake,
1381 1052 59 32 lady,
1454 1054 23 23 &
1486 1054 68 29 child,
1561 1054 60 24 Mrs.
1630 1056 31 23 R.
1670 1056 93 29 Stokes,
1771 1056 61 24 Mrs.
1841 1056 31 25 R.

1284 1084 83 31 Parke,
1387 1086 60 24 Miss
1461 1086 108 32 Morgan,
1581 1088 79 31 Major
1672 1089 85 29 Baker,
1773 1090 99 23 Messrs.

1283 1118 22 23 J.
1313 1118 39 24 W.
1364 1119 74 29 Child,
1451 1120 40 23 W.
1505 1120 87 30 Deans,
1604 1122 40 23 W.
1659 1123 45 22 and
1718 1123 26 23 C.
1754 1123 119 29 Maxwell,

1283 1151 22 24 J.
1319 1152 43 23 and
1374 1153 28 24 F.
1416 1153 125 32 Deighton,
1557 1154 91 32 George
1666 1155 86 30 White,
1780 1157 44 22 and
1845 1157 27 24 C.

1283 1185 107 24 M'Gurk
1399 1196 5 19 ;
1424 1186 31 25 R.
1471 1187 93 30 Stokes,
1576 1187 69 32 Esq.,
1659 1197 107 22 surgeon.

1317 1225 30 24 In
1358 1226 37 23 the
1406 1226 88 32 barque
1686 1228 67 32 Capt.
1774 1228 99 30 Wilson,

1282 1258 59 24 from
1353 1259 96 25 London
1458 1270 6 14 :
1467 1273 34 4 —
1503 1260 63 25 Hon.
1580 1261 85 31 Henry
1678 1262 76 29 Petre,
1773 1262 99 24 Messrs.

1282 1291 31 24 E.
1327 1292 29 24 B.
1371 1292 103 32 Hopper,
1489 1294 28 23 F.
1531 1294 31 24 A.
1583 1294 158 30 Molesworth,
1764 1296 33 23 D.
1818 1296 56 23 Sin-

1283 1325 62 29 clair,
1359 1325 31 25 R.
1403 1327 96 30 Barton,
1512 1327 38 24 W.
1566 1327 106 30 Mantell,
1686 1329 31 23 E.
1729 1329 96 31 Duppa,
1838 1329 34 24 H.

1282 1358 115 32 Moreing,
1410 1360 30 23 A.
1456 1360 150 30 Hornbrook,
1626 1362 22 23 J.
1661 1362 85 30 Lewis,
1761 1362 34 24 H.
1809 1363 65 31 Boy-

1283 1395 46 26 ton,
1348 1392 39 24 W.
1411 1393 29 24 B.
1467 1393 110 32 Burgess,
1601 1394 85 24 Alfred
1710 1395 104 31 Hodges,
1839 1397 32 23 A.

1283 1425 69 29 Hort,
1366 1426 60 24 Miss
1444 1426 86 30 Lewis,
1550 1428 47 23 Mr.
1618 1428 31 24 A.
1670 1428 39 24 W.
1730 1428 81 24 Shand
1830 1429 44 23 and

1281 1458 61 31 lady,
1354 1459 48 25 Mr.
1416 1459 30 25 E.
1458 1460 125 32 Catchpool
1590 1462 46 23 and
1646 1461 54 32 lady
1710 1471 5 20 ;
1735 1462 22 24 J.
1768 1463 29 24 P.
1807 1463 66 23 Fitz-

1282 1493 84 29 gerald,
1381 1493 80 30 M.D.,
1475 1501 106 24 surgeon.

1317 1531 30 24 In
1357 1533 37 23 the
1402 1533 86 31 barque
1524 1534 70 24 Duke
1603 1534 26 24 of
1804 1535 67 32 Capt.

1283 1565 140 32 Thompson,
1447 1566 100 24 London
1571 1567 47 24 and
1646 1568 141 30 Plymouth:
1788 1581 35 4 —
1823 1569 49 24 Mr.

1283 1599 90 31 George
1386 1599 101 30 Hunter,
1500 1600 59 31 lady,
1573 1602 36 22 six
1622 1600 131 32 daughters,
1767 1602 44 23 and
1823 1602 50 24 four

1282 1640 61 21 sons,
1356 1633 48 24 Mr.
1416 1633 32 23 A.
1462 1633 116 24 Monteith
1590 1634 45 23 and
1647 1634 61 31 lady,
1727 1635 49 23 Mr.
1797 1635 77 31 Hight

1282 1665 46 24 and
1339 1666 58 31 lady,
1411 1666 48 25 Mr.
1470 1666 97 32 Healey,
1576 1667 61 32 lady,
1649 1668 46 23 and
1706 1668 44 23 five
1763 1668 109 30 children,

1283 1698 49 25 Mr.
1345 1700 99 23 Jackson
1458 1700 45 24 and
1514 1700 59 31 lady,
1587 1701 50 23 Mr.
1650 1701 93 24 Parnell
1756 1702 45 23 and
1812 1701 60 32 lady,

1283 1732 48 24 Mr.
1346 1733 83 24 Gomm
1449 1734 45 23 and
1511 1733 60 32 lady,
1592 1734 49 24 Mr.
1663 1734 65 24 Scott
1747 1736 47 23 and
1810 1735 61 31 lady,

1282 1765 50 24 Mr.
1345 1766 78 24 Pierce
1436 1767 46 23 and
1493 1767 61 30 lady,
1566 1767 92 24 Messrs
1679 1768 22 24 J.
1721 1769 151 29 Greenwood,

1282 1799 56 29 Bill,
1350 1799 73 31 Lyon,
1436 1800 86 32 Lloyd,
1536 1800 81 30 Davis,
1631 1801 46 24 and
1689 1801 93 25 Farrar.

1317 1839 30 24 In
1354 1840 38 24 the
1421 1840 92 32 Bengal
1683 1842 67 32 Capt.
1761 1842 112 32 Hemery,

1282 1873 59 24 from
1360 1874 108 31 Glasgow
1478 1883 6 15 :
1485 1887 33 4 —
1520 1874 46 24 Mr.
1587 1875 31 24 T.
1640 1875 89 32 Logan,
1749 1876 62 31 lady,
1832 1876 43 23 and

1284 1907 67 29 child,
1364 1908 48 23 Mr.
1426 1908 91 23 Robert
1527 1908 32 24 R.
1573 1908 87 32 Strang
1672 1908 44 24 and
1732 1909 61 31 lady,
1814 1910 60 23 Miss

1284 1941 92 30 Strang,
1388 1940 49 24 Mr.
1451 1941 57 31 Hay
1521 1941 43 23 and
1574 1941 61 32 lady,
1649 1942 45 24 Dr.
1706 1942 99 31 Dorsey,
1814 1943 59 31 lady,

1284 1973 45 24 and
1340 1978 42 19 two
1395 1974 109 30 children,
1518 1974 47 24 Mr.
1585 1974 146 30 Macdowall,
1750 1976 62 31 lady,
1832 1976 44 23 and

1284 2011 43 19 two
1339 2007 108 28 children,
1461 2008 49 23 Mr.
1524 2007 68 30 Reid,
1612 2008 60 31 lady,
1693 2009 44 23 and
1756 2009 118 31 daughter,

1284 2040 49 23 Mr.
1351 2041 109 27 Duncan,
1479 2040 59 31 lady,
1558 2041 45 22 and
1621 2045 44 20 two
1685 2042 109 29 children,
1815 2042 59 23 Rev.

1284 2073 49 24 Mr.
1345 2074 56 23 Mac
1413 2073 107 30 Farlane,
1538 2073 99 24 Messrs.
1651 2074 31 24 A.
1698 2074 44 24 and
1755 2074 31 24 G.
1800 2074 75 30 Todd,

1284 2106 32 22 11.
1331 2107 44 21 and
1386 2107 22 21 J.
1423 2106 108 28 Carruth,
1545 2107 21 22 J.
1580 2107 71 27 Yule,
1665 2107 92 31 George
1763 2107 111 29 Wallace,

1284 2137 130 24 Alexander
1433 2138 170 31 Majoribanks,
1623 2139 33 23 A.
1675 2140 133 29 Anderson,
1833 2140 41 24 W.

1284 2171 114 29 Webster,
1421 2171 23 24 J.
1465 2171 101 30 Telford,
1586 2172 40 23 W.
1646 2172 31 24 T.
1698 2173 135 30 Buchanan,
1853 2174 21 24 J.

1285 2204 105 30 Colville,
1403 2204 44 23 and
1458 2204 34 24 D.
1505 2205 45 23 and
1560 2205 22 24 J.
1596 2206 113 24 Johnson.

1319 2244 28 24 In
1359 2244 39 24 the
1409 2245 52 32 ship
1660 2246 66 32 Capt.
1748 2247 127 32 Campbell,

1284 2277 58 24 from
1354 2277 99 25 London
1461 2287 7 15 :
1470 2291 33 4 —
1503 2279 44 24 Dr.
1561 2279 31 24 G.
1607 2279 26 24 S.
1647 2280 46 23 and
1706 2280 61 24 Mrs.
1787 2281 88 29 Evans,

1286 2311 73 32 Capt.'
1365 2312 109 29 Edward,
1486 2312 69 29 Mrs.,
1569 2312 46 24 and
1625 2313 91 24 Master
1722 2314 95 29 Daniel,
1826 2314 48 24 Mr.

1285 2345 37 23 St.
1335 2345 52 23 Hill
1399 2345 44 24 and
1454 2345 61 31 lady,
1531 2345 47 24 Mr.
1592 2346 89 30 Millar,
1696 2347 61 31 lady,
1770 2347 46 24 and
1826 2347 51 24 four

1285 2378 107 30 children,
1400 2379 103 23 Mrs.W.
1513 2379 35 24 M.
1556 2380 79 22 Smith
1642 2380 46 24 and
1693 2380 64 24 three
1765 2381 110 29 children,

1285 2411 48 24 Mr.
1348 2412 131 29 Riddiford,
1491 2413 59 31 lady,
1564 2413 46 23 and
1621 2413 82 30 infant,
1715 2414 63 23 Miss
1791 2414 83 24 Riddi-

1284 2445 57 29 fordi
1354 2446 60 23 Miss
1428 2446 110 29 Oliviera,
1553 2446 80 31 Major
1644 2446 82 31 Dffrie,
1740 2448 100 24 Messrs.
1850 2448 25 24 S.

1285 2478 100 31 Reyans,
1395 2479 28 24 T.
1434 2479 37 24 M.
1481 2479 128 32 Partridge,
1618 2479 35 25 H.
1663 2481 80 24 andT.
1752 2481 39 24 W.
1802 2481 73 30 Cook,

1285 2512 31 24 L.
1331 2512 43 24 and
1386 2513 21 23 J.
1428 2512 117 30 Nattra'ss,
1557 2513 30 24 F.
1604 2513 111 30 Johnson,
1730 2514 28 24 C.
1773 2514 103 31 Alsdorf,

1285 2545 32 24 G.
1336 2546 25 23 S.
1381 2546 45 23 and
1445 2546 35 25 H.
1501 2546 62 30 Cole,
1579 2547 23 24 J.
1619 2547 109 29 Thomas,
1750 2548 23 24 J.
1794 2548 82 30 Tame,

1284 2578 40 25 W.
1333 2587 3 21 ;
1347 2579 110 30 Thomas,
1481 2580 45 23 and
1547 2580 22 24 J.
1595 2580 36 24 H.
1656 2580 132 26 Luscombe
1799 2590 7 21 ;
1837 2582 38 24 W.

1284 2612 121 30 Johnston,
1419 2613 83 29 M.D.,
1514 2621 106 23 surgeon.

1319 2653 28 24 In
1359 2653 38 24 the
1403 2653 87 33 barque
1716 2655 68 31 Capt.
1794 2655 83 30 Black,

1284 2686 58 24 from
1367 2687 114 24 London:
1483 2700 34 4 —
1517 2687 99 25 Messrs.
1637 2688 23 24 J.
1682 2688 85 29 Smith,
1794 2688 83 31 Inglis,

1285 2719 32 24 R.
1331 2720 100 30 Heaver,
1445 2721 49 24 Mr.
1507 2721 65 23 Watt
1583 2721 47 24 and
1640 2721 61 31 lady,
1715 2722 46 23 and
1771 2722 49 24 Mr.
1835 2723 44 23 and

1284 2752 61 25 Mrs.
1359 2748 142 30 Norfchwood
1508 2763 7 20 ;
1536 2754 51 24 3in
1600 2754 39 24 the
1651 2759 112 27 steerage.

1319 2794 29 24 In
1370 2795 38 23 the
1423 2796 61 34 'sjiij?
1755 2796 123 30 Kermatli,

1284 2827 58 24 from
1354 2829 94 31 Sydney
1456 2837 7 16 :
1464 2841 34 5 —
1498 2828 43 25 Dr.
1552 2829 129 32 Campbell,
1689 2829 100 24 Messrs.
1799 2830 79 24 James

1284 2861 71 30 Watt,
1369 2862 118 30 M'lnnes,
1501 2862 43 24 and
1556 2862 86 30 Grace,
1654 2863 45 23 and
1709 2863 63 24 Mrs.
1786 2863 77 24 Smith
1871 2872 6 21 ;

1285 2895 44 24 and
1340 2898 32 21 20
1384 2896 23 23 in
1419 2896 41 23 the
1471 2900 110 28 steerage.

1319 2935 29 24 In
1360 2935 37 24 the
1407 2935 56 33 brig
1649 2936 66 33 Capt.
1737 2936 65 32 Hay,
1820 2936 60 24 from

1285 2968 93 32 Sydney
1394 2970 46 23 and
1458 2970 39 24 the
1515 2970 51 31 Bay
1584 2970 27 24 of
1633 2970 93 24 Islands
1735 2979 6 15 :
1743 2983 35 4 —
1779 2970 101 32 Captain

1286 3002 55 31 Hay
1352 3003 43 24 and
1406 3003 62 31 lady,
1479 3003 48 24 Mr.
1548 3003 114 30 Heather,
1681 3004 62 31 lady,
1762 3003 47 24 and
1827 3011 50 21 son,

1285 3035 97 25 Messrs.
1405 3036 100 30 Wilson,
1530 3037 107 29 Roskell,
1661 3037 150 30 M'Donnell,
1832 3037 45 23 and

1286 3068 98 25 Roberts
1392 3079 6 20 ;
1418 3070 48 24 and
1478 3072 30 23 13
1520 3071 24 23 in
1555 3070 40 24 the
1608 3075 111 27 steerage.

1319 3108 30 24 In
1369 3110 38 23 the
1425 3110 53 31 ship
1780 3109 99 32 Captain

1286 3141 82 32 Tilley,
1379 3143 60 23 from
1451 3144 59 24 Port
1516 3144 78 31 Philip
1603 3152 43 15 :—
1646 3144 60 23 Rev.
1715 3143 23 23 J.
1748 3142 28 25 C.
1787 3142 88 31 Grylls,

1286 3175 97 24 Messrs.
1396 3176 33 24 R.
1444 3176 31 25 G.
1489 3176 91 29 Talbot,
1594 3177 22 23 J.
1630 3176 40 23 W.
1689 3176 79 30 Bligh,
1788 3175 88 24 Fredk.

1286 3208 126 29 P.unsfbrd,
1425 3208 134 29 and.Coats,
1580 3208 50 24 Mr.
1644 3208 103 31 Harvey,
1760 3208 61 31 lady,
1835 3208 44 24 and

1287 3236 68 34 child,
1367 3241 48 25 Mr.
1430 3241 105 30 Grenier,
1553 3241 63 31 lady,
1635 3242 46 23 and
1696 3242 52 23 four
1768 3241 109 30 children,

1286 3274 61 24 Mrs.
1359 3274 59 30 Bell,
1431 3274 46 24 and
1489 3274 47 26 Mr,
1549 3275 47 23 and
1607 3275 61 25 Mrs.
1683 3275 71 24 Stone
1763 3284 6 21 ;
1790 3274 45 25 and
1846 3277 31 22 25

1286 3308 24 23 in
1322 3307 37 24 the
1371 3311 113 28 steerage.

1320 3347 30 24 In
1371 3347 39 24 the
1432 3348 130 32 brigantine
1781 3349 98 31 Captain

1286 3380 97 31 Liddell,
1395 3381 62 24 from
1469 3382 94 31 Sydney
1573 3391 5 15 :
1580 3395 35 5 —
1616 3383 49 23 Mr.
1680 3382 140 24 Machattie.

1319 3423 31 24 In
1367 3424 38 23 the
1423 3424 54 32 brig
1679 3425 66 32 Capt.
1767 3425 115 38 Pearson^

1276 3462 6 77 I
1284 3457 61 24 from
1366 3457 94 24 Hobart
1486 3457 71 24 Town
1567 3467 5 16 :
1574 3472 35 4 —
1609 3459 100 24 Messrs.
1742 3458 62 25 John
1834 3457 48 38 andjj

1286 3490 90 31 George
1392 3490 76 24 Wade
1491 3491 43 23 and
1552 3491 94 30 Brown,
1667 3492 61 24 Mrs.
1749 3491 109 25 M'Liver
1869 3481 13 38 ;|

1286 3523 45 24 and
1343 3526 14 21 5
1369 3524 23 23 in
1404 3523 41 24 the
1459 3528 110 28 steerage.
1872 3516 10 33 /

1319 3565 31 24 In
1360 3566 37 24 the
1417 3565 52 33 ship
1689 3568 99 31 Captain
1807 3566 71 24 Mon-

1286 3606 46 22 roe,
1350 3599 57 24 from
1434 3599 92 34 Sydney
1535 3610 6 15 :
1542 3614 35 4 —
1578 3601 101 24 Messrs.
1705 3601 79 30 Riley,
1809 3600 68 29 Hair,

1275 3650 2 5 ,
1287 3631 105 31 Rawson,
1405 3632 143 32 Thompson,
1561 3634 46 24 and
1618 3634 46 24 Dr.
1684 3634 70 23 Shaw
1762 3643 6 20 ;
1789 3633 45 24 and
1848 3636 30 21 12

1275 3681 2 20 I
1286 3665 126 25 stockmen.

1320 3707 30 25 In
1362 3709 35 23 the
1408 3709 88 31 barque
1668 3710 67 32 Capt.
1745 3710 132 29 Robinson,

1286 3740 59 25 from
1356 3742 98 23 London
1463 3750 6 16 :
1470 3754 34 5 —
1504 3742 48 25 Mr.
1567 3743 124 30 Harrison,
1703 3744 63 31 lady,
1779 3744 46 23 and
1834 3744 44 22 five

1287 3774 107 30 children,
1414 3775 49 23 Mr.
1490 3775 84 25 Collett
1597 3777 46 23 and
1665 3777 62 31 lady,
1747 3777 61 24 Rev.
1828 3777 49 23 Mr.

1289 3807 108 29 Churto.i,
1409 3808 62 31 lady,
1485 3809 43 23 and
1540 3817 71 16 seven
1622 3810 112 29 children,
1754 3810 61 24 Rev.
1828 3810 49 23 Mr.

1287 3840 87 30 Butler,
1385 3841 62 30 lady,
1460 3841 45 25 and
1516 3842 120 32 daughter,
1649 3843 49 24 Mr.
1713 3843 95 29 Minett,
1816 3842 61 30 lady,

1288 3874 44 24 and
1343 3874 49 25 fovtr
1404 3874 110 30 children,
1526 3876 88 23 Misses
1628 3876 122 24 Falwaker
1761 3876 46 23 and
1815 3875 62 24 Har-

1287 3914 100 24 greavp«,
1411 3907 99 25 Messrs.
1529 3908 139 29 Waderson,
1691 3909 37 23 St.
1754 3908 61 29 Hill,
1834 3908 45 24 and

1290 3940 143 33 Hargri'ttves
1443 3949 6 21 ;
1469 3940 31 26 R,
1515 3941 30 24 G.
1561 3941 79 29 Lowe,
1653 3941 69 32 Esq.,
1736 3949 106 24 surgeon.

666 123 44 23 and
722 123 75 23 shows
814 123 51 23 how
877 123 69 31 ready
959 123 125 32 capitalists
1102 131 38 16 are
1157 123 65 24 there
1233 128 24 19 to

665 156 94 23 become
778 155 158 24 shareholders
954 156 25 23 in
1000 156 90 30 Banks,
1114 157 109 31 provided
1239 158 19 22 it

666 196 41 16 can
721 189 29 23 be
765 188 78 24 shewn
853 188 50 24 that
921 188 55 31 they
993 194 93 26 present
1097 197 14 15 a
1125 190 131 24 reasonable

665 226 106 28 prospect
783 222 25 24 of
824 229 91 16 success
924 230 5 15 :
931 235 36 3 —

728 255 51 23 The
798 257 67 21 2000
883 255 79 23 shares
979 256 106 23 reserved
1101 256 35 23 for
1154 256 102 31 Sydney,

663 287 87 31 having
766 289 60 22 been
844 287 30 24 all
886 288 146 23 suebscribed
1043 289 34 23 for
1095 289 25 22 in
1136 289 39 23 the
1193 289 63 23 short

665 328 67 23 space
741 321 25 23 of
775 325 44 19 two
828 321 63 30 days,
900 320 45 24 and
953 321 148 31 applications
1108 322 35 23 for
1150 322 106 31 upwards

665 354 24 23 of
706 355 66 22 2000
785 354 79 23 shares
876 362 62 15 more
951 354 85 32 having
1050 355 58 23 been
1118 355 74 29 made,
1206 355 48 24 Mr.

666 386 84 31 Henry
761 387 135 31 Thompson
908 386 77 24 deems
999 388 19 22 it
1030 387 113 24 advisable
1161 392 24 19 to
1198 395 58 24 open

666 427 12 15 a
688 419 41 24 list
738 420 36 23 for
792 420 148 31 applications
952 420 35 23 for
999 420 78 24 shares
1091 422 28 28 ,in
1130 421 38 23 the
1186 421 70 24 Bank

664 464 33 5 —
697 452 75 24 which
782 453 41 24 list
833 453 30 24 he
873 453 47 24 will
932 461 30 15 on
973 453 36 23 his
1020 458 79 19 return
1111 458 23 19 to
1145 454 39 24 the
1195 454 59 31 Bay,

664 485 37 32 lay
707 485 78 25 before
794 494 13 15 a
814 486 92 31 general
913 486 106 32 Meeting
1027 487 26 23 of
1061 487 38 23 the
1108 487 147 24 Subscribers

665 519 22 22 in
707 518 58 24 New
778 519 108 29 Zealand,
905 519 56 24 with
979 528 13 15 a
1007 520 209 24 recommendation
1232 525 23 19 to

665 551 85 24 extend
760 552 39 24 the
810 553 96 23 number
919 553 25 23 of
960 551 78 25 shares
1050 553 23 23 in
1086 553 37 23 the
1137 553 119 32 Company

665 588 21 19 to
701 586 91 28 10,000
800 586 89 23 instead
896 586 24 23 of
931 588 84 26 5,000.
1052 586 48 23 Mr.
1112 586 142 31 Thompson,

664 617 111 30 however,
790 618 52 24 does
854 623 40 19 not
906 623 123 27 guarantee
1040 624 23 18 to
1074 619 38 24 the
1127 620 128 31 applicants

664 650 49 24 that
724 650 54 32 they
790 652 47 23 will
855 652 77 23 obtain
951 652 37 24 the
1002 652 86 30 shares,
1101 661 26 15 or
1145 661 45 23 any
1201 661 54 24 por-

664 684 48 24 tiou
723 684 25 23 of
757 684 39 24 the
809 685 78 23 shares
898 684 35 24 for
945 685 75 23 which
1030 685 55 32 they
1097 686 75 31 apply.
1204 686 51 24 The

663 717 39 24 list
713 717 47 23 will
771 718 29 23 be
812 725 60 24 open
882 717 46 24 this
941 718 44 31 day
1002 718 35 23 for
1056 718 157 32 applications,
1232 724 24 19 at

664 750 37 23 the
715 750 74 24 Office
802 751 24 23 of
841 751 39 23 the
897 750 93 32 Sydney
1001 751 111 32 Banking
1127 752 126 32 Company.

662 796 34 4 —
698 783 99 24 Henry
818 784 155 28 Thompson,
990 784 80 31 Agent
1093 789 22 19 to
1135 785 38 24 the
1197 785 58 24 New

663 816 102 24 Zealand
777 816 110 32 Banking

665 880 264 24 COLONIZATION
942 888 31 16 of
985 880 80 24 NEW
1077 881 174 25 ZEALAND.

818 922 119 16 MEETING
950 922 31 16 AT
993 922 108 17 DUBLIN.

47 125 64 26 ledge
120 124 37 21 the
167 123 56 21 kind
233 123 45 21 and
291 123 154 26 gentlemanly
460 123 97 19 conduct
566 123 27 19 of
598 123 35 19 the

48 151 84 23 officers
141 149 72 22 under
221 156 58 20 your
288 148 128 27 command,
426 148 45 22 and
482 148 38 21 the
529 147 60 28 good
597 147 36 22 be-

48 177 91 24 haviour
148 176 26 21 of
181 176 37 21 the
230 182 63 15 crew.

74 204 27 22 R.
118 203 28 21 G.
162 202 75 27 Lowe,
249 202 99 28 Surgeon
360 200 196 29 Superintendant.

74 230 22 22 J.
112 229 29 22 G.
155 229 102 27 Butler,
269 228 112 22 C.L.X.P.

75 257 21 21 J.
110 256 26 22 F.
151 256 120 27 Churton,
287 255 109 27 Chaplain
416 254 26 22 of
462 254 37 22 the
518 253 115 28 Episcopal

50 282 93 25 Church.

75 309 30 23 H.
120 309 23 22 S.
158 308 133 22 Harrison.

74 337 21 21 J.
110 336 27 21 E.
153 336 96 21 Collet.

73 363 22 22 J.
110 362 90 22 MINET.

74 390 27 22 R.
117 388 21 22 J.
154 388 25 22 B.
195 388 130 22 Harrison.

74 417 21 21 S.
110 415 124 22 Wadeson.

81 445 96 30 Captain
188 443 141 24 Robinson's
340 442 66 32 reply
415 450 6 16 :
422 454 35 5 —

190 475 34 21 To
234 474 38 22 the
282 474 55 22 Rev.
349 474 44 22 Mr.
405 473 84 23 Butler.

74 503 60 22 Dear
143 501 41 27 Sir,
186 513 31 5 —
219 501 28 22 In
257 501 79 22 behalf
350 501 26 21 of
386 500 84 27 myself
480 499 46 23 and
541 499 92 28 officers,

48 530 11 22 I
78 529 56 22 have
148 528 68 22 much
237 529 101 27 pleasure
353 527 25 21 in
400 526 185 28 acknowledging
598 526 35 22 the

47 557 83 26 receipt
139 555 25 21 of
171 555 38 21 the
219 562 56 20 very
284 554 122 27 gratifying
415 553 135 22 testimonial
565 553 26 22 of
598 553 35 22 the

47 589 136 21 passengers,
195 581 115 28 conveyed
320 584 23 18 to
353 588 37 14 me
405 580 119 27 yesterday
539 580 94 27 through

47 616 50 21 you,
109 609 45 21 and
163 608 45 22 feel
217 608 69 22 much
295 607 91 28 pleased
393 606 49 22 that
447 614 39 19 my
496 606 137 23 endeavours

47 640 21 18 to
77 635 80 22 render
166 635 38 22 the
214 642 93 21 passage
317 642 24 14 as
351 633 146 23 comfortable
506 640 24 15 as
540 633 93 28 possible

47 667 22 18 to
80 663 65 26 them,
157 661 59 23 have
225 664 47 19 met
281 661 51 22 with
344 660 153 28 approbation.

73 689 12 22 I
98 689 44 27 beg
155 696 46 20 you
215 688 46 22 will
275 694 86 21 convey
377 690 22 19 to
413 687 61 21 them
492 694 39 20 my
549 687 84 22 sincere

47 716 80 21 thanks
137 715 34 22 for
181 716 38 21 the
233 715 73 22 honor
320 714 59 22 done
393 721 44 20 me,
454 713 179 28 congratulating

47 743 29 22 all
85 750 29 14 on
124 742 37 22 the
172 741 123 23 successful
304 741 145 22 termination
459 741 26 21 of
493 740 37 22 the
540 747 93 20 voyage,

47 769 44 22 and
104 769 94 27 wishing
213 769 49 21 that
282 774 68 28 every
363 767 96 28 possible
481 774 88 15 success
590 767 43 22 and

46 796 122 27 prosperity
177 802 54 21 may
240 794 77 23 attend
326 793 45 23 this
384 802 50 14 new
449 794 45 22 and
507 794 72 27 grand
593 802 40 14 un-

47 823 121 26 dertaking.

154 849 90 22 Believe
254 855 43 20 me,
308 855 39 20 my
358 847 53 22 dear
421 847 40 28 Sir,

291 877 73 20 Yours
374 881 54 20 very
438 874 67 27 truly,

195 901 85 23 JOHN
295 901 157 23 PERCIVAL
466 901 167 23 ROBINSON.

187 929 66 28 April
264 931 32 25 11,
308 930 62 21 IS4O.

80 958 136 24 Married.
219 971 34 3 —
255 958 39 23 On
305 957 96 31 Sunday
412 957 51 29 last,
519 957 39 24 the
573 957 60 24 Rev.

47 991 47 24 Mr.
115 991 55 24 Mac
184 991 107 29 Farlane,
310 990 48 24 Mr.
375 991 77 24 James
471 991 121 29 Stratford,
612 996 21 19 to

47 1025 61 20 Miss
120 1025 68 20 Anne
202 1025 111 20 Hodnett.

80 1080 164 25 MEETING
267 1080 43 25 OF
332 1080 74 24 THE
432 1080 162 25 COUNCIL.

137 1114 150 29 Saturday,
304 1114 85 23 April
407 1116 41 26 25,
469 1115 72 23 1840.

80 1167 51 22 The
143 1167 80 28 sitting
235 1167 26 21 of
275 1167 37 21 the
325 1167 98 21 Council
432 1172 46 16 was
491 1167 109 29 occupied
611 1167 22 21 in

48 1199 126 30 discussing
186 1207 14 14 a
210 1198 42 24 bill
267 1198 35 23 for
320 1198 40 23 the
378 1205 62 16 more
459 1198 105 23 effectual
581 1206 52 24 pro-

48 1233 72 22 vision
136 1232 35 23 for
190 1232 38 23 the
247 1232 44 23 due
308 1231 183 24 administration
510 1232 24 23 of
551 1232 82 31 justice

48 1266 78 23 within
137 1265 45 23 this
195 1265 96 29 district,
303 1265 57 23 than
377 1266 20 22 is
417 1265 120 23 contained
555 1266 24 22 in
597 1265 36 23 the

49 1303 128 26 agreement
188 1306 26 16 or
228 1303 101 19 contract
346 1298 112 31 prepared
475 1299 25 22 in
519 1298 114 31 England,

49 1332 43 23 and
104 1332 60 23 since
177 1332 112 23 extended
306 1332 45 23 and
364 1332 87 23 ratified
462 1332 31 30 by
506 1332 38 23 the
557 1331 76 24 Chiefs

48 1366 24 22 of
89 1366 56 22 Port
156 1365 135 24 Nicholson.

82 1398 50 23 The
146 1399 42 22 bill
205 1407 46 15 was
270 1399 53 23 read
346 1406 14 15 a
379 1398 51 23 first
451 1399 64 28 time,
534 1397 45 24 and
597 1398 36 23 the

50 1432 94 23 Council
157 1431 132 28 adjourned.

48 1495 96 23 BANK
162 1496 47 22 AT
229 1496 71 22 THE
322 1496 71 22 BAY
413 1496 44 22 OF
477 1496 156 22 ISLANDS.

2126 128 143 22 IMPORTS.

1904 162 70 26 Cargo
1983 162 26 21 of
2021 162 36 22 the
2068 162 49 28 ship
2300 165 58 22 Win.
2368 165 123 28 Campbell,

2111 197 58 22 from
2180 197 102 22 London.

1932 230 25 20 19
1967 229 117 28 packages,
2095 230 45 22 and
2150 238 13 14 a
2178 231 101 28 quantity
2292 232 51 21 iron
2356 237 55 22 pots,
2428 233 63 27 Capt.

1903 262 90 22 Daniell
2002 271 6 19 ;
2024 264 13 20 2
2049 263 62 22 casks
2120 263 121 28 hardware,
2253 266 10 20 1
2276 264 35 23 do.
2319 266 87 27 biscuit,
2414 266 78 22 James

1902 296 71 21 Tame
1981 304 6 18 ;
2011 298 16 20 4
2037 296 110 28 packages
2161 298 107 27 sundries,
2277 298 13 22 7
2301 299 94 21 bundles
2405 300 86 27 spades,

1903 329 30 21 G.
1950 329 53 22 Cole
2011 338 6 19 ;
2036 331 13 20 2
2067 330 62 22 casks
2142 334 65 23 stout,
2220 332 24 21 11
2256 331 111 28 packages
2375 332 118 22 merchan-

1903 362 56 27 dize,
1970 364 11 20 1
1993 363 54 22 cask
2053 364 93 27 brandy,
2159 364 27 22 D.
2196 364 128 28 Riddiford;
2336 366 37 21 171
2382 365 111 28 packages

1903 395 108 28 sundries,
2030 398 40 21 177
2086 397 68 27 deals,
2171 397 40 22 Dr.
2229 398 88 27 Evans;
2340 400 27 20 32
2383 399 110 27 packages

1903 428 108 28 sundries,
2027 431 27 20 29
2072 430 66 27 deals,
2154 432 10 20 1
2180 430 44 28 keg
2240 432 100 27 tobacco,
2345 453 5 9 v
2357 434 11 19 l
2387 432 50 22 cask
2455 432 36 27 oil,

1903 461 31 23 H.
1952 463 31 21 St.
2001 463 63 28 Hill;
2089 465 26 20 23
2133 464 111 27 packages
2263 465 99 27 printing
2381 466 112 22 materials

1903 496 45 21 and
1964 504 76 20 paper,
2058 499 10 19 1
2087 497 43 28 keg
2146 498 98 27 tobacco,
2264 500 10 20 1
2291 499 77 26 parcel
2385 499 66 27 deals,
2470 499 21 22 S.

1903 529 104 28 Revans;
2033 532 11 20 1
2065 531 59 28 cask,
2143 531 59 23 Win.
2223 532 91 27 Deans;
2340 534 26 21 15
2383 533 110 28 packages

1902 562 109 30 sundries,
2021 565 11 20 1
2042 571 49 15 case
2098 565 94 27 brandy,
2204 564 29 23 A.
2242 565 77 23 Millar
2327 574 5 19 ;
2348 568 28 20 4-1
2383 567 110 27 packages

1902 596 108 29 sundries,
2027 600 9 19 1
2056 599 68 22 tierce
2140 599 99 27 tobacco,
2258 601 10 20 1
2287 607 51 15 case
2354 600 93 27 brandy,
2466 600 26 22 F.

1902 630 104 22 Johnson
2013 639 6 19 ;
2035 633 40 20 166
2084 632 70 22 boxes
2164 640 60 20 soap,
2234 634 27 20 46
2272 633 36 21 do.
2319 633 95 27 candles,
2422 633 26 22 T.
2458 634 34 22 M.

1902 663 116 28 Partridge
2037 665 44 21 and
2100 665 36 22 Co.
2145 673 5 19 ;
2175 667 12 20 5
2207 666 112 27 packages
2335 666 128 28 medicines,
2479 669 16 20 6

1902 703 61 16 cases
1973 698 107 27 muskets,
2095 700 38 20 142
2143 699 111 27 packages
2263 699 69 28 deals,
2347 701 27 21 6S
2383 700 111 27 packages

1902 730 107 28 sundries,
2021 731 46 22 and
2076 732 37 21 the
2122 732 60 27 large
2194 739 56 20 guns
2261 739 28 15 on
2301 732 63 28 deck,
2373 732 54 23 New
2435 734 58 21 Zea-

1901 763 55 23 land
1964 764 68 22 Land
2041 766 122 27 Company.

2154 833 20 22 J.
2184 833 76 28 Black,
2269 834 58 22 from
2335 834 101 22 London.

1929 866 27 20 22
1964 865 71 28 bales,
2046 868 10 19 1
2068 866 49 28 keg,
2128 868 27 21 26
2164 867 69 27 casks,
2244 870 24 19 11
2276 868 104 27 bundles,
2390 870 24 20 IS
2423 877 68 19 cases,

1901 900 13 20 3
1924 899 76 28 boxes,
2016 902 14 20 4
2039 901 87 27 wheels,
2145 903 10 20 1
2167 902 58 27 pole,
2242 904 13 20 8
2265 902 117 28 packages,
2399 905 14 19 2
2421 904 71 27 bales,

1901 934 14 20 2
1925 941 87 20 pumps,
2023 936 12 19 1
2047 938 53 24 cart,
2109 936 10 20 1
2128 936 128 26 puncheon,
2265 938 12 19 6
2285 936 74 28 pieces
2366 937 49 22 iron
2422 938 69 26 work,

1902 968 11 20 1
1925 967 48 21 iron
1985 967 69 28 chest,
2072 969 9 20 1
2098 969 61 21 brass
2173 969 52 28 bell,
2242 969 101 28 Hopper,
2359 970 71 27 Peter,
2449 971 46 22 and

1901 1000 146 23 Molesworth
2057 1010 6 19 ;
2078 1003 13 20 5
2101 1002 61 28 kegs,
2173 1004 13 20 6
2203 1003 70 27 casks,
2291 1006 9 19 1
2318 1003 64 23 truck
2396 1004 67 28 body,
2481 1007 13 20 6

1901 1033 118 28 packages,
2030 1037 14 19 4
2055 1042 66 21 cases,
2132 1037 15 20 4
2156 1036 102 29 bundles,
2272 1039 15 19 2
2296 1037 89 28 wheels,
2397 1039 11 20 1
2420 1039 71 27 truck,

1900 1068 13 21 3
1925 1068 124 28 bedsteads,
2070 1070 27 21 G.
2115 1070 91 22 Hunter
2213 1079 6 19 ;
2242 1073 10 20 1
2270 1071 58 27 bale,
2345 1073 14 20 2
2375 1072 116 28 packages,

1901 1101 26 21 E.
1940 1101 106 28 Hopper;
2068 1105 12 19 9
2096 1103 110 28 packages
2221 1105 32 26 (to
2269 1105 82 28 order,)
2368 1107 36 20 121
2423 1113 68 21 cases,

1900 1136 15 20 2
1926 1135 69 28 casks,
2007 1138 14 19 4
2030 1136 115 28 packages,
2164 1140 9 19 1
2187 1141 52 25 cart,
2251 1140 14 20 3
2274 1138 62 28 kegs,
2354 1141 10 19 1
2375 1139 93 28 harrow,
2481 1142 10 20 1

1901 1168 49 22 iron
1960 1169 79 28 frame,
2052 1170 29 22 PI.
2094 1171 29 21 St.
2136 1171 49 21 Hill
2192 1180 5 19 ;
2215 1173 15 20 4
2243 1172 86 27 rafters,
2347 1173 12 22 7
2374 1173 117 28 packages,

1901 1201 31 22 H.
1945 1202 45 22 and
2000 1202 26 22 T.
2037 1203 61 22 Cook
2106 1212 5 19 j
2126 1204 14 21 5
2150 1212 68 20 cases,
2234 1207 9 20 1
2256 1206 59 27 cask,
2327 1206 56 22 New
2392 1206 101 23 Zealand

1901 1235 65 23 Land
1974 1237 117 28 Company
2096 1246 5 19 ;
2118 1239 26 21 14
2152 1239 69 27 casks,
2232 1240 26 21 10
2264 1246 68 21 cases,
2340 1241 28 20 46
2374 1240 117 28 packages,

1901 1270 14 21 6
1924 1269 60 27 kegs,
1996 1271 13 20 3
2020 1270 99 28 bundles,
2131 1273 14 20 2
2154 1272 149 27 grindstones,
2313 1274 10 20 1
2332 1273 49 27 bag,
2391 1275 25 21 10
2423 1274 68 28 butts,

1903 1303 9 21 1
1924 1303 56 27 bale,
1992 1305 14 20 2
2016 1304 32 22 tin
2059 1308 55 24 pots,
2129 1305 26 22 E.
2166 1305 83 22 Daniel
2257 1314 6 19 ;
2279 1308 10 19 1
2301 1306 77 27 frame,
2393 1308 13 20 S
2423 1307 68 27 deals,

1902 1336 24 21 F.
1938 1336 104 23 Johnson
2051 1346 6 19 ;
2074 1340 10 19 1
2096 1345 57 21 case,
2165 1340 10 20 1
2187 1339 57 27 bale,
2256 1340 9 20 1
2278 1339 53 27 box,
2342 1340 36 21 W.
2390 1340 23 22 C.

1902 1369 48 23 well
1958 1378 6 19 ;
1981 1373 27 19 10
2024 1378 67 21 cases,
2108 1374 13 20 6
2139 1373 69 26 casks,
2228 1374 9 20 1
2256 1373 51 28 keg,
2318 1375 13 20 2
2347 1374 117 28 packages,
2481 1376 12 20 2

1901 1404 148 28 grindstones,
2068 1407 11 20 1
2101 1409 53 25 cart,
2173 1408 14 20 4
2206 1406 95 23 bundles
2319 1407 49 22 iron
2384 1407 62 29 hops,
2463 1409 29 21 D.

1902 1437 94 23 Sinclair
2005 1446 4 19 ;
2032 1441 26 20 21
2076 1440 102 27 bundles,
2197 1442 10 19 1
2227 1441 59 27 cask,
2303 1442 15 21 2
2333 1441 116 28 packages,
2471 1442 22 23 J.

1902 1471 76 22 Pierce
1987 1481 5 19 ;
2008 1474 15 20 2
2032 1474 161 34 cases^gask,
2213 1474 28 22 G.
2260 1474 53 22 Cole
2321 1483 5 20 ;
2345 1477 14 20 3
2374 1475 118 28 packages,

1902 1504 20 22 J.
1933 1505 99 23 Thomas
2040 1514 5 19 ;
2051 1497 127 47 j||^Mfcr.
2189 1508 72 22 Lewis
2267 1516 6 19 ;
2290 1510 27 21 10
2326 1508 116 28 packages,
2461 1509 31 22 H.

1902 1538 102 29 Hughes,
2021 1541 12 20 2
2048 1531 116 38 pacffl^T,
2183 1541 33 23 M.
2234 1542 99 27 Draper;
2357 1543 11 21 1
2385 1543 107 27 package,

1903 1573 20 22 S.
1940 1573 99 28 Draper;
2063 1576 10 20 1
2092 1582 56 20 case,
2166 1577 11 20 1
2195 1575 107 28 package,
2321 1576 24 22 F.
2362 1577 28 21 A.
2409 1576 85 23 Moles-

1901 1606 71 22 worth
1979 1616 6 18 ;
2000 1608 14 21 7
2023 1608 116 27 packages,
2151 1610 12 20 2
2179 1616 68 20 cases,
2264 1611 11 20 1
2294 1609 59 28 cask,
2370 1610 29 22 D.
2415 1610 79 22 Riddi-

1901 1640 50 21 ford
1957 1649 5 18 ;
1978 1642 12 20 5
2002 1648 68 20 cases,
2081 1643 12 20 5
2105 1642 69 27 casks,
2186 1642 21 22 J.
2219 1642 114 23 Monteith
2340 1652 5 18 ;
2366 1645 13 20 2
2394 1644 71 27 casks,
2482 1646 9 19 1

1902 1670 52 24 cart,
1967 1668 10 21 1
1989 1668 105 27 package,
2107 1670 9 21 1
2133 1670 136 26 grindstone,
2286 1672 42 20 433
2343 1670 50 22 bars
2408 1670 47 22 and
2469 1673 26 20 10

1901 1693 96 23 bundles
2011 1695 56 27 iron,
2088 1695 24 22 T.
2130 1696 21 21 J.
2167 1696 89 28 Drake;
2276 1698 29 21 50
2319 1697 78 22 firkins
2410 1698 83 26 butter,

1901 1721 14 20 2
1926 1721 63 22 casks
2003 1721 61 27 ham,
2082 1723 24 20 15
2124 1730 60 15 cases
2200 1724 86 26 cheese,
2305 1725 26 20 10
2346 1724 63 22 hhds.
2427 1724 66 28 wine,

1903 1748 39 21 150
1952 1747 69 28 deals,
2028 1749 40 21 533
2080 1749 63 22 sacks
2150 1750 49 26 salt,
2206 1752 28 20 30
2239 1750 85 22 barrels
2331 1753 34 19 tar
2373 1751 45 22 and
2424 1751 69 27 pitch,

1903 1775 26 20 10
1938 1774 65 22 hhds.
2015 1777 26 20 20
2050 1779 88 23 quarter
2147 1776 62 23 casks
2217 1778 65 26 wine,
2292 1778 26 21 10
2325 1777 64 22 hhds.
2397 1778 96 28 brandy,

1903 1802 26 20 10
1939 1801 64 22 hhds.
2023 1804 26 20 10
2063 1802 131 28 puncheons
2208 1811 57 20 rum,
2283 1806 13 19 S
2312 1804 64 23 hhds.
2393 1805 101 27 Geneva,

1902 1829 41 20 300
1953 1835 63 15 cases
2025 1829 43 27 do.,
2079 1831 28 20 50
2120 1830 54 27 bags
2189 1837 72 21 sugar,
2281 1832 27 20 10
2322 1830 36 23 do.
2374 1831 77 27 coffee,
2469 1834 27 20 10

1904 1854 34 21 do.
1949 1855 53 27 rice,
2015 1857 26 20 29
2051 1856 69 22 boxes
2130 1860 41 24 tea,
2183 1858 14 20 2
2208 1857 34 22 do.
2255 1858 76 26 cassia,
2342 1860 10 19 1
2361 1858 43 26 bag
2412 1858 82 27 cloves,

1904 1882 9 20 1
1925 1882 75 21 barrel
2010 1886 109 24 nutmegs,
2131 1885 26 20 20
2173 1884 91 27 pockets
2281 1891 90 21 pepper,
2390 1886 11 20 1
2418 1885 77 26 tierce,

1903 1909 26 20 30
1939 1908 61 28 kegs,
2013 1910 26 20 25
2056 1917 59 20 cans,
2131 1912 14 19 2
2159 1917 69 21 cases,
2244 1912 12 21 3
2273 1911 70 28 casks,
2361 1912 73 27 paints
2450 1913 45 21 and

1903 1935 94 27 colours,
2010 1937 40 21 120
2060 1936 68 22 boxes
2138 1944 60 21 soap,
2210 1939 13 20 2
2234 1945 62 15 cases
2305 1939 96 27 apparel,
2409 1940 14 20 4
2434 1939 62 22 bales

1903 1969 75 20 paper,
1999 1964 12 20 1
2031 1970 56 20 case,
2107 1965 15 20 2
2140 1965 70 27 casks,
2226 1966 10 19 1
2256 1965 85 22 bundle
2361 1966 71 22 scales
2451 1966 45 22 and

1904 1989 98 27 weights,
2014 1991 28 20 20
2051 1990 53 27 kegs
2114 1991 64 26 nails,
2190 1992 13 21 2
2213 1991 64 22 casks
2291 1992 57 27 iron,
2364 1994 14 21 4
2392 1992 103 27 bundles,

1903 2016 12 21 3
1927 2016 79 26 anvils,
2017 2018 13 19 3
2040 2016 96 28 bellows,
2149 2019 10 20 1
2170 2018 84 21 bundle
2264 2018 58 28 iron,
2331 2021 10 20 1
2352 2022 52 24 cart,
2413 2021 14 20 2
2435 2026 61 20 cans,

1904 2042 12 20 5
1930 2049 62 14 cases
2002 2042 173 29 confectionary,
2187 2046 13 19 2
2217 2045 36 21 do.
2270 2045 71 28 corks,
2358 2047 13 20 8
2387 2046 34 21 do.
2439 2046 57 26 hats,

1905 2069 10 19 1
1927 2072 90 23 quarter
2033 2069 53 22 cask
2101 2070 107 28 whiskey,
2225 2072 14 20 3
2255 2079 69 19 cases,
2343 2074 10 19 1
2371 2072 92 27 bundle,
2481 2074 14 20 2

1906 2102 60 14 cases
1982 2095 99 28 brushed,
2102 2096 97 27 baskets,
2216 2098 47 26 &c,
2288 2100 10 18 1
2316 2098 52 21 cask
2392 2098 75 27 twine,
2482 2099 15 21 4

1905 2127 61 15 cases
1985 2121 170 29 haberdashery,
2175 2124 15 21 2
2206 2123 36 22 do.
2262 2124 128 28 stationery,
2413 2127 10 20 1
2444 2126 51 21 bale

1905 2147 73 28 shirts,
1995 2149 14 20 3
2022 2149 79 22 trunks
2117 2149 71 27 shoes,
2206 2150 80 28 Willis,
2303 2152 63 26 Sons,
2383 2151 45 22 and
2444 2152 52 28 Co.;

1906 2175 10 20 1
1927 2175 127 26 puncheon,
2067 2178 10 19 1
2088 2176 60 28 hhd.,
2162 2178 10 20 1
2183 2177 92 27 bundle,
2286 2179 15 20 4
2310 2178 69 27 casks,
2392 2180 27 20 14
2427 2186 69 20 cases,

1905 2203 10 19 1
1927 2201 106 28 package,
2043 2199 95 26 Hanson
2146 2203 45 22 and
2197 2204 96 22 Alsdorf
2297 2213 6 19 ;
2319 2206 10 20 1
2338 2212 56 19 case,
2402 2206 14 21 3
2425 2206 71 26 casks,

1905 2229 31 21 H.
1948 2228 89 28 Bradey
2045 2237 4 19 ;
2067 2231 24 20 16
2101 2230 70 27 casks,
2187 2232 10 20 1
2215 2231 86 27 basket,
2320 2232 45 21 and
2374 2233 39 20 14S
2423 2233 75 25 pieces

1905 2255 113 22 materials
2028 2256 34 21 for
2072 2264 13 14 a
2093 2256 76 28 house,
2181 2258 25 21 T.
2220 2258 34 22 M.
2267 2258 115 27 Partridge
2390 2260 45 21 and
2444 2260 38 21 Co.
2491 2269 5 17 ;

1904 2283 29 20 24
1941 2283 60 26 pairs
2011 2283 110 27 windows,
2134 2285 26 20 14
2169 2284 72 28 doors,
2253 2285 22 21 S.
2293 2285 90 23 Revans
2390 2293 5 19 ;
2418 2288 11 19 1
2446 2287 52 22 bale

1906 2312 76 19 cotton
1999 2309 31 26 (to
2046 2310 80 28 order,)
2141 2312 13 20 5
2170 2318 69 20 cases,
2256 2313 12 20 1
2285 2315 89 23 quarter
2387 2312 81 28 barrel,
2486 2315 10 20 1

1906 2335 58 27 cask,
1977 2338 11 19 1
2004 2336 52 23 hhd.
2074 2338 31 25 (to
2122 2338 82 26 order,)
2219 2340 13 20 3
2249 2340 71 26 casks,
2338 2341 27 20 10
2381 2347 69 20 cases,
2468 2340 29 22 D.

1906 2362 131 28 Riddiford;
2059 2365 26 21 10
2099 2364 65 22 casks
2183 2365 113 27 blacking,
2315 2366 25 22 C.
2356 2366 105 28 Alsdorf;
2484 2370 14 19 6

1905 2389 111 28 packages
2036 2390 65 27 deals,
2131 2393 10 20 1
2167 2392 75 21 barrel
2268 2396 41 24 tar,
2334 2393 21 22 J.
2374 2394 85 27 Tame;
2484 2395 12 20 5

1905 2417 137 28 puncheons,
2053 2418 13 21 5
2076 2425 67 20 cases,
2156 2420 24 20 11
2192 2418 89 28 wheels,
2297 2421 23 20 11
2332 2420 60 27 kegs,
2403 2422 16 20 4
2428 2421 68 27 pack-

1907 2450 60 20 ages,
1983 2446 10 19 1
2013 2444 57 27 cask,
2090 2446 24 20 11
2131 2444 96 23 bundles
2243 2445 78 23 shafts.
2339 2448 13 21 6
2368 2447 96 27 baskets,
2484 2450 16 20 2

1905 2470 62 28 bags,
1986 2472 11 20 1
2016 2471 83 22 bundle
2117 2472 88 28 boards,
2225 2473 26 22 56
2270 2472 111 29 packages
2395 2474 105 28 building

1905 2497 119 27 materials,
2035 2500 14 20 4
2064 2498 48 27 pigs
2127 2498 58 27 lead,
2205 2499 27 22 G.
2250 2500 84 28 Duppa
2342 2509 6 14 :
2366 2502 15 21 2
2397 2508 70 21 cases,
2485 2504 11 19 1

1905 2524 50 27 keg,
1970 2526 15 20 4
2002 2525 38 22 fire
2057 2527 60 25 dogs,
2136 2527 26 20 12
2177 2526 50 21 iron
2244 2526 77 23 sashes
2336 2530 32 24 (to
2385 2528 83 28 order.)
2484 2531 14 19 9

1905 2550 65 23 sacks
1980 2552 70 26 grain,
2069 2554 10 20 1
2095 2553 136 27 winnowing
2245 2554 105 22 machine
2366 2555 32 27 (to
2414 2555 84 27 order,)

1906 2577 25 22 L.
1943 2577 116 29 Nattrass;
2074 2580 23 21 11
2110 2579 117 28 packages,
2243 2580 25 22 F.
2281 2580 101 28 Bradey;
2397 2584 14 19 6
2427 2583 70 25 casks,

1905 2606 14 20 2
1933 2611 69 21 cases,
2019 2607 11 20 1
2047 2606 106 28 package,
2171 2608 14 19 2
2200 2606 97 23 bundles
2314 2608 83 28 spades,
2418 2610 10 20 1
2448 2617 50 14 case

1905 2639 65 19 guns,
1983 2634 10 19 1
2004 2632 83 23 bundle
2096 2633 62 22 forks
2173 2634 33 26 (to
2216 2634 84 27 order,)
2315 2636 13 20 3
2340 2642 68 20 cases,
2426 2637 11 20 1
2448 2636 51 21 bar-

1905 2658 40 27 rel,
1955 2660 14 20 5
1980 2659 70 27 casks,
2067 2661 10 20 1
2088 2659 49 22 iron
2147 2660 78 27 frame,
2241 2662 12 20 1
2266 2664 67 24 crate,
2350 2664 11 19 1
2376 2662 75 22 barrel
2466 2663 32 26 (to

1906 2686 82 26 order,)
2006 2688 10 19 1
2028 2693 56 21 case,
2095 2688 11 20 1
2117 2687 49 22 iron
2176 2688 74 26 roller,
2262 2690 14 19 2
2286 2688 71 28 casks,
2365 2690 15 21 2
2386 2690 113 27 packages

1906 2712 103 28 building
2018 2713 117 28 materials,
2156 2714 41 21 Dr.
2216 2714 89 28 Evans;
2328 2717 11 20 1
2359 2716 106 28 package,
2487 2718 9 20 1

1905 2739 45 28 bag
1959 2740 64 27 nails,
2035 2742 11 19 1
2058 2747 55 20 case,
2129 2741 29 21 A.
2175 2740 94 28 Hodges
2275 2750 6 19 ;
2298 2744 10 20 1
2320 2742 67 22 tierce
2402 2744 93 22 tobacco

1908 2766 33 26 (to
1962 2766 82 28 order,)
2065 2768 26 20 50
2108 2768 86 21 barrels
2209 2768 66 28 flour,
2292 2770 27 21 55
2336 2769 117 28 packages,
2472 2772 28 19 10

1907 2800 69 20 cases,
1987 2795 12 20 1
2009 2794 59 26 cask,
2080 2794 10 21 1
2101 2794 85 22 bundle
2203 2795 72 22 scales
2292 2796 45 21 and
2354 2796 100 28 weights,
2472 2798 26 20 25

1906 2817 103 31 bundles,
2020 2822 11 19 1
2042 2821 51 26 box,
2110 2822 14 21 8
2141 2821 52 22 iron
2211 2822 125 27 standards,
2354 2824 15 21 2
2388 2824 37 21 do.
2445 2824 54 21 bed-

1908 2847 81 27 steads,
2002 2849 39 20 102
2051 2847 66 28 deals,
2128 2847 57 22 New
2190 2848 101 23 Zealand
2299 2849 64 23 Land
2371 2850 127 28 Company;

1906 2875 28 20 20
1944 2877 76 23 crates,
2032 2876 10 19 1
2054 2874 51 28 box,
2115 2875 14 21 5
2140 2875 70 27 casks,
2222 2875 80 29 Willis,
2314 2876 63 28 Sons,
2387 2876 48 23 and
2446 2878 36 21 Co.
2493 2886 5 19 ;

1906 2902 14 20 3
1931 2908 62 15 cases
2003 2901 32 25 (to
2046 2900 80 28 order,)
2141 2902 28 22 50
2179 2902 65 23 hhds.
2256 2905 61 20 stout
2332 2904 32 26 (to
2375 2904 81 27 order,)
2474 2906 26 20 13

1908 2935 61 14 cases
1985 2928 75 27 wines,
2077 2929 28 21 20
2120 2928 80 23 tierces
2219 2932 67 24 stout,
2306 2932 27 19 14
2352 2930 33 22 do.
2408 2931 34 21 ale
2467 2932 32 26 (to

1908 2954 82 27 order,)
2013 2955 26 21 15
2057 2955 111 28 packages
2184 2956 102 22 mustard
2303 2957 45 21 and
2363 2958 92 27 pickles,
2472 2959 28 21 50

1908 2984 89 24 quarter
2004 2981 63 22 casks
2074 2982 93 28 vinegar
2183 2983 32 26 (to
2223 2983 82 28 order,)
2321 2984 27 22 77
2355 2984 74 22 boxes'
2432 2985 66 27 glass,

1908 3008 71 21 Willis
1990 3008 45 21 and
2044 3008 38 23 Co.
2089 3017 6 19 ;
2115 3010 14 20 5
2146 3009 68 27 bales,
2232 3012 14 20 9
2263 3010 80 22 trunks
2364 3011 31 25 (to
2414 3012 84 27 order,)

1908 3036 40 20 100
1958 3041 62 16 cases
2031 3035 98 28 Geneva,
2140 3038 15 20 4
2164 3036 52 23 half
2227 3037 64 22 casks
2300 3038 92 27 brandy,
2403 3038 27 22 17
2439 3046 61 14 cases

1906 3061 87 22 bottled
2001 3062 59 22 wine
2075 3062 33 27 (to
2119 3063 82 27 order,)
2218 3065 26 21 10
2254 3067 79 25 crates,
2348 3064 26 22 T.
2385 3065 73 22 Smith
2465 3073 5 19 ;
2488 3067 9 19 1

1907 3088 53 22 cask
1973 3088 165 30 ironmongery,
2155 3090 23 22 J.
2196 3090 85 28 Lewis;
2303 3093 11 19 1
2333 3092 48 21 iron
2399 3092 68 26 chest,
2486 3094 14 19 3

1907 3122 68 20 cases,
1983 3116 14 21 4
2005 3116 63 22 casks
2076 3123 81 21 copper
2165 3118 57 26 coin,
2230 3118 77 21 Union
2315 3118 64 22 Bank
2385 3126 5 19 ;
2407 3119 13 21 3
2425 3118 72 27 hhds.,

1905 3143 14 20 2
1929 3142 85 27 tierces,
2027 3144 13 20 2
2051 3150 68 20 cases,
2129 3145 15 20 2
2152 3144 77 26 boxes,
2240 3146 14 19 2
2262 3144 94 22 bundles
2372 3145 33 26 (to
2413 3145 83 27 order,)

1907 3170 10 19 1
1929 3168 61 28 cask,
1999 3170 14 21 2
2023 3176 60 15 cases
2093 3170 87 27 cheese,
2192 3172 10 20 1
2214 3170 46 22 box
2270 3171 48 27 salt,
2336 3173 11 19 1
2362 3172 46 20 box
2425 3175 42 23 tea,
2487 3174 9 20 1

1906 3195 68 22 tierce
1982 3196 55 21 beef
2045 3196 32 26 (to
2082 3196 84 27 order,)
2178 3198 10 20 1
2197 3197 87 22 matted
2291 3205 57 20 case,
2358 3198 28 21 G.
2395 3198 91 22 Hunter
2493 3208 5 17 ;

1906 3222 27 21 64
1947 3222 116 28 packages,
2080 3224 12 20 1
2110 3223 75 27 trunk,
2203 3225 11 20 1
2232 3224 47 22 box
2293 3224 65 28 glass,
2374 3226 15 20 4
2405 3226 94 22 buckets

1906 3248 57 28 shot,
1975 3250 12 21 1
1997 3249 68 27 anvil,
2079 3251 14 20 6
2108 3250 96 22 bundles
2218 3250 103 29 building
2336 3252 119 26 materials,
2472 3253 26 21 51

1906 3275 68 27 deals,
1985 3276 27 21 74
2022 3276 93 27 battens,
2126 3278 15 21 4
2150 3276 64 23 casks
2223 3278 95 28 brandy,
2333 3280 11 20 1
2360 3278 36 23 do.
2412 3283 56 23 port,
2488 3281 10 20 1

1906 3302 35 22 do.
1953 3302 84 28 sherry,
2049 3302 138 24 Northwood
2196 3304 46 23 and
2252 3306 39 22 Co.

2002 3356 65 28 Lady
2201 3358 118 28 Kermoth,
2331 3358 98 28 Sydney.

1933 3384 41 21 600
1986 3383 72 27 sheep,
2069 3384 28 21 59
2107 3384 74 28 cattle,
2193 3385 46 22 and
2247 3387 14 20 2
2271 3386 83 22 horses.

2069 3436 59 30 Hay,
2141 3438 92 28 Sydney
2243 3439 46 22 and
2298 3440 49 27 Bay
2356 3439 27 21 of
2394 3438 95 22 Islands.

1933 3462 107 23 Sundries
2051 3464 45 22 and
2105 3464 99 29 whaling
2218 3473 61 20 gear,
2297 3469 26 23 to,
2337 3466 91 22 Messrs.
2445 3466 54 27 Hay

1906 3489 46 22 and
1962 3489 131 24 Machattie.
2310 3490 17 7 ''
2338 3490 10 14 '■

2202 3519 80 28 Tilley,
2294 3518 143 29 Port-Philip.

1933 3543 29 23 70
1979 3542 59 24 head
2056 3545 73 28 cattle,
2150 3545 46 23 and
2214 3547 13 20 3
2247 3545 91 23 horses?

2181 3599 96 27 Liddell,
2289 3599 96 28 Sydney.

1933 3625 15 20 4
1957 3623 62 23 bales
2028 3624 110 28 blankets,
2144 3626 30 21 34
2183 3626 64 22 casks
2254 3624 58 28 beef,
2321 3627 26 21 30
2353 3626 55 27 kegs
2416 3626 81 26 butter,

1907 3650 41 22 174
1957 3650 56 28 bags
2022 3658 72 20 sugar,
2112 3651 51 23 half
2173 3659 14 14 a
2203 3655 39 19 ton
2258 3652 57 28 lead,
2333 3653 27 21 40
2373 3652 51 22 iron
2441 3655 56 24 pots,

1906 3678 28 21 34
1943 3678 55 26 bags
2007 3677 53 28 rice,
2070 3680 14 20 4
2094 3678 35 22 do.
2141 3678 75 22 coffee.
2227 3680 31 20 44
2267 3682 87 25 quarter
2365 3678 73 22 chests
2454 3680 45 20 and

1905 3705 27 20 25
1950 3704 73 22 chests
2037 3708 42 24 tea,
2096 3706 26 21 12
2138 3709 50 18 tons
2204 3706 66 27 flour,
2287 3707 25 20 10
2329 3709 89 24 quarter
2435 3706 63 21 casks

1906 3731 66 27 wine,
1988 3733 29 20 36
2032 3731 106 28 muskets,
2156 3734 28 20 20
2200 3732 70 22 boxes
2288 3732 106 27 mustard,
2413 3734 13 20 .1
2448 3740 50 14 case

1906 3757 73 27 shoes,
1989 3759 13 20 5
2014 3757 54 28 kegs
2078 3759 99 26 tobacco,
2188 3760 28 20 20
2223 3766 61 14 cases
2292 3758 89 28 pickles,
2392 3758 54 28 Hay
2454 3759 44 21 and

1906 3784 133 22 Machattie.

2140 3811 106 28 Pearson,
2258 3812 88 21 Hobart
2355 3812 77 22 Town.

1932 3838 28 21 35
1971 3836 57 23 head
2039 3837 72 28 cattle,
2122 3840 26 21 11
2159 3838 84 27 horses,
2254 3838 46 22 and
2312 3838 108 23 sundries.
2437 3838 59 23 John

1905 3863 79 22 Wade.

2188 3892 103 26 Monroe,
2303 3892 118 27 Sydney-.?-
2439 3900 5 6 '
2455 3913 3 5 ,

1932 3917 42 22 700
1993 3916 73 30 sheep,
2086 3920 26 20 80
2127 3918 60 23 head
2204 3918 73 28 cattle,
2297 3920 13 21 7
2326 3915 170 31 tans^ifMrJ-J.

1906 3944 75 28 Riley.
2369 3950 44 13 -\-
2424 3958 10 14 c
2449 3947 9 7 -
2467 3958 7 11 :

754 45 31 26 T
800 45 37 26 Jti
852 45 31 26 ti
927 44 28 27 JN
976 44 30 27 E
1026 44 37 27 W
1111 44 168 28 ZEAL
1294 42 130 30 JnSTD
1468 46 218 28 (jAZET
1703 46 90 29 TE.
