2520 4020
607 596 131 32 PORT
761 596 284 39 NICHOLSON,
1071 593 304 34 WEDNESDAY
1397 596 239 37 MORNING,
1659 597 120 33 JULY
1802 602 30 33 6,
1857 602 87 28 1842.

60 605 63 31 No.
142 602 92 39 156.]

2243 599 99 40 [Vol.
2364 598 67 32 111.

45 78 456 143 NEW
607 84 877 132 ZEALAND
1590 81 854 142 GAZETTE

1222 247 99 32 AND

45 279 1199 183 WELLINGTON
1364 279 1080 183 SPECTATOR

577 480 216 38 PUBLISHED
840 480 132 38 EVERY
1015 480 256 37 WEDNESDAY
1315 480 88 35 AND
1449 480 229 35 SATURDAY
1722 480 202 37 MORNING.

1310 685 52 21 For
1382 685 60 21 Sale
1463 687 28 19 at
1513 685 43 21 the
1581 685 105 21 Nelson
1706 685 83 27 Dairy

1546 713 29 19 at

1445 739 105 20 Nelson
1564 739 104 21 Haven.

1270 776 66 26 QA
1352 772 83 21 cows
1451 772 34 21 IN
1502 772 84 26 CALF,

1266 793 70 32 OV
1365 800 26 20 30
1400 799 83 21 heifers
1492 799 23 21 in
1525 799 49 27 calf,

1365 826 26 21 50
1400 832 77 20 young
1485 825 89 27 heifers,

1301 852 10 20 ■!
1323 851 114 22 half-bred
1446 852 102 21 Durham
1558 852 67 27 bulls,

1294 880 24 19 11
1330 882 73 23 steers,

1321 906 13 20 6
1344 906 99 26 working
1452 905 109 27 buliocks,

1320 933 14 20 4
1344 932 61 21 stock
1413 932 86 27 horses,

1322 960 40 21 100
1372 966 63 19 ewes,

1320 986 27 21 50
1357 986 101 27 wethers,

1292 1012 47 22 The
1355 1013 69 21 above
1439 1019 38 14 are
1492 1013 55 21 from
1562 1013 41 20 Dr.
1616 1012 90 27 Imlay's
1724 1013 126 22 celebrated

1266 1039 62 22 stock
1337 1043 23 17 at
1370 1039 100 22 Twofold
1482 1039 55 27 Bay.
1565 1039 49 22 The
1626 1039 65 22 cattle
1706 1047 35 14 are
1751 1039 39 22 the
1802 1040 49 21 best

1268 1066 59 27 bred,
1338 1066 57 21 have
1405 1067 58 20 been
1473 1066 83 21 landed
1565 1066 23 21 in
1602 1066 37 21 the
1651 1066 64 22 finest
1725 1066 70 27 order,
1808 1066 42 22 and

1267 1093 57 21 from
1334 1093 37 21 the
1383 1093 52 21 best
1443 1093 105 21 selection
1556 1093 26 21 of
1588 1100 43 20 any
1638 1093 32 22 lot
1678 1097 37 23 yet
1724 1093 97 27 brought
1829 1097 22 18 to

1267 1119 56 22 New
1333 1119 106 22 Zealand.
1470 1120 43 21 For
1520 1119 135 27 particulars,
1667 1120 64 28 apply
1741 1124 22 17 to

1457 1153 21 21 S.
1494 1153 101 27 Revans,
1611 1153 140 28 Wellington,
1764 1161 25 14 or

1457 1186 30 21 D.
1497 1186 145 27 Drummond,
1654 1186 84 22 Nelson
1748 1186 89 23 Haven.

1425 1232 91 25 Maps,
1527 1232 104 24 Charts,
1641 1232 55 24 &c,

1271 1265 91 33 npHE
1376 1264 153 27 undersigned
1541 1264 42 22 has
1596 1265 47 26 just
1659 1265 101 21 received
1776 1272 14 14 a
1798 1273 53 14 con-

1277 1286 29 27 _L
1344 1292 113 26 signment
1476 1292 25 20 of
1517 1298 62 21 maps
1598 1291 45 21 and
1663 1291 71 22 charts
1751 1291 59 22 from
1830 1293 21 20 J.

1270 1317 93 28 Wyld's,
1387 1319 96 26 Charing
1508 1318 69 27 Cross,
1604 1318 142 27 Geographer
1769 1321 22 19 to
1815 1319 36 22 the

1270 1345 86 27 Queen,
1368 1345 34 22 viz
1409 1353 5 14 :
1416 1357 29 3 —

1299 1372 70 27 Large
1379 1376 44 18 two
1433 1372 63 22 sheet
1506 1379 49 20 map
1567 1372 26 21 of
1598 1371 57 22 New
1664 1371 106 28 Zealand,

1298 1399 50 21 One
1359 1399 62 21 sheet
1430 1406 51 20 map
1492 1399 25 21 of
1525 1399 54 21 New
1590 1399 105 26 Zealand,

1299 1425 103 22 Chaffers'
1422 1426 63 21 chart
1501 1425 24 22 of
1540 1425 80 22 Cook's
1639 1426 85 26 Straits,
1741 1425 56 22 with
1814 1425 38 22 the

1269 1452 68 22 latest
1347 1452 116 27 additions,

1300 1479 103 21 Chaffers'
1415 1479 63 21 chart
1487 1479 26 22 of
1519 1479 53 21 Port
1581 1478 129 27 Nicholson,

1299 1506 132 22 Mercator's
1440 1507 64 20 chart
1513 1507 23 20 of
1548 1506 38 21 the
1597 1505 75 27 world,
1684 1507 40 20 &c.
1734 1506 40 21 &c.
1785 1507 39 21 &c.

1628 1539 109 22 William
1752 1539 72 22 Lyon.

1272 1570 84 24 Corner
1365 1571 25 22 of
1395 1571 152 21 Willis-street
1557 1570 45 22 and
1612 1570 187 28 Lambton-quay.

1445 1597 58 22 June
1513 1599 31 25 21,
1557 1599 60 20 1842.

1443 1649 89 26 Cheap
1547 1649 138 26 Clothing.

1273 1683 191 24 /COMPLETE
1478 1683 85 22 SUITS
1578 1683 26 21 of
1616 1683 75 27 neatly
1702 1683 65 22 made
1785 1684 68 21 Gam-

1273 1715 41 18 V^
1352 1710 70 22 broon
1441 1710 89 26 clothes,
1551 1712 23 19 at
1591 1710 58 21 from
1668 1711 32 22 £3
1720 1714 21 17 to
1761 1711 34 22 £3
1814 1712 38 25 55.,

1271 1736 117 28 according
1397 1741 23 18 to
1430 1737 52 21 size.

1456 1764 26 21 E.
1500 1764 122 25 Stafford,
1637 1763 81 27 Tailor,

1515 1797 61 21 Near
1587 1797 135 27 Wellington
1731 1798 95 22 Tavern.

1299 1824 56 28 May
1363 1825 32 26 27,
1409 1826 60 20 1842.

1470 1869 76 20 Fruit
1567 1869 90 20 Trees.

1253 1895 108 27 '""CIOR
1384 1896 85 26 SALE,
1490 1903 13 14 a
1520 1896 94 21 number
1636 1896 26 21 of
1680 1896 103 21 first-rate
1802 1896 53 21 fruit

1255 1918 3 37 j
1280 1919 26 26 I?
1346 1927 62 22 trees,
1427 1923 107 27 imported
1546 1922 71 21 direct
1625 1922 57 21 from
1696 1922 110 26 England,
1818 1923 36 21 the

1256 1962 3 12 i
1266 1950 103 27 .'superior
1378 1950 53 21 fruit
1441 1952 24 19 of
1478 1950 71 21 which
1558 1949 82 26 gained
1653 1949 38 21 the
1704 1950 72 26 prizes
1786 1954 22 16 at
1818 1950 36 21 the

1252 1987 5 8 .'
1274 1977 6 25 \
1286 1984 27 22 ;o
1329 1976 41 22 last
1389 1976 153 22 hoiticultural
1562 1976 78 21 shows.
1669 1976 62 27 They
1750 1983 37 14 are
1806 1983 48 14 now

1269 2003 70 26 Veady
1357 2004 34 19 for
1411 2003 189 26 iranspianialiuii,
1621 2002 43 21 and
1689 2002 105 24 comprise
1818 2003 36 20 the

1273 2030 47 21 best
1330 2030 44 21 and
1383 2030 67 21 latest
1459 2029 64 22 kinds
1537 2030 60 21 from
1605 2029 37 21 the
1658 2029 71 27 Royal
1742 2029 113 22 Horticul-

1273 2056 57 22 tural
1341 2057 107 21 Gardens.
1478 2056 72 27 Apply
1563 2059 22 18 to

1398 2091 108 21 Charles
1520 2090 25 22 E.
1562 2090 53 21 Yon
1630 2090 115 27 Alzdorf,

1591 2117 75 21 Breda
1675 2124 28 14 on
1715 2117 36 21 the
1762 2117 64 22 Hutt.

1300 2144 55 27 May
1364 2145 33 26 27,
1410 2145 60 20 1842.

1330 2190 51 20 For
1400 2190 70 23 Sale,
1486 2195 35 14 ex
1561 2189 118 20 Thomas

1273 2223 115 49 FIRST
1402 2223 140 23 QUALITY
1557 2222 104 22 FLOUR
1674 2223 23 21 in
1709 2222 74 22 1001b.
1794 2222 58 27 bags,

1346 2250 61 27 Rice,

1353 2277 52 26 Tea,

1355 2304 80 26 Coffee,

1355 2331 75 26 Sugar,

1354 2357 103 22 Tobacco
1466 2357 24 22 in
1501 2357 66 27 bond,

1355 2384 112 27 Blankets,

1355 2411 42 22 Gin
1409 2411 22 22 in
1442 2411 66 27 bond,

1355 2437 170 23 Double-barrel
1534 2446 66 19 guns,

1355 2465 68 28 Slops,

1355 2492 108 27 Oatmeal,

1355 2519 59 22 Beef
1420 2519 23 22 in
1454 2519 83 23 tierces.

1551 2545 55 23 Hay
1621 2545 44 22 and
1680 2545 150 23 Machattie.

1302 2573 59 22 June
1373 2575 32 25 14,
1418 2574 61 21 1842.

1436 2619 42 20 Ex
1652 2618 43 20 &c.

1275 2651 71 50 ON
1362 2651 87 27 SALE,
1461 2655 23 18 at
1493 2651 36 22 the
1539 2655 70 17 stores
1620 2651 26 21 of
1657 2650 35 22 the
1703 2650 153 27 undersigned,

1339 2679 140 21 ENGLISH
1495 2679 87 25 HOPS,

1301 2705 69 22 Dates
1389 2706 46 21 and
1454 2705 63 21 dried
1535 2705 71 26 fruits,
1623 2704 68 22 coffee
1710 2703 43 23 and
1771 2704 45 21 rice
1834 2704 22 21 in

1274 2731 62 28 bags,

1303 2757 77 24 Chests
1391 2759 45 21 and
1447 2760 11 24 %
1470 2759 70 21 chests
1550 2758 66 22 black
1626 2761 43 23 tea,
1681 2765 27 14 ex
1720 2758 104 26 Clarinda,

1303 2785 114 23 LADIES
1429 2785 99 27 SATIN,
1539 2785 40 21 kid
1590 2785 44 21 and
1645 2785 122 21 enamelled
1776 2785 83 21 leather

1275 2812 70 28 shoes,
1356 2813 71 22 men's
1437 2813 63 21 boots
1515 2812 45 22 and
1576 2812 71 27 shoes,
1659 2811 42 22 and
1711 2811 94 28 English
1814 2811 44 22 sole

1275 2839 90 26 leather,

1302 2867 107 23 WHITE
1424 2866 60 23 KID
1505 2865 128 27 GLOVES,
1655 2865 109 23 GENOA
1788 2865 70 22 VEL-

1276 2893 67 27 VET,

1302 2921 105 22 CHEAP
1427 2920 118 27 PRINTS,
1562 2919 57 28 slops
1636 2919 25 22 of
1679 2926 66 21 every
1764 2919 95 27 descrip-

1273 2947 54 26 tion,

1303 2974 58 22 Shirt
1372 2974 79 23 collars
1461 2974 43 22 and
1513 2974 78 27 fronts,
1602 2973 93 22 woollen
1709 2972 96 27 hosiery,

1303 3001 103 28 Superior
1419 3001 71 22 broad
1504 3001 66 26 cloth,
1586 3000 56 27 pilot
1652 3001 61 26 ditto,
1730 3000 44 22 and
1789 2999 69 22 Cassi-

1275 3035 68 19 mere,

1303 3055 156 23 SUPERIOR
1474 3053 132 24 LONDON
1617 3053 92 23 MADE
1719 3052 138 27 BRIDLES,

1303 3082 64 22 Nails
1376 3083 26 21 of
1412 3082 30 22 all
1452 3081 62 27 sizes,
1525 3082 32 21 tin
1570 3081 68 26 tacks,
1647 3079 113 28 japanned
1768 3080 77 27 lamps,

1303 3108 74 23 FINE
1393 3109 85 22 CORK
1489 3108 121 22 BUTTER
1619 3107 45 22 and
1673 3107 84 22 barrels
1766 3107 26 21 of
1797 3107 61 26 pork,

1304 3135 73 23 White
1386 3136 59 27 lead,
1456 3135 86 22 linseed
1551 3135 46 21 and
1605 3134 75 22 boiled
1690 3133 47 28 oils,

1303 3162 54 23 Fine
1368 3163 39 22 old
1414 3165 50 25 port
1481 3162 56 22 wine
1554 3161 44 22 and
1612 3161 50 28 pale
1671 3160 75 27 sherry
1755 3159 26 23 in
1788 3161 15 20 4
1812 3160 47 22 doz.

1276 3196 68 16 cases.

1629 3214 22 22 J.
1663 3214 32 22 M.
1705 3213 102 26 Taylor,

1766 3241 31 21 Te
1807 3241 52 21 Aro.

1277 3269 144 27 Wellington,
1433 3269 59 22 June
1503 3270 19 25 3,
1534 3269 61 21 1842.
1739 3283 9 3 -

1463 3314 43 20 Ex

1278 3349 72 49 ON
1374 3348 86 27 SALE,
1480 3351 23 19 at
1520 3347 37 22 the
1578 3347 74 21 Stores
1675 3346 25 22 of
1719 3345 39 23 the
1780 3345 81 22 under-

1355 3376 87 25 signed,

1276 3403 99 22 SEVEN
1403 3401 68 23 AND
1495 3401 22 21 A
1540 3399 86 23 HALF
1651 3399 77 23 TONS
1753 3398 108 24 SHING-

1386 3429 80 22 LING
1480 3428 66 22 AND
1562 3427 78 22 ROSE
1652 3426 102 26 NAILS,

1304 3457 42 22 200
1353 3456 56 27 kegs
1419 3456 49 22 best
1478 3455 65 21 white
1551 3453 59 28 lead,

1305 3483 98 22 Linseed
1412 3482 37 27 oil,
1463 3479 132 30 turpentine,
1606 3480 45 22 and
1661 3479 77 29 paints,

1305 3509 103 23 Window
1417 3509 67 28 glass,
1494 3508 29 22 all
1532 3508 65 26 sizes,
1606 3507 41 21 &c.
1657 3509 39 19 &c.

1621 3540 22 21 J.
1659 3539 32 22 M.
1706 3539 101 26 Taylor,

1734 3565 32 22 Te
1781 3566 54 21 Aro.

1277 3617 52 47 A
1343 3614 67 24 FEW
1425 3612 93 28 original
1527 3610 179 26 PAINTINGS,
1717 3617 29 15 on
1755 3610 53 22 sale.

1680 3637 23 22 J.
1713 3637 35 22 M.
1758 3638 101 22 Taylor.

1277 3676 146 25 Wellington,
1435 3674 59 22 June
1503 3674 20 25 3,
1536 3673 60 21 1842.

1517 3716 106 25 Bricks,

1278 3754 89 50 FOR
1383 3751 84 28 SALE,
1480 3754 22 19 at
1516 3751 46 21 60s.
1579 3756 40 21 per
1635 3749 118 23 thousand.
1788 3749 74 33 Apply

1337 3785 23 18 to
1376 3780 24 22 J.
1417 3778 93 27 Pimble,
1521 3780 23 19 at
1558 3775 37 23 the
1613 3776 168 28 Sydney-street
1796 3773 65 25 Brick

1278 3808 45 23 and
1332 3807 48 23 Tile
1397 3805 88 26 Works,
1496 3807 22 19 at
1527 3803 38 23 the
1582 3810 49 16 rear
1641 3804 24 21 of
1677 3803 94 23 Colonel
1783 3803 79 22 Wake-

1468 3831 70 22 field's
1551 3829 122 24 residence.

1251 3867 2 25 j
1273 3880 9 12 *
1291 3882 45 10 -*„»
1342 3867 109 23 Terms—
1452 3865 52 22 cash
1513 3872 30 15 on
1555 3864 99 28 delivery
1663 3866 24 21 at
1696 3863 37 22 the
1743 3864 55 21 kiln.

1252 3886 95 30 jfflffif,'.
1362 3902 3 4 ■
1450 3901 4 4 ■
1454 3900 30 5 —
1484 3901 3 4 ■
1487 3900 30 4 —
1517 3900 1 5 ■
1791 3896 1 5 '

1384 3914 133 28 OPENED,
1524 3913 45 23 and
1581 3920 27 15 on
1620 3913 50 22 Sale
1678 3915 25 19 at
1711 3912 39 22 the
1760 3911 70 23 Offic*
1838 3912 27 22 of

1277 3944 57 30 «fpt.
1341 3944 45 24 l)Hi«
1396 3942 79 28 Paper,
1484 3941 40 23 ink
1533 3940 78 23 »t»»d»
1620 3939 25 23 »f
1651 3939 89 23 variouc
1750 3946 62 15 ueci.

1880 685 43 20 Ex
1936 686 103 26 barque
2085 687 117 21 Eleanor
2247 690 52 20 and
2315 691 76 19 other
2405 690 54 20 late

2112 714 120 21 arrivals.

1880 739 99 48 FIVE
1994 739 79 22 TONS
2087 739 61 22 fresh
2157 740 97 22 Colonial
2263 741 63 28 flour,

1953 765 75 23 White
2038 766 45 22 and
2092 767 77 21 brown
2179 774 66 20 sugar
2252 768 23 21 in
2283 772 63 23 mats,
2358 769 75 26 coffee,

1907 792 69 22 Black
1987 793 45 21 and
2042 800 67 19 green
2124 797 43 23 tea,
2178 793 91 23 tobacco
2277 794 24 22 in
2310 797 41 20 200
2360 795 30 22 lb.
2401 795 60 28 kegs,

1906 818 115 26 Blankets,
2033 819 48 23 loaf
2087 828 72 19 sugar,
2170 821 62 26 piece
2241 821 74 28 goods,

1906 845 56 22 New
1973 846 100 22 Zealand
2081 847 57 28 pork
2148 847 45 21 and
2204 851 104 23 potatoes.

1906 872 65 21 Wine
1981 873 24 21 in
2014 874 63 21 wood
2084 873 46 22 and
2139 874 77 27 bottle,
2227 875 85 21 bottled
2322 875 40 26 ale,

1907 898 46 22 Gin
1962 898 24 22 in
1997 906 68 15 cases.
2092 901 68 26 Rum,
2171 901 45 26 gin,
2226 901 94 28 brandy,
2331 902 45 21 and
2386 902 77 22 arrack

1880 924 23 22 in
1912 925 67 22 bond.

2134 953 35 23 W.
2186 954 25 21 B.
2227 955 93 21 Rhodes
2336 955 43 21 and
2395 955 38 21 Co.

1906 978 59 22 June
1974 980 34 25 28,
2021 980 60 20 1842.

1880 1022 71 48 ON
1967 1023 86 27 SALE,
2070 1032 28 14 ex
2119 1026 87 19 Thomas
2223 1026 63 27 Crisp,
2302 1026 86 20 London
2390 1041 8 10 r
2416 1026 44 21 and

1957 1051 69 24 Agnes
2033 1059 5 11 ;
2040 1061 28 5 —

1906 1075 59 22 First
1972 1077 58 21 flour
2038 1077 25 21 in
2073 1079 46 27 100,
2131 1080 47 26 150,
2190 1080 44 21 and
2243 1082 39 19 200
2292 1079 30 22 lb.
2332 1080 62 27 bags,

1906 1103 56 21 Fine
1974 1103 88 23 Chilian
2075 1105 36 22 do.

1907 1130 98 22 Seconds
2016 1131 63 28 flour,

1907 1156 71 22 Patna
1989 1157 53 27 rice,

1907 1183 78 22 Finest
1993 1184 94 22 Manilla
2097 1192 72 21 sugar,

1906 1209 103 23 Tobacco
2019 1211 24 21 in
2052 1211 86 31 tierces,
2148 1213 54 27 duty
2211 1213 51 26 free,

1907 1237 92 27 Brandy
2006 1237 24 22 in
2040 1237 65 23 hhds'.

1908 1263 46 21 Gin
1964 1264 23 21 in
1997 1268 88 23 quarter
2096 1265 63 22 casks
2170 1266 45 21 and
2222 1266 64 21 hhds.

1908 1290 59 21 Rum
1978 1291 24 21 in
2011 1291 64 22 hhds.

1908 1316 93 28 Arrack,
2010 1317 50 23 best
2070 1319 53 21 East
2132 1319 73 27 India,

1908 1343 54 22 Port
1970 1343 44 23 and
2025 1345 76 28 sherry
2110 1345 24 22 in
2145 1345 62 22 hhds.
2215 1346 42 21 and
2267 1349 89 25 quarter
2366 1346 68 27 casks,

1908 1370 60 27 Port,
1986 1371 84 27 sherry,
2094 1372 108 27 Madeira,
2221 1378 44 17 ana
2284 1373 135 27 champagne
2439 1373 24 22 in

1880 1397 70 21 bottle
1958 1405 6 19 ;
1981 1397 136 23 Rutherford
2127 1399 45 22 and
2182 1400 73 27 Drury
2265 1400 76 27 brand,

1909 1424 44 21 Ale
1962 1424 24 22 in
1997 1426 12 20 6
2020 1425 70 22 dozen
2099 1426 68 27 casks,

1908 1451 52 21 Coir
1968 1458 61 21 rope,
2041 1456 33 18 tar
2084 1453 45 21 and
2138 1453 68 27 pitch,

1910 1478 21 21 A
1941 1478 85 27 variety
2037 1479 24 21 of
2068 1479 65 27 slops,

1910 1505 63 21 Sawn
1984 1505 80 22 timber
2072 1506 57 21 from
2139 1506 37 22 the
2187 1507 64 26 Hutt,
2263 1507 30 20 all
2303 1506 73 21 kinds.

2197 1533 81 22 Waitt
2294 1533 44 22 and
2351 1534 84 21 Tyser.

1909 1557 145 28 Wellington,
2066 1559 58 22 June
2134 1561 33 25 16,
2179 1561 58 20 1842.

1884 1602 85 48 FOR
1980 1603 85 27 SALE,
2077 1611 27 14 ex
2114 1605 92 23 London,
2216 1604 29 28 by
2254 1604 37 21 the
2301 1604 162 28 Undersigned,

1955 1630 102 26 previous
2067 1635 21 17 to
2099 1631 87 27 leaving
2195 1632 33 21 for
2238 1631 93 22 Nelson.

1910 1656 52 21 Port
1970 1656 67 22 Wine
2047 1657 22 22 in
2078 1659 72 21 wood.

1910 1682 42 22 Do.
1964 1683 35 22 do.
2010 1684 23 21 in
2042 1684 77 22 bottle.

1910 1709 80 27 Sherry
2000 1710 23 21 in
2034 1712 69 26 wood,

1910 1736 42 21 Do.
1964 1737 34 22 do.
2010 1737 23 22 in
2045 1738 74 22 bottle.

1910 1763 90 28 Brandy

1910 1790 59 22 Rum
2024 1785 52 35 }in
2086 1792 65 21 hhds.

1911 1817 92 22 Geneva
2016 1821 14 23 j

1910 1843 56 23 Irish
1976 1845 20 22 b.
2007 1847 25 20 af
2038 1846 23 22 in
2072 1846 84 21 tierces.

1910 1871 127 28 Archangel
2047 1873 54 26 pork
2110 1872 25 22 h\
2143 1872 92 22 barrels.

1911 1898 75 22 Crates
1995 1900 25 21 of
2027 1900 158 21 earthenware.

1911 1924 134 24 Puncheons
2056 1927 23 21 of
2085 1926 65 28 glass.

1910 1952 22 21 A
1943 1954 101 26 quantity
2054 1954 24 21 of
2085 1955 63 20 boots
2158 1952 44 22 and
2212 1952 69 23 shoes.

1910 1980 22 19 A
1943 1980 64 21 small
2016 1980 102 28 quantity
2129 1980 24 21 of
2160 1980 77 26 kersey
2247 1979 126 22 moleskins.

2118 2013 105 19 CiiAiiiiL*
2233 2011 103 26 Erui'ioN,
2347 2011 43 21 ami
2400 2011 37 21 Co.

1912 2044 111 22 Lambton
2033 2045 72 27 Quay,
2116 2045 58 21 June
2185 2045 31 26 17,
2228 2046 63 21 1842.

2075 2090 26 20 J.
2116 2090 38 20 M.
2169 2089 107 27 Taylor,

1898 2122 152 22 LICENSED
2073 2122 239 23 CUSTOM-HOUSE
2336 2122 115 28 AGENT,

2131 2157 28 14 TE
2174 2157 49 14 AUO.

1940 2192 26 22 R.
1997 2193 175 26 TURNBULL,
2202 2192 152 28 SURGEON,
2378 2193 90 22 intends

1951 2220 121 26 practising
2080 2220 38 21 the
2129 2220 85 21 various
2224 2219 106 22 branches
2341 2220 25 21 of
2376 2220 33 21 his
2418 2227 53 20 pro-

1884 2246 88 27 fession,
1985 2246 45 22 and
2044 2254 52 20 may
2105 2247 33 21 for
2155 2247 37 21 the
2207 2250 88 24 present
2308 2246 29 22 be
2355 2247 114 22 consulted

1884 2277 23 16 at
1917 2274 73 21 Baron
2004 2273 94 22 Alzdorf
2101 2274 23 21 's.

1912 2300 68 21 River
1990 2300 65 26 Hutt,
2067 2300 60 22 June
2138 2300 33 27 17,
2182 2302 58 20 1842.

2029 2344 142 22 CHARLES
2186 2344 139 27 HARVEY,

2092 2379 101 24 Tailor,
2208 2380 52 24 &c,

2015 2413 113 26 Adjoining
2141 2414 70 20 Kumu
2226 2414 51 20 Toto
2291 2413 54 26 Pah,

2101 2452 156 20 WELLINGTON,

1887 2472 106 48 BEGS
2009 2475 23 18 to
2048 2476 76 17 return
2141 2471 80 22 thanks
2238 2475 22 18 to
2277 2472 37 21 the
2331 2474 80 24 gentry
2424 2471 46 21 and

1962 2498 76 28 public
2049 2499 22 21 of
2080 2498 57 23 New
2148 2498 98 22 Zealand
2254 2499 35 21 for
2297 2499 37 21 the
2343 2501 90 24 support
2440 2498 30 21 he

1886 2525 41 22 has
1943 2525 102 22 received
2059 2526 59 21 from
2133 2525 61 22 them
2209 2526 60 21 since
2283 2526 29 21 he
2327 2524 145 22 commenced

1887 2552 108 26 business,
2014 2552 44 22 and
2077 2553 28 21 he
2124 2560 84 14 assures
2224 2552 60 22 them
2301 2552 49 21 that
2365 2552 17 21 it
2400 2552 18 21 is
2436 2551 35 22 his

1887 2579 111 22 intention
2009 2583 23 18 to
2042 2580 104 21 continue
2156 2580 34 21 his
2205 2583 58 18 most
2278 2582 116 19 strenuous
2409 2585 52 15 exer
2467 2589 5 5 •

1888 2606 58 21 tions
1956 2610 23 17 to
1990 2606 66 21 merit
2064 2615 13 13 a
2088 2607 146 21 continuance
2245 2606 25 22 of
2277 2606 57 21 their
2343 2610 127 23 patronage.

1915 2633 26 21 C.
1950 2633 29 21 H.
1990 2633 62 21 takes
2068 2634 44 21 this
2132 2633 141 27 opportunity
2289 2633 24 21 of
2325 2632 81 26 stating
2423 2632 48 21 that

1887 2659 35 22 his
1932 2660 62 22 stock
2004 2660 94 22 consists
2107 2660 26 21 of
2145 2667 13 14 a
2166 2660 57 26 good
2233 2660 85 26 variety
2329 2660 25 21 of
2360 2658 111 28 superfine

1888 2686 77 28 cloths,
1978 2686 109 28 doeskins,
2104 2688 88 24 tweeds,
2208 2686 128 26 moleskins,
2346 2686 124 25 velveteen,

1887 2714 56 26 pilot
1958 2713 67 27 cloth,
2037 2714 38 21 &c.
2087 2714 48 26 &c,
2150 2714 45 21 and
2209 2714 34 21 his
2254 2714 93 26 charges
2359 2713 45 25 (for
2422 2714 50 19 cash

1888 2741 58 25 only)
1957 2740 125 22 moderate.

1890 2787 36 47 J
1973 2785 128 26 MILLER,
2131 2785 119 26 Plumber,
2275 2785 47 26 &c,
2348 2784 127 27 Mulgrave-

1931 2824 10 11 •
1986 2815 73 24 street,
2080 2815 55 18 next
2153 2812 53 21 door
2224 2816 22 17 to
2266 2812 40 21 Dr.
2322 2811 150 27 Fitzgerald's,

1888 2839 55 26 begs
1951 2841 24 19 to
1985 2839 71 21 thank
2065 2839 38 21 the
2112 2838 76 33 public
2197 2839 33 21 for
2239 2839 38 21 the
2293 2841 92 24 support
2395 2838 28 21 he
2433 2838 42 21 has

1887 2865 99 23 hitherto
1995 2866 102 22 received
2110 2873 24 14 in
2143 2865 35 22 his
2186 2866 106 25 business,
2303 2865 45 21 and
2358 2868 22 18 to
2392 2865 83 21 inform

1889 2892 62 23 them
1966 2893 50 21 that
2030 2892 28 22 he
2072 2893 41 21 has
2130 2899 29 15 on
2177 2891 60 23 hand
2253 2900 14 14 a
2282 2891 42 22 few
2344 2891 133 23 substantial

2074 2925 86 22 LEAD
2181 2925 106 26 PUMPS,

1943 2952 75 23 which
2026 2952 27 22 he
2063 2952 45 22 will
2122 2952 31 21 fix
2162 2959 30 14 on
2205 2951 129 22 reasonable
2345 2954 74 19 terms.

1918 2979 82 22 March
2012 2980 32 26 15,
2056 2980 54 21 1842

1891 3023 198 49 JSUTTON
2112 3023 19 21 is
2149 3029 50 15 now
2220 3022 108 28 prepared
2346 3025 22 19 to
2387 3023 86 27 supply,

1930 3062 11 10 •
1971 3050 125 26 wholesale,
2106 3050 37 21 the
2157 3050 119 26 profession
2287 3050 25 21 of
2320 3049 53 22 Port
2383 3049 92 23 Nichol-

1891 3085 47 19 son,
1948 3076 93 27 Nelson,
2058 3076 128 26 Auckland,
2202 3075 44 23 and
2265 3076 38 22 the
2322 3076 63 22 other
2400 3077 75 21 settle-

1891 3107 72 19 ments
1973 3104 27 21 of
2013 3104 54 21 New
2082 3103 105 26 Zealand,
2198 3102 52 23 with
2262 3102 74 28 drugs,
2348 3103 125 27 chemicals,

1891 3130 73 28 stop'd
1979 3130 86 27 bottles,
2082 3133 54 25 pots,
2154 3130 39 21 &c.
2209 3131 47 26 &c,
2272 3131 45 20 and
2334 3137 60 20 upon
2412 3137 62 14 more

1891 3158 163 25 advantageous
2063 3160 68 18 terms
2141 3156 54 22 than
2205 3157 36 21 the
2252 3156 91 28 Sydney
2353 3157 102 22 markets.

1918 3186 21 19 A
1947 3185 125 25 respectable
2080 3185 65 25 youth
2155 3185 80 20 wanted
2244 3191 22 14 as
2277 3191 27 14 an
2313 3185 133 25 Apprentice.

1892 3217 99 24 Medical
2000 3217 61 28 Hall,
2074 3217 140 28 Wellington,
2223 3217 59 22 June
2292 3219 34 25 10,
2338 3219 60 20 1842.

1893 3262 92 50 THE
2005 3262 154 23 PREMISES
2178 3262 68 27 lately
2261 3262 108 26 occupied
2386 3262 30 28 by
2433 3262 42 21 Dr.

1968 3288 93 28 Gilbert,
2073 3292 23 19 at
2106 3289 38 22 the
2155 3296 75 15 corner
2240 3289 26 22 of
2272 3288 150 23 Willis-street
2430 3288 47 22 and

1892 3316 37 23 the
1938 3316 80 26 beach,
2029 3316 45 22 will
2089 3316 29 22 be
2132 3315 84 29 shortly
2225 3315 87 29 opened
2326 3315 53 22 with
2388 3323 13 14 a
2413 3315 64 22 stock

1891 3344 26 21 of
1929 3343 95 27 genuine
2040 3342 66 28 drugs
2122 3343 44 22 and
2182 3342 107 23 chemical
2304 3342 58 22 from
2374 3342 101 28 Apothe-

1892 3371 70 21 caries
1972 3369 62 27 Hall,
2045 3370 103 21 London.

1918 3397 39 22 An
1976 3396 149 28 experienced
2141 3396 109 23 Assistant
2265 3394 96 28 wanted,
2377 3394 66 29 apply
2453 3398 23 19 to

1892 3423 22 23 J.
1926 3424 88 26 Sutton,
2026 3423 98 22 Medical
2134 3423 62 22 Hall.

1919 3450 60 23 June
1989 3452 34 26 10,
2034 3452 68 21 1842.J

2119 3496 53 21 For
2185 3495 68 24 Sale,

1893 3530 92 23 rriHE
2001 3529 144 24 COTTAGE
2159 3528 92 23 situated
2260 3528 24 21 in
2301 3526 99 23 Oriental
2416 3527 58 28 Bay,

1900 3551 30 30 JL
1967 3557 46 22 and
2027 3557 69 27 lately
2105 3556 104 27 occupied
2222 3555 30 27 by
2261 3554 38 21 the
2315 3553 160 28 undersigned.

1892 3584 43 23 For
1943 3584 87 22 further
2038 3583 135 29 particulars,
2185 3581 65 29 apply
2258 3584 24 18 to

2247 3612 97 22 George
2358 3612 89 23 Dupfa.

1919 3643 55 28 July
1984 3644 20 23 1,
2016 3644 60 21 1842.
2422 3642 3 5 '

1894 3690 92 50 THE
2010 3690 79 20 Nelson
2110 3686 114 21 Examiner
2246 3683 43 23 and
2310 3684 52 20 New
2384 3683 95 21 Zealand

1970 3717 108 20 Chronicle
2093 3711 124 29 (published
2226 3714 23 18 at
2258 3710 111 27 Nelsonj)>
2374 3709 21 23 is
2411 3718 66 21 regu-

1891 3745 58 27 larly
1967 3743 141 23 transmitted
2123 3744 23 17 to
2161 3737 143 28 Wellington,
2324 3736 45 23 and
2382 3744 52 21 may
2449 3738 28 22 b«

1892 3772 44 22 had
1946 3774 23 19 at
1978 3770 39 22 the
2027 3769 63 22 office
2099 3766 26 23 of
2135 3765 44 22 this
2186 3772 74 21 paper.
2307 3764 5 5 '

1919 3798 48 23 The
1978 3798 77 20 Nelson
2063 3794 115 23 Examiner
2193 3792 44 21 will
2246 3792 27 21 be
2283 3792 70 21 found
2362 3797 30 16 an
2402 3792 75 21 excel-

1891 3826 48 22 lent
1948 3824 98 23 medium
2055 3823 36 22 for
2100 3819 136 24 advertisers.

1918 3852 80 22 Terms
2007 3851 33 21 for
2049 3850 38 21 the
2097 3853 73 22 paper,
2180 3848 36 19 ten
2226 3844 100 27 shillings
2339 3851 39 21 per
2387 3847 90 25 quarter

1891 3878 94 27 payable
1993 3877 26 22 in
2028 3875 106 23 advance.

1885 3918 4 5 .
1921 3904 83 23 Orders
2025 3902 34 23 for
2078 3901 38 22 the
2138 3906 67 22 paper
2226 3899 46 22 and
2294 3899 187 22 advertisements-

1892 3929 105 26 received
2005 3932 23 21 at
2036 3929 39 24 th«
2084 3927 71 24 Office
2165 3926 26 23 of
2202 3925 44 24 this
2253 3932 83 21 pap«r.>

803 687 87 21 Town
910 686 177 22 Allotments.

651 723 161 49 MESSRS.
834 722 91 28 HORT,
942 722 158 26 MOCATTA,
1116 729 46 14 and
1182 722 51 26 CO.,

742 750 44 22 will
796 750 54 21 offer
867 750 34 21 for
910 750 45 21 sale
964 749 31 27 by
1004 748 75 28 public
1096 749 95 26 auction,
1207 755 28 14 on

650 777 118 27 Thursday
777 781 60 23 next,
850 777 53 27 July
913 778 19 24 7,
944 777 60 25 1842,
1021 778 22 19 at
1059 775 80 22 Cook's
1155 776 77 26 Stores,

851 804 188 26 Lambton-quay,

650 837 211 22 ALLOTMENTS
883 837 35 21 IN
933 835 64 23 THE
1014 835 167 22 TOWNSHIP
1196 835 38 22 OF

861 864 38 22 TE
915 863 113 22 MAIRE.

650 891 45 22 For
712 890 138 29 particulars,
868 898 35 14 see
918 891 52 19 New
989 889 93 20 Zealand
1101 890 84 20 Gazette
1203 889 33 21 for

814 917 69 26 April,
896 917 62 26 May,
971 923 25 15 or
1005 916 67 22 June.

861 950 73 14 AFTER
948 950 84 19 WHICH,

650 971 35 27 By
695 971 64 21 order
769 971 26 21 of
807 971 37 21 the
859 970 111 26 Trustees,
981 969 94 22 without
1088 976 95 21 reserve,
1200 969 35 22 the

725 1004 106 22 LARGE
847 1003 138 22 WOODEN
1005 1003 158 22 BUILDING

649 1031 68 27 lately
727 1031 107 27 occupied
845 1038 22 14 as
876 1038 14 14 a
905 1033 57 19 store
975 1031 30 27 by
1021 1030 89 22 Messrs.
1122 1030 25 22 T.
1160 1031 43 22 and
1212 1031 23 21 S.

909 1058 69 21 Cook.

651 1085 78 21 Terms
747 1084 86 27 liberal,
849 1084 65 22 made
933 1084 81 22 known
1033 1087 23 18 at
1075 1084 52 22 time
1148 1084 25 22 of
1184 1084 51 22 sale.

806 1119 74 14 LUNCH
897 1119 28 14 AT
941 1112 25 21 12
981 1111 102 22 O'CLOCK.

680 1138 54 27 July
744 1140 19 25 1,
775 1140 61 20 1842.

654 1183 92 49 MR.
758 1183 84 21 JOHN
859 1182 92 22 WADE
961 1182 39 22 has
1016 1183 37 21 the
1068 1183 86 21 honour
1167 1186 21 18 to
1198 1190 40 14 an-

730 1217 94 20 nounce,
838 1209 46 22 that
894 1209 28 22 he
932 1209 41 22 has
988 1209 102 22 received
1100 1210 137 21 instructions

653 1237 57 21 from
725 1237 35 21 W.
776 1237 26 21 B.
821 1237 97 26 Rhodes,
937 1236 59 27 Esq.,
1016 1239 22 18 to
1058 1236 41 22 sell
1116 1237 29 26 by
1164 1237 74 26 pnblic

654 1264 97 26 auction,
763 1268 23 17 at
795 1263 35 22 his
842 1268 75 22 stores,
929 1263 31 22 Te
970 1264 52 25 Aro,
1030 1270 29 14 on
1071 1263 100 27 Monday
1177 1267 59 22 next,

655 1291 38 21 the
704 1291 50 21 11th
765 1290 61 27 July,
840 1292 58 25 1842,
910 1294 24 18 at
948 1293 10 19 1
970 1289 84 23 o'clock
1065 1289 118 28 precisely:
1186 1301 26 4 —

682 1317 48 22 The
741 1317 69 22 whole
822 1317 26 21 of
859 1317 36 22 the
906 1317 63 21 stock
979 1324 38 19 per
1025 1317 98 24 Eleanor,
1132 1316 108 27 imported

656 1345 72 21 direct
737 1345 56 21 from
804 1344 38 22 the
857 1344 56 22 herd
929 1345 25 19 of
965 1343 36 22 the
1017 1344 122 28 proprietor
1157 1344 43 27 (W.
1214 1344 24 21 B.

656 1371 99 27 Rhodes,
766 1371 70 27 Esq.,)
844 1371 23 21 in
875 1370 111 22 excellent
993 1371 120 27 condition,
1122 1371 118 26 consisting

656 1399 51 21 of—

683 1427 27 20 28
720 1425 62 28 quiet
790 1424 69 22 milch
869 1431 57 15 cows
936 1423 22 22 in
969 1423 48 27 calf,

697 1454 13 19 9
720 1451 100 23 bullocks
830 1451 25 22 fit
863 1451 35 21 for
907 1450 56 29 yoke
975 1458 23 14 or
1009 1451 99 27 butcher,

685 1481 26 19 12
721 1483 68 17 steers
800 1478 45 22 and
854 1478 82 22 heifers
947 1478 66 22 about
1022 1482 43 18 two
1075 1485 64 20 years
1149 1479 42 21 old.

810 1512 61 26 Also,
883 1513 37 20 Ex
930 1513 59 19 Lord
997 1513 92 20 Hobart.

684 1548 40 21 130
734 1547 69 26 prime
814 1554 75 20 young
899 1546 73 28 sheep,
985 1546 36 22 the
1031 1549 87 25 greater
1127 1550 49 24 part
1186 1554 55 15 ewes

657 1574 23 21 in
688 1574 68 21 lamb.

683 1601 48 21 The
741 1601 70 21 above
821 1600 60 22 stock
892 1607 37 14 are
939 1600 30 21 all
979 1601 24 20 of
1010 1600 38 21 the
1054 1601 48 21 best
1111 1600 75 25 breed;
1197 1600 43 22 and

656 1628 57 21 have
727 1628 57 21 been
802 1627 109 27 imported
927 1627 52 21 with
995 1630 61 24 great
1071 1635 56 19 care,
1144 1627 45 21 and
1204 1634 36 15 are

655 1662 51 15 now
716 1655 23 20 in
754 1654 110 21 excellent
879 1653 122 28 condition,
1011 1654 83 27 having
1111 1654 129 27 completely

656 1682 119 21 recovered
786 1681 36 21 the
834 1681 74 21 effects
918 1681 25 21 of
955 1681 37 21 the
1002 1689 92 19 voyage.
1123 1681 47 22 The
1180 1682 60 20 Auc-

656 1710 85 20 tioneer
749 1708 142 27 respectfully
898 1708 39 21 but
947 1708 135 27 confidently
1089 1708 151 21 recommends

657 1736 61 21 them
728 1739 22 18 to
759 1735 74 28 public
843 1735 115 21 attention.

684 1770 105 21 Terms—
793 1769 76 21 Under
886 1769 53 25 £20,
962 1769 62 27 cash;
1048 1769 70 21 above
1136 1769 46 22 £20
1198 1769 42 22 and

655 1796 73 22 under
738 1796 53 27 £40,
805 1799 9 19 1
826 1795 44 22 and
880 1797 13 20 2
904 1796 98 26 months;
1018 1797 45 20 and
1076 1795 69 22 above
1156 1796 52 27 £60,
1220 1798 18 24 1,

656 1825 20 24 2,
688 1823 43 21 and
741 1825 13 19 3
763 1823 97 22 months'
871 1823 77 26 credit,
964 1830 27 14 on
1006 1823 112 26 approved
1134 1823 105 21 endorsed

657 1854 150 23 acceptances.

815 1895 108 26 Baking
938 1895 149 26 Company.
1253 1896 4 16 t'

658 1929 183 50 NOTICE.—
843 1931 21 20 A
880 1929 102 26 Meeting
997 1929 25 21 of
1034 1929 37 21 the
1088 1928 154 22 Shareholders
1255 1918 2 40 |

728 1956 26 21 of
765 1956 37 21 the
809 1957 69 20 above
890 1957 113 25 Company
1011 1955 45 22 will
1064 1955 28 21 be
1102 1955 53 21 held
1165 1959 23 17 at
1197 1956 43 21 Mr.
1256 1962 1 12 i

658 1983 109 22 Jenkins',
779 1983 36 20 the
824 1983 54 21 New
894 1982 129 24 Zralander,
1036 1990 27 13 on
1074 1982 96 25 Monday
1181 1985 58 19 npvf.
1250 1987 7 21 -\

658 2009 37 21 the
706 2008 50 22 11th
767 2009 66 26 June,
844 2013 23 17 at
876 2009 14 21 7
906 2009 91 26 o'clock,
1009 2008 64 22 when
1087 2008 28 21 all
1130 2004 127 28 Member's^

658 2043 37 14 are
702 2036 118 27 requested
830 2039 22 17 to
862 2035 85 23 attend.

952 2062 62 22 John
1025 2062 81 26 Wade,
1118 2062 124 21 Treasurer.

898 2107 107 24 Notice,

660 2134 67 48 TO
743 2133 129 22 OWNERS
889 2133 38 22 OF
948 2133 63 22 THE
1031 2132 92 22 TOWN
1146 2132 95 22 HERD.

725 2159 58 22 That
800 2160 75 22 unless
893 2160 37 22 the
952 2161 71 21 Cattle
1045 2160 143 27 depasturing
1205 2159 37 21 the

659 2187 96 21 sections
770 2187 55 21 Nos.
843 2189 18 24 1,
873 2189 20 24 2,
905 2189 20 24 3,
937 2187 44 21 and
989 2189 20 24 4,
1022 2187 94 21 Evans's
1132 2186 53 27 Bay,
1197 2187 45 20 and

659 2214 109 27 supposed
779 2218 21 16 to
819 2215 81 24 belong
915 2218 22 16 to
955 2214 36 21 the
1007 2218 57 17 town
1082 2213 62 27 herd,
1156 2220 35 14 are
1208 2220 34 14 re-

659 2241 81 21 moved
750 2241 75 21 before
841 2241 141 26 Wednesday
998 2244 61 23 next,
1072 2239 64 28 (July
1149 2241 29 26 6,)
1189 2240 53 27 they

659 2267 44 22 will
713 2268 28 21 be
750 2267 124 28 proceeded
885 2267 87 27 against
980 2267 23 22 in
1014 2268 73 21 Court.

1071 2294 37 22 W.
1123 2293 91 23 Hulke.

687 2321 150 27 Cowpastures
848 2322 73 26 Farm,
933 2321 94 22 Evans's
1038 2321 54 27 Bay.

834 2366 106 21 Heifers
955 2366 29 21 in
999 2366 67 21 Calf.

659 2400 89 49 FOR
763 2399 84 27 SALE,
859 2400 68 21 about
942 2401 27 20 50
979 2400 99 27 superior
1086 2399 58 21 bred
1155 2399 86 27 heifers,

718 2430 59 18 most
793 2427 26 21 of
829 2427 61 21 them
906 2427 73 26 heavy
992 2427 22 21 in
1033 2426 50 26 calf,
1101 2427 45 21 and
1160 2426 83 27 having

659 2454 57 22 been
735 2461 61 15 some
814 2454 52 22 time
881 2453 22 22 in
918 2453 38 22 the
976 2453 90 28 Colony,
1084 2456 40 19 not
1138 2453 65 22 liable
1221 2457 21 17 to

659 2481 66 22 suffer
735 2481 56 22 from
801 2481 37 21 the
849 2480 74 22 effects
934 2481 25 21 of
970 2480 37 22 the
1024 2480 61 22 Toot.
1115 2479 47 23 The
1175 2481 67 21 above

659 2509 66 21 cattle
742 2515 42 15 can
800 2508 27 21 be
844 2507 100 28 strongly
956 2507 180 26 recommended,
1155 2514 22 14 as
1191 2507 52 27 they

659 2535 58 22 have
733 2535 56 22 been
807 2534 96 22 selected
918 2534 58 22 from
991 2535 37 21 the
1045 2541 119 15 numerous
1179 2534 64 22 cattle

659 2562 59 28 ships
727 2561 73 23 which
810 2561 55 22 have
883 2561 87 22 arrived
984 2561 59 22 here.
1074 2561 75 28 Apply
1163 2565 21 17 to
1198 2561 44 22 Mr.

660 2589 96 27 Revans,
772 2590 84 20 Gazette
866 2589 69 26 office,
949 2596 24 14 or
981 2591 22 19 to
1015 2588 44 22 Mr.
1071 2588 84 27 Hulke,
1164 2589 79 21 Evans'

659 2617 56 26 Bay.

687 2644 62 26 Also,
760 2643 62 22 three
832 2642 115 23 well-bred
957 2650 72 14 mares
1035 2643 24 21 in
1069 2642 52 27 foal,
1134 2646 21 18 to
1165 2643 78 27 impor-

659 2671 37 21 ted
706 2671 82 21 horses.

809 2716 43 20 Ex

659 2749 202 50 BLANKETS,

737 2776 63 22 Dark
810 2776 85 27 ground
904 2775 78 29 prints,

688 2803 106 26 Calicoes,
805 2803 66 22 white
882 2802 45 23 and
935 2810 61 20 grey,

687 2830 92 22 Printed
788 2831 85 20 merino
883 2830 91 26 dresses,

688 2857 90 22 Fustian
789 2861 60 18 coats
859 2857 44 21 and
913 2860 101 23 trousers,

689 2883 81 22 Mould
780 2883 90 22 candles
882 2883 86 27 (good),

687 2910 74 21 Tacks
771 2910 24 20 of
802 2910 61 27 sizes,
874 2910 49 21 iron
931 2909 45 22 and
982 2909 40 27 tin,

689 2937 64 21 Land
763 2937 45 21 and
817 2937 53 21 boat
878 2936 63 26 nails,

690 2963 56 22 Shoe
756 2963 64 26 nails,

690 2991 101 26 Oranges
799 2990 23 21 in
834 2989 64 22 small
909 2989 66 22 cedar
982 2989 79 27 chests,

690 3018 21 20 A
721 3017 42 22 few
772 3017 89 21 bushels
871 3017 105 21 Derwent
987 3016 52 22 seed
1049 3016 78 22 wheat.

690 3045 84 26 Copper
783 3043 53 22 boat
843 3043 56 22 nails
910 3044 44 21 and
963 3050 82 21 reeves,

689 3070 77 22 Dutch
776 3070 85 27 cheese,

690 3097 143 28 Champagne
842 3098 24 21 in
876 3097 71 22 dozen
958 3104 67 19 cases,

690 3124 103 21 Woollen
803 3124 72 27 shirts,

690 3151 96 22 Flannel
795 3151 102 22 drawers.

945 3177 106 22 Johnson
1068 3177 43 22 and
1126 3177 93 22 Moore.

691 3205 53 27 July
754 3206 18 25 1,
784 3205 61 22 1842.

665 3249 88 35 T^OR
767 3249 84 27 SALE,
862 3250 31 26 by
902 3248 38 22 the
950 3249 149 27 undersigned
1099 3260 28 4 —

692 3302 103 28 Superior
803 3305 50 25 port
863 3303 45 22 and
918 3302 76 28 sherry
1003 3303 25 22 in
1038 3310 68 20 cases,

692 3329 144 27 Champagne
845 3330 23 21 in
879 3330 63 26 ditto,

692 3356 91 27 Brandy
792 3358 24 19 in
826 3359 89 25 quarter
925 3356 69 28 casks,

692 3383 45 22 Gin
746 3383 24 21 in
781 3382 64 23 hhds.
1256 3380 2 27 j

988 3410 27 22 T.
1028 3410 33 22 M.
1075 3410 143 22 Partridge.
1256 3408 2 16 (

665 3436 79 23 March
754 3437 34 26 25,
800 3438 60 20 1842.

840 3482 43 20 Ex

665 3515 90 49 FOR
768 3515 85 27 SALE,
864 3514 30 28 by
904 3513 37 22 the
951 3514 155 27 undersigned,
1118 3514 37 23 the
1165 3515 82 22 follow-

735 3542 40 27 ing
783 3542 73 27 cattle,
868 3540 97 23 selected
973 3541 58 22 from
1040 3542 36 21 the
1088 3541 56 22 herd
1153 3542 24 21 of
1185 3542 61 27 Capt.

664 3568 97 27 Rhodes,
781 3573 24 18 at
821 3568 102 27 Broulee,
942 3568 54 22 New
1016 3568 70 22 South
1102 3568 80 28 Wales,
1202 3568 45 23 and

663 3596 83 23 landed
751 3590 57 36 jiere
817 3595 24 22 in
850 3596 72 26 prime
929 3595 121 27 condition,

689 3626 28 20 28
726 3631 57 14 cows
791 3623 25 22 in
826 3622 50 28 calf,

690 3653 14 20 9
712 3650 109 27 bullocks,

690 3678 26 22 13
727 3681 68 18 steers
805 3677 44 22 and
863 3676 89 28 heifers,
964 3676 102 28 eighteen
1075 3675 90 22 months
1174 3676 43 22 old.

925 3711 63 20 ALSO,

690 3732 40 21 150
740 3736 58 17 ewes
807 3730 43 23 and
859 3730 101 28 wethers,
971 3737 28 16 ex
1007 3730 61 21 Lord
1074 3730 91 21 Hobart.

922 3765 35 22 W.
972 3765 26 22 B.
1014 3765 97 22 Rhodes
1126 3763 43 23 and
1180 3764 38 22 Co.

690 3792 60 22 June
760 3793 33 26 28,
808 3793 60 20 1842.

890 3837 42 20 On
951 3836 69 24 Sale,

663 3871 92 50 THE
770 3870 75 22 BEST
859 3868 76 23 CASE
951 3867 65 28 GIN,
1031 3867 24 22 in
1065 3873 61 15 cases
1139 3866 45 23 and
1191 3866 61 36 Jistf

738 3905 69 15 cases.
1134 3892 82 35 —JT''

976 3921 83 23 Waitt
1074 3919 46 23 and
1130 3919 86 29 <$fysß;

688 3952 60 23 June
757 3952 34 27 24,
802 3951 61 22 1842.
1207 3964 14 8 ..
1230 3960 22 17 «

236 696 54 20 For
304 692 113 23 Nelson,

51 732 60 21 With
120 731 116 20 immediate
247 727 105 26 despatch,
365 725 42 20 and
416 726 20 19 to
447 725 74 19 return
530 723 73 24 direct,

92 768 55 20 **&?
206 760 92 25 nnHE
313 760 43 21 fine
368 759 43 21 fast
424 757 80 27 sailing
513 756 106 23 schooner

214 779 29 32 X
280 788 63 25 Kate,
360 786 29 21 G.
401 785 25 22 E.
443 785 63 22 Read
523 787 82 18 master
612 791 5 18 ;

66 807 129 39 Ke9s|fcr
206 824 2 7 '
218 816 41 21 has
269 814 77 26 nearly
354 812 30 22 all
393 812 39 22 her
438 819 66 19 cargo
511 809 106 28 engaged.

56 836 141 39 JAJKjF-
222 842 42 23 For
273 841 83 27 freight
366 847 25 14 or
406 846 98 21 passage,
516 837 66 28 apply
596 840 23 18 to

262 879 78 26 Hort,
356 878 122 26 Mocatta,
495 875 46 23 and
555 875 36 23 Co.

62 916 59 21 June
134 917 32 24 24,
179 915 61 21 1842.

80 962 53 20 For
146 960 106 20 Nelson
267 957 54 22 and
337 957 68 20 New
419 954 155 27 Plymouth.

37 997 29 19 To
76 995 24 21 be
109 994 122 27 despatched
241 993 42 25 for
293 992 34 19 the
337 991 61 20 above
407 991 62 24 ports
483 987 137 24 immediately

170 1028 26 13 on
205 1022 38 18 her
253 1021 73 18 return
329 1018 63 25 from
400 1018 86 22 Nelson,

74 1053 71 33 •^KjgT
200 1055 115 31 rpHAT
325 1054 45 21 fine
376 1054 44 21 fast
425 1053 79 26 sailing
515 1051 106 22 schooner

66 1075 111 37 XESr^v
207 1075 30 30 J-
274 1082 119 24 Elizabeth,
405 1082 26 19 60
447 1082 55 23 tons,
516 1079 22 21 J.
550 1077 69 22 Smith

62 1102 129 38 AjpfSsig'
212 1112 90 24 master,
320 1108 40 22 has
374 1106 104 29 splendid
497 1112 124 15 accommo-

215 1136 75 22 dation
327 1136 36 21 for
400 1140 135 20 passengers.
579 1132 43 21 For

40 1155 158 38 igjg^frglJjl
214 1164 83 26 freight
307 1170 25 14 or
341 1168 99 22 passage,
452 1159 65 28 apply
527 1162 22 18 to

171 1199 125 26 Wallace,
308 1197 92 25 White,
414 1194 43 22 and
471 1193 122 22 Wallace.

65 1228 58 21 June
136 1228 32 25 11,
180 1227 61 21 1842.

36 1280 53 21 For
100 1278 115 25 Sydney,
226 1275 45 21 via
284 1273 146 22 Auckland
445 1272 54 21 and
513 1271 45 20 the
568 1270 57 26 Bay

252 1302 30 20 of
294 1301 118 21 Islands.

47 1333 97 32 y^<%^\
198 1334 99 26 nnHE,
319 1334 62 23 Al,
403 1332 110 22 schooner
538 1331 87 20 Thomas

73 1354 94 39 #psKL
205 1354 29 29 JL
269 1361 66 26 Crisp,
343 1360 39 21 175
393 1362 56 23 tons,
457 1358 44 22 will
511 1357 115 28 positively

209 1388 40 22 sail
255 1391 129 18 to-morrow
388 1386 33 21 for
426 1387 37 20 the
468 1386 70 21 above
545 1385 81 21 named

40 1407 151 39 SffPffyfa
209 1416 82 26 P^ces.
320 1414 44 21 For
384 1413 81 27 freight
483 1420 23 14 or
527 1419 97 20 passage,

39 1435 152 39 &gjjjjj&*jSg
210 1442 67 27 apply
287 1446 22 17 to
315 1442 62 26 Capt.
389 1440 79 27 Beard,
476 1447 22 14 or
504 1442 23 19 to
535 1439 90 22 Messrs.

211 1469 53 26 Hay
276 1468 42 22 and
330 1467 129 22 Machattie.

153 1515 53 21 For
220 1514 113 26 Freight
347 1519 31 14 or
393 1513 119 23 Charter,

194 1548 114 23 rr^HAT
317 1548 44 21 fine
378 1547 41 21 fast
429 1546 81 26 sailing
520 1546 107 21 schooner

74 1568 94 38 jfe^pi-
201 1568 30 29 JL
262 1575 37 21 the
317 1576 73 24 Ocean,
407 1574 76 21 James
504 1573 121 27 Ferguson,

161 1595 31 44 jj^
207 1605 90 19 master.
326 1602 75 26 Apply
411 1604 22 18 to

41 1628 152 38 asPlsSisis
208 1639 125 26 Wallace,
344 1639 92 26 White,
448 1637 44 22 and
501 1637 123 21 Wallace.

41 1657 152 37 j^jggg^
250 1667 54 26 July
318 1668 19 24 C,
350 1667 60 20 1842.

252 1710 163 28 Wanganui.

42 1745 160 50 MESSRS.
220 1745 22 22 J.
259 1745 44 21 and
318 1745 29 21 A.
365 1743 205 26 ALEXANDER,
583 1743 44 26 beg

120 1776 20 18 to
151 1780 117 14 announce
284 1771 48 22 that
347 1771 53 26 they
408 1771 58 21 have
483 1770 143 22 commenced

41 1801 99 20 business
151 1806 23 14 as
184 1799 90 27 general
287 1798 117 22 wholesale
421 1797 43 22 and
480 1797 64 21 retail
560 1800 66 18 store-

40 1827 98 28 keepers,
149 1826 23 21 in
182 1827 59 21 their
251 1833 49 14 new
309 1829 58 18 store
378 1828 23 18 at
412 1824 130 27 Wanganui,
554 1824 72 21 where

41 1861 66 20 every
118 1853 130 27 description
260 1853 25 21 of
296 1852 70 27 goods
382 1851 42 22 will
436 1851 27 22 be
474 1851 69 22 found
553 1851 24 21 of
589 1858 37 19 ap-

40 1880 83 28 proved
133 1880 90 27 quality,
236 1883 22 18 at
267 1879 114 22 moderate
390 1879 78 27 prices.

69 1907 132 27 Wanganui,
215 1907 59 21 June
285 1908 34 20 20.

40 1952 149 47 WANTS
200 1959 14 14 a
226 1949 170 23 SITUATION
408 1957 26 14 as
445 1949 180 26 GARDENER,

136 1986 13 13 a
158 1978 97 21 married
265 1984 58 17 man,
334 1976 67 26 thirty
411 1983 65 19 years
487 1976 26 20 of
520 1983 46 18 age,
578 1976 48 20 who

40 2004 107 26 perfectly
174 2000 149 24 understands
351 2002 36 21 the
415 2005 158 23 management
605 2003 24 20 of

41 2030 87 27 forcing
135 2037 4 19 ;
156 2029 45 22 also
217 2030 38 20 the
270 2029 76 21 flower
361 2029 43 20 and
420 2029 92 20 kitchen
528 2029 83 26 garden
620 2037 5 18 ;

41 2064 42 15 can
94 2056 95 28 produce
200 2063 14 14 a
224 2056 59 27 good
298 2055 113 22 character
421 2055 57 21 from
488 2062 13 14 a
510 2055 118 21 nobleman

43 2084 52 21 with
111 2083 71 22 whom
201 2082 29 22 he
248 2082 41 21 has
307 2082 60 21 lived
384 2082 32 21 six
434 2089 72 20 years.
535 2082 93 21 Further

41 2110 129 28 paiticulars
180 2113 25 18 at
214 2110 38 21 the
262 2109 63 22 office
335 2109 26 20 of
368 2109 41 20 this
418 2116 74 20 paper.

71 2144 53 26 July
133 2145 20 25 5,
165 2145 62 21 1842.

213 2189 77 20 Land
304 2187 29 21 in
348 2187 106 21 Karori.

44 2215 178 50 WANTED
254 2215 40 21 TO
324 2214 170 26 PURCHASE,
525 2214 52 22 land
603 2215 25 21 in

141 2243 81 21 Karori
232 2241 92 22 district.
354 2241 73 28 Apply
438 2244 21 18 to

440 2267 64 22 John
520 2267 79 22 Wade.

70 2296 31 22 Te
112 2297 53 25 Aro,
180 2296 61 22 June
252 2296 19 27 1,
283 2296 61 21 1842.

170 2340 134 26 Building
324 2340 177 20 Allotments.

44 2374 88 49 FOR
154 2374 86 27 SALE,
264 2373 102 26 building
391 2372 132 27 allotments,
548 2372 80 27 having

116 2402 113 26 frontages
239 2408 29 14 on
280 2401 73 21 Willis
362 2399 42 23 and
417 2400 109 21 Ghuznee
537 2400 89 25 Streets,

43 2431 42 20 two
102 2429 25 21 of
138 2428 36 22 the
189 2427 109 28 principal
314 2430 77 19 streets
406 2427 25 21 of
442 2427 37 21 the
490 2430 64 18 town.
584 2427 44 21 For

41 2456 63 27 plans
114 2455 44 22 and
168 2454 138 29 particulars,
317 2455 66 26 apply
393 2457 21 19 to

449 2481 29 21 A.
494 2481 105 21 Ludlam.

238 2516 75 14 TERMS
328 2515 106 15 LIBERAL.

70 2536 145 26 Wellington,
228 2535 58 22 June
297 2537 33 24 28,
343 2536 59 20 1842.

45 2581 170 26 Wellington
236 2580 54 21 and
309 2580 155 26 Wanganui
466 2590 26 4 —
494 2580 88 20 Lands
597 2582 29 18 to

283 2608 33 19 be
331 2608 58 19 Let.

45 2641 120 33 rpOWN
189 2640 211 22 ALLOTMENTS
424 2640 24 22 in
471 2639 30 22 all
524 2644 58 24 parts
607 2640 24 22 of

62 2662 9 25 I
119 2668 136 27 Wellington
273 2667 45 22 and
327 2667 131 27 Wanganui,
471 2667 45 21 and
532 2668 97 27 Country

45 2695 95 22 Sections
154 2695 24 22 in
195 2695 54 21 both
266 2695 102 26 districts,
386 2698 21 17 to
423 2695 26 21 be
464 2694 31 22 let
504 2702 29 14 on
550 2694 77 22 leases.

45 2723 44 21 For
97 2722 62 27 plans
169 2722 46 22 and
224 2722 139 28 particutars,
375 2721 64 28 apply
449 2724 22 18 to

376 2756 86 21 Henry
478 2756 36 21 St.
531 2755 69 22 Hill.

72 2782 54 27 July
135 2784 19 24 1,
166 2782 60 21 1842.

45 2827 64 26 Ship
124 2826 83 22 Hotel
222 2827 21 19 &
258 2827 115 23 Tavern,
387 2827 131 19 Manners
534 2827 94 23 Street,

193 2859 41 22 BY
249 2858 85 22 JOHN
351 2858 129 27 FULLER,

46 2902 79 19 WINES,
137 2901 96 19 SPIRITS,
244 2900 46 14 AND
300 2899 63 14 MALT
374 2899 95 17 LIQUORS
480 2899 28 15 OF
518 2900 111 14 SUPERIOR

284 2926 106 16 QUALITY.

118 2953 156 24 Commodious
284 2959 74 16 rooms
368 2952 51 23 with
429 2952 56 27 good
495 2952 61 23 beds.

71 2990 92 21 Dinners
180 2990 38 25 got
238 2988 64 25 ready
321 2993 27 14 on
369 2988 34 19 the
416 2988 92 20 shortest
528 2989 73 20 notice.

125 3031 31 14 AN
167 3029 120 15 ORDINARY
297 3028 71 15 DAILY
378 3029 27 14 AT
421 3023 10 20 1
447 3021 101 22 O'CLOCK.

281 3067 39 20 To
336 3067 57 25 Let,

45 3106 50 48 A
123 3099 257 26 SUBSTANTIALLY
402 3100 95 22 BUILT
520 3100 109 27 HOUSE,

110 3129 123 26 consisting
249 3128 26 21 of
290 3126 52 22 four
356 3133 80 21 rooms,
448 3127 52 22 with
516 3135 13 14 a
546 3128 53 21 roof
610 3128 25 21 of

45 3158 52 21 Van
116 3156 116 23 Dieman's
256 3153 67 24 Land
347 3153 105 28 shingles,
472 3154 44 21 and
535 3161 13 14 a
569 3154 63 22 brick

45 3184 109 28 chimney,
166 3182 103 28 together
283 3180 53 22 with
351 3182 78 26 nearly
438 3188 41 15 one
490 3188 50 15 acre
549 3181 26 22 of
585 3181 47 22 cul-

45 3212 85 21 tivated
139 3210 44 22 and
193 3208 49 23 well
251 3207 82 23 fenced
341 3206 60 23 land.

71 3238 47 22 The
128 3238 70 22 house
208 3237 19 21 is
236 3234 124 29 pleasantly
370 3234 94 22 situated
470 3234 25 21 in
503 3242 13 14 a
523 3234 110 23 sheltered

44 3268 54 25 spot,
107 3265 24 22 in
140 3262 225 28 Majoribank-street

72 3293 42 21 For
128 3290 140 29 particulars,
280 3288 67 28 apply
363 3291 21 18 to
401 3287 51 23 Mr.
463 3288 107 28 Brewer,
582 3288 49 23 Mr.

45 3319 71 27 Park,
128 3326 24 14 or
162 3319 51 21 Mr.
224 3317 96 22 Robert
332 3315 120 22 Langdon.

46 3365 39 21 To
100 3364 164 21 Gentlemen
278 3360 147 27 intending
438 3361 29 19 to
483 3361 75 19 enter
572 3359 59 21 into

73 3392 44 20 the
144 3389 146 28 profitable
319 3388 109 26 pursuit
457 3386 30 21 of
513 3386 121 27 Grazing

73 3419 54 20 and
147 3417 138 25 Breeding
304 3415 92 24 Stock,
418 3413 43 21 for
480 3413 88 21 which
589 3414 43 20 the

73 3444 87 22 fertile
179 3444 111 20 Islands
313 3441 31 21 of
361 3441 68 21 New
447 3440 121 22 Zealand
587 3446 44 15 are

71 3477 32 16 so
117 3470 152 28 peculiarly
283 3469 127 26 adapted.

46 3506 91 50 THE
148 3503 154 27 undersigned
310 3504 44 26 beg
363 3506 22 19 to
393 3502 83 23 inform
487 3501 57 22 their
548 3502 85 22 friends

117 3532 45 22 and
178 3531 39 22 the
231 3530 76 24 public
323 3530 121 28 generally,
460 3527 49 24 that
526 3528 51 28 they
588 3529 45 22 will

46 3562 100 22 contract
170 3558 36 22 for
224 3557 38 22 the
287 3557 99 28 delivery
412 3556 25 23 of
458 3556 37 22 the
520 3556 114 27 following

46 3586 134 28 description
194 3585 25 21 of
226 3584 74 27 Stock,
308 3584 25 22 in
341 3591 43 21 any
394 3584 55 22 Port
458 3583 25 22 of
496 3582 38 23 the
544 3583 89 22 Islands

45 3614 27 22 of
78 3613 55 22 New
143 3611 102 23 Zfealand
252 3618 5 14 :
259 3622 29 4 —

72 3639 96 25 Horned
184 3637 68 23 cattle
269 3637 124 28 (improved
405 3636 91 28 breeds)
513 3636 25 23 of
549 3636 30 23 all
595 3636 38 22 de-

45 3667 123 31 scriptions,

73 3695 91 25 Horses,
186 3692 59 22 from
266 3690 38 22 the
326 3690 51 23 best
394 3690 95 28 English
509 3690 122 26 and^Arab

44 3721 69 27 studs,
129 3718 95 24 suitable
240 3717 35 22 for
293 3717 91 28 racing,'
393 3718 84 28 saddle,
488 3725 26 14 or
524 3717 92 23 harness
624 3725 6 20 ;

45 3748 45 23 and
97 3747 108 26 breeding
215 3751 80 20 mares,

73 3774 55 24 Pure
139 3774 76 22 Saxon
226 3771 45 23 and
280 3770 87 23 merino
377 3778 63 20 ewes,

71 3799 122 25 Half-bred
209 3798 113 23 Leicester
337 3798 44 21 and
396 3798 87 21 merino
502 3805 63 19 ewes,
581 3805 51 21 par-

43 3828 103 27 ticularly
155 3825 98 29 adapted
266 3824 36 23 for
309 3824 45 23 this
364 3827 100 25 country,
475 3831 24 16 as
509 3824 53 29 they
567 3825 64 22 unite

44 3855 81 27 weight
133 3854 28 22 of
167 3860 87 16 carcass
264 3851 54 23 with
327 3850 97 23 fineness
433 3851 26 22 of
466 3851 64 22 wool.

70 3881 48 23 The
140 3875 154 32 undersigned
315 3885 43 15 can
385 3878 166 22 accommodate
578 3885 53 21 pur-

45 3908 87 23 chasers
146 3908 27 22 of
186 3906 59 23 their
254 3904 76 24 Stock'
339 3904 54 23 with
409 3905 116 22 extensive
537 3905 94 27 grazing

43 3939 61 24 runs;
252 3932 66 24 mHefc
327 3932 26 22 of
358 3930 114 24 thfePor't.

304 3963 36 23 W.
355 3964 26 22 B.
396 3963 94 24 Rhodes
504 3962 44 24 and
562 3963 39 23 Co.
