3416 4464
346 451 2989 38 THE

346 489 1196 56 OXFORD
1741 489 1594 56 OBSERVER

346 545 1494 56 CIRCULATING
1976 545 1359 56 THROUGHOUT

346 601 934 56 NORTH
1467 601 1868 56 CANTERBURY

1673 694 220 31 Established
1933 700 88 25 1889.

74 858 148 31 Volumn
252 860 57 31 IX.
353 860 101 31 NEW
480 861 153 31 SERIES.

1190 864 109 30 EAST
1344 865 184 37 OXFORD,
1573 867 244 41 SATURDAY,
1861 872 111 31 JULY
2015 877 18 29 9
2089 879 90 29 1898.

2952 893 229 32 Pwcb-^ONE
3204 894 149 31 PENNY.

2499 1026 210 63 JOHN
2764 1034 84 76 JH.
2912 1035 293 70 eQOKE,

2496 1125 116 48 THE
2646 1129 271 53 PEOPLE'S
2946 1135 265 57 CHEMST,

2409 1220 117 35 178
2542 1224 6 41 1
2590 1225 229 37 Cashel
2865 1232 226 45 Street,
3158 1237 133 33 ISO.

2635 1302 165 41 )Opposile
2814 1305 51 31 the
2880 1307 38 30 A.
2942 1307 43 40 I.)
3015 1331 2 2 .
3149 1322 40 18 -.•,

2452 1365 187 45 OHR
2656 1371 30 41 1
2702 1373 40 40 S
2759 1373 45 41 T
2820 1375 45 40 O
2880 1376 126 47 HTT
3095 1379 141 42 Oil.
3257 1390 28 5 -

2382 1529 104 32 Allow
2507 1543 48 20 me
2578 1539 33 25 to
2632 1537 116 31 submit
2768 1542 33 26 to
2815 1550 80 30 your
2909 1544 225 31 consideration
3151 1546 54 30 the
3220 1547 162 41 following

2300 1578 202 41 Specialities,
2526 1580 60 35 air
2590 1587 33 30 of
2642 1589 103 31 which
2766 1590 94 42 being
2883 1604 50 29 iwy
2948 1605 70 20 own
3034 1598 243 40 compounding,
3293 1599 16 30 I
3325 1610 56 19 can

2300 1632 192 43 confidently
2513 1641 203 36 recommend,
2737 1641 118 42 having
2869 1647 208 41 successfully
3090 1674 3 3 .
3110 1649 75 30 used
3217 1649 84 32 them
3333 1651 46 30 for

2300 1692 83 23 some
2404 1695 153 31 years:—
3291 1695 6 8 r
3330 1689 14 14 :i

2433 1743 14 19 I
2461 1750 35 14 am
2510 1747 147 28 exceedingly
2670 1750 124 21 successful
2806 1752 26 20 m
2846 1759 40 20 my
2893 1754 111 21 remedies
3013 1755 37 21 for
3065 1756 65 22 these
3140 1757 141 27 complaints,
3294 1759 59 22 have
3366 1766 14 14 a

2408 1780 64 27 large
2481 1783 97 21 number
2590 1785 25 21 of
2627 1787 159 22 testimonials.

2301 1824 86 29 NEW
2405 1826 153 30 REMEDY
2576 1830 72 28 FOR
2666 1827 105 33 lIIVER
2781 1835 238 31 COMPLAINTS
3030 1839 58 28 We
3099 1830 280 42 iNDJGEStIONi:-

2435 1865 56 22 This
2500 1867 42 22 has
2551 1868 58 22 been
2618 1870 52 21 well
2678 1872 77 21 tested
2762 1874 47 21 and
2817 1876 87 25 proved
2912 1877 83 27 highly
3004 1879 159 28 satisfactory...

2298 1908 168 28 GOLDEN
2488 1912 125 28 CROSS
2635 1916 239 29 NEURAXGIA
2890 1921 184 28 MIXTURE
3089 1931 26 17 :-

2408 1953 36 27 By
2452 1955 76 22 which
2540 1957 41 21 the
2590 1959 54 26 pain
2653 1960 21 20 is
2683 1961 76 26 cured,
2769 1969 52 15 ease
2830 1960 114 30 obtained,
2958 1967 31 26 by
2998 1973 15 14 a
3021 1968 44 21 few
3075 1968 70 21 doses.
3239 1968 3 8 '
3240 1964 4 17 ;

2297 2002 172 28 Bronchitis
2481 2006 61 24 and
2551 2006 129 26 Asthma
2689 2017 42 17 :—
2746 2024 28 24 ?!

2408 2048 113 22 Believed
2535 2050 47 21 and
2594 2051 94 26 rapidly
2701 2052 70 21 cured
2783 2053 32 26 by
2828 2060 39 19 my
2880 2054 90 21 Acacia
2981 2061 110 15 mixtuee.
3116 2062 17 12 >

2298 2086 221 29 CHILDREN'S
2536 2079 203 42 WHOOPJNG
2754 2094 165 27 COUGH-

2409 2126 45 20 For
2462 2126 73 21 which
2551 2127 13 21 I
2573 2127 59 23 have
2645 2130 41 22 the
2700 2130 51 23 best
2762 2133 100 21 mixture
2874 2134 208 27 inChristcMurch,
3091 2137 68 27 .gives
3169 2133 170 31 speedy^relief.
3355 2159 2 4 ,

2299 2171 199 35 DjARRHCEA
2512 2176 76 26 AND
2614 2178 226 32 DYSENiTERY
2893 2182 30 27 m
2941 2184 117 26 Infants
3075 2185 58 25 and
3149 2185 145 28 Adults-

2430 2212 14 20 *
2457 2218 43 15 can
2510 2219 19 24 S
2530 2214 36 20 ive
2566 2220 29 36 (^
2827 2218 129 39 carep^a
2966 2220 159 35 fe^doses^l
3145 2223 10 27 ;'
3183 2225 6 16 :
3201 2220 10 24 I
3244 2219 11 25 t
3260 2216 14 37 J
3277 2239 8 12 r
3295 2234 59 15 ..*.-,

2298 2258 77 25 Sore
2392 2258 101 28 Heads
2508 2264 27 23 &
2552 2264 107 32 Legs—
2702 2251 124 44 .'[..,..,.
2946 2253 49 36 .'■'
2996 2260 1 2 '
3004 2253 8 14 v
3015 2251 3 11 '
3033 2250 43 19 -~^
3089 2248 37 19 t:;lj
3127 2251 117 31 '"•■■■y^--
3246 2247 6 17 1
3260 2256 12 9 A

2406 2297 74 22 Cured
2489 2299 32 27 by
2529 2306 32 15 an
2569 2303 120 25 agreeable
2697 2304 47 20 and
2752 2304 105 27 pleasant
2870 2309 146 26 application;
3023 2311 56 22 ;also
3089 2312 97 23 reUeves
3195 2316 63 25 pain,

2300 2349 189 28 Influenza—
2519 2366 4 7 <
2731 2375 2 6 .
2759 2370 18 6 -
2912 2346 17 29 J
2991 2356 13 16 n

2404 2389 75 22 Cured
2486 2391 75 21 for2s.
2577 2392 38 29 6d,
2623 2394 123 22 Hundreds
2759 2401 43 16 can
2815 2397 83 27 testify
2912 2398 24 20 to
2958 2399 41 21 the
3010 2401 59 26 good
3079 2403 91 26 quality
3179 2404 25 20 of
3213 2404 48 22 this
3270 2406 105 23 mixture.

2299 2443 189 32 Superlative
2510 2447 131 28 Mixture
2646 2449 52 32 .for
2715 2451 59 27 Bad
2785 2451 164 34 Coughs—
3034 2471 6 11 ,

2408 2484 84 27 Brings
2506 2491 64 22 away
2582 2487 102 27 phlegm^
2698 2488 73 28 allays
2783 2490 136 27 irritations,
2933 2493 45 20 and
3103 2503 72 14 cures.
3187 2511 5 9 f

2301 2525 153 27 Eureka-^
2477 2528 28 5 "'
2517 2532 5 11 ■-
2538 2533 12 5 •■
2561 2524 10 16 /
2600 2530 2 11 :
2615 2523 76 28 >,'.•■'
2707 2529 7 13 ■'■
2729 2523 18 26 l<
2762 2537 1 2 ■
2787 2544 1 1 ■

2407 2565 21 25 A
2442 2572 53 14 sure
2508 2572 54 15 cure
2575 2567 38 21 for
2625 2568 34 24 all;
2670 2569 68 21 kinds
2751 2569 25 21 of
2788 2570 51 21 skin
2853 2570 125 22 irritation.
3052 2569 6 5 '
3077 2570 6 10 '
3229 2582 5 5 -

2298 2606 183 23 CHILDREN'S
2495 2609 149 22 TASTLESS
2657 2610 156 21 TEETHING
2827 2610 177 23 IOWDERS—

2408 2660 48 23 The
2474 2661 52 22 best
2539 2662 25 22 m
2578 2663 150 29 Canterbury,
2740 2670 16 15 a
2768 2664 55 22 trial
2836 2665 48 21 will
2902 2672 70 21 prove
2985 2667 27 21 it.
3032 2668 82 28 highly
3129 2671 169 22 recommended
3312 2672 32 27 by

2446 2700 97 23 medical
2556 2708 60 15 men.

2392 2730 75 19 •'■■'■'
2510 2734 8 15 ■'■
2544 2735 25 17 '-:
2589 2735 4 19 I
2649 2733 7 21 ;'
2705 2736 7 6 '
2726 2736 12 17 f
2763 2749 3 2 ■

2425 2772 611 39 CONSULTATIONS
3056 2779 203 34 FREE-

2315 2842 287 29 PRESCRIPTIONS
2616 2846 214 26 CAREFULLY
2845 2849 77 24 AND
2940 2849 212 27 CORRECTLY
3160 2853 206 25 DISPENSED

2351 3014 55 4 '"
2436 3013 25 43 V
2491 3021 2 2 '
2593 3004 124 58 JXJ3T
2747 3013 343 47 PuJRGttA:SEir;
3110 3019 238 49 '>/=^:;';^;;\.

2298 3107 30 30 A
2349 3106 267 36 WHOLESALE
2640 3105 388 41 WAREHOUSOTMs
3050 3097 325 54 EN^RE,#Kfck

2301 3219 311 90 Black
2651 3227 83 94 .&;
2778 3227 94 95 Ts
2865 3222 11 53 :
2869 3253 121 68 m
2998 3252 75 92 f
3115 3224 255 97 Blue

2517 3370 174 33 DOUBLE
2721 3372 148 33 WIDTH
2890 3375 82 32 ALL
2992 3377 124 34 WOOL

2298 3445 455 92 DRESS
2763 3448 122 89 -S
2908 3430 462 112 Elicits

2325 3605 240 49 Reduced
2585 3608 130 44 from
2747 3607 66 47 2s.
2844 3610 52 44 to
2927 3607 52 47 Is
3011 3608 71 47 6d.
3102 3613 239 56 per-yftrd.

2711 3698 241 42 ALSO

2471 3765 88 47 750
2584 3760 205 51 YARDS
2811 3765 75 45 OF
2910 3767 285 48 GENUINE

2324 3849 249 102 ROUGH
2651 3847 267 101 BROWN
3007 3852 335 99 HOLLAND

2618 4012 101 53 6d.
2754 4027 113 53 per
2890 4013 161 67 yard

2297 4104 63 30 this
2373 4104 24 30 is
2413 4104 52 30 the
2480 4104 83 40 good
2578 4104 47 30 old
2642 4104 91 30 make
2748 4104 34 30 of
2792 4105 105 29 brown
2915 4105 135 38 holland,
3074 4104 13 30 1
3103 4105 79 29 have
3196 4104 172 40 purchased

2401 4155 40 31 all
2453 4155 42 33 .ot
2503 4155 61 32 this
2578 4155 169 43 particular
2761 4155 108 31 lim^at
2885 4159 121 38 present
3021 4156 32 30 m
3070 4156 51 30 the
3136 4155 129 32 market.

2289 4238 26 26 :■
2429 4214 186 34 '■■■'■■
2984 4240 33 23 -.
3143 4225 15 17 '
3181 4224 90 42 i.n

2316 4285 71 33 R.
2425 4283 77 33 H.
2540 4282 311 41 PARISH,
2916 4282 153 32 £a,st
3091 4282 280 43 Oxford.]

1731 1014 177 49 JOHN
1939 1018 270 52 INGRAM.

1715 1117 497 44 AUCTIONEER,

1700 1315 161 41 LICENSED
1894 1318 84 39 LAND
2002 1319 138 41 BROKER,
2164 1322 73 42 VAL-

1699 1395 118 47 UATOR,
1859 1397 137 47 ESTATE,
2038 1401 198 48 INSURANCE,

1696 1478 24 37 &
1737 1479 149 40 GENERAL
1898 1479 212 42 GOMMIBBI'ON
2117 1484 117 38 AGENT.

1709 1571 4 8 :
1728 1561 79 31 Agent
1818 1564 40 26 for
1869 1563 38 25 the
1928 1564 122 25 National
2071 1566 133 30 Insurance

1908 1618 121 31 Company
2100 1629 3 2 ■

1846 1687 31 30 of
1882 1686 61 25 New
1965 1687 119 25 Zealand.

1718 1756 175 33 OXFORD
1908 1757 27 32 &
1960 1759 253 33 SHEFFIELD.

1693 1933 154 31 Fortnightly
1868 1936 106 24 Auction
1995 1936 73 28 Sal.es
2083 1937 58 25 held
2161 1940 26 22 m
2199 1939 38 24 the

1693 1967 99 23 Market
1814 1969 97 28 Yards,'
1931 1970 103 31 Oxford,
2060 1978 69 23 every
2151 1973 89 23 second-

1696 1999 134 33 Thursday.
1864 2003 114 29 Monthly
1997 2003 73 25 Sales
2080 2004 58 25 held
2152 2010 26 19 at
2197 2006 38 24 the

1693 2034 100 24 Market
1824 2036 89 28 Yards,
1944 2036 124 32 Sheffield.
2138 2039 99 25 Privvte

1693 2067 106 24 Auction
1811 2067 72 24 Sales
1893 2069 151 24 undertaken
2067 2072 25 22 m
2116 2079 47 22 any
2174 2076 64 28 part

1694 2100 30 26 of
1731 2099 36 24 the
1778 2105 106 26 country.
1920 2102 120 33 Property
2049 2104 93 30 Bought
2166 2105 62 25 Sold

1694 2141 28 15 or
1732 2133 51 30 Let,
1803 2135 50 24 and
1867 2135 142 25 Valuations
2027 2138 120 30 carefully
2159 2142 76 21 made.

1693 2166 72 24 Land
1776 2168 94 33 Bought
1880 2170 77 23 under
1974 2170 39 24 the
2037 2171 120 31 Transfer
2178 2173 58 28 Act,

1690 2199 142 32 Transfers,
1844 2203 97 28 Leases,
1953 2204 50 22 and
2028 2204 72 24 deeds
2117 2206 30 28 of
2160 2206 75 23 Mort-

1690 2240 74 24 gages
1775 2234 85 24 drawn
1878 2241 41 27 up.
1952 2236 102 31 Money'
2061 2238 106 26 invested
2185 2240 58 24 and,

1693 2265 109 26 obtained
1814 2272 42 25 for
1874 2269 90 24 Clients
1975 2277 31 16 on
2028 2271 135 31 Mortgage.
2193 2273 42 24 In-

1720 2307 100 17 surance
1829 2302 93 30 effected
1933 2311 31 15 on
1976 2304 134 31 Buildings
2122 2307 31 28 of
2159 2313 48 23 any

1761 2342 143 32 description
1915 2343 51 23 and
1977 2342 60 25 their
2044 2348 125 21 contents.-
2195 2363 7 3 -
2227 2363 3 4 .

1719 2411 42 21 200
1769 2418 57 18 acre.
1839 2412 69 21 Farm
1917 2413 25 21 at
1960 2413 65 21 View
2044 2415 55 21 Hill.
2138 2416 101 22 Divided

1692 2439 49 21 into
1751 2440 15 18 4
1777 2440 123 24 Paddocks,
1913 2441 41 20 the
1969 2441 56 21 land
2033 2441 42 21 has
2083 2443 58 20 been
2150 2443 33 20 all
2192 2444 38 20 cul

1691 2466 97 25 tivated,
1799 2467 20 21 is
1828 2474 51 14 now
1887 2468 25 21 m
1922 2468 58 26 good
1988 2469 74 24 heart,
2071 2470 20 20 is
2100 2471 52 20 well
2158 2472 80 20 water-

1693 2494 29 20 ed
1730 2495 31 25 by
1770 2495 41 20 the
1820 2495 64 21 View
1893 2496 52 20 Hill
1953 2496 80 21 Water
2039 2497 66 25 Race,
2115 2498 20 20 is
2144 2504 15 14 a
2164 2499 74 26 splen-

1693 2521 40 21 did
1741 2522 69 27 sheep
1819 2523 65 21 farm.

1720 2613 41 19 150
1779 2618 51 15 acre
1849 2613 70 20 Farm
1934 2613 28 26 2£
1981 2613 65 21 miles
2061 2614 60 21 from
2146 2615 86 21 Oxford

1693 2638 140 22 Subdivided
1851 2639 50 22 into
1924 2641 160 27 conveniently
2102 2642 62 21 sized
2179 2643 60 26 pad-

1693 2667 75 25 docks,
1782 2667 52 21 well
1843 2667 106 26 watered,
1965 2669 58 26 good
2037 2669 108 28 dwelling
2160 2671 78 24 house,

1692 2695 85 21 stables
1795 2693 47 23 and
1860 2696 67 21 sheds
1945 2697 102 25 thereon,
2061 2698 47 20 and
2125 2699 41 20 the
2184 2699 55 21 land

1693 2723 65 27 good.
2119 2742 2 3 .

1720 2773 55 19 1100
1784 2772 57 21 Acre
1852 2772 68 21 Farm
1928 2773 25 20 at
1963 2773 65 21 View
2040 2773 50 21 Hill
2096 2775 60 25 good
2164 2775 75 26 heavy

1691 2799 62 24 land,
1768 2799 59 26 good
1845 2799 107 27 dwelling
1971 2800 69 21 house
2059 2801 46 20 and
2114 2801 32 21 all
2164 2808 72 14 neces-

1692 2832 53 20 sary
1763 2826 158 27 outbuildings
1938 2827 102 21 thereon.
2079 2829 21 19 A
2117 2829 50 20 real
2180 2829 59 28 good

1693 2853 70 27 sheep
1772 2853 65 21 farm.

1797 2918 28 15 on
1835 2919 32 14 ac.
1879 2913 40 20 Mb
1928 2913 111 21 William
2047 2914 88 22 House.

1721 2940 26 20 16
1756 2947 63 14 acres
1828 2940 65 21 Land
1902 2941 56 20 with
1967 2948 14 13 a
1990 2942 50 21 nice
2050 2942 13 20 6
2067 2943 92 21 roomed
2167 2943 71 22 house

1692 2967 101 25 thereon,
1809 2968 59 26 good
1880 2968 136 27 plantation,
2030 2970 93 26 garden,
2143 2971 95 21 orchard

1693 2995 46 20 and
1748 2996 58 21 well.

1720 3049 14 18 4
1752 3055 64 14 acres
1825 3048 24 21 of
1866 3049 55 21 land
1929 3056 56 14 near
2002 3050 42 21 the
2063 3051 80 22 Water
2161 3052 76 21 Board

1693 3073 81 25 Office?

1721 3137 48 19 The
1778 3137 116 27 following
1905 3137 71 21 farnid
1985 3144 38 15 are
2042 3138 37 21 for
2087 3139 48 21 sale
2144 3139 83 27 bypri-

1693 3174 53 19 vate
1755 3175 84 25 treaty.

1720 3233 46 20 For
1784 3233 48 22 sale
1851 3233 30 27 by
1894 3234 86 28 privite
1998 3235 84 27 treaty,
2100 3242 15 15 a
2132 3238 104 26 compact

1689 3271 73 21 ■Farm
1773 3272 24 20 of
1806 3273 41 20 200
1857 3280 63 14 acres
1929 3273 23 20 of
1971 3274 59 26 good
2049 3274 56 21 land
2124 3276 25 20 at
2171 3276 63 21 View
2243 3269 2 35 j

1694 3309 57 21 Hill.

1721 3408 41 21 300
1781 3415 63 14 acres
1863 3409 56 21 with
1933 3410 59 25 good
2009 3410 118 27 buildings
2138 3412 47 20 and
2202 3412 33 21 all

1693 3445 83 22 fenced
1794 3447 46 20 and
1860 3447 140 29 subdivided.
2040 3448 40 23 173
2098 3455 63 16 acres
2174 3450 61 26 good

1693 3484 151 27 agricultural
1856 3485 71 22 Land.
1955 3501 2 3 .
2011 3501 11 12 #

1720 3550 41 23 796
1771 3558 62 16 acres
1844 3553 59 26 good
1917 3554 96 27 grazing
2022 3554 56 21 land
2096 3555 84 22 fenced
2188 3556 46 21 and

1694 3589 142 22 subdivided.

1718 3752 169 47 JOHN
1938 3754 256 48 INGRAM

1792 3853 307 42 OX|ORB

1693 4109 159 31 WATCH
1903 4127 61 32 .j>
2017 4140 6 6 .
2044 4109 26 30 &
2098 4108 137 31 CLOCK

1710 4326 25 11 ■■*■
1830 4325 27 19 '■••
1873 4337 17 11 v
1898 4328 38 19 ■'"■<•
1947 4336 25 20 at
1980 4332 5 12 :
1987 4333 2 2 '
2061 4322 14 14 '*■
2100 4330 14 6 '"
2126 4352 3 3 .
2141 4325 1 7 ;
2225 4346 2 1 ■

1788 4360 35 21 W*\
1991 4358 7 6 '
2072 4357 172 16 ■'■'■'•

1736 4378 150 34 Parish's
1888 4409 8 16 i
1931 4379 90 35 Mast
2047 4378 136 45 @dcford
2182 4400 8 14 t

1161 1004 243 20 EXTRAORDINAY
1430 1004 219 24 OPPORTUNITY.

1132 1037 83 21 FROM
1226 1037 61 19 THE
1296 1038 139 21 FACTORS
1445 1038 110 22 DIRECT
1565 1040 37 20 TO
1614 1041 63 25 THE]

1322 1074 166 22 CUSTOMER,
1676 1060 2 16 :

1133 1111 68 53 OOR
1211 1111 112 26 Company
1346 1111 19 21 is
1379 1112 77 27 selling
1477 1113 66 21 direct
1588 1115 23 20 to
1640 1116 37 21 the

1176 1140 114 23 customer,
1306 1139 51 20 thus
1370 1141 115 25 procuriug
1496 1142 34 20 fcr
1541 1141 37 21 the
1587 1142 66 21 latter
1663 1150 13 14 a

1132 1166 79 22 double
1230 1172 110 19 economy,
1360 1168 92 24 namely,
1474 1168 37 20 the
1525 1169 66 25 profit
1601 1170 23 19 of
1639 1166 38 28 the!

1132 1193 115 22 wholesale
1257 1192 76 26 dealer,
1352 1194 43 19 and
1406 1194 37 20 the
1459 1201 60 14 more
1528 1196 149 21 considerable!

1133 1227 38 15 .)ne
1173 1233 8 18 t
1183 1221 22 20 of
1215 1220 37 19 the
1262 1220 62 19 retail
1336 1221 76 23 dealer,
1437 1222 130 25 amounting
1578 1223 22 19 to
1619 1223 55 20 from

1132 1249 30 19 ss.
1191 1253 12 14 o
1211 1248 47 19 £\0
1268 1252 56 20 upon
1335 1253 13 14 a
1358 1247 70 27 single
1435 1248 76 21 watch.
1527 1248 72 22 Retail
1607 1250 68 20 watch

1132 1269 83 27 dealers
1226 1274 43 21 and
1287 1274 112 26 jewellers,
1411 1276 85 25 usually
1510 1276 79 27 selling
1609 1277 38 20 but
1663 1284 12 14 a

1132 1303 38 19 few
1183 1301 93 20 watches
1286 1301 65 25 daily,
1367 1308 37 14 are
1422 1303 71 19 forced
1512 1304 24 19 to
1560 1303 63 21 make
1647 1310 27 14 aD

1131 1328 165 27 extraordinary
1311 1328 64 26 profit
1385 1335 58 20 upon
1463 1329 52 21 each
1531 1336 40 15 one
1584 1331 49 21 eo:J
1651 1332 23 20 m

1131 1355 64 22 order
1205 1357 23 19 to
1239 1355 75 28 defiay
1324 1362 110 20 expences.

1158 1383 43 20 We
1220 1384 159 20 manufacture
1386 1390 26 14 as
1422 1390 44 14 our
1480 1385 121 27 speciality
1620 1386 55 27 only

1131 1410 97 27 sterling
1242 1411 69 21 silver
1320 1417 26 14 or
1364 1411 54 26 gold
1426 1412 156 22 stemwinders
1595 1424 3 6 -
1612 1413 62 28 (key-

1131 1439 33 19 lss
1178 1438 99 20 watches.
1553 1452 1 1 ■

1159 1463 47 20 The
1216 1465 85 25 keyless
1317 1465 137 21 mechanism
1463 1466 23 19 of
1501 1467 94 21 watches
1602 1467 19 21 is
1631 1474 42 14 one

1117 1502 2 7 r
1131 1491 22 20 of
1167 1489 38 21 the
1214 1493 58 18 most
1282 1492 122 25 inrportart
1414 1492 42 20 and
1468 1493 71 20 useful
1548 1494 125 21 inventions

1131 1518 22 20 of
1169 1517 90 21 modern
1280 1518 74 22 times,
1383 1519 87 20 instead
1484 1519 23 19 of
1521 1520 112 27 fumbling
1649 1521 23 20 m

1117 1551 2 10 >
1131 1546 60 20 one's
1202 1545 90 26 pockets
1309 1548 22 18 to
1341 1545 46 21 find
1403 1546 41 20 the
1460 1546 48 25 key,
1525 1547 70 20 which
1610 1549 62 19 when

1132 1572 67 21 found
1214 1573 18 19 is
1247 1573 58 19 most
1318 1573 84 26 alwayß
1411 1573 62 21 filled
1483 1574 54 20 with
1607 1587 13 2 -
1626 1575 47 21 this

1131 1601 22 19 of
1162 1606 78 16 course
1249 1600 68 27 being
1332 1601 131 23 tn*nsfeitei
1476 1602 25 20 to
1515 1601 42 21 the
1570 1602 73 20 watch
1645 1614 27 3 —

1131 1634 43 14 one
1184 1629 41 19 has
1234 1627 43 21 >.ut
1285 1628 25 20 to
1320 1628 55 20 turn
1385 1634 10 13 a
1407 1628 97 20 knurled
1514 1629 82 20 button
1605 1629 69 21 fitted

1130 1655 25 20 to
1164 1655 40 21 the
1218 1654 102 27 pendant
1338 1655 32 25 (or
1380 1654 67 28 ring),
1458 1655 54 21 thus
1521 1655 102 28 winding
1633 1656 39 21 the

1132 1683 71 20 watch
1223 1682 45 20 and
1297 1682 131 27 regulating
1446 1682 41 21 the
1503 1683 73 20 hands
1589 1683 32 27 by
1632 1684 41 20 the

1131 1716 62 15 same
1202 1715 73 15 mean!
1275 1715 5 9 1
1282 1724 5 6 .

1158 1737 48 20 Our
1214 1736 99 21 watches
1331 1744 39 15 are
1379 1738 143 26 everywhere
1540 1738 133 27 recognised

1131 1764 24 21 to
1164 1764 29 21 be
1211 1764 41 21 the
1265 1764 53 21 be3t
1333 1765 25 20 m
1377 1765 41 21 the
1428 1766 96 23 market,
1538 1766 135 27 surpassing

1131 1792 32 19 all
1172 1792 79 20 others
1260 1792 31 26 by
1310 1792 40 21 the
1359 1793 114 26 precision
1483 1792 25 21 of
1525 1792 63 21 their
1597 1799 76 15 move-

1129 1820 76 20 ments
1224 1825 25 15 as
1268 1819 52 22 well
1329 1827 26 14 as
1373 1820 31 26 by
1421 1820 63 23 their
1498 1827 110 20 accuracy
1626 1822 47 21 and

1131 1847 131 27 cheapness.

1158 1874 47 21 Our
1214 1874 95 27 factory,
1322 1874 61 22 since
1392 1875 31 21 its
1428 1874 138 23 foundation
1575 1876 25 21 m
1611 1876 61 24 1852,

1131 1902 41 20 has
1182 1902 96 26 aquired
1287 1909 15 13 a
1311 1902 143 22 world-wide
1463 1903 143 26 reputation,
1622 1903 46 21 and

1117 1938 2 11 i
1129 1929 109 20 obtained
1246 1930 41 19 the
1298 1929 93 25 highest
1400 1930 89 19 awards
1507 1930 59 19 from
1580 1931 33 18 all
1631 1930 41 20 the

1130 1956 127 26 important
1270 1956 153 21 Exhibitions.
1453 1957 35 20 No
1501 1956 76 21 watch
1595 1957 77 21 leaves

1117 1997 2 17 I
1130 1989 41 15 our
1184 1983 89 27 factory
1287 1984 96 21 without
1399 1984 86 27 hating
1494 1984 58 22 been
1561 1984 111 27 carefully

1117 2018 2 19 I
1129 2011 122 21 examined
1263 2011 47 21 and
1325 2012 101 24 verified,
1440 2013 56 20 thus
1513 2011 71 28 being
1602 2013 70 26 ready

1130 2038 36 21 for
1175 2038 133 21 immediate
1318 2046 46 13 u-se.
1393 2039 63 21 Each
1466 2046 42 14 one
1518 2039 20 20 is
1552 2040 44 25 put
1605 2046 32 20 up
1647 2040 25 20 m

1131 2072 29 13 an
1169 2066 93 25 elegant
1271 2066 122 20 silk-lined
1402 2073 57 18 ease,
1476 2066 46 21 and
1536 2074 136 19 accompan-

1131 2092 36 21 ied
1176 2093 30 26 by
1217 2098 14 14 a
1240 2093 115 26 warranty
1363 2093 36 21 for
1409 2093 64 21 three
1483 2100 48 20 year
1531 2100 24 20 3.

1157 2120 48 21 The
1211 2120 73 26 buyer
1292 2126 53 20 may
1352 2121 76 21 return
1438 2127 46 20 any
1491 2121 22 21 of
1522 2128 42 14 our
1574 2121 98 21 watches

1132 2147 79 21 within
1221 2147 35 21 six
1275 2147 90 21 momhs
1379 2148 82 21 should
1480 2149 41 21 the
1539 2149 73 21 latter
1630 2150 42 20 not

1131 2175 71 21 afford
1212 2175 48 20 him
1268 2175 41 21 the
1318 2177 61 19 most
1388 2177 111 26 complete
1506 2177 150 20 satisfaction.

1157 2203 40 19 All
1205 2203 93 19 articles
1308 2203 53 20 sold
1378 2210 39 14 are
1426 2204 113 20 delivered
1555 2205 51 24 post
1614 2204 57 24 free,

1130 2229 46 21 and
1184 2229 104 22 Customs
1302 2230 58 27 duty
1369 2230 55 27 paid
1439 2232 25 19 to
1473 2237 47 21 any
1534 2232 54 26 part
1597 2231 30 20 of'
1630 2231 41 20 the

1131 2257 74 25 world,
1221 2257 55 21 thus
1287 2258 96 21 without
1402 2258 41 21 the
1452 2259 110 26 slightest
1579 2259 92 20 trouble

1130 2291 26 14 or
1164 2284 118 27 formality
1290 2286 25 20 to
1324 2285 40 21 the
1374 2286 106 21 receiver.

1157 2312 39 20 All
1209 2313 87 25 repairs
1315 2312 85 27 during
1418 2313 40 21 the
1477 2313 66 21 three
1562 2319 66 20 years
1646 2313 25 20 of

1131 2340 124 26 guarantee
1274 2345 39 15 are
1332 2340 112 21 executed
1458 2340 181 27 gratuitously,
1652 2340 18 21 if

1132 2367 38 20 the
1188 2366 75 21 watch
1285 2367 29 20 ba
1331 2368 125 20 forwarded
1473 2369 25 19 to
1517 2373 42 14 our
1576 2368 94 20 London

1131 2394 66 20 office.

1117 2419 2 10 1
1129 2421 49 20 The
1200 2420 118 28 following
1336 2427 40 15 are
1398 2421 55 21 ca-h
1476 2421 75 27 prices
1571 2422 100 21 without

1133 2448 108 21 liscount.

1604 2478 20 19 d
1642 2478 27 19 BS.

1157 2504 27 20 A.
1195 2502 163 26 Steni-winder,
1365 2504 178 26 sterlingsilver,
1550 2503 50 20 hall

1211 2530 100 24 marked,
1324 2530 104 27 jewelled
1437 2531 24 20 m
1471 2532 13 19 6
1494 2531 95 23 actions,

1211 2563 12 14 c
1234 2558 62 25 y3tal
1303 2558 61 26 glass
1374 2565 14 14 a
1398 2559 79 26 strong
1484 2558 47 21 and
1534 2558 54 21 dur-

1211 2584 51 21 able
1276 2585 75 21 watch
1400 2601 23 5 ...
1644 2587 26 19 12

1131 2612 53 20 A.A.
1195 2611 49 20 The
1263 2618 61 14 same
1342 2613 58 20 with
1428 2613 84 20 double
1532 2612 71 20 silver

1214 2645 50 14 case
1278 2638 122 29 (Hunter),
1419 2639 116 28 elegantly
1551 2646 38 14 en-

1198 2666 87 28 graved
1656 2669 13 20 8

1169 2687 87 28 B.&old
1266 2695 160 26 stem-winder,
1436 2696 49 21 hal
1499 2695 100 25 marked,

1224 2723 68 25 trong
1302 2723 90 26 keyless
1398 2725 81 22 action,
1489 2723 104 27 jewelled

1211 2749 26 20 m
1244 2751 5 18 1
1254 2750 110 24 3ac':ion8,
1374 2751 54 21 with
1437 2751 54 26 gold
1500 2757 26 15 or
1533 2749 57 22 steel

1117 2779 2 11 1
1211 2777 81 23 hands,
1306 2778 66 20 small
1386 2779 84 20 second
1487 2778 54 23 dial,
1550 2784 38 14 en-

1212 2804 86 25 graved
1311 2805 26 19 m
1355 2805 114 21 beautiful
1489 2805 98 26 designs,

1211 2831 83 27 engine
1303 2832 83 20 turned
1395 2838 26 15 or
1428 2833 63 27 plain
1500 2832 91 28 polish-

1212 2859 35 23 ed,
1270 2859 55 20 with
1344 2866 138 20 monogram,
1505 2859 84 24 initial,

1212 2891 58 13 arms
1281 2885 29 20 &c
1560 2886 4 3 '
1602 2886 13 19 2
1656 2886 14 19 0

1134 2909 50 21 8.8.
1205 2911 45 21 The
1268 2918 61 15 same
1357 2919 23 14 as
1397 2913 25 26 B,
1445 2914 51 21 with
1513 2915 75 24 strong

1211 2939 78 20 dojb!e
1298 2940 48 24 gold
1362 2947 55 18 case,
1437 2948 28 14 an
1482 2940 105 22 excellent

1212 2966 43 21 and
1266 2972 49 21 very
1325 2968 83 25 elegant
1419 2968 134 26 timekeeper.
1565 2984 23 6 ...
1600 2969 13 20 3
1644 2969 27 20 10

1158 2992 23 20 0.
1192 2992 68 22 Roxal
1268 2993 156 29 chionopraph,
1439 2997 24 19 18
1473 2997 59 19 carat
1537 2996 51 26 gold

1212 3024 58 17 most
1294 3022 99 26 superior
1414 3024 80 23 keyless
1518 3029 69 13 move-

1212 3050 67 21 ment,
1303 3050 22 17 of
1350 3048 36 21 the
1410 3052 58 17 most
1487 3052 101 18 accurate

1212 3074 167 28 woikmanship,
1399 3076 43 21 and
1461 3083 41 14 one
1512 3076 22 21 of
1553 3076 36 23 the

1212 3101 47 22 best
1271 3109 55 14 wear
1336 3104 100 25 resisting
1447 3104 91 21 watches
1550 3120 23 5 ...
1601 3106 15 19 4

1132 3127 47 21 C.C.
1190 3128 45 20 The
1250 3137 59 13 same
1320 3132 68 19 watch
1400 3132 51 19 with
1462 3131 76 20 double
1545 3132 45 19 and

1214 3157 59 19 extra
1284 3164 6 11 h
1294 3158 65 23 trong
1369 3163 54 17 case,
1434 3160 97 18 IS-carat
1538 3158 50 24 gold
1675 3151 2 24 I

1212 3182 133 26 aitistiia'ly
1360 3184 112 24 engraved,
1496 3184 93 24 engine-

1212 3210 77 20 turned
1300 3215 24 14 or
1343 3210 58 25 plain
1416 3210 104 26 polished;
1536 3210 51 21 with

1212 3242 147 20 monograms,
1373 3237 89 24 initials,
1473 3238 30 21 &c
1602 3239 14 21 6
1644 3240 26 20 10

1158 3264 26 21 D.
1207 3264 67 26 Impei
1280 3266 28 20 ia!
1320 3265 101 20 calendar
1431 3266 155 24 chronometer,

1214 3292 47 21 18-c
1269 3294 41 19 irat
1334 3292 56 24 gold,
1413 3293 120 25 indicating
1552 3294 37 20 the

1212 3319 48 24 day,
1272 3320 36 19 the
1317 3319 66 22 week,
1395 3319 36 20 the
1440 3320 84 24 month,
1542 3320 45 19 and

1212 3345 49 19 da'e
1280 3346 21 18 of
1311 3352 22 13 m
1348 3346 48 23 ntb,
1405 3346 98 26 jewelled
1519 3347 21 18 m
1553 3347 34 19 18-

1212 3372 93 24 --acionp,
1324 3372 50 21 with
1385 3379 13 14 a
1407 3373 9 20 1
1427 3373 35 20 the
1472 3373 24 20 la
1498 3375 5 11 f
1506 3375 32 18 est
1546 3373 42 21 im-

1213 3401 146 26 provements
1382 3401 46 20 and
1451 3400 137 25 inventions,

1212 3434 43 13 one
1265 3428 24 19 of
1298 3429 40 19 the
1348 3428 51 20 best
1408 3428 46 20 and
1459 3429 58 21 n.0.-t
1525 3434 64 21 mag-

1212 3454 94 22 nificent
1310 3455 99 21 watches
1416 3456 173 21 manufactured

1212 3482 56 20 such
1278 3488 25 14 as
1319 3489 38 14 are
1367 3489 70 14 never
1447 3483 49 20 sold
1515 3483 30 26 by
1555 3490 33 15 re-

1212 3510 44 20 tail
1265 3510 88 21 dealers
1362 3510 36 20 for
1407 3511 45 20 less
1460 3511 59 20 than
1527 3512 47 20 J325
1604 3513 26 19 10
1658 3514 13 18 0

1157 3537 39 21 All
1205 3544 42 14 our
1255 3538 98 20 watches
1363 3544 39 14 are
1410 3539 173 20 uianu'actured
1592 3539 24 21 m
1626 3541 45 20 two

1131 3565 106 21 different
1245 3565 64 24 size*,
1322 3565 64 26 large
1396 3565 45 20 and
1451 3565 68 21 small
1530 3565 45 26 (for
1584 3568 87 25 gentle-

1132 3598 50 14 men
1201 3592 47 20 and
1270 3592 92 25 ladies,)
1385 3593 98 20 without
1506 3593 122 22 difference
1647 3595 25 20 of

1117 3624 2 4 •
1131 3620 67 26 price.

1158 3647 44 21 Old
1214 3647 104 24 watches,
1332 3647 39 20 old
1380 3647 55 27 gold
1443 3647 46 21 and
1506 3647 72 22 silver
1586 3649 47 21 will
1642 3650 30 21 be

1132 3676 67 19 taken
1209 3675 25 19 m
1242 3676 110 24 payment
1361 3676 25 18 at
1395 3675 41 19 the
1445 3675 94 26 highest
1552 3677 75 20 value:
1652 3678 20 19 if

1132 3701 126 22 forwarded
1267 3702 32 26 by
1307 3702 78 26 parcel
1393 3702 54 26 post
1456 3703 24 20 to
1491 3709 41 14 our
1541 3702 102 23 address.

1158 3730 157 20 Remittances
1335 3735 53 20 may
1411 3729 28 20 be
1462 3729 66 21 made
1547 3730 75 21 either
1640 3732 31 25 by

1133 3756 78 20 Postal
1220 3756 79 24 Order,
1310 3756 98 25 Cheque,
1418 3756 67 19 Bank
1494 3757 66 19 notes
1566 3757 106 27 (postage

1132 3784 86 25 stamps
1227 3783 37 19 for
1274 3783 67 19 small
1347 3784 121 26 amounts,)
1485 3783 24 20 of
1519 3789 45 21 any
1567 3786 103 26 country,

1132 3811 24 22 m
1164 3809 127 29 registered
1299 3810 68 21 letter.

1117 3855 2 16 !
1158 3838 23 21 It
1191 3840 20 19 is
1222 3844 40 14 our
1271 3838 46 20 aim
1327 3839 24 19 to
1362 3838 47 26 give
1418 3838 41 21 the
1475 3839 89 20 utmost
1571 3840 100 25 possible

1132 3866 141 20 satisfaction
1282 3866 12 19 t
1298 3871 10 14 j
1318 3871 40 14 our
1368 3865 84 25 client--,
1475 3866 107 26 knowing
1590 3867 48 20 this
1646 3869 25 19 to

1133 3892 27 21 be
1169 3892 40 21 the
1219 3892 52 21 best
1280 3899 14 13 a
1301 3892 150 21 rveitii-ement
1459 3892 37 21 for
1509 3899 42 14 our
1559 3894 112 25 product*,

1131 3920 47 21 and
1186 3920 33 21 all
1227 3919 50 21 who
1287 3919 59 20 have
1358 3926 55 14 once
1428 3920 95 21 entered
1541 3920 49 21 into
1605 3921 67 21 busi-

1131 3954 52 14 ness
1192 3947 111 21 relations
1313 3946 56 20 with
1381 3953 34 14 .us
1431 3948 77 26 gladly
1528 3949 143 20 recommend

1134 3982 25 14 us
1168 3977 24 19 to
1204 3974 58 21 their
1271 3974 88 21 friends
1369 3974 46 21 and
1424 3976 182 27 acquaintances.

1186 4043 101 21 Address
1296 4043 37 21 for
1342 4043 82 21 letters
1432 4044 45 21 and
1486 4044 52 22 orde
1550 4052 10 14 s
1568 4061 5 5 .

1130 4123 2 13 ,
1146 4112 98 21 MORSE
1255 4111 261 23 MANUFACTURING
1526 4113 138 28 COMPANY

1296 4139 21 25 7,
1329 4139 29 21 ed
1367 4139 57 21 Lion
1435 4136 76 29 Court,

1131 4182 1 6 ,
1379 4167 93 21 London
1481 4167 53 22 B.C.

1117 4282 2 5 .
1158 4263 166 31 ©pTWantel,
1339 4263 25 20 at
1374 4269 63 18 onje;
1451 4263 25 21 m
1486 4270 69 20 every
1573 4264 99 26 locality,

1119 4308 3 2 .
1129 4289 165 33 aflSht^ligent
1313 4296 16 20 p
1335 4296 21 13 ui
1363 4296 33 14 o:i.
1395 4310 5 9 f
1409 4291 22 20 to
1440 4291 37 20 act
1496 4297 24 14 &i
1532 4297 46 24 ppv
1594 4294 71 23 Agent

1132 4316 35 21 n6
1178 4312 83 31 special
1270 4316 31 21 kn
1308 4316 89 27 wrlidge
1407 4318 68 26 requii
1480 4324 13 15 c
1499 4319 6 12 J

1132 4344 126 25 interfering
1280 4344 55 21 with
1358 4350 87 21 present
1466 4346 135 26 cc-ujation.
1638 4349 32 18 An

1132 4371 112 22 excellent
1259 4372 136 26 occupation
1412 4372 37 21 for
1458 4379 15 15 a
1491 4374 181 27 cajable^young

1133 4405 52 15 man
1195 4405 24 15 or
1228 4398 61 27 lady.
1489 4416 3 4 ,
1543 4417 4 2 .
1581 4418 3 5 ,

1118 4452 2 8 :.
1151 4449 14 11 If
1173 4448 37 12 fl!'
1221 4438 14 9 ''
1285 4448 61 12 •■■..-
1355 4443 2 14 :
1374 4452 42 8 ■■■-
1466 4447 7 9 ■'
1487 4448 1 1 ■
1502 4450 5 10 /

676 1013 66 45 H.
771 1012 269 46 LAMING

725 1112 249 46 Saddler

798 1201 106 33 and

597 1256 260 48 11EH1SS
898 1256 202 46 MAK.EE

739 1332 68 25 Near
826 1331 141 33 Saleyards.

682 1408 339 41 OXFORD.

585 1491 114 30 Orders
714 1491 62 29 and
805 1491 118 39 repairs
960 1491 149 40 promptly

582 1532 60 31 and
657 1531 105 41 neatly
777 1533 150 29 executed
953 1536 32 26 at
1011 1533 98 30 lowest

803 1582 91 22 rates.

677 1656 144 31 HORSE
845 1656 169 31 COVERS

603 1740 89 30 made
707 1745 32 25 to
754 1740 91 30 order
859 1740 62 30 and
946 1740 150 40 repaired.

623 1811 21 21 A
654 1812 64 21 stock
727 1811 23 21 of
758 1812 68 21 horse
835 1811 123 22 medicines
968 1818 29 14 on
1006 1811 69 26 hand,

649 1866 165 22 SOLOMON'S
838 1867 148 21 SOLUTION
1013 1867 37 21 &c.

582 1999 54 45 G.
658 1996 72 47 W.
752 1996 43 46 J.
816 1996 293 46 PARSONS

602 2100 315 45 MONUMENTAL
932 2099 164 46 MASON.

662 2173 61 25 Begs
732 2171 25 21 to
767 2177 117 15 announce
892 2171 54 21 that
955 2170 29 21 he
994 2170 43 21 has

611 2225 148 28 removed
765 2228 33 23 to
807 2225 40 25 56
857 2225 60 25 and
925 2224 40 26 58
977 2224 108 26 MAN-

671 2286 188 27 CHESTER
871 2285 155 26 STREET

697 2354 125 31 (Opposite
841 2352 64 26 Scot.
918 2352 82 32 Bros.)

583 2422 77 29 Every
682 2420 142 31 description
847 2420 26 29 of
894 2419 158 24 monumental
1068 2418 41 24 and

596 2481 89 24 marble
699 2481 63 23 work
774 2480 102 24 excuted
895 2484 25 19 at
932 2481 79 22 lowest
1030 2484 70 19 rates.

715 2547 130 31 Telephone
864 2547 48 28 No.
928 2547 56 24 682.

715 2622 94 30 Oxford
819 2621 78 32 Agent

772 2683 31 24 R.
821 2683 35 23 H.
874 2681 143 25 PARISH.
1037 2692 3 5 •

653 2834 52 46 G.
766 2834 291 46 SMITH.

593 2933 107 46 ZINC,
725 2933 87 46 TIN,
838 2933 96 40 MD
963 2931 142 44 SHEET

662 3017 136 40 STEEL
813 3016 218 39 WORKER.

601 3100 81 40 HIGH
701 3100 137 39 STREET.
859 3099 82 39 EAST
957 3099 138 39 OXFORD.

576 3191 45 24 All
631 3191 82 23 Kinds
725 3192 31 29 of
762 3191 91 31 Pumps
863 3191 79 22 Fixed
951 3191 51 22 and
1012 3191 97 29 Repair-

684 3257 29 24 ed
725 3259 28 21 at
764 3255 37 25 the
812 3255 102 25 shortest
925 3257 83 26 notice,

605 3383 71 48 W.
709 3383 381 66 H.^ALPOED.

615 3485 460 94 WATCHMAKER,

576 3610 151 21 WORKING
736 3607 174 27 JEWELLER,
925 3608 146 21 OPTICIAN
1081 3608 28 21 &c

645 3671 174 32 JVlairt
855 3669 220 41 street^

624 3764 44 39 O
695 3763 65 39 X
785 3762 199 40 FOR
1009 3762 64 39 D.

582 3843 167 41 •Jewellery
765 3843 33 30 of
814 3854 96 29 every
925 3842 184 41 description

617 3907 87 30 made
720 3909 32 26 to
767 3906 101 36 order,
891 3903 118 31 altered
1024 3905 62 29 and

773 3964 150 41 repaired.

582 4050 103 49 Pipes
699 4048 172 39 mounted
882 4048 71 39 and
960 4047 149 50 repaired

583 4118 59 40 Old
657 4117 82 40 Gold
754 4116 70 40 and
840 4117 111 38 silver

666 4188 137 33 Spectacles
821 4191 21 19 to
859 4188 48 22 suit
924 4187 37 23 all
977 4186 77 33 sights

579 4269 20 23 A
603 4271 56 28 gent
661 4268 47 29 for
718 4266 81 23 Adam
799 4265 23 23 's
828 4264 59 25 Star
906 4265 69 33 Cycle
990 4264 119 33 Company,

644 4320 76 32 W.
749 4319 51 33 H.
831 4290 226 61 At9x)RD

741 4374 78 31 East
834 4374 147 30 Oxford^
993 4373 32 11 :r>
1040 4387 5 3 -

94 138 84 54 s@

92 411 19 8 -
123 402 16 8 -
155 392 21 24 9
200 402 2 2 ■

92 411 40 28 |xi
155 414 20 12 °
195 423 19 21 J2
231 418 21 24 go

92 468 40 23 <=>
154 465 22 35 8
230 463 23 38 S

89 621 39 26 iA
153 622 20 33 £

160 1435 269 46 NOTICE.

55 1535 115 47 JOB
187 1534 352 46 PRINTING.

42 1625 115 45 JOB
187 1623 368 46 POINTING!

87 1703 172 32 OXFORD
292 1700 226 33 OBSERVER

112 1775 164 40 Machine
312 1773 173 51 Printing

204 1853 180 42 WORES.
413 1888 3 3 .

76 1941 98 23 MAIN
189 1940 148 28 STREET,
367 1938 150 25 OXFORD.

134 2008 90 23 FINE
240 2005 186 25 PRINTING.

49 2059 43 38 In
104 2069 74 37 any
193 2057 155 48 Variety
363 2067 37 27 or
419 2056 113 48 Style.

86 2116 237 50 Bmorial'
358 2114 150 51 €&«ls.

27 2211 38 38 m
80 2220 83 29 new
178 2209 70 39 and
264 2208 124 40 chaste
408 2208 154 50 designs.

174 2264 53 38 ss.
256 2272 62 40 per
343 2262 73 39 doz.
479 2276 3 4 •

110 2320 207 40 Statement
336 2319 128 46 Heads,

108 2380 79 38 Ball
202 2380 259 49 Programmes,

108 2439 152 44 Posters,
286 2438 199 46 Handbills,

108 2496 191 46 Billheads,
327 2495 165 50 Cheques,

108 2556 123 39 Letter
247 2554 70 40 and
331 2554 89 38 Note
435 2553 127 47 Heads,

111 2613 183 44 Circulars,
322 2611 135 46 Menus,

60 2671 222 51 Catalogues,
309 2669 56 40 &c.
385 2669 58 39 &c.
469 2669 61 40 &c«

160 2732 97 39 styles
271 2731 33 29 m
320 2730 130 40 visiting
464 2730 62 29 and

165 2789 140 30 business
327 2787 99 30 cards.

27 2847 72 39 The
111 2845 139 40 newest
277 2844 116 48 styles
408 2843 38 38 m
461 2843 102 50 types

104 2902 71 41 and
202 2899 284 42 OMAMEHTS.

64 4113 197 50 Hnw.U.
281 4125 72 47 por
387 4113 147 48 &mm.

280 4224 43 22 TA
562 4213 1 34 i

34 4375 191 34 EAST
248 4377 305 37 OXFORD
