4168 5917
1329 75 115 40 THE
1499 71 185 43 LYELL
1735 67 187 46 TIMES,
1977 61 309 48 SATURDAY,
2344 62 193 41 MARCH
2590 64 34 45 6,
2684 64 101 39 1886.

261 214 136 39 Mining
424 214 150 30 Notices.

105 293 73 27 TYR
205 293 99 26 CONN
310 293 72 26 ELL
413 292 148 35 QUARTZ
592 290 144 28 MINING

226 343 190 35 COMPANY,
437 342 173 31 LIMITED.

124 447 68 29 AT
211 458 14 18 a
249 447 121 37 Meeting
383 448 30 28 of
428 448 148 33 Directors,
597 444 64 31 held
683 446 54 29 this

211 499 62 35 day,
288 508 15 18 a
324 500 94 26 CALL
439 500 55 34 (the
517 498 72 35 17th)
613 498 29 27 of
662 497 74 27 ONE

108 552 127 28 PENNY
258 551 243 28 HALF-PENNY
515 561 47 26 per
581 550 79 28 share
683 559 55 19 was

107 602 100 33 struck,
221 601 52 29 and
288 602 79 28 made
382 602 113 37 payable
506 606 27 24 to
544 601 46 28 the
600 610 140 27 manager,

110 659 26 25 at
158 656 46 28 the
226 655 146 35 registered
386 655 76 29 office
476 656 29 27 of
522 654 45 29 the
587 655 151 36 Company.

108 707 65 28 Cliff
196 707 96 33 Street,
319 707 85 36 Lyell,
430 717 35 17 on
490 705 249 34 WEDNESDAY,

110 759 63 28 10th
188 758 144 34 MARCH,
348 761 75 26 1885.

358 811 121 31 JAMES
499 810 139 35 INGLIS,

569 850 138 33 Manager.

145 888 86 37 Lyell,
246 889 41 27 Ist
300 887 104 34 March,
420 889 74 27 1880.

279 968 118 30 Public
416 968 150 29 Notices.

112 1049 78 28 THE
222 1047 191 30 NATIONAL
444 1046 104 29 BANK
578 1047 47 28 OF
656 1046 87 29 NEW

235 1086 186 33 ZEALAND,
447 1085 176 29 LIMITED.

115 1165 120 53 This
251 1162 103 30 bank
360 1164 55 28 win
421 1162 33 28 be
462 1163 154 27 opened
630 1167 28 24 to
669 1164 76 28 buy

204 1203 99 26 GOLD
324 1201 55 28 and
398 1201 191 27 TRANSACT
609 1202 136 27 General

115 1239 176 30 BANKING
320 1238 186 31 BUSINESS
540 1242 27 25 at
601 1239 79 33 Lyell
712 1249 33 18 on

115 1279 207 33 SATURDAY,
336 1279 47 28 6th
397 1279 53 35 day
463 1277 30 28 of
504 1276 140 33 MARCH,
659 1277 86 29 under

114 1317 46 28 the
191 1317 98 37 charge
320 1317 31 29 of
378 1316 46 29 the
455 1316 118 29 Reefton
604 1317 141 36 Manager,

115 1356 24 28 I.
160 1356 98 29 Lewis.

410 1393 43 30 W.
474 1391 168 36 DYMOCK,

561 1433 151 36 Inspector.

138 1517 105 32 BANK
261 1519 47 30 OF
327 1518 88 30 NEW
436 1518 124 30 SOUTH
580 1517 140 30 WALES.

115 1594 87 59 AN
217 1593 98 29 Officer
332 1593 70 28 from
415 1592 203 35 the-Westport
636 1590 110 28 Branch

212 1632 30 28 of
252 1632 54 28 this
316 1631 103 29 BANK
427 1629 56 30 will
492 1630 62 28 visit
562 1629 77 37 Lyell
649 1629 41 28 for
702 1629 46 29 the

115 1679 116 27 purpose
245 1671 28 27 of
285 1670 168 35 transacting
467 1670 135 27 General
615 1669 131 26 Banking

118 1708 148 33 Business,
313 1717 35 19 on
393 1707 183 33 TUESDAY,
607 1705 47 28 the
701 1705 48 28 9th

122 1746 142 34 MARCH,
289 1746 53 28 and
366 1745 106 28 remain
502 1745 42 28 till
576 1743 148 30 WEDNES-

116 1783 76 28 DAY
211 1785 134 35 morning,
360 1783 63 28 10th
437 1783 104 28 March.

186 1869 290 28 FENNELL'S
523 1868 155 27 HALL.

117 1945 197 28 TO-NIGHT!
334 1944 196 27 TO-NIGHT!
550 1944 199 28 TO-NIGHT!

225 1982 144 39 Saturday,
389 1982 94 29 March
502 1982 57 35 Gth,
574 1983 75 28 1886.

123 2061 178 39 FOLEY
336 2061 113 38 AND
495 2060 255 38 BERKLEY

408 2121 55 20 THE

155 2153 74 27 Most
248 2152 150 28 Successftil
417 2151 54 27 and
483 2152 124 27 Genuine
620 2151 80 27 Enter-

189 2190 190 29 tainertainers
391 2189 30 28 of
436 2189 46 28 the
501 2192 108 34 present
619 2189 64 36 day,

377 2227 30 30 in
421 2227 70 30 their

124 2276 254 59 HUMOROUS
400 2276 77 26 AND
503 2275 248 27 DELIGHTFUL

269 2312 338 33 ENTERTAINMENT,

381 2350 122 36 entitled,

123 2494 92 32 Come,
226 2502 43 19 see
283 2492 53 29 and
346 2492 82 36 judge
441 2492 40 27 for
499 2491 164 36 yourselves.
701 2491 34 27 Re-

192 2530 93 29 ceived
297 2531 66 28 with
376 2540 15 18 a
405 2530 88 28 furore
507 2529 30 28 of
553 2528 130 38 applause

350 2567 179 37 everywhere.

126 2609 76 30 OUR
222 2608 182 35 FATHERS,
423 2608 47 28 OR
489 2607 144 29 FAMILY
652 2607 103 29 TIES!

177 2648 58 27 The
249 2652 71 22 most
333 2646 247 35 mirth-provoking
591 2646 44 35 p'e
644 2655 20 17 *e
678 2646 30 26 of

297 2685 100 27 humor
409 2682 174 37 imaginable.

127 2723 123 28 FOLEY
271 2723 54 27 and
347 2721 187 33 BERKLEY,
557 2721 45 28 the
620 2721 135 30 vocalists,

264 2759 113 28 dancers
391 2759 52 28 and
457 2759 164 27 comedians,

128 2796 3 38 i
141 2799 72 28 First
238 2806 165 28 appearance
428 2798 30 26 of
485 2797 87 27 MISS
603 2796 143 28 LAURIE

214 2836 137 31 BLOOM,
363 2835 46 27 the
422 2834 121 28 eminent
556 2834 115 36 pianiste

346 2873 51 27 and
417 2881 124 28 soprano.

128 2913 121 33 Original
271 2911 148 37 absurdity,

144 2951 173 33 introducing
327 2949 100 30 Messrs
435 2951 93 26 Foley
537 2949 53 28 and
604 2950 139 27 Berkley

249 2991 29 25 in
289 2991 33 25 $0
334 2988 125 28 different
477 2989 161 26 characters.

146 3073 173 29 Admission:
354 3072 85 29 Front
471 3072 85 30 Seats,
582 3074 56 31 Bs.;
669 3071 74 29 Back

198 3114 85 32 Seats,
303 3113 38 26 2s.
382 3109 139 35 Children,
535 3110 59 28 half
611 3110 81 36 price.

172 3195 114 29 STATE
308 3195 259 31 SCHOOLROOM,
588 3194 132 28 LYELL.

132 3300 109 28 mHE
268 3299 84 29 KEY.
379 3300 30 28 T.
439 3299 32 29 B.
501 3297 179 32 MACLEAN
706 3298 55 29 will

227 3354 102 27 deliver
342 3363 15 17 a
373 3353 175 27 LECTURE
571 3363 35 16 on
630 3353 109 27 SATUR-

132 3405 76 29 DAY
221 3403 184 35 EVENING,
426 3403 132 30 MARCH
578 3403 73 30 13th.

379 3481 138 28 Subject:

133 3523 17 14 44
162 3520 131 30 Platform
308 3520 181 38 Experiences
503 3520 29 29 of
548 3520 26 29 J.
589 3520 32 29 B.

167 3597 83 29 Chair
263 3601 26 24 to
302 3596 32 29 be
348 3596 81 29 taken
442 3600 28 24 at
482 3596 75 33 eight
571 3596 111 28 o'clock.

167 3634 155 30 Admission
348 3636 63 27 free.
448 3635 24 28 A
491 3635 141 28 collection
656 3634 54 28 will
729 3634 32 28 be

132 3674 80 30 made
225 3683 28 20 m
268 3674 43 28 aid
331 3674 29 28 of
378 3674 45 28 the
446 3674 122 35 building
587 3673 67 29 fund
675 3674 30 28 of
724 3674 40 28 St.

134 3713 155 31 Matthew's
302 3713 119 35 Church,
435 3713 87 34 Lyell.

273 3796 173 30 CENTRAL
473 3795 155 30 BULLER

135 3835 251 60 Amateur
414 3835 96 27 race
545 3835 221 32 meeting,

344 3873 39 27 To
395 3871 33 29 be
442 3871 63 28 held
519 3875 27 24 at

186 3911 78 28 THE
284 3911 130 28 THREE
435 3911 139 27 RIVERS
594 3910 125 34 PLAIN,

318 3950 131 27 Central
471 3949 126 33 Buller,

136 3990 42 27 On
191 3988 254 32 WEDNESDAY,
460 3988 62 29 17th
535 3988 142 32 MARCH,
692 3988 45 28 188
737 3988 29 28 G.

372 4064 150 30 Stewards
533 4071 5 21 :

141 4105 100 27 Messrs
254 4104 27 26 J.
296 4103 77 34 Edge
435 4103 4 34 I
456 4103 101 26 Messrs
570 4103 32 26 R.
618 4103 111 26 Perkins

258 4140 25 30 J.
297 4140 94 29 James
573 4139 30 28 T.
618 4138 141 30 O'Rourke

258 4181 31 28 0.
305 4179 96 37 Lynch
436 4171 3 45 |
500 4200 16 13 ~
574 4179 39 29 M.
627 4179 85 29 Dunn

343 4218 95 27 James
456 4217 112 27 Lowiclc

256 4257 95 28 Judge
363 4264 6 20 :
389 4256 44 28 Mr
446 4256 82 27 Owen
542 4255 106 35 Lynch.

248 4296 127 27 Starter
386 4301 6 20 :
413 4294 44 26 Mr
470 4294 30 26 T.
515 4294 152 26 O'Rourke.

177 4334 97 28 Clepk
286 4341 33 19 of
331 4340 56 20 the
402 4332 110 28 Course
522 4339 6 21 :
550 4330 43 30 Mr
606 4332 25 28 J.
644 4332 95 29 James

165 4374 100 28 lerk
277 4380 33 20 of
323 4379 55 19 the
393 4371 103 27 Scales
506 4379 6 19 :
533 4371 43 27 Mr
588 4371 27 28 J.
629 4371 118 28 Lowick.

214 4411 202 29 Handicapper
425 4417 6 21 :
452 4409 44 29 Mr
508 4409 30 28 T.
554 4409 151 29 O'Rourke.

162 4451 155 27 Honorary
336 4449 169 28 Treasurer
514 4457 6 19 :
541 4449 44 28 Mr
597 4449 26 28 J.
638 4449 118 28 Lowick.

938 209 118 31 Public
1074 209 129 32 Noticei

770 286 348 60 Larsen's
1190 286 210 70 Punt,

903 381 154 28 BULLER
1076 379 194 30 CROSSING.

775 493 107 60 THE
902 492 139 34 following
1054 492 115 27 SCALE
1184 491 30 28 of
1228 490 176 28 CHARGES

874 530 56 29 will
960 530 31 29 be
1023 529 129 30 collected
1186 535 28 23 at
1243 529 46 29 the
1320 529 87 29 above

776 571 70 26 Punt

1334 614 21 19 s.
1380 604 26 28 d.

776 647 92 36 Every
881 654 145 29 passenger
1038 644 102 29 carried
1154 654 65 19 over
1264 661 8 5 -
1311 646 44 26 -0
1391 645 16 26 6

811 706 17 12 ~
882 685 87 30 horse,
981 684 54 27 and
1045 692 66 18 man
1120 685 28 25 in
1158 684 98 33 charge
1265 699 8 4 -
1341 684 13 26 1
1392 684 15 25 G

881 721 171 37 pack-horse,
1063 719 97 30 loaded
1170 737 8 5 -
1217 737 7 5 -
1263 737 8 5 -
1310 737 7 4 -
1339 721 12 27 1
1390 722 15 26 6

881 759 150 29 additional
1052 760 90 32 horse,
1162 768 30 18 or
1204 758 70 28 head
1296 759 29 27 of

913 802 75 35 great
1001 797 80 30 cattle
1127 814 194 5 .....
1341 797 17 28 0
1393 797 16 29 G

883 838 92 34 sheep,
985 846 48 27 per
1046 837 71 27 head
1340 838 18 25 0
1393 838 16 24 2

884 877 54 34 pig,
952 884 47 26 per
1010 873 72 28 head
1340 874 17 26 0
1393 874 16 26 3

885 913 117 30 vehicles
1020 922 35 19 on
1071 913 17 28 2
1101 911 108 33 wheels,
1229 911 95 30 drawn

918 953 35 34 by
967 961 51 18 one
1031 951 89 32 horse,
1136 951 91 27 driver
1238 951 72 27 inclu-

918 988 61 32 ded,
993 988 96 28 loaded
1102 998 30 18 or
1144 993 94 31 empty
1268 988 142 27 -.16

886 1026 150 30 additional
1078 1026 79 28 horse
1201 1026 124 37 drawing

918 1075 75 19 same
1343 1065 17 27 0
1397 1065 15 26 6

887 1104 83 30 coach
991 1113 30 19 or
1033 1112 124 27 waggon,
1179 1102 97 29 loaded
1296 1112 31 19 or

918 1147 104 32 empty,
1029 1143 65 28 with
1103 1145 16 25 2
1127 1141 102 34 horses,
1238 1141 91 30 driver

919 1181 137 31 included,
1086 1189 160 26 passengers
1278 1184 50 23 not

919 1216 128 31 included
1346 1218 16 26 2
1397 1216 17 28 0

888 1256 150 31 additional
1050 1256 80 29 horse
1346 1256 18 27 0
1398 1256 16 28 6

889 1298 88 31 horse,
991 1296 77 36 dray,
1081 1294 55 29 and
1154 1294 99 33 driver,
1271 1293 57 29 and

918 1340 95 24 return
1029 1343 74 19 same
1117 1333 53 36 day
1181 1349 8 5 -
1228 1349 7 5 -
1274 1333 142 28 --20

784 1376 132 36 Ferrying
941 1372 83 39 goods
1042 1372 80 28 when
1144 1371 46 28 the
1212 1380 99 27 convey-

817 1423 66 19 ance
910 1414 27 27 in
962 1411 87 29 which
1076 1411 65 35 they
1163 1410 70 28 have
1258 1409 69 29 been

818 1452 118 35 brought
962 1455 29 22 to
1021 1449 46 28 the
1091 1450 71 33 ferry
1188 1448 64 27 does
1281 1451 50 24 not

816 1499 81 25 cross,
911 1497 48 30 per
970 1491 58 31 ton,
1043 1487 40 30 Ist
1096 1488 15 27 5
1124 1488 60 28 cwt.
1223 1502 8 6 -
1343 1486 18 29 0
1396 1486 16 29 6

817 1531 91 34 Every
921 1531 15 25 5
950 1532 60 24 cwt.
1024 1536 65 19 over
1343 1527 17 26 0
1396 1527 15 26 3

782 1566 119 32 Timber,
914 1574 48 26 per
975 1566 50 26 100
1042 1565 54 25 feet
1133 1577 8 6 -
1180 1577 8 6 *
1226 1578 8 5 -
1273 1576 11 7 -
1319 1578 8 5 -
1346 1563 18 26 0
1400 1564 16 24 6

819 1603 139 36 (Charges,
972 1602 68 27 after
1057 1599 77 33 dark,
1148 1607 52 19 one
1213 1598 60 28 half
1283 1599 95 36 more.)

785 1686 161 41 FERN
993 1682 155 41 FL'AT
1194 1682 220 48 HOTEL,

943 1746 125 29 UPPER
1098 1744 163 30 BULLEB.

786 1856 108 59 THE
908 1854 85 28 above
1007 1853 175 27 well-known
1198 1851 75 27 hotel
1292 1852 23 26 is
1338 1852 80 33 again

875 1892 87 29 under
972 1892 46 28 the
1028 1894 194 33 management
1232 1889 28 28 of
1271 1889 44 28 Mr
1326 1889 93 29 Alfred

786 1931 101 33 Smith,
897 1931 47 28 the
956 1930 101 28 former
1070 1929 158 36 proprietor.

821 2037 92 36 Every
926 2034 236 30 accommodation
1170 2033 55 28 and
1239 2033 180 28 convenience

787 2075 40 28 for
839 2073 140 30 travellers
992 2073 118 28 between
1125 2071 46 29 the
1184 2071 77 28 West
1274 2071 81 28 Coast
1366 2070 54 29 and

790 2112 109 34 Nelson,
920 2110 150 38 Hampden
1093 2109 173 32 Matakitaki,
1289 2110 130 36 Glenroy,

789 2151 115 32 Maruia,
918 2150 53 27 and
985 2150 46 27 the
1045 2149 82 27 Owen
1143 2148 87 27 Reefs.

789 2265 162 27 Newman's
964 2263 89 34 Royal
1075 2261 69 28 Mail
1164 2261 69 28 Line
1253 2260 31 29 of
1300 2259 122 30 Coaches

823 2301 81 28 make
929 2301 55 27 this
1005 2299 136 35 hostelery
1161 2299 47 26 the
1230 2298 59 26 first
1310 2297 77 35 day's

858 2343 75 34 stage
946 2338 70 30 from
1027 2336 76 31 West
1111 2336 82 29 Coast
1202 2338 28 27 to
1242 2334 111 31 Nelson.

824 2452 123 30 Tourists
960 2460 51 20 can
1024 2450 32 28 be
1070 2448 131 38 provided
1214 2447 66 30 with
1291 2457 82 26 every
1383 2457 26 19 re-

790 2492 154 35 quirement
955 2491 42 26 for
1007 2489 112 33 visiting
1133 2487 45 28 the
1192 2487 76 28 lakes
1280 2486 55 28 and
1348 2495 56 27 mag-

790 2529 112 28 nificent
915 2526 181 36 surrounding
1107 2529 125 32 country.

825 2569 104 28 Horses
943 2566 54 29 and
1014 2566 146 37 equipages
1173 2573 16 20 a
1203 2562 151 39 speciality.

974 2617 188 39 ALFRED
1185 2617 163 44 SMITH,

1221 2659 164 36 Proprietor.

983 2735 226 29 NOTICE

794 2840 109 60 FOR
921 2838 166 33 SALE(A
1100 2836 200 35 Bargain.)'i
1312 2835 91 28 VALU-

888 2877 99 28 ABLE
1008 2875 182 29 SLUICING
1209 2874 128 30 CLAIM,
1361 2875 52 27 situ-

795 2922 43 23 ate
851 2920 28 25 at
892 2917 46 28 the
947 2916 51 29 Old
1007 2916 140 36 Diggings,
1155 2914 94 28 Buller
1260 2914 91 33 River,
1362 2922 67 19 near

794 2956 126 27 Berlin's.

830 3002 86 28 There
930 3002 23 27 is
975 3011 15 18 a
1012 3000 70 36 good
1107 3003 86 24 water
1218 3008 71 22 race,
1303 2997 127 36 carrying

795 3040 76 28 three
885 3040 187 28 Government
1087 3037 94 34 heads,
1191 3036 118 36 brought
1321 3036 30 27 in
1360 3036 69 27 from

796 3089 16 17 a
824 3077 191 36 never-failing
1027 3086 103 18 source.

830 3125 75 34 Also,
920 3135 14 19 a
954 3126 74 37 large
1051 3123 162 31 substantial
1237 3122 74 35 dam,
1325 3122 107 36 mining

797 3165 77 33 tools,
889 3166 44 26 &e.

833 3254 170 29 Reasonable
1016 3258 95 27 terms,
1125 3263 30 18 as
1173 3262 48 27 per
1240 3253 193 33 arrangement

798 3293 36 38 by
848 3293 131 38 applying
992 3296 28 25 to

1024 3343 174 29 WILLIAM
1217 3342 145 32 HANNA,

1283 3392 117 30 Carrier.

995 3476 253 30 NOTICE.

819 3585 20 24 A
860 3585 48 26 LL
944 3582 197 29 ACCOUNTS
1171 3581 129 29 OWING
1331 3584 28 24 to
1389 3580 47 28 the

903 3633 279 31 UNDERSIGNED
1191 3632 102 29 MUST
1304 3632 32 28 be
1346 3632 90 28 PAID

803 3688 146 30 WITHIN
983 3687 76 29 ONE
1097 3685 137 30 MONTH
1263 3685 70 29 from
1364 3684 72 34 date,

802 3742 144 28 otherwise
971 3740 71 35 legal
1063 3739 175 36 proceedings
1263 3738 55 27 will
1338 3738 33 27 be
1395 3739 30 25 in

803 3792 113 30 stituted
928 3791 40 29 for
978 3799 138 27 rocovery.

837 3844 89 27 Those
937 3843 148 28 interested
1098 3841 56 28 will
1171 3841 91 37 please
1275 3844 94 33 accept
1382 3840 55 28 this

805 3904 29 19 as
847 3904 16 19 a
875 3894 67 29 final
952 3895 99 28 notice.

1034 3944 165 31 EDWARD
1219 3944 182 30 CARROLL.

840 3999 88 36 Lyell,
941 3999 125 35 January
1079 3998 75 33 30th,
1168 3999 45 28 188
1213 3999 30 28 G.

850 4085 143 28 CATTLE
1021 4083 184 28 TRESPASS
1224 4083 79 32 ACT,

809 4189 181 61 NOTICE
1003 4189 23 28 is
1038 4188 102 35 hereby
1153 4188 80 33 given
1249 4187 61 28 that
1329 4196 35 18 on
1386 4186 54 28 and

913 4228 68 28 after
994 4228 46 26 the
1062 4226 63 28 13th
1149 4226 61 28 Mar
1211 4225 43 32 eh,
1275 4226 66 27 1880
1363 4229 74 28 next,

809 4266 46 28 the
874 4265 151 37 provisions
1045 4264 32 28 of
1122 4264 57 28 The
1198 4264 89 28 Cattle
1310 4264 130 34 Trespass

809 4304 59 33 Act,
883 4304 75 32 1808,
971 4303 55 27 will
1049 4302 31 28 be
1103 4301 125 28 enforced
1250 4310 36 19 on
1308 4309 47 28 my
1368 4300 72 32 land,

810 4342 80 38 being
902 4341 181 38 Agricultural
1098 4341 84 28 Lease
1197 4339 99 30 known
1310 4349 29 19 as
1353 4339 70 29 Mata-

810 4381 56 28 taki
891 4381 86 36 Ferry
1002 4380 127 33 Reserve,
1151 4379 159 28 Murchison
1336 4379 105 35 Survey

811 4421 121 29 District.

845 4460 62 27 And
932 4459 60 27 that
1011 4458 22 27 it
1052 4457 23 28 is
1095 4467 48 25 my
1165 4457 132 28 intention
1318 4460 27 23 to
1358 4456 82 27 claim

811 4496 129 36 damages
953 4495 89 29 for.all
1056 4495 88 28 Cattle
1157 4494 177 37 Trespassing
1346 4503 35 18 on
1395 4493 45 28 the

811 4535 57 28 said
892 4534 75 33 land,
991 4534 122 28 whether
1136 4533 47 28 the
1207 4543 75 18 same
1308 4532 71 28 shall
1410 4532 32 28 be

811 4573 95 28 fenced
918 4582 31 19 or
962 4572 174 28 unenclosed.

1110 4622 158 28 ARTHUR
1289 4621 118 29 ROWE.

847 4677 169 33 Murchison,
1030 4676 139 36 February
1183 4675 73 33 13th,
1272 4677 74 27 1886.

874 4757 216 40 FORSYTH
1111 4757 28 39 &
1162 4755 230 49 MASTERS,

814 4825 292 61 WHOLESALE
1134 4824 20 27 &
1182 4824 140 26 RETAIL
1341 4824 84 27 IRON-

1036 4861 191 33 MONGERS,

965 4917 168 31 Broadway,
1153 4915 143 33 Reefton,

818 4971 78 27 Have
910 4979 36 18 on
958 4968 74 28 hand
1050 4967 137 37 imported
1207 4967 84 28 direct
1308 4967 71 28 from
1401 4967 46 28 the

869 5007 91 28 Home
974 5005 129 33 markets,
1117 5014 14 18 a
1144 5005 87 32 Large
1245 5005 54 28 and
1314 5005 65 28 Well-

1002 5045 120 28 assorted
1143 5044 82 28 Stock
1238 5044 30 28 of

818 5108 166 40 Builders'
999 5106 218 49 Furnishing,
1231 5105 137 49 Mining
1382 5104 68 41 and

924 5170 146 36 General
1092 5170 255 43 Ironmongery,

819 5245 100 30 Which
942 5245 65 36 they
1026 5255 45 18 are
1093 5242 131 38 prepared
1248 5246 28 24 to
1298 5242 50 28 sell
1369 5244 28 26 to
1410 5252 26 18 re-

832 5285 103 28 sidents
947 5284 30 28 of
987 5284 55 36 Lye
1046 5283 17 28 11
1077 5287 29 23 at
1115 5281 150 36 extremely
1278 5281 52 27 low
1344 5282 95 35 prices.

822 5378 153 30 Bickford's
988 5379 80 33 Fuse,
1082 5378 91 28 Hall's
1190 5376 125 34 Blasting
1329 5374 122 32 Powder,

824 5420 120 32 Octagon
959 5418 80 33 Steel,
1054 5418 90 27 Ames'
1167 5416 124 33 Shovels,
1312 5415 66 28 Pick
1397 5415 54 28 and

824 5459 136 27 Hammer
972 5456 133 31 Handles,
1120 5456 54 31 &c.,
1185 5459 95 30 agents
1293 5454 41 28 for
1344 5454 110 28 Nobel's

1057 5493 161 40 Dynamite.

824 5559 159 31 Furniture,
1014 5557 133 31 Bedding.
1178 5557 113 30 Lamps,
1334 5555 120 34 Cutlery,

826 5596 169 37 Carpenters'
1010 5594 90 31 Tools,
1118 5593 103 31 Paints,
1244 5592 66 33 Oils,
1332 5592 122 32 Colours,

962 5634 93 36 Fancy
1068 5633 165 33 Ware,'&c.;
1252 5632 66 33 also,

829 5686 22 27 A
865 5685 86 35 Large
964 5685 174 28 Assortment
1155 5683 30 29 of
1202 5682 165 29 Galvanised
1381 5682 74 31 Iron,

929 5724 143 28 Bessemer
1085 5722 52 28 and
1157 5721 104 36 Plough
1282 5719 73 30 Steel

1016 5779 102 29 WIRE
1140 5778 127 28 ROPES.

931 5833 59 26 SSS
1021 5831 174 28 OCTAGON
1224 5830 128 28 STEEL.

146 4527 150 28 Handicap
314 4523 83 29 Hack
417 4524 74 27 Race
512 4523 30 30 of
558 4526 15 27 5
595 4534 70 18 sovs.
702 4525 73 28 Once
787 4522 1 33 I

180 4564 88 29 round
281 4562 46 29 the
341 4571 103 18 course.
482 4563 64 27 Tost
559 4567 88 31 entry,
663 4564 54 26 10s.

147 4603 95 28 Lyell
260 4609 55 20 and
334 4600 117 28 Buller
469 4601 92 27 Plate
580 4602 145 26 Hancicap
748 4601 30 27 of

182 4642 32 27 10
229 4649 69 19 sovs.
336 4640 33 35 1
387 4638 88 29 miles.
512 4639 187 34 Nomination,
714 4640 62 33 10s;

183 4683 169 33 acceplnnce,
367 4679 54 27 10s.

147 4718 149 28 Handicap
315 4718 83 26 Hack
419 4716 75 27 Race
505 4716 29 27 of
550 4718 14 25 5
583 4725 70 19 sovs.
690 4716 16 34 $
715 4716 62 27 mile

183 4756 78 30 heatg
303 4754 115 30 without
465 4753 195 36 dismounting.
715 4753 63 30 Post

183 4800 89 32 entry,
287 4796 54 28 10s.

148 4836 150 27 Handicap
324 4833 83 26 Hack
427 4832 76 27 Race
529 4831 30 27 of
581 4833 32 26 10
638 4841 70 18 sovs.
747 4832 31 33 1|
787 4831 1 34 |

184 4872 86 29 miles.
308 4870 188 34 Nomination,
516 4871 62 32 10s;
609 4873 170 33 acceptance,

185 4913 55 26 10s.

152 4950 191 28 Consolation
356 4948 150 28 Handicap
517 4946 28 28 of
551 4948 15 26 5
575 4956 70 19 sovs.
683 4947 12 27 1
707 4946 72 28 mile.

186 4988 99 35 Entry,
300 4988 54 26 10s.
392 4986 54 27 For
458 4985 35 27 all
506 4985 96 28 beaten
614 4984 103 28 horses.

188 5064 43 28 No
253 5066 80 33 entry
353 5062 56 29 will
430 5062 32 28 be
476 5061 121 29 received
618 5061 42 28 for
681 5071 54 25 any
755 5061 30 28 of

153 5104 46 28 the
212 5111 75 19 races
300 5104 93 33 except
406 5111 33 18 on
451 5101 54 27 this
519 5100 137 29 condition
711 5100 71 27 That

153 5143 37 28 all
203 5141 129 38 disputes,
346 5141 103 30 claims,
459 5139 54 29 and
522 5139 148 37 objections
681 5139 100 34 arising

153 5184 48 23 out
214 5181 29 26 of
253 5180 46 26 the
313 5181 93 31 racing
418 5179 71 26 shall
508 5178 31 26 be
558 5178 110 26 decided
682 5177 36 34 by
736 5177 46 26 the

155 5217 144 32 Stewards,
320 5216 91 28 whose
434 5214 133 28 decisions
580 5224 34 18 on
634 5214 36 28 all
692 5213 91 38 points

154 5256 147 29 connected
322 5255 65 29 with
407 5255 46 28 the
472 5264 125 27 carrying
616 5258 47 24 out
681 5254 26 28 ot
729 5252 54 28 this

153 5303 174 29 programme
340 5294 69 27 shall
424 5293 32 28 be
467 5292 76 28 final.

190 5334 35 28 In
239 5333 45 29 the
306 5338 80 23 event
407 5331 31 29 of
450 5341 53 27 any
523 5341 96 27 person
633 5330 124 34 entering
769 5339 16 18 a

155 5375 103 34 protest
270 5372 45 28 the
329 5380 61 18 sum
404 5371 29 27 of
496 5371 29 27 Is
546 5373 75 24 must
639 5369 31 28 be
690 5367 95 37 lodged

156 5410 66 30 with
235 5410 46 30 the
296 5410 141 36 Secretary
450 5409 91 29 before
560 5407 66 30 such
649 5411 103 34 protest
763 5407 24 28 is

157 5449 167 29 considered.
360 5449 67 26 This
447 5458 60 17 sum
530 5452 27 23 to
571 5448 31 27 be
621 5446 124 28 forfeited
759 5451 26 21 to

157 5488 47 29 the
226 5487 81 29 funds
328 5486 96 30 should
438 5486 46 29 the
506 5485 137 30 Stewards
664 5484 124 29 consider

158 5529 47 27 the
231 5531 103 33 protest
357 5527 129 28 frivolous
510 5536 31 18 or
564 5526 158 31 vexatious;
751 5524 37 27 all

158 5569 118 33 protests
295 5568 74 24 must
390 5565 32 27 be
444 5564 95 34 lodged
560 5564 96 26 within
670 5563 103 26 half-an-

159 5604 71 28 hour
241 5603 70 27 from
324 5601 82 29 finish
420 5602 29 28 of
459 5610 70 19 race.

194 5642 88 28 Three
296 5642 92 28 horses
401 5645 74 24 must
488 5644 76 24 enter
576 5639 41 28 for
630 5638 64 29 each
708 5641 80 25 event

160 5690 31 18 or
205 5679 44 28 the
264 5679 89 36 public
366 5688 100 26 money
479 5678 55 28 will
548 5682 47 23 not
607 5677 33 28 be
653 5677 89 33 given.

194 5719 43 26 All
251 5718 99 27 entries
363 5717 41 28 for
418 5717 68 28 hack
501 5725 73 19 races
589 5720 26 23 to
634 5715 32 28 be
687 5713 101 39 subject

160 5760 27 25 to
201 5756 46 29 the
261 5756 128 36 approval
403 5755 30 27 of
444 5755 44 27 the
505 5753 142 28 Stewards.

386 5793 151 28 ALFRED
558 5792 130 30 SMITH,

518 5832 74 27 Hon.
607 5833 150 26 Secretary.

1599 205 119 33 Public
1741 202 152 33 Notices.
2074 202 1 36 '

1626 282 247 33 notice.

1432 368 40 28 To
1486 367 45 28 the
1545 365 170 29 inhabitants
1724 365 27 26 ot
1764 358 78 38 Lyell
1854 356 54 31 and
1919 351 129 33 surround-

1661 403 47 35 ing
1720 399 113 29 district.

1571 477 169 38 HENRY
1770 472 166 39 YOUNG

1435 539 132 58 BEGS
1580 541 28 24 to
1621 537 125 28 intimate
1766 533 59 29 that
1846 531 34 28 he
1905 526 109 31 intends
2039 528 27 25 to

1530 580 69 23 start
1611 574 116 35 Baking,
1741 572 54 27 and
1808 571 36 34 by
1867 567 102 38 paying
1992 564 76 28 strict

1435 615 132 28 attention
1582 618 27 24 to
1623 612 42 28 his
1686 611 123 28 business
1830 612 28 23 to
1880 603 82 31 merit
1983 612 16 19 a
2018 602 50 28 fair

1437 654 77 28 share
1530 654 29 27 of
1569 654 121 35 support.
1727 649 57 28 The
1798 648 71 37 price
1882 641 56 32 will
1950 643 33 28 be

1484 729 5 8 .
1534 700 74 50 4lb.
1632 697 144 40 LOAF
1839 718 12 5 -
1908 691 61 50 9d.

1471 794 38 29 H.
1528 791 131 31 YOUNG
1673 788 110 31 intends
1797 791 27 25 to
1839 784 99 40 supply
1950 783 47 28 the
2004 790 66 28 very

1436 834 59 27 best
1507 833 105 35 quality
1623 831 30 28 of
1664 828 91 29 bread.
1792 828 22 26 A
1823 827 73 32 large
1907 826 165 26 assortment

1439 871 29 28 of
1489 870 80 27 small
1594 868 84 35 goods
1706 864 82 30 made
1818 871 81 26 every
1924 859 147 34 Saturday.

1440 909 122 36 Nothing
1583 907 50 29 but
1653 905 46 30 the
1724 903 59 29 best
1806 899 168 39 ingredients
1995 895 77 34 used,

1440 948 54 28 and
1507 946 161 36 everytliiug
1682 943 59 29 sold
1754 948 28 22 at
1830 943 104 33 estport
1947 937 95 36 prices.

1440 1029 197 25 CHRISTENING,
1668 1026 143 24 WEDDING,
1842 1023 54 19 AND
1933 1018 141 22 BIRTHDAY

1524 1068 87 19 CAKES
1629 1066 77 20 MADE
1725 1064 34 21 ON
1778 1062 55 21 THE
1853 1059 139 22 SHORTEST

1631 1103 129 21 POSSIBLE
1780 1100 109 22 NOTICE.

1477 1178 70 26 Note
1562 1175 45 28 the
1621 1174 153 27 Address--

1444 1226 110 56 ALL
1574 1221 242 58 NATIONS
1845 1213 230 61 BAKERY

1515 1294 138 38 (Opposite
1666 1292 27 28 J.
1709 1292 88 36 Ryan,
1812 1285 195 39 Storekeeper.)

1523 1378 48 37 G.
1621 1375 44 38 C.
1711 1369 291 46 BOWMAN,

1504 1470 232 35 UCTIONEEII,
1756 1464 322 39 QHAREBROKER,

1600 1566 112 28 Mining
1731 1573 55 20 and
1807 1564 118 27 Genral

1461 1618 337 34 COMMISSION
1864 1615 199 34 AGENT,

1582 1686 171 29 Broadway,
1798 1682 145 28 Reefton.

1464 1775 128 39 POST
1634 1772 196 39 OFFICE
1872 1768 190 43 HOTEL,

1651 1832 109 29 LYE
1780 1830 24 30 L
1823 1830 23 28 L
1867 1851 6 7 .

1496 1929 224 40 PETER
1751 1924 282 41 MANGOS

1449 1995 141 70 BEGS
1609 1997 29 27 to
1651 1993 103 30 inform
1773 1990 45 30 his
1835 1989 103 31 iriends
1960 1987 55 31 and
2035 1987 47 30 the

1552 2035 92 36 public
1665 2034 62 27 that
1751 2028 44 31 his
1814 2039 61 19 new
1895 2028 187 30 commodious

1619 2070 86 29 Hotel
1717 2071 24 27 is
1754 2078 62 19 now
1829 2076 81 28 open.

1446 2110 153 30 Travellers
1618 2109 55 29 and
1691 2109 109 28 visitors
1818 2110 29 25 to
1867 2106 55 29 this
1940 2103 131 30 establish

1481 2152 78 25 ment
1570 2149 57 27 will
1639 2147 58 28 find
1708 2146 73 29 their
1790 2144 118 29 comfort
1916 2142 55 29 and
1984 2152 48 18 con-

1516 2187 131 28 venience
1656 2183 168 37 thoroughly
1834 2181 130 30 attended
1976 2183 38 26 to.

1448 2227 58 29 The
1518 2227 148 28 bedrooms
1687 2234 46 20 are
1743 2223 79 36 lofty,
1836 2221 55 29 and
1903 2220 64 29 well
1980 2219 103 38 lighted

1650 2263 55 28 and
1725 2260 159 30 ventilated.

1483 2342 206 30 Comfortable
1719 2338 128 29 Parlors
1949 2333 86 31 First-

1667 2385 81 22 class
1767 2378 104 27 Table.

1467 2420 59 28 One
1549 2418 31 28 of
1599 2417 127 29 Alcock's
1740 2415 78 28 Prize
1831 2413 118 29 Billiard
1961 2412 107 29 Tables.

1451 2496 57 28 The
1522 2496 56 27 Bar
1590 2495 24 28 is
1627 2493 113 29 stocked
1749 2491 68 29 with
1831 2491 74 33 Ales,
2034 2489 53 27 and

1503 2533 99 37 Spirits
1614 2534 30 27 of
1660 2530 168 38 guaranteed
1846 2529 102 28 brands
1961 2528 74 36 only.

1485 2573 24 29 A
1526 2571 144 30 first-class
1691 2568 184 31 sixteen-stall
1887 2567 88 30 stable
1987 2567 74 29 iscon-

1452 2613 98 30 nected
1563 2612 68 29 with
1645 2611 56 30 this
1715 2610 85 29 hotel.

1703 2647 127 28 PETER
1853 2645 167 29 MANGOS,

1889 2683 154 30 Proprieor.

1559 2766 176 32 JAMES
1773 2762 211 39 INGLIS,

1509 2840 262 29 HAREBROKER
1801 2840 21 26 &
1852 2835 235 31 COMMISSION

1499 2876 4 20 i

1671 2915 207 35 AGENT,

1533 2997 116 27 Cliff
1686 2995 159 29 Street,
1881 2993 141 26 Lyell.

1585 3077 120 32 JOHN
1740 3074 226 39 FENNELL,

1462 3143 60 60 Q.
1531 3142 93 28 ENE
1634 3141 58 27 RA
1701 3140 23 28 L
1780 3135 312 65 gTOREKEEPER.

1546 3227 84 30 Wine
1649 3234 56 21 and
1725 3226 95 29 Spirit
1843 3224 170 29 Merchant.

1497 3342 103 33 Money
1618 3340 104 34 always
1742 3339 30 26 ill
1793 3336 76 29 hand
1888 3336 43 28 for
1948 3335 114 34 cashing

1716 3375 127 37 cheques.

1498 3490 109 31 Liberal
1620 3488 136 31 advances
1768 3487 81 29 made
1865 3496 35 19 on
1914 3485 108 40 parcels
2034 3485 31 29 of

1677 3528 119 30 retorted
1810 3527 73 38 gold.

1608 3622 80 40 Cliff
1704 3622 122 46 Street,
1851 3621 107 47 Lyell.

2269 190 118 33 Public
2411 189 151 33 Notices.

2100 270 208 38 BROWN'S
2329 268 118 38 BOOT
2475 268 258 37 EMPORIUM

2350 326 133 29 LYELL,

2103 431 42 65 J
2181 431 139 29 BROWN
2335 432 29 27 in
2376 430 137 36 thanking
2524 430 44 28 his
2587 430 148 28 numerous

2200 477 148 21 customers
2380 472 40 25 for
2449 475 63 29 past
2540 470 118 30 favours,
2682 468 54 26 and

2104 508 105 37 hoping
2234 508 41 28 for
2297 517 15 19 a
2335 508 180 28 continuance
2537 507 29 28 of
2585 506 45 28 the
2651 514 84 24 same,

2103 549 99 26 wishes
2216 552 44 23 too
2274 548 50 26 call
2339 547 70 27 their
2428 547 134 27 attention
2578 550 27 22 to
2620 545 43 27 his
2676 554 60 17 new

2105 585 76 27 stock
2204 586 30 26 of
2256 585 107 29 Ladies'
2390 584 96 27 Maids'
2510 583 52 28 and
2583 582 154 28 Children's

2107 624 83 28 Boots
2211 624 29 28 in
2263 628 75 32 great
2361 623 113 36 variety.
2511 621 76 32 Also,
2602 621 41 28 his
2662 620 74 38 large

2107 663 54 28 and
2173 663 96 27 varied
2282 662 78 28 stock
2373 663 29 26 of

2107 714 119 38 Men.s,
2239 713 140 32 Youths'
2394 713 26 32 8c
2434 712 99 40 Boys'
2552 712 104 31 Boots
2669 710 70 32 and

2364 750 117 30 Shoes.

2108 851 87 27 Fresh
2209 851 92 28 Goods
2315 852 119 34 arriving
2454 850 135 35 monthly,
2602 849 91 27 which
2705 849 35 26 he

2143 889 22 28 is
2179 889 115 36 offering
2307 892 29 27 at
2348 889 87 37 prices
2448 892 29 25 to
2488 889 53 27 suit
2554 887 47 28 the
2615 886 90 29 times.

2110 928 44 28 All
2178 928 138 37 imported
2350 929 84 35 goods
2463 927 117 28 marked
2609 927 28 27 in
2665 925 77 37 plain

2369 965 111 36 figures.

2146 1042 69 28 N.B.
2218 1041 58 29 A
2287 1040 100 38 supply
2400 1041 30 29 of
2450 1039 89 31 North
2552 1037 104 31 British
2670 1039 73 29 Gum

2112 1081 85 28 Boots
2222 1080 55 28 and
2302 1081 71 27 Own
2397 1080 83 28 Make
2499 1078 183 37 Watertights
2706 1078 24 27 al-

2111 1129 74 28 ways
2198 1128 36 20 on
2247 1119 84 29 hand.

2147 1159 116 35 Repairs
2275 1158 141 36 promptly
2426 1157 131 28 executed
2570 1155 55 29 and
2637 1156 108 27 elastics

2112 1196 132 27 inserted.

2139 1273 71 29 Note
2223 1272 47 29 the
2281 1271 272 30 Address:JOHN
2573 1269 149 34 BROWN,

2114 1320 88 31 Boot
2226 1320 27 32 &
2280 1319 211 33 Shoemaker
2511 1317 28 33 &
2568 1318 178 39 Importer,

2178 1366 141 35 (Opposite
2333 1364 80 29 Bank
2426 1364 30 28 of
2467 1365 66 27 New
2548 1363 140 34 Zealand.)

2232 1445 187 37 JAMES
2459 1444 172 40 RYAN,

2119 1537 243 56 Q.ENERAL
2436 1534 313 59 gTOREKEEPER,

2267 1611 85 29 Cliff
2375 1610 120 34 Street,
2514 1609 87 28 Lyel.

2119 1765 91 28 Goods
2224 1765 132 36 carefully
2368 1764 106 37 packed
2488 1767 27 24 to
2529 1762 37 28 all
2578 1765 76 34 parts
2666 1762 30 28 of
2706 1762 44 27 the

2375 1802 117 31 district.

2135 1957 105 29 BANK
2260 1957 112 29 PRICE
2391 1957 120 29 GIVEN
2532 1955 74 29 FOR
2626 1955 109 29 GOLD.

2137 2041 338 31 CRITERION
2524 2039 197 31 HOTEL

2350 2104 174 22 LTELL,

2235 2213 187 33 EDWARD
2449 2212 198 33 CARROLL

2123 2280 134 59 BEGS
2276 2284 29 24 to
2325 2280 101 27 inform
2447 2280 43 26 his
2510 2287 150 19 numerous
2684 2281 73 24 town

2219 2318 56 29 and
2300 2321 117 33 country
2440 2316 104 30 fri'nds
2568 2316 62 29 that
2653 2316 35 28 he
2710 2315 49 29 has

2123 2358 153 37 purchased
2289 2359 46 28 the
2349 2358 85 28 above
2447 2358 134 33 business,
2595 2356 55 29 and
2674 2356 85 36 hopes

2123 2398 37 34 by
2184 2398 78 27 strict
2286 2398 137 26 attention
2436 2400 29 24 to
2484 2396 48 27 the
2553 2399 89 24 wants
2666 2396 31 26 of
2718 2395 41 26 his

2124 2439 152 24 customers
2297 2434 56 28 and
2373 2434 142 28 travellers
2534 2436 29 26 to
2588 2433 82 29 merit
2682 2441 15 20 a
2710 2432 49 28 fair

2245 2473 79 28 share
2337 2473 31 27 of
2383 2473 54 36 pub
2441 2473 32 27 he
2487 2475 158 33 patronage.

2204 2549 126 44 L.quors
2351 2548 33 33 of
2403 2549 51 32 the
2470 2549 71 32 Best
2560 2548 120 32 Brands.

2419 2634 32 29 E.
2476 2633 207 34 CARROLL,

2563 2674 163 36 Proprietor.

2284 2769 318 33 TEMPERANCE

2128 2818 335 56 BOARDING
2529 2817 233 53 HOUSE

2211 2889 78 38 (Late
2302 2888 153 29 Alhambra
2474 2886 94 35 Hotel,
2582 2886 101 38 Lyell.)

2128 2994 204 60 ANTONIO
2345 2992 261 35 ACCOLINObegs
2620 2995 28 25 to
2660 2990 102 28 inform

2223 3032 47 28 the
2290 3030 173 30 inhabitants
2484 3029 33 29 of
2534 3030 78 37 Lj'ell
2630 3029 55 28 and
2705 3038 43 19 sur-

2128 3071 140 34 rounding
2292 3069 107 28 district
2422 3069 63 27 that
2508 3069 35 27 he
2569 3069 50 26 has
2641 3077 62 18 now
2723 3077 26 18 re-

2129 3109 106 38 opened
2248 3109 47 28 the
2307 3107 85 30 above
2406 3107 177 29 Well-known
2593 3107 133 37 premises
2735 3116 29 18 as

2129 3159 16 17 a
2159 3148 156 28 First-class

2131 3198 174 48 Boarding
2319 3197 119 39 House
2455 3196 69 39 and
2543 3196 221 38 Restaurant.

2201 3308 88 29 Meals
2303 3311 27 26 at
2344 3308 35 28 all
2393 3307 93 29 hours.
2524 3305 79 30 Good
2615 3305 81 30 Beds.

2131 3349 150 26 Extensive
2313 3348 55 26 and
2408 3345 195 28 Commodious
2642 3344 125 34 Stabling

2322 3383 258 30 Accommodation.

2309 3437 170 28 ANTONIO
2498 3436 199 29 ACCOLINO,

2567 3473 166 35 Proprietor.

2151 3558 114 36 NEW
2307 3557 137 37 CHUM
2481 3553 269 46 BUTCHERY,

2344 3619 64 32 LY
2429 3619 131 32 ELL.

2230 3728 204 39 JAMES
2486 3725 184 45 EDGE,

2230 3800 119 29 HOLE
2359 3799 108 28 SALE
2505 3798 79 28 AisD
2629 3797 142 29 RETAIL

2282 3874 339 33 BUTCHER.

2134 3989 98 29 Hotels
2246 3988 56 29 and
2314 3987 132 29 Families
2465 3985 101 29 waited
2587 3995 36 19 on
2637 3985 83 36 Dailj-
2732 3985 39 28 for

2399 4024 112 30 Orders.

2187 4123 75 28 Meat
2276 4120 146 30 Delivered
2441 4123 27 25 to
2482 4118 36 29 all
2539 4121 75 35 parts
2627 4119 27 29 of
2676 4118 45 29 the

2393 4158 127 33 District.

2136 4268 119 32 NEW
2301 4266 155 31 CHUM
2497 4262 267 33 BUTCHERY

2205 4312 129 34 Opposite
2345 4308 153 29 Alhambra
2509 4307 94 32 Hotel,
2618 4306 88 38 Lyell.

1699 3715 35 39 [A.
1770 3712 98 39 Card.]

1465 3758 40 26 To
1518 3756 46 28 the
1578 3755 99 28 Ladies
1691 3755 29 27 of
1730 3753 86 36 Lyell.
1832 3752 126 32 Reefton,
1972 3751 54 27 and
2039 3759 43 19 sur-

1638 3792 137 34 rounding
1788 3789 136 30 districts:

1534 3832 187 65 MESSRS
1750 3831 33 26 E.
1809 3830 27 27 J.
1865 3827 164 28 WARNER

1642 3869 56 28 and
1722 3868 65 32 CO.,
1812 3867 30 28 of
1870 3865 159 33 NELSON,

1535 3910 88 27 desire
1635 3911 28 25 to
1676 3907 126 28 intimate
1816 3906 61 27 that
1896 3904 66 28 with
1981 3904 48 27 the

1535 3947 125 38 splendid
1678 3945 125 30 facilities
1823 3944 66 36 they
1911 3952 117 28 possess,

1536 3987 66 36 they
1623 3995 49 18 can
1700 3987 27 26 at
1749 3993 15 19 a
1785 3984 51 28 few
1850 3984 83 26 hours
1945 3982 83 32 notic,

1536 4025 67 28 send
1616 4033 48 28 per
1677 4022 82 29 coach
1773 4026 28 24 to
1814 4030 54 27 any
1890 4020 110 28 address
2013 4029 16 18 a

1536 4064 133 36 complete
1689 4064 122 26 costume
1832 4059 79 29 made
1934 4059 27 28 in
1983 4059 46 28 the

1535 4112 66 24 very
1614 4102 80 26 latest
1704 4100 79 34 style,
1793 4098 67 27 with
1869 4099 47 25 hat
1927 4107 29 17 or
1964 4097 48 27 bon-

1536 4145 47 23 net
1592 4138 54 30 and
1658 4138 92 37 gloves
1759 4140 26 25 to
1797 4134 101 35 match,
1908 4135 124 35 together

1536 4180 67 28 with
1613 4189 80 24 every
1704 4177 127 36 requisite
1844 4175 28 28 in
1886 4175 74 31 hose,
1974 4184 42 19 cor-

1537 4224 64 27 sets,
1630 4215 219 33 underclothing,
1874 4215 55 31 &c.,
1960 4213 72 27 their

1537 4257 86 35 prices
1655 4255 80 33 being
1766 4257 70 23 most
1861 4250 169 29 reasonable.

1537 4293 83 28 Their
1641 4292 78 27 stock
1731 4290 149 36 comprises
1894 4299 80 25 every
1989 4298 26 18 ar-

1536 4333 62 28 ticle
1628 4332 29 28 in
1687 4330 118 29 General
1833 4328 133 38 Drapery,
1990 4327 27 29 ia-

1537 4372 110 33 cltiding
1659 4379 16 19 a
1688 4368 125 38 splendid
1830 4370 165 26 assortment
2006 4366 31 28 of

1539 4410 89 30 Men's
1653 4408 54 30 and
1732 4408 82 35 Bays'
1842 4405 190 38 Ready-made

1539 4450 138 34 Clothing,
1703 4456 132 25 mercery,
1860 4446 56 31 &t\,
1941 4445 92 28 orders

1538 4489 41 26 for
1592 4485 90 29 which
1689 4485 55 27 will
1754 4485 102 26 receive
1872 4486 108 32 prompt
1993 4486 26 23 at-

1538 4526 116 28 tention.
1691 4523 125 28 Patterns
1826 4521 28 28 of
1865 4525 101 24 newest
1976 4530 38 17 ma-

1539 4564 93 28 terials
1646 4567 59 23 sent
1724 4565 61 32 post
1805 4561 54 26 free
1882 4560 36 34 by
1937 4563 94 23 return

1539 4602 76 31 mail,
1623 4600 54 29 and
1687 4600 84 27 ladies
1778 4611 7 14 :
1791 4598 101 31 ending
1900 4606 116 18 measure-

1539 4645 91 24 ments
1643 4639 27 28 of
1691 4638 105 28 dresses
1815 4645 49 19 can
1879 4635 106 36 depend
1999 4643 35 19 on

1541 4680 125 34 securing
1679 4687 15 19 a
1717 4676 130 38 perfectly
1866 4674 91 36 fitting
1978 4683 42 19 cos-

1541 4721 85 25 tume.

1577 4795 94 27 Please
1684 4792 67 29 seid
1769 4793 82 33 along
1863 4801 69 25 your
1945 4791 92 26 orders

1543 4836 27 25 at
1579 4841 76 23 once,
1666 4836 28 23 to
1705 4830 78 27 avoid
1798 4829 89 34 delay,
1901 4828 54 27 and
1965 4837 57 18 care-

1542 4871 69 36 fully
1625 4875 64 23 note
1703 4869 45 28 the
1762 4867 128 28 address:

1474 4920 39 31 E.
1530 4920 29 31 J.
1576 4916 198 33 WARNER
1793 4914 26 31 &
1840 4914 78 35 CO.,
1977 4912 80 31 liall
2073 4912 37 30 of

1845 4949 139 30 Nelson.

2155 4396 360 46 WELCOME
2587 4396 167 48 INN,

2400 4458 105 26 Lyell.

2249 4562 153 31 ELLEN
2433 4559 234 34 WILLIAMS

2153 4629 9 32 j
2181 4627 18 22 i<i
2228 4626 145 27 ieluiuiiij?
2390 4618 103 29 tliuilko
2510 4624 42 22 tor
2574 4627 62 28 pHCI
2657 4626 118 24 IaVOUFS,

2214 4661 63 34 begs
2296 4664 27 23 to
2345 4658 99 29 inform
2463 4658 50 28 her
2531 4657 103 28 friends
2653 4656 55 29 and
2730 4656 45 29 the

2140 4700 90 35 public
2251 4699 61 27 that
2333 4698 48 27 she
2406 4697 52 27 has
2479 4697 58 35 just
2559 4696 153 35 completed
2733 4704 28 18 ex-

2142 4738 102 28 tensive
2263 4736 139 29 additions
2425 4734 56 29 and
2499 4734 161 29 alterations
2681 4737 28 25 to
2728 4733 50 29 her

2142 4777 142 37 premises,
2303 4775 55 30 and
2377 4776 46 27 the
2446 4774 209 29 accomodation
2673 4773 24 29 is
2715 4783 62 19 now

2360 4812 193 37 unsurpassed.

2142 4892 74 33 Ales,
2240 4891 105 32 Wines,
2367 4890 55 28 and
2445 4889 98 36 Spirits
2568 4889 30 27 of
2621 4888 157 28 First-class

2316 4929 112 35 Quality
2442 4928 65 35 only
2519 4927 75 36 kept.

2213 5005 78 30 Good
2310 5004 127 34 Stabling
2454 5003 255 29 Accommodation.

2317 5056 128 29 ELLEN
2468 5054 208 35 WILLIAMS,

2526 5096 219 25 Proprietress.

1565 5041 79 32 MR.
1661 5040 28 32 J.
1707 5040 28 32 J.
1753 5037 265 38 MOYNIHAN,

1757 5106 79 28 AND
1875 5104 233 63 gOLICITOR.

1478 5199 214 29 Commissioner
1713 5196 30 27 of
1760 5195 44 28 the
1826 5195 133 35 Supreme
1978 5195 85 26 Court
2083 5194 28 27 of

1728 5234 131 29 Victoria.

1541 5285 67 37 May
1626 5284 33 28 be
1679 5282 150 29 Consulted
1848 5286 28 23 at
1894 5281 43 27 bis
1956 5280 94 34 Office,

1479 5335 253 31 PALMERSTGN
1745 5334 155 32 STREET,
1909 5333 202 28 WESTPORT

2149 5179 214 40 WOLF
2430 5177 151 39 AND
2655 5177 122 44 CO.,

2278 5243 180 28 Wholesale
2472 5249 54 19 and
2543 5240 107 28 Retail

2149 5287 628 63 JJUTCHERS.

2252 5383 114 29 Dealers
2378 5382 29 28 in
2420 5381 38 29 all
2471 5380 179 38 descriptions
2664 5379 30 30 of

2166 5433 106 29 FARM
2308 5431 78 28 AND
2423 5430 119 27 DAIRY
2578 5428 189 28 PRODUCE.

2150 5511 100 30 Hotels
2258 5510 56 29 and
2326 5508 131 31 Families
2465 5506 99 31 waited
2577 5517 36 19 on
2626 5506 41 29 for
2676 5504 101 31 Orders.

2186 5587 100 29 Orders
2305 5583 138 31 delivered
2462 5586 29 25 to
2512 5583 38 28 all
2570 5584 76 36 parts
2658 5591 17 18 o
2705 5581 47 28 the

2411 5623 124 28 District.

2325 5701 73 28 Note
2413 5699 47 29 the
2474 5697 123 30 Address

2172 5742 70 30 tS*
2251 5740 75 28 W0
2347 5740 22 26 L
2390 5739 21 26 F
2483 5736 114 28 AND
2679 5735 19 29 C
2719 5736 22 27 0

2152 5799 6 5 -
2206 5780 73 28 Next
2302 5778 47 29 the
2374 5777 190 28 Government
2582 5773 155 38 Buildings,

2301 5818 85 27 Ci.iff
2407 5816 119 30 Street,
2545 5814 104 27 Lyell.

1771 5576 55 18 AND

1566 5619 130 40 YEAR
1717 5618 124 40 BOOK
1862 5617 52 39 for
1934 5614 96 41 1888.

1484 5731 167 33 Containing
1673 5727 124 29 valuable
1820 5726 187 28 information.
2055 5725 59 27 The

1536 5770 66 27 Best
1616 5767 108 29 Garden
1740 5765 134 28 Calendar
1888 5773 62 19 ever
1963 5764 100 28 issued.

1487 5823 51 37 On
1566 5821 80 38 Sale
1674 5821 36 35 at
1736 5817 99 46 Lyell
1863 5816 115 37 Times
2006 5816 110 37 Office.

3267 180 119 33 Public
3415 180 151 32 Notices.

3151 261 522 66 SUiVJiVJEP

3853 256 13 28 )
3931 267 13 19 j
3961 261 38 26 r:

3037 444 246 66 JOHN
3344 442 452 63 FENNELL

2775 548 58 27 Has
2847 546 83 28 much
2950 545 124 36 pleasure
3094 545 27 26 in
3143 542 177 34 announcing
3340 546 27 22 to
3387 540 46 28 the
3455 538 170 29 inhabitants
3646 538 31 28 of
3698 537 79 35 Lyell
3803 536 54 28 and
3883 543 181 23 surroun..i:4

2999 582 119 28 districts
3141 581 46 28 the
3210 580 101 28 arrival
3335 579 31 27 of
3386 578 44 27 his
3455 577 85 27 NEW
3573 575 124 28 GOODS
3730 578 40 24 tor
3795 574 45 28 the

2872 663 87 40 I3f*
2986 658 288 40 CHRISTMAS
3313 656 101 39 AND
3457 653 115 40 NEW
3615 653 132 39 YEAR
3789 651 177 40 TRADE.

3411 761 22 23 o

2777 805 86 39 The
2883 805 115 41 Stock
3018 806 31 38 is
3076 818 83 25 now
3178 804 188 50 complete
3387 802 35 39 in
3443 815 111 36 every
3573 797 127 47 detail,
3723 796 74 40 and
3829 795 65 40 the
3924 794 140 51 qual.ty

2875 860 31 37 is
2926 859 41 38 of
2989 859 64 38 the
3081 858 83 38 best
3192 856 222 52 procurable
3438 855 94 38 from
3553 854 64 37 the
3639 853 127 36 Home
3786 849 183 38 Markets.

2946 1000 35 29 In
2994 1000 47 30 the
3056 1000 108 29 Ladles'
3180 1001 182 36 Department
3377 999 46 28 the
3437 998 140 35 following
3591 996 93 28 Goods
3698 1006 45 17 are
3757 995 96 28 shown

2779 1055 150 41 DRESS
2942 1055 289 46 MATERIALS,
3439 1053 214 44 CORSETS,

2939 1119 284 45 MILLINERY,
3560 1115 189 42 GLOVES,

3060 1180 238 45 MANTLES,
3679 1175 159 44 LACES,

3179 1239 220 49 HOSIERY,
3761 1234 235 43 FLOWERS,

2886 1408 35 30 In
2934 1406 48 33 the
2996 1407 188 31 Gentlemen's
3197 1408 185 36 Department
3395 1416 16 20 a
3424 1406 88 37 Large
3526 1404 81 31 Stock
3622 1406 51 28 lias
3685 1404 68 30 been
3766 1403 55 30 laid
3836 1405 37 32 in,
3887 1403 89 29 which

2785 1471 135 43 WILL
2945 1470 66 43 BE
3040 1469 129 44 SOLD
3196 1469 61 42 AT
3292 1467 177 43 PRICES
3509 1465 61 44 TO
3612 1465 113 44 SUIT
3763 1465 102 42 THE
3894 1464 180 42 iTIMKS.

3422 1564 19 23 o

2862 1644 105 39 Bovs'
2987 1643 72 39 and
3081 1643 140 39 Youths'
3243 1641 167 52 Clothing
3426 1640 41 51 of
3479 1638 53 40 the
3550 1637 84 40 Best
3649 1636 72 39 and
3742 1636 118 37 Latest
3878 1634 124 50 Styles.

2980 1815 94 29 Direct
3088 1813 198 38 Importations
3299 1811 71 29 from
3384 1810 46 29 the
3445 1810 90 28 Home
3698 1804 150 36 consisting
3862 1811 26 21 01

2792 1881 138 45 Prints,
2952 1879 175 46 Sateens,
3145 1877 75 39 and
3235 1876 230 47 Twillettes;
3488 1873 150 41 French
3652 1872 180 46 Merinos,
3848 1871 233 41 Cretonnes;

2824 1933 161 40 Curtain
3008 1933 124 38 Laces
3147 1944 8 34 ;
3184 1930 132 38 White
3342 1930 175 46 Calicos;
3545 1928 128 38 Toilet
3692 1925 127 51 Quilts
3836 1924 211 51 Sheetings.

3241 2022 24 26 A
3279 2018 132 37 Splendid
3424 2017 176 28 Assortment
3613 2015 30 28 of

2796 2089 132 47 Black,
2966 2088 114 44 Ecru,
3117 2084 76 41 and
3227 2081 134 41 White
3412 2081 21 38 L
3447 2093 89 26 aces
3556 2092 8 34 ;
3611 2076 171 41 Ribbons
3804 2092 8 33 ;
3857 2076 116 40 Black
4008 2090 46 26 an
4077 2075 4 61 I

3088 2136 189 42 Coloured
3305 2135 81 39 Silk
3417 2133 104 46 Mits,
3542 2132 75 38 and
3638 2132 152 38 Gloves.

2831 2310 245 67 JOHN
3116 2302 467 75 FENNELL,
3625 2301 151 64 Cliff
3810 2301 238 64 Street.

2799 2475 141 61 The
2977 2471 365 75 Hampden
3385 2465 466 76 Co-operative
3895 2465 148 58 Stor
4055 2484 31 37 j

3095 2568 361 72 Company,
3494 2559 314 65 Limited.

2856 2762 54 27 HE
2924 2761 85 29 above
3019 2761 144 33 Company
3174 2759 22 27 is
3209 2766 62 19 now
3281 2754 150 38 supplying
3443 2753 47 29 the
3502 2752 142 35 following
3661 2750 84 35 goods
3756 2755 28 23 at
3796 2761 14 17 a
3824 2749 84 36 slight
3921 2749 122 27 advance
4058 2757 34 16 <-.

3271 2794 148 28 NELSON
3436 2792 186 28 PRICES:

3005 3035 37 29 Of
3052 3033 61 30 first
3125 3032 70 30 class
3208 3031 114 38 quality.
3359 3030 25 28 A
3396 3029 90 36 Large
3499 3027 56 30 and
3567 3026 102 31 Varied
3682 3027 175 28 Assortment
3870 3027 30 28 of

2801 3092 204 55 Crockery,
3041 3091 173 40 Earthen
3242 3088 76 41 and
3351 3087 229 44 Glassware,
3617 3084 283 53 Ironmongery,
3929 3084 83 46 &c.,

2805 3239 125 41 Men's
2963 3237 77 42 and
3076 3237 115 52 Boys'
3229 3233 275 52 Kaipoi-made
3552 3232 207 49 Clothing;
3807 3229 115 47 Hats,
3960 3229 140 42 Shirts,

2904 3290 357 47 Under-Flannels;
3316 3289 176 39 Drawers
3528 3285 72 41 and
3636 3284 146 48 Moles;
3825 3284 175 47 Tweeds,

3002 3346 177 51 Hosiery,
3201 3342 210 46 Blankets;
3440 3341 165 43 Calicos,
3628 3340 140 44 Prints,
3792 3340 92 35 Flan-

3214 3397 94 46 nels,
3328 3397 80 46 &c.,
3430 3394 66 40 &c.
3549 3393 144 39 Also

2970 3477 155 47 Wheat,
3172 3476 109 46 Oats,
3328 3473 117 47 Bran,
3478 3469 119 42 Chaff
3617 3469 77 41 and
3727 3469 193 40 Potatoes.

2842 3630 99 29 Orders
2953 3624 196 39 accompanied
3167 3623 36 38 by
3217 3622 65 29 cash
3295 3620 174 30 remittances
3487 3617 162 39 punctually
3669 3617 129 29 attended
3812 3622 39 28 to,
3864 3616 56 29 and
3939 3615 85 39 goods
4044 3617 25 28 d<

2808 3668 117 38 patched
2939 3672 28 25 at
2980 3676 15 19 a
3008 3669 140 25 moments
3159 3662 100 29 notice.

2843 3708 84 29 Local
2944 3706 129 38 produce,
3091 3702 142 35 including
3251 3701 105 33 Hides,
3375 3698 95 34 Skins,
3496 3697 95 33 Wool,
3612 3696 125 32 Butter,
3750 3697 58 32 &c.,
3821 3697 56 32 &c.,
3896 3696 153 36 purchased
4063 3697 7 25 i
4094 3696 3 48 i

2808 3746 74 30 Cash
3690 3772 33 29 15.
3743 3770 132 37 M'SEE,
3894 3770 140 36 Manager.

2844 3822 171 30 Murchison,
3029 3819 65 28 loth
3108 3818 84 32 June,
3207 3817 77 27 1885.

2811 4020 1209 793 dsf

2895 5007 187 40 GEORGE
3114 5005 42 38 E.
3179 5001 193 46 LEVIEN,

2819 5072 124 29 Member
2953 5073 28 26 of
2987 5070 46 29 the
3041 5065 235 32 Pharmaceutical
3283 5064 106 35 Society
3396 5062 55 28 and

2904 5107 238 32 Pharmaceutical
3160 5106 165 28 Conference
3337 5102 31 29 of

3026 5148 83 27 Great
3127 5145 116 31 Britain,

2823 5201 203 65 SURGEON
3064 5197 174 32 DENTIST,
3268 5194 182 34 CHEMIST,

2982 5240 78 29 AND
3080 5235 203 34 DRUGGIST,

3034 5285 205 33 (REGISTERED.)

2822 5377 53 28 For
2888 5377 34 26 20
2933 5382 79 30 years
3031 5370 148 40 practising
3200 5370 29 27 in
3248 5366 206 35 Marlborough,

2822 5416 54 28 anil
2888 5415 55 28 late
2956 5412 31 29 of
3006 5412 103 28 Nelson
3128 5410 129 32 districts,
3271 5410 23 26 is
3314 5417 61 19 now
3394 5417 45 27 pre-

2920 5452 81 37 pared
3015 5455 28 23 to
3057 5449 94 29 attend
3165 5449 128 36 patients,
3306 5447 55 27 and

2857 5511 71 29 CAN
2961 5509 50 29 BE
3042 5505 225 31 CONSULTED
3304 5503 116 30 DAILY

2825 5625 98 29 Rooms
2947 5629 29 22 in
3001 5621 185 29 Commercial
3217 5618 111 34 Hotel,
3352 5617 103 28 Lyell.

2860 5716 100 30 Advice
2981 5716 91 27 Gratis
3092 5715 69 26 from
3180 5715 17 25 0
3217 5719 27 21 to
3266 5713 29 26 11
3314 5721 76 23 a.m.,
3404 5711 51 27 and

2825 5758 69 28 from
2909 5758 16 24 3
2937 5761 28 22 to
2977 5756 16 26 5
3012 5762 66 27 p.m.

3039 5806 33 25 G.
3094 5805 31 26 E,
3147 5803 155 28 LEVIEN.
3323 5802 101 27 M.P.S.

3482 5002 319 42 BELFAST
3852 4999 259 47 HOTEL,

3671 5070 113 29 G1813.S
3803 5070 121 29 TOWN.

3652 5124 186 28 Eight-Milk
3857 5123 88 29 Road.

3484 5199 108 60 IJIHE
3600 5198 186 39 undersigned
3795 5200 103 36 having
3906 5198 129 29 removed
4044 5199 70 28 from

3574 5253 66 27 Zala
3652 5253 84 27 Town
3751 5252 56 28 aud
3819 5252 108 27 erected
3946 5262 61 18 new
4026 5262 75 26 prem

3484 5301 53 27 ises
3556 5310 30 18 as
3606 5300 97 33 above,
3720 5300 24 28 is
3768 5310 62 19 now
3849 5300 133 37 prepared
4002 5306 29 23 to
4050 5300 61 29 ofltM

3485 5348 134 28 excellent
3660 5348 239 28 accommodation
3930 5355 28 21 to
3997 5349 117 27 visitor*,

3485 5396 138 34 boarders,
3637 5396 55 29 aud
3705 5396 46 28 the
3763 5395 93 39 public
3869 5397 151 36 generally.

3487 5493 75 29 Ales
3582 5493 101 31 Wines
3701 5502 55 19 and
3776 5493 112 29 Spirits
3912 5502 34 20 of
3970 5502 57 20 the
4050 5501 64 21 best

3636 5545 154 31 Qualities
3802 5550 71 17 only
3889 5550 80 18 kkpt.

3610 5639 155 50 Charges
3793 5637 96 37 Modt
3899 5642 84 32 rale.

3664 5758 124 27 I'LIIII
3808 5758 102 26 A!(S
3921 5757 4 28 i
3939 5757 71 28 10N
4018 5761 34 24 C.

3976 5815 32 6 i...
4037 5815 4 6 .
4068 5815 3 6 .

3924 5820 12 12 jL
3946 5815 142 23 ifpi.C'lMi.
