4168 5917
107 182 94 32 partur
219 196 7 15 ,
239 175 101 39 having
352 175 94 39 gained
462 186 16 19 a
500 186 58 19 new
578 177 158 39 experience

107 215 27 28 in
151 224 90 26 pupnc
256 219 49 24 bo.,
309 226 38 16 its
366 226 28 17 111
417 220 44 22 ilie
483 216 107 35 colony.
637 218 32 26 In
691 218 42 27 ilu

108 261 60 19 eve
181 254 30 26 of
219 252 55 28 this
287 262 83 18 sewer
390 252 45 28 the
458 254 75 36 quasi
557 254 139 36 Engineer
715 255 21 25 is

108 292 82 33 pohg
203 297 27 23 to
246 290 73 30 work
340 302 28 18 111
390 302 79 27 conip
482 297 42 24 ete
544 293 145 34 ignorance
712 294 29 28 of

109 330 54 26 titis
177 339 140 26 necessary
328 330 165 35 knowledge,
504 331 52 27 and
568 332 46 27 the
631 341 104 18 council

109 378 43 20 Bee
166 379 14 17 n
213 373 27 25 to
271 368 77 30 think
380 369 59 29 that
470 380 29 19 as
524 370 64 37 they
613 370 52 30 had
696 371 42 29 Mr

110 407 146 28 BlackeJts'
268 408 111 35 opinion
392 417 34 18 on
438 408 45 28 the
496 415 98 21 matter
604 410 60 26 that
675 410 62 35 tliey

109 454 46 19 are
168 445 73 37 quite
254 449 54 24 sale
321 445 27 28 in
362 445 82 37 going
465 455 35 20 on
522 447 65 28 with
610 448 29 27 it.
684 447 23 29 13
719 453 17 22 it

111 483 44 28 Mr
169 483 124 29 Blackett
306 484 64 36 only
383 494 66 24 gave
463 495 34 18 an
513 485 111 35 opinion
639 495 35 18 on
692 487 46 27 the

110 522 31 26 fill
153 531 41 25 ipe
207 522 31 27 of
248 522 45 27 the
307 522 87 31 dr.iin,
409 527 46 23 not
468 532 29 17 as
514 529 27 22 to
562 524 33 26 its
615 523 123 36 capacity

110 560 42 27 for
164 560 44 28 the
221 559 74 28 work
310 569 46 27 req
368 560 63 28 rired
446 561 29 27 of
487 560 30 31 it,
537 560 54 29 and
611 570 30 18 as
662 561 77 28 there

109 597 22 27 is
144 598 63 28 onlv
223 599 31 26 10
268 598 92 26 inches
372 599 31 25 of
412 598 45 28 fall
469 600 68 26 from
554 598 92 37 Hardy
657 605 81 22 street

110 640 28 24 to
152 636 43 28 the
209 635 52 29 end
276 635 29 29 of
315 636 46 28 the
376 636 72 28 work
465 636 10 28 I
489 636 76 28 don't
578 647 43 18 see
641 636 60 30 how
724 648 15 17 a

110 675 92 34 bigger
220 683 84 19 sewer
324 674 23 27 is
371 673 83 35 goinj
477 680 28 22 to
529 685 14 18 c
557 685 35 17 ire
616 675 46 28 the
687 676 52 27 evil

108 722 61 18 com
183 712 33 28 >'a
228 722 33 17 ne
272 713 6 26 I
292 711 36 34 of,
343 711 87 29 which
444 713 23 28 i>
484 713 104 36 mainly
611 713 46 28 the
677 723 45 18 con-

110 750 106 29 version
230 751 30 28 of
270 751 45 28 the
337 751 48 28 Toi
404 752 48 29 Toi
473 752 87 37 valley
580 751 19 29 fl
608 755 20 26 it
647 753 58 28 into
724 762 16 19 a

110 790 60 27 lake
183 790 28 27 in
224 789 70 28 flood
310 791 74 26 time.

333 874 21 20 M
365 875 44 19 >BK
428 873 95 23 TAXES.

147 904 163 37 Politically,
333 905 75 28 there
430 906 22 26 is
474 914 64 28 very
557 904 69 29 little
649 904 91 29 talked

112 943 91 27 about.
241 944 43 26 Sir
301 943 91 27 Julius
404 943 51 27 has
468 943 80 34 lately
567 943 67 27 been
648 943 93 33 giving

112 981 47 28 the
180 980 184 29 Aucklanders
388 991 16 18 a
427 986 77 25 treat,
517 981 54 29 and
594 981 147 38 preaching

113 1020 69 29 Ea.-.t
203 1019 53 30 and
278 1020 76 29 West
366 1022 81 28 Coast
470 1021 121 35 Railway
615 1026 27 23 to
663 1021 77 28 them

114 1059 64 26 with
204 1068 75 18 some
305 1064 132 30 apparent
466 1068 124 24 success;
609 1059 54 27 and
695 1059 45 27 the

115 1096 127 37 Ministry
255 1105 45 20 are
313 1097 164 28 unanimous
496 1106 30 19 as
539 1102 27 24 to
586 1096 45 29 the
650 1106 75 19 neces-

115 1137 52 33 sity
189 1136 31 28 of
237 1144 35 20 an
294 1135 139 29 increased
451 1136 80 33 tariff,
553 1135 54 29 and
627 1136 116 28 another

115 1172 46 34 big
185 1174 72 31 loan,
284 1174 62 26 with
378 1174 47 27 the
449 1174 69 36 hope
548 1174 30 27 of
605 1174 137 27 increased

115 1211 167 37 population,
296 1220 28 19 so
338 1221 29 19 as
381 1216 28 24 to
422 1211 69 29 have
513 1221 74 19 more
601 1210 141 30 shoulders

115 1256 28 21 to
157 1249 62 28 bear
230 1259 50 18 our
298 1258 63 19 ever
373 1251 150 34 increasing
545 1250 125 28 burdens.
707 1250 34 27 In

116 1288 69 34 spite
198 1287 30 28 of
243 1286 36 29 all
302 1287 45 28 the
361 1287 122 37 specious
502 1292 158 30 arguments
679 1287 63 28 held

116 1325 81 32 forth,
211 1325 53 28 and
280 1325 45 29 the
337 1325 121 29 delusive
474 1326 116 37 pictures
608 1326 30 28 of
653 1326 90 28 future

116 1373 116 24 success,
253 1364 76 28 there
352 1365 22 26 is
387 1374 35 18 no
435 1364 94 34 hiding
550 1365 45 28 the
618 1365 54 28 fact
684 1364 60 28 that

117 1411 40 19 we
169 1412 45 18 are
229 1402 93 37 nearly
336 1405 28 25 at
377 1402 45 29 the
436 1403 52 28 end
501 1404 30 27 of
548 1412 50 19 our
615 1402 129 29 financial

117 1440 106 35 tether;
242 1440 53 29 and
319 1440 45 30 the
384 1445 92 26 recent
496 1442 104 29 further
620 1441 48 29 fall
690 1441 31 29 of
729 1451 14 18 a

117 1489 90 28 penny
220 1481 27 27 in
261 1480 69 29 wool
343 1480 24 28 is
379 1482 65 35 only
457 1482 114 28 another
583 1481 117 36 impulse
713 1481 27 27 in

117 1518 47 26 the
185 1517 131 28 direction
340 1521 28 24 of
392 1518 45 27 the
458 1518 61 27 end.
555 1519 82 28 How,
658 1527 31 18 or
709 1518 36 34 by

117 1554 76 29 what
211 1563 106 25 means,
338 1564 16 20 o
380 1555 27 29 in
428 1555 74 30 what
520 1555 69 30 fonn
611 1555 61 30 that
692 1554 52 31 end

118 1594 54 28 will
185 1604 77 17 come
275 1594 23 27 is
310 1604 16 18 a
339 1595 106 35 puzzle,
457 1595 41 28 for
510 1595 14 28 I
537 1595 78 29 dou't
628 1604 115 27 suppose

117 1632 47 26 the
178 1631 101 28 British
293 1632 116 27 creditor
421 1633 54 26 will
489 1642 60 17 care
561 1635 29 25 to
603 1642 76 18 come
698 1637 47 22 out

159 1669 45 29 the
217 1668 95 36 colony
326 1675 28 23 to
367 1670 57 29 ride
437 1680 34 19 on
487 1670 41 29 his
546 1670 201 35 bone-shaking

119 1708 128 35 railways
268 1718 31 18 or
312 1714 27 21 to
352 1708 31 28 be
397 1709 154 27 smothered
564 1718 29 19 in
612 1710 43 26 his
674 1710 72 34 dirty

119 1745 94 36 sludge
234 1745 139 34 channels,
393 1755 31 19 or
444 1752 28 23 to
493 1747 69 28 farm
588 1750 85 26 stoats
694 1746 52 28 and

119 1785 111 27 weasels
242 1794 35 18 on
291 1785 43 27 his
347 1785 89 27 rabbit
448 1785 114 28 infested
576 1795 73 17 runs.
686 1785 58 27 The

120 1824 58 27 first
199 1821 149 30 indication
371 1823 54 28 will
449 1823 131 36 probably
599 1823 33 28 be
653 1823 28 28 in
701 1823 46 27 the

119 1861 68 26 form
217 1861 30 25 of
274 1869 15 18 a
319 1861 108 33 general
460 1861 144 26 iuvitation
641 1865 28 22 to
699 1861 46 26 the

118 1905 147 21 numerous
278 1896 100 30 friends
391 1897 30 29 of
432 1898 101 28 B.N.Z.
547 1898 27 28 in
588 1898 46 28 the
649 1898 96 36 colony

118 1941 28 22 to
158 1945 16 18 a
187 1936 209 28 conversazione
409 1937 26 27 in
451 1936 45 28 the
516 1937 107 27 various
641 1936 104 36 parlors

117 1973 31 30 of
169 1973 60 29 that
262 1973 166 39 biquitious
457 1974 165 35 institution,
652 1974 53 30 and
731 1984 16 18 a

117 2013 108 33 general
250 2013 140 36 stampede
415 2020 27 21 to
467 2014 120 27 Victoria
617 2024 31 17 or
670 2023 77 18 some

117 2050 78 28 other
216 2051 52 27 less
289 2050 204 29 debt-beridden
512 2054 125 33 country,
656 2051 90 28 where

117 2088 46 29 the
178 2087 126 38 juggling
316 2090 29 27 of
355 2088 100 37 figures
467 2089 23 28 is
503 2094 49 24 not
568 2089 129 37 dignified
710 2089 36 37 by

116 2127 46 26 the
194 2135 80 18 name
302 2127 30 26 of
358 2127 115 27 finance.
509 2127 136 36 Anyhow,
675 2127 70 27 from

116 2164 74 30 what
222 2164 13 29 I
267 2163 66 30 hear
362 2164 68 30 from
461 2164 226 39 correspondents
716 2166 28 29 in

116 2204 109 28 various
238 2209 74 30 parts
325 2204 27 27 of
364 2204 45 27 the
426 2205 107 34 colon}',
547 2206 76 26 there
636 2206 22 26 is
671 2214 76 18 more

115 2240 160 37 disposition
289 2244 26 24 to
329 2239 87 30 desert
429 2240 46 30 the
488 2241 111 37 sinking
609 2241 61 38 ship
684 2251 63 19 now

115 2279 67 28 than
208 2279 76 28 there
308 2278 51 29 has
390 2278 68 30 been
489 2279 99 29 before.
625 2280 123 28 Another

115 2322 46 24 ten
174 2316 108 29 million
296 2316 72 35 loan,
381 2317 67 29 such
462 2327 31 20 as
512 2319 24 27 is
550 2317 91 30 talked
654 2318 93 35 about,

114 2355 55 29 will
189 2355 69 30 have
271 2365 30 19 as
313 2355 68 35 good
395 2366 35 19 an
442 2357 79 28 effect
539 2367 36 18 on
589 2357 47 29 the
649 2357 91 37 colon)

115 2403 30 18 as
157 2402 51 19 our
220 2394 60 27 four
293 2394 134 27 thousand
440 2404 51 18 one
507 2395 50 27 has
570 2395 55 28 had
643 2404 34 19 on
697 2404 50 19 our

115 2430 65 38 city.
215 2432 25 28 A
252 2431 69 29 little
334 2440 75 20 more
429 2432 170 36 blundering,
614 2442 15 19 a
642 2434 104 27 certain

115 2470 121 30 increase
250 2470 32 30 of
291 2470 63 30 debt
367 2470 54 29 and
441 2471 131 34 taxation,
586 2471 55 30 and
653 2472 66 29 then
732 2482 17 19 a

115 2509 106 29 further
233 2509 102 29 exodus
347 2509 31 30 of
388 2510 46 30 the
451 2510 124 38 working
587 2511 160 37 population

117 2548 54 29 and
185 2548 153 39 producers.

271 2633 16 21 A
306 2632 116 22 LOGICAL
440 2633 142 22 ASSESSOR.

152 2663 24 31 A
189 2664 73 31 week
275 2675 30 19 or
317 2668 54 27 two
389 2675 51 26 ago
454 2665 14 30 I
481 2667 174 29 commented
674 2677 75 28 upon

119 2703 48 27 the
187 2704 121 34 singular
327 2712 117 20 manner
461 2705 28 26 in
510 2706 89 27 which
621 2706 47 27 the
690 2715 44 27 pro-

122 2745 78 34 perty
221 2745 164 26 assessment
405 2751 57 20 was
473 2741 81 38 being
573 2742 81 31 taken
675 2743 74 30 here.

123 2780 27 28 It
163 2781 49 27 has
225 2790 60 18 now
298 2781 127 27 assumed
438 2782 115 27 another
564 2783 91 35 phase.
691 2783 59 27 The

123 2825 76 23 fame
211 2826 116 20 assessor
340 2818 22 28 is
375 2818 57 29 also
444 2817 119 36 borough
577 2820 102 34 valuer,
697 2819 55 30 and

123 2856 22 28 it
158 2865 112 28 appears
282 2856 61 30 that
355 2867 74 19 some
442 2863 127 32 property
587 2869 105 19 owners
707 2869 45 19 are

125 2898 48 25 not
194 2898 29 25 at
244 2894 36 29 all
300 2895 118 29 satisfied
431 2895 65 29 with
515 2896 44 28 his
578 2896 75 30 ideas
674 2907 29 18 as
724 2902 28 24 to

126 2932 72 30 their
226 2932 168 36 belongings,
425 2934 54 28 and
518 2935 65 36 they
622 2935 55 29 had
707 2936 46 28 the

124 2971 129 33 audacity
277 2975 29 22 to
330 2972 124 32 question
479 2972 43 25 his
539 2971 95 28 values
654 2974 29 25 in
707 2973 47 26 the

125 3009 165 28 assessment
308 3010 76 27 court
407 3006 45 32 the
465 3007 77 32 other
554 3008 62 40 day.
653 3009 34 30 In
700 3018 52 21 one

126 3057 61 18 case
212 3058 16 17 a
252 3047 72 29 bank
348 3058 56 18 was
427 3048 99 29 valued
550 3054 29 23 at
602 3051 75 26 4-377
708 3059 47 25 per

127 3092 113 24 annum,
260 3084 54 28 and
328 3084 45 28 Mr
392 3085 73 27 Rout
482 3085 58 29 said
554 3086 34 28 he
609 3086 105 29 arrived
726 3089 29 25 at

127 3122 62 30 that
200 3122 139 30 valuation
353 3133 35 20 on
407 3123 47 31 the
468 3123 73 31 basis
554 3128 26 26 ot
593 3126 17 29 8
623 3135 48 28 per
682 3128 72 27 cent,

126 3171 36 18 on
184 3162 46 27 the
251 3163 99 35 capital
362 3163 89 27 value.
487 3164 78 27 Then
580 3164 34 28 he
628 3168 72 24 went
718 3172 37 20 on

127 3203 28 26 to
179 3208 49 28 say
247 3199 62 30 that
326 3200 112 29 wooden
456 3199 136 39 buildings
615 3210 69 21 were
706 3204 49 27 not

128 3237 83 31 much
226 3238 78 30 value
317 3239 71 30 after
400 3241 34 29 30
446 3250 87 27 years.
573 3241 52 29 For
636 3241 46 30 the
692 3241 63 30 sake

128 3279 27 26 of
168 3283 143 28 argument
325 3279 14 27 I
353 3279 55 28 will
421 3279 79 28 allow
513 3279 36 28 all
561 3279 34 29 he
609 3280 58 28 said
681 3289 27 20 lo
722 3280 32 28 be

128 3315 75 35 quite
227 3319 101 24 correct
352 3316 55 27 and
436 3325 105 28 proper.
578 3317 56 28 But
657 3326 17 19 a
703 3317 51 28 few

127 3352 81 29 doors
232 3353 78 29 down
333 3353 46 29 the
399 3364 75 19 same
494 3357 82 26 street
595 3356 23 28 is
639 3355 116 29 another

128 3390 111 30 wooden
263 3391 123 38 building
399 3393 59 36 just
469 3394 34 26 20
520 3403 78 27 years
616 3393 54 29 old.
705 3394 33 28 Ac-

126 3429 113 35 cording
269 3434 28 24 to
321 3430 46 29 the
398 3432 140 28 assessor's
567 3432 97 37 theory
693 3432 62 30 that

127 3468 131 36 building,
280 3473 29 24 at
330 3469 46 28 the
395 3473 108 34 present
522 3470 77 34 time,
621 3470 86 35 ought
727 3474 28 25 to

129 3506 31 29 be
185 3506 85 29 worth
295 3507 106 37 exactly
425 3516 52 21 one
499 3508 73 30 third
594 3509 30 28 of
642 3509 73 29 what
734 3509 21 29 it

127 3554 56 18 was
207 3545 80 28 when
311 3545 77 29 built*
427 3547 144 36 Strangely
598 3548 107 33 enough
733 3547 22 28 it

127 3581 52 29 has
199 3582 147 35 increased,
359 3583 36 37 by
416 3593 74 20 some
503 3585 181 37 unexplained
696 3595 44 27 pro-

128 3631 57 19 cess
198 3621 30 29 of
243 3621 51 34 his,
307 3622 27 28 in
349 3622 76 29 three
437 3633 79 27 years
534 3624 70 29 from
625 3625 90 28 2OOO
727 3629 28 25 to

129 3660 98 27 2150.
264 3660 72 28 How
357 3661 55 27 this
431 3662 143 31 ingenious
598 3662 157 35 gentleman

129 3696 24 29 is
174 3697 80 36 going
274 3701 29 25 to
324 3698 117 31 dovetail
454 3699 77 29 these
549 3704 54 25 two
616 3699 82 36 joint*
717 3705 26 25 to-

125 3736 98 35 gether
240 3737 13 27 I
277 3739 73 27 can't
371 3748 52 23 see,
445 3738 51 30 but
517 3739 14 31 I
550 3738 80 30 think
652 3738 33 30 he
707 3740 48 28 has

127 3775 81 28 made
221 3784 17 19 a
250 3775 39 28 lot
301 3776 30 29 of
340 3785 181 29 unnecessary
538 3777 76 29 work
627 3777 40 29 for
685 3778 53 29 him-

126 3813 59 30 self.

317 3902 69 21 RACE
404 3904 149 21 MEETINGS.

164 3932 73 29 Most
258 3933 30 28 of
303 3943 50 18 our
365 3935 121 35 sporting
505 3934 160 38 population
687 3935 69 30 have

128 3970 67 30 been
208 3971 96 30 absent
316 3972 98 36 during
437 3973 46 30 the
496 3978 60 33 past
574 3973 90 36 week;
684 3985 73 19 some

127 4015 29 23 at
186 4010 46 29 the
263 4011 191 36 Marlborough
489 4022 85 23 races,
605 4013 92 29 others
728 4018 29 24 at

129 4048 146 37 Westport.
311 4050 58 27 The
390 4051 157 27 committee
566 4051 29 27 of
612 4050 46 28 the
677 4052 81 28 latter

127 4087 75 37 place
229 4086 69 30 have
331 4096 64 29 very
420 4088 141 30 indistinct
590 4089 110 29 notions
729 4090 31 29 of

130 4125 70 28 their
223 4126 87 28 duties
329 4127 13 27 I
357 4127 98 27 should
468 4137 57 26 say.
562 4128 55 28 For
635 4129 122 27 instance

127 4163 47 28 the
186 4163 74 33 right
271 4163 30 27 of
310 4173 93 23 games
416 4173 56 18 was
484 4164 57 28 sold
554 4164 36 36 by
603 4168 107 25 auction
726 4168 28 25 to

130 4211 16 20 a
158 4200 153 31 doodle-em
324 4201 69 30 buck
407 4212 65 20 man
494 4203 69 30 from
587 4203 110 35 Nelson,
717 4204 41 30 for

130 4242 65 26 i>ll.
232 4241 44 26 He
301 4241 54 27 nnd
388 4241 84 28 about
494 4242 61 27 half
581 4252 16 18 a
627 4253 74 18 score
731 4245 30 25 of

129 4277 92 27 artifts
233 4279 28 25 in
274 4278 46 26 the
343 4277 167 32 illegitimate
529 4288 80 24 game
627 4280 130 36 gathered

130 4314 126 35 together
268 4320 28 24 at
308 4314 46 30 the
367 4325 60 19 race
442 4316 120 35 meeting
580 4318 65 28 with
659 4328 15 18 a
687 4318 70 30 view

129 4354 30 27 of
169 4354 110 34 turning
292 4363 33 19 an
340 4354 97 28 honest
449 4364 91 27 penny
552 4355 36 36 by
607 4356 46 28 the
672 4366 85 27 many

128 4392 95 30 artless
235 4391 152 40 appliances
401 4393 86 31 which
501 4393 71 32 form
581 4394 72 32 their
668 4395 72 31 stock-

127 4432 129 32 in-trade,
278 4433 48 27 but
413 4444 29 17 as
456 4435 122 27 business
597 4445 56 17 was
672 4436 83 27 about

128 4471 29 26 to
170 4478 107 18 assume
288 4478 13 19 a
313 4469 72 29 brisk
396 4475 62 24 tone
468 4471 47 28 the
526 4471 85 37 police
621 4472 134 37 suddenly

131 4508 123 37 swooped
268 4517 72 29 upon
354 4509 75 29 them
443 4509 53 30 and
516 4511 151 35 prohibited
687 4511 71 30 their

128 4546 105 28 further
258 4548 174 34 proceedings
456 4558 30 18 as
509 4548 81 36 being
612 4550 142 28 unlawful.

130 4583 78 33 Now,
230 4594 30 20 as
279 4595 15 18 a
317 4588 99 27 matter
428 4585 30 30 of
467 4586 62 33 fact,
548 4592 72 25 most
641 4588 29 28 of
679 4588 76 29 these

130 4632 92 24 games
244 4633 44 18 are
308 4624 112 28 allowed
441 4635 36 18 on
498 4635 179 25 racecourses,
703 4628 54 27 and

129 4661 125 36 properly
278 4671 38 23 so,
329 4671 30 18 as
372 4661 65 38 they
456 4672 45 19 are
521 4673 38 18 an
569 4665 145 27 attraction
730 4669 27 24 to

130 4708 16 18 a
159 4699 115 28 number
295 4699 30 28 of
343 4701 92 36 people
456 4701 61 28 who
538 4711 45 19 are
608 4706 48 26 not
677 4704 80 28 much

129 4737 145 28 interested
287 4739 26 26 in
333 4739 47 27 the
392 4739 102 32 horses,
508 4740 54 29 and
583 4741 35 29 do
630 4745 47 25 not
691 4751 61 19 care

129 4780 29 25 to
170 4775 55 30 risk
245 4786 15 19 a
274 4777 85 29 whole
373 4779 139 34 sovereign
531 4782 28 26 at
578 4788 52 21 one
654 4789 53 29 pop
721 4789 33 21 on

129 4815 48 28 the
191 4815 157 31 totalisator,
362 4817 91 26 unless
465 4817 66 35 they
545 4818 68 29 have
626 4819 67 28 been
709 4825 48 30 put

131 4860 37 29 up
181 4856 28 24 to
222 4861 16 19 a
251 4853 68 33 good
333 4853 78 37 thing
427 4853 36 36 by
475 4864 16 18 a
505 4855 129 34 knowing
651 4856 88 29 friend
750 4865 7 26 ;

131 4889 114 30 besides,
273 4890 47 30 the
345 4892 54 28 sale
425 4893 29 29 of
476 4893 45 29 the
545 4895 128 36 privilege
696 4898 23 26 is
743 4906 16 19 a

131 4938 117 19 revenue
262 4934 27 22 to
303 4930 45 27 the
362 4930 75 30 Club,
452 4932 53 27 and
519 4932 46 28 the
578 4934 85 35 police
676 4943 82 19 never

131 4966 63 29 take
216 4967 90 28 action
327 4969 91 27 unless
437 4969 118 29 directed
568 4975 27 24 to
614 4971 34 28 do
670 4982 30 18 so
721 4972 36 36 by

133 5005 46 27 the
193 5005 68 28 Club
273 5010 145 31 secretary.
454 5007 58 28 The
524 5009 55 27 real
596 5017 95 20 reason
704 5020 54 18 was

131 5042 61 29 that
205 5042 46 29 the
265 5043 146 37 purchaser
423 5045 28 28 of
460 5045 45 28 the
524 5047 150 29 totalisator
685 5048 73 34 right

131 5082 55 28 had
207 5091 80 24 givm
310 5092 16 18 a
347 5082 45 35 big
403 5083 79 36 price,
502 5085 53 27 and
578 5086 130 28 reckoned
724 5087 33 28 he

132 5120 89 27 would
235 5120 69 27 have
326 5124 27 23 to
366 5129 61 28 pass
440 5121 36 27 all
489 5122 46 27 the
557 5122 71 29 loose
650 5124 60 28 coin
724 5134 35 19 on

134 5157 46 30 the
204 5157 63 29 field
292 5158 117 37 through
435 5158 42 30 his
501 5160 126 30 machine
647 5167 53 24 two
729 5173 32 18 or

131 5197 75 27 three
232 5197 88 29 times,
345 5197 147 34 deducting
515 5199 33 26 10
568 5208 47 25 per
636 5204 71 23 cent,
732 5204 27 24 at

129 5233 67 28 each
216 5243 80 27 assay
310 5237 26 24 to
357 5237 45 33 get
420 5243 95 28 square
527 5243 6 27 ;
552 5235 55 30 and
620 5246 15 19 a
647 5247 90 28 sympa-

129 5271 102 36 thising
260 5273 156 30 committee
457 5273 53 29 and
540 5278 215 33 compassionate

130 5311 87 36 police
231 5311 95 35 helped
352 5311 55 28 him
428 5315 27 24 to
477 5312 79 28 make
571 5323 16 17 a
597 5314 67 34 good
682 5315 79 36 thing

130 5351 47 26 out
195 5348 31 28 of
240 5348 30 34 it,
286 5348 88 28 whilst
387 5349 45 28 the
451 5349 175 32 unfortunate
647 5351 90 30 doodle-

131 5386 170 30 em-buckers
325 5387 53 29 had
404 5391 28 25 to
456 5388 31 28 be
508 5393 112 24 content
642 5393 28 25 to
694 5391 60 33 give

132 5426 71 28 their
223 5428 97 26 brazen
344 5427 79 34 lungs
435 5437 16 18 a
465 5431 62 28 rest,
549 5428 55 29 and
623 5432 44 32 get
687 5429 72 29 their

132 5474 99 27 money
256 5464 66 29 back
347 5465 69 28 from
442 5466 46 28 the
508 5465 77 29 Club.
621 5466 61 28 And
707 5468 47 27 the

130 5503 72 28 clerk
216 5503 29 28 of
256 5503 45 28 the
314 5503 85 28 scales
413 5503 74 29 there
502 5503 133 36 managed
649 5508 28 24 to
690 5506 65 36 spoil

132 5550 16 19 a
160 5541 69 33 good
243 5541 79 35 thing
334 5541 36 37 by
387 5542 135 35 weighing
540 5545 48 26 out
601 5553 15 18 a
629 5543 60 29 iock
708 5543 52 29 five

131 5580 106 36 pounds
250 5580 83 27 short.
371 5580 57 27 The
447 5580 59 28 best
518 5580 30 27 of
557 5580 46 27 the
618 5581 64 34 joke
702 5590 54 18 was

131 5618 58 27 that
203 5617 44 28 the
262 5617 151 29 totalisator
422 5618 63 37 paid
506 5621 47 24 out
564 5627 73 19 more
648 5618 109 37 quickly

132 5656 65 29 than
213 5657 87 30 usual,
315 5656 53 29 and
392 5657 88 28 before
502 5656 46 29 the
562 5656 126 30 deficient
697 5658 62 37 jock

132 5695 121 34 weighed
267 5697 26 26 in
316 5696 46 28 the
376 5696 109 28 holders
497 5697 30 26 of
537 5696 46 27 the
602 5696 59 28 first
681 5696 78 28 horse

129 5739 62 32 past
213 5732 45 29 the
279 5738 59 33 post
352 5734 54 28 had
419 5738 46 28 got
483 5734 71 28 their
573 5743 109 27 money,
703 5734 53 28 and

131 5773 45 30 the
190 5772 87 29 clever
289 5772 115 30 division
419 5782 67 20 were
500 5772 66 29 sold.

609 5811 116 27 KoRAn.

943 191 98 30 LOVE
1060 191 157 30 TOKENS.

799 285 57 28 The
870 285 103 38 gossips
986 286 46 29 tell
1046 297 16 19 a
1074 287 87 36 funny
1173 289 82 34 story,
1266 286 27 28 in
1305 285 88 30 which

765 337 53 23 two
841 333 117 27 Russian
981 333 145 29 noblemen
1149 334 53 28 and
1226 343 15 18 a
1263 334 131 27 favourite

766 381 121 28 Parisian
902 385 101 25 actress
1022 382 64 36 play
1099 382 45 28 the
1166 381 132 38 principal
1312 386 82 32 parts.

766 428 71 27 Both
851 428 31 27 of
891 428 47 27 the
952 428 123 37 Bayards
1088 438 69 19 were
1180 429 99 28 suitors
1297 429 40 27 for
1350 428 46 28 the

766 475 50 29 fair
829 475 88 38 lady's
929 476 103 34 smiles,
1046 477 53 28 and
1118 477 65 28 both
1203 476 107 29 seemed
1324 482 28 22 to
1364 477 32 28 be

766 523 109 35 equally
892 523 135 28 esteemed
1048 523 35 37 by
1102 523 57 28 her.
1196 524 27 27 It
1242 524 89 27 would
1350 534 30 26 ap-

766 578 63 27 pear
852 569 60 28 that
934 569 27 28 in
978 570 106 31 liussia,
1098 580 30 17 as
1142 570 61 27 well
1217 580 29 17 as
1263 570 29 28 in
1313 580 83 27 many

766 616 79 27 oilier
866 617 145 33 countries,
1033 626 15 19 a
1070 617 61 28 lock
1154 618 26 27 ot
1206 617 61 28 hair
1287 617 23 28 is
1334 626 47 19 con-

767 662 105 29 sidered
897 673 16 18 a
938 663 87 36 signal
1056 662 94 39 pledge
1175 664 30 28 of
1232 664 46 28 the
1304 664 94 28 tender

768 710 106 36 passion
888 718 6 25 ;
914 709 57 34 but,
992 710 23 28 if
1032 711 46 27 the
1093 711 73 28 truth
1180 714 75 24 must
1276 711 32 28 be
1331 711 66 34 told,

768 759 48 27 few
841 759 26 27 of
890 769 51 19 our
959 760 143 28 theatrical
1126 760 139 29 divinities
1287 769 44 18 are
1352 769 30 18 en-

768 803 94 28 dowed
888 805 65 27 with
982 806 106 30 profuse
1110 806 164 32 chevelures,
1300 805 54 28 and
1378 805 24 27 if

768 851 64 39 they
847 862 77 24 were,
947 852 46 29 the
1015 852 136 30 incessant
1169 853 117 30 demand
1307 852 90 30 would

768 909 66 18 soon
855 899 114 29 exhaust
991 900 45 28 the
1061 901 108 36 supply.
1208 900 93 29 Mdlle.
1324 901 73 28 Alice

768 946 98 35 glories
883 948 29 26 in
932 948 46 27 the
992 948 151 36 possession
1166 949 30 27 of
1206 948 106 28 auburn
1326 949 57 34 ring-

769 995 60 33 lets,
843 995 54 28 and
910 995 132 29 wouldn't
1062 1002 60 31 part
1135 996 66 29 with
1215 1006 51 20 one
1288 997 40 28 for
1347 996 52 30 less

769 1042 66 28 than
855 1052 15 18 a
889 1043 116 35 duchey.
1043 1044 60 27 Her
1121 1044 118 27 Russian
1259 1044 140 32 admirers,

769 1088 46 29 the
839 1089 90 28 Count
954 1089 32 29 de
1011 1090 22 27 L
1105 1090 52 28 and
1181 1090 46 29 the
1250 1090 91 29 Baron
1367 1090 32 28 de

771 1136 27 28 M
871 1158 6 12 ,
898 1137 65 28 both
985 1138 144 36 happened
1148 1143 27 24 to
1197 1139 70 28 have
1288 1139 61 28 hair
1373 1139 30 28 of

769 1183 46 29 the
837 1193 75 19 same
939 1184 98 37 golden
1062 1185 53 29 hue
1140 1195 30 19 as
1194 1185 62 29 that
1279 1186 30 28 of
1330 1185 72 29 their

769 1231 108 28 mutual
903 1231 141 29 Dulcinea.
1081 1233 76 27 Each
1187 1233 102 36 begged
1320 1234 42 27 for
1385 1243 14 17 a

770 1282 68 24 tress
852 1278 30 28 of
891 1278 49 29 her
952 1278 61 29 hair
1025 1280 26 26 in
1066 1279 138 36 exchange
1217 1280 41 28 for
1272 1290 16 18 a
1300 1280 61 28 lock
1375 1280 28 28 of

771 1325 42 29 his
826 1336 72 24 own,
911 1331 27 24 to
952 1327 89 28 which
1055 1326 46 29 the
1123 1327 145 35 charming
1281 1332 121 24 creature

772 1373 104 37 readily
889 1374 133 33 assented,
1036 1375 54 27 and
1110 1375 115 29 without
1239 1376 129 34 touching
1387 1385 14 18 a

772 1419 86 39 single
896 1421 56 28 curl
992 1422 30 27 of
1048 1421 48 30 her
1135 1421 78 34 head,
1252 1422 151 38 cunningly

772 1469 135 37 managed
919 1475 28 24 to
960 1470 77 29 effect
1050 1481 34 18 an
1098 1471 139 35 exchange
1251 1473 29 27 of
1290 1472 112 36 parcels,

773 1516 36 35 by
823 1517 89 26 which
926 1517 66 27 each
1012 1518 154 32 gentleman
1187 1517 123 28 received
1323 1527 15 18 a
1352 1519 51 26 tuft

773 1562 29 31 of
812 1561 43 31 his
867 1562 94 31 rival's
974 1563 160 39 capillaries.
1170 1564 58 30 The
1247 1569 83 26 count
1342 1575 61 19 now

774 1621 83 17 wears
888 1612 46 27 the
964 1612 108 28 baron's
1267 1618 65 23 next
1363 1613 40 27 his

773 1656 87 36 heart,
885 1657 55 29 and
965 1657 46 30 the
1036 1658 85 29 baron
1150 1658 87 39 sleeps
1267 1658 67 30 with
1359 1659 44 30 the

774 1707 106 26 count's
893 1706 148 35 scalp-lock
1053 1706 88 28 under
1152 1707 44 27 his
1210 1708 100 35 pillow.

843 1793 181 28 NELSON'S
1043 1794 149 28 LEGACY
1211 1795 46 28 TO
1277 1795 64 30 HIS

997 1841 186 27 COUNTRY.

808 1934 27 27 It
857 1943 76 18 came
957 1937 26 25 to
996 1943 63 28 pass
1082 1936 60 28 that
1154 1946 36 19 on
1211 1938 45 28 the
1279 1938 129 35 morning

773 1981 30 30 of
813 1981 46 30 the
881 1982 60 29 21st
961 1983 30 28 of
1009 1983 122 37 October,
1147 1987 75 33 1805,
1244 1987 103 29 Nelson
1366 1992 42 24 sat

773 2028 28 27 in
816 2029 42 27 his
871 2030 79 27 cabin
962 2030 101 28 aboard
1077 2031 45 28 the
1135 2032 122 37 Victory,
1279 2033 40 28 off
1335 2034 72 36 Cape

773 2075 150 37 Trafalgar,
948 2077 110 38 writing
1082 2077 44 30 his
1155 2079 54 30 last
1239 2080 170 37 bequest:

804 2123 129 27 Whereas
948 2124 46 27 the
1007 2126 123 27 eminent
1142 2127 117 27 services
1267 2129 31 26 of
1306 2129 102 26 Emma

774 2169 157 37 Hamilton,
945 2171 97 31 willow
1060 2175 29 27 of
1101 2173 46 30 the
1168 2174 85 37 llight
1274 2176 76 30 Hon.
1365 2176 44 30 Sir

775 2219 120 27 William
910 2220 157 32 Hamilton,
1079 2221 69 27 have
1161 2221 68 28 been
1242 2223 29 26 of
1281 2223 46 28 the
1343 2232 66 27 very

774 2268 119 32 greatest
905 2267 103 28 service
1021 2270 28 25 to
1062 2276 50 20 our
1125 2268 74 36 King
1220 2269 54 29 and
1293 2274 115 32 country

773 2316 29 25 to
813 2322 48 28 my
871 2312 168 39 knowledge.
1077 2334 7 9 .
1122 2336 7 7 .
1166 2337 7 8 .
1211 2316 87 29 Could
1312 2317 13 29 I
1338 2317 71 31 have

774 2361 140 28 rewarded
928 2362 76 28 these
1021 2364 115 27 services
1150 2364 14 27 I
1178 2365 90 27 would
1287 2371 48 23 not
1348 2376 61 19 now

774 2407 53 28 call
850 2416 74 28 upon
943 2417 49 27 my
1015 2412 131 34 country;
1164 2410 50 29 but
1232 2420 30 19 as
1281 2412 59 28 that
1360 2412 49 29 has

774 2459 49 25 not
848 2454 69 30 been
938 2456 27 28 in
988 2465 48 28 my
1055 2466 100 28 power,
1175 2458 15 28 I
1209 2458 75 30 leave
1307 2460 102 29 Emma

776 2495 155 33 Hamilton,
945 2494 143 35 therefore,
1102 2507 16 17 a
1130 2497 94 37 legacy
1237 2502 28 24 to
1279 2508 48 27 my
1336 2500 73 35 King

775 2533 55 29 and
850 2538 126 33 country,
1000 2534 61 29 that
1082 2535 66 37 they
1164 2536 55 28 will
1241 2538 59 35 give
1314 2538 49 28 her
1375 2548 34 18 an

774 2572 93 36 ample
880 2573 137 35 provision
1031 2576 28 25 to
1080 2575 132 27 maintain
1232 2575 49 27 her
1299 2576 69 28 rank
1381 2578 27 26 in

775 2609 55 28 life.
867 2609 15 28 I
903 2611 57 26 also
980 2610 76 28 leave
1078 2615 28 24 to
1129 2612 45 28 the
1194 2611 171 30 beneficence
1385 2615 30 27 of

776 2658 47 29 my
862 2653 116 35 country
1021 2659 48 28 my
1108 2649 119 40 adopted
1266 2651 143 38 daughter,

776 2688 118 28 Horatio
919 2689 101 27 Nelson
1042 2689 150 33 Thomson,
1212 2691 55 27 and
1291 2692 14 26 I
1324 2693 87 27 desire

776 2725 48 29 she
838 2725 56 29 will
907 2727 28 27 in
948 2726 90 29 future
1051 2735 48 21 use
1112 2726 46 30 the
1171 2736 82 21 name
1266 2729 30 28 of
1307 2729 101 30 Nelson

777 2764 74 37 only.
888 2764 87 30 These
998 2776 45 18 are
1062 2766 46 29 the
1128 2767 66 35 only
1211 2768 111 28 favours
1335 2769 14 27 I
1362 2769 49 28 ask

778 2804 30 26 of
816 2812 48 26 my
877 2803 74 36 King
964 2804 54 26 and
1032 2809 115 31 country
1164 2809 30 23 at
1211 2805 56 28 this
1285 2811 125 24 moment

777 2841 81 29 when
878 2841 15 29 I
915 2851 46 19 am
981 2841 83 38 going
1086 2846 28 26 to
1136 2842 70 37 fight
1227 2844 72 28 their
1317 2844 93 30 battle.

781 2881 65 35 May
871 2880 60 29 God
957 2880 71 28 bless
1050 2889 48 28 my
1117 2882 73 34 King
1217 2882 55 28 and
1296 2889 115 30 country

780 2918 53 29 and
846 2918 36 29 all
901 2917 77 30 those
992 2919 14 28 I
1020 2918 66 30 hold
1234 2921 57 29 The
1312 2922 99 29 results

780 2957 30 26 of
830 2957 56 26 this
905 2957 128 32 affecting
1052 2957 130 35 despatch
1205 2968 46 16 are
1269 2960 64 32 only
1358 2964 53 22 two

781 2991 61 30 well
853 2990 109 30 known.
999 2992 58 30 The
1068 2998 77 25 great
1154 2993 140 31 admiral's
1304 2995 109 31 brother

781 3041 56 20 was
861 3032 108 29 created
994 3043 35 19 an
1052 3033 76 33 Earl,
1150 3034 67 29 with
1242 3045 16 18 a
1281 3042 80 28 grant
1386 3037 29 27 of

780 3071 93 26 6OOO
891 3079 47 26 per
950 3079 114 23 annum,
1084 3080 16 17 a
1119 3080 61 18 sum
1203 3072 31 26 of
1253 3074 118 29 4-10,000
1383 3077 28 23 to

781 3107 67 29 each
863 3107 30 29 of
910 3105 44 31 his
975 3107 100 36 sisters,
1089 3108 55 30 and
1157 3109 136 35 200,000
1313 3110 41 31 for
1367 3111 46 31 the

781 3147 134 35 purchase
928 3157 16 18 o
967 3157 36 18 an
1016 3153 103 28 estate';
1138 3149 48 27 but
1208 3150 78 35 Lady
1304 3151 90 27 Hamil-

782 3185 71 28 ton's
865 3184 81 29 claim
966 3194 55 19 was
1034 3186 100 37 utterly
1147 3186 121 36 ignored,
1287 3187 71 29 alike
1376 3188 37 37 by

781 3223 47 30 the
849 3232 75 30 poor,
945 3224 165 38 respectable
1129 3229 121 26 creature
1271 3227 62 30 who
1355 3237 42 20 suc-

782 3262 100 30 ceeded
902 3268 29 23 to
952 3263 139 29 Horatio's
1104 3268 69 25 state
1195 3265 55 28 and
1263 3267 81 32 fame,
1361 3267 52 28 and

782 3300 36 36 by
837 3301 47 27 the
905 3302 95 26 nation
1013 3302 29 27 in
1055 3302 91 28 whose
1166 3302 111 29 defence
1296 3304 116 28 Horatio

781 3338 72 34 died,
866 3342 55 25 and
933 3338 90 29 whose
1037 3339 87 37 safety
1139 3339 117 31 Horatio
1268 3341 140 29 achieved.

783 3376 54 28 She
861 3376 61 28 died
947 3386 15 19 a
982 3386 104 27 pauper
1103 3382 29 24 at
1153 3379 100 33 Calais,
1279 3380 54 27 and
1357 3390 56 18 was

781 3413 96 30 buried
901 3424 31 19 as
956 3425 17 19 a
992 3424 103 29 pauper
1119 3416 35 37 by
1179 3417 181 38 subscription
1384 3420 28 27 in

782 3455 17 14 41
811 3453 46 29 the
879 3452 123 30 heretics'
1017 3453 118 37 burying
1155 3456 105 34 ground
1306 3457 107 29 outside

781 3491 47 29 the
842 3491 84 29 walls.
964 3492 35 28 In
1013 3493 66 28 1816
1089 3493 49 28 her
1145 3503 81 25 grave
1237 3502 56 21 was
1302 3496 111 35 already

781 3530 145 36 forgotten,
947 3540 29 19 so
997 3531 61 28 that
1071 3533 137 35 Sylvanus
1230 3533 63 28 who
1316 3535 97 35 passed

783 3568 59 28 that
855 3577 60 28 way
930 3568 54 29 and
1002 3569 82 28 made
1102 3570 140 36 inquiries,
1262 3571 80 28 could
1355 3571 58 29 fiud

782 3616 37 20 no
843 3606 103 35 vestige
976 3608 30 28 of
1026 3608 57 28 her.
1273 3620 63 26 says
1371 3611 44 28 Mr

784 3644 104 34 Urban,
909 3646 29 27 in
959 3645 44 29 his
1024 3647 187 35 gentlemanly
1234 3657 71 26 way,
1354 3649 61 27 how

781 3682 112 35 fleeting
910 3692 47 19 are
978 3683 47 29 the
1038 3684 120 29 honours
1178 3685 30 29 of
1227 3684 56 30 this
1304 3687 111 37 passing

1093 3723 30 29 of
1132 3724 58 28 Art.

834 3816 78 31 THE
932 3816 215 33 DISCOVERY
1166 3819 46 30 OF
1232 3820 127 31 MUSIC.

816 3914 83 29 Some
925 3914 128 29 attribute
1078 3915 46 29 the
1150 3915 141 39 discovery
1316 3922 28 25 to
1368 3919 46 30 the

783 3961 101 30 sounds
897 3962 80 29 made
991 3962 34 38 by
1040 3972 14 19 a
1068 3962 73 38 large
1158 3971 77 21 stone
1248 3966 108 37 against
1368 3966 46 30 the

785 4010 86 29 frame
885 4011 30 28 of
925 4020 33 19 an
973 4011 125 36 oil-press
1110 4020 6 25 ;
1136 4013 54 27 and
1209 4013 100 35 others,
1329 4018 27 24 to
1369 4015 45 29 the

783 4058 75 27 noise
883 4057 30 27 of
933 4061 74 23 meat
1032 4057 80 28 when
1134 4060 139 35 roasting;
1295 4060 50 29 but
1368 4061 46 29 the

784 4114 77 28 sages
874 4104 30 31 of
916 4103 75 30 Hind
1006 4104 100 38 (India)
1121 4116 45 18 are
1179 4106 31 29 of
1225 4107 112 37 opinion
1355 4109 61 30 that

783 4152 22 27 it
817 4152 153 34 originated
983 4152 70 27 from
1066 4152 46 27 the
1125 4153 138 36 following
1275 4156 139 27 accident:

783 4199 38 30 As
846 4209 15 20 a
875 4198 110 31 learned
1005 4197 121 31 Braham
1146 4208 56 21 was
1223 4201 144 38 travelling
1388 4208 27 26 to

784 4247 46 27 the
844 4250 76 24 court
933 4247 31 26 of
972 4256 35 17 an
1021 4246 150 28 illustrious
1183 4248 78 35 rajah
1279 4250 34 26 lie
1326 4252 89 26 rested

784 4292 82 29 about
889 4291 46 30 the
955 4291 102 30 middle
1078 4291 30 29 of
1124 4291 46 30 the
1189 4292 54 38 day
1263 4295 87 29 under
1369 4296 46 30 the

784 4340 85 29 shade
891 4340 31 28 of
939 4350 16 18 a
974 4340 139 37 mulberry
1134 4343 66 30 tree,
1223 4350 34 19 on
1271 4342 46 29 the
1331 4347 46 33 top
1390 4346 29 26 of

784 4387 91 33 which
896 4387 34 31 he
952 4387 98 31 beheld
1063 4397 15 21 a
1091 4387 184 33 mischievous
1296 4391 120 41 monkey

784 4438 131 35 climbing
927 4438 71 27 from
1019 4437 91 32 bough
1124 4441 28 23 to
1174 4438 101 34 bough,
1289 4441 50 30 till,
1353 4441 35 35 by
1400 4452 16 17 a

784 4483 105 31 sudden
903 4483 61 38 slip,
977 4483 35 29 he
1025 4483 46 29 fell
1089 4492 75 29 upon
1181 4493 16 19 a
1211 4483 205 41 sharp-pointed

784 4534 88 32 shoot,
899 4532 90 27 which
1014 4532 134 35 instantly
1182 4533 95 35 ripped
1306 4544 37 26 up
1374 4537 42 27 his

784 4580 72 38 belly
866 4580 53 29 and
931 4580 48 28 left
987 4578 43 29 his
1041 4578 111 29 entrails
1165 4580 153 37 suspended
1329 4582 26 28 in
1369 4583 47 30 the

784 4625 65 26 tree,
880 4619 80 27 while
990 4617 47 29 the
1068 4617 121 36 unlucky
1225 4618 104 30 animal
1358 4622 56 33 fell,

785 4657 159 33 breathless,
965 4665 36 18 on
1023 4655 47 28 the
1083 4654 63 29 dust
1158 4655 31 27 of
1205 4655 92 29 death.
1334 4658 81 31 Some

784 4696 66 28 time
871 4695 69 28 after
962 4693 66 34 this,
1049 4702 30 18 as
1099 4692 46 29 the
1164 4693 122 30 Braham
1306 4705 56 19 was
1375 4707 26 19 re-

785 4735 121 33 turning,
925 4733 35 28 he
979 4731 155 36 accidently
1157 4735 41 24 sat
1220 4733 78 28 down
1318 4735 29 28 in
1369 4736 46 28 the

785 4782 75 20 same
873 4772 87 38 place,
974 4770 54 31 and
1045 4770 172 38 recollecting
1234 4771 47 30 the
1300 4773 98 30 circum-

785 4817 116 27 stances,
926 4810 97 29 looked
1047 4818 37 26 up
1115 4810 54 27 and
1194 4819 55 18 saw
1279 4811 61 29 that
1369 4814 46 27 the

784 4849 113 29 entrails
918 4857 70 19 were
1009 4846 84 32 dried,
1118 4846 54 28 and
1194 4847 108 37 yielded
1323 4858 15 19 a
1354 4850 45 28 har-

785 4897 127 20 monious
942 4886 87 30 sound
1059 4895 82 27 every
1172 4886 66 29 time
1268 4887 46 30 the
1344 4890 72 28 wind

786 4928 93 35 gently
925 4925 131 37 impelled
1096 4925 77 27 them
1215 4926 107 34 against
1369 4928 46 28 the

785 4965 141 29 branches.
962 4962 139 30 Charmed
1128 4966 29 25 at
1182 4963 44 28 the
1251 4964 162 37 singularity

785 5004 30 27 of
837 5003 45 28 the
908 5002 158 32 adventure,
1089 5000 34 27 he
1141 5000 64 28 took
1226 5001 77 28 them
1325 5003 89 33 down,

785 5041 54 30 and
860 5041 69 29 after
948 5039 113 35 binding
1074 5038 76 29 them
1166 5043 27 24 to
1211 5038 48 29 the
1273 5045 53 24 two
1348 5042 67 28 ends

785 5081 30 28 of
824 5081 42 28 his
889 5078 210 35 walking-stick,
1113 5078 117 28 touched
1252 5079 77 28 them
1348 5081 66 27 with

786 5128 16 17 a
815 5119 78 27 small
907 5118 72 35 twig,
994 5117 36 36 by
1042 5116 90 28 which
1143 5116 34 27 he
1186 5116 155 29 discovered
1355 5118 61 29 that

787 5156 44 30 the
853 5156 87 30 sound
961 5165 56 20 was
1035 5154 83 30 much
1140 5154 150 37 improved.
1327 5156 88 29 When

786 5196 33 26 he
844 5199 47 30 got
915 5195 80 27 home
1019 5194 35 26 he
1078 5193 122 27 fastened
1225 5193 46 27 the
1296 5194 66 27 staff
1388 5199 27 23 to

786 5232 115 29 another
913 5231 73 39 piece
1000 5231 29 28 of
1039 5229 86 34 wood,
1140 5229 89 30 which
1238 5239 56 20 was
1306 5231 108 35 hollow,

786 5272 53 28 and
852 5272 37 36 by
901 5272 47 27 the
960 5270 123 29 addition
1095 5269 30 29 of
1135 5279 16 19 a
1164 5269 68 35 bow,
1242 5274 96 32 strung
1350 5272 64 28 with

787 5313 60 32 part
864 5311 30 26 of
913 5309 42 27 his
967 5318 61 18 own
1042 5307 90 32 beard,
1151 5309 147 27 converted
1316 5309 22 28 it
1355 5310 63 32 int<*

788 5358 15 17 a
828 5347 132 37 complete
984 5347 173 28 instrument.
1195 5346 35 27 In
1254 5347 163 35 succeeding

787 5395 63 25 ages
873 5386 46 27 the
944 5384 105 29 science
1079 5384 122 29 received
1231 5385 185 30 considerable

786 5424 223 36 improvements.
1045 5424 76 28 After
1141 5422 47 29 the
1210 5424 122 29 addition
1351 5426 30 27 of
1400 5436 16 17 a

786 5462 101 35 bridge,
901 5471 81 27 purer
1002 5466 77 24 tones
1098 5471 69 19 were
1187 5463 151 34 extracted;
1360 5464 54 28 and

786 5500 47 28 the
846 5500 124 28 different
988 5499 133 33 students,
1134 5499 132 38 pursihng
1288 5500 44 29 the
1352 5500 64 30 bent

787 5536 29 30 of
835 5538 70 28 their
928 5537 181 35 inclinations,
1122 5539 170 28 constructed
1314 5539 84 29 instru-

787 5581 90 22 ments
907 5577 30 26 of
959 5577 107 26 various
1089 5576 94 30 forms,
1214 5577 145 34 according
1390 5582 26 23 to

788 5613 68 28 their
887 5613 149 29 individual
1066 5613 117 34 fancies;
1215 5613 53 28 and
1300 5620 27 22 to
1361 5615 54 28 this

787 5652 151 29 whimsical
959 5652 123 29 accident
1104 5662 40 18 we
1164 5662 44 19 are
1230 5652 127 29 indebted
1376 5655 42 26 for

788 5692 45 27 the
847 5692 103 27 tuneful
964 5702 52 25 ney
1025 5692 53 27 and
1090 5692 45 27 the
1144 5692 272 34 beart-exhilaratiug

786 5728 92 34 rabab,
892 5729 63 31 and,
969 5731 28 26 in
1012 5729 84 33 short,
1110 5728 36 29 all
1165 5729 46 27 the
1224 5728 79 28 other
1315 5728 85 29 instru-

788 5774 89 22 ments
897 5768 28 28 of
943 5767 73 29 wind
1038 5767 54 29 and
1116 5767 225 35 strings.Tales
1362 5768 30 28 of
1402 5777 16 19 a

789 5807 101 27 Parrot.

1326 54 117 40 THE
1499 57 184 40 LYELL
1737 57 184 46 TIMES,
1977 57 74 40 SA~.

2124 57 157 44 RDAY,
2337 56 189 43 MARCH
2580 61 23 38 6
2674 61 103 39 1886.

3432 5687 112 26 Printed
3557 5687 55 27 ami
3627 5687 148 36 published
3793 5688 37 36 by
3845 5689 49 29 the
3908 5691 162 36 proprietor,

3465 5723 106 30 Walter
3583 5725 95 31 Afk'n,
3691 5730 29 23 at
3732 5725 49 29 the
3797 5727 165 35 Kegistered
3984 5730 86 28 Office

3464 5768 26 22 of
3498 5763 46 28 the
3586 5764 75 31 Lvell
3800 5766 67 27 Cliff
3873 5768 60 27 Sire
3939 5768 131 36 jt.Lyell,

3465 5803 110 31 County
3591 5803 29 27 of
3631 5803 103 31 Duller,
3744 5803 108 28 Colonv
3868 5806 28 27 of
3907 5806 67 28 N.Z.

1496 181 173 41 Westport
1686 183 303 33 Advertisements.

1422 235 628 83 GILMER'S""HOTEL

1662 362 156 29 WESTPORT,

1448 431 144 40 Corner
1619 431 43 39 of
1689 432 238 39 Palmerston
1952 433 76 39 and

1540 485 211 40 Wakefield
1779 488 158 46 Streets,

1426 576 276 59 CONVENIENT
1725 581 28 25 to
1772 577 46 29 the
1832 577 154 37 Telegraph
1999 577 52 29 and

1514 616 64 27 Post
1592 615 108 35 Offices,
1713 616 55 28 and
1781 616 95 36 nearly
1890 616 122 37 opposite
2025 620 28 24 to

1425 653 31 28 lie
1472 654 75 28 lI.M.
1562 655 86 27 Court
1663 655 54 28 and
1738 655 81 28 H.M.
1834 656 138 27 Customs.

1426 762 178 38 Gilmer's
1627 762 174 39 Masonic
1826 763 129 47 Hotel,

1941 824 112 21 NELSON.

1425 854 180 40 Gilmer's
1631 855 130 46 Hotel,

1876 916 179 21 GREYMOUTH.

1427 943 177 42 Gilmer's
1625 946 122 52 Royal
1766 946 85 40 Oak
1873 947 128 47 Hotel,

1863 1009 192 21 WELLINGTON.

1462 1115 76 29 Good
1559 1115 238 29 accommodation
1815 1115 42 29 for
1877 1115 178 30 Commercial

1427 1155 160 29 Travellers,
1599 1154 68 27 with
1679 1155 105 34 sample
1797 1164 92 17 rooms
1900 1155 139 35 provided.

1461 1192 23 27 A
1509 1192 88 36 Night
1620 1192 96 27 Porter
1740 1191 103 37 always
1867 1202 35 18 on
1927 1192 47 29 the
1999 1202 43 28 pre-

1427 1231 90 26 mises.

1462 1267 126 33 Booking
1607 1267 84 28 Office
1710 1267 42 27 for
1764 1267 46 28 the
1823 1267 169 34 Charleston,
2005 1268 35 28 Ad-

1428 1306 112 33 dison's,
1555 1306 114 28 Reefton
1681 1301 55 33 and
1755 1305 80 37 Lyell
1848 1306 130 28 Coaches.

1463 1344 77 28 Good
1554 1344 127 34 stabling,
1695 1344 67 28 with
1776 1343 76 37 eight
1872 1344 79 29 horse
1973 1344 85 34 stalls,

1429 1383 127 28 attached
1569 1386 28 25 to
1610 1383 46 28 the
1670 1383 140 35 premises.

1635 1438 121 34 JOHN
1776 1438 189 42 GILMER,

1862 1485 164 35 Proprietor.

1430 1567 90 59 Iff
1620 1567 440 61 gTRUTHERS

1574 1662 89 33 HAS
1679 1661 64 34 ON
1764 1662 151 33 SALE-

1482 1738 235 51 Ccrrugated
1739 1738 98 47 Iron,

1482 1800 200 52 Crockery,

1484 1863 321 51 Paperhangings,

1482 1921 133 43 White
1635 1926 120 45 Lead,

1483 1990 94 47 Oils,

1482 2053 222 45 Varnishes,

1484 2117 125 37 Doors
1623 2117 74 38 and
1715 2116 155 47 Sashes,

1485 2180 169 52 Cutlery,

1485 2242 437 53 Cutlery-Electroplate
1940 2256 8 35 ;
1977 2241 74 41 and

1485 2305 126 40 Brush
1614 2318 111 28 ware.

1474 2434 319 38 PALMERSTON
1838 2433 192 49 STREET,

1648 2498 213 28 WESTPORT.

1473 2579 289 60 Thomas
1789 2579 244 73 James,

1567 2693 266 46 SADDLER,
1862 2692 80 47 &c.,

1438 2779 219 27 TMPORTER
1676 2787 55 18 and
1757 2779 313 27 MANUFACTURER

1738 2838 33 21 op

1439 2888 60 38 All
1531 2887 253 52 descriptions
1802 2887 42 38 of
1872 2887 196 55 Saddlery,

1489 2952 184 42 Harness,
1693 2952 110 46 Long
1814 2951 75 35 and
1909 2951 137 36 Short-
2072 2951 2 47 4

1539 3011 202 53 Leggings,
1814 3011 157 53 Plough,

1587 3076 31 38 &
1638 3076 107 37 Back
1771 3075 153 49 Chains,

1635 3139 157 46 Traces,
1811 3141 65 36 &c.

1442 3269 113 36 Repairs
1568 3269 102 37 Neatly
1682 3270 56 27 and
1758 3271 143 35 Promptly
1924 3270 148 29 Executed.

1442 3380 174 37 Up-country
1629 3380 93 28 orders
1739 3381 141 37 promptly
1893 3381 130 29 attended
2037 3386 36 24 to.

1442 3493 49 29 ON
1511 3494 94 28 SALE
1607 3494 110 29 Steel
1748 3494 137 34 Polished,
1915 3495 54 28 and
2000 3496 74 29 Solid

1511 3532 89 28 Silver
1627 3533 71 32 Bits,
1729 3533 132 36 Stirrups,
1893 3534 55 27 and
1980 3535 94 35 Spurs,

1510 3570 103 36 Riding
1635 3570 125 35 Saddles,
1781 3571 73 28 Pack
1877 3571 123 34 Saddles,
2021 3572 53 29 and

1511 3608 98 38 Whips
1622 3609 30 29 of
1666 3610 37 28 all
1715 3609 188 37 descriptions.

1654 3942 211 35 IMPORTER,

1730 4125 64 22 ASD

1542 4195 197 42 Provision
1760 4196 216 42 Merchant.

1482 4396 319 40 PALMERSTON
1844 4397 193 48 STREET,

1654 4492 214 27 WESTPORT.

2158 183 145 31 Reefton
2330 184 293 33 Advertisements

2197 264 54 39 W.
2292 264 303 50 HINDMARSH,

2084 385 320 61 gHAREBROKER,
2431 388 178 32 MIXING,
2634 390 78 26 AND

2171 462 166 40 General
2363 464 259 40 Commission

2331 554 136 55 Agent,

2114 684 290 49 BROADWAY,
2433 686 244 48 REEFTON,

2204 793 141 36 (Opposite
2363 793 35 28 So
2411 793 89 30 ithern
2514 792 81 30 Cross

2347 851 103 34 Hotel.)

2085 932 339 60 Dawson's
2489 935 223 72 Hotel,

2180 1037 224 33 BROADWAY,
2434 1039 183 27 REEFTON.

2086 1150 89 59 The
2194 1150 237 28 accommodation
2454 1152 124 36 supplied
2599 1152 38 36 by
2662 1152 56 27 this

2175 1188 85 28 house
2274 1194 101 24 cannot
2389 1189 31 29 be
2433 1190 146 35 surpassed
2600 1190 29 29 in
2650 1190 68 29 New

2085 1226 129 28 Zealand.

2089 1329 173 51 Booking
2297 1332 120 39 Office
2453 1331 57 40 for
2544 1332 174 40 Mitchell

2136 1383 75 38 and
2257 1385 231 52 Campbell's
2547 1387 121 52 Royal

2187 1437 94 44 Mail
2312 1442 97 40 Line
2431 1441 41 41 of
2500 1442 96 54 Grey-

2239 1498 133 36 mouth
2389 1498 187 36 Coaches.

2123 1627 67 26 This
2203 1626 83 27 Hotel
2301 1625 36 28 is*
2347 1626 61 27 well
2429 1625 101 28 known
2553 1625 168 35 throughout

2090 1665 67 28 New
2171 1664 119 30 Zealand
2304 1665 41 28 for
2364 1665 35 28 its
2418 1665 235 28 accommodation
2667 1665 54 28 and

2090 1705 180 26 convenience
2283 1704 41 27 for
2342 1705 112 26 tourists
2473 1703 55 28 and
2547 1703 174 29 commercial

2091 1742 148 28 travellers.

2288 1788 124 38 JOHN
2433 1788 212 47 DAWSON,

2525 1843 162 33 Proprietor.

2253 1925 308 31 STEVENSON'S

2096 1989 366 59 M'Gaffin's
2498 1987 227 74 Hotel,

2197 2092 224 33 BROADWAY,
2441 2091 187 30 REEFTON.

2146 2222 1 35 I
2152 2224 66 28 HIS
2233 2223 179 34 Magnificent
2425 2222 84 30 Hotel
2522 2222 56 29 will
2599 2222 33 30 be
2644 2223 86 29 found

2185 2262 102 37 replete
2300 2261 68 29 with

2190 2335 92 21 EVERY
2300 2335 128 21 COMFORT
2445 2335 56 21 AND
2519 2335 118 21 MODERN

2310 2373 206 21 CONVENIENCE.

2130 2480 132 33 Tourists,
2286 2480 177 29 commercial
2493 2480 151 33 travellers,
2676 2480 55 28 and

2096 2519 93 29 others
2198 2518 55 29 will
2267 2519 64 28 here
2345 2518 56 29 find
2416 2528 82 26 every
2511 2518 137 30 attention
2658 2528 54 19 com-

2095 2558 83 28 bined
2192 2558 65 28 with
2273 2558 82 28 home
2368 2558 138 29 comforts.

2096 2671 158 38 Booking
2272 2671 107 31 Office
2390 2671 54 31 for
2455 2671 170 31 Newman
2637 2671 94 31 Bros'

2124 2715 108 40 Royal
2246 2715 87 31 Mail
2345 2714 85 33 Line
2444 2713 39 33 of
2491 2714 133 32 Nelson
2636 2714 71 32 and

2240 2761 175 39 Westport
2427 2760 163 32 Coaches.

2159 2851 161 41 JAMES
2363 2851 307 48 STEVENSON,

2324 2914 181 21 PROPRIETOR.

2100 2986 252 66 City
2376 2983 358 58 Hotel

2131 3067 288 48 BROADWAY,
2451 3067 249 41 REEFTON.

2102 3197 284 64 COMMERCIAL
2404 3197 165 33 Travellers,
2594 3197 140 34 Families,

2190 3238 54 28 and
2264 3238 48 29 the
2333 3237 90 38 public
2442 3236 140 38 generally
2602 3237 57 29 will
2679 3238 54 28 find

2100 3277 55 27 this
2168 3277 175 27 well-known
2362 3277 86 27 Hotel
2466 3276 77 28 fitted
2564 3276 67 27 with
2652 3286 82 27 eyery

2101 3315 112 27 modern
2227 3323 76 19 conv.
2314 3316 97 26 nience
2420 3313 56 29 and
2488 3313 195 38 requirement.

2151 3428 85 39 The
2269 3428 256 51 Proprietress
2556 3428 31 38 is
2611 3428 103 39 deter-

2103 3482 127 40 mined
2257 3489 40 33 to
2316 3496 110 38 spare
2445 3495 50 27 no
2513 3496 165 38 expense
2698 3482 36 40 in

2103 3537 154 50 making
2275 3537 76 37 this
2373 3537 116 37 Hotel
2510 3537 224 52 thoroughly

2103 3591 110 52 equal
2233 3598 39 33 to
2291 3590 49 41 all
2359 3590 287 53 requirements.

2102 3720 92 34 Local,
2214 3720 124 29 Colonial
2363 3721 55 29 and
2444 3720 90 30 Home
2559 3730 98 28 papers
2681 3722 53 28 and

2223 3758 162 38 periodicals
2397 3759 138 37 regularly
2547 3759 73 29 filed.

2269 3817 151 42 ALICE
2447 3817 237 49 NEVILLE,

2543 3880 191 37 Proprietress.

1562 4725 156 37 PETER
1746 4725 212 47 MULVAY,

1444 4814 247 65 PLUMBER,
1721 4814 237 34 TINSMITH,
1988 4816 87 28 AND

1616 4851 221 36 GASFITTER,
1851 4852 55 29 and

1523 4934 473 50 COPPERWORKER,

1476 5049 215 38 Palmerston
1717 5049 122 48 Street,
1858 5051 187 47 Westport,

1560 5154 141 39 (Opposite
1715 5155 128 30 Gilmer's
1855 5156 105 36 Hotel.)

1450 5306 88 30 Everv
1556 5305 179 31 descriotion
1752 5305 33 29 of
1810 5305 175 33 Holloware,
2001 5306 74 32 Tin

1483 5348 116 32 smiths'
1616 5351 35 27 (ti
1665 5349 63 37 od,
1744 5349 55 30 and
1824 5349 210 41 Ironmongery

1643 5392 70 40 kept
1735 5393 29 31 in
1785 5393 95 32 stock.

1575 5528 22 29 A
1611 5529 87 34 Large
1713 5528 198 36 Consignment
1924 5529 30 29 of

1488 5593 186 40 STOVES
1701 5593 102 39 AND
1838 5593 197 42 RANGES

1652 5682 60 21 NOW
1731 5683 33 19 TO
1784 5682 85 21 HAND.

1630 5806 44 28 All
1693 5806 84 28 Work
1791 5806 181 28 Guaranteed.

2907 189 119 31 Public
3044 188 152 32 Notices.

2872 266 128 42 JOHN
3045 267 189 48 MUXIW),

2796 398 179 28 ENERAL
3006 399 246 27 MERCHANT
3282 399 90 27 AND

2954 475 207 33 IMPORTER,

2841 589 239 39 Palmerston
3136 591 138 45 Street,

2953 710 216 27 WESTPORT.

2790 807 244 33 JOHNSTON
3062 809 28 31 &
3115 808 215 32 WATKINS

2960 883 107 28 CIVIL
3085 884 80 27 AND

2832 958 72 28 INI
2916 959 23 29 N
2950 960 24 28 G

2933 1045 180 19 AUTHORISED
3135 1047 56 17 AND

2749 1087 280 41 LICENSED
3053 1089 329 42 SURVEYORS

2748 1179 131 35 Working
2904 1179 83 29 Plans
3008 1181 55 28 and
3088 1180 108 29 Details
3220 1181 32 28 of

2782 1219 161 35 Machinery
2957 1219 132 36 prepared
3099 1219 55 27 and
3163 1220 47 27 the
3219 1221 131 26 Erection

2833 1257 108 37 Mining
2956 1257 160 37 Machinery
3128 1258 170 36 supervised.

2747 1333 120 36 Surveys
2879 1333 43 28 for
2932 1333 110 34 Mining
3051 1333 166 38 Companies
3226 1334 158 30 contracted

2748 1372 39 28 for
2800 1372 35 37 by
2848 1372 47 29 the
2907 1382 74 27 year.
3019 1374 121 35 Surveys
3150 1375 81 26 made
3240 1373 88 29 under
3338 1372 46 30 the

2920 1411 81 28 Land
3013 1411 129 29 Transfer
3151 1413 62 27 Act.

2996 1491 138 27 Address:

2749 1526 167 34 Broadway,
2937 1526 152 36 Rkefton;
3117 1536 56 20 and
3199 1527 186 30 Commercial

2952 1566 111 34 Hotel,
3082 1567 92 30 Lykli

2784 1640 292 32 N.H.lnstructions
3089 1643 48 29 left
3150 1647 29 26 at
3191 1642 92 30 Timks
3292 1643 93 36 Office,

2751 1688 14 20 I
2773 1680 66 33 yell,
2851 1681 56 28 will
2920 1682 104 28 receive
3033 1682 160 29 immediate
3205 1683 148 28 attention.

2882 1764 382 60 Newman's

3224 1878 59 52 T,
3299 1878 86 30 INF

2955 1968 48 31 OF
3022 1969 178 31 COACHES

2789 2064 254 29 Thrice-Weekly
3067 2065 124 29 Service
3213 2065 143 30 Between

2843 2112 106 33 Lykll,
2963 2112 133 28 Reefton
3109 2121 56 19 and
3178 2113 128 29 Nelson.

2758 2208 91 26 Leave
2870 2206 83 36 Lyell
2970 2207 43 27 for
3030 2208 105 26 Nelson
3152 2216 83 28 every
3256 2209 136 36 Tuesday,

2757 2253 146 37 Thursday
2912 2253 55 29 and
2978 2254 148 37 Saturday,
3137 2260 29 24 at
3176 2256 64 28 2.30
3249 2265 77 27 p.m.,
3337 2256 55 28 and

2757 2301 82 37 Lyell
2850 2301 42 28 for
2905 2301 139 37 Westport
3056 2301 56 29 and
3125 2302 128 34 Reetton,
3272 2312 36 19 on
3322 2303 52 29 Sun-

2757 2349 65 36 day,
2835 2349 175 36 Wednesday
3023 2349 55 28 and
3093 2350 112 36 Friday,
3213 2356 30 22 at
3254 2352 63 26 9.30
3326 2361 66 17 a.m.

2759 2434 165 36 Passengers
2950 2434 97 29 bookei
3048 2433 4 39 7
3084 2434 43 29 for
3156 2434 150 38 Hampden
3338 2437 53 27 and

2878 2481 81 29 other
2971 2483 192 28 intermediate
3177 2482 101 37 places.

2930 2560 132 27 Booking
3083 2561 120 27 Offices
3215 2568 6 21 :

2761 2615 138 40 Westport
3161 2616 134 30 Gilmer's
3307 2616 86 30 Hotel

2759 2666 118 29 Reefton
3120 2666 177 28 Stevenson's
3309 2667 86 28 Hotel

2760 2712 104 29 Nelson
3172 2712 125 30 Masonic
3311 2712 83 30 Hotel

2794 2806 45 30 All
2851 2806 107 38 parcels
2972 2810 75 25 must
3058 2806 33 30 be
3107 2806 123 38 prepaid,
3250 2806 146 30 otherwise

2893 2855 68 36 they
2973 2855 57 28 will
3042 2855 33 28 be
3088 2855 49 28 left
3150 2854 113 29 behind.

3085 2911 38 29 H.
3144 2911 184 34 NEWMAN,

3194 2950 160 32 Proprietor

2765 3064 6 6 .
2825 3041 148 26 LADIES'
2994 3040 49 27 OR
3062 3040 274 26 GENTLEMEN'S

2766 3090 298 64 gADDLE
3131 3090 263 61 JJACKS,

2896 3181 93 37 (Quiet
3001 3181 56 29 and
3070 3182 197 30 Well-broken)

2763 3246 73 29 FOR
2850 3245 97 29 HIRE
2960 3246 50 28 BY
3023 3246 78 28 THE
3116 3245 281 30 UNDERSIGNED

2882 3297 42 28 At
2944 3296 166 29 Inanoahua
3128 3296 151 28 Junction.

2797 3398 115 29 Horse's
2924 3400 60 26 sent
2995 3398 38 36 Jto
3047 3396 77 36 Lyell
3138 3399 30 26 at
3186 3405 17 20 a
3217 3399 148 26 moment's

3029 3436 101 28 notice.

2764 3524 198 46 Courtney's
2970 3523 302 38 Accommodation
3280 3523 120 38 House

2764 3580 113 37 Having
2901 3580 85 38 lately
3006 3580 70 30 been
3098 3580 192 37 considerably
3311 3580 88 30 added

2763 3626 29 22 to
2811 3620 56 28 and
2886 3620 153 37 improved,
3053 3620 23 28 is
3095 3630 62 18 now
3171 3630 52 17 one
3235 3620 31 28 of
3281 3620 47 28 the
3340 3620 60 28 best

2763 3659 148 37 appointed
2924 3659 54 27 and
2991 3662 73 24 most
3076 3657 179 29 comfortable
3275 3658 125 28 roadside

2874 3697 109 29 house's
2996 3707 36 19 on
3045 3697 48 29 the
3106 3697 78 29 West
3196 3697 93 29 Coast.

2778 3812 242 37 FRIAiNCIS
3070 3812 314 42 COURTNEY,

2989 3881 191 27 Proprietor.

2435 4002 118 53 THE

2102 4137 325 38 PRINTING
2477 4135 127 38 AND
2655 4133 424 40 PUBLISHING
3130 4133 268 48 OFFICE,

2516 4253 148 28 CLIFF
2699 4253 71 32 ST.,
2807 4253 178 28 LYELL.

2102 4454 247 55 The
2501 4452 356 67 Lyell
2930 4452 402 58 Times
3354 4455 46 31 99

2168 4585 38 39 Is
2225 4598 72 26 one
2316 4584 41 40 of
2371 4584 65 40 the
2455 4584 84 40 best
2558 4584 96 40 local
2675 4585 189 41 mediums
2883 4586 56 40 for
2956 4587 247 53 distributing
3222 4603 117 35 news,

2345 4674 341 49 Advertisements,
2708 4676 76 40 and
2803 4675 170 53 subjects
2991 4676 43 40 of
3048 4677 96 41 local

2542 4764 170 49 interest,
2735 4764 233 53 throughout

2333 4854 64 41 the
2435 4855 130 40 Buller
2594 4855 81 41 and
2714 4855 223 54 Inangahua
2972 4857 198 42 Counties.

2151 5070 170 51 Charges
2340 5070 56 38 for
2413 5070 180 51 standing
2610 5071 330 45 advertisements,
2961 5085 90 37 very
3065 5072 237 38 reasonable.

2153 5161 80 46 Job,
2281 5160 122 46 Plain,
2441 5160 75 39 and
2559 5161 50 38 all
2644 5161 111 39 kinds
2794 5161 42 39 of
2865 5162 179 49 printing,
3083 5160 183 38 executed
3311 5160 89 38 with

2103 5227 185 54 despatch
2307 5234 40 34 at
2366 5227 64 41 the
2449 5226 130 42 lowest
2599 5228 137 52 prices.

2151 5316 333 39 Communication
2503 5316 49 52 by
2572 5323 85 44 post
2673 5329 42 26 or
2731 5316 87 39 wire
2839 5316 192 51 promptly
3049 5315 184 39 attended
3253 5321 51 32 to.

2623 5554 254 39 ADDRESS:

2639 5772 32 40 L
2684 5772 29 40 Y
2728 5772 32 40 E
2774 5772 30 40 L
2820 5772 42 40 L.

3570 187 118 31 Public
3713 187 151 31 Notices.

3525 262 190 39 SANDER
3735 263 28 40 &
3785 263 126 40 SONS'

3400 334 370 75 Eucalypti

3728 426 308 62 Extract.

3438 596 151 36 (Pentsche
3615 595 75 29 Mod.
3714 596 221 29 Wochensclirift
3963 599 79 33 187'.')

3405 635 111 34 Mosier,
3532 635 86 32 M.L).,
3632 636 140 28 Professor
3784 643 26 21 at
3823 636 45 29 the
3880 637 163 35 University

3403 675 174 30 Greifswald,
3613 676 152 34 Germany,
3802 681 125 29 reports:
3982 675 61 26 The

3406 712 145 38 Eucalypti
3572 711 115 29 Extract
3711 712 103 38 proved
3833 712 211 38 magnificently

3405 752 150 28 successful
3584 753 29 25 in
3645 761 66 26 very
3748 761 93 19 severe
3872 752 172 31 contusions,

3406 789 113 31 bruises,
3528 789 119 37 sprains,
3655 789 122 33 wounds,
3937 789 105 27 broken

3407 827 63 34 ribs,
3478 829 54 27 and
3544 827 92 29 limbs.
3668 828 26 28 It
3704 827 157 38 effectually
3871 828 122 37 staysail
4001 829 27 27 in
4033 845 8 4 -

3405 865 175 30 domination
3594 867 54 27 and
3662 866 135 34 swelling.
3832 867 77 33 Also,
3928 867 47 28 the
3988 877 41 18 ser-

3408 905 73 27 vices
3493 905 111 28 derived
3617 905 71 27 from
3697 905 23 27 it
3727 906 27 25 in
3769 905 36 27 all
3812 905 137 27 disorders
3959 906 30 26 of
3996 905 47 28 the

3408 943 164 37 respiratory
3582 951 110 25 organs,
3702 952 31 18 as
3741 951 93 27 croup,
3844 942 147 36 diptheria,
4002 944 28 26 in-

3408 980 174 31 flammation
3608 982 30 27 of
3655 980 47 29 the
3723 980 144 30 bronchial
3886 980 79 29 tubes
3988 982 56 28 and

3409 1020 90 33 lun<rs,
3512 1021 113 28 chronic
3645 1020 122 33 catarrh,
3779 1020 161 31 bronchitis,
3958 1022 86 31 colds,

3409 1059 57 30 &c.,
3480 1067 45 19 are
3538 1063 49 22 not
3605 1063 29 22 to
3647 1057 32 28 be
3691 1057 128 37 equalled
3838 1057 35 37 by
3890 1067 56 28 any
3964 1058 80 28 other

3411 1095 195 30 medicament.

3411 1156 133 32 Sander
3561 1156 28 31 &
3604 1156 89 31 Sons
3705 1155 184 39 Eucalypti
3901 1155 145 32 Extract

3445 1206 99 31 Lister,
3564 1205 87 33 M.D.,
3670 1206 148 29 Professor,
3844 1206 56 30 &c.,
3919 1206 125 31 London,

3411 1243 47 27 the
3472 1242 124 35 Leading
3614 1252 116 27 surgeon
3744 1244 27 26 of
3785 1243 46 27 tlie
3845 1249 109 30 present
3965 1249 80 26 time,

3412 1281 89 28 stilted
3514 1287 28 21 at
3554 1281 47 28 the
3614 1281 53 28 last
3684 1282 122 33 meeting
3818 1283 31 25 of
3864 1281 46 28 the
3928 1281 117 28 Clinical

3413 1319 117 37 Society,
3537 1320 126 32 London,
3670 1330 29 17 as
3712 1319 143 37 published
3861 1321 28 26 in
3898 1321 147 27 Gaillard's

3415 1357 116 28 Mfdical
3549 1358 126 32 Journal,
3688 1359 62 28 that
3761 1358 47 28 the
3827 1358 145 36 Eucalypti
3989 1359 36 27 Ex-

3413 1401 70 24 tract
3495 1397 24 27 is
3531 1396 47 28 the
3591 1396 58 29 best
3662 1396 101 29 known
3782 1397 144 36 antiseptic
3940 1404 107 28 (means

3413 1435 29 30 of
3453 1436 162 37 preventing
3627 1436 204 38 putrefaction).

3415 1497 134 30 Sander
3566 1497 27 29 &
3609 1498 88 28 Sons
3710 1496 185 38 Eucalypti
3906 1498 145 28 Extract

3449 1545 155 37 (American
3621 1545 115 30 Medical
3747 1545 125 34 Journal,
3884 1546 164 34 November,

3416 1586 76 33 1881)
3505 1586 70 26 ln
3588 1585 119 27 diseases
3719 1587 31 25 of
3765 1585 47 27 the
3831 1585 111 36 kidney,
3961 1587 90 26 either

3413 1622 89 28 active
3514 1623 159 35 congestion
3684 1632 32 18 or
3723 1623 175 36 suppression
3912 1623 136 35 (uraemia)

3414 1662 36 27 all
3463 1660 194 35 albuminuria,
3669 1662 111 36 dropsy,
3794 1662 125 29 lithiasis,
3933 1663 118 32 nothing

3415 1700 55 27 will
3482 1700 81 35 equal
3577 1701 27 26 in
3618 1701 35 26 its
3663 1700 89 27 action
3769 1700 148 36 Eucalypti
3927 1701 123 27 Extract.

3417 1738 95 30 Doses,
3537 1738 54 28 five
3615 1741 28 25 to
3667 1738 77 33 eight
3770 1738 83 36 drops
3877 1740 28 26 in
3935 1749 16 17 a
3981 1739 71 27 little

3415 1776 154 28 sweetened
3593 1780 86 24 water
3702 1778 78 26 twice
3808 1786 31 18 or
3862 1776 77 29 three
3970 1776 82 28 times

3415 1813 86 35 daily.

3418 1871 133 33 Sander
3569 1872 27 32 &
3610 1872 89 33 Sons
3712 1873 186 40 Eucalypti
3911 1874 147 32 Extract

3454 1922 93 34 (From
3558 1923 147 27 American
3715 1923 117 27 Medical
3841 1924 127 30 Journal,
3977 1924 78 32 Jan.,

3420 1961 87 35 1882).
3509 1960 137 36 Pitzer,
3674 1961 87 35 M.1).,
3782 1962 139 29 Prolessor
3944 1963 111 36 Theory

3419 2000 55 26 and
3488 2001 124 26 Practice
3624 2003 30 25 of
3664 2002 144 28 Medicine,
3818 2003 148 26 American
3978 2003 57 26 Med-

3419 2037 52 27 ical
3484 2037 122 34 College,
3618 2039 148 33 says:lt
3778 2038 23 28 is
3811 2039 47 28 the
3871 2039 60 28 best
3940 2039 116 35 remedy

3420 2075 100 29 known
3538 2076 29 28 in
3587 2076 227 37 typhomalarial,
3832 2078 116 36 typhoid
3969 2079 88 32 fever,

3419 2114 158 37 erysipelas,
3585 2115 165 36 diphtheria,
3760 2116 97 28 scarlet
3869 2117 80 30 fever,
3960 2116 78 27 small-

3420 2162 61 29 pox,
3495 2154 56 33 &c.;
3570 2153 22 30 it
3610 2154 157 36 effectually
3780 2154 105 30 retards
3904 2155 47 29 the
3972 2155 69 29 disin-

3420 2192 134 33 tegration
3584 2194 31 25 of
3635 2194 48 25 the
3707 2195 104 25 animal
3841 2194 92 30 fluids,
3963 2194 92 26 which

3420 2228 89 37 might
3521 2229 85 28 result
3619 2230 29 27 in
3664 2239 16 18 a
3698 2231 108 32 general
3825 2230 184 37 breaking-up
4028 2231 31 28 of

3420 2267 47 28 the
3480 2267 80 28 blood
3574 2268 55 27 and
3641 2269 29 26 in
3684 2268 93 28 death.

3421 2329 133 32 Sander
3571 2329 29 32 &
3613 2329 90 32 Sons
3716 2329 186 39 Eucalypti
3913 2331 148 30 Extract

3455 2378 96 30 (From
3586 2379 41 27 St.
3664 2379 84 27 Louis
3784 2379 118 27 Electric
3939 2378 120 28 Medical

3420 2415 126 34 Journal,
3577 2415 78 33 Dec.,
3686 2417 88 33 1881).
3824 2418 106 27 Cancer
3953 2419 29 25 of
4010 2416 47 29 the

3421 2454 270 37 TonguePatient,
3706 2455 66 29 Mrs.
3915 2478 6 11 ,
3935 2457 33 27 35
3977 2465 83 27 years

3421 2493 55 28 old.
3525 2493 140 29 Evidence
3688 2495 32 27 of
3740 2495 152 27 scrofulous
3917 2494 144 29 diathesis.

3422 2531 157 29 Prescribed
3599 2533 61 28 four
3682 2533 83 36 drops
3777 2540 28 21 to
3824 2533 33 28 be
3876 2533 83 29 taken
3981 2534 79 27 three

3420 2571 82 26 times
3524 2570 76 34 daily
3614 2579 7 23 ;
3640 2571 68 31 also,
3731 2578 102 26 tongue
3859 2571 100 28 wetted
3982 2572 79 27 three

3422 2608 81 28 times
3545 2606 68 30 with
3654 2608 48 29 the
3742 2608 151 39 Eucalypti
3934 2609 127 28 Extract.

3422 2646 116 30 Treated
3557 2658 30 18 as
3606 2647 86 30 above
3717 2648 43 30 for
3784 2649 61 28 four
3869 2648 101 35 weeks,
3993 2649 69 28 then

3421 2686 163 32 discharged
3596 2687 93 27 cured.

3459 2731 36 37 (.T.
3531 2731 34 30 11.
3597 2732 124 38 Kuttley,
3758 2733 88 33 M.D.,
3883 2734 85 34 Prof.,
4005 2736 57 31 &c..

3424 2771 342 36 Philadelphia).Since,
3778 2774 29 25 in
3826 2773 47 27 the
3889 2783 62 18 case
3969 2775 31 24 of
4017 2774 45 26 Mr

3426 2808 113 33 Mercer,
3551 2809 31 28 of
3596 2808 119 36 Kerang,
3728 2809 62 29 who
3803 2809 54 30 had
3866 2809 68 30 been
3947 2810 115 30 advised

3423 2847 36 29 bv
3482 2848 46 28 the
3556 2848 119 28 Medical
3693 2850 105 27 officers
3819 2850 31 27 of
3864 2850 47 27 the
3937 2851 125 34 Bendigo

3424 2885 129 38 Hospital
3567 2891 29 23 to
3610 2886 70 29 have
3693 2886 44 29 his
3749 2891 101 30 tongue
3859 2888 141 33 removed,
4006 2889 56 28 like

3423 2924 127 36 splendid
3563 2926 100 26 results
3676 2926 70 27 have
3754 2927 121 27 attained
3883 2928 118 33 through
4012 2929 48 25 the

3423 2961 168 35 application
3604 2963 31 25 of
3643 2962 48 27 the
3703 2963 151 34 Eucalypti
3867 2964 125 26 Extract.

3426 3022 133 32 Sander
3577 3023 28 31 &
3620 3024 88 31 Sons
3721 3025 184 38 Eucalypti
3917 3026 148 30 Extract

3459 3070 84 28 From
3562 3070 47 28 the
3628 3071 116 29 Clinical
3765 3072 115 34 Record,
3899 3074 31 27 of
3944 3074 118 35 August,

3425 3110 89 35 1881).
3575 3110 125 36 Surgical
3730 3112 90 29 Clinic
3857 3112 31 29 of
3922 3113 144 29 Processor

3426 3148 148 36 M'lntyre,
3605 3150 109 34 College
3744 3150 31 27 of
3807 3150 166 37 Physicians
4009 3152 56 26 and

3425 3186 148 36 Surgeons,
3584 3187 41 29 St.
3637 3187 249 29 LouisScirrhus
3894 3190 30 27 of
3931 3190 97 28 Breast

3425 3225 131 30 Excision
3567 3234 6 21 :
3587 3226 150 39 Eucalypti
3749 3228 117 29 Extract
3878 3229 148 38 employed
4034 3240 32 18 as

3425 3274 92 26 spray,
3542 3265 55 28 and
3620 3266 135 34 dressing.
3792 3267 87 33 Eight
3900 3268 70 34 days
3995 3270 71 26 after

3425 3303 142 35 operation
3582 3303 154 28 Professors
3749 3304 92 27 Bauer
3853 3305 56 26 and
3925 3305 140 37 M'lntyre

3425 3341 82 27 noted
3544 3341 47 28 the
3627 3342 141 33 following
3803 3343 139 27 condition
3958 3351 42 19 :
4020 3344 45 27 No

3425 3378 132 35 swelling,
3571 3380 65 26 heat
3648 3389 31 18 or
3690 3380 203 32 discoloration,
3907 3390 68 20 near
3991 3391 31 19 or
4036 3383 28 27 in

3426 3417 46 29 the
3491 3418 110 33 wound,
3621 3417 90 29 which
3730 3418 51 29 has
3794 3419 96 29 united
3908 3420 89 36 fully;
4017 3421 49 28 the

3425 3457 106 35 patient
3543 3457 115 27 allowed
3670 3462 28 23 to
3711 3458 95 28 attend
3816 3462 27 24 to
3853 3458 50 28 her
3909 3458 156 30 household

3426 3495 90 28 duties
3529 3495 92 35 again.

3428 3554 134 31 Sander
3579 3555 28 31 &
3621 3555 89 32 Sons
3723 3556 185 40 Eucalypti
3920 3557 147 32 Extract

3463 3604 126 35 (Clinical
3614 3605 116 32 liecord,
3755 3608 76 35 Sept.
3857 3609 91 32 1880).
3962 3609 105 27 The

3427 3643 145 27 American
3602 3644 117 28 medical
3749 3645 153 36 profession
3932 3655 72 22 uses,
4036 3648 30 26 in

3426 3680 174 38 gonorrhoea,
3619 3692 30 18 as
3661 3692 36 18 an
3715 3683 143 36 injection,
3871 3693 37 19 an
3927 3684 140 30 emulsion

3427 3721 30 27 of
3478 3730 52 19 one
3549 3730 87 19 ounce
3655 3731 67 27 gum
3743 3722 110 33 Arabic,
3874 3724 29 26 in
3926 3726 35 26 30
3983 3734 32 18 or
4031 3727 36 25 40

3427 3766 101 20 ounces
3541 3759 30 27 of
3580 3763 95 28 water,
3687 3760 109 37 applied
3810 3761 63 28 four
3885 3762 83 28 times
3981 3762 86 39 daily.

3428 3797 85 38 Eight
3530 3798 83 38 drops
3630 3799 83 37 given
3726 3801 146 35 inwardly,
3890 3811 70 21 once
3980 3803 87 37 daily,

3428 3844 127 28 prevents
3567 3839 156 35 effectually
3736 3842 222 27 contamination
3972 3844 31 25 of
4017 3843 49 27 the

3427 3875 82 28 blood
3521 3876 30 28 in
3564 3876 58 29 foul
3635 3877 116 28 disease.

3599 3986 293 31 CAUTION.

3428 4038 134 30 Sander
3579 4038 28 31 &
3623 4039 88 31 Sons
3724 4040 186 39 Eucalypti
3923 4042 147 31 Extract

3462 4087 52 36 (St.
3534 4087 74 29 Lous
3626 4088 118 30 Clinical
3756 4089 117 32 Record,
3890 4090 66 30 Jan.
3977 4093 91 30 1882).

3427 4126 158 31 Hazard,
3605 4127 76 26 M.D.
3702 4128 66 26 Prof
3793 4128 32 26 of
3840 4130 153 35 Pathology
4012 4130 56 27 and

3429 4162 127 29 Diseases
3574 4164 31 29 of
3620 4163 47 30 the
3688 4164 88 36 Mind,
3802 4171 102 24 states:
3926 4167 50 29 We
3996 4167 73 30 have

3428 4203 146 28 examined
3592 4204 61 28 half
3667 4215 16 18 a
3696 4205 86 28 dozen
3796 4208 156 33 specimens
3963 4208 32 26 of
4010 4209 38 26 Eu-

3428 4240 102 35 calypti
3539 4241 125 28 Extract.
3688 4243 130 26 Sander's
3825 4252 100 27 prepur
3932 4245 69 26 ttion
4011 4254 59 17 was

3429 4276 47 29 the
3511 4279 67 35 only
3612 4288 53 20 one
3695 4279 92 29 which
3824 4281 181 37 corresponds
4040 4287 30 24 to

3429 4316 132 28 scientific
3575 4321 76 25 tests.

3463 4354 58 28 Our
3542 4356 177 37 preparation
3743 4357 24 29 is
3791 4356 48 30 the
3862 4358 68 39 only
3951 4358 119 40 existing

3431 4394 109 30 volatile
3559 4402 116 27 extract,
3693 4398 55 28 free
3761 4400 31 26 of
3807 4398 36 28 all
3862 4400 127 28 resinous
4007 4410 46 26 par-

3429 4433 87 26 ticles.
3559 4434 46 26 All
3634 4435 81 26 other
3744 4438 190 33 preparations
3963 4438 31 26 of
4021 4438 48 26 the

3431 4469 181 40 Eucalyptus,
3634 4481 36 20 no
3690 4478 103 24 matter
3817 4481 90 22 where
3929 4476 123 29 manufac-

3430 4510 90 32 tured,
3539 4520 47 18 are
3598 4512 95 32 crude,
3706 4514 125 26 resinous
3850 4514 61 30 oils,
3930 4514 140 35 irritating

3431 4546 54 29 and
3504 4548 154 38 blistering,
3677 4549 95 29 rather
3783 4552 115 34 causing
3911 4551 141 30 inflamma-

3431 4590 58 24 tion
3508 4587 69 28 than
3596 4588 113 36 staying
3727 4589 29 32 it,
3770 4589 54 28 and
3844 4590 31 27 of
3890 4589 56 28 real
3965 4590 105 35 danger

3431 4624 24 27 if
3469 4626 162 35 errcnously
3650 4626 111 36 applied
3779 4628 29 26 in
3827 4627 93 28 throat
3939 4628 131 33 diseases,

3431 4662 46 28 &c.

3467 4701 42 27 No
3531 4700 102 29 bottles
3650 4702 120 32 genuine
3785 4708 96 31 except
3899 4704 80 28 those
4000 4704 70 29 with

3432 4739 85 28 labels
3538 4739 115 35 bearing
3674 4750 50 19 our
3745 4741 141 36 signature
3911 4743 56 28 and
3992 4744 78 28 trade

3433 4779 88 33 mark,
3544 4781 56 26 and
3619 4781 113 27 secured
3751 4782 108 27 outside
3878 4782 65 27 with
3964 4793 17 17 a
4003 4784 67 35 pink

3433 4826 123 28 wrapper
3585 4818 55 26 and
3669 4828 84 22 green
3789 4819 83 31 band,
3910 4821 46 26 the
3987 4821 83 28 latter

3432 4854 113 36 bearing
3557 4864 51 19 our
3620 4855 117 30 location
3751 4857 55 28 and
3819 4857 151 35 signature.

3466 4894 156 28 Directions
3635 4901 41 21 tor
3688 4905 47 18 use
3747 4895 67 28 with
3828 4897 67 27 each
3910 4897 95 27 bottle.

3448 4984 61 27 SA
3529 4984 23 27 N
3573 4984 26 28 r>
3618 4984 25 27 E
3665 4984 23 27 R
3730 4985 114 28 AND
3887 4986 149 30 SONS

3592 5023 164 34 Sandhurst,
3771 5023 132 31 Victoria.

3476 5125 242 31 DUNCAN
3774 5128 241 37 M'LEAN,

3601 5180 99 34 Agent,
3711 5181 183 35 Greymoutli.

3430 5274 258 59 PRINTING
3726 5277 53 27 OF
3815 5278 132 30 EVERY
3983 5282 65 28 DES-

3660 5314 179 29 CRIPTION

3731 5400 35 20 AT

3552 5468 139 79 Igtll
3710 5468 163 65 itcs
3902 5473 165 72 (Dfficc,

3552 5590 148 41 CLIFF
3736 5591 207 44 STREET.
