<?xml version="1.0" encoding="UTF-8"?>
<alto xmlns:xsi="http://www.w3.org/2001/XMLSchema-instance" xsi:noNamespaceSchemaLocation="//docstorage/impdata$/docWORKS/schema/alto-1-2.xsd" xmlns:xlink="http://www.w3.org/TR/xlink">
	<Description>
		<MeasurementUnit>mm10</MeasurementUnit>
		<sourceImageInformation>
			<fileName>//nasserver-9/impdata$/IN/NZ_5/OO/1892/03/19/00100.TIF</fileName>
		</sourceImageInformation>
		<OCRProcessing ID="OCRPROCESSING_1">
			<preProcessingStep>
				<processingSoftware>
					<softwareCreator>CCS Content Conversion Specialists GmbH, Germany</softwareCreator>
					<softwareName>CCS docWORKS</softwareName>
					<softwareVersion>6.2-1.18</softwareVersion>
				</processingSoftware>
			</preProcessingStep>
			<ocrProcessingStep>
				<processingSoftware>
					<softwareCreator>ABBYY (BIT Software), Russia</softwareCreator>
					<softwareName>Finereader</softwareName>
				</processingSoftware>
			</ocrProcessingStep>
		</OCRProcessing>
	</Description>
	<Styles>
		<TextStyle ID="TXT_0" FONTSIZE="63" FONTFAMILY="Arial" FONTSTYLE="bold"/>
		<TextStyle ID="TXT_1" FONTSIZE="10" FONTFAMILY="Arial" FONTSTYLE="bold"/>
		<TextStyle ID="TXT_2" FONTSIZE="23" FONTFAMILY="Times New Roman" FONTSTYLE="bold"/>
		<TextStyle ID="TXT_3" FONTSIZE="12" FONTFAMILY="Times New Roman"/>
		<TextStyle ID="TXT_4" FONTSIZE="10" FONTFAMILY="Times New Roman"/>
		<TextStyle ID="TXT_5" FONTSIZE="9" FONTFAMILY="Times New Roman" FONTSTYLE="italics"/>
		<TextStyle ID="TXT_6" FONTSIZE="24" FONTFAMILY="Times New Roman" FONTSTYLE="bold"/>
		<TextStyle ID="TXT_7" FONTSIZE="8" FONTFAMILY="Times New Roman" FONTSTYLE="bold"/>
		<TextStyle ID="TXT_8" FONTSIZE="17" FONTFAMILY="Times New Roman" FONTSTYLE="bold"/>
		<TextStyle ID="TXT_9" FONTSIZE="10" FONTFAMILY="Times New Roman" FONTSTYLE="italics"/>
		<TextStyle ID="TXT_10" FONTSIZE="20" FONTFAMILY="Times New Roman"/>
		<TextStyle ID="TXT_11" FONTSIZE="8" FONTFAMILY="Times New Roman" FONTSTYLE="bold italics"/>
		<TextStyle ID="TXT_12" FONTSIZE="16" FONTFAMILY="Times New Roman"/>
		<TextStyle ID="TXT_13" FONTSIZE="19" FONTFAMILY="Times New Roman"/>
		<TextStyle ID="TXT_14" FONTSIZE="16" FONTFAMILY="Arial" FONTSTYLE="bold"/>
		<TextStyle ID="TXT_15" FONTSIZE="14" FONTFAMILY="Times New Roman"/>
		<TextStyle ID="TXT_16" FONTSIZE="13" FONTFAMILY="Times New Roman"/>
		<TextStyle ID="TXT_17" FONTSIZE="14" FONTFAMILY="Arial" FONTSTYLE="bold"/>
		<TextStyle ID="TXT_18" FONTSIZE="9" FONTFAMILY="Times New Roman"/>
		<TextStyle ID="TXT_19" FONTSIZE="11" FONTFAMILY="Times New Roman"/>
		<TextStyle ID="TXT_20" FONTSIZE="23" FONTFAMILY="Times New Roman"/>
		<TextStyle ID="TXT_21" FONTSIZE="16" FONTFAMILY="Times New Roman" FONTSTYLE="bold"/>
		<TextStyle ID="TXT_22" FONTSIZE="24" FONTFAMILY="Times New Roman"/>
		<TextStyle ID="TXT_23" FONTSIZE="10" FONTFAMILY="Times New Roman" FONTSTYLE="bold"/>
		<TextStyle ID="TXT_24" FONTSIZE="9" FONTFAMILY="Courier New"/>
		<TextStyle ID="TXT_25" FONTSIZE="7" FONTFAMILY="Times New Roman"/>
		<TextStyle ID="TXT_26" FONTSIZE="7" FONTFAMILY="Times New Roman" FONTSTYLE="bold"/>
		<TextStyle ID="TXT_27" FONTSIZE="9" FONTFAMILY="Times New Roman" FONTSTYLE="bold"/>
		<TextStyle ID="TXT_28" FONTSIZE="15" FONTFAMILY="Arial" FONTSTYLE="bold"/>
		<TextStyle ID="TXT_29" FONTSIZE="9" FONTFAMILY="Arial" FONTSTYLE="bold"/>
		<ParagraphStyle ID="PAR_LEFT" ALIGN="Left"/>
		<ParagraphStyle ID="PAR_RIGHT" ALIGN="Right"/>
	</Styles>
	<Layout>
		<Page ID="P1" PHYSICAL_IMG_NR="1" HEIGHT="3668" WIDTH="2399" ACCURACY="96.64">
			<TopMargin ID="P1_TM00001" HPOS="0" VPOS="0" WIDTH="2399" HEIGHT="6"/>
			<LeftMargin ID="P1_LM00001" HPOS="0" VPOS="6" WIDTH="12" HEIGHT="3631"/>
			<RightMargin ID="P1_RM00001" HPOS="2385" VPOS="6" WIDTH="14" HEIGHT="3631"/>
			<BottomMargin ID="P1_BM00001" HPOS="0" VPOS="3637" WIDTH="2399" HEIGHT="30"/>
			<PrintSpace ID="P1_PS00001" HPOS="12" VPOS="6" WIDTH="2373" HEIGHT="3631">
				<TextBlock ID="P1_TB00001" HPOS="12" VPOS="6" WIDTH="2369" HEIGHT="340" STYLEREFS="TXT_0 PAR_LEFT">
					<TextLine ID="P1_TL00001" HPOS="12" VPOS="6" WIDTH="2369" HEIGHT="19">
						<String ID="P1_ST00001" HPOS="12" VPOS="6" WIDTH="2369" HEIGHT="19" CONTENT="THE" WC="1.00" CC="000" STYLEREFS="TXT_1"/>
					</TextLine>
					<TextLine ID="P1_TL00002" HPOS="23" VPOS="25" WIDTH="2327" HEIGHT="249">
						<String ID="P1_ST00002" HPOS="23" VPOS="86" WIDTH="564" HEIGHT="178" CONTENT="OXFORD" WC="0.96" CC="201001"/>
						<SP ID="P1_SP00001" HPOS="587" VPOS="264" WIDTH="102"/>
						<String ID="P1_ST00003" HPOS="689" VPOS="25" WIDTH="396" HEIGHT="244" CONTENT="AND" WC="0.90" CC="121"/>
						<SP ID="P1_SP00002" HPOS="1085" VPOS="269" WIDTH="0"/>
						<String ID="P1_ST00004" HPOS="1085" VPOS="25" WIDTH="396" HEIGHT="244" CONTENT="CUST" WC="0.90" CC="0111"/>
						<SP ID="P1_SP00003" HPOS="1481" VPOS="269" WIDTH="87"/>
						<String ID="P1_ST00005" HPOS="1568" VPOS="112" WIDTH="782" HEIGHT="162" CONTENT="OBSERVER" WC="0.96" CC="00111111"/>
					</TextLine>
					<TextLine ID="P1_TL00003" HPOS="558" VPOS="287" WIDTH="1269" HEIGHT="59">
						<String ID="P1_ST00006" HPOS="558" VPOS="287" WIDTH="177" HEIGHT="53" CONTENT="AND" WC="0.89" CC="122" STYLEREFS="TXT_2"/>
						<SP ID="P1_SP00004" HPOS="735" VPOS="340" WIDTH="72"/>
						<String ID="P1_ST00007" HPOS="807" VPOS="287" WIDTH="570" HEIGHT="55" CONTENT="CANTERBURY" WC="0.82" CC="1150241231" STYLEREFS="TXT_2"/>
						<SP ID="P1_SP00005" HPOS="1377" VPOS="342" WIDTH="67"/>
						<String ID="P1_ST00008" HPOS="1444" VPOS="287" WIDTH="383" HEIGHT="59" CONTENT="LIBERAL," WC="0.94" CC="20020012" STYLEREFS="TXT_2"/>
					</TextLine>
				</TextBlock>
				<TextBlock ID="P1_TB00002" HPOS="22" VPOS="563" WIDTH="369" HEIGHT="38" STYLEREFS="TXT_3 PAR_LEFT">
					<TextLine ID="P1_TL00004" HPOS="23" VPOS="563" WIDTH="368" HEIGHT="38">
						<String ID="P1_ST00009" HPOS="23" VPOS="565" WIDTH="64" HEIGHT="31" CONTENT="Vol" WC="0.90" CC="202"/>
						<SP ID="P1_SP00006" HPOS="87" VPOS="596" WIDTH="53"/>
						<String ID="P1_ST00010" HPOS="140" VPOS="565" WIDTH="60" HEIGHT="31" CONTENT="3,—" WC="0.56" CC="157"/>
						<String ID="P1_ST00011" HPOS="200" VPOS="564" WIDTH="58" HEIGHT="28" CONTENT="No." WC="0.96" CC="101"/>
						<SP ID="P1_SP00007" HPOS="258" VPOS="596" WIDTH="44"/>
						<String ID="P1_ST00012" HPOS="302" VPOS="563" WIDTH="89" HEIGHT="38" CONTENT="134.]" WC="0.88" CC="11311"/>
					</TextLine>
				</TextBlock>
				<TextBlock ID="P1_TB00003" HPOS="725" VPOS="553" WIDTH="1023" HEIGHT="47" STYLEREFS="TXT_3 PAR_RIGHT">
					<TextLine ID="P1_TL00005" HPOS="730" VPOS="558" WIDTH="1015" HEIGHT="40">
						<String ID="P1_ST00013" HPOS="730" VPOS="560" WIDTH="107" HEIGHT="32" CONTENT="EAST" WC="0.94" CC="1110"/>
						<SP ID="P1_SP00008" HPOS="837" VPOS="592" WIDTH="51"/>
						<String ID="P1_ST00014" HPOS="888" VPOS="560" WIDTH="184" HEIGHT="35" CONTENT="OXtOKD," WC="0.81" CC="0250322"/>
						<SP ID="P1_SP00009" HPOS="1072" VPOS="595" WIDTH="49"/>
						<String ID="P1_ST00015" HPOS="1121" VPOS="559" WIDTH="234" HEIGHT="39" CONTENT="SATURDAY," WC="0.75" CC="344333122"/>
						<SP ID="P1_SP00010" HPOS="1355" VPOS="598" WIDTH="47"/>
						<String ID="P1_ST00016" HPOS="1402" VPOS="559" WIDTH="147" HEIGHT="31" CONTENT="MAECH" WC="0.89" CC="01312"/>
						<SP ID="P1_SP00011" HPOS="1549" VPOS="598" WIDTH="44"/>
						<String ID="P1_ST00017" HPOS="1593" VPOS="559" WIDTH="46" HEIGHT="33" CONTENT="19," WC="0.94" CC="011"/>
						<SP ID="P1_SP00012" HPOS="1639" VPOS="598" WIDTH="28"/>
						<String ID="P1_ST00018" HPOS="1667" VPOS="558" WIDTH="78" HEIGHT="29" CONTENT="J892" WC="0.92" CC="2111"/>
					</TextLine>
				</TextBlock>
				<TextBlock ID="P1_TB00004" HPOS="1933" VPOS="554" WIDTH="403" HEIGHT="37" STYLEREFS="TXT_3 PAR_RIGHT">
					<TextLine ID="P1_TL00006" HPOS="1933" VPOS="554" WIDTH="403" HEIGHT="37">
						<String ID="P1_ST00019" HPOS="1933" VPOS="554" WIDTH="133" HEIGHT="31" CONTENT="Peioe—" WC="0.94" CC="020120"/>
						<String ID="P1_ST00020" HPOS="2067" VPOS="556" WIDTH="83" HEIGHT="31" CONTENT="ONE" WC="0.81" CC="051"/>
						<SP ID="P1_SP00013" HPOS="2150" VPOS="587" WIDTH="43"/>
						<String ID="P1_ST00021" HPOS="2193" VPOS="558" WIDTH="143" HEIGHT="33" CONTENT="PENNY" WC="0.60" CC="12970"/>
					</TextLine>
				</TextBlock>
				<ComposedBlock ID="P1_CB00001" HPOS="1835" VPOS="3343" WIDTH="508" HEIGHT="287" TYPE="Advertisement">
					<TextBlock ID="P1_TB00005" HPOS="1835" VPOS="3343" WIDTH="508" HEIGHT="287" STYLEREFS="TXT_4 PAR_LEFT">
						<TextLine ID="P1_TL00007" HPOS="1842" VPOS="3347" WIDTH="501" HEIGHT="40">
							<String ID="P1_ST00022" HPOS="1842" VPOS="3347" WIDTH="168" HEIGHT="28" CONTENT="Second-hand" WC="0.96" CC="01011010111" STYLEREFS="TXT_5"/>
							<SP ID="P1_SP00014" HPOS="2010" VPOS="3375" WIDTH="26"/>
							<String ID="P1_ST00023" HPOS="2036" VPOS="3351" WIDTH="99" HEIGHT="27" CONTENT="Saddles" WC="0.93" CC="1010202" STYLEREFS="TXT_5"/>
							<SP ID="P1_SP00015" HPOS="2135" VPOS="3378" WIDTH="29"/>
							<String ID="P1_ST00024" HPOS="2164" VPOS="3355" WIDTH="86" HEIGHT="32" CONTENT="bought" WC="0.83" CC="202502" STYLEREFS="TXT_5"/>
							<SP ID="P1_SP00016" HPOS="2250" VPOS="3387" WIDTH="26"/>
							<String ID="P1_ST00025" HPOS="2276" VPOS="3366" WIDTH="29" HEIGHT="15" CONTENT="or" WC="0.93" CC="02" STYLEREFS="TXT_5"/>
							<SP ID="P1_SP00017" HPOS="2305" VPOS="3387" WIDTH="23"/>
							<String ID="P1_ST00026" HPOS="2328" VPOS="3351" WIDTH="15" HEIGHT="30" CONTENT="U" WC="0.41" CC="6" STYLEREFS="TXT_5"/>
						</TextLine>
						<TextLine ID="P1_TL00008" HPOS="1987" VPOS="3384" WIDTH="233" HEIGHT="32">
							<String ID="P1_ST00027" HPOS="1987" VPOS="3384" WIDTH="106" HEIGHT="31" CONTENT="changed" WC="0.93" CC="1112111" STYLEREFS="TXT_5"/>
							<SP ID="P1_SP00018" HPOS="2093" VPOS="3415" WIDTH="4"/>
							<String ID="P1_ST00028" HPOS="2097" VPOS="3385" WIDTH="52" HEIGHT="31" CONTENT="for." WC="0.91" CC="2021" STYLEREFS="TXT_5"/>
							<SP ID="P1_SP00019" HPOS="2149" VPOS="3416" WIDTH="13"/>
							<String ID="P1_ST00029" HPOS="2162" VPOS="3395" WIDTH="58" HEIGHT="16" CONTENT="new." WC="0.91" CC="1121" STYLEREFS="TXT_5"/>
							<SP ID="P1_SP00020" HPOS="2220" VPOS="3416" WIDTH="0"/>
						</TextLine>
						<TextLine ID="P1_TL00009" HPOS="1919" VPOS="3408" WIDTH="424" HEIGHT="45">
							<String ID="P1_ST00030" HPOS="1919" VPOS="3422" WIDTH="169" HEIGHT="24" CONTENT="HOBSEHAIR" WC="0.89" CC="201102104"/>
							<SP ID="P1_SP00021" HPOS="2088" VPOS="3446" WIDTH="21"/>
							<String ID="P1_ST00031" HPOS="2109" VPOS="3427" WIDTH="177" HEIGHT="26" CONTENT="PURCHASED." WC="0.94" CC="1001021103"/>
							<SP ID="P1_SP00022" HPOS="2286" VPOS="3453" WIDTH="14"/>
							<String ID="P1_ST00032" HPOS="2300" VPOS="3408" WIDTH="43" HEIGHT="43" CONTENT="1" WC="0.11" CC="8"/>
						</TextLine>
						<TextLine ID="P1_TL00010" HPOS="1841" VPOS="3462" WIDTH="502" HEIGHT="54">
							<String ID="P1_ST00033" HPOS="1841" VPOS="3473" WIDTH="80" HEIGHT="32" CONTENT="Agent" WC="0.99" CC="01000"/>
							<SP ID="P1_SP00023" HPOS="1921" VPOS="3505" WIDTH="18"/>
							<String ID="P1_ST00034" HPOS="1939" VPOS="3475" WIDTH="38" HEIGHT="25" CONTENT="for" WC="1.00" CC="000"/>
							<SP ID="P1_SP00024" HPOS="1977" VPOS="3505" WIDTH="17"/>
							<String ID="P1_ST00035" HPOS="1994" VPOS="3476" WIDTH="41" HEIGHT="25" CONTENT="the" WC="0.97" CC="010"/>
							<SP ID="P1_SP00025" HPOS="2035" VPOS="3505" WIDTH="17"/>
							<String ID="P1_ST00036" HPOS="2052" VPOS="3478" WIDTH="124" HEIGHT="31" CONTENT="Lyttelton" WC="0.97" CC="100100101"/>
							<SP ID="P1_SP00026" HPOS="2176" VPOS="3509" WIDTH="20"/>
							<String ID="P1_ST00037" HPOS="2196" VPOS="3462" WIDTH="147" HEIGHT="54" CONTENT="Timea^B" WC="0.75" CC="0100295"/>
						</TextLine>
						<TextLine ID="P1_TL00011" HPOS="1840" VPOS="3503" WIDTH="503" HEIGHT="44">
							<String ID="P1_ST00038" HPOS="1840" VPOS="3514" WIDTH="72" HEIGHT="24" CONTENT="pany." WC="0.93" CC="10121"/>
							<SP ID="P1_SP00027" HPOS="1912" VPOS="3538" WIDTH="35"/>
							<String ID="P1_ST00039" HPOS="1947" VPOS="3507" WIDTH="89" HEIGHT="26" CONTENT="Orders" WC="0.96" CC="000002"/>
							<SP ID="P1_SP00028" HPOS="2036" VPOS="3538" WIDTH="12"/>
							<String ID="P1_ST00040" HPOS="2048" VPOS="3510" WIDTH="69" HEIGHT="25" CONTENT="taken" WC="0.97" CC="00110"/>
							<SP ID="P1_SP00029" HPOS="2117" VPOS="3538" WIDTH="16"/>
							<String ID="P1_ST00041" HPOS="2133" VPOS="3511" WIDTH="38" HEIGHT="26" CONTENT="for" WC="0.99" CC="001"/>
							<SP ID="P1_SP00030" HPOS="2171" VPOS="3538" WIDTH="10"/>
							<String ID="P1_ST00042" HPOS="2181" VPOS="3515" WIDTH="49" HEIGHT="24" CONTENT="and" WC="0.99" CC="100"/>
							<SP ID="P1_SP00031" HPOS="2230" VPOS="3539" WIDTH="11"/>
							<String ID="P1_ST00043" HPOS="2241" VPOS="3503" WIDTH="102" HEIGHT="44" CONTENT="Sj^H" WC="0.42" CC="0993"/>
						</TextLine>
						<TextLine ID="P1_TL00012" HPOS="1840" VPOS="3535" WIDTH="503" HEIGHT="43">
							<String ID="P1_ST00044" HPOS="1840" VPOS="3538" WIDTH="65" HEIGHT="24" CONTENT="tions" WC="0.96" CC="00011"/>
							<SP ID="P1_SP00032" HPOS="1905" VPOS="3562" WIDTH="11"/>
							<String ID="P1_ST00045" HPOS="1916" VPOS="3540" WIDTH="109" HEIGHT="25" CONTENT="reoeived" WC="0.98" CC="10100100"/>
							<SP ID="P1_SP00033" HPOS="2025" VPOS="3565" WIDTH="11"/>
							<String ID="P1_ST00046" HPOS="2036" VPOS="3549" WIDTH="31" HEIGHT="17" CONTENT="on" WC="1.00" CC="00"/>
							<SP ID="P1_SP00034" HPOS="2067" VPOS="3566" WIDTH="7"/>
							<String ID="P1_ST00047" HPOS="2074" VPOS="3547" WIDTH="104" HEIGHT="30" CONTENT="account" WC="0.83" CC="0000092"/>
							<SP ID="P1_SP00035" HPOS="2178" VPOS="3577" WIDTH="11"/>
							<String ID="P1_ST00048" HPOS="2189" VPOS="3547" WIDTH="29" HEIGHT="25" CONTENT="of" WC="0.98" CC="01"/>
							<String ID="P1_ST00049" HPOS="2227" VPOS="3552" WIDTH="6" HEIGHT="11" CONTENT="'" WC="0.96" CC="1"/>
							<SP ID="P1_SP00036" HPOS="2233" VPOS="3577" WIDTH="8"/>
							<String ID="P1_ST00050" HPOS="2241" VPOS="3535" WIDTH="102" HEIGHT="43" CONTENT="JW^H" WC="0.31" CC="5992"/>
						</TextLine>
						<TextLine ID="P1_TL00013" HPOS="1839" VPOS="3566" WIDTH="504" HEIGHT="51">
							<String ID="P1_ST00051" HPOS="1839" VPOS="3570" WIDTH="102" HEIGHT="26" CONTENT="limes,'" WC="0.82" CC="4420121"/>
							<SP ID="P1_SP00037" HPOS="1941" VPOS="3596" WIDTH="13"/>
							<String ID="P1_ST00052" HPOS="1954" VPOS="3569" WIDTH="24" HEIGHT="35" CONTENT="|i" WC="0.56" CC="08"/>
							<SP ID="P1_SP00038" HPOS="1978" VPOS="3604" WIDTH="11"/>
							<String ID="P1_ST00053" HPOS="1989" VPOS="3572" WIDTH="151" HEIGHT="37" CONTENT="Canterbury" WC="0.97" CC="1000011101"/>
							<SP ID="P1_SP00039" HPOS="2140" VPOS="3609" WIDTH="42"/>
							<String ID="P1_ST00054" HPOS="2182" VPOS="3574" WIDTH="80" HEIGHT="33" CONTENT="Tituis" WC="0.81" CC="212431"/>
							<SP ID="P1_SP00040" HPOS="2262" VPOS="3609" WIDTH="12"/>
							<String ID="P1_ST00055" HPOS="2274" VPOS="3566" WIDTH="69" HEIGHT="51" CONTENT="*^B" WC="0.44" CC="393"/>
						</TextLine>
					</TextBlock>
				</ComposedBlock>
				<ComposedBlock ID="P1_CB00002" HPOS="1831" VPOS="1715" WIDTH="554" HEIGHT="1606" TYPE="Advertisement">
					<TextBlock ID="P1_TB00006" HPOS="1831" VPOS="1715" WIDTH="554" HEIGHT="1606" STYLEREFS="TXT_4 PAR_LEFT">
						<TextLine ID="P1_TL00014" HPOS="1861" VPOS="1729" WIDTH="506" HEIGHT="65">
							<String ID="P1_ST00056" HPOS="1861" VPOS="1729" WIDTH="159" HEIGHT="58" CONTENT="I.H." WC="0.76" CC="2521" STYLEREFS="TXT_6"/>
							<SP ID="P1_SP00041" HPOS="2020" VPOS="1787" WIDTH="27"/>
							<String ID="P1_ST00057" HPOS="2047" VPOS="1731" WIDTH="320" HEIGHT="63" CONTENT="Ua»»sall" WC="0.67" CC="07637201" STYLEREFS="TXT_6"/>
						</TextLine>
						<TextLine ID="P1_TL00015" HPOS="2070" VPOS="1851" WIDTH="59" HEIGHT="22">
							<String ID="P1_ST00058" HPOS="2070" VPOS="1851" WIDTH="59" HEIGHT="22" CONTENT="AND" WC="0.96" CC="010" STYLEREFS="TXT_7"/>
						</TextLine>
						<TextLine ID="P1_TL00016" HPOS="1839" VPOS="1884" WIDTH="514" HEIGHT="47">
							<String ID="P1_ST00059" HPOS="1839" VPOS="1884" WIDTH="273" HEIGHT="44" CONTENT="HARDWARE" WC="0.89" CC="12121211" STYLEREFS="TXT_8"/>
							<SP ID="P1_SP00042" HPOS="2112" VPOS="1928" WIDTH="17"/>
							<String ID="P1_ST00060" HPOS="2129" VPOS="1889" WIDTH="224" HEIGHT="42" CONTENT="IMPORTER" WC="0.93" CC="02210010" STYLEREFS="TXT_8"/>
						</TextLine>
						<TextLine ID="P1_TL00017" HPOS="1979" VPOS="1926" WIDTH="249" HEIGHT="33">
							<String ID="P1_ST00061" HPOS="1979" VPOS="1926" WIDTH="91" HEIGHT="26" CONTENT="HIGH" WC="0.99" CC="0010"/>
							<SP ID="P1_SP00043" HPOS="2070" VPOS="1952" WIDTH="18"/>
							<String ID="P1_ST00062" HPOS="2088" VPOS="1929" WIDTH="140" HEIGHT="30" CONTENT="STREET," WC="0.72" CC="1522802"/>
						</TextLine>
						<TextLine ID="P1_TL00018" HPOS="1921" VPOS="1959" WIDTH="356" HEIGHT="58">
							<String ID="P1_ST00063" HPOS="1921" VPOS="1959" WIDTH="356" HEIGHT="58" CONTENT="OUST." WC="0.95" CC="11101" STYLEREFS="TXT_2"/>
						</TextLine>
						<TextLine ID="P1_TL00019" HPOS="1847" VPOS="2026" WIDTH="519" HEIGHT="50">
							<String ID="P1_ST00064" HPOS="1847" VPOS="2026" WIDTH="96" HEIGHT="50" CONTENT="BEOS" WC="0.94" CC="0011" STYLEREFS="TXT_7"/>
							<SP ID="P1_SP00044" HPOS="1943" VPOS="2076" WIDTH="9"/>
							<String ID="P1_ST00065" HPOS="1952" VPOS="2028" WIDTH="22" HEIGHT="20" CONTENT="to" WC="1.00" CC="00" STYLEREFS="TXT_7"/>
							<SP ID="P1_SP00045" HPOS="1974" VPOS="2076" WIDTH="14"/>
							<String ID="P1_ST00066" HPOS="1988" VPOS="2027" WIDTH="68" HEIGHT="21" CONTENT="thank" WC="0.99" CC="00010" STYLEREFS="TXT_7"/>
							<SP ID="P1_SP00046" HPOS="2056" VPOS="2076" WIDTH="9"/>
							<String ID="P1_ST00067" HPOS="2065" VPOS="2029" WIDTH="35" HEIGHT="21" CONTENT="the" WC="0.95" CC="111" STYLEREFS="TXT_7"/>
							<SP ID="P1_SP00047" HPOS="2100" VPOS="2076" WIDTH="13"/>
							<String ID="P1_ST00068" HPOS="2113" VPOS="2030" WIDTH="132" HEIGHT="23" CONTENT="inhabitants" WC="0.98" CC="00010001111" STYLEREFS="TXT_7"/>
							<SP ID="P1_SP00048" HPOS="2245" VPOS="2076" WIDTH="15"/>
							<String ID="P1_ST00069" HPOS="2260" VPOS="2033" WIDTH="23" HEIGHT="20" CONTENT="of" WC="0.98" CC="10" STYLEREFS="TXT_7"/>
							<SP ID="P1_SP00049" HPOS="2283" VPOS="2076" WIDTH="15"/>
							<String ID="P1_ST00070" HPOS="2298" VPOS="2034" WIDTH="68" HEIGHT="21" CONTENT="North" WC="0.90" CC="10013" STYLEREFS="TXT_7"/>
						</TextLine>
						<TextLine ID="P1_TL00020" HPOS="1916" VPOS="2052" WIDTH="460" HEIGHT="33">
							<String ID="P1_ST00071" HPOS="1916" VPOS="2052" WIDTH="130" HEIGHT="29" CONTENT="Canterbury" WC="0.89" CC="1011010900" STYLEREFS="TXT_7"/>
							<SP ID="P1_SP00050" HPOS="2046" VPOS="2081" WIDTH="15"/>
							<String ID="P1_ST00072" HPOS="2061" VPOS="2056" WIDTH="33" HEIGHT="20" CONTENT="for" WC="1.00" CC="000" STYLEREFS="TXT_7"/>
							<SP ID="P1_SP00051" HPOS="2094" VPOS="2081" WIDTH="14"/>
							<String ID="P1_ST00073" HPOS="2108" VPOS="2056" WIDTH="36" HEIGHT="22" CONTENT="the" WC="1.00" CC="000" STYLEREFS="TXT_7"/>
							<SP ID="P1_SP00052" HPOS="2144" VPOS="2081" WIDTH="17"/>
							<String ID="P1_ST00074" HPOS="2161" VPOS="2057" WIDTH="72" HEIGHT="22" CONTENT="liberal" WC="0.96" CC="1001110" STYLEREFS="TXT_7"/>
							<SP ID="P1_SP00053" HPOS="2233" VPOS="2081" WIDTH="11"/>
							<String ID="P1_ST00075" HPOS="2244" VPOS="2060" WIDTH="132" HEIGHT="25" CONTENT="-p&amp;tronage_" WC="0.72" CC="93423311122" STYLEREFS="TXT_7"/>
						</TextLine>
						<TextLine ID="P1_TL00021" HPOS="1841" VPOS="2079" WIDTH="524" HEIGHT="31">
							<String ID="P1_ST00076" HPOS="1841" VPOS="2079" WIDTH="90" HEIGHT="21" CONTENT="reoeived" WC="0.94" CC="01111120" STYLEREFS="TXT_7"/>
							<SP ID="P1_SP00054" HPOS="1931" VPOS="2100" WIDTH="21"/>
							<String ID="P1_ST00077" HPOS="1952" VPOS="2079" WIDTH="75" HEIGHT="26" CONTENT="during" WC="0.97" CC="010011" STYLEREFS="TXT_7"/>
							<SP ID="P1_SP00055" HPOS="2027" VPOS="2105" WIDTH="22"/>
							<String ID="P1_ST00078" HPOS="2049" VPOS="2081" WIDTH="37" HEIGHT="22" CONTENT="the" WC="0.93" CC="012" STYLEREFS="TXT_7"/>
							<SP ID="P1_SP00056" HPOS="2086" VPOS="2105" WIDTH="21"/>
							<String ID="P1_ST00079" HPOS="2107" VPOS="2084" WIDTH="48" HEIGHT="25" CONTENT="past" WC="0.91" CC="1111" STYLEREFS="TXT_7"/>
							<SP ID="P1_SP00057" HPOS="2155" VPOS="2109" WIDTH="23"/>
							<String ID="P1_ST00080" HPOS="2178" VPOS="2086" WIDTH="35" HEIGHT="19" CONTENT="ten" WC="0.93" CC="021" STYLEREFS="TXT_7"/>
							<SP ID="P1_SP00058" HPOS="2213" VPOS="2109" WIDTH="20"/>
							<String ID="P1_ST00081" HPOS="2233" VPOS="2087" WIDTH="132" HEIGHT="23" CONTENT="yeanOffia" WC="0.74" CC="101254443" STYLEREFS="TXT_7"/>
						</TextLine>
						<TextLine ID="P1_TL00022" HPOS="1840" VPOS="2104" WIDTH="524" HEIGHT="29">
							<String ID="P1_ST00082" HPOS="1840" VPOS="2104" WIDTH="77" HEIGHT="20" CONTENT="desires" WC="0.97" CC="1110010" STYLEREFS="TXT_7"/>
							<SP ID="P1_SP00059" HPOS="1917" VPOS="2124" WIDTH="9"/>
							<String ID="P1_ST00083" HPOS="1926" VPOS="2105" WIDTH="23" HEIGHT="21" CONTENT="to" WC="0.96" CC="10" STYLEREFS="TXT_7"/>
							<SP ID="P1_SP00060" HPOS="1949" VPOS="2126" WIDTH="6"/>
							<String ID="P1_ST00084" HPOS="1955" VPOS="2106" WIDTH="42" HEIGHT="22" CONTENT="call" WC="0.88" CC="2211" STYLEREFS="TXT_7"/>
							<SP ID="P1_SP00061" HPOS="1997" VPOS="2128" WIDTH="9"/>
							<String ID="P1_ST00085" HPOS="2006" VPOS="2108" WIDTH="106" HEIGHT="21" CONTENT="attention" WC="0.94" CC="211111001" STYLEREFS="TXT_7"/>
							<SP ID="P1_SP00062" HPOS="2112" VPOS="2129" WIDTH="9"/>
							<String ID="P1_ST00086" HPOS="2121" VPOS="2110" WIDTH="23" HEIGHT="19" CONTENT="to" WC="0.96" CC="11" STYLEREFS="TXT_7"/>
							<SP ID="P1_SP00063" HPOS="2144" VPOS="2129" WIDTH="8"/>
							<String ID="P1_ST00087" HPOS="2152" VPOS="2109" WIDTH="34" HEIGHT="22" CONTENT="his" WC="0.95" CC="101" STYLEREFS="TXT_7"/>
							<SP ID="P1_SP00064" HPOS="2186" VPOS="2131" WIDTH="9"/>
							<String ID="P1_ST00088" HPOS="2195" VPOS="2111" WIDTH="70" HEIGHT="20" CONTENT="varied" WC="0.97" CC="020000" STYLEREFS="TXT_7"/>
							<SP ID="P1_SP00065" HPOS="2265" VPOS="2131" WIDTH="8"/>
							<String ID="P1_ST00089" HPOS="2273" VPOS="2112" WIDTH="60" HEIGHT="20" CONTENT="stook" WC="0.93" CC="21110" STYLEREFS="TXT_7"/>
							<SP ID="P1_SP00066" HPOS="2333" VPOS="2132" WIDTH="8"/>
							<String ID="P1_ST00090" HPOS="2341" VPOS="2113" WIDTH="23" HEIGHT="20" CONTENT="of" WC="0.94" CC="01" STYLEREFS="TXT_7"/>
						</TextLine>
						<TextLine ID="P1_TL00023" HPOS="1866" VPOS="2130" WIDTH="474" HEIGHT="32">
							<String ID="P1_ST00091" HPOS="1866" VPOS="2130" WIDTH="155" HEIGHT="26" CONTENT="SADDLERY," WC="0.95" CC="110001211" STYLEREFS="TXT_7"/>
							<SP ID="P1_SP00067" HPOS="2021" VPOS="2156" WIDTH="14"/>
							<String ID="P1_ST00092" HPOS="2035" VPOS="2133" WIDTH="41" HEIGHT="24" CONTENT="&amp;c.," WC="0.93" CC="2101" STYLEREFS="TXT_7"/>
							<SP ID="P1_SP00068" HPOS="2076" VPOS="2157" WIDTH="13"/>
							<String ID="P1_ST00093" HPOS="2089" VPOS="2135" WIDTH="69" HEIGHT="21" CONTENT="whioh" WC="0.95" CC="11111" STYLEREFS="TXT_7"/>
							<SP ID="P1_SP00069" HPOS="2158" VPOS="2157" WIDTH="8"/>
							<String ID="P1_ST00094" HPOS="2166" VPOS="2136" WIDTH="19" HEIGHT="20" CONTENT="is" WC="0.89" CC="12" STYLEREFS="TXT_7"/>
							<SP ID="P1_SP00070" HPOS="2185" VPOS="2157" WIDTH="9"/>
							<String ID="P1_ST00095" HPOS="2194" VPOS="2135" WIDTH="63" HEIGHT="27" CONTENT="being" WC="0.94" CC="01112" STYLEREFS="TXT_7"/>
							<SP ID="P1_SP00071" HPOS="2257" VPOS="2162" WIDTH="7"/>
							<String ID="P1_ST00096" HPOS="2264" VPOS="2138" WIDTH="76" HEIGHT="21" CONTENT="offered" WC="0.85" CC="0225111" STYLEREFS="TXT_7"/>
						</TextLine>
						<TextLine ID="P1_TL00024" HPOS="2009" VPOS="2159" WIDTH="197" HEIGHT="23">
							<String ID="P1_ST00097" HPOS="2009" VPOS="2159" WIDTH="23" HEIGHT="19" CONTENT="at" WC="0.93" CC="11" STYLEREFS="TXT_7"/>
							<SP ID="P1_SP00072" HPOS="2032" VPOS="2178" WIDTH="8"/>
							<String ID="P1_ST00098" HPOS="2040" VPOS="2159" WIDTH="82" HEIGHT="22" CONTENT="Lowest" WC="0.94" CC="111110" STYLEREFS="TXT_7"/>
							<SP ID="P1_SP00073" HPOS="2122" VPOS="2181" WIDTH="8"/>
							<String ID="P1_ST00099" HPOS="2130" VPOS="2161" WIDTH="76" HEIGHT="21" CONTENT="Prices." WC="0.88" CC="2113111" STYLEREFS="TXT_7"/>
						</TextLine>
						<TextLine ID="P1_TL00025" HPOS="1842" VPOS="2206" WIDTH="523" HEIGHT="42">
							<String ID="P1_ST00100" HPOS="1842" VPOS="2206" WIDTH="132" HEIGHT="33" CONTENT="Subjoined" WC="0.93" CC="300110101"/>
							<SP ID="P1_SP00074" HPOS="1974" VPOS="2239" WIDTH="11"/>
							<String ID="P1_ST00101" HPOS="1985" VPOS="2217" WIDTH="41" HEIGHT="18" CONTENT="are" WC="0.99" CC="010"/>
							<SP ID="P1_SP00075" HPOS="2026" VPOS="2239" WIDTH="11"/>
							<String ID="P1_ST00102" HPOS="2037" VPOS="2218" WIDTH="16" HEIGHT="17" CONTENT="a" WC="1.00" CC="0"/>
							<SP ID="P1_SP00076" HPOS="2053" VPOS="2239" WIDTH="9"/>
							<String ID="P1_ST00103" HPOS="2062" VPOS="2210" WIDTH="104" HEIGHT="27" CONTENT="numbcf" WC="0.86" CC="111115"/>
							<SP ID="P1_SP00077" HPOS="2166" VPOS="2239" WIDTH="7"/>
							<String ID="P1_ST00104" HPOS="2173" VPOS="2212" WIDTH="27" HEIGHT="26" CONTENT="of" WC="1.00" CC="00"/>
							<SP ID="P1_SP00078" HPOS="2200" VPOS="2239" WIDTH="4"/>
							<String ID="P1_ST00105" HPOS="2204" VPOS="2214" WIDTH="97" HEIGHT="28" CONTENT="articles" WC="0.96" CC="00101111"/>
							<SP ID="P1_SP00079" HPOS="2301" VPOS="2242" WIDTH="6"/>
							<String ID="P1_ST00106" HPOS="2307" VPOS="2215" WIDTH="58" HEIGHT="33" CONTENT="kept" WC="0.89" CC="0212"/>
						</TextLine>
						<TextLine ID="P1_TL00026" HPOS="2021" VPOS="2243" WIDTH="162" HEIGHT="26">
							<String ID="P1_ST00107" HPOS="2021" VPOS="2243" WIDTH="32" HEIGHT="25" CONTENT="m" WC="0.93" CC="1"/>
							<SP ID="P1_SP00080" HPOS="2053" VPOS="2268" WIDTH="10"/>
							<String ID="P1_ST00108" HPOS="2063" VPOS="2244" WIDTH="84" HEIGHT="25" CONTENT="stock:" WC="0.98" CC="100000"/>
							<String ID="P1_ST00109" HPOS="2149" VPOS="2260" WIDTH="34" HEIGHT="4" CONTENT="—" WC="1.00" CC="0"/>
						</TextLine>
						<TextLine ID="P1_TL00027" HPOS="1872" VPOS="2282" WIDTH="492" HEIGHT="41">
							<String ID="P1_ST00110" HPOS="1872" VPOS="2282" WIDTH="123" HEIGHT="27" CONTENT="Harness." WC="0.73" CC="11621191"/>
							<String ID="P1_ST00111" HPOS="1996" VPOS="2299" WIDTH="34" HEIGHT="5" CONTENT="—" WC="1.00" CC="0"/>
							<String ID="P1_ST00112" HPOS="2030" VPOS="2286" WIDTH="59" HEIGHT="29" CONTENT="Cab," WC="0.96" CC="1111"/>
							<SP ID="P1_SP00081" HPOS="2089" VPOS="2315" WIDTH="23"/>
							<String ID="P1_ST00113" HPOS="2112" VPOS="2288" WIDTH="55" HEIGHT="31" CONTENT="Dog" WC="0.99" CC="001"/>
							<SP ID="P1_SP00082" HPOS="2167" VPOS="2319" WIDTH="21"/>
							<String ID="P1_ST00114" HPOS="2188" VPOS="2289" WIDTH="66" HEIGHT="29" CONTENT="Cart," WC="0.90" CC="41110"/>
							<SP ID="P1_SP00083" HPOS="2254" VPOS="2319" WIDTH="23"/>
							<String ID="P1_ST00115" HPOS="2277" VPOS="2291" WIDTH="87" HEIGHT="32" CONTENT="Buggy" WC="0.97" CC="00011"/>
						</TextLine>
						<TextLine ID="P1_TL00028" HPOS="1839" VPOS="2314" WIDTH="525" HEIGHT="41">
							<String ID="P1_ST00116" HPOS="1839" VPOS="2314" WIDTH="90" HEIGHT="31" CONTENT="(plated" WC="0.85" CC="0109000"/>
							<SP ID="P1_SP00084" HPOS="1929" VPOS="2345" WIDTH="35"/>
							<String ID="P1_ST00117" HPOS="1964" VPOS="2318" WIDTH="49" HEIGHT="23" CONTENT="and" WC="0.97" CC="100"/>
							<SP ID="P1_SP00085" HPOS="2013" VPOS="2345" WIDTH="32"/>
							<String ID="P1_ST00118" HPOS="2045" VPOS="2318" WIDTH="68" HEIGHT="25" CONTENT="brass" WC="0.95" CC="01111"/>
							<SP ID="P1_SP00086" HPOS="2113" VPOS="2345" WIDTH="27"/>
							<String ID="P1_ST00119" HPOS="2140" VPOS="2320" WIDTH="138" HEIGHT="35" CONTENT="furniture)," WC="0.97" CC="11110001001"/>
							<SP ID="P1_SP00087" HPOS="2278" VPOS="2355" WIDTH="29"/>
							<String ID="P1_ST00120" HPOS="2307" VPOS="2323" WIDTH="57" HEIGHT="32" CONTENT="Gig," WC="0.95" CC="1110"/>
						</TextLine>
						<TextLine ID="P1_TL00029" HPOS="1841" VPOS="2345" WIDTH="392" HEIGHT="39">
							<String ID="P1_ST00121" HPOS="1841" VPOS="2345" WIDTH="81" HEIGHT="30" CONTENT="Shaft," WC="0.99" CC="000001"/>
							<SP ID="P1_SP00088" HPOS="1922" VPOS="2375" WIDTH="12"/>
							<String ID="P1_ST00122" HPOS="1934" VPOS="2348" WIDTH="119" HEIGHT="33" CONTENT="Leading," WC="0.99" CC="00010000"/>
							<SP ID="P1_SP00089" HPOS="2053" VPOS="2381" WIDTH="12"/>
							<String ID="P1_ST00123" HPOS="2065" VPOS="2351" WIDTH="48" HEIGHT="24" CONTENT="and" WC="0.99" CC="010"/>
							<SP ID="P1_SP00090" HPOS="2113" VPOS="2381" WIDTH="13"/>
							<String ID="P1_ST00124" HPOS="2126" VPOS="2352" WIDTH="107" HEIGHT="32" CONTENT="Plough." WC="0.97" CC="0000101"/>
						</TextLine>
						<TextLine ID="P1_TL00030" HPOS="1873" VPOS="2379" WIDTH="491" HEIGHT="36">
							<String ID="P1_ST00125" HPOS="1873" VPOS="2379" WIDTH="136" HEIGHT="27" CONTENT="Chains.—" WC="0.88" CC="11213310"/>
							<String ID="P1_ST00126" HPOS="2010" VPOS="2382" WIDTH="109" HEIGHT="33" CONTENT="Leading" WC="0.98" CC="0000110"/>
							<SP ID="P1_SP00091" HPOS="2119" VPOS="2415" WIDTH="19"/>
							<String ID="P1_ST00127" HPOS="2138" VPOS="2384" WIDTH="92" HEIGHT="27" CONTENT="Chains" WC="0.98" CC="001011"/>
							<SP ID="P1_SP00092" HPOS="2230" VPOS="2415" WIDTH="19"/>
							<String ID="P1_ST00128" HPOS="2249" VPOS="2387" WIDTH="64" HEIGHT="25" CONTENT="from" WC="0.96" CC="0011"/>
							<SP ID="P1_SP00093" HPOS="2313" VPOS="2415" WIDTH="22"/>
							<String ID="P1_ST00129" HPOS="2335" VPOS="2391" WIDTH="29" HEIGHT="22" CONTENT="6s" WC="0.85" CC="22"/>
						</TextLine>
						<TextLine ID="P1_TL00031" HPOS="1839" VPOS="2411" WIDTH="516" HEIGHT="38">
							<String ID="P1_ST00130" HPOS="1839" VPOS="2411" WIDTH="31" HEIGHT="25" CONTENT="6d" WC="0.91" CC="20"/>
							<String ID="P1_ST00131" HPOS="1879" VPOS="2419" WIDTH="6" HEIGHT="22" CONTENT=";" WC="0.96" CC="1"/>
							<SP ID="P1_SP00094" HPOS="1885" VPOS="2441" WIDTH="17"/>
							<String ID="P1_ST00132" HPOS="1902" VPOS="2413" WIDTH="97" HEIGHT="32" CONTENT="Plough" WC="0.94" CC="111101"/>
							<SP ID="P1_SP00095" HPOS="1999" VPOS="2445" WIDTH="7"/>
							<String ID="P1_ST00133" HPOS="2006" VPOS="2415" WIDTH="101" HEIGHT="29" CONTENT="Chains," WC="0.97" CC="1000110"/>
							<SP ID="P1_SP00096" HPOS="2107" VPOS="2445" WIDTH="8"/>
							<String ID="P1_ST00134" HPOS="2115" VPOS="2417" WIDTH="64" HEIGHT="25" CONTENT="from" WC="0.98" CC="1100"/>
							<SP ID="P1_SP00097" HPOS="2179" VPOS="2445" WIDTH="9"/>
							<String ID="P1_ST00135" HPOS="2188" VPOS="2420" WIDTH="28" HEIGHT="23" CONTENT="3s" WC="0.96" CC="11"/>
							<SP ID="P1_SP00098" HPOS="2216" VPOS="2445" WIDTH="9"/>
							<String ID="P1_ST00136" HPOS="2225" VPOS="2420" WIDTH="44" HEIGHT="29" CONTENT="6d;" WC="0.94" CC="201"/>
							<SP ID="P1_SP00099" HPOS="2269" VPOS="2449" WIDTH="17"/>
							<String ID="P1_ST00137" HPOS="2286" VPOS="2420" WIDTH="69" HEIGHT="26" CONTENT="Back" WC="1.00" CC="0000"/>
						</TextLine>
						<TextLine ID="P1_TL00032" HPOS="1837" VPOS="2444" WIDTH="300" HEIGHT="34">
							<String ID="P1_ST00138" HPOS="1837" VPOS="2444" WIDTH="60" HEIGHT="31" CONTENT="Tug," WC="0.96" CC="0110"/>
							<SP ID="P1_SP00100" HPOS="1897" VPOS="2475" WIDTH="13"/>
							<String ID="P1_ST00139" HPOS="1910" VPOS="2446" WIDTH="49" HEIGHT="23" CONTENT="and" WC="0.96" CC="101"/>
							<SP ID="P1_SP00101" HPOS="1959" VPOS="2475" WIDTH="11"/>
							<String ID="P1_ST00140" HPOS="1970" VPOS="2447" WIDTH="55" HEIGHT="31" CONTENT="Dog" WC="0.96" CC="110"/>
							<SP ID="P1_SP00102" HPOS="2025" VPOS="2478" WIDTH="12"/>
							<String ID="P1_ST00141" HPOS="2037" VPOS="2447" WIDTH="100" HEIGHT="29" CONTENT="Chains," WC="0.90" CC="1110114"/>
						</TextLine>
						<TextLine ID="P1_TL00033" HPOS="1831" VPOS="2474" WIDTH="554" HEIGHT="40">
							<String ID="P1_ST00142" HPOS="1831" VPOS="2474" WIDTH="159" HEIGHT="40" CONTENT="I^^AKDWBSi" WC="0.34" CC="3999719429"/>
							<SP ID="P1_SP00103" HPOS="1990" VPOS="2514" WIDTH="17"/>
							<String ID="P1_ST00143" HPOS="2007" VPOS="2493" WIDTH="34" HEIGHT="4" CONTENT="—" WC="1.00" CC="0"/>
							<SP ID="P1_SP00104" HPOS="2041" VPOS="2514" WIDTH="17"/>
							<String ID="P1_ST00144" HPOS="2058" VPOS="2479" WIDTH="167" HEIGHT="28" CONTENT="Gentlemen's" WC="0.98" CC="00101000101"/>
							<SP ID="P1_SP00105" HPOS="2225" VPOS="2514" WIDTH="29"/>
							<String ID="P1_ST00145" HPOS="2254" VPOS="2483" WIDTH="109" HEIGHT="31" CONTENT="Saddles," WC="0.96" CC="10110011"/>
							<SP ID="P1_SP00106" HPOS="2363" VPOS="2514" WIDTH="13"/>
							<String ID="P1_ST00146" HPOS="2376" VPOS="2497" WIDTH="9" HEIGHT="7" CONTENT="-" WC="0.07" CC="9"/>
						</TextLine>
						<TextLine ID="P1_TL00034" HPOS="1831" VPOS="2506" WIDTH="533" HEIGHT="55">
							<String ID="P1_ST00147" HPOS="1831" VPOS="2506" WIDTH="262" HEIGHT="55" CONTENT="J^^^fcLadies'" WC="0.50" CC="9999992100021"/>
							<SP ID="P1_SP00107" HPOS="2093" VPOS="2561" WIDTH="21"/>
							<String ID="P1_ST00148" HPOS="2114" VPOS="2513" WIDTH="109" HEIGHT="32" CONTENT="Saddles," WC="0.84" CC="01010191"/>
							<SP ID="P1_SP00108" HPOS="2223" VPOS="2561" WIDTH="15"/>
							<String ID="P1_ST00149" HPOS="2238" VPOS="2519" WIDTH="27" HEIGHT="22" CONTENT="at" WC="0.87" CC="21"/>
							<SP ID="P1_SP00109" HPOS="2265" VPOS="2561" WIDTH="17"/>
							<String ID="P1_ST00150" HPOS="2282" VPOS="2517" WIDTH="82" HEIGHT="27" CONTENT="Prices" WC="0.97" CC="000002"/>
						</TextLine>
						<TextLine ID="P1_TL00035" HPOS="2131" VPOS="2580" WIDTH="233" HEIGHT="30">
							<String ID="P1_ST00151" HPOS="2131" VPOS="2580" WIDTH="55" HEIGHT="30" CONTENT="W9&amp;-" WC="0.48" CC="7283" STYLEREFS="TXT_9"/>
							<SP ID="P1_SP00110" HPOS="2186" VPOS="2610" WIDTH="12"/>
							<String ID="P1_ST00152" HPOS="2198" VPOS="2580" WIDTH="166" HEIGHT="30" CONTENT="jOhaft-cutter" WC="0.85" CC="6311221001202"/>
						</TextLine>
						<TextLine ID="P1_TL00036" HPOS="2139" VPOS="2643" WIDTH="225" HEIGHT="34">
							<String ID="P1_ST00153" HPOS="2139" VPOS="2643" WIDTH="119" HEIGHT="24" CONTENT="-Ellunairi" WC="0.89" CC="1010117111"/>
							<SP ID="P1_SP00111" HPOS="2258" VPOS="2667" WIDTH="3"/>
							<String ID="P1_ST00154" HPOS="2261" VPOS="2649" WIDTH="20" HEIGHT="18" CONTENT="'a" WC="0.89" CC="12"/>
							<SP ID="P1_SP00112" HPOS="2281" VPOS="2667" WIDTH="6"/>
							<String ID="P1_ST00155" HPOS="2287" VPOS="2647" WIDTH="77" HEIGHT="30" CONTENT="Royal" WC="0.96" CC="00110"/>
						</TextLine>
						<TextLine ID="P1_TL00037" HPOS="1840" VPOS="2666" WIDTH="545" HEIGHT="43">
							<String ID="P1_ST00156" HPOS="1840" VPOS="2666" WIDTH="302" HEIGHT="35" CONTENT="EmbrocationTuottle's" WC="0.94" CC="10010011001232010011"/>
							<SP ID="P1_SP00113" HPOS="2142" VPOS="2701" WIDTH="20"/>
							<String ID="P1_ST00157" HPOS="2162" VPOS="2674" WIDTH="112" HEIGHT="31" CONTENT="Colonial" WC="0.97" CC="10100011"/>
							<SP ID="P1_SP00114" HPOS="2274" VPOS="2705" WIDTH="18"/>
							<String ID="P1_ST00158" HPOS="2292" VPOS="2673" WIDTH="72" HEIGHT="36" CONTENT="(Jure," WC="0.88" CC="150101"/>
							<SP ID="P1_SP00115" HPOS="2364" VPOS="2709" WIDTH="18"/>
							<String ID="P1_ST00159" HPOS="2382" VPOS="2679" WIDTH="3" HEIGHT="7" CONTENT="'" WC="0.93" CC="1"/>
						</TextLine>
						<TextLine ID="P1_TL00038" HPOS="1839" VPOS="2702" WIDTH="527" HEIGHT="37">
							<String ID="P1_ST00160" HPOS="1839" VPOS="2702" WIDTH="92" HEIGHT="31" CONTENT="Fryer's" WC="0.97" CC="0101011"/>
							<SP ID="P1_SP00116" HPOS="1931" VPOS="2733" WIDTH="10"/>
							<String ID="P1_ST00161" HPOS="1941" VPOS="2704" WIDTH="108" HEIGHT="30" CONTENT="Balsam," WC="0.98" CC="0001001"/>
							<SP ID="P1_SP00117" HPOS="2049" VPOS="2734" WIDTH="7"/>
							<String ID="P1_ST00162" HPOS="2056" VPOS="2706" WIDTH="87" HEIGHT="26" CONTENT="Worm" WC="0.99" CC="0010"/>
							<SP ID="P1_SP00118" HPOS="2143" VPOS="2734" WIDTH="10"/>
							<String ID="P1_ST00163" HPOS="2153" VPOS="2709" WIDTH="121" HEIGHT="30" CONTENT="Powders," WC="0.99" CC="01000010"/>
							<SP ID="P1_SP00119" HPOS="2274" VPOS="2739" WIDTH="12"/>
							<String ID="P1_ST00164" HPOS="2286" VPOS="2711" WIDTH="80" HEIGHT="26" CONTENT="Sweet" WC="0.98" CC="01001"/>
						</TextLine>
						<TextLine ID="P1_TL00039" HPOS="1839" VPOS="2735" WIDTH="525" HEIGHT="35">
							<String ID="P1_ST00165" HPOS="1839" VPOS="2735" WIDTH="77" HEIGHT="29" CONTENT="Nitre," WC="0.94" CC="201001"/>
							<SP ID="P1_SP00120" HPOS="1916" VPOS="2764" WIDTH="25"/>
							<String ID="P1_ST00166" HPOS="1941" VPOS="2736" WIDTH="118" HEIGHT="31" CONTENT="Stevens'," WC="0.97" CC="001000121"/>
							<SP ID="P1_SP00121" HPOS="2059" VPOS="2767" WIDTH="24"/>
							<String ID="P1_ST00167" HPOS="2083" VPOS="2739" WIDTH="100" HEIGHT="31" CONTENT="James'," WC="0.91" CC="1130111"/>
							<SP ID="P1_SP00122" HPOS="2183" VPOS="2770" WIDTH="19"/>
							<String ID="P1_ST00168" HPOS="2202" VPOS="2743" WIDTH="47" HEIGHT="24" CONTENT="and" WC="0.96" CC="110"/>
							<SP ID="P1_SP00123" HPOS="2249" VPOS="2770" WIDTH="24"/>
							<String ID="P1_ST00169" HPOS="2273" VPOS="2744" WIDTH="91" HEIGHT="25" CONTENT="Slesin-" WC="0.95" CC="1001111"/>
						</TextLine>
						<TextLine ID="P1_TL00040" HPOS="1838" VPOS="2768" WIDTH="225" HEIGHT="33">
							<String ID="P1_ST00170" HPOS="1838" VPOS="2770" WIDTH="61" HEIGHT="28" CONTENT="gers'" WC="0.93" CC="01121"/>
							<SP ID="P1_SP00124" HPOS="1899" VPOS="2798" WIDTH="14"/>
							<String ID="P1_ST00171" HPOS="1913" VPOS="2768" WIDTH="150" HEIGHT="33" CONTENT="Blisterings." WC="0.97" CC="000100110011"/>
						</TextLine>
						<TextLine ID="P1_TL00041" HPOS="1872" VPOS="2800" WIDTH="493" HEIGHT="40">
							<String ID="P1_ST00172" HPOS="1872" VPOS="2800" WIDTH="114" HEIGHT="32" CONTENT="Carriage" WC="0.99" CC="11000001"/>
							<SP ID="P1_SP00125" HPOS="1986" VPOS="2832" WIDTH="28"/>
							<String ID="P1_ST00173" HPOS="2014" VPOS="2803" WIDTH="105" HEIGHT="32" CONTENT="Lamps,." WC="0.97" CC="0110110"/>
							<SP ID="P1_SP00126" HPOS="2119" VPOS="2835" WIDTH="33"/>
							<String ID="P1_ST00174" HPOS="2152" VPOS="2806" WIDTH="97" HEIGHT="32" CONTENT="Whips," WC="0.97" CC="001010"/>
							<SP ID="P1_SP00127" HPOS="2249" VPOS="2838" WIDTH="31"/>
							<String ID="P1_ST00175" HPOS="2280" VPOS="2808" WIDTH="85" HEIGHT="32" CONTENT="Spurs," WC="0.93" CC="100111"/>
						</TextLine>
						<TextLine ID="P1_TL00042" HPOS="1840" VPOS="2832" WIDTH="526" HEIGHT="42">
							<String ID="P1_ST00176" HPOS="1840" VPOS="2832" WIDTH="161" HEIGHT="32" CONTENT="Breaking-in" WC="0.97" CC="11100000211"/>
							<SP ID="P1_SP00128" HPOS="2001" VPOS="2864" WIDTH="18"/>
							<String ID="P1_ST00177" HPOS="2019" VPOS="2835" WIDTH="74" HEIGHT="30" CONTENT="Gear," WC="0.98" CC="00011"/>
							<SP ID="P1_SP00129" HPOS="2093" VPOS="2865" WIDTH="22"/>
							<String ID="P1_ST00178" HPOS="2115" VPOS="2836" WIDTH="53" HEIGHT="26" CONTENT="Soft" WC="0.98" CC="1000"/>
							<SP ID="P1_SP00130" HPOS="2168" VPOS="2865" WIDTH="24"/>
							<String ID="P1_ST00179" HPOS="2192" VPOS="2835" WIDTH="72" HEIGHT="36" CONTENT="Soap," WC="0.88" CC="51110"/>
							<SP ID="P1_SP00131" HPOS="2264" VPOS="2871" WIDTH="23"/>
							<String ID="P1_ST00180" HPOS="2287" VPOS="2841" WIDTH="79" HEIGHT="33" CONTENT="Lamp" WC="0.94" CC="0111"/>
						</TextLine>
						<TextLine ID="P1_TL00043" HPOS="1842" VPOS="2864" WIDTH="523" HEIGHT="42">
							<String ID="P1_ST00181" HPOS="1842" VPOS="2864" WIDTH="82" HEIGHT="31" CONTENT="Black," WC="0.97" CC="110101"/>
							<SP ID="P1_SP00132" HPOS="1924" VPOS="2895" WIDTH="14"/>
							<String ID="P1_ST00182" HPOS="1938" VPOS="2866" WIDTH="80" HEIGHT="34" CONTENT="Sheep" WC="0.98" CC="10001"/>
							<SP ID="P1_SP00133" HPOS="2018" VPOS="2900" WIDTH="14"/>
							<String ID="P1_ST00183" HPOS="2032" VPOS="2867" WIDTH="82" HEIGHT="31" CONTENT="Skins," WC="0.91" CC="121111"/>
							<SP ID="P1_SP00134" HPOS="2114" VPOS="2900" WIDTH="14"/>
							<String ID="P1_ST00184" HPOS="2128" VPOS="2870" WIDTH="62" HEIGHT="25" CONTENT="Sack" WC="0.98" CC="1000"/>
							<SP ID="P1_SP00135" HPOS="2190" VPOS="2900" WIDTH="12"/>
							<String ID="P1_ST00185" HPOS="2202" VPOS="2872" WIDTH="89" HEIGHT="30" CONTENT="Twine," WC="0.96" CC="100101"/>
							<SP ID="P1_SP00136" HPOS="2291" VPOS="2902" WIDTH="12"/>
							<String ID="P1_ST00186" HPOS="2303" VPOS="2874" WIDTH="62" HEIGHT="32" CONTENT="Leg-" WC="0.97" CC="1011"/>
						</TextLine>
						<TextLine ID="P1_TL00044" HPOS="1839" VPOS="2897" WIDTH="528" HEIGHT="38">
							<String ID="P1_ST00187" HPOS="1839" VPOS="2897" WIDTH="80" HEIGHT="32" CONTENT="gings," WC="0.95" CC="111011"/>
							<SP ID="P1_SP00137" HPOS="1919" VPOS="2929" WIDTH="12"/>
							<String ID="P1_ST00188" HPOS="1931" VPOS="2899" WIDTH="171" HEIGHT="32" CONTENT="Currycombs," WC="0.98" CC="00101001011"/>
							<SP ID="P1_SP00138" HPOS="2102" VPOS="2931" WIDTH="18"/>
							<String ID="P1_ST00189" HPOS="2120" VPOS="2902" WIDTH="59" HEIGHT="26" CONTENT="Iron" WC="0.94" CC="0201"/>
							<SP ID="P1_SP00139" HPOS="2179" VPOS="2931" WIDTH="11"/>
							<String ID="P1_ST00190" HPOS="2190" VPOS="2901" WIDTH="54" HEIGHT="29" CONTENT="aha'" WC="0.64" CC="2804"/>
							<SP ID="P1_SP00140" HPOS="2244" VPOS="2931" WIDTH="14"/>
							<String ID="P1_ST00191" HPOS="2258" VPOS="2906" WIDTH="109" HEIGHT="29" CONTENT="Wooden" WC="0.78" CC="112253"/>
						</TextLine>
						<TextLine ID="P1_TL00045" HPOS="1839" VPOS="2930" WIDTH="546" HEIGHT="36">
							<String ID="P1_ST00192" HPOS="1839" VPOS="2930" WIDTH="101" HEIGHT="30" CONTENT="Harnes," WC="0.89" CC="0141011"/>
							<SP ID="P1_SP00141" HPOS="1940" VPOS="2960" WIDTH="13"/>
							<String ID="P1_ST00193" HPOS="1953" VPOS="2932" WIDTH="44" HEIGHT="24" CONTENT="&amp;c." WC="0.93" CC="201"/>
							<SP ID="P1_SP00142" HPOS="1997" VPOS="2960" WIDTH="291"/>
							<String ID="P1_ST00194" HPOS="2288" VPOS="2937" WIDTH="7" HEIGHT="5" CONTENT="'" WC="0.89" CC="1"/>
							<SP ID="P1_SP00143" HPOS="2295" VPOS="2960" WIDTH="6"/>
							<String ID="P1_ST00195" HPOS="2301" VPOS="2954" WIDTH="5" HEIGHT="6" CONTENT="=" WC="0.56" CC="4"/>
							<SP ID="P1_SP00144" HPOS="2306" VPOS="2960" WIDTH="6"/>
							<String ID="P1_ST00196" HPOS="2312" VPOS="2939" WIDTH="73" HEIGHT="27" CONTENT=":•''„" WC="0.79" CC="21314"/>
						</TextLine>
						<TextLine ID="P1_TL00046" HPOS="1872" VPOS="2963" WIDTH="495" HEIGHT="38">
							<String ID="P1_ST00197" HPOS="1872" VPOS="2963" WIDTH="113" HEIGHT="26" CONTENT="Ropb.—" WC="0.91" CC="202211"/>
							<String ID="P1_ST00198" HPOS="1985" VPOS="2965" WIDTH="111" HEIGHT="31" CONTENT="Manilla," WC="0.96" CC="01101001"/>
							<SP ID="P1_SP00145" HPOS="2096" VPOS="2996" WIDTH="23"/>
							<String ID="P1_ST00199" HPOS="2119" VPOS="2968" WIDTH="92" HEIGHT="33" CONTENT="Hemp," WC="0.98" CC="00011"/>
							<SP ID="P1_SP00146" HPOS="2211" VPOS="3001" WIDTH="22"/>
							<String ID="P1_ST00200" HPOS="2233" VPOS="2971" WIDTH="49" HEIGHT="25" CONTENT="and" WC="0.96" CC="101"/>
							<SP ID="P1_SP00147" HPOS="2282" VPOS="3001" WIDTH="23"/>
							<String ID="P1_ST00201" HPOS="2305" VPOS="2972" WIDTH="62" HEIGHT="26" CONTENT="Flax" WC="0.87" CC="1014"/>
						</TextLine>
						<TextLine ID="P1_TL00047" HPOS="1839" VPOS="2995" WIDTH="529" HEIGHT="37">
							<String ID="P1_ST00202" HPOS="1839" VPOS="2995" WIDTH="28" HEIGHT="25" CONTENT="of" WC="1.00" CC="00"/>
							<SP ID="P1_SP00148" HPOS="1867" VPOS="3020" WIDTH="19"/>
							<String ID="P1_ST00203" HPOS="1886" VPOS="2996" WIDTH="33" HEIGHT="24" CONTENT="all" WC="0.97" CC="110"/>
							<SP ID="P1_SP00149" HPOS="1919" VPOS="3020" WIDTH="25"/>
							<String ID="P1_ST00204" HPOS="1944" VPOS="2997" WIDTH="63" HEIGHT="26" CONTENT="sizes" WC="0.94" CC="10101"/>
							<SP ID="P1_SP00150" HPOS="2007" VPOS="3023" WIDTH="28"/>
							<String ID="P1_ST00205" HPOS="2035" VPOS="2999" WIDTH="118" HEIGHT="33" CONTENT="(English" WC="0.98" CC="01100010"/>
							<SP ID="P1_SP00151" HPOS="2153" VPOS="3032" WIDTH="27"/>
							<String ID="P1_ST00206" HPOS="2180" VPOS="3003" WIDTH="49" HEIGHT="25" CONTENT="and" WC="0.99" CC="100"/>
							<SP ID="P1_SP00152" HPOS="2229" VPOS="3032" WIDTH="28"/>
							<String ID="P1_ST00207" HPOS="2257" VPOS="3005" WIDTH="111" HEIGHT="26" CONTENT="Colonial" WC="0.97" CC="10001001"/>
						</TextLine>
						<TextLine ID="P1_TL00048" HPOS="1841" VPOS="3029" WIDTH="525" HEIGHT="38">
							<String ID="P1_ST00208" HPOS="1841" VPOS="3029" WIDTH="189" HEIGHT="35" CONTENT="manufacture)." WC="0.98" CC="0010100100010"/>
							<SP ID="P1_SP00153" HPOS="2030" VPOS="3064" WIDTH="63"/>
							<String ID="P1_ST00209" HPOS="2093" VPOS="3034" WIDTH="152" HEIGHT="32" CONTENT="Tarpaulins," WC="0.97" CC="01111000010"/>
							<SP ID="P1_SP00154" HPOS="2245" VPOS="3066" WIDTH="22"/>
							<String ID="P1_ST00210" HPOS="2267" VPOS="3034" WIDTH="99" HEIGHT="33" CONTENT='"Tents,' WC="0.92" CC="2002111"/>
						</TextLine>
						<TextLine ID="P1_TL00049" HPOS="1842" VPOS="3061" WIDTH="524" HEIGHT="37">
							<String ID="P1_ST00211" HPOS="1842" VPOS="3061" WIDTH="91" HEIGHT="24" CONTENT="Binder" WC="0.96" CC="012100"/>
							<SP ID="P1_SP00155" HPOS="1933" VPOS="3085" WIDTH="26"/>
							<String ID="P1_ST00212" HPOS="1959" VPOS="3063" WIDTH="109" HEIGHT="32" CONTENT="Aprons," WC="0.95" CC="0110111"/>
							<SP ID="P1_SP00156" HPOS="2068" VPOS="3095" WIDTH="28"/>
							<String ID="P1_ST00213" HPOS="2096" VPOS="3066" WIDTH="134" HEIGHT="31" CONTENT="Elevators," WC="0.93" CC="0101111111"/>
							<SP ID="P1_SP00157" HPOS="2230" VPOS="3097" WIDTH="29"/>
							<String ID="P1_ST00214" HPOS="2259" VPOS="3069" WIDTH="107" HEIGHT="29" CONTENT="Butters," WC="0.86" CC="11211151"/>
						</TextLine>
						<TextLine ID="P1_TL00050" HPOS="1842" VPOS="3093" WIDTH="543" HEIGHT="40">
							<String ID="P1_ST00215" HPOS="1842" VPOS="3093" WIDTH="148" HEIGHT="33" CONTENT="Polestraps," WC="0.96" CC="20001101011"/>
							<SP ID="P1_SP00158" HPOS="1990" VPOS="3126" WIDTH="13"/>
							<String ID="P1_ST00216" HPOS="2003" VPOS="3096" WIDTH="93" HEIGHT="33" CONTENT="Riding" WC="0.97" CC="001111"/>
							<SP ID="P1_SP00159" HPOS="2096" VPOS="3129" WIDTH="11"/>
							<String ID="P1_ST00217" HPOS="2107" VPOS="3098" WIDTH="96" HEIGHT="27" CONTENT="Bridles" WC="0.95" CC="1101101"/>
							<SP ID="P1_SP00160" HPOS="2203" VPOS="3129" WIDTH="6"/>
							<String ID="P1_ST00218" HPOS="2209" VPOS="3101" WIDTH="104" HEIGHT="32" CONTENT="(Snaffle" WC="0.97" CC="11100000"/>
							<SP ID="P1_SP00161" HPOS="2313" VPOS="3133" WIDTH="4"/>
							<String ID="P1_ST00219" HPOS="2317" VPOS="3105" WIDTH="68" HEIGHT="24" CONTENT="and^" WC="0.68" CC="1119"/>
						</TextLine>
						<TextLine ID="P1_TL00051" HPOS="1845" VPOS="3126" WIDTH="540" HEIGHT="36">
							<String ID="P1_ST00220" HPOS="1845" VPOS="3126" WIDTH="129" HEIGHT="34" CONTENT="Pelhans)," WC="0.97" CC="101001111"/>
							<SP ID="P1_SP00162" HPOS="1974" VPOS="3160" WIDTH="12"/>
							<String ID="P1_ST00221" HPOS="1986" VPOS="3128" WIDTH="63" HEIGHT="25" CONTENT="from" WC="0.95" CC="1001"/>
							<SP ID="P1_SP00163" HPOS="2049" VPOS="3160" WIDTH="12"/>
							<String ID="P1_ST00222" HPOS="2061" VPOS="3130" WIDTH="60" HEIGHT="26" CONTENT="6s6d" WC="0.91" CC="1121"/>
							<SP ID="P1_SP00164" HPOS="2121" VPOS="3160" WIDTH="12"/>
							<String ID="P1_ST00223" HPOS="2133" VPOS="3135" WIDTH="26" HEIGHT="22" CONTENT="to" WC="1.00" CC="00"/>
							<SP ID="P1_SP00165" HPOS="2159" VPOS="3160" WIDTH="13"/>
							<String ID="P1_ST00224" HPOS="2172" VPOS="3134" WIDTH="44" HEIGHT="24" CONTENT="12s" WC="0.86" CC="221"/>
							<SP ID="P1_SP00166" HPOS="2216" VPOS="3160" WIDTH="12"/>
							<String ID="P1_ST00225" HPOS="2228" VPOS="3135" WIDTH="40" HEIGHT="25" CONTENT="6d." WC="0.96" CC="111"/>
							<SP ID="P1_SP00167" HPOS="2268" VPOS="3160" WIDTH="45"/>
							<String ID="P1_ST00226" HPOS="2313" VPOS="3144" WIDTH="7" HEIGHT="3" CONTENT="-" WC="0.93" CC="1"/>
							<SP ID="P1_SP00168" HPOS="2320" VPOS="3160" WIDTH="30"/>
							<String ID="P1_ST00227" HPOS="2350" VPOS="3138" WIDTH="35" HEIGHT="24" CONTENT="&gt;&amp;" WC="0.30" CC="49" STYLEREFS="TXT_9"/>
						</TextLine>
						<TextLine ID="P1_TL00052" HPOS="1879" VPOS="3158" WIDTH="506" HEIGHT="40">
							<String ID="P1_ST00228" HPOS="1879" VPOS="3158" WIDTH="105" HEIGHT="26" CONTENT="Oils.—" WC="0.92" CC="012111"/>
							<String ID="P1_ST00229" HPOS="1984" VPOS="3160" WIDTH="22" HEIGHT="24" CONTENT="A" WC="0.93" CC="1"/>
							<SP ID="P1_SP00169" HPOS="2006" VPOS="3184" WIDTH="10"/>
							<String ID="P1_ST00230" HPOS="2016" VPOS="3159" WIDTH="68" HEIGHT="34" CONTENT="large" WC="0.97" CC="01110"/>
							<SP ID="P1_SP00170" HPOS="2084" VPOS="3193" WIDTH="12"/>
							<String ID="P1_ST00231" HPOS="2096" VPOS="3166" WIDTH="113" HEIGHT="32" CONTENT="quantity" WC="0.96" CC="20100110"/>
							<SP ID="P1_SP00171" HPOS="2209" VPOS="3198" WIDTH="8"/>
							<String ID="P1_ST00232" HPOS="2217" VPOS="3167" WIDTH="26" HEIGHT="24" CONTENT="of" WC="0.96" CC="01"/>
							<SP ID="P1_SP00172" HPOS="2243" VPOS="3198" WIDTH="10"/>
							<String ID="P1_ST00233" HPOS="2253" VPOS="3168" WIDTH="114" HEIGHT="26" CONTENT="Machine" WC="0.93" CC="0112101"/>
							<SP ID="P1_SP00173" HPOS="2367" VPOS="3198" WIDTH="12"/>
							<String ID="P1_ST00234" HPOS="2379" VPOS="3160" WIDTH="6" HEIGHT="7" CONTENT='""' WC="0.46" CC="92"/>
						</TextLine>
						<TextLine ID="P1_TL00053" HPOS="1842" VPOS="3191" WIDTH="526" HEIGHT="43">
							<String ID="P1_ST00235" HPOS="1842" VPOS="3191" WIDTH="52" HEIGHT="25" CONTENT="Oils" WC="0.95" CC="0111"/>
							<SP ID="P1_SP00174" HPOS="1894" VPOS="3216" WIDTH="11"/>
							<String ID="P1_ST00236" HPOS="1905" VPOS="3194" WIDTH="27" HEIGHT="22" CONTENT="at" WC="0.93" CC="11"/>
							<SP ID="P1_SP00175" HPOS="1932" VPOS="3216" WIDTH="23"/>
							<String ID="P1_ST00237" HPOS="1955" VPOS="3193" WIDTH="176" HEIGHT="28" CONTENT="Christchurch" WC="0.93" CC="111111010103"/>
							<SP ID="P1_SP00176" HPOS="2131" VPOS="3221" WIDTH="7"/>
							<String ID="P1_ST00238" HPOS="2138" VPOS="3198" WIDTH="86" HEIGHT="31" CONTENT="prices," WC="0.93" CC="0112111"/>
							<SP ID="P1_SP00177" HPOS="2224" VPOS="3229" WIDTH="19"/>
							<String ID="P1_ST00239" HPOS="2243" VPOS="3200" WIDTH="125" HEIGHT="34" CONTENT="including" WC="0.94" CC="011111011"/>
						</TextLine>
						<TextLine ID="P1_TL00054" HPOS="1840" VPOS="3224" WIDTH="519" HEIGHT="39">
							<String ID="P1_ST00240" HPOS="1840" VPOS="3224" WIDTH="60" HEIGHT="24" CONTENT="Raw" WC="0.96" CC="101"/>
							<SP ID="P1_SP00178" HPOS="1900" VPOS="3248" WIDTH="11"/>
							<String ID="P1_ST00241" HPOS="1911" VPOS="3225" WIDTH="49" HEIGHT="24" CONTENT="and" WC="0.97" CC="011"/>
							<SP ID="P1_SP00179" HPOS="1960" VPOS="3249" WIDTH="11"/>
							<String ID="P1_ST00242" HPOS="1971" VPOS="3226" WIDTH="87" HEIGHT="26" CONTENT="Boiled" WC="0.99" CC="100000"/>
							<SP ID="P1_SP00180" HPOS="2058" VPOS="3252" WIDTH="7"/>
							<String ID="P1_ST00243" HPOS="2065" VPOS="3228" WIDTH="115" HEIGHT="32" CONTENT="Linseed," WC="0.96" CC="00110011"/>
							<SP ID="P1_SP00181" HPOS="2180" VPOS="3260" WIDTH="13"/>
							<String ID="P1_ST00244" HPOS="2193" VPOS="3232" WIDTH="91" HEIGHT="31" CONTENT="Castor," WC="0.92" CC="1112111"/>
							<SP ID="P1_SP00182" HPOS="2284" VPOS="3263" WIDTH="8"/>
							<String ID="P1_ST00245" HPOS="2292" VPOS="3235" WIDTH="67" HEIGHT="26" CONTENT="Lard" WC="0.85" CC="1401"/>
						</TextLine>
						<TextLine ID="P1_TL00055" HPOS="1841" VPOS="3255" WIDTH="525" HEIGHT="41">
							<String ID="P1_ST00246" HPOS="1841" VPOS="3255" WIDTH="96" HEIGHT="26" CONTENT="Golden" WC="0.97" CC="100111"/>
							<SP ID="P1_SP00183" HPOS="1937" VPOS="3281" WIDTH="18"/>
							<String ID="P1_ST00247" HPOS="1955" VPOS="3259" WIDTH="153" HEIGHT="35" CONTENT="Machinery," WC="0.98" CC="0101011000"/>
							<SP ID="P1_SP00184" HPOS="2108" VPOS="3294" WIDTH="19"/>
							<String ID="P1_ST00248" HPOS="2127" VPOS="3259" WIDTH="148" HEIGHT="36" CONTENT="Valvolme*." WC="0.84" CC="1112101181"/>
							<SP ID="P1_SP00185" HPOS="2275" VPOS="3295" WIDTH="9"/>
							<String ID="P1_ST00249" HPOS="2284" VPOS="3267" WIDTH="82" HEIGHT="29" CONTENT="Colza," WC="0.92" CC="100212"/>
						</TextLine>
						<TextLine ID="P1_TL00056" HPOS="1838" VPOS="3289" WIDTH="547" HEIGHT="32">
							<String ID="P1_ST00250" HPOS="1838" VPOS="3289" WIDTH="49" HEIGHT="24" CONTENT="and" WC="0.95" CC="020"/>
							<SP ID="P1_SP00186" HPOS="1887" VPOS="3313" WIDTH="11"/>
							<String ID="P1_ST00251" HPOS="1898" VPOS="3290" WIDTH="134" HEIGHT="28" CONTENT="Neatsfoot." WC="0.93" CC="3110110011"/>
							<SP ID="P1_SP00187" HPOS="2032" VPOS="3318" WIDTH="255"/>
							<String ID="P1_ST00252" HPOS="2287" VPOS="3295" WIDTH="14" HEIGHT="7" CONTENT='"' WC="0.01" CC="9"/>
							<SP ID="P1_SP00188" HPOS="2301" VPOS="3318" WIDTH="13"/>
							<String ID="P1_ST00253" HPOS="2314" VPOS="3297" WIDTH="10" HEIGHT="7" CONTENT='"' WC="0.01" CC="9"/>
							<SP ID="P1_SP00189" HPOS="2324" VPOS="3318" WIDTH="13"/>
							<String ID="P1_ST00254" HPOS="2337" VPOS="3293" WIDTH="48" HEIGHT="28" CONTENT="tflfl" WC="0.69" CC="25522"/>
						</TextLine>
					</TextBlock>
				</ComposedBlock>
				<ComposedBlock ID="P1_CB00003" HPOS="1835" VPOS="666" WIDTH="539" HEIGHT="1016" TYPE="Advertisement">
					<TextBlock ID="P1_TB00007" HPOS="1835" VPOS="666" WIDTH="539" HEIGHT="1016" STYLEREFS="TXT_7 PAR_LEFT">
						<TextLine ID="P1_TL00057" HPOS="1841" VPOS="671" WIDTH="529" HEIGHT="50">
							<String ID="P1_ST00255" HPOS="1841" VPOS="671" WIDTH="66" HEIGHT="43" CONTENT="M." WC="0.93" CC="02" STYLEREFS="TXT_10"/>
							<SP ID="P1_SP00190" HPOS="1907" VPOS="714" WIDTH="70"/>
							<String ID="P1_ST00256" HPOS="1977" VPOS="672" WIDTH="393" HEIGHT="49" CONTENT="SANDSTEIN" WC="0.79" CC="216212204" STYLEREFS="TXT_10"/>
						</TextLine>
						<TextLine ID="P1_TL00058" HPOS="1848" VPOS="735" WIDTH="510" HEIGHT="51">
							<String ID="P1_ST00257" HPOS="1848" VPOS="735" WIDTH="89" HEIGHT="51" CONTENT="HAS" WC="0.95" CC="101"/>
							<SP ID="P1_SP00191" HPOS="1937" VPOS="786" WIDTH="23"/>
							<String ID="P1_ST00258" HPOS="1960" VPOS="742" WIDTH="46" HEIGHT="15" CONTENT="now" WC="0.86" CC="103"/>
							<SP ID="P1_SP00192" HPOS="2006" VPOS="786" WIDTH="15"/>
							<String ID="P1_ST00259" HPOS="2021" VPOS="739" WIDTH="73" HEIGHT="19" CONTENT="moved" WC="0.91" CC="11111"/>
							<SP ID="P1_SP00193" HPOS="2094" VPOS="786" WIDTH="15"/>
							<String ID="P1_ST00260" HPOS="2109" VPOS="739" WIDTH="47" HEIGHT="20" CONTENT="into" WC="0.91" CC="1121"/>
							<SP ID="P1_SP00194" HPOS="2156" VPOS="786" WIDTH="16"/>
							<String ID="P1_ST00261" HPOS="2172" VPOS="740" WIDTH="33" HEIGHT="20" CONTENT="his" WC="0.93" CC="111"/>
							<SP ID="P1_SP00195" HPOS="2205" VPOS="786" WIDTH="15"/>
							<String ID="P1_ST00262" HPOS="2220" VPOS="741" WIDTH="66" HEIGHT="21" CONTENT="NEW" WC="0.99" CC="010"/>
							<SP ID="P1_SP00196" HPOS="2286" VPOS="786" WIDTH="18"/>
							<String ID="P1_ST00263" HPOS="2304" VPOS="742" WIDTH="54" HEIGHT="20" CONTENT="PRE" WC="0.91" CC="021"/>
						</TextLine>
						<TextLine ID="P1_TL00059" HPOS="1928" VPOS="763" WIDTH="439" HEIGHT="26">
							<String ID="P1_ST00264" HPOS="1928" VPOS="763" WIDTH="92" HEIGHT="24" CONTENT="MISES," WC="0.93" CC="101111"/>
							<SP ID="P1_SP00197" HPOS="2020" VPOS="787" WIDTH="18"/>
							<String ID="P1_ST00265" HPOS="2038" VPOS="770" WIDTH="27" HEIGHT="14" CONTENT="on" WC="1.00" CC="00"/>
							<SP ID="P1_SP00198" HPOS="2065" VPOS="787" WIDTH="20"/>
							<String ID="P1_ST00266" HPOS="2085" VPOS="765" WIDTH="35" HEIGHT="21" CONTENT="the" WC="0.93" CC="110"/>
							<SP ID="P1_SP00199" HPOS="2120" VPOS="787" WIDTH="17"/>
							<String ID="P1_ST00267" HPOS="2137" VPOS="766" WIDTH="42" HEIGHT="21" CONTENT="Site" WC="0.87" CC="4111"/>
							<SP ID="P1_SP00200" HPOS="2179" VPOS="787" WIDTH="19"/>
							<String ID="P1_ST00268" HPOS="2198" VPOS="766" WIDTH="68" HEIGHT="21" CONTENT="which" WC="0.92" CC="01113"/>
							<SP ID="P1_SP00201" HPOS="2266" VPOS="787" WIDTH="18"/>
							<String ID="P1_ST00269" HPOS="2284" VPOS="767" WIDTH="26" HEIGHT="21" CONTENT="he" WC="0.96" CC="10"/>
							<SP ID="P1_SP00202" HPOS="2310" VPOS="788" WIDTH="18"/>
							<String ID="P1_ST00270" HPOS="2328" VPOS="768" WIDTH="39" HEIGHT="21" CONTENT="has" WC="0.94" CC="111"/>
						</TextLine>
						<TextLine ID="P1_TL00060" HPOS="1841" VPOS="787" WIDTH="526" HEIGHT="32">
							<String ID="P1_ST00271" HPOS="1841" VPOS="787" WIDTH="98" HEIGHT="26" CONTENT="occupied" WC="0.96" CC="10111110"/>
							<SP ID="P1_SP00203" HPOS="1939" VPOS="813" WIDTH="9"/>
							<String ID="P1_ST00272" HPOS="1948" VPOS="789" WIDTH="76" HEIGHT="25" CONTENT="during" WC="0.96" CC="100111"/>
							<SP ID="P1_SP00204" HPOS="2024" VPOS="814" WIDTH="9"/>
							<String ID="P1_ST00273" HPOS="2033" VPOS="789" WIDTH="36" HEIGHT="21" CONTENT="the" WC="0.95" CC="110"/>
							<SP ID="P1_SP00205" HPOS="2069" VPOS="814" WIDTH="14"/>
							<String ID="P1_ST00274" HPOS="2083" VPOS="793" WIDTH="48" HEIGHT="22" CONTENT="past" WC="0.94" CC="0021"/>
							<SP ID="P1_SP00206" HPOS="2131" VPOS="815" WIDTH="9"/>
							<String ID="P1_ST00275" HPOS="2140" VPOS="794" WIDTH="146" HEIGHT="23" CONTENT="fventy-seven" WC="0.93" CC="211100111011"/>
							<SP ID="P1_SP00207" HPOS="2286" VPOS="817" WIDTH="14"/>
							<String ID="P1_ST00276" HPOS="2300" VPOS="799" WIDTH="67" HEIGHT="20" CONTENT="years," WC="0.94" CC="101111"/>
						</TextLine>
						<TextLine ID="P1_TL00061" HPOS="1840" VPOS="813" WIDTH="527" HEIGHT="32">
							<String ID="P1_ST00277" HPOS="1840" VPOS="813" WIDTH="43" HEIGHT="19" CONTENT="and" WC="0.97" CC="101"/>
							<SP ID="P1_SP00208" HPOS="1883" VPOS="832" WIDTH="17"/>
							<String ID="P1_ST00278" HPOS="1900" VPOS="814" WIDTH="78" HEIGHT="25" CONTENT="opened" WC="0.97" CC="010001"/>
							<SP ID="P1_SP00209" HPOS="1978" VPOS="839" WIDTH="18"/>
							<String ID="P1_ST00279" HPOS="1996" VPOS="815" WIDTH="34" HEIGHT="20" CONTENT="his" WC="0.84" CC="131"/>
							<SP ID="P1_SP00210" HPOS="2030" VPOS="839" WIDTH="18"/>
							<String ID="P1_ST00280" HPOS="2048" VPOS="815" WIDTH="68" HEIGHT="22" CONTENT="NEW" WC="0.86" CC="311"/>
							<SP ID="P1_SP00211" HPOS="2116" VPOS="839" WIDTH="22"/>
							<String ID="P1_ST00281" HPOS="2138" VPOS="817" WIDTH="94" HEIGHT="26" CONTENT="STOCK," WC="0.85" CC="300421"/>
							<SP ID="P1_SP00212" HPOS="2232" VPOS="843" WIDTH="20"/>
							<String ID="P1_ST00282" HPOS="2252" VPOS="820" WIDTH="115" HEIGHT="25" CONTENT="purchased" WC="0.94" CC="110101121"/>
						</TextLine>
						<TextLine ID="P1_TL00062" HPOS="1841" VPOS="838" WIDTH="329" HEIGHT="31">
							<String ID="P1_ST00283" HPOS="1841" VPOS="838" WIDTH="58" HEIGHT="21" CONTENT="when" WC="0.96" CC="0101"/>
							<SP ID="P1_SP00213" HPOS="1899" VPOS="859" WIDTH="9"/>
							<String ID="P1_ST00284" HPOS="1908" VPOS="846" WIDTH="29" HEIGHT="14" CONTENT="on" WC="1.00" CC="00"/>
							<SP ID="P1_SP00214" HPOS="1937" VPOS="860" WIDTH="8"/>
							<String ID="P1_ST00285" HPOS="1945" VPOS="840" WIDTH="34" HEIGHT="20" CONTENT="his" WC="0.93" CC="111"/>
							<SP ID="P1_SP00215" HPOS="1979" VPOS="860" WIDTH="10"/>
							<String ID="P1_ST00286" HPOS="1989" VPOS="840" WIDTH="49" HEIGHT="22" CONTENT="visit" WC="0.96" CC="01011"/>
							<SP ID="P1_SP00216" HPOS="2038" VPOS="862" WIDTH="14"/>
							<String ID="P1_ST00287" HPOS="2052" VPOS="845" WIDTH="20" HEIGHT="17" CONTENT="to" WC="0.91" CC="11"/>
							<SP ID="P1_SP00217" HPOS="2072" VPOS="862" WIDTH="9"/>
							<String ID="P1_ST00288" HPOS="2081" VPOS="843" WIDTH="89" HEIGHT="26" CONTENT="Europe." WC="0.75" CC="9620100"/>
						</TextLine>
						<TextLine ID="P1_TL00063" HPOS="1867" VPOS="869" WIDTH="505" HEIGHT="33">
							<String ID="P1_ST00289" HPOS="1867" VPOS="869" WIDTH="163" HEIGHT="27" CONTENT="Arrangements" WC="0.95" CC="101110110111"/>
							<SP ID="P1_SP00218" HPOS="2030" VPOS="896" WIDTH="7"/>
							<String ID="P1_ST00290" HPOS="2037" VPOS="872" WIDTH="77" HEIGHT="27" CONTENT="having" WC="0.78" CC="191110"/>
							<SP ID="P1_SP00219" HPOS="2114" VPOS="899" WIDTH="5"/>
							<String ID="P1_ST00291" HPOS="2119" VPOS="873" WIDTH="50" HEIGHT="22" CONTENT="been" WC="0.94" CC="0111"/>
							<SP ID="P1_SP00220" HPOS="2169" VPOS="899" WIDTH="10"/>
							<String ID="P1_ST00292" HPOS="2179" VPOS="874" WIDTH="61" HEIGHT="23" CONTENT="made" WC="0.91" CC="2021"/>
							<SP ID="P1_SP00221" HPOS="2240" VPOS="899" WIDTH="8"/>
							<String ID="P1_ST00293" HPOS="2248" VPOS="876" WIDTH="32" HEIGHT="21" CONTENT="for" WC="0.95" CC="111"/>
							<SP ID="P1_SP00222" HPOS="2280" VPOS="899" WIDTH="6"/>
							<String ID="P1_ST00294" HPOS="2286" VPOS="878" WIDTH="86" HEIGHT="24" CONTENT="regul&amp;Y" WC="0.82" CC="2112133"/>
						</TextLine>
						<TextLine ID="P1_TL00064" HPOS="1843" VPOS="895" WIDTH="524" HEIGHT="31">
							<String ID="P1_ST00295" HPOS="1843" VPOS="895" WIDTH="97" HEIGHT="27" CONTENT="Monthly" WC="0.96" CC="0011001"/>
							<SP ID="P1_SP00223" HPOS="1940" VPOS="922" WIDTH="14"/>
							<String ID="P1_ST00296" HPOS="1954" VPOS="897" WIDTH="122" HEIGHT="26" CONTENT="Shipments" WC="0.86" CC="110162112"/>
							<SP ID="P1_SP00224" HPOS="2076" VPOS="923" WIDTH="16"/>
							<String ID="P1_ST00297" HPOS="2092" VPOS="900" WIDTH="22" HEIGHT="19" CONTENT="of" WC="0.98" CC="01"/>
							<SP ID="P1_SP00225" HPOS="2114" VPOS="923" WIDTH="20"/>
							<String ID="P1_ST00298" HPOS="2134" VPOS="901" WIDTH="48" HEIGHT="20" CONTENT="New" WC="0.94" CC="110"/>
							<SP ID="P1_SP00226" HPOS="2182" VPOS="923" WIDTH="16"/>
							<String ID="P1_ST00299" HPOS="2198" VPOS="902" WIDTH="76" HEIGHT="24" CONTENT="Goods," WC="0.95" CC="101111"/>
							<SP ID="P1_SP00227" HPOS="2274" VPOS="926" WIDTH="12"/>
							<String ID="P1_ST00300" HPOS="2286" VPOS="902" WIDTH="26" HEIGHT="21" CONTENT="he" WC="0.93" CC="11"/>
							<SP ID="P1_SP00228" HPOS="2312" VPOS="926" WIDTH="15"/>
							<String ID="P1_ST00301" HPOS="2327" VPOS="904" WIDTH="40" HEIGHT="20" CONTENT="has" WC="0.81" CC="024"/>
						</TextLine>
						<TextLine ID="P1_TL00065" HPOS="1842" VPOS="922" WIDTH="524" HEIGHT="31">
							<String ID="P1_ST00302" HPOS="1842" VPOS="922" WIDTH="85" HEIGHT="20" CONTENT="marked" WC="0.96" CC="110000"/>
							<SP ID="P1_SP00229" HPOS="1927" VPOS="942" WIDTH="17"/>
							<String ID="P1_ST00303" HPOS="1944" VPOS="923" WIDTH="39" HEIGHT="21" CONTENT="the:" WC="0.83" CC="1124"/>
							<SP ID="P1_SP00230" HPOS="1983" VPOS="944" WIDTH="11"/>
							<String ID="P1_ST00304" HPOS="1994" VPOS="924" WIDTH="63" HEIGHT="20" CONTENT="Sto-*" WC="0.73" CC="22225"/>
							<SP ID="P1_SP00231" HPOS="2057" VPOS="944" WIDTH="18"/>
							<String ID="P1_ST00305" HPOS="2075" VPOS="926" WIDTH="22" HEIGHT="20" CONTENT="at" WC="0.96" CC="01"/>
							<SP ID="P1_SP00232" HPOS="2097" VPOS="946" WIDTH="15"/>
							<String ID="P1_ST00306" HPOS="2112" VPOS="926" WIDTH="53" HEIGHT="20" CONTENT="such" WC="0.93" CC="1111"/>
							<SP ID="P1_SP00233" HPOS="2165" VPOS="946" WIDTH="13"/>
							<String ID="P1_ST00307" HPOS="2178" VPOS="928" WIDTH="69" HEIGHT="25" CONTENT="piices" WC="0.83" CC="011117"/>
							<SP ID="P1_SP00234" HPOS="2247" VPOS="953" WIDTH="10"/>
							<String ID="P1_ST00308" HPOS="2257" VPOS="934" WIDTH="24" HEIGHT="14" CONTENT="as" WC="0.93" CC="11"/>
							<SP ID="P1_SP00235" HPOS="2281" VPOS="953" WIDTH="9"/>
							<String ID="P1_ST00309" HPOS="2290" VPOS="932" WIDTH="76" HEIGHT="19" CONTENT="canno," WC="0.81" CC="112134"/>
						</TextLine>
						<TextLine ID="P1_TL00066" HPOS="1841" VPOS="947" WIDTH="527" HEIGHT="33">
							<String ID="P1_ST00310" HPOS="1841" VPOS="947" WIDTH="38" HEIGHT="19" CONTENT="fail" WC="0.94" CC="1210"/>
							<SP ID="P1_SP00236" HPOS="1879" VPOS="966" WIDTH="11"/>
							<String ID="P1_ST00311" HPOS="1890" VPOS="949" WIDTH="22" HEIGHT="19" CONTENT="to" WC="0.96" CC="10"/>
							<SP ID="P1_SP00237" HPOS="1912" VPOS="968" WIDTH="9"/>
							<String ID="P1_ST00312" HPOS="1921" VPOS="954" WIDTH="70" HEIGHT="15" CONTENT="secure" WC="0.86" CC="111611"/>
							<SP ID="P1_SP00238" HPOS="1991" VPOS="969" WIDTH="14"/>
							<String ID="P1_ST00313" HPOS="2005" VPOS="954" WIDTH="12" HEIGHT="15" CONTENT="a" WC="0.59" CC="4"/>
							<SP ID="P1_SP00239" HPOS="2017" VPOS="969" WIDTH="8"/>
							<String ID="P1_ST00314" HPOS="2025" VPOS="950" WIDTH="63" HEIGHT="25" CONTENT="quick" WC="0.98" CC="10101"/>
							<SP ID="P1_SP00240" HPOS="2088" VPOS="975" WIDTH="14"/>
							<String ID="P1_ST00315" HPOS="2102" VPOS="952" WIDTH="50" HEIGHT="20" CONTENT="sale." WC="0.95" CC="10111"/>
							<SP ID="P1_SP00241" HPOS="2152" VPOS="975" WIDTH="40"/>
							<String ID="P1_ST00316" HPOS="2192" VPOS="953" WIDTH="45" HEIGHT="20" CONTENT="The" WC="0.97" CC="010"/>
							<SP ID="P1_SP00242" HPOS="2237" VPOS="975" WIDTH="7"/>
							<String ID="P1_ST00317" HPOS="2244" VPOS="951" WIDTH="78" HEIGHT="29" CONTENT="capital" WC="0.89" CC="1111112"/>
							<SP ID="P1_SP00243" HPOS="2322" VPOS="980" WIDTH="9"/>
							<String ID="P1_ST00318" HPOS="2331" VPOS="954" WIDTH="37" HEIGHT="21" CONTENT="in-" WC="0.91" CC="021"/>
						</TextLine>
						<TextLine ID="P1_TL00067" HPOS="1843" VPOS="973" WIDTH="429" HEIGHT="29">
							<String ID="P1_ST00319" HPOS="1843" VPOS="973" WIDTH="69" HEIGHT="21" CONTENT="vested" WC="0.93" CC="102111"/>
							<SP ID="P1_SP00244" HPOS="1912" VPOS="994" WIDTH="10"/>
							<String ID="P1_ST00320" HPOS="1922" VPOS="975" WIDTH="57" HEIGHT="19" CONTENT="must" WC="0.90" CC="2111"/>
							<SP ID="P1_SP00245" HPOS="1979" VPOS="994" WIDTH="9"/>
							<String ID="P1_ST00321" HPOS="1988" VPOS="974" WIDTH="25" HEIGHT="21" CONTENT="he" WC="0.76" CC="32" STYLEREFS="TXT_11"/>
							<SP ID="P1_SP00246" HPOS="2013" VPOS="995" WIDTH="9"/>
							<String ID="P1_ST00322" HPOS="2022" VPOS="977" WIDTH="104" HEIGHT="25" CONTENT="promptly" WC="0.94" CC="11111111"/>
							<SP ID="P1_SP00247" HPOS="2126" VPOS="1002" WIDTH="9"/>
							<String ID="P1_ST00323" HPOS="2135" VPOS="978" WIDTH="75" HEIGHT="21" CONTENT="turned" WC="0.93" CC="211111"/>
							<SP ID="P1_SP00248" HPOS="2210" VPOS="1002" WIDTH="8"/>
							<String ID="P1_ST00324" HPOS="2218" VPOS="984" WIDTH="54" HEIGHT="17" CONTENT="over." WC="0.92" CC="01211"/>
						</TextLine>
						<TextLine ID="P1_TL00068" HPOS="1857" VPOS="999" WIDTH="512" HEIGHT="39">
							<String ID="P1_ST00325" HPOS="1857" VPOS="1003" WIDTH="34" HEIGHT="30" CONTENT=",H" WC="1.00" CC="01"/>
							<String ID="P1_ST00326" HPOS="1891" VPOS="1010" WIDTH="13" HEIGHT="24" CONTENT="?" WC="0.52" CC="5"/>
							<SP ID="P1_SP00249" HPOS="1904" VPOS="1034" WIDTH="9"/>
							<String ID="P1_ST00327" HPOS="1913" VPOS="1001" WIDTH="52" HEIGHT="37" CONTENT="^8" WC="0.59" CC="219"/>
							<SP ID="P1_SP00250" HPOS="1965" VPOS="1038" WIDTH="24"/>
							<String ID="P1_ST00328" HPOS="1989" VPOS="1006" WIDTH="96" HEIGHT="25" CONTENT="pleasure" WC="0.92" CC="11111102"/>
							<SP ID="P1_SP00251" HPOS="2085" VPOS="1038" WIDTH="16"/>
							<String ID="P1_ST00329" HPOS="2101" VPOS="999" WIDTH="25" HEIGHT="29" CONTENT="m" WC="0.72" CC="4"/>
							<SP ID="P1_SP00252" HPOS="2126" VPOS="1038" WIDTH="19"/>
							<String ID="P1_ST00330" HPOS="2145" VPOS="1006" WIDTH="101" HEIGHT="29" CONTENT="directing" WC="0.89" CC="101412201"/>
							<SP ID="P1_SP00253" HPOS="2246" VPOS="1038" WIDTH="17"/>
							<String ID="P1_ST00331" HPOS="2263" VPOS="1012" WIDTH="106" HEIGHT="20" CONTENT="attemioa" WC="0.86" CC="11312203"/>
						</TextLine>
						<TextLine ID="P1_TL00069" HPOS="1843" VPOS="1027" WIDTH="527" HEIGHT="32">
							<String ID="P1_ST00332" HPOS="1843" VPOS="1029" WIDTH="99" HEIGHT="26" CONTENT="specially" WC="0.91" CC="211102111"/>
							<SP ID="P1_SP00254" HPOS="1942" VPOS="1055" WIDTH="16"/>
							<String ID="P1_ST00333" HPOS="1958" VPOS="1031" WIDTH="21" HEIGHT="20" CONTENT="to" WC="1.00" CC="00"/>
							<SP ID="P1_SP00255" HPOS="1979" VPOS="1055" WIDTH="16"/>
							<String ID="P1_ST00334" HPOS="1995" VPOS="1031" WIDTH="37" HEIGHT="21" CONTENT="the" WC="0.93" CC="111"/>
							<SP ID="P1_SP00256" HPOS="2032" VPOS="1055" WIDTH="14"/>
							<String ID="P1_ST00335" HPOS="2046" VPOS="1027" WIDTH="152" HEIGHT="32" CONTENT="DfAItONDS," WC="0.78" CC="1652212410"/>
							<SP ID="P1_SP00257" HPOS="2198" VPOS="1059" WIDTH="16"/>
							<String ID="P1_ST00336" HPOS="2214" VPOS="1036" WIDTH="57" HEIGHT="20" CONTENT="loose" WC="0.93" CC="10121"/>
							<SP ID="P1_SP00258" HPOS="2271" VPOS="1059" WIDTH="8"/>
							<String ID="P1_ST00337" HPOS="2279" VPOS="1038" WIDTH="43" HEIGHT="20" CONTENT="and" WC="0.93" CC="111"/>
							<SP ID="P1_SP00259" HPOS="2322" VPOS="1059" WIDTH="11"/>
							<String ID="P1_ST00338" HPOS="2333" VPOS="1037" WIDTH="37" HEIGHT="22" CONTENT="set!" WC="0.45" CC="9516"/>
						</TextLine>
						<TextLine ID="P1_TL00070" HPOS="1842" VPOS="1055" WIDTH="307" HEIGHT="25">
							<String ID="P1_ST00339" HPOS="1842" VPOS="1055" WIDTH="42" HEIGHT="20" CONTENT="and" WC="0.78" CC="600"/>
							<SP ID="P1_SP00260" HPOS="1884" VPOS="1075" WIDTH="9"/>
							<String ID="P1_ST00340" HPOS="1893" VPOS="1055" WIDTH="61" HEIGHT="21" CONTENT="other" WC="0.93" CC="01112"/>
							<SP ID="P1_SP00261" HPOS="1954" VPOS="1076" WIDTH="7"/>
							<String ID="P1_ST00341" HPOS="1961" VPOS="1057" WIDTH="97" HEIGHT="21" CONTENT="Precious" WC="0.93" CC="10111112"/>
							<SP ID="P1_SP00262" HPOS="2058" VPOS="1078" WIDTH="9"/>
							<String ID="P1_ST00342" HPOS="2067" VPOS="1059" WIDTH="82" HEIGHT="21" CONTENT="Stones." WC="0.91" CC="2221011"/>
						</TextLine>
						<TextLine ID="P1_TL00071" HPOS="1871" VPOS="1085" WIDTH="500" HEIGHT="33">
							<String ID="P1_ST00343" HPOS="1871" VPOS="1085" WIDTH="167" HEIGHT="23" CONTENT="WATCHES.-" WC="0.77" CC="111429111"/>
							<String ID="P1_ST00344" HPOS="2044" VPOS="1088" WIDTH="32" HEIGHT="26" CONTENT="By" WC="0.91" CC="11"/>
							<SP ID="P1_SP00263" HPOS="2076" VPOS="1114" WIDTH="9"/>
							<String ID="P1_ST00345" HPOS="2085" VPOS="1090" WIDTH="77" HEIGHT="26" CONTENT="special" WC="0.96" CC="1010110"/>
							<SP ID="P1_SP00264" HPOS="2162" VPOS="1116" WIDTH="16"/>
							<String ID="P1_ST00346" HPOS="2178" VPOS="1094" WIDTH="145" HEIGHT="24" CONTENT="arrangement" WC="0.93" CC="00000113302"/>
							<SP ID="P1_SP00265" HPOS="2323" VPOS="1118" WIDTH="19"/>
							<String ID="P1_ST00347" HPOS="2342" VPOS="1093" WIDTH="29" HEIGHT="23" CONTENT="he" WC="0.85" CC="21"/>
						</TextLine>
						<TextLine ID="P1_TL00072" HPOS="1845" VPOS="1112" WIDTH="524" HEIGHT="32">
							<String ID="P1_ST00348" HPOS="1845" VPOS="1113" WIDTH="17" HEIGHT="19" CONTENT="is" WC="0.96" CC="01"/>
							<SP ID="P1_SP00266" HPOS="1862" VPOS="1132" WIDTH="16"/>
							<String ID="P1_ST00349" HPOS="1878" VPOS="1112" WIDTH="87" HEIGHT="21" CONTENT="enabled" WC="0.94" CC="0102111"/>
							<SP ID="P1_SP00267" HPOS="1965" VPOS="1133" WIDTH="17"/>
							<String ID="P1_ST00350" HPOS="1982" VPOS="1116" WIDTH="22" HEIGHT="18" CONTENT="to" WC="0.91" CC="20"/>
							<SP ID="P1_SP00268" HPOS="2004" VPOS="1134" WIDTH="9"/>
							<String ID="P1_ST00351" HPOS="2013" VPOS="1116" WIDTH="45" HEIGHT="23" CONTENT="give" WC="0.95" CC="1101"/>
							<SP ID="P1_SP00269" HPOS="2058" VPOS="1139" WIDTH="16"/>
							<String ID="P1_ST00352" HPOS="2074" VPOS="1115" WIDTH="36" HEIGHT="21" CONTENT="the" WC="0.97" CC="101"/>
							<SP ID="P1_SP00270" HPOS="2110" VPOS="1139" WIDTH="9"/>
							<String ID="P1_ST00353" HPOS="2119" VPOS="1116" WIDTH="46" HEIGHT="21" CONTENT="best" WC="0.94" CC="0111"/>
							<SP ID="P1_SP00271" HPOS="2165" VPOS="1139" WIDTH="15"/>
							<String ID="P1_ST00354" HPOS="2180" VPOS="1118" WIDTH="59" HEIGHT="21" CONTENT="value" WC="0.96" CC="01011"/>
							<SP ID="P1_SP00272" HPOS="2239" VPOS="1139" WIDTH="9"/>
							<String ID="P1_ST00355" HPOS="2248" VPOS="1119" WIDTH="23" HEIGHT="20" CONTENT="m" WC="0.94" CC="0"/>
							<SP ID="P1_SP00273" HPOS="2271" VPOS="1139" WIDTH="9"/>
							<String ID="P1_ST00356" HPOS="2280" VPOS="1120" WIDTH="89" HEIGHT="24" CONTENT="genuine" WC="0.88" CC="2221111"/>
						</TextLine>
						<TextLine ID="P1_TL00073" HPOS="1844" VPOS="1137" WIDTH="525" HEIGHT="29">
							<String ID="P1_ST00357" HPOS="1844" VPOS="1137" WIDTH="158" HEIGHT="26" CONTENT="English-made" WC="0.92" CC="012111005101"/>
							<SP ID="P1_SP00274" HPOS="2002" VPOS="1163" WIDTH="10"/>
							<String ID="P1_ST00358" HPOS="2012" VPOS="1140" WIDTH="66" HEIGHT="21" CONTENT="Silver" WC="0.94" CC="101011"/>
							<SP ID="P1_SP00275" HPOS="2078" VPOS="1163" WIDTH="15"/>
							<String ID="P1_ST00359" HPOS="2093" VPOS="1142" WIDTH="41" HEIGHT="21" CONTENT="and" WC="0.94" CC="101"/>
							<SP ID="P1_SP00276" HPOS="2134" VPOS="1163" WIDTH="9"/>
							<String ID="P1_ST00360" HPOS="2143" VPOS="1142" WIDTH="54" HEIGHT="21" CONTENT="Gold" WC="0.95" CC="0011"/>
							<SP ID="P1_SP00277" HPOS="2197" VPOS="1163" WIDTH="10"/>
							<String ID="P1_ST00361" HPOS="2207" VPOS="1144" WIDTH="97" HEIGHT="21" CONTENT="Watchea" WC="0.92" CC="0111111"/>
							<SP ID="P1_SP00278" HPOS="2304" VPOS="1165" WIDTH="15"/>
							<String ID="P1_ST00362" HPOS="2319" VPOS="1145" WIDTH="50" HEIGHT="21" CONTENT="that" WC="0.93" CC="1111"/>
						</TextLine>
						<TextLine ID="P1_TL00074" HPOS="1843" VPOS="1163" WIDTH="420" HEIGHT="33">
							<String ID="P1_ST00363" HPOS="1843" VPOS="1163" WIDTH="40" HEIGHT="21" CONTENT="has" WC="0.95" CC="101"/>
							<SP ID="P1_SP00279" HPOS="1883" VPOS="1184" WIDTH="8"/>
							<String ID="P1_ST00364" HPOS="1891" VPOS="1170" WIDTH="47" HEIGHT="15" CONTENT="ever" WC="0.96" CC="0011"/>
							<SP ID="P1_SP00280" HPOS="1938" VPOS="1185" WIDTH="9"/>
							<String ID="P1_ST00365" HPOS="1947" VPOS="1166" WIDTH="51" HEIGHT="20" CONTENT="been" WC="0.93" CC="1101"/>
							<SP ID="P1_SP00281" HPOS="1998" VPOS="1186" WIDTH="10"/>
							<String ID="P1_ST00366" HPOS="2008" VPOS="1167" WIDTH="76" HEIGHT="20" CONTENT="offered" WC="0.97" CC="0111011"/>
							<SP ID="P1_SP00282" HPOS="2084" VPOS="1187" WIDTH="8"/>
							<String ID="P1_ST00367" HPOS="2092" VPOS="1173" WIDTH="23" HEIGHT="15" CONTENT="m" WC="0.85" CC="2"/>
							<SP ID="P1_SP00283" HPOS="2115" VPOS="1188" WIDTH="10"/>
							<String ID="P1_ST00368" HPOS="2125" VPOS="1168" WIDTH="43" HEIGHT="21" CONTENT="this" WC="0.94" CC="1011"/>
							<SP ID="P1_SP00284" HPOS="2168" VPOS="1189" WIDTH="9"/>
							<String ID="P1_ST00369" HPOS="2177" VPOS="1169" WIDTH="86" HEIGHT="27" CONTENT="Colony." WC="0.95" CC="0010120"/>
						</TextLine>
						<TextLine ID="P1_TL00075" HPOS="1869" VPOS="1195" WIDTH="502" HEIGHT="29">
							<String ID="P1_ST00370" HPOS="1869" VPOS="1195" WIDTH="87" HEIGHT="27" CONTENT="Having" WC="0.94" CC="210110"/>
							<SP ID="P1_SP00285" HPOS="1956" VPOS="1222" WIDTH="7"/>
							<String ID="P1_ST00371" HPOS="1963" VPOS="1198" WIDTH="75" HEIGHT="25" CONTENT="family" WC="0.93" CC="111111"/>
							<SP ID="P1_SP00286" HPOS="2038" VPOS="1223" WIDTH="14"/>
							<String ID="P1_ST00372" HPOS="2052" VPOS="1200" WIDTH="135" HEIGHT="20" CONTENT="connections" WC="0.96" CC="10101101111"/>
							<SP ID="P1_SP00287" HPOS="2187" VPOS="1223" WIDTH="10"/>
							<String ID="P1_ST00373" HPOS="2197" VPOS="1201" WIDTH="51" HEIGHT="21" CONTENT="with" WC="0.97" CC="1011"/>
							<SP ID="P1_SP00288" HPOS="2248" VPOS="1223" WIDTH="9"/>
							<String ID="P1_ST00374" HPOS="2257" VPOS="1202" WIDTH="60" HEIGHT="21" CONTENT="Paris" WC="0.84" CC="04211"/>
							<SP ID="P1_SP00289" HPOS="2317" VPOS="1223" WIDTH="9"/>
							<String ID="P1_ST00375" HPOS="2326" VPOS="1207" WIDTH="45" HEIGHT="17" CONTENT="ana" WC="0.80" CC="142"/>
						</TextLine>
						<TextLine ID="P1_TL00076" HPOS="1843" VPOS="1221" WIDTH="526" HEIGHT="31">
							<String ID="P1_ST00376" HPOS="1843" VPOS="1221" WIDTH="89" HEIGHT="22" CONTENT="London" WC="0.99" CC="000001"/>
							<SP ID="P1_SP00290" HPOS="1932" VPOS="1243" WIDTH="15"/>
							<String ID="P1_ST00377" HPOS="1947" VPOS="1223" WIDTH="105" HEIGHT="22" CONTENT="Diamond" WC="0.95" CC="3001010"/>
							<SP ID="P1_SP00291" HPOS="2052" VPOS="1245" WIDTH="15"/>
							<String ID="P1_ST00378" HPOS="2067" VPOS="1226" WIDTH="44" HEIGHT="20" CONTENT="and" WC="0.94" CC="210"/>
							<SP ID="P1_SP00292" HPOS="2111" VPOS="1246" WIDTH="9"/>
							<String ID="P1_ST00379" HPOS="2120" VPOS="1226" WIDTH="107" HEIGHT="26" CONTENT="Jewellery" WC="0.95" CC="011100111"/>
							<SP ID="P1_SP00293" HPOS="2227" VPOS="1252" WIDTH="16"/>
							<String ID="P1_ST00380" HPOS="2243" VPOS="1229" WIDTH="126" HEIGHT="22" CONTENT="MerchaoW" WC="0.92" CC="00011123"/>
						</TextLine>
						<TextLine ID="P1_TL00077" HPOS="1842" VPOS="1248" WIDTH="526" HEIGHT="29">
							<String ID="P1_ST00381" HPOS="1842" VPOS="1248" WIDTH="70" HEIGHT="25" CONTENT="places" WC="0.97" CC="011001"/>
							<SP ID="P1_SP00294" HPOS="1912" VPOS="1273" WIDTH="17"/>
							<String ID="P1_ST00382" HPOS="1929" VPOS="1248" WIDTH="46" HEIGHT="21" CONTENT="him" WC="0.96" CC="001"/>
							<SP ID="P1_SP00295" HPOS="1975" VPOS="1273" WIDTH="17"/>
							<String ID="P1_ST00383" HPOS="1992" VPOS="1250" WIDTH="23" HEIGHT="19" CONTENT="m" WC="1.00" CC="0"/>
							<SP ID="P1_SP00296" HPOS="2015" VPOS="1273" WIDTH="19"/>
							<String ID="P1_ST00384" HPOS="2034" VPOS="1257" WIDTH="13" HEIGHT="14" CONTENT="a" WC="0.96" CC="1"/>
							<SP ID="P1_SP00297" HPOS="2047" VPOS="1273" WIDTH="17"/>
							<String ID="P1_ST00385" HPOS="2064" VPOS="1252" WIDTH="91" HEIGHT="24" CONTENT="position" WC="0.97" CC="00101001"/>
							<SP ID="P1_SP00298" HPOS="2155" VPOS="1276" WIDTH="17"/>
							<String ID="P1_ST00386" HPOS="2172" VPOS="1255" WIDTH="22" HEIGHT="19" CONTENT="to" WC="0.96" CC="10"/>
							<SP ID="P1_SP00299" HPOS="2194" VPOS="1276" WIDTH="18"/>
							<String ID="P1_ST00387" HPOS="2212" VPOS="1254" WIDTH="38" HEIGHT="20" CONTENT="Bell" WC="0.93" CC="2110"/>
							<SP ID="P1_SP00300" HPOS="2250" VPOS="1276" WIDTH="18"/>
							<String ID="P1_ST00388" HPOS="2268" VPOS="1255" WIDTH="35" HEIGHT="20" CONTENT="the" WC="0.95" CC="110"/>
							<SP ID="P1_SP00301" HPOS="2303" VPOS="1276" WIDTH="18"/>
							<String ID="P1_ST00389" HPOS="2321" VPOS="1255" WIDTH="47" HEIGHT="22" CONTENT="best" WC="0.88" CC="1122"/>
						</TextLine>
						<TextLine ID="P1_TL00078" HPOS="1842" VPOS="1273" WIDTH="526" HEIGHT="34">
							<String ID="P1_ST00390" HPOS="1842" VPOS="1273" WIDTH="83" HEIGHT="23" CONTENT="articles" WC="0.94" CC="11200011"/>
							<SP ID="P1_SP00302" HPOS="1925" VPOS="1296" WIDTH="9"/>
							<String ID="P1_ST00391" HPOS="1934" VPOS="1276" WIDTH="24" HEIGHT="19" CONTENT="at" WC="0.94" CC="11"/>
							<SP ID="P1_SP00303" HPOS="1958" VPOS="1296" WIDTH="8"/>
							<String ID="P1_ST00392" HPOS="1966" VPOS="1281" WIDTH="14" HEIGHT="14" CONTENT="a" WC="1.00" CC="0"/>
							<SP ID="P1_SP00304" HPOS="1980" VPOS="1296" WIDTH="8"/>
							<String ID="P1_ST00393" HPOS="1988" VPOS="1277" WIDTH="121" HEIGHT="22" CONTENT="reasonable" WC="0.93" CC="1011112111"/>
							<SP ID="P1_SP00305" HPOS="2109" VPOS="1299" WIDTH="11"/>
							<String ID="P1_ST00394" HPOS="2120" VPOS="1278" WIDTH="62" HEIGHT="26" CONTENT="price." WC="0.96" CC="000210"/>
							<SP ID="P1_SP00306" HPOS="2182" VPOS="1304" WIDTH="43"/>
							<String ID="P1_ST00395" HPOS="2225" VPOS="1280" WIDTH="44" HEIGHT="20" CONTENT="The" WC="0.93" CC="111"/>
							<SP ID="P1_SP00307" HPOS="2269" VPOS="1304" WIDTH="9"/>
							<String ID="P1_ST00396" HPOS="2278" VPOS="1281" WIDTH="90" HEIGHT="26" CONTENT="Jobbing" WC="0.97" CC="0100010"/>
						</TextLine>
						<TextLine ID="P1_TL00079" HPOS="1842" VPOS="1299" WIDTH="526" HEIGHT="30">
							<String ID="P1_ST00397" HPOS="1842" VPOS="1299" WIDTH="42" HEIGHT="21" CONTENT="and" WC="0.94" CC="110"/>
							<SP ID="P1_SP00308" HPOS="1884" VPOS="1320" WIDTH="9"/>
							<String ID="P1_ST00398" HPOS="1893" VPOS="1300" WIDTH="171" HEIGHT="28" CONTENT="Manufacturing" WC="0.91" CC="0111110511110"/>
							<SP ID="P1_SP00309" HPOS="2064" VPOS="1328" WIDTH="8"/>
							<String ID="P1_ST00399" HPOS="2072" VPOS="1303" WIDTH="19" HEIGHT="20" CONTENT="is" WC="0.93" CC="11"/>
							<SP ID="P1_SP00310" HPOS="2091" VPOS="1328" WIDTH="15"/>
							<String ID="P1_ST00400" HPOS="2106" VPOS="1305" WIDTH="79" HEIGHT="21" CONTENT="carried" WC="0.95" CC="0103001"/>
							<SP ID="P1_SP00311" HPOS="2185" VPOS="1328" WIDTH="15"/>
							<String ID="P1_ST00401" HPOS="2200" VPOS="1307" WIDTH="38" HEIGHT="20" CONTENT="oat" WC="0.93" CC="021"/>
							<SP ID="P1_SP00312" HPOS="2238" VPOS="1328" WIDTH="15"/>
							<String ID="P1_ST00402" HPOS="2253" VPOS="1305" WIDTH="65" HEIGHT="23" CONTENT="under" WC="0.89" CC="12121"/>
							<SP ID="P1_SP00313" HPOS="2318" VPOS="1328" WIDTH="15"/>
							<String ID="P1_ST00403" HPOS="2333" VPOS="1308" WIDTH="35" HEIGHT="21" CONTENT="his" WC="0.85" CC="114"/>
						</TextLine>
						<TextLine ID="P1_TL00080" HPOS="1842" VPOS="1327" WIDTH="526" HEIGHT="29">
							<String ID="P1_ST00404" HPOS="1842" VPOS="1331" WIDTH="46" HEIGHT="15" CONTENT="own" WC="0.94" CC="111"/>
							<SP ID="P1_SP00314" HPOS="1888" VPOS="1346" WIDTH="9"/>
							<String ID="P1_ST00405" HPOS="1897" VPOS="1327" WIDTH="130" HEIGHT="26" CONTENT="supervision" WC="0.94" CC="11111111001"/>
							<SP ID="P1_SP00315" HPOS="2027" VPOS="1353" WIDTH="9"/>
							<String ID="P1_ST00406" HPOS="2036" VPOS="1330" WIDTH="22" HEIGHT="19" CONTENT="at" WC="0.89" CC="11"/>
							<SP ID="P1_SP00316" HPOS="2058" VPOS="1353" WIDTH="7"/>
							<String ID="P1_ST00407" HPOS="2065" VPOS="1329" WIDTH="35" HEIGHT="21" CONTENT="the" WC="0.95" CC="111"/>
							<SP ID="P1_SP00317" HPOS="2100" VPOS="1353" WIDTH="5"/>
							<String ID="P1_ST00408" HPOS="2105" VPOS="1330" WIDTH="81" HEIGHT="22" CONTENT="Lowest" WC="0.94" CC="011011"/>
							<SP ID="P1_SP00318" HPOS="2186" VPOS="1353" WIDTH="6"/>
							<String ID="P1_ST00409" HPOS="2192" VPOS="1332" WIDTH="70" HEIGHT="21" CONTENT="Prices" WC="0.81" CC="110109"/>
							<SP ID="P1_SP00319" HPOS="2262" VPOS="1353" WIDTH="5"/>
							<String ID="P1_ST00410" HPOS="2267" VPOS="1333" WIDTH="101" HEIGHT="23" CONTENT="Possible." WC="0.95" CC="101100111"/>
						</TextLine>
						<TextLine ID="P1_TL00081" HPOS="1870" VPOS="1378" WIDTH="497" HEIGHT="30">
							<String ID="P1_ST00411" HPOS="1870" VPOS="1378" WIDTH="29" HEIGHT="20" CONTENT="M." WC="0.89" CC="21"/>
							<SP ID="P1_SP00320" HPOS="1899" VPOS="1398" WIDTH="12"/>
							<String ID="P1_ST00412" HPOS="1911" VPOS="1379" WIDTH="157" HEIGHT="22" CONTENT="SANDSTEIN" WC="0.95" CC="101111101"/>
							<SP ID="P1_SP00321" HPOS="2068" VPOS="1401" WIDTH="10"/>
							<String ID="P1_ST00413" HPOS="2078" VPOS="1381" WIDTH="39" HEIGHT="21" CONTENT="has" WC="0.94" CC="111"/>
							<SP ID="P1_SP00322" HPOS="2117" VPOS="1402" WIDTH="15"/>
							<String ID="P1_ST00414" HPOS="2132" VPOS="1384" WIDTH="111" HEIGHT="24" CONTENT="appointed" WC="0.97" CC="100010011"/>
							<SP ID="P1_SP00323" HPOS="2243" VPOS="1408" WIDTH="9"/>
							<String ID="P1_ST00415" HPOS="2252" VPOS="1384" WIDTH="42" HEIGHT="23" CONTENT="Mb." WC="0.91" CC="021"/>
							<SP ID="P1_SP00324" HPOS="2294" VPOS="1408" WIDTH="9"/>
							<String ID="P1_ST00416" HPOS="2303" VPOS="1386" WIDTH="25" HEIGHT="20" CONTENT="R." WC="0.85" CC="21"/>
							<SP ID="P1_SP00325" HPOS="2328" VPOS="1408" WIDTH="9"/>
							<String ID="P1_ST00417" HPOS="2337" VPOS="1382" WIDTH="22" HEIGHT="25" CONTENT="tf" WC="0.48" CC="55"/>
							<String ID="P1_ST00418" HPOS="2361" VPOS="1401" WIDTH="6" HEIGHT="6" CONTENT="." WC="1.00" CC="0"/>
						</TextLine>
						<TextLine ID="P1_TL00082" HPOS="1842" VPOS="1403" WIDTH="516" HEIGHT="32">
							<String ID="P1_ST00419" HPOS="1842" VPOS="1403" WIDTH="79" HEIGHT="22" CONTENT="Pawsh" WC="0.95" CC="11210"/>
							<SP ID="P1_SP00326" HPOS="1921" VPOS="1425" WIDTH="16"/>
							<String ID="P1_ST00420" HPOS="1937" VPOS="1411" WIDTH="24" HEIGHT="15" CONTENT="as" WC="0.91" CC="11"/>
							<SP ID="P1_SP00327" HPOS="1961" VPOS="1426" WIDTH="16"/>
							<String ID="P1_ST00421" HPOS="1977" VPOS="1405" WIDTH="34" HEIGHT="22" CONTENT="his" WC="0.93" CC="111"/>
							<SP ID="P1_SP00328" HPOS="2011" VPOS="1427" WIDTH="14"/>
							<String ID="P1_ST00422" HPOS="2025" VPOS="1407" WIDTH="78" HEIGHT="22" CONTENT="Oxford" WC="0.95" CC="021001"/>
							<SP ID="P1_SP00329" HPOS="2103" VPOS="1429" WIDTH="13"/>
							<String ID="P1_ST00423" HPOS="2116" VPOS="1408" WIDTH="102" HEIGHT="27" CONTENT="AGENT," WC="0.96" CC="010101"/>
							<SP ID="P1_SP00330" HPOS="2218" VPOS="1435" WIDTH="13"/>
							<String ID="P1_ST00424" HPOS="2231" VPOS="1410" WIDTH="47" HEIGHT="22" CONTENT="who" WC="0.91" CC="210"/>
							<SP ID="P1_SP00331" HPOS="2278" VPOS="1435" WIDTH="15"/>
							<String ID="P1_ST00425" HPOS="2293" VPOS="1412" WIDTH="43" HEIGHT="21" CONTENT="will" WC="0.97" CC="1010"/>
							<SP ID="P1_SP00332" HPOS="2336" VPOS="1435" WIDTH="8"/>
							<String ID="P1_ST00426" HPOS="2344" VPOS="1419" WIDTH="14" HEIGHT="15" CONTENT="a" WC="0.96" CC="1"/>
						</TextLine>
						<TextLine ID="P1_TL00083" HPOS="1841" VPOS="1431" WIDTH="528" HEIGHT="31">
							<String ID="P1_ST00427" HPOS="1841" VPOS="1436" WIDTH="42" HEIGHT="19" CONTENT="any" WC="0.96" CC="101"/>
							<SP ID="P1_SP00333" HPOS="1883" VPOS="1455" WIDTH="10"/>
							<String ID="P1_ST00428" HPOS="1893" VPOS="1431" WIDTH="51" HEIGHT="21" CONTENT="time" WC="0.98" CC="0110"/>
							<SP ID="P1_SP00334" HPOS="1944" VPOS="1455" WIDTH="8"/>
							<String ID="P1_ST00429" HPOS="1952" VPOS="1438" WIDTH="93" HEIGHT="21" CONTENT="procure," WC="0.94" CC="11101011"/>
							<SP ID="P1_SP00335" HPOS="2045" VPOS="1459" WIDTH="13"/>
							<String ID="P1_ST00430" HPOS="2058" VPOS="1440" WIDTH="28" HEIGHT="14" CONTENT="on" WC="0.94" CC="01"/>
							<SP ID="P1_SP00336" HPOS="2086" VPOS="1459" WIDTH="14"/>
							<String ID="P1_ST00431" HPOS="2100" VPOS="1436" WIDTH="145" HEIGHT="26" CONTENT="approbation," WC="0.97" CC="101000210010"/>
							<SP ID="P1_SP00337" HPOS="2245" VPOS="1462" WIDTH="19"/>
							<String ID="P1_ST00432" HPOS="2264" VPOS="1438" WIDTH="105" HEIGHT="24" CONTENT="Watches," WC="0.94" CC="01011121"/>
						</TextLine>
						<TextLine ID="P1_TL00084" HPOS="1841" VPOS="1456" WIDTH="527" HEIGHT="31">
							<String ID="P1_ST00433" HPOS="1841" VPOS="1456" WIDTH="82" HEIGHT="25" CONTENT="Clocks," WC="0.96" CC="1101010"/>
							<SP ID="P1_SP00338" HPOS="1923" VPOS="1481" WIDTH="9"/>
							<String ID="P1_ST00434" HPOS="1932" VPOS="1458" WIDTH="43" HEIGHT="21" CONTENT="and" WC="0.91" CC="111"/>
							<SP ID="P1_SP00339" HPOS="1975" VPOS="1481" WIDTH="7"/>
							<String ID="P1_ST00435" HPOS="1982" VPOS="1459" WIDTH="115" HEIGHT="26" CONTENT="Jewellery," WC="0.93" CC="2111001111"/>
							<SP ID="P1_SP00340" HPOS="2097" VPOS="1485" WIDTH="8"/>
							<String ID="P1_ST00436" HPOS="2105" VPOS="1461" WIDTH="34" HEIGHT="20" CONTENT="for" WC="0.95" CC="101"/>
							<SP ID="P1_SP00341" HPOS="2139" VPOS="1485" WIDTH="15"/>
							<String ID="P1_ST00437" HPOS="2154" VPOS="1461" WIDTH="34" HEIGHT="22" CONTENT="his" WC="0.91" CC="111"/>
							<SP ID="P1_SP00342" HPOS="2188" VPOS="1485" WIDTH="12"/>
							<String ID="P1_ST00438" HPOS="2200" VPOS="1463" WIDTH="78" HEIGHT="21" CONTENT="Oxford" WC="0.88" CC="061001"/>
							<SP ID="P1_SP00343" HPOS="2278" VPOS="1485" WIDTH="14"/>
							<String ID="P1_ST00439" HPOS="2292" VPOS="1464" WIDTH="76" HEIGHT="23" CONTENT="clients," WC="0.92" CC="11111130"/>
						</TextLine>
						<TextLine ID="P1_TL00085" HPOS="1846" VPOS="1483" WIDTH="524" HEIGHT="32">
							<String ID="P1_ST00440" HPOS="1846" VPOS="1483" WIDTH="22" HEIGHT="19" CONTENT="to" WC="1.00" CC="00"/>
							<SP ID="P1_SP00344" HPOS="1868" VPOS="1502" WIDTH="10"/>
							<String ID="P1_ST00441" HPOS="1878" VPOS="1484" WIDTH="63" HEIGHT="23" CONTENT="select" WC="0.93" CC="101112"/>
							<SP ID="P1_SP00345" HPOS="1941" VPOS="1507" WIDTH="13"/>
							<String ID="P1_ST00442" HPOS="1954" VPOS="1485" WIDTH="63" HEIGHT="24" CONTENT="from," WC="0.82" CC="16111"/>
							<SP ID="P1_SP00346" HPOS="2017" VPOS="1509" WIDTH="10"/>
							<String ID="P1_ST00443" HPOS="2027" VPOS="1487" WIDTH="23" HEIGHT="19" CONTENT="at" WC="0.94" CC="11"/>
							<SP ID="P1_SP00347" HPOS="2050" VPOS="1509" WIDTH="9"/>
							<String ID="P1_ST00444" HPOS="2059" VPOS="1486" WIDTH="36" HEIGHT="20" CONTENT="the" WC="0.95" CC="111"/>
							<SP ID="P1_SP00348" HPOS="2095" VPOS="1509" WIDTH="17"/>
							<String ID="P1_ST00445" HPOS="2112" VPOS="1492" WIDTH="58" HEIGHT="16" CONTENT="same" WC="0.86" CC="1113"/>
							<SP ID="P1_SP00349" HPOS="2170" VPOS="1509" WIDTH="9"/>
							<String ID="P1_ST00446" HPOS="2179" VPOS="1488" WIDTH="55" HEIGHT="26" CONTENT="price" WC="0.95" CC="11011"/>
							<SP ID="P1_SP00350" HPOS="2234" VPOS="1514" WIDTH="15"/>
							<String ID="P1_ST00447" HPOS="2249" VPOS="1495" WIDTH="24" HEIGHT="15" CONTENT="as" WC="0.93" CC="02"/>
							<SP ID="P1_SP00351" HPOS="2273" VPOS="1514" WIDTH="6"/>
							<String ID="P1_ST00448" HPOS="2279" VPOS="1489" WIDTH="91" HEIGHT="26" CONTENT="charged" WC="0.88" CC="1112112"/>
						</TextLine>
						<TextLine ID="P1_TL00086" HPOS="1840" VPOS="1508" WIDTH="410" HEIGHT="28">
							<String ID="P1_ST00449" HPOS="1840" VPOS="1510" WIDTH="23" HEIGHT="19" CONTENT="at" WC="0.93" CC="11"/>
							<SP ID="P1_SP00352" HPOS="1863" VPOS="1529" WIDTH="10"/>
							<String ID="P1_ST00450" HPOS="1873" VPOS="1508" WIDTH="35" HEIGHT="22" CONTENT="the" WC="0.91" CC="112"/>
							<SP ID="P1_SP00353" HPOS="1908" VPOS="1530" WIDTH="9"/>
							<String ID="P1_ST00451" HPOS="1917" VPOS="1509" WIDTH="150" HEIGHT="24" CONTENT="Christchnroh" WC="0.94" CC="011111111111"/>
							<SP ID="P1_SP00354" HPOS="2067" VPOS="1533" WIDTH="9"/>
							<String ID="P1_ST00452" HPOS="2076" VPOS="1513" WIDTH="174" HEIGHT="23" CONTENT="Establishment:" WC="0.90" CC="11110114211121"/>
						</TextLine>
						<TextLine ID="P1_TL00087" HPOS="1884" VPOS="1562" WIDTH="441" HEIGHT="50">
							<String ID="P1_ST00453" HPOS="1884" VPOS="1562" WIDTH="57" HEIGHT="41" CONTENT="M," WC="0.87" CC="03" STYLEREFS="TXT_12"/>
							<SP ID="P1_SP00355" HPOS="1941" VPOS="1603" WIDTH="43"/>
							<String ID="P1_ST00454" HPOS="1984" VPOS="1563" WIDTH="341" HEIGHT="49" CONTENT="SANDSTEIN," WC="0.98" CC="0111000001" STYLEREFS="TXT_12"/>
						</TextLine>
						<TextLine ID="P1_TL00088" HPOS="1985" VPOS="1614" WIDTH="238" HEIGHT="27">
							<String ID="P1_ST00455" HPOS="1985" VPOS="1614" WIDTH="109" HEIGHT="21" CONTENT="OASHEL" WC="0.94" CC="111110"/>
							<SP ID="P1_SP00356" HPOS="2094" VPOS="1635" WIDTH="13"/>
							<String ID="P1_ST00456" HPOS="2107" VPOS="1615" WIDTH="116" HEIGHT="26" CONTENT="STEEET," WC="0.93" CC="1111111"/>
						</TextLine>
						<TextLine ID="P1_TL00089" HPOS="1929" VPOS="1648" WIDTH="350" HEIGHT="32">
							<String ID="P1_ST00457" HPOS="1929" VPOS="1648" WIDTH="350" HEIGHT="32" CONTENT="CHRISTCHUBCH." WC="0.94" CC="0120101103111" STYLEREFS="TXT_4"/>
						</TextLine>
					</TextBlock>
				</ComposedBlock>
				<ComposedBlock ID="P1_CB00004" HPOS="1243" VPOS="654" WIDTH="555" HEIGHT="2978" TYPE="Advertisement">
					<TextBlock ID="P1_TB00008" HPOS="1243" VPOS="654" WIDTH="555" HEIGHT="2978" STYLEREFS="TXT_7 PAR_LEFT">
						<TextLine ID="P1_TL00090" HPOS="1265" VPOS="685" WIDTH="528" HEIGHT="66">
							<String ID="P1_ST00458" HPOS="1265" VPOS="685" WIDTH="179" HEIGHT="61" CONTENT="£&lt;)HN" WC="0.74" CC="90112" STYLEREFS="TXT_13"/>
							<SP ID="P1_SP00357" HPOS="1444" VPOS="746" WIDTH="65"/>
							<String ID="P1_ST00459" HPOS="1509" VPOS="699" WIDTH="284" HEIGHT="52" CONTENT="INGRAM," WC="0.65" CC="0933136" STYLEREFS="TXT_13"/>
						</TextLine>
						<TextLine ID="P1_TL00091" HPOS="1264" VPOS="785" WIDTH="531" HEIGHT="30">
							<String ID="P1_ST00460" HPOS="1264" VPOS="787" WIDTH="60" HEIGHT="21" CONTENT="HAS" WC="0.97" CC="100"/>
							<SP ID="P1_SP00358" HPOS="1324" VPOS="808" WIDTH="13"/>
							<String ID="P1_ST00461" HPOS="1337" VPOS="785" WIDTH="55" HEIGHT="23" CONTENT="FOR" WC="0.68" CC="721"/>
							<SP ID="P1_SP00359" HPOS="1392" VPOS="808" WIDTH="14"/>
							<String ID="P1_ST00462" HPOS="1406" VPOS="787" WIDTH="69" HEIGHT="21" CONTENT="SALE" WC="0.96" CC="1011"/>
							<SP ID="P1_SP00360" HPOS="1475" VPOS="808" WIDTH="17"/>
							<String ID="P1_ST00463" HPOS="1492" VPOS="787" WIDTH="37" HEIGHT="21" CONTENT="BY" WC="0.93" CC="02"/>
							<SP ID="P1_SP00361" HPOS="1529" VPOS="808" WIDTH="15"/>
							<String ID="P1_ST00464" HPOS="1544" VPOS="787" WIDTH="121" HEIGHT="21" CONTENT="PRIVATE" WC="0.79" CC="1911101"/>
							<SP ID="P1_SP00362" HPOS="1665" VPOS="808" WIDTH="13"/>
							<String ID="P1_ST00465" HPOS="1678" VPOS="786" WIDTH="117" HEIGHT="29" CONTENT="TREATY^" WC="0.85" CC="0010009"/>
						</TextLine>
						<TextLine ID="P1_TL00092" HPOS="1372" VPOS="931" WIDTH="320" HEIGHT="22">
							<String ID="P1_ST00466" HPOS="1372" VPOS="931" WIDTH="32" HEIGHT="21" CONTENT="On" WC="0.96" CC="01"/>
							<SP ID="P1_SP00363" HPOS="1404" VPOS="952" WIDTH="11"/>
							<String ID="P1_ST00467" HPOS="1415" VPOS="933" WIDTH="90" HEIGHT="20" CONTENT="accourt" WC="0.94" CC="2011101"/>
							<SP ID="P1_SP00364" HPOS="1505" VPOS="953" WIDTH="8"/>
							<String ID="P1_ST00468" HPOS="1513" VPOS="933" WIDTH="23" HEIGHT="19" CONTENT="of" WC="0.94" CC="10"/>
							<SP ID="P1_SP00365" HPOS="1536" VPOS="953" WIDTH="9"/>
							<String ID="P1_ST00469" HPOS="1545" VPOS="933" WIDTH="34" HEIGHT="19" CONTENT="Mr" WC="0.93" CC="11"/>
							<SP ID="P1_SP00366" HPOS="1579" VPOS="953" WIDTH="9"/>
							<String ID="P1_ST00470" HPOS="1588" VPOS="932" WIDTH="104" HEIGHT="20" CONTENT="Johnson." WC="0.94" CC="10112111"/>
						</TextLine>
						<TextLine ID="P1_TL00093" HPOS="1268" VPOS="992" WIDTH="525" HEIGHT="29">
							<String ID="P1_ST00471" HPOS="1268" VPOS="992" WIDTH="59" HEIGHT="26" CONTENT="Shop" WC="0.93" CC="1003"/>
							<SP ID="P1_SP00367" HPOS="1327" VPOS="1018" WIDTH="5"/>
							<String ID="P1_ST00472" HPOS="1332" VPOS="994" WIDTH="42" HEIGHT="19" CONTENT="and" WC="0.93" CC="110"/>
							<SP ID="P1_SP00368" HPOS="1374" VPOS="1018" WIDTH="15"/>
							<String ID="P1_ST00473" HPOS="1389" VPOS="994" WIDTH="102" HEIGHT="27" CONTENT="dwelling," WC="0.85" CC="000042700"/>
							<SP ID="P1_SP00369" HPOS="1491" VPOS="1021" WIDTH="10"/>
							<String ID="P1_ST00474" HPOS="1501" VPOS="996" WIDTH="97" HEIGHT="23" CONTENT="fronting" WC="0.82" CC="21011009"/>
							<SP ID="P1_SP00370" HPOS="1598" VPOS="1021" WIDTH="9"/>
							<String ID="P1_ST00475" HPOS="1607" VPOS="996" WIDTH="38" HEIGHT="20" CONTENT="the" WC="0.99" CC="001"/>
							<SP ID="P1_SP00371" HPOS="1645" VPOS="1021" WIDTH="9"/>
							<String ID="P1_ST00476" HPOS="1654" VPOS="993" WIDTH="59" HEIGHT="22" CONTENT="Main" WC="0.94" CC="1111"/>
							<SP ID="P1_SP00372" HPOS="1713" VPOS="1021" WIDTH="13"/>
							<String ID="P1_ST00477" HPOS="1726" VPOS="992" WIDTH="67" HEIGHT="24" CONTENT="Road," WC="0.94" CC="10101"/>
						</TextLine>
						<TextLine ID="P1_TL00094" HPOS="1243" VPOS="1018" WIDTH="552" HEIGHT="26">
							<String ID="P1_ST00478" HPOS="1243" VPOS="1037" WIDTH="1" HEIGHT="2" CONTENT="." WC="0.93" CC="1"/>
							<SP ID="P1_SP00373" HPOS="1244" VPOS="1039" WIDTH="26"/>
							<String ID="P1_ST00479" HPOS="1270" VPOS="1018" WIDTH="94" HEIGHT="26" CONTENT="opposite" WC="0.82" CC="01911111"/>
							<SP ID="P1_SP00374" HPOS="1364" VPOS="1044" WIDTH="9"/>
							<String ID="P1_ST00480" HPOS="1373" VPOS="1021" WIDTH="92" HEIGHT="21" CONTENT="Pearson" WC="0.83" CC="0110900"/>
							<SP ID="P1_SP00375" HPOS="1465" VPOS="1044" WIDTH="20"/>
							<String ID="P1_ST00481" HPOS="1485" VPOS="1022" WIDTH="58" HEIGHT="20" CONTENT="Park" WC="0.95" CC="1110"/>
							<SP ID="P1_SP00376" HPOS="1543" VPOS="1044" WIDTH="22"/>
							<String ID="P1_ST00482" HPOS="1565" VPOS="1028" WIDTH="28" HEIGHT="15" CONTENT="on" WC="0.98" CC="01"/>
							<SP ID="P1_SP00377" HPOS="1593" VPOS="1044" WIDTH="18"/>
							<String ID="P1_ST00483" HPOS="1611" VPOS="1021" WIDTH="47" HEIGHT="21" CONTENT="half" WC="0.98" CC="1010"/>
							<SP ID="P1_SP00378" HPOS="1658" VPOS="1044" WIDTH="8"/>
							<String ID="P1_ST00484" HPOS="1666" VPOS="1027" WIDTH="28" HEIGHT="14" CONTENT="an" WC="0.96" CC="11"/>
							<SP ID="P1_SP00379" HPOS="1694" VPOS="1044" WIDTH="18"/>
							<String ID="P1_ST00485" HPOS="1712" VPOS="1020" WIDTH="52" HEIGHT="21" CONTENT="Acre" WC="0.82" CC="0106"/>
							<SP ID="P1_SP00380" HPOS="1764" VPOS="1044" WIDTH="9"/>
							<String ID="P1_ST00486" HPOS="1773" VPOS="1019" WIDTH="22" HEIGHT="20" CONTENT="of" WC="0.98" CC="10"/>
						</TextLine>
						<TextLine ID="P1_TL00095" HPOS="1267" VPOS="1046" WIDTH="58" HEIGHT="19">
							<String ID="P1_ST00487" HPOS="1267" VPOS="1046" WIDTH="58" HEIGHT="19" CONTENT="land." WC="0.95" CC="12010"/>
						</TextLine>
						<TextLine ID="P1_TL00096" HPOS="1270" VPOS="1167" WIDTH="527" HEIGHT="31">
							<String ID="P1_ST00488" HPOS="1270" VPOS="1167" WIDTH="55" HEIGHT="22" CONTENT="That" WC="0.95" CC="0201"/>
							<SP ID="P1_SP00381" HPOS="1325" VPOS="1189" WIDTH="18"/>
							<String ID="P1_ST00489" HPOS="1343" VPOS="1169" WIDTH="130" HEIGHT="21" CONTENT="two-storied" WC="0.83" CC="39031010101"/>
							<SP ID="P1_SP00382" HPOS="1473" VPOS="1190" WIDTH="18"/>
							<String ID="P1_ST00490" HPOS="1491" VPOS="1171" WIDTH="100" HEIGHT="27" CONTENT="Building" WC="0.93" CC="10001004"/>
							<SP ID="P1_SP00383" HPOS="1591" VPOS="1198" WIDTH="17"/>
							<String ID="P1_ST00491" HPOS="1608" VPOS="1178" WIDTH="28" HEIGHT="15" CONTENT="on" WC="0.98" CC="01"/>
							<SP ID="P1_SP00384" HPOS="1636" VPOS="1198" WIDTH="18"/>
							<String ID="P1_ST00492" HPOS="1654" VPOS="1172" WIDTH="37" HEIGHT="22" CONTENT="the" WC="0.97" CC="011"/>
							<SP ID="P1_SP00385" HPOS="1691" VPOS="1198" WIDTH="15"/>
							<String ID="P1_ST00493" HPOS="1706" VPOS="1171" WIDTH="91" HEIGHT="21" CONTENT="Terrace'" WC="0.95" CC="11101012"/>
						</TextLine>
						<TextLine ID="P1_TL00097" HPOS="1270" VPOS="1196" WIDTH="237" HEIGHT="24">
							<String ID="P1_ST00494" HPOS="1270" VPOS="1196" WIDTH="95" HEIGHT="24" CONTENT="opposite" WC="0.96" CC="11001110"/>
							<SP ID="P1_SP00386" HPOS="1365" VPOS="1220" WIDTH="11"/>
							<String ID="P1_ST00495" HPOS="1376" VPOS="1196" WIDTH="43" HEIGHT="21" CONTENT="Mrs" WC="0.96" CC="011"/>
							<SP ID="P1_SP00387" HPOS="1419" VPOS="1220" WIDTH="9"/>
							<String ID="P1_ST00496" HPOS="1428" VPOS="1197" WIDTH="79" HEIGHT="21" CONTENT="Leurs'." WC="0.95" CC="0120111"/>
						</TextLine>
						<TextLine ID="P1_TL00098" HPOS="1364" VPOS="1259" WIDTH="340" HEIGHT="24">
							<String ID="P1_ST00497" HPOS="1364" VPOS="1259" WIDTH="33" HEIGHT="20" CONTENT="On" WC="1.00" CC="00"/>
							<SP ID="P1_SP00388" HPOS="1397" VPOS="1279" WIDTH="9"/>
							<String ID="P1_ST00498" HPOS="1406" VPOS="1262" WIDTH="89" HEIGHT="19" CONTENT="account" WC="0.98" CC="0110100"/>
							<SP ID="P1_SP00389" HPOS="1495" VPOS="1281" WIDTH="9"/>
							<String ID="P1_ST00499" HPOS="1504" VPOS="1261" WIDTH="22" HEIGHT="20" CONTENT="of" WC="0.96" CC="11"/>
							<SP ID="P1_SP00390" HPOS="1526" VPOS="1281" WIDTH="10"/>
							<String ID="P1_ST00500" HPOS="1536" VPOS="1262" WIDTH="34" HEIGHT="20" CONTENT="Mr" WC="0.98" CC="10"/>
							<SP ID="P1_SP00391" HPOS="1570" VPOS="1282" WIDTH="15"/>
							<String ID="P1_ST00501" HPOS="1585" VPOS="1262" WIDTH="29" HEIGHT="21" CONTENT="H." WC="0.96" CC="11"/>
							<SP ID="P1_SP00392" HPOS="1614" VPOS="1283" WIDTH="10"/>
							<String ID="P1_ST00502" HPOS="1624" VPOS="1262" WIDTH="80" HEIGHT="21" CONTENT="Heabn." WC="0.77" CC="133250"/>
						</TextLine>
						<TextLine ID="P1_TL00099" HPOS="1270" VPOS="1303" WIDTH="527" HEIGHT="33">
							<String ID="P1_ST00503" HPOS="1270" VPOS="1303" WIDTH="39" HEIGHT="20" CONTENT="His" WC="0.96" CC="001"/>
							<SP ID="P1_SP00393" HPOS="1309" VPOS="1323" WIDTH="9"/>
							<String ID="P1_ST00504" HPOS="1318" VPOS="1310" WIDTH="50" HEIGHT="21" CONTENT="very" WC="1.00" CC="0000"/>
							<SP ID="P1_SP00394" HPOS="1368" VPOS="1331" WIDTH="15"/>
							<String ID="P1_ST00505" HPOS="1383" VPOS="1304" WIDTH="98" HEIGHT="28" CONTENT="compact" WC="0.78" CC="1020039"/>
							<SP ID="P1_SP00395" HPOS="1481" VPOS="1332" WIDTH="27"/>
							<String ID="P1_ST00506" HPOS="1508" VPOS="1309" WIDTH="55" HEIGHT="21" CONTENT="little" WC="0.94" CC="110011"/>
							<SP ID="P1_SP00396" HPOS="1563" VPOS="1332" WIDTH="9"/>
							<String ID="P1_ST00507" HPOS="1572" VPOS="1309" WIDTH="100" HEIGHT="27" CONTENT="Property" WC="0.99" CC="01000010"/>
							<SP ID="P1_SP00397" HPOS="1672" VPOS="1336" WIDTH="17"/>
							<String ID="P1_ST00508" HPOS="1689" VPOS="1309" WIDTH="23" HEIGHT="19" CONTENT="m" WC="0.98" CC="1"/>
							<SP ID="P1_SP00398" HPOS="1712" VPOS="1336" WIDTH="19"/>
							<String ID="P1_ST00509" HPOS="1731" VPOS="1307" WIDTH="66" HEIGHT="25" CONTENT="Queen" WC="1.00" CC="00000"/>
						</TextLine>
						<TextLine ID="P1_TL00100" HPOS="1270" VPOS="1330" WIDTH="527" HEIGHT="31">
							<String ID="P1_ST00510" HPOS="1270" VPOS="1330" WIDTH="72" HEIGHT="22" CONTENT="Street," WC="0.95" CC="2100011"/>
							<SP ID="P1_SP00399" HPOS="1342" VPOS="1352" WIDTH="10"/>
							<String ID="P1_ST00511" HPOS="1352" VPOS="1333" WIDTH="123" HEIGHT="26" CONTENT="containing" WC="0.95" CC="1111100021"/>
							<SP ID="P1_SP00400" HPOS="1475" VPOS="1359" WIDTH="8"/>
							<String ID="P1_ST00512" HPOS="1483" VPOS="1335" WIDTH="64" HEIGHT="20" CONTENT="about" WC="0.95" CC="11001"/>
							<SP ID="P1_SP00401" HPOS="1547" VPOS="1359" WIDTH="9"/>
							<String ID="P1_ST00513" HPOS="1556" VPOS="1336" WIDTH="27" HEIGHT="25" CONTENT="4J" WC="0.42" CC="29"/>
							<SP ID="P1_SP00402" HPOS="1583" VPOS="1361" WIDTH="8"/>
							<String ID="P1_ST00514" HPOS="1591" VPOS="1336" WIDTH="62" HEIGHT="19" CONTENT="Acres" WC="0.98" CC="00001"/>
							<SP ID="P1_SP00403" HPOS="1653" VPOS="1361" WIDTH="9"/>
							<String ID="P1_ST00515" HPOS="1662" VPOS="1335" WIDTH="23" HEIGHT="19" CONTENT="of" WC="0.96" CC="01"/>
							<SP ID="P1_SP00404" HPOS="1685" VPOS="1361" WIDTH="5"/>
							<String ID="P1_ST00516" HPOS="1690" VPOS="1334" WIDTH="45" HEIGHT="20" CONTENT="rich" WC="0.99" CC="0010"/>
							<SP ID="P1_SP00405" HPOS="1735" VPOS="1361" WIDTH="7"/>
							<String ID="P1_ST00517" HPOS="1742" VPOS="1333" WIDTH="55" HEIGHT="23" CONTENT="land," WC="0.97" CC="11000"/>
						</TextLine>
						<TextLine ID="P1_TL00101" HPOS="1271" VPOS="1356" WIDTH="526" HEIGHT="30">
							<String ID="P1_ST00518" HPOS="1271" VPOS="1356" WIDTH="122" HEIGHT="22" CONTENT="subdivided" WC="0.92" CC="1111120102"/>
							<SP ID="P1_SP00406" HPOS="1393" VPOS="1378" WIDTH="10"/>
							<String ID="P1_ST00519" HPOS="1403" VPOS="1359" WIDTH="47" HEIGHT="21" CONTENT="into" WC="0.91" CC="1301"/>
							<SP ID="P1_SP00407" HPOS="1450" VPOS="1380" WIDTH="9"/>
							<String ID="P1_ST00520" HPOS="1459" VPOS="1361" WIDTH="77" HEIGHT="20" CONTENT="several" WC="0.95" CC="1101011"/>
							<SP ID="P1_SP00408" HPOS="1536" VPOS="1381" WIDTH="10"/>
							<String ID="P1_ST00521" HPOS="1546" VPOS="1361" WIDTH="63" HEIGHT="20" CONTENT="small" WC="0.93" CC="12101"/>
							<SP ID="P1_SP00409" HPOS="1609" VPOS="1381" WIDTH="9"/>
							<String ID="P1_ST00522" HPOS="1618" VPOS="1360" WIDTH="111" HEIGHT="26" CONTENT="paddocks," WC="0.97" CC="010000011"/>
							<SP ID="P1_SP00410" HPOS="1729" VPOS="1386" WIDTH="18"/>
							<String ID="P1_ST00523" HPOS="1747" VPOS="1359" WIDTH="50" HEIGHT="20" CONTENT="with" WC="1.00" CC="0000"/>
						</TextLine>
						<TextLine ID="P1_TL00102" HPOS="1270" VPOS="1382" WIDTH="527" HEIGHT="29">
							<String ID="P1_ST00524" HPOS="1270" VPOS="1382" WIDTH="52" HEIGHT="22" CONTENT="gooS" WC="0.76" CC="1008"/>
							<SP ID="P1_SP00411" HPOS="1322" VPOS="1404" WIDTH="20"/>
							<String ID="P1_ST00525" HPOS="1342" VPOS="1383" WIDTH="71" HEIGHT="21" CONTENT="House" WC="0.93" CC="10021"/>
							<SP ID="P1_SP00412" HPOS="1413" VPOS="1404" WIDTH="18"/>
							<String ID="P1_ST00526" HPOS="1431" VPOS="1386" WIDTH="93" HEIGHT="25" CONTENT="thereon;" WC="0.94" CC="11001111"/>
							<SP ID="P1_SP00413" HPOS="1524" VPOS="1411" WIDTH="17"/>
							<String ID="P1_ST00527" HPOS="1541" VPOS="1387" WIDTH="59" HEIGHT="21" CONTENT="brick" WC="0.98" CC="00100"/>
							<SP ID="P1_SP00414" HPOS="1600" VPOS="1411" WIDTH="16"/>
							<String ID="P1_ST00528" HPOS="1616" VPOS="1387" WIDTH="54" HEIGHT="20" CONTENT="well." WC="0.93" CC="11111"/>
							<SP ID="P1_SP00415" HPOS="1670" VPOS="1411" WIDTH="23"/>
							<String ID="P1_ST00529" HPOS="1693" VPOS="1386" WIDTH="51" HEIGHT="20" CONTENT="Cost" WC="0.98" CC="0010"/>
							<SP ID="P1_SP00416" HPOS="1744" VPOS="1411" WIDTH="18"/>
							<String ID="P1_ST00530" HPOS="1762" VPOS="1385" WIDTH="35" HEIGHT="21" CONTENT="the" WC="0.94" CC="111"/>
						</TextLine>
						<TextLine ID="P1_TL00103" HPOS="1269" VPOS="1410" WIDTH="528" HEIGHT="28">
							<String ID="P1_ST00531" HPOS="1269" VPOS="1413" WIDTH="69" HEIGHT="15" CONTENT="owner" WC="0.90" CC="11311"/>
							<SP ID="P1_SP00417" HPOS="1338" VPOS="1428" WIDTH="9"/>
							<String ID="P1_ST00532" HPOS="1347" VPOS="1410" WIDTH="61" HEIGHT="21" CONTENT="£250." WC="0.84" CC="31410"/>
							<SP ID="P1_SP00418" HPOS="1408" VPOS="1431" WIDTH="28"/>
							<String ID="P1_ST00533" HPOS="1436" VPOS="1412" WIDTH="49" HEIGHT="21" CONTENT="Will" WC="0.98" CC="0101"/>
							<SP ID="P1_SP00419" HPOS="1485" VPOS="1433" WIDTH="11"/>
							<String ID="P1_ST00534" HPOS="1496" VPOS="1413" WIDTH="24" HEIGHT="20" CONTENT="be" WC="1.00" CC="00"/>
							<SP ID="P1_SP00420" HPOS="1520" VPOS="1433" WIDTH="9"/>
							<String ID="P1_ST00535" HPOS="1529" VPOS="1414" WIDTH="45" HEIGHT="20" CONTENT="sold" WC="0.97" CC="1100"/>
							<SP ID="P1_SP00421" HPOS="1574" VPOS="1434" WIDTH="10"/>
							<String ID="P1_ST00536" HPOS="1584" VPOS="1415" WIDTH="22" HEIGHT="19" CONTENT="at" WC="0.96" CC="11"/>
							<SP ID="P1_SP00422" HPOS="1606" VPOS="1434" WIDTH="10"/>
							<String ID="P1_ST00537" HPOS="1616" VPOS="1420" WIDTH="13" HEIGHT="14" CONTENT="a" WC="0.96" CC="1"/>
							<SP ID="P1_SP00423" HPOS="1629" VPOS="1434" WIDTH="9"/>
							<String ID="P1_ST00538" HPOS="1638" VPOS="1418" WIDTH="48" HEIGHT="20" CONTENT="very" WC="0.92" CC="2111"/>
							<SP ID="P1_SP00424" HPOS="1686" VPOS="1438" WIDTH="10"/>
							<String ID="P1_ST00539" HPOS="1696" VPOS="1412" WIDTH="101" HEIGHT="20" CONTENT="consider-" WC="0.95" CC="001301011"/>
						</TextLine>
						<TextLine ID="P1_TL00104" HPOS="1268" VPOS="1433" WIDTH="346" HEIGHT="32">
							<String ID="P1_ST00540" HPOS="1268" VPOS="1433" WIDTH="45" HEIGHT="22" CONTENT="able" WC="0.87" CC="1041"/>
							<SP ID="P1_SP00425" HPOS="1313" VPOS="1455" WIDTH="8"/>
							<String ID="P1_ST00541" HPOS="1321" VPOS="1436" WIDTH="108" HEIGHT="22" CONTENT="reduction" WC="0.95" CC="001111101"/>
							<SP ID="P1_SP00426" HPOS="1429" VPOS="1458" WIDTH="9"/>
							<String ID="P1_ST00542" HPOS="1438" VPOS="1445" WIDTH="27" HEIGHT="13" CONTENT="on" WC="1.00" CC="00"/>
							<SP ID="P1_SP00427" HPOS="1465" VPOS="1458" WIDTH="10"/>
							<String ID="P1_ST00543" HPOS="1475" VPOS="1439" WIDTH="70" HEIGHT="21" CONTENT="above" WC="0.95" CC="20010"/>
							<SP ID="P1_SP00428" HPOS="1545" VPOS="1460" WIDTH="8"/>
							<String ID="P1_ST00544" HPOS="1553" VPOS="1441" WIDTH="61" HEIGHT="24" CONTENT="price." WC="0.98" CC="100010"/>
						</TextLine>
						<TextLine ID="P1_TL00105" HPOS="1366" VPOS="1551" WIDTH="344" HEIGHT="30">
							<String ID="P1_ST00545" HPOS="1366" VPOS="1551" WIDTH="32" HEIGHT="19" CONTENT="On" WC="0.74" CC="05"/>
							<SP ID="P1_SP00429" HPOS="1398" VPOS="1570" WIDTH="11"/>
							<String ID="P1_ST00546" HPOS="1409" VPOS="1554" WIDTH="90" HEIGHT="21" CONTENT="account" WC="0.97" CC="0101101"/>
							<SP ID="P1_SP00430" HPOS="1499" VPOS="1575" WIDTH="10"/>
							<String ID="P1_ST00547" HPOS="1509" VPOS="1554" WIDTH="22" HEIGHT="21" CONTENT="of" WC="0.94" CC="01"/>
							<SP ID="P1_SP00431" HPOS="1531" VPOS="1575" WIDTH="9"/>
							<String ID="P1_ST00548" HPOS="1540" VPOS="1554" WIDTH="36" HEIGHT="22" CONTENT="the" WC="0.96" CC="110"/>
							<SP ID="P1_SP00432" HPOS="1576" VPOS="1576" WIDTH="8"/>
							<String ID="P1_ST00549" HPOS="1584" VPOS="1555" WIDTH="126" HEIGHT="26" CONTENT="Mortgagee." WC="0.95" CC="1011010111"/>
						</TextLine>
						<TextLine ID="P1_TL00106" HPOS="1299" VPOS="1594" WIDTH="498" HEIGHT="32">
							<String ID="P1_ST00550" HPOS="1299" VPOS="1594" WIDTH="45" HEIGHT="22" CONTENT="The" WC="0.94" CC="111"/>
							<SP ID="P1_SP00433" HPOS="1344" VPOS="1616" WIDTH="8"/>
							<String ID="P1_ST00551" HPOS="1352" VPOS="1596" WIDTH="62" HEIGHT="21" CONTENT="Farm" WC="0.76" CC="3610"/>
							<SP ID="P1_SP00434" HPOS="1414" VPOS="1617" WIDTH="11"/>
							<String ID="P1_ST00552" HPOS="1425" VPOS="1598" WIDTH="63" HEIGHT="26" CONTENT="lately" WC="0.81" CC="111153"/>
							<SP ID="P1_SP00435" HPOS="1488" VPOS="1624" WIDTH="13"/>
							<String ID="P1_ST00553" HPOS="1501" VPOS="1601" WIDTH="22" HEIGHT="19" CONTENT="m" WC="1.00" CC="0"/>
							<SP ID="P1_SP00436" HPOS="1523" VPOS="1624" WIDTH="17"/>
							<String ID="P1_ST00554" HPOS="1540" VPOS="1599" WIDTH="35" HEIGHT="21" CONTENT="ftie" WC="0.77" CC="4411"/>
							<SP ID="P1_SP00437" HPOS="1575" VPOS="1624" WIDTH="14"/>
							<String ID="P1_ST00555" HPOS="1589" VPOS="1602" WIDTH="123" HEIGHT="24" CONTENT="occupation" WC="0.89" CC="2211011211"/>
							<SP ID="P1_SP00438" HPOS="1712" VPOS="1626" WIDTH="16"/>
							<String ID="P1_ST00556" HPOS="1728" VPOS="1602" WIDTH="22" HEIGHT="19" CONTENT="of" WC="0.91" CC="12"/>
							<SP ID="P1_SP00439" HPOS="1750" VPOS="1626" WIDTH="15"/>
							<String ID="P1_ST00557" HPOS="1765" VPOS="1601" WIDTH="32" HEIGHT="19" CONTENT="Mr" WC="0.94" CC="11"/>
						</TextLine>
						<TextLine ID="P1_TL00107" HPOS="1273" VPOS="1620" WIDTH="524" HEIGHT="32">
							<String ID="P1_ST00558" HPOS="1273" VPOS="1620" WIDTH="64" HEIGHT="24" CONTENT="Swell," WC="0.87" CC="132001"/>
							<SP ID="P1_SP00440" HPOS="1337" VPOS="1644" WIDTH="18"/>
							<String ID="P1_ST00559" HPOS="1355" VPOS="1622" WIDTH="58" HEIGHT="21" CONTENT="three" WC="0.94" CC="02110"/>
							<SP ID="P1_SP00441" HPOS="1413" VPOS="1644" WIDTH="17"/>
							<String ID="P1_ST00560" HPOS="1430" VPOS="1625" WIDTH="59" HEIGHT="20" CONTENT="miles" WC="0.95" CC="10011"/>
							<SP ID="P1_SP00442" HPOS="1489" VPOS="1645" WIDTH="16"/>
							<String ID="P1_ST00561" HPOS="1505" VPOS="1627" WIDTH="53" HEIGHT="21" CONTENT="from" WC="0.87" CC="1213"/>
							<SP ID="P1_SP00443" HPOS="1558" VPOS="1648" WIDTH="18"/>
							<String ID="P1_ST00562" HPOS="1576" VPOS="1627" WIDTH="57" HEIGHT="20" CONTENT="West" WC="0.94" CC="0111"/>
							<SP ID="P1_SP00444" HPOS="1633" VPOS="1648" WIDTH="15"/>
							<String ID="P1_ST00563" HPOS="1648" VPOS="1627" WIDTH="85" HEIGHT="25" CONTENT="Oxford," WC="0.90" CC="1311101"/>
							<SP ID="P1_SP00445" HPOS="1733" VPOS="1652" WIDTH="17"/>
							<String ID="P1_ST00564" HPOS="1750" VPOS="1633" WIDTH="47" HEIGHT="13" CONTENT="con-" WC="0.96" CC="1110"/>
						</TextLine>
						<TextLine ID="P1_TL00108" HPOS="1273" VPOS="1647" WIDTH="524" HEIGHT="28">
							<String ID="P1_ST00565" HPOS="1273" VPOS="1647" WIDTH="82" HEIGHT="25" CONTENT="taining" WC="0.95" CC="1101002"/>
							<SP ID="P1_SP00446" HPOS="1355" VPOS="1672" WIDTH="16"/>
							<String ID="P1_ST00566" HPOS="1371" VPOS="1650" WIDTH="39" HEIGHT="20" CONTENT="335" WC="0.94" CC="011"/>
							<SP ID="P1_SP00447" HPOS="1410" VPOS="1672" WIDTH="15"/>
							<String ID="P1_ST00567" HPOS="1425" VPOS="1657" WIDTH="64" HEIGHT="15" CONTENT="acies." WC="0.88" CC="112311"/>
							<SP ID="P1_SP00448" HPOS="1489" VPOS="1672" WIDTH="40"/>
							<String ID="P1_ST00568" HPOS="1529" VPOS="1653" WIDTH="52" HEIGHT="21" CONTENT="Well" WC="0.93" CC="1210"/>
							<SP ID="P1_SP00449" HPOS="1581" VPOS="1674" WIDTH="14"/>
							<String ID="P1_ST00569" HPOS="1595" VPOS="1654" WIDTH="88" HEIGHT="21" CONTENT="watered" WC="0.98" CC="0010011"/>
							<SP ID="P1_SP00450" HPOS="1683" VPOS="1675" WIDTH="15"/>
							<String ID="P1_ST00570" HPOS="1698" VPOS="1653" WIDTH="43" HEIGHT="21" CONTENT="and" WC="0.96" CC="111"/>
							<SP ID="P1_SP00451" HPOS="1741" VPOS="1675" WIDTH="9"/>
							<String ID="P1_ST00571" HPOS="1750" VPOS="1653" WIDTH="47" HEIGHT="21" CONTENT="sub-" WC="0.92" CC="3100"/>
						</TextLine>
						<TextLine ID="P1_TL00109" HPOS="1273" VPOS="1674" WIDTH="89" HEIGHT="21">
							<String ID="P1_ST00572" HPOS="1273" VPOS="1674" WIDTH="89" HEIGHT="21" CONTENT="divided." WC="0.96" CC="10001100"/>
						</TextLine>
						<TextLine ID="P1_TL00110" HPOS="1388" VPOS="1799" WIDTH="364" HEIGHT="35">
							<String ID="P1_ST00573" HPOS="1388" VPOS="1799" WIDTH="328" HEIGHT="35" CONTENT="Ofcaijßonnteefa^B^fflffif?:" WC="0.60" CC="155222112222347949555555493"/>
							<SP ID="P1_SP00452" HPOS="1716" VPOS="1834" WIDTH="16"/>
							<String ID="P1_ST00574" HPOS="1732" VPOS="1817" WIDTH="20" HEIGHT="7" CONTENT="" WC="0.13" CC="7"/>
						</TextLine>
						<TextLine ID="P1_TL00111" HPOS="1265" VPOS="1836" WIDTH="532" HEIGHT="36">
							<String ID="P1_ST00575" HPOS="1265" VPOS="1836" WIDTH="48" HEIGHT="26" CONTENT="116." WC="0.93" CC="1210"/>
							<SP ID="P1_SP00453" HPOS="1313" VPOS="1862" WIDTH="12"/>
							<String ID="P1_ST00576" HPOS="1325" VPOS="1838" WIDTH="63" HEIGHT="23" CONTENT="Acres" WC="0.93" CC="10111"/>
							<SP ID="P1_SP00454" HPOS="1388" VPOS="1862" WIDTH="17"/>
							<String ID="P1_ST00577" HPOS="1405" VPOS="1841" WIDTH="23" HEIGHT="21" CONTENT="of" WC="0.96" CC="01"/>
							<SP ID="P1_SP00455" HPOS="1428" VPOS="1862" WIDTH="17"/>
							<String ID="P1_ST00578" HPOS="1445" VPOS="1842" WIDTH="58" HEIGHT="24" CONTENT="land," WC="0.92" CC="11112"/>
							<SP ID="P1_SP00456" HPOS="1503" VPOS="1866" WIDTH="17"/>
							<String ID="P1_ST00579" HPOS="1520" VPOS="1844" WIDTH="117" HEIGHT="28" CONTENT="adjoining" WC="0.94" CC="003001020"/>
							<SP ID="P1_SP00457" HPOS="1637" VPOS="1872" WIDTH="12"/>
							<String ID="P1_ST00580" HPOS="1649" VPOS="1843" WIDTH="38" HEIGHT="22" CONTENT="Mr" WC="0.72" CC="51"/>
							<SP ID="P1_SP00458" HPOS="1687" VPOS="1872" WIDTH="14"/>
							<String ID="P1_ST00581" HPOS="1701" VPOS="1845" WIDTH="96" HEIGHT="21" CONTENT="Duder's" WC="0.89" CC="3111111"/>
						</TextLine>
						<TextLine ID="P1_TL00112" HPOS="1268" VPOS="1865" WIDTH="529" HEIGHT="31">
							<String ID="P1_ST00582" HPOS="1268" VPOS="1865" WIDTH="60" HEIGHT="25" CONTENT="land," WC="0.93" CC="01212"/>
							<SP ID="P1_SP00459" HPOS="1328" VPOS="1890" WIDTH="11"/>
							<String ID="P1_ST00583" HPOS="1339" VPOS="1867" WIDTH="23" HEIGHT="19" CONTENT="at" WC="0.96" CC="10"/>
							<SP ID="P1_SP00460" HPOS="1362" VPOS="1890" WIDTH="9"/>
							<String ID="P1_ST00584" HPOS="1371" VPOS="1867" WIDTH="56" HEIGHT="21" CONTENT="View" WC="0.97" CC="0100"/>
							<SP ID="P1_SP00461" HPOS="1427" VPOS="1890" WIDTH="10"/>
							<String ID="P1_ST00585" HPOS="1437" VPOS="1869" WIDTH="52" HEIGHT="23" CONTENT="Hill," WC="0.77" CC="10109"/>
							<SP ID="P1_SP00462" HPOS="1489" VPOS="1892" WIDTH="7"/>
							<String ID="P1_ST00586" HPOS="1496" VPOS="1871" WIDTH="94" HEIGHT="25" CONTENT="fronting" WC="0.89" CC="11001034"/>
							<SP ID="P1_SP00463" HPOS="1590" VPOS="1896" WIDTH="3"/>
							<String ID="P1_ST00587" HPOS="1593" VPOS="1872" WIDTH="59" HEIGHT="20" CONTENT="Four" WC="0.98" CC="0011"/>
							<SP ID="P1_SP00464" HPOS="1652" VPOS="1896" WIDTH="3"/>
							<String ID="P1_ST00588" HPOS="1655" VPOS="1872" WIDTH="68" HEIGHT="20" CONTENT="Chain" WC="0.97" CC="00111"/>
							<SP ID="P1_SP00465" HPOS="1723" VPOS="1896" WIDTH="7"/>
							<String ID="P1_ST00589" HPOS="1730" VPOS="1872" WIDTH="67" HEIGHT="21" CONTENT="RoadY" WC="0.94" CC="10003"/>
						</TextLine>
						<TextLine ID="P1_TL00113" HPOS="1266" VPOS="1891" WIDTH="527" HEIGHT="34">
							<String ID="P1_ST00590" HPOS="1266" VPOS="1891" WIDTH="72" HEIGHT="22" CONTENT="Water" WC="0.95" CC="11110"/>
							<SP ID="P1_SP00466" HPOS="1338" VPOS="1913" WIDTH="8"/>
							<String ID="P1_ST00591" HPOS="1346" VPOS="1898" WIDTH="47" HEIGHT="16" CONTENT="race" WC="0.94" CC="1101"/>
							<SP ID="P1_SP00467" HPOS="1393" VPOS="1914" WIDTH="9"/>
							<String ID="P1_ST00592" HPOS="1402" VPOS="1895" WIDTH="93" HEIGHT="26" CONTENT="running" WC="0.97" CC="1001001"/>
							<SP ID="P1_SP00468" HPOS="1495" VPOS="1921" WIDTH="9"/>
							<String ID="P1_ST00593" HPOS="1504" VPOS="1897" WIDTH="108" HEIGHT="26" CONTENT="alongside" WC="0.94" CC="000111112"/>
							<SP ID="P1_SP00469" HPOS="1612" VPOS="1923" WIDTH="5"/>
							<String ID="P1_ST00594" HPOS="1617" VPOS="1898" WIDTH="23" HEIGHT="20" CONTENT="of" WC="0.98" CC="01"/>
							<SP ID="P1_SP00470" HPOS="1640" VPOS="1923" WIDTH="9"/>
							<String ID="P1_ST00595" HPOS="1649" VPOS="1898" WIDTH="35" HEIGHT="21" CONTENT="the" WC="0.96" CC="001"/>
							<SP ID="P1_SP00471" HPOS="1684" VPOS="1923" WIDTH="9"/>
							<String ID="P1_ST00596" HPOS="1693" VPOS="1898" WIDTH="100" HEIGHT="27" CONTENT="Property" WC="0.94" CC="10011111"/>
						</TextLine>
						<TextLine ID="P1_TL00114" HPOS="1383" VPOS="2087" WIDTH="287" HEIGHT="29">
							<String ID="P1_ST00597" HPOS="1383" VPOS="2087" WIDTH="33" HEIGHT="22" CONTENT="On" WC="1.00" CC="00"/>
							<SP ID="P1_SP00472" HPOS="1416" VPOS="2109" WIDTH="9"/>
							<String ID="P1_ST00598" HPOS="1425" VPOS="2091" WIDTH="90" HEIGHT="20" CONTENT="account" WC="0.87" CC="0110611"/>
							<SP ID="P1_SP00473" HPOS="1515" VPOS="2111" WIDTH="11"/>
							<String ID="P1_ST00599" HPOS="1526" VPOS="2091" WIDTH="23" HEIGHT="20" CONTENT="of" WC="0.96" CC="11"/>
							<SP ID="P1_SP00474" HPOS="1549" VPOS="2111" WIDTH="8"/>
							<String ID="P1_ST00600" HPOS="1557" VPOS="2092" WIDTH="35" HEIGHT="20" CONTENT="Mr" WC="0.93" CC="11"/>
							<SP ID="P1_SP00475" HPOS="1592" VPOS="2112" WIDTH="8"/>
							<String ID="P1_ST00601" HPOS="1600" VPOS="2092" WIDTH="70" HEIGHT="24" CONTENT="Ktatfl." WC="0.83" CC="2521221"/>
						</TextLine>
						<TextLine ID="P1_TL00115" HPOS="1263" VPOS="2120" WIDTH="433" HEIGHT="32">
							<String ID="P1_ST00602" HPOS="1263" VPOS="2120" WIDTH="66" HEIGHT="28" CONTENT="Forty" WC="0.94" CC="11011"/>
							<SP ID="P1_SP00476" HPOS="1329" VPOS="2148" WIDTH="9"/>
							<String ID="P1_ST00603" HPOS="1338" VPOS="2123" WIDTH="62" HEIGHT="21" CONTENT="Acres" WC="0.91" CC="11111"/>
							<SP ID="P1_SP00477" HPOS="1400" VPOS="2148" WIDTH="9"/>
							<String ID="P1_ST00604" HPOS="1409" VPOS="2125" WIDTH="58" HEIGHT="21" CONTENT="Bush" WC="0.88" CC="0222"/>
							<SP ID="P1_SP00478" HPOS="1467" VPOS="2148" WIDTH="9"/>
							<String ID="P1_ST00605" HPOS="1476" VPOS="2126" WIDTH="56" HEIGHT="26" CONTENT="land," WC="0.89" CC="11112"/>
							<SP ID="P1_SP00479" HPOS="1532" VPOS="2152" WIDTH="11"/>
							<String ID="P1_ST00606" HPOS="1543" VPOS="2127" WIDTH="61" HEIGHT="24" CONTENT="West" WC="0.89" CC="2121"/>
							<SP ID="P1_SP00480" HPOS="1604" VPOS="2152" WIDTH="8"/>
							<String ID="P1_ST00607" HPOS="1612" VPOS="2129" WIDTH="84" HEIGHT="23" CONTENT="Oxford." WC="0.90" CC="1400110"/>
						</TextLine>
						<TextLine ID="P1_TL00116" HPOS="1350" VPOS="2195" WIDTH="355" HEIGHT="29">
							<String ID="P1_ST00608" HPOS="1350" VPOS="2195" WIDTH="55" HEIGHT="22" CONTENT="FOR" WC="0.99" CC="100"/>
							<SP ID="P1_SP00481" HPOS="1405" VPOS="2217" WIDTH="14"/>
							<String ID="P1_ST00609" HPOS="1419" VPOS="2197" WIDTH="98" HEIGHT="22" CONTENT="SALE.—" WC="0.97" CC="001111"/>
							<String ID="P1_ST00610" HPOS="1518" VPOS="2199" WIDTH="77" HEIGHT="21" CONTENT="VEEY" WC="0.91" CC="1030"/>
							<SP ID="P1_SP00482" HPOS="1595" VPOS="2220" WIDTH="9"/>
							<String ID="P1_ST00611" HPOS="1604" VPOS="2201" WIDTH="101" HEIGHT="23" CONTENT="CHEAP." WC="0.98" CC="000011"/>
						</TextLine>
						<TextLine ID="P1_TL00117" HPOS="1290" VPOS="2222" WIDTH="493" HEIGHT="29">
							<String ID="P1_ST00612" HPOS="1290" VPOS="2222" WIDTH="41" HEIGHT="19" CONTENT="200" WC="0.94" CC="101"/>
							<SP ID="P1_SP00483" HPOS="1331" VPOS="2241" WIDTH="8"/>
							<String ID="P1_ST00613" HPOS="1339" VPOS="2222" WIDTH="62" HEIGHT="21" CONTENT="Acres" WC="0.91" CC="01103"/>
							<SP ID="P1_SP00484" HPOS="1401" VPOS="2243" WIDTH="8"/>
							<String ID="P1_ST00614" HPOS="1409" VPOS="2224" WIDTH="22" HEIGHT="19" CONTENT="of" WC="0.94" CC="01"/>
							<SP ID="P1_SP00485" HPOS="1431" VPOS="2243" WIDTH="9"/>
							<String ID="P1_ST00615" HPOS="1440" VPOS="2226" WIDTH="70" HEIGHT="24" CONTENT="partly" WC="0.94" CC="111101"/>
							<SP ID="P1_SP00486" HPOS="1510" VPOS="2250" WIDTH="8"/>
							<String ID="P1_ST00616" HPOS="1518" VPOS="2227" WIDTH="82" HEIGHT="20" CONTENT="worked" WC="0.97" CC="101101"/>
							<SP ID="P1_SP00487" HPOS="1600" VPOS="2250" WIDTH="9"/>
							<String ID="P1_ST00617" HPOS="1609" VPOS="2229" WIDTH="38" HEIGHT="19" CONTENT="out" WC="0.99" CC="010"/>
							<SP ID="P1_SP00488" HPOS="1647" VPOS="2250" WIDTH="7"/>
							<String ID="P1_ST00618" HPOS="1654" VPOS="2228" WIDTH="60" HEIGHT="22" CONTENT="Bush" WC="0.92" CC="0211"/>
							<SP ID="P1_SP00489" HPOS="1714" VPOS="2250" WIDTH="8"/>
							<String ID="P1_ST00619" HPOS="1722" VPOS="2229" WIDTH="61" HEIGHT="22" CONTENT="Land" WC="0.93" CC="1111"/>
						</TextLine>
						<TextLine ID="P1_TL00118" HPOS="1262" VPOS="2248" WIDTH="531" HEIGHT="33">
							<String ID="P1_ST00620" HPOS="1262" VPOS="2253" WIDTH="15" HEIGHT="14" CONTENT="a" WC="1.00" CC="0"/>
							<SP ID="P1_SP00490" HPOS="1277" VPOS="2267" WIDTH="22"/>
							<String ID="P1_ST00621" HPOS="1299" VPOS="2248" WIDTH="58" HEIGHT="25" CONTENT="large" WC="0.93" CC="01111"/>
							<SP ID="P1_SP00491" HPOS="1357" VPOS="2273" WIDTH="18"/>
							<String ID="P1_ST00622" HPOS="1375" VPOS="2251" WIDTH="48" HEIGHT="24" CONTENT="part" WC="0.95" CC="1110"/>
							<SP ID="P1_SP00492" HPOS="1423" VPOS="2275" WIDTH="22"/>
							<String ID="P1_ST00623" HPOS="1445" VPOS="2250" WIDTH="25" HEIGHT="21" CONTENT="of" WC="0.89" CC="02"/>
							<SP ID="P1_SP00493" HPOS="1470" VPOS="2275" WIDTH="24"/>
							<String ID="P1_ST00624" HPOS="1494" VPOS="2251" WIDTH="19" HEIGHT="21" CONTENT="it" WC="0.94" CC="11"/>
							<SP ID="P1_SP00494" HPOS="1513" VPOS="2275" WIDTH="21"/>
							<String ID="P1_ST00625" HPOS="1534" VPOS="2252" WIDTH="45" HEIGHT="22" CONTENT="laid" WC="0.93" CC="2011"/>
							<SP ID="P1_SP00495" HPOS="1579" VPOS="2275" WIDTH="21"/>
							<String ID="P1_ST00626" HPOS="1600" VPOS="2253" WIDTH="61" HEIGHT="22" CONTENT="down" WC="0.88" CC="1112"/>
							<SP ID="P1_SP00496" HPOS="1661" VPOS="2275" WIDTH="32"/>
							<String ID="P1_ST00627" HPOS="1693" VPOS="2257" WIDTH="26" HEIGHT="20" CONTENT="to" WC="0.91" CC="12"/>
							<SP ID="P1_SP00497" HPOS="1719" VPOS="2277" WIDTH="8"/>
							<String ID="P1_ST00628" HPOS="1727" VPOS="2262" WIDTH="66" HEIGHT="19" CONTENT="grass," WC="0.94" CC="101111"/>
						</TextLine>
						<TextLine ID="P1_TL00119" HPOS="1262" VPOS="2274" WIDTH="305" HEIGHT="32">
							<String ID="P1_ST00629" HPOS="1262" VPOS="2280" WIDTH="60" HEIGHT="15" CONTENT="rnce" WC="0.89" CC="3200"/>
							<SP ID="P1_SP00498" HPOS="1322" VPOS="2295" WIDTH="7"/>
							<String ID="P1_ST00630" HPOS="1329" VPOS="2274" WIDTH="46" HEIGHT="26" CONTENT="low," WC="0.96" CC="0011"/>
							<SP ID="P1_SP00499" HPOS="1375" VPOS="2300" WIDTH="8"/>
							<String ID="P1_ST00631" HPOS="1383" VPOS="2277" WIDTH="47" HEIGHT="22" CONTENT="and" WC="0.90" CC="121"/>
							<SP ID="P1_SP00500" HPOS="1430" VPOS="2300" WIDTH="8"/>
							<String ID="P1_ST00632" HPOS="1438" VPOS="2278" WIDTH="65" HEIGHT="21" CONTENT="terms" WC="0.94" CC="11111"/>
							<SP ID="P1_SP00501" HPOS="1503" VPOS="2300" WIDTH="9"/>
							<String ID="P1_ST00633" HPOS="1512" VPOS="2285" WIDTH="55" HEIGHT="21" CONTENT="easy." WC="0.95" CC="10110"/>
						</TextLine>
						<TextLine ID="P1_TL00120" HPOS="1484" VPOS="2432" WIDTH="142" HEIGHT="21">
							<String ID="P1_ST00634" HPOS="1484" VPOS="2432" WIDTH="55" HEIGHT="21" CONTENT="Also" WC="0.91" CC="1220"/>
							<String ID="P1_ST00635" HPOS="1539" VPOS="2445" WIDTH="28" HEIGHT="3" CONTENT="—" WC="1.00" CC="0"/>
							<SP ID="P1_SP00502" HPOS="1567" VPOS="2453" WIDTH="55"/>
							<String ID="P1_ST00636" HPOS="1622" VPOS="2440" WIDTH="4" HEIGHT="3" CONTENT="•" WC="0.96" CC="1"/>
						</TextLine>
						<TextLine ID="P1_TL00121" HPOS="1681" VPOS="2467" WIDTH="116" HEIGHT="63">
							<String ID="P1_ST00637" HPOS="1681" VPOS="2467" WIDTH="37" HEIGHT="13" CONTENT='■"-' WC="0.89" CC="121" STYLEREFS="TXT_14"/>
							<SP ID="P1_SP00503" HPOS="1718" VPOS="2480" WIDTH="48"/>
							<String ID="P1_ST00638" HPOS="1766" VPOS="2467" WIDTH="31" HEIGHT="63" CONTENT="J" WC="0.93" CC="1" STYLEREFS="TXT_14"/>
						</TextLine>
						<TextLine ID="P1_TL00122" HPOS="1343" VPOS="2514" WIDTH="455" HEIGHT="44">
							<String ID="P1_ST00639" HPOS="1343" VPOS="2521" WIDTH="33" HEIGHT="21" CONTENT="On" WC="1.00" CC="00"/>
							<SP ID="P1_SP00504" HPOS="1376" VPOS="2542" WIDTH="10"/>
							<String ID="P1_ST00640" HPOS="1386" VPOS="2524" WIDTH="89" HEIGHT="20" CONTENT="account" WC="0.97" CC="1000011"/>
							<SP ID="P1_SP00505" HPOS="1475" VPOS="2544" WIDTH="9"/>
							<String ID="P1_ST00641" HPOS="1484" VPOS="2524" WIDTH="23" HEIGHT="20" CONTENT="of" WC="0.94" CC="01"/>
							<SP ID="P1_SP00506" HPOS="1507" VPOS="2544" WIDTH="8"/>
							<String ID="P1_ST00642" HPOS="1515" VPOS="2525" WIDTH="35" HEIGHT="20" CONTENT="Mr" WC="0.94" CC="11"/>
							<SP ID="P1_SP00507" HPOS="1550" VPOS="2545" WIDTH="7"/>
							<String ID="P1_ST00643" HPOS="1557" VPOS="2525" WIDTH="58" HEIGHT="21" CONTENT="John" WC="0.95" CC="0012"/>
							<SP ID="P1_SP00508" HPOS="1615" VPOS="2546" WIDTH="8"/>
							<String ID="P1_ST00644" HPOS="1623" VPOS="2526" WIDTH="90" HEIGHT="23" CONTENT="Fishbb." WC="0.92" CC="1111111"/>
							<SP ID="P1_SP00509" HPOS="1713" VPOS="2549" WIDTH="46"/>
							<String ID="P1_ST00645" HPOS="1759" VPOS="2514" WIDTH="30" HEIGHT="34" CONTENT="M" WC="0.74" CC="3" STYLEREFS="TXT_11"/>
							<String ID="P1_ST00646" HPOS="1796" VPOS="2520" WIDTH="2" HEIGHT="38" CONTENT="j" WC="0.96" CC="1"/>
						</TextLine>
						<TextLine ID="P1_TL00123" HPOS="1263" VPOS="2546" WIDTH="535" HEIGHT="45">
							<String ID="P1_ST00647" HPOS="1263" VPOS="2555" WIDTH="43" HEIGHT="21" CONTENT="His" WC="0.91" CC="111"/>
							<SP ID="P1_SP00510" HPOS="1306" VPOS="2576" WIDTH="9"/>
							<String ID="P1_ST00648" HPOS="1315" VPOS="2557" WIDTH="96" HEIGHT="22" CONTENT="valuable" WC="0.96" CC="11111010"/>
							<SP ID="P1_SP00511" HPOS="1411" VPOS="2579" WIDTH="7"/>
							<String ID="P1_ST00649" HPOS="1418" VPOS="2559" WIDTH="67" HEIGHT="21" CONTENT="Stone" WC="0.84" CC="61011"/>
							<SP ID="P1_SP00512" HPOS="1485" VPOS="2580" WIDTH="9"/>
							<String ID="P1_ST00650" HPOS="1494" VPOS="2560" WIDTH="82" HEIGHT="27" CONTENT="Quarry" WC="0.97" CC="000110"/>
							<SP ID="P1_SP00513" HPOS="1576" VPOS="2587" WIDTH="9"/>
							<String ID="P1_ST00651" HPOS="1585" VPOS="2563" WIDTH="23" HEIGHT="19" CONTENT="at" WC="0.96" CC="11"/>
							<SP ID="P1_SP00514" HPOS="1608" VPOS="2587" WIDTH="8"/>
							<String ID="P1_ST00652" HPOS="1616" VPOS="2563" WIDTH="57" HEIGHT="20" CONTENT="View" WC="0.99" CC="0100"/>
							<SP ID="P1_SP00515" HPOS="1673" VPOS="2587" WIDTH="9"/>
							<String ID="P1_ST00653" HPOS="1682" VPOS="2564" WIDTH="52" HEIGHT="23" CONTENT="Hill," WC="0.96" CC="10010"/>
							<SP ID="P1_SP00516" HPOS="1734" VPOS="2587" WIDTH="10"/>
							<String ID="P1_ST00654" HPOS="1744" VPOS="2546" WIDTH="45" HEIGHT="45" CONTENT="cftf" WC="0.42" CC="1299"/>
							<SP ID="P1_SP00517" HPOS="1789" VPOS="2591" WIDTH="7"/>
							<String ID="P1_ST00655" HPOS="1796" VPOS="2561" WIDTH="2" HEIGHT="23" CONTENT="\" WC="0.89" CC="1" STYLEREFS="TXT_11"/>
						</TextLine>
						<TextLine ID="P1_TL00124" HPOS="1263" VPOS="2582" WIDTH="526" HEIGHT="35">
							<String ID="P1_ST00656" HPOS="1263" VPOS="2584" WIDTH="86" HEIGHT="25" CONTENT="taining" WC="0.92" CC="1111111"/>
							<SP ID="P1_SP00518" HPOS="1349" VPOS="2609" WIDTH="10"/>
							<String ID="P1_ST00657" HPOS="1359" VPOS="2584" WIDTH="36" HEIGHT="20" CONTENT="the" WC="0.96" CC="110"/>
							<SP ID="P1_SP00519" HPOS="1395" VPOS="2609" WIDTH="9"/>
							<String ID="P1_ST00658" HPOS="1404" VPOS="2584" WIDTH="45" HEIGHT="21" CONTENT="best" WC="0.80" CC="1161"/>
							<SP ID="P1_SP00520" HPOS="1449" VPOS="2609" WIDTH="10"/>
							<String ID="P1_ST00659" HPOS="1459" VPOS="2586" WIDTH="94" HEIGHT="25" CONTENT="building" WC="0.96" CC="01110001"/>
							<SP ID="P1_SP00521" HPOS="1553" VPOS="2611" WIDTH="9"/>
							<String ID="P1_ST00660" HPOS="1562" VPOS="2588" WIDTH="60" HEIGHT="20" CONTENT="stone" WC="0.98" CC="10000"/>
							<SP ID="P1_SP00522" HPOS="1622" VPOS="2611" WIDTH="8"/>
							<String ID="P1_ST00661" HPOS="1630" VPOS="2589" WIDTH="23" HEIGHT="19" CONTENT="m" WC="0.98" CC="1"/>
							<SP ID="P1_SP00523" HPOS="1653" VPOS="2611" WIDTH="10"/>
							<String ID="P1_ST00662" HPOS="1663" VPOS="2582" WIDTH="126" HEIGHT="35" CONTENT="OantertffiS|" WC="0.80" CC="111111933322"/>
						</TextLine>
						<TextLine ID="P1_TL00125" HPOS="1264" VPOS="2609" WIDTH="533" HEIGHT="31">
							<String ID="P1_ST00663" HPOS="1264" VPOS="2609" WIDTH="51" HEIGHT="20" CONTENT="with" WC="0.96" CC="0111"/>
							<SP ID="P1_SP00524" HPOS="1315" VPOS="2629" WIDTH="10"/>
							<String ID="P1_ST00664" HPOS="1325" VPOS="2611" WIDTH="26" HEIGHT="19" CONTENT="20" WC="0.94" CC="10"/>
							<SP ID="P1_SP00525" HPOS="1351" VPOS="2630" WIDTH="10"/>
							<String ID="P1_ST00665" HPOS="1361" VPOS="2610" WIDTH="62" HEIGHT="21" CONTENT="Acres" WC="0.96" CC="11001"/>
							<SP ID="P1_SP00526" HPOS="1423" VPOS="2631" WIDTH="10"/>
							<String ID="P1_ST00666" HPOS="1433" VPOS="2612" WIDTH="21" HEIGHT="19" CONTENT="of" WC="0.89" CC="12"/>
							<SP ID="P1_SP00527" HPOS="1454" VPOS="2631" WIDTH="9"/>
							<String ID="P1_ST00667" HPOS="1463" VPOS="2612" WIDTH="61" HEIGHT="21" CONTENT="Land" WC="0.99" CC="0100"/>
							<SP ID="P1_SP00528" HPOS="1524" VPOS="2633" WIDTH="9"/>
							<String ID="P1_ST00668" HPOS="1533" VPOS="2619" WIDTH="28" HEIGHT="15" CONTENT="on" WC="0.93" CC="02"/>
							<SP ID="P1_SP00529" HPOS="1561" VPOS="2634" WIDTH="18"/>
							<String ID="P1_ST00669" HPOS="1579" VPOS="2615" WIDTH="68" HEIGHT="21" CONTENT="whioh" WC="0.95" CC="11111"/>
							<SP ID="P1_SP00530" HPOS="1647" VPOS="2636" WIDTH="20"/>
							<String ID="P1_ST00670" HPOS="1667" VPOS="2616" WIDTH="57" HEIGHT="22" CONTENT="there" WC="0.96" CC="10101"/>
							<SP ID="P1_SP00531" HPOS="1724" VPOS="2638" WIDTH="18"/>
							<String ID="P1_ST00671" HPOS="1742" VPOS="2619" WIDTH="55" HEIGHT="21" CONTENT="isaf" WC="0.79" CC="1233"/>
						</TextLine>
						<TextLine ID="P1_TL00126" HPOS="1264" VPOS="2636" WIDTH="227" HEIGHT="23">
							<String ID="P1_ST00672" HPOS="1264" VPOS="2641" WIDTH="58" HEIGHT="14" CONTENT="seam" WC="0.87" CC="1113"/>
							<SP ID="P1_SP00532" HPOS="1322" VPOS="2655" WIDTH="12"/>
							<String ID="P1_ST00673" HPOS="1334" VPOS="2637" WIDTH="21" HEIGHT="19" CONTENT="of" WC="0.91" CC="11"/>
							<SP ID="P1_SP00533" HPOS="1355" VPOS="2656" WIDTH="9"/>
							<String ID="P1_ST00674" HPOS="1364" VPOS="2636" WIDTH="127" HEIGHT="23" CONTENT="Limestone." WC="0.96" CC="0001100210"/>
						</TextLine>
						<TextLine ID="P1_TL00127" HPOS="1330" VPOS="2883" WIDTH="396" HEIGHT="32">
							<String ID="P1_ST00675" HPOS="1330" VPOS="2883" WIDTH="33" HEIGHT="20" CONTENT="On" WC="1.00" CC="00"/>
							<SP ID="P1_SP00534" HPOS="1363" VPOS="2903" WIDTH="11"/>
							<String ID="P1_ST00676" HPOS="1374" VPOS="2887" WIDTH="87" HEIGHT="19" CONTENT="account" WC="0.97" CC="1010101"/>
							<SP ID="P1_SP00535" HPOS="1461" VPOS="2906" WIDTH="17"/>
							<String ID="P1_ST00677" HPOS="1478" VPOS="2887" WIDTH="22" HEIGHT="20" CONTENT="of" WC="0.94" CC="01"/>
							<SP ID="P1_SP00536" HPOS="1500" VPOS="2907" WIDTH="14"/>
							<String ID="P1_ST00678" HPOS="1514" VPOS="2888" WIDTH="80" HEIGHT="27" CONTENT="Joseph" WC="0.97" CC="001101"/>
							<SP ID="P1_SP00537" HPOS="1594" VPOS="2915" WIDTH="17"/>
							<String ID="P1_ST00679" HPOS="1611" VPOS="2891" WIDTH="115" HEIGHT="23" CONTENT="Powvalke." WC="0.95" CC="002010110"/>
						</TextLine>
						<TextLine ID="P1_TL00128" HPOS="1290" VPOS="2918" WIDTH="504" HEIGHT="36">
							<String ID="P1_ST00680" HPOS="1290" VPOS="2918" WIDTH="68" HEIGHT="28" CONTENT="Eight" WC="0.94" CC="11011"/>
							<SP ID="P1_SP00538" HPOS="1358" VPOS="2946" WIDTH="9"/>
							<String ID="P1_ST00681" HPOS="1367" VPOS="2926" WIDTH="58" HEIGHT="15" CONTENT="acres" WC="0.96" CC="01101"/>
							<SP ID="P1_SP00539" HPOS="1425" VPOS="2946" WIDTH="10"/>
							<String ID="P1_ST00682" HPOS="1435" VPOS="2922" WIDTH="21" HEIGHT="20" CONTENT="of" WC="0.94" CC="01"/>
							<SP ID="P1_SP00540" HPOS="1456" VPOS="2946" WIDTH="9"/>
							<String ID="P1_ST00683" HPOS="1465" VPOS="2922" WIDTH="59" HEIGHT="25" CONTENT="land," WC="0.97" CC="01100"/>
							<SP ID="P1_SP00541" HPOS="1524" VPOS="2947" WIDTH="10"/>
							<String ID="P1_ST00684" HPOS="1534" VPOS="2925" WIDTH="51" HEIGHT="21" CONTENT="with" WC="0.98" CC="0110"/>
							<SP ID="P1_SP00542" HPOS="1585" VPOS="2947" WIDTH="20"/>
							<String ID="P1_ST00685" HPOS="1605" VPOS="2928" WIDTH="54" HEIGHT="24" CONTENT="good" WC="1.00" CC="0000"/>
							<SP ID="P1_SP00543" HPOS="1659" VPOS="2952" WIDTH="20"/>
							<String ID="P1_ST00686" HPOS="1679" VPOS="2931" WIDTH="12" HEIGHT="18" CONTENT="3" WC="0.96" CC="1"/>
							<SP ID="P1_SP00544" HPOS="1691" VPOS="2952" WIDTH="18"/>
							<String ID="P1_ST00687" HPOS="1709" VPOS="2934" WIDTH="85" HEIGHT="20" CONTENT="roomed" WC="0.99" CC="010100"/>
						</TextLine>
						<TextLine ID="P1_TL00129" HPOS="1264" VPOS="2949" WIDTH="531" HEIGHT="37">
							<String ID="P1_ST00688" HPOS="1264" VPOS="2949" WIDTH="96" HEIGHT="27" CONTENT="dwelling" WC="0.94" CC="11011101"/>
							<SP ID="P1_SP00545" HPOS="1360" VPOS="2976" WIDTH="19"/>
							<String ID="P1_ST00689" HPOS="1379" VPOS="2952" WIDTH="92" HEIGHT="26" CONTENT="thereon," WC="0.97" CC="10011110"/>
							<SP ID="P1_SP00546" HPOS="1471" VPOS="2978" WIDTH="16"/>
							<String ID="P1_ST00690" HPOS="1487" VPOS="2955" WIDTH="45" HEIGHT="21" CONTENT="nice" WC="0.95" CC="0111"/>
							<SP ID="P1_SP00547" HPOS="1532" VPOS="2978" WIDTH="25"/>
							<String ID="P1_ST00691" HPOS="1557" VPOS="2959" WIDTH="86" HEIGHT="25" CONTENT="garden," WC="0.97" CC="0101011"/>
							<SP ID="P1_SP00548" HPOS="1643" VPOS="2984" WIDTH="22"/>
							<String ID="P1_ST00692" HPOS="1665" VPOS="2965" WIDTH="130" HEIGHT="21" CONTENT="surrounded" WC="0.98" CC="1000011100"/>
						</TextLine>
						<TextLine ID="P1_TL00130" HPOS="1263" VPOS="2981" WIDTH="407" HEIGHT="34">
							<String ID="P1_ST00693" HPOS="1263" VPOS="2981" WIDTH="52" HEIGHT="20" CONTENT="with" WC="0.95" CC="0111"/>
							<SP ID="P1_SP00549" HPOS="1315" VPOS="3001" WIDTH="7"/>
							<String ID="P1_ST00694" HPOS="1322" VPOS="2982" WIDTH="25" HEIGHT="19" CONTENT="fir" WC="1.00" CC="000"/>
							<SP ID="P1_SP00550" HPOS="1347" VPOS="3001" WIDTH="11"/>
							<String ID="P1_ST00695" HPOS="1358" VPOS="2984" WIDTH="61" HEIGHT="19" CONTENT="trees." WC="0.94" CC="111010"/>
							<SP ID="P1_SP00551" HPOS="1419" VPOS="3003" WIDTH="54"/>
							<String ID="P1_ST00696" HPOS="1473" VPOS="2985" WIDTH="60" HEIGHT="22" CONTENT="Price" WC="0.96" CC="11101"/>
							<SP ID="P1_SP00552" HPOS="1533" VPOS="3007" WIDTH="12"/>
							<String ID="P1_ST00697" HPOS="1545" VPOS="2989" WIDTH="50" HEIGHT="26" CONTENT="only" WC="0.94" CC="1111"/>
							<SP ID="P1_SP00553" HPOS="1595" VPOS="3015" WIDTH="14"/>
							<String ID="P1_ST00698" HPOS="1609" VPOS="2991" WIDTH="61" HEIGHT="24" CONTENT="£100." WC="0.98" CC="10100"/>
						</TextLine>
						<TextLine ID="P1_TL00131" HPOS="1474" VPOS="3176" WIDTH="112" HEIGHT="26">
							<String ID="P1_ST00699" HPOS="1474" VPOS="3176" WIDTH="36" HEIGHT="22" CONTENT="TO" WC="0.96" CC="10"/>
							<SP ID="P1_SP00554" HPOS="1510" VPOS="3198" WIDTH="12"/>
							<String ID="P1_ST00700" HPOS="1522" VPOS="3178" WIDTH="64" HEIGHT="24" CONTENT="LET." WC="0.97" CC="0101"/>
						</TextLine>
						<TextLine ID="P1_TL00132" HPOS="1423" VPOS="3211" WIDTH="214" HEIGHT="29">
							<String ID="P1_ST00701" HPOS="1423" VPOS="3211" WIDTH="27" HEIGHT="20" CONTENT="In" WC="0.96" CC="01"/>
							<SP ID="P1_SP00555" HPOS="1450" VPOS="3231" WIDTH="16"/>
							<String ID="P1_ST00702" HPOS="1466" VPOS="3213" WIDTH="82" HEIGHT="22" CONTENT="Horn's" WC="0.88" CC="101142"/>
							<SP ID="P1_SP00556" HPOS="1548" VPOS="3235" WIDTH="9"/>
							<String ID="P1_ST00703" HPOS="1557" VPOS="3217" WIDTH="80" HEIGHT="23" CONTENT="Estate." WC="0.92" CC="2111121"/>
						</TextLine>
						<TextLine ID="P1_TL00133" HPOS="1265" VPOS="3242" WIDTH="443" HEIGHT="38">
							<String ID="P1_ST00704" HPOS="1265" VPOS="3242" WIDTH="61" HEIGHT="22" CONTENT="Good" WC="0.90" CC="3111"/>
							<SP ID="P1_SP00557" HPOS="1326" VPOS="3264" WIDTH="9"/>
							<String ID="P1_ST00705" HPOS="1335" VPOS="3245" WIDTH="97" HEIGHT="28" CONTENT="dwelling" WC="0.95" CC="20110010"/>
							<SP ID="P1_SP00558" HPOS="1432" VPOS="3273" WIDTH="8"/>
							<String ID="P1_ST00706" HPOS="1440" VPOS="3249" WIDTH="51" HEIGHT="21" CONTENT="with" WC="0.93" CC="1011"/>
							<SP ID="P1_SP00559" HPOS="1491" VPOS="3273" WIDTH="10"/>
							<String ID="P1_ST00707" HPOS="1501" VPOS="3250" WIDTH="44" HEIGHT="22" CONTENT="Ten" WC="0.97" CC="010"/>
							<SP ID="P1_SP00560" HPOS="1545" VPOS="3273" WIDTH="8"/>
							<String ID="P1_ST00708" HPOS="1553" VPOS="3259" WIDTH="58" HEIGHT="16" CONTENT="acres" WC="0.95" CC="01111"/>
							<SP ID="P1_SP00561" HPOS="1611" VPOS="3275" WIDTH="10"/>
							<String ID="P1_ST00709" HPOS="1621" VPOS="3257" WIDTH="23" HEIGHT="20" CONTENT="of" WC="0.98" CC="01"/>
							<SP ID="P1_SP00562" HPOS="1644" VPOS="3277" WIDTH="8"/>
							<String ID="P1_ST00710" HPOS="1652" VPOS="3257" WIDTH="56" HEIGHT="23" CONTENT="land." WC="0.90" CC="12111"/>
						</TextLine>
						<TextLine ID="P1_TL00134" HPOS="1267" VPOS="3337" WIDTH="525" HEIGHT="52">
							<String ID="P1_ST00711" HPOS="1267" VPOS="3337" WIDTH="191" HEIGHT="39" CONTENT="JOHIST" WC="0.84" CC="304111" STYLEREFS="TXT_15"/>
							<SP ID="P1_SP00563" HPOS="1458" VPOS="3376" WIDTH="29"/>
							<String ID="P1_ST00712" HPOS="1487" VPOS="3345" WIDTH="305" HEIGHT="44" CONTENT="INGRAM" WC="0.83" CC="022322" STYLEREFS="TXT_15"/>
						</TextLine>
						<TextLine ID="P1_TL00135" HPOS="1412" VPOS="3411" WIDTH="235" HEIGHT="39">
							<String ID="P1_ST00713" HPOS="1412" VPOS="3411" WIDTH="235" HEIGHT="39" CONTENT="AUCTIOIjrEEB," WC="0.87" CC="1210005500021" STYLEREFS="TXT_4"/>
						</TextLine>
						<TextLine ID="P1_TL00136" HPOS="1345" VPOS="3496" WIDTH="368" HEIGHT="51">
							<String ID="P1_ST00714" HPOS="1345" VPOS="3496" WIDTH="212" HEIGHT="39" CONTENT="OXFO" WC="0.07" CC="9500" STYLEREFS="TXT_16"/>
							<SP ID="P1_SP00564" HPOS="1557" VPOS="3535" WIDTH="36"/>
							<String ID="P1_ST00715" HPOS="1593" VPOS="3505" WIDTH="28" HEIGHT="31" CONTENT="R" WC="1.00" CC="0" STYLEREFS="TXT_16"/>
							<SP ID="P1_SP00565" HPOS="1621" VPOS="3536" WIDTH="35"/>
							<String ID="P1_ST00716" HPOS="1656" VPOS="3508" WIDTH="29" HEIGHT="39" CONTENT="p" WC="1.00" CC="0" STYLEREFS="TXT_16"/>
							<SP ID="P1_SP00566" HPOS="1685" VPOS="3547" WIDTH="20"/>
							<String ID="P1_ST00717" HPOS="1705" VPOS="3530" WIDTH="8" HEIGHT="9" CONTENT="." WC="0.89" CC="1" STYLEREFS="TXT_16"/>
						</TextLine>
					</TextBlock>
				</ComposedBlock>
				<ComposedBlock ID="P1_CB00005" HPOS="673" VPOS="3469" WIDTH="522" HEIGHT="168" TYPE="Advertisement">
					<TextBlock ID="P1_TB00009" HPOS="673" VPOS="3469" WIDTH="522" HEIGHT="168" STYLEREFS="TXT_1 PAR_LEFT">
						<TextLine ID="P1_TL00137" HPOS="695" VPOS="3486" WIDTH="488" HEIGHT="57">
							<String ID="P1_ST00718" HPOS="695" VPOS="3486" WIDTH="48" HEIGHT="37" CONTENT="G." WC="0.91" CC="21" STYLEREFS="TXT_12"/>
							<SP ID="P1_SP00567" HPOS="743" VPOS="3523" WIDTH="28"/>
							<String ID="P1_ST00719" HPOS="771" VPOS="3487" WIDTH="46" HEIGHT="37" CONTENT="E." WC="0.94" CC="01" STYLEREFS="TXT_12"/>
							<SP ID="P1_SP00568" HPOS="817" VPOS="3524" WIDTH="31"/>
							<String ID="P1_ST00720" HPOS="848" VPOS="3489" WIDTH="335" HEIGHT="54" CONTENT="WEYLANDT," WC="0.87" CC="011100127" STYLEREFS="TXT_12"/>
						</TextLine>
						<TextLine ID="P1_TL00138" HPOS="804" VPOS="3549" WIDTH="267" HEIGHT="34">
							<String ID="P1_ST00721" HPOS="804" VPOS="3549" WIDTH="108" HEIGHT="29" CONTENT="FAMILY" WC="0.81" CC="223131"/>
							<SP ID="P1_SP00569" HPOS="912" VPOS="3578" WIDTH="16"/>
							<String ID="P1_ST00722" HPOS="928" VPOS="3552" WIDTH="143" HEIGHT="31" CONTENT="BUTCHER." WC="0.93" CC="11011111"/>
						</TextLine>
						<TextLine ID="P1_TL00139" HPOS="715" VPOS="3583" WIDTH="440" HEIGHT="50">
							<String ID="P1_ST00723" HPOS="715" VPOS="3583" WIDTH="154" HEIGHT="40" CONTENT="EAST" WC="0.71" CC="8211" STYLEREFS="TXT_17"/>
							<SP ID="P1_SP00570" HPOS="869" VPOS="3623" WIDTH="29"/>
							<String ID="P1_ST00724" HPOS="898" VPOS="3589" WIDTH="257" HEIGHT="44" CONTENT="OXFORD," WC="0.79" CC="2010742" STYLEREFS="TXT_17"/>
						</TextLine>
					</TextBlock>
				</ComposedBlock>
				<ComposedBlock ID="P1_CB00006" HPOS="666" VPOS="2814" WIDTH="536" HEIGHT="627" TYPE="Advertisement">
					<TextBlock ID="P1_TB00010" HPOS="666" VPOS="2814" WIDTH="536" HEIGHT="627" STYLEREFS="TXT_18 PAR_LEFT">
						<TextLine ID="P1_TL00140" HPOS="730" VPOS="2837" WIDTH="413" HEIGHT="38">
							<String ID="P1_ST00725" HPOS="730" VPOS="2837" WIDTH="255" HEIGHT="33" CONTENT="CALEDONIAN" WC="0.96" CC="0120000010" STYLEREFS="TXT_19"/>
							<SP ID="P1_SP00571" HPOS="985" VPOS="2870" WIDTH="15"/>
							<String ID="P1_ST00726" HPOS="1000" VPOS="2846" WIDTH="143" HEIGHT="29" CONTENT="HOUSE." WC="0.97" CC="001001" STYLEREFS="TXT_19"/>
						</TextLine>
						<TextLine ID="P1_TL00141" HPOS="673" VPOS="2886" WIDTH="523" HEIGHT="69">
							<String ID="P1_ST00727" HPOS="673" VPOS="2897" WIDTH="215" HEIGHT="48" CONTENT="James" WC="0.94" CC="11100" STYLEREFS="TXT_20"/>
							<SP ID="P1_SP00572" HPOS="888" VPOS="2945" WIDTH="8"/>
							<String ID="P1_ST00728" HPOS="896" VPOS="2886" WIDTH="300" HEIGHT="69" CONTENT='"brown:' WC="0.72" CC="3130175" STYLEREFS="TXT_20"/>
						</TextLine>
						<TextLine ID="P1_TL00142" HPOS="753" VPOS="2954" WIDTH="364" HEIGHT="36">
							<String ID="P1_ST00729" HPOS="753" VPOS="2954" WIDTH="81" HEIGHT="27" CONTENT="BOOT," WC="0.71" CC="41109" STYLEREFS="TXT_1"/>
							<SP ID="P1_SP00573" HPOS="834" VPOS="2981" WIDTH="17"/>
							<String ID="P1_ST00730" HPOS="851" VPOS="2956" WIDTH="83" HEIGHT="28" CONTENT="SHOE." WC="0.95" CC="10111" STYLEREFS="TXT_1"/>
							<SP ID="P1_SP00574" HPOS="934" VPOS="2984" WIDTH="16"/>
							<String ID="P1_ST00731" HPOS="950" VPOS="2960" WIDTH="25" HEIGHT="25" CONTENT="&amp;" WC="0.52" CC="5" STYLEREFS="TXT_1"/>
							<SP ID="P1_SP00575" HPOS="975" VPOS="2985" WIDTH="14"/>
							<String ID="P1_ST00732" HPOS="989" VPOS="2961" WIDTH="128" HEIGHT="29" CONTENT="SUPPER." WC="0.94" CC="0011211" STYLEREFS="TXT_1"/>
						</TextLine>
						<TextLine ID="P1_TL00143" HPOS="804" VPOS="2986" WIDTH="257" HEIGHT="39">
							<String ID="P1_ST00733" HPOS="804" VPOS="2986" WIDTH="257" HEIGHT="39" CONTENT="Manufacturer." WC="0.84" CC="0182311012121" STYLEREFS="TXT_4"/>
						</TextLine>
						<TextLine ID="P1_TL00144" HPOS="774" VPOS="3032" WIDTH="324" HEIGHT="38">
							<String ID="P1_ST00734" HPOS="774" VPOS="3032" WIDTH="115" HEIGHT="32" CONTENT="WEST" WC="0.85" CC="1131" STYLEREFS="TXT_3"/>
							<SP ID="P1_SP00576" HPOS="889" VPOS="3064" WIDTH="32"/>
							<String ID="P1_ST00735" HPOS="921" VPOS="3036" WIDTH="177" HEIGHT="34" CONTENT="OXFORD." WC="0.77" CC="0440342" STYLEREFS="TXT_3"/>
						</TextLine>
						<TextLine ID="P1_TL00145" HPOS="673" VPOS="3079" WIDTH="526" HEIGHT="35">
							<String ID="P1_ST00736" HPOS="673" VPOS="3079" WIDTH="48" HEIGHT="21" CONTENT="His" WC="0.70" CC="162"/>
							<SP ID="P1_SP00577" HPOS="721" VPOS="3100" WIDTH="10"/>
							<String ID="P1_ST00737" HPOS="731" VPOS="3081" WIDTH="28" HEIGHT="21" CONTENT="oin" WC="0.77" CC="233"/>
							<SP ID="P1_SP00578" HPOS="759" VPOS="3102" WIDTH="8"/>
							<String ID="P1_ST00738" HPOS="767" VPOS="3082" WIDTH="61" HEIGHT="19" CONTENT="hand" WC="0.81" CC="4122"/>
							<SP ID="P1_SP00579" HPOS="828" VPOS="3102" WIDTH="9"/>
							<String ID="P1_ST00739" HPOS="837" VPOS="3085" WIDTH="18" HEIGHT="20" CONTENT="*" WC="0.01" CC="9"/>
							<SP ID="P1_SP00580" HPOS="855" VPOS="3105" WIDTH="4"/>
							<String ID="P1_ST00740" HPOS="859" VPOS="3084" WIDTH="103" HEIGHT="25" CONTENT="splendid" WC="0.94" CC="01112111"/>
							<SP ID="P1_SP00581" HPOS="962" VPOS="3109" WIDTH="5"/>
							<String ID="P1_ST00741" HPOS="967" VPOS="3089" WIDTH="131" HEIGHT="21" CONTENT="assortment" WC="0.89" CC="0111107110"/>
							<SP ID="P1_SP00582" HPOS="1098" VPOS="3110" WIDTH="5"/>
							<String ID="P1_ST00742" HPOS="1103" VPOS="3091" WIDTH="24" HEIGHT="21" CONTENT="of" WC="1.00" CC="00"/>
							<SP ID="P1_SP00583" HPOS="1127" VPOS="3112" WIDTH="5"/>
							<String ID="P1_ST00743" HPOS="1132" VPOS="3091" WIDTH="67" HEIGHT="23" CONTENT="Boots" WC="0.98" CC="00101"/>
						</TextLine>
						<TextLine ID="P1_TL00146" HPOS="672" VPOS="3110" WIDTH="526" HEIGHT="39">
							<String ID="P1_ST00744" HPOS="672" VPOS="3110" WIDTH="44" HEIGHT="23" CONTENT="and" WC="0.88" CC="112"/>
							<SP ID="P1_SP00584" HPOS="716" VPOS="3133" WIDTH="11"/>
							<String ID="P1_ST00745" HPOS="727" VPOS="3110" WIDTH="68" HEIGHT="23" CONTENT="Shoes" WC="0.92" CC="21011"/>
							<SP ID="P1_SP00585" HPOS="795" VPOS="3133" WIDTH="9"/>
							<String ID="P1_ST00746" HPOS="804" VPOS="3113" WIDTH="66" HEIGHT="22" CONTENT="made" WC="0.94" CC="2110"/>
							<SP ID="P1_SP00586" HPOS="870" VPOS="3135" WIDTH="18"/>
							<String ID="P1_ST00747" HPOS="888" VPOS="3121" WIDTH="29" HEIGHT="15" CONTENT="on" WC="0.96" CC="01"/>
							<SP ID="P1_SP00587" HPOS="917" VPOS="3136" WIDTH="10"/>
							<String ID="P1_ST00748" HPOS="927" VPOS="3117" WIDTH="37" HEIGHT="19" CONTENT="the" WC="0.97" CC="101"/>
							<SP ID="P1_SP00588" HPOS="964" VPOS="3136" WIDTH="8"/>
							<String ID="P1_ST00749" HPOS="972" VPOS="3120" WIDTH="105" HEIGHT="23" CONTENT="premises" WC="0.95" CC="00110101"/>
							<SP ID="P1_SP00589" HPOS="1077" VPOS="3143" WIDTH="19"/>
							<String ID="P1_ST00750" HPOS="1096" VPOS="3123" WIDTH="24" HEIGHT="20" CONTENT="at" WC="1.00" CC="00"/>
							<SP ID="P1_SP00590" HPOS="1120" VPOS="3143" WIDTH="9"/>
							<String ID="P1_ST00751" HPOS="1129" VPOS="3124" WIDTH="69" HEIGHT="25" CONTENT="prioeß" WC="0.94" CC="111101"/>
						</TextLine>
						<TextLine ID="P1_TL00147" HPOS="672" VPOS="3140" WIDTH="518" HEIGHT="35">
							<String ID="P1_ST00752" HPOS="672" VPOS="3140" WIDTH="53" HEIGHT="22" CONTENT="that" WC="0.95" CC="1011"/>
							<SP ID="P1_SP00591" HPOS="725" VPOS="3162" WIDTH="9"/>
							<String ID="P1_ST00753" HPOS="734" VPOS="3142" WIDTH="51" HEIGHT="27" CONTENT="defy" WC="0.95" CC="2010"/>
							<SP ID="P1_SP00592" HPOS="785" VPOS="3169" WIDTH="10"/>
							<String ID="P1_ST00754" HPOS="795" VPOS="3145" WIDTH="148" HEIGHT="26" CONTENT="competition." WC="0.89" CC="102001910010"/>
							<SP ID="P1_SP00593" HPOS="943" VPOS="3171" WIDTH="27"/>
							<String ID="P1_ST00755" HPOS="970" VPOS="3149" WIDTH="60" HEIGHT="26" CONTENT="Boys" WC="0.95" CC="1001"/>
							<SP ID="P1_SP00594" HPOS="1030" VPOS="3175" WIDTH="8"/>
							<String ID="P1_ST00756" HPOS="1038" VPOS="3151" WIDTH="79" HEIGHT="22" CONTENT="School" WC="0.99" CC="100000"/>
							<SP ID="P1_SP00595" HPOS="1117" VPOS="3175" WIDTH="6"/>
							<String ID="P1_ST00757" HPOS="1123" VPOS="3153" WIDTH="67" HEIGHT="22" CONTENT="Boots" WC="0.96" CC="10011"/>
						</TextLine>
						<TextLine ID="P1_TL00148" HPOS="671" VPOS="3173" WIDTH="528" HEIGHT="35">
							<String ID="P1_ST00758" HPOS="671" VPOS="3173" WIDTH="58" HEIGHT="20" CONTENT="back" WC="0.98" CC="0001"/>
							<SP ID="P1_SP00596" HPOS="729" VPOS="3193" WIDTH="9"/>
							<String ID="P1_ST00759" HPOS="738" VPOS="3180" WIDTH="71" HEIGHT="15" CONTENT="seams" WC="0.91" CC="11130"/>
							<SP ID="P1_SP00597" HPOS="809" VPOS="3195" WIDTH="9"/>
							<String ID="P1_ST00760" HPOS="818" VPOS="3176" WIDTH="45" HEIGHT="20" CONTENT="and" WC="1.00" CC="000"/>
							<SP ID="P1_SP00598" HPOS="863" VPOS="3196" WIDTH="8"/>
							<String ID="P1_ST00761" HPOS="871" VPOS="3177" WIDTH="62" HEIGHT="22" CONTENT="front" WC="0.99" CC="00001"/>
							<SP ID="P1_SP00599" HPOS="933" VPOS="3199" WIDTH="8"/>
							<String ID="P1_ST00762" HPOS="941" VPOS="3178" WIDTH="62" HEIGHT="22" CONTENT="hand" WC="0.99" CC="0001"/>
							<SP ID="P1_SP00600" HPOS="1003" VPOS="3200" WIDTH="7"/>
							<String ID="P1_ST00763" HPOS="1010" VPOS="3187" WIDTH="64" HEIGHT="19" CONTENT="sewn," WC="0.96" CC="10011"/>
							<SP ID="P1_SP00601" HPOS="1074" VPOS="3206" WIDTH="9"/>
							<String ID="P1_ST00764" HPOS="1083" VPOS="3187" WIDTH="81" HEIGHT="19" CONTENT="cannot" WC="0.98" CC="100101"/>
							<SP ID="P1_SP00602" HPOS="1164" VPOS="3206" WIDTH="7"/>
							<String ID="P1_ST00765" HPOS="1171" VPOS="3187" WIDTH="28" HEIGHT="21" CONTENT="be" WC="0.98" CC="10"/>
						</TextLine>
						<TextLine ID="P1_TL00149" HPOS="671" VPOS="3206" WIDTH="526" HEIGHT="38">
							<String ID="P1_ST00766" HPOS="671" VPOS="3206" WIDTH="125" HEIGHT="24" CONTENT="surpassed." WC="0.95" CC="2011010110"/>
							<SP ID="P1_SP00603" HPOS="796" VPOS="3230" WIDTH="30"/>
							<String ID="P1_ST00767" HPOS="826" VPOS="3207" WIDTH="68" HEIGHT="22" CONTENT="Men's" WC="0.95" CC="10111"/>
							<SP ID="P1_SP00604" HPOS="894" VPOS="3230" WIDTH="9"/>
							<String ID="P1_ST00768" HPOS="903" VPOS="3209" WIDTH="48" HEIGHT="21" CONTENT="best" WC="0.99" CC="0010"/>
							<SP ID="P1_SP00605" HPOS="951" VPOS="3230" WIDTH="6"/>
							<String ID="P1_ST00769" HPOS="957" VPOS="3213" WIDTH="146" HEIGHT="26" CONTENT="watertight*," WC="0.81" CC="111112132590"/>
							<SP ID="P1_SP00606" HPOS="1103" VPOS="3239" WIDTH="10"/>
							<String ID="P1_ST00770" HPOS="1113" VPOS="3219" WIDTH="84" HEIGHT="25" CONTENT="pegged" WC="0.93" CC="101111"/>
						</TextLine>
						<TextLine ID="P1_TL00150" HPOS="673" VPOS="3234" WIDTH="526" HEIGHT="38">
							<String ID="P1_ST00771" HPOS="673" VPOS="3236" WIDTH="49" HEIGHT="26" CONTENT="15/-." WC="0.90" CC="22001"/>
							<SP ID="P1_SP00607" HPOS="722" VPOS="3262" WIDTH="39"/>
							<String ID="P1_ST00772" HPOS="761" VPOS="3237" WIDTH="96" HEIGHT="27" CONTENT="Beßpoke" WC="0.97" CC="0101001"/>
							<SP ID="P1_SP00608" HPOS="857" VPOS="3264" WIDTH="22"/>
							<String ID="P1_ST00773" HPOS="879" VPOS="3239" WIDTH="139" HEIGHT="27" CONTENT="department" WC="0.97" CC="1000021000"/>
							<SP ID="P1_SP00609" HPOS="1018" VPOS="3266" WIDTH="22"/>
							<String ID="P1_ST00774" HPOS="1040" VPOS="3234" WIDTH="112" HEIGHT="38" CONTENT="carefull/" WC="0.89" CC="011113113"/>
							<SP ID="P1_SP00610" HPOS="1152" VPOS="3272" WIDTH="14"/>
							<String ID="P1_ST00775" HPOS="1166" VPOS="3251" WIDTH="33" HEIGHT="19" CONTENT="at-" WC="0.96" CC="101"/>
						</TextLine>
						<TextLine ID="P1_TL00151" HPOS="671" VPOS="3267" WIDTH="529" HEIGHT="35">
							<String ID="P1_ST00776" HPOS="671" VPOS="3267" WIDTH="85" HEIGHT="21" CONTENT="tended" WC="0.87" CC="170100"/>
							<SP ID="P1_SP00611" HPOS="756" VPOS="3288" WIDTH="13"/>
							<String ID="P1_ST00777" HPOS="769" VPOS="3270" WIDTH="30" HEIGHT="20" CONTENT="to." WC="1.00" CC="000"/>
							<SP ID="P1_SP00612" HPOS="799" VPOS="3290" WIDTH="28"/>
							<String ID="P1_ST00778" HPOS="827" VPOS="3270" WIDTH="39" HEIGHT="21" CONTENT="Fit" WC="0.89" CC="300"/>
							<SP ID="P1_SP00613" HPOS="866" VPOS="3291" WIDTH="18"/>
							<String ID="P1_ST00779" HPOS="884" VPOS="3272" WIDTH="45" HEIGHT="21" CONTENT="and" WC="0.99" CC="100"/>
							<SP ID="P1_SP00614" HPOS="929" VPOS="3293" WIDTH="17"/>
							<String ID="P1_ST00780" HPOS="946" VPOS="3273" WIDTH="167" HEIGHT="26" CONTENT="Workmanship" WC="0.83" CC="10131111129"/>
							<SP ID="P1_SP00615" HPOS="1113" VPOS="3299" WIDTH="19"/>
							<String ID="P1_ST00781" HPOS="1132" VPOS="3280" WIDTH="68" HEIGHT="22" CONTENT="Guar-" WC="0.87" CC="14101"/>
						</TextLine>
						<TextLine ID="P1_TL00152" HPOS="672" VPOS="3300" WIDTH="528" HEIGHT="38">
							<String ID="P1_ST00782" HPOS="672" VPOS="3300" WIDTH="86" HEIGHT="19" CONTENT="anteed." WC="0.97" CC="1100011"/>
							<SP ID="P1_SP00616" HPOS="758" VPOS="3319" WIDTH="27"/>
							<String ID="P1_ST00783" HPOS="785" VPOS="3301" WIDTH="91" HEIGHT="25" CONTENT="Repairs" WC="0.94" CC="3011001"/>
							<SP ID="P1_SP00617" HPOS="876" VPOS="3326" WIDTH="9"/>
							<String ID="P1_ST00784" HPOS="885" VPOS="3304" WIDTH="76" HEIGHT="24" CONTENT="neatly" WC="0.97" CC="101101"/>
							<SP ID="P1_SP00618" HPOS="961" VPOS="3328" WIDTH="10"/>
							<String ID="P1_ST00785" HPOS="971" VPOS="3307" WIDTH="43" HEIGHT="19" CONTENT="and" WC="0.93" CC="211"/>
							<SP ID="P1_SP00619" HPOS="1014" VPOS="3328" WIDTH="9"/>
							<String ID="P1_ST00786" HPOS="1023" VPOS="3311" WIDTH="112" HEIGHT="27" CONTENT="promptly" WC="0.86" CC="10231410"/>
							<SP ID="P1_SP00620" HPOS="1135" VPOS="3338" WIDTH="8"/>
							<String ID="P1_ST00787" HPOS="1143" VPOS="3312" WIDTH="57" HEIGHT="23" CONTENT="done" WC="0.96" CC="1010"/>
						</TextLine>
						<TextLine ID="P1_TL00153" HPOS="671" VPOS="3330" WIDTH="241" HEIGHT="30">
							<String ID="P1_ST00788" HPOS="671" VPOS="3330" WIDTH="25" HEIGHT="20" CONTENT="at" WC="0.91" CC="11"/>
							<SP ID="P1_SP00621" HPOS="696" VPOS="3350" WIDTH="8"/>
							<String ID="P1_ST00789" HPOS="704" VPOS="3333" WIDTH="129" HEIGHT="20" CONTENT="reasonable" WC="0.97" CC="1011001001"/>
							<SP ID="P1_SP00622" HPOS="833" VPOS="3353" WIDTH="7"/>
							<String ID="P1_ST00790" HPOS="840" VPOS="3335" WIDTH="72" HEIGHT="25" CONTENT="prices" WC="0.91" CC="111121"/>
						</TextLine>
						<TextLine ID="P1_TL00154" HPOS="703" VPOS="3384" WIDTH="489" HEIGHT="34">
							<String ID="P1_ST00791" HPOS="703" VPOS="3384" WIDTH="57" HEIGHT="21" CONTENT="anch" WC="0.95" CC="1111"/>
							<SP ID="P1_SP00623" HPOS="760" VPOS="3405" WIDTH="12"/>
							<String ID="P1_ST00792" HPOS="772" VPOS="3385" WIDTH="110" HEIGHT="23" CONTENT="EBtablis!." WC="0.95" CC="1210000111"/>
							<SP ID="P1_SP00624" HPOS="882" VPOS="3408" WIDTH="8"/>
							<String ID="P1_ST00793" HPOS="890" VPOS="3391" WIDTH="61" HEIGHT="19" CONTENT="ment" WC="0.89" CC="1111"/>
							<String ID="P1_ST00794" HPOS="958" VPOS="3399" WIDTH="6" HEIGHT="11" CONTENT=":" WC="0.96" CC="1"/>
							<SP ID="P1_SP00625" HPOS="964" VPOS="3410" WIDTH="15"/>
							<String ID="P1_ST00795" HPOS="979" VPOS="3391" WIDTH="58" HEIGHT="21" CONTENT="Near" WC="0.83" CC="4121"/>
							<SP ID="P1_SP00626" HPOS="1037" VPOS="3412" WIDTH="18"/>
							<String ID="P1_ST00796" HPOS="1055" VPOS="3394" WIDTH="65" HEIGHT="21" CONTENT="Town" WC="0.92" CC="1111"/>
							<SP ID="P1_SP00627" HPOS="1120" VPOS="3415" WIDTH="19"/>
							<String ID="P1_ST00797" HPOS="1139" VPOS="3396" WIDTH="53" HEIGHT="22" CONTENT="Hall" WC="0.94" CC="1001"/>
						</TextLine>
						<TextLine ID="P1_TL00155" HPOS="854" VPOS="3414" WIDTH="155" HEIGHT="25">
							<String ID="P1_ST00798" HPOS="854" VPOS="3414" WIDTH="57" HEIGHT="22" CONTENT="Fist" WC="0.85" CC="2311"/>
							<SP ID="P1_SP00628" HPOS="911" VPOS="3436" WIDTH="9"/>
							<String ID="P1_ST00799" HPOS="920" VPOS="3416" WIDTH="89" HEIGHT="23" CONTENT="Oxford." WC="0.92" CC="0310111"/>
						</TextLine>
					</TextBlock>
				</ComposedBlock>
				<ComposedBlock ID="P1_CB00007" HPOS="666" VPOS="2157" WIDTH="534" HEIGHT="631" TYPE="Advertisement">
					<TextBlock ID="P1_TB00011" HPOS="666" VPOS="2157" WIDTH="534" HEIGHT="631" STYLEREFS="TXT_18 PAR_LEFT">
						<TextLine ID="P1_TL00156" HPOS="712" VPOS="2177" WIDTH="433" HEIGHT="50">
							<String ID="P1_ST00800" HPOS="712" VPOS="2177" WIDTH="433" HEIGHT="50" CONTENT="SADDLSR7." WC="0.78" CC="151212612" STYLEREFS="TXT_21"/>
						</TextLine>
						<TextLine ID="P1_TL00157" HPOS="670" VPOS="2243" WIDTH="524" HEIGHT="69">
							<String ID="P1_ST00801" HPOS="670" VPOS="2243" WIDTH="79" HEIGHT="53" CONTENT="H." WC="0.94" CC="11" STYLEREFS="TXT_22"/>
							<SP ID="P1_SP00629" HPOS="749" VPOS="2296" WIDTH="26"/>
							<String ID="P1_ST00802" HPOS="775" VPOS="2245" WIDTH="60" HEIGHT="54" CONTENT="J." WC="0.87" CC="12" STYLEREFS="TXT_22"/>
							<SP ID="P1_SP00630" HPOS="835" VPOS="2299" WIDTH="18"/>
							<String ID="P1_ST00803" HPOS="853" VPOS="2248" WIDTH="341" HEIGHT="64" CONTENT="LAMING" WC="0.91" CC="111032" STYLEREFS="TXT_22"/>
						</TextLine>
						<TextLine ID="P1_TL00158" HPOS="762" VPOS="2323" WIDTH="340" HEIGHT="42">
							<String ID="P1_ST00804" HPOS="762" VPOS="2323" WIDTH="340" HEIGHT="42" CONTENT="SADDLER" WC="0.77" CC="3124125" STYLEREFS="TXT_15"/>
						</TextLine>
						<TextLine ID="P1_TL00159" HPOS="898" VPOS="2370" WIDTH="63" HEIGHT="21">
							<String ID="P1_ST00805" HPOS="898" VPOS="2370" WIDTH="63" HEIGHT="21" CONTENT="AND" WC="0.77" CC="142"/>
						</TextLine>
						<TextLine ID="P1_TL00160" HPOS="672" VPOS="2401" WIDTH="522" HEIGHT="52">
							<String ID="P1_ST00806" HPOS="672" VPOS="2401" WIDTH="282" HEIGHT="45" CONTENT="HARNESS" WC="0.98" CC="0011010" STYLEREFS="TXT_21"/>
							<SP ID="P1_SP00631" HPOS="954" VPOS="2446" WIDTH="34"/>
							<String ID="P1_ST00807" HPOS="988" VPOS="2410" WIDTH="206" HEIGHT="43" CONTENT="MAKER" WC="0.95" CC="10011" STYLEREFS="TXT_21"/>
						</TextLine>
						<TextLine ID="P1_TL00161" HPOS="814" VPOS="2455" WIDTH="235" HEIGHT="36">
							<String ID="P1_ST00808" HPOS="814" VPOS="2455" WIDTH="71" HEIGHT="26" CONTENT="Neab" WC="0.82" CC="1015"/>
							<SP ID="P1_SP00632" HPOS="885" VPOS="2481" WIDTH="17"/>
							<String ID="P1_ST00809" HPOS="902" VPOS="2458" WIDTH="147" HEIGHT="33" CONTENT="Saleyards," WC="0.85" CC="1132112313"/>
						</TextLine>
						<TextLine ID="P1_TL00162" HPOS="705" VPOS="2494" WIDTH="456" HEIGHT="54">
							<String ID="P1_ST00810" HPOS="705" VPOS="2494" WIDTH="47" HEIGHT="41" CONTENT="O" WC="0.96" CC="1" STYLEREFS="TXT_21"/>
							<SP ID="P1_SP00633" HPOS="752" VPOS="2535" WIDTH="22"/>
							<String ID="P1_ST00811" HPOS="774" VPOS="2497" WIDTH="65" HEIGHT="41" CONTENT="X" WC="0.56" CC="4" STYLEREFS="TXT_21"/>
							<SP ID="P1_SP00634" HPOS="839" VPOS="2538" WIDTH="22"/>
							<String ID="P1_ST00812" HPOS="861" VPOS="2499" WIDTH="192" HEIGHT="45" CONTENT="FOB" WC="0.84" CC="203" STYLEREFS="TXT_21"/>
							<String ID="P1_ST00813" HPOS="1077" VPOS="2506" WIDTH="45" HEIGHT="40" CONTENT="D" WC="0.85" CC="2" STYLEREFS="TXT_21"/>
							<String ID="P1_ST00814" HPOS="1146" VPOS="2537" WIDTH="15" HEIGHT="11" CONTENT="." WC="0.74" CC="3" STYLEREFS="TXT_21"/>
						</TextLine>
						<TextLine ID="P1_TL00163" HPOS="671" VPOS="2565" WIDTH="524" HEIGHT="44">
							<String ID="P1_ST00815" HPOS="671" VPOS="2565" WIDTH="86" HEIGHT="27" CONTENT="Orders" WC="0.97" CC="001101"/>
							<SP ID="P1_SP00635" HPOS="757" VPOS="2592" WIDTH="12"/>
							<String ID="P1_ST00816" HPOS="769" VPOS="2569" WIDTH="49" HEIGHT="25" CONTENT="and" WC="0.97" CC="101"/>
							<SP ID="P1_SP00636" HPOS="818" VPOS="2594" WIDTH="16"/>
							<String ID="P1_ST00817" HPOS="834" VPOS="2571" WIDTH="102" HEIGHT="32" CONTENT="Repairs" WC="0.98" CC="1001010"/>
							<SP ID="P1_SP00637" HPOS="936" VPOS="2603" WIDTH="10"/>
							<String ID="P1_ST00818" HPOS="946" VPOS="2577" WIDTH="124" HEIGHT="32" CONTENT="promptly" WC="0.96" CC="01010111"/>
							<SP ID="P1_SP00638" HPOS="1070" VPOS="2609" WIDTH="11"/>
							<String ID="P1_ST00819" HPOS="1081" VPOS="2582" WIDTH="114" HEIGHT="23" CONTENT="executed" WC="0.97" CC="02000100"/>
						</TextLine>
						<TextLine ID="P1_TL00164" HPOS="830" VPOS="2613" WIDTH="205" HEIGHT="30">
							<String ID="P1_ST00820" HPOS="830" VPOS="2615" WIDTH="26" HEIGHT="23" CONTENT="at" WC="0.96" CC="11"/>
							<SP ID="P1_SP00639" HPOS="856" VPOS="2638" WIDTH="11"/>
							<String ID="P1_ST00821" HPOS="867" VPOS="2613" WIDTH="84" HEIGHT="28" CONTENT="lowest" WC="0.92" CC="102111"/>
							<SP ID="P1_SP00640" HPOS="951" VPOS="2641" WIDTH="11"/>
							<String ID="P1_ST00822" HPOS="962" VPOS="2620" WIDTH="73" HEIGHT="23" CONTENT="rates." WC="0.94" CC="111111"/>
						</TextLine>
						<TextLine ID="P1_TL00165" HPOS="672" VPOS="2726" WIDTH="525" HEIGHT="60">
							<String ID="P1_ST00823" HPOS="672" VPOS="2726" WIDTH="97" HEIGHT="39" CONTENT="made" WC="0.95" CC="1010" STYLEREFS="TXT_21"/>
							<SP ID="P1_SP00641" HPOS="769" VPOS="2765" WIDTH="12"/>
							<String ID="P1_ST00824" HPOS="781" VPOS="2728" WIDTH="36" HEIGHT="38" CONTENT="to" WC="1.00" CC="00" STYLEREFS="TXT_21"/>
							<SP ID="P1_SP00642" HPOS="817" VPOS="2766" WIDTH="15"/>
							<String ID="P1_ST00825" HPOS="832" VPOS="2730" WIDTH="101" HEIGHT="40" CONTENT="Order" WC="0.98" CC="10100" STYLEREFS="TXT_21"/>
							<SP ID="P1_SP00643" HPOS="933" VPOS="2770" WIDTH="14"/>
							<String ID="P1_ST00826" HPOS="947" VPOS="2734" WIDTH="69" HEIGHT="41" CONTENT="and" WC="0.91" CC="012" STYLEREFS="TXT_21"/>
							<SP ID="P1_SP00644" HPOS="1016" VPOS="2775" WIDTH="14"/>
							<String ID="P1_ST00827" HPOS="1030" VPOS="2735" WIDTH="167" HEIGHT="51" CONTENT="Repaired" WC="0.91" CC="41111101" STYLEREFS="TXT_21"/>
						</TextLine>
					</TextBlock>
				</ComposedBlock>
				<ComposedBlock ID="P1_CB00008" HPOS="676" VPOS="1842" WIDTH="519" HEIGHT="275" TYPE="Advertisement">
					<TextBlock ID="P1_TB00012" HPOS="676" VPOS="1842" WIDTH="519" HEIGHT="275" STYLEREFS="TXT_21 PAR_LEFT">
						<TextLine ID="P1_TL00166" HPOS="676" VPOS="1853" WIDTH="519" HEIGHT="84">
							<String ID="P1_ST00828" HPOS="676" VPOS="1853" WIDTH="218" HEIGHT="64" CONTENT="ROBERT" WC="0.85" CC="301140" STYLEREFS="TXT_6"/>
							<SP ID="P1_SP00645" HPOS="894" VPOS="1917" WIDTH="80"/>
							<String ID="P1_ST00829" HPOS="974" VPOS="1862" WIDTH="221" HEIGHT="75" CONTENT="FISHER," WC="0.92" CC="2021011" STYLEREFS="TXT_6"/>
						</TextLine>
						<TextLine ID="P1_TL00167" HPOS="708" VPOS="1932" WIDTH="456" HEIGHT="36">
							<String ID="P1_ST00830" HPOS="708" VPOS="1932" WIDTH="175" HEIGHT="29" CONTENT="GENERAL" WC="0.89" CC="1121310" STYLEREFS="TXT_23"/>
							<SP ID="P1_SP00646" HPOS="883" VPOS="1961" WIDTH="22"/>
							<String ID="P1_ST00831" HPOS="905" VPOS="1937" WIDTH="259" HEIGHT="31" CONTENT="STOREKEEPER" WC="0.93" CC="10021111121" STYLEREFS="TXT_23"/>
						</TextLine>
						<TextLine ID="P1_TL00168" HPOS="692" VPOS="1978" WIDTH="503" HEIGHT="53">
							<String ID="P1_ST00832" HPOS="692" VPOS="1978" WIDTH="95" HEIGHT="46" CONTENT="Teas," WC="0.95" CC="01011"/>
							<SP ID="P1_SP00647" HPOS="787" VPOS="2024" WIDTH="40"/>
							<String ID="P1_ST00833" HPOS="827" VPOS="1980" WIDTH="129" HEIGHT="47" CONTENT="Coffees," WC="0.95" CC="10110011"/>
							<SP ID="P1_SP00648" HPOS="956" VPOS="2027" WIDTH="37"/>
							<String ID="P1_ST00834" HPOS="993" VPOS="1983" WIDTH="125" HEIGHT="48" CONTENT="Cocoas," WC="0.96" CC="1011111"/>
							<SP ID="P1_SP00649" HPOS="1118" VPOS="2031" WIDTH="31"/>
							<String ID="P1_ST00835" HPOS="1149" VPOS="1989" WIDTH="46" HEIGHT="36" CONTENT="an" WC="0.67" CC="16"/>
						</TextLine>
						<TextLine ID="P1_TL00169" HPOS="773" VPOS="2029" WIDTH="340" HEIGHT="45">
							<String ID="P1_ST00836" HPOS="773" VPOS="2029" WIDTH="140" HEIGHT="41" CONTENT="General" WC="0.88" CC="5111010"/>
							<SP ID="P1_SP00650" HPOS="913" VPOS="2070" WIDTH="22"/>
							<String ID="P1_ST00837" HPOS="935" VPOS="2032" WIDTH="178" HEIGHT="42" CONTENT="Groceries-" WC="0.92" CC="2101101102"/>
						</TextLine>
						<TextLine ID="P1_TL00170" HPOS="723" VPOS="2079" WIDTH="422" HEIGHT="38">
							<String ID="P1_ST00838" HPOS="723" VPOS="2079" WIDTH="140" HEIGHT="31" CONTENT="WEST" WC="0.89" CC="1221" STYLEREFS="TXT_15"/>
							<SP ID="P1_SP00651" HPOS="863" VPOS="2110" WIDTH="61"/>
							<String ID="P1_ST00839" HPOS="924" VPOS="2082" WIDTH="221" HEIGHT="35" CONTENT="OXFORD." WC="0.75" CC="0109501" STYLEREFS="TXT_15"/>
						</TextLine>
					</TextBlock>
				</ComposedBlock>
				<ComposedBlock ID="P1_CB00009" HPOS="48" VPOS="3216" WIDTH="536" HEIGHT="353" TYPE="Advertisement">
					<TextBlock ID="P1_TB00013" HPOS="48" VPOS="3216" WIDTH="536" HEIGHT="353" STYLEREFS="TXT_4 PAR_LEFT">
						<TextLine ID="P1_TL00171" HPOS="54" VPOS="3220" WIDTH="522" HEIGHT="56">
							<String ID="P1_ST00840" HPOS="54" VPOS="3220" WIDTH="47" HEIGHT="43" CONTENT="J." WC="0.93" CC="11" STYLEREFS="TXT_13"/>
							<SP ID="P1_SP00652" HPOS="101" VPOS="3263" WIDTH="22"/>
							<String ID="P1_ST00841" HPOS="123" VPOS="3220" WIDTH="53" HEIGHT="43" CONTENT="T." WC="0.96" CC="01" STYLEREFS="TXT_13"/>
							<SP ID="P1_SP00653" HPOS="176" VPOS="3263" WIDTH="28"/>
							<String ID="P1_ST00842" HPOS="204" VPOS="3222" WIDTH="194" HEIGHT="54" CONTENT="Brown," WC="0.85" CC="111105" STYLEREFS="TXT_13"/>
							<SP ID="P1_SP00654" HPOS="398" VPOS="3276" WIDTH="23"/>
							<String ID="P1_ST00843" HPOS="421" VPOS="3225" WIDTH="40" HEIGHT="44" CONTENT="&amp;" WC="0.85" CC="2" STYLEREFS="TXT_13"/>
							<SP ID="P1_SP00655" HPOS="461" VPOS="3276" WIDTH="21"/>
							<String ID="P1_ST00844" HPOS="482" VPOS="3227" WIDTH="94" HEIGHT="43" CONTENT="Son" WC="0.99" CC="001" STYLEREFS="TXT_13"/>
						</TextLine>
						<TextLine ID="P1_TL00172" HPOS="108" VPOS="3285" WIDTH="409" HEIGHT="28">
							<String ID="P1_ST00845" HPOS="108" VPOS="3285" WIDTH="108" HEIGHT="22" CONTENT="TIMBER" WC="0.93" CC="010121" STYLEREFS="TXT_24"/>
							<SP ID="P1_SP00656" HPOS="216" VPOS="3307" WIDTH="10"/>
							<String ID="P1_ST00846" HPOS="226" VPOS="3288" WIDTH="17" HEIGHT="19" CONTENT="&amp;" WC="0.89" CC="1" STYLEREFS="TXT_24"/>
							<SP ID="P1_SP00657" HPOS="243" VPOS="3307" WIDTH="11"/>
							<String ID="P1_ST00847" HPOS="254" VPOS="3287" WIDTH="70" HEIGHT="22" CONTENT="COAL" WC="0.99" CC="1000" STYLEREFS="TXT_24"/>
							<SP ID="P1_SP00658" HPOS="324" VPOS="3309" WIDTH="13"/>
							<String ID="P1_ST00848" HPOS="337" VPOS="3290" WIDTH="180" HEIGHT="23" CONTENT="MERCHANTS." WC="0.92" CC="1203102010" STYLEREFS="TXT_24"/>
						</TextLine>
						<TextLine ID="P1_TL00173" HPOS="226" VPOS="3325" WIDTH="161" HEIGHT="23">
							<String ID="P1_ST00849" HPOS="226" VPOS="3325" WIDTH="161" HEIGHT="23" CONTENT="IMPORTERS" WC="0.83" CC="121001291" STYLEREFS="TXT_24"/>
						</TextLine>
						<TextLine ID="P1_TL00174" HPOS="56" VPOS="3359" WIDTH="525" HEIGHT="37">
							<String ID="P1_ST00850" HPOS="56" VPOS="3359" WIDTH="36" HEIGHT="26" CONTENT="Of" WC="1.00" CC="00"/>
							<SP ID="P1_SP00659" HPOS="92" VPOS="3385" WIDTH="28"/>
							<String ID="P1_ST00851" HPOS="120" VPOS="3359" WIDTH="137" HEIGHT="29" CONTENT="TIMBER" WC="0.92" CC="005000"/>
							<SP ID="P1_SP00660" HPOS="257" VPOS="3388" WIDTH="28"/>
							<String ID="P1_ST00852" HPOS="285" VPOS="3364" WIDTH="52" HEIGHT="26" CONTENT="aad" WC="0.84" CC="131"/>
							<SP ID="P1_SP00661" HPOS="337" VPOS="3390" WIDTH="30"/>
							<String ID="P1_ST00853" HPOS="367" VPOS="3366" WIDTH="48" HEIGHT="25" CONTENT="All" WC="1.00" CC="000"/>
							<SP ID="P1_SP00662" HPOS="415" VPOS="3391" WIDTH="29"/>
							<String ID="P1_ST00854" HPOS="444" VPOS="3367" WIDTH="86" HEIGHT="27" CONTENT="Kinds" WC="0.90" CC="01302"/>
							<SP ID="P1_SP00663" HPOS="530" VPOS="3394" WIDTH="25"/>
							<String ID="P1_ST00855" HPOS="555" VPOS="3369" WIDTH="26" HEIGHT="27" CONTENT="of" WC="0.81" CC="13"/>
						</TextLine>
						<TextLine ID="P1_TL00175" HPOS="108" VPOS="3406" WIDTH="423" HEIGHT="34">
							<String ID="P1_ST00856" HPOS="108" VPOS="3406" WIDTH="182" HEIGHT="28" CONTENT="BUILDING" WC="0.90" CC="03001041"/>
							<SP ID="P1_SP00664" HPOS="290" VPOS="3434" WIDTH="25"/>
							<String ID="P1_ST00857" HPOS="315" VPOS="3410" WIDTH="216" HEIGHT="30" CONTENT="MATERIALS." WC="0.97" CC="0011100021"/>
						</TextLine>
						<TextLine ID="P1_TL00176" HPOS="241" VPOS="3453" WIDTH="147" HEIGHT="29">
							<String ID="P1_ST00858" HPOS="241" VPOS="3453" WIDTH="147" HEIGHT="29" CONTENT="CORNER" WC="0.97" CC="001110"/>
						</TextLine>
						<TextLine ID="P1_TL00177" HPOS="52" VPOS="3493" WIDTH="529" HEIGHT="34">
							<String ID="P1_ST00859" HPOS="52" VPOS="3493" WIDTH="161" HEIGHT="25" CONTENT="COLOMBO" WC="0.97" CC="1010000"/>
							<SP ID="P1_SP00665" HPOS="213" VPOS="3518" WIDTH="40"/>
							<String ID="P1_ST00860" HPOS="253" VPOS="3495" WIDTH="18" HEIGHT="24" CONTENT="&amp;" WC="0.78" CC="2" STYLEREFS="TXT_9"/>
							<SP ID="P1_SP00666" HPOS="271" VPOS="3519" WIDTH="28"/>
							<String ID="P1_ST00861" HPOS="299" VPOS="3496" WIDTH="96" HEIGHT="27" CONTENT="TUAM" WC="0.94" CC="1012"/>
							<SP ID="P1_SP00667" HPOS="395" VPOS="3523" WIDTH="34"/>
							<String ID="P1_ST00862" HPOS="429" VPOS="3500" WIDTH="152" HEIGHT="27" CONTENT="STREETS" WC="0.75" CC="0162216"/>
						</TextLine>
						<TextLine ID="P1_TL00178" HPOS="209" VPOS="3538" WIDTH="189" HEIGHT="28">
							<String ID="P1_ST00863" HPOS="209" VPOS="3538" WIDTH="189" HEIGHT="28" CONTENT="ChjUSTCHURCH" WC="0.82" CC="113511124122" STYLEREFS="TXT_25"/>
						</TextLine>
					</TextBlock>
				</ComposedBlock>
				<ComposedBlock ID="P1_CB00010" HPOS="46" VPOS="2378" WIDTH="538" HEIGHT="812" TYPE="Advertisement">
					<TextBlock ID="P1_TB00014" HPOS="46" VPOS="2378" WIDTH="538" HEIGHT="812" STYLEREFS="TXT_18 PAR_LEFT">
						<TextLine ID="P1_TL00179" HPOS="131" VPOS="2418" WIDTH="349" HEIGHT="33">
							<String ID="P1_ST00864" HPOS="131" VPOS="2418" WIDTH="153" HEIGHT="33" CONTENT="COALS!" WC="0.85" CC="412121" STYLEREFS="TXT_16"/>
							<SP ID="P1_SP00668" HPOS="284" VPOS="2451" WIDTH="24"/>
							<String ID="P1_ST00865" HPOS="308" VPOS="2420" WIDTH="141" HEIGHT="31" CONTENT="COALS!" WC="0.91" CC="101111" STYLEREFS="TXT_16"/>
							<SP ID="P1_SP00669" HPOS="449" VPOS="2451" WIDTH="25"/>
							<String ID="P1_ST00866" HPOS="474" VPOS="2422" WIDTH="6" HEIGHT="28" CONTENT="!" WC="1.00" CC="0" STYLEREFS="TXT_16"/>
						</TextLine>
						<TextLine ID="P1_TL00180" HPOS="66" VPOS="2498" WIDTH="493" HEIGHT="33">
							<String ID="P1_ST00867" HPOS="66" VPOS="2499" WIDTH="147" HEIGHT="28" CONTENT="Newcastle," WC="0.97" CC="1020010011"/>
							<SP ID="P1_SP00670" HPOS="213" VPOS="2527" WIDTH="12"/>
							<String ID="P1_ST00868" HPOS="225" VPOS="2498" WIDTH="135" HEIGHT="32" CONTENT="Westport," WC="0.95" CC="101100011"/>
							<SP ID="P1_SP00671" HPOS="360" VPOS="2530" WIDTH="19"/>
							<String ID="P1_ST00869" HPOS="379" VPOS="2498" WIDTH="180" HEIGHT="33" CONTENT="Coalpitheath," WC="0.95" CC="1001111101111"/>
						</TextLine>
						<TextLine ID="P1_TL00181" HPOS="230" VPOS="2531" WIDTH="178" HEIGHT="28">
							<String ID="P1_ST00870" HPOS="230" VPOS="2531" WIDTH="117" HEIGHT="28" CONTENT="Malvern," WC="0.96" CC="01110011"/>
							<SP ID="P1_SP00672" HPOS="347" VPOS="2559" WIDTH="12"/>
							<String ID="P1_ST00871" HPOS="359" VPOS="2532" WIDTH="49" HEIGHT="24" CONTENT="and" WC="0.99" CC="100"/>
						</TextLine>
						<TextLine ID="P1_TL00182" HPOS="85" VPOS="2563" WIDTH="459" HEIGHT="27">
							<String ID="P1_ST00872" HPOS="85" VPOS="2563" WIDTH="175" HEIGHT="25" CONTENT="Blacksmiths'" WC="0.97" CC="101101001011"/>
							<SP ID="P1_SP00673" HPOS="260" VPOS="2588" WIDTH="18"/>
							<String ID="P1_ST00873" HPOS="278" VPOS="2563" WIDTH="114" HEIGHT="26" CONTENT="Brunner" WC="0.97" CC="1001100"/>
							<SP ID="P1_SP00674" HPOS="392" VPOS="2589" WIDTH="10"/>
							<String ID="P1_ST00874" HPOS="402" VPOS="2565" WIDTH="64" HEIGHT="24" CONTENT="Nuts" WC="0.99" CC="0001"/>
							<SP ID="P1_SP00675" HPOS="466" VPOS="2589" WIDTH="11"/>
							<String ID="P1_ST00875" HPOS="477" VPOS="2564" WIDTH="67" HEIGHT="26" CONTENT="Coal." WC="0.98" CC="01100"/>
						</TextLine>
						<TextLine ID="P1_TL00183" HPOS="51" VPOS="2627" WIDTH="527" HEIGHT="26">
							<String ID="P1_ST00876" HPOS="51" VPOS="2627" WIDTH="151" HEIGHT="22" CONTENT="FIREWOOD" WC="0.86" CC="30420002"/>
							<SP ID="P1_SP00676" HPOS="202" VPOS="2649" WIDTH="12"/>
							<String ID="P1_ST00877" HPOS="214" VPOS="2628" WIDTH="23" HEIGHT="21" CONTENT="m" WC="0.94" CC="1"/>
							<SP ID="P1_SP00677" HPOS="237" VPOS="2649" WIDTH="14"/>
							<String ID="P1_ST00878" HPOS="251" VPOS="2627" WIDTH="93" HEIGHT="26" CONTENT="Lengths" WC="0.92" CC="0101212"/>
							<SP ID="P1_SP00678" HPOS="344" VPOS="2653" WIDTH="14"/>
							<String ID="P1_ST00879" HPOS="358" VPOS="2629" WIDTH="23" HEIGHT="20" CONTENT="to" WC="0.94" CC="11"/>
							<SP ID="P1_SP00679" HPOS="381" VPOS="2653" WIDTH="18"/>
							<String ID="P1_ST00880" HPOS="399" VPOS="2629" WIDTH="47" HEIGHT="22" CONTENT="Suit" WC="0.83" CC="2312"/>
							<SP ID="P1_SP00680" HPOS="446" VPOS="2653" WIDTH="14"/>
							<String ID="P1_ST00881" HPOS="460" VPOS="2629" WIDTH="118" HEIGHT="22" CONTENT="CLIENTS" WC="0.88" CC="1014101"/>
						</TextLine>
						<TextLine ID="P1_TL00184" HPOS="131" VPOS="2686" WIDTH="361" HEIGHT="25">
							<String ID="P1_ST00882" HPOS="131" VPOS="2686" WIDTH="83" HEIGHT="25" CONTENT="££F*At" WC="0.59" CC="639403" STYLEREFS="TXT_26"/>
							<SP ID="P1_SP00681" HPOS="214" VPOS="2711" WIDTH="12"/>
							<String ID="P1_ST00883" HPOS="226" VPOS="2687" WIDTH="87" HEIGHT="20" CONTENT="LbwßsT" WC="0.76" CC="142710" STYLEREFS="TXT_26"/>
							<SP ID="P1_SP00682" HPOS="313" VPOS="2711" WIDTH="9"/>
							<String ID="P1_ST00884" HPOS="322" VPOS="2687" WIDTH="101" HEIGHT="21" CONTENT="Current" WC="0.79" CC="4242120" STYLEREFS="TXT_26"/>
							<SP ID="P1_SP00683" HPOS="423" VPOS="2711" WIDTH="8"/>
							<String ID="P1_ST00885" HPOS="431" VPOS="2688" WIDTH="61" HEIGHT="21" CONTENT="Rate" WC="0.79" CC="4222" STYLEREFS="TXT_26"/>
						</TextLine>
						<TextLine ID="P1_TL00185" HPOS="51" VPOS="2739" WIDTH="529" HEIGHT="32">
							<String ID="P1_ST00886" HPOS="51" VPOS="2739" WIDTH="22" HEIGHT="24" CONTENT="A" WC="1.00" CC="0"/>
							<SP ID="P1_SP00684" HPOS="73" VPOS="2763" WIDTH="10"/>
							<String ID="P1_ST00887" HPOS="83" VPOS="2739" WIDTH="154" HEIGHT="31" CONTENT="Conveyance" WC="0.97" CC="1010111010"/>
							<SP ID="P1_SP00685" HPOS="237" VPOS="2770" WIDTH="7"/>
							<String ID="P1_ST00888" HPOS="244" VPOS="2742" WIDTH="78" HEIGHT="22" CONTENT="meets" WC="0.98" CC="10001"/>
							<SP ID="P1_SP00686" HPOS="322" VPOS="2770" WIDTH="7"/>
							<String ID="P1_ST00889" HPOS="329" VPOS="2748" WIDTH="70" HEIGHT="23" CONTENT="every" WC="0.98" CC="00100"/>
							<SP ID="P1_SP00687" HPOS="399" VPOS="2771" WIDTH="8"/>
							<String ID="P1_ST00890" HPOS="407" VPOS="2741" WIDTH="73" HEIGHT="24" CONTENT="train." WC="0.99" CC="100000"/>
							<SP ID="P1_SP00688" HPOS="480" VPOS="2771" WIDTH="18"/>
							<String ID="P1_ST00891" HPOS="498" VPOS="2741" WIDTH="82" HEIGHT="25" CONTENT="Goods" WC="0.97" CC="00011"/>
						</TextLine>
						<TextLine ID="P1_TL00186" HPOS="64" VPOS="2772" WIDTH="504" HEIGHT="32">
							<String ID="P1_ST00892" HPOS="64" VPOS="2772" WIDTH="122" HEIGHT="31" CONTENT="conveyed" WC="1.00" CC="00000100"/>
							<SP ID="P1_SP00689" HPOS="186" VPOS="2803" WIDTH="12"/>
							<String ID="P1_ST00893" HPOS="198" VPOS="2775" WIDTH="25" HEIGHT="21" CONTENT="to" WC="0.94" CC="10"/>
							<SP ID="P1_SP00690" HPOS="223" VPOS="2803" WIDTH="11"/>
							<String ID="P1_ST00894" HPOS="234" VPOS="2780" WIDTH="70" HEIGHT="23" CONTENT="erery" WC="0.87" CC="04011"/>
							<SP ID="P1_SP00691" HPOS="304" VPOS="2803" WIDTH="11"/>
							<String ID="P1_ST00895" HPOS="315" VPOS="2774" WIDTH="54" HEIGHT="30" CONTENT="part" WC="0.97" CC="1001"/>
							<SP ID="P1_SP00692" HPOS="369" VPOS="2804" WIDTH="12"/>
							<String ID="P1_ST00896" HPOS="381" VPOS="2772" WIDTH="26" HEIGHT="25" CONTENT="of" WC="0.94" CC="10"/>
							<SP ID="P1_SP00693" HPOS="407" VPOS="2804" WIDTH="9"/>
							<String ID="P1_ST00897" HPOS="416" VPOS="2773" WIDTH="42" HEIGHT="25" CONTENT="the" WC="0.96" CC="111"/>
							<SP ID="P1_SP00694" HPOS="458" VPOS="2804" WIDTH="9"/>
							<String ID="P1_ST00898" HPOS="467" VPOS="2774" WIDTH="101" HEIGHT="25" CONTENT="district." WC="0.98" CC="001111001"/>
						</TextLine>
						<TextLine ID="P1_TL00187" HPOS="119" VPOS="2804" WIDTH="396" HEIGHT="30">
							<String ID="P1_ST00899" HPOS="119" VPOS="2804" WIDTH="99" HEIGHT="24" CONTENT="Booked" WC="0.93" CC="400010"/>
							<SP ID="P1_SP00695" HPOS="218" VPOS="2828" WIDTH="6"/>
							<String ID="P1_ST00900" HPOS="224" VPOS="2805" WIDTH="92" HEIGHT="29" CONTENT="parcels" WC="0.96" CC="2011001"/>
							<SP ID="P1_SP00696" HPOS="316" VPOS="2834" WIDTH="11"/>
							<String ID="P1_ST00901" HPOS="327" VPOS="2805" WIDTH="120" HEIGHT="24" CONTENT="delivered" WC="1.00" CC="000000000"/>
							<SP ID="P1_SP00697" HPOS="447" VPOS="2834" WIDTH="6"/>
							<String ID="P1_ST00902" HPOS="453" VPOS="2806" WIDTH="62" HEIGHT="25" CONTENT="Free" WC="0.96" CC="2000"/>
						</TextLine>
						<TextLine ID="P1_TL00188" HPOS="175" VPOS="2836" WIDTH="274" HEIGHT="32">
							<String ID="P1_ST00903" HPOS="175" VPOS="2836" WIDTH="88" HEIGHT="24" CONTENT="within" WC="0.97" CC="200100"/>
							<SP ID="P1_SP00698" HPOS="263" VPOS="2860" WIDTH="11"/>
							<String ID="P1_ST00904" HPOS="274" VPOS="2836" WIDTH="43" HEIGHT="25" CONTENT="the" WC="0.96" CC="110"/>
							<SP ID="P1_SP00699" HPOS="317" VPOS="2861" WIDTH="10"/>
							<String ID="P1_ST00905" HPOS="327" VPOS="2838" WIDTH="122" HEIGHT="30" CONTENT="Borough." WC="0.99" CC="10000000"/>
						</TextLine>
						<TextLine ID="P1_TL00189" HPOS="54" VPOS="2867" WIDTH="526" HEIGHT="33">
							<String ID="P1_ST00906" HPOS="54" VPOS="2867" WIDTH="160" HEIGHT="25" CONTENT="Commercial" WC="0.98" CC="1110000000"/>
							<SP ID="P1_SP00700" HPOS="214" VPOS="2892" WIDTH="22"/>
							<String ID="P1_ST00907" HPOS="236" VPOS="2869" WIDTH="142" HEIGHT="24" CONTENT="Travellers'" WC="0.96" CC="10101100112"/>
							<SP ID="P1_SP00701" HPOS="378" VPOS="2893" WIDTH="31"/>
							<String ID="P1_ST00908" HPOS="409" VPOS="2871" WIDTH="171" HEIGHT="29" CONTENT="requirements" WC="0.96" CC="111001111011"/>
						</TextLine>
						<TextLine ID="P1_TL00190" HPOS="84" VPOS="2899" WIDTH="463" HEIGHT="33">
							<String ID="P1_ST00909" HPOS="84" VPOS="2899" WIDTH="50" HEIGHT="25" CONTENT="will" WC="0.95" CC="2100"/>
							<SP ID="P1_SP00702" HPOS="134" VPOS="2924" WIDTH="10"/>
							<String ID="P1_ST00910" HPOS="144" VPOS="2900" WIDTH="92" HEIGHT="25" CONTENT="receive" WC="0.98" CC="1000110"/>
							<SP ID="P1_SP00703" HPOS="236" VPOS="2925" WIDTH="11"/>
							<String ID="P1_ST00911" HPOS="247" VPOS="2900" WIDTH="162" HEIGHT="32" CONTENT="allsyecessary" WC="0.70" CC="1009969011111"/>
							<SP ID="P1_SP00704" HPOS="409" VPOS="2932" WIDTH="11"/>
							<String ID="P1_ST00912" HPOS="420" VPOS="2902" WIDTH="127" HEIGHT="26" CONTENT="attention." WC="0.89" CC="1113111130"/>
						</TextLine>
						<TextLine ID="P1_TL00191" HPOS="119" VPOS="2937" WIDTH="395" HEIGHT="37">
							<String ID="P1_ST00913" HPOS="119" VPOS="2937" WIDTH="395" HEIGHT="37" CONTENT="WABURT-" WC="0.72" CC="1330219" STYLEREFS="TXT_15"/>
						</TextLine>
						<TextLine ID="P1_TL00192" HPOS="146" VPOS="2975" WIDTH="344" HEIGHT="32">
							<String ID="P1_ST00914" HPOS="146" VPOS="2975" WIDTH="162" HEIGHT="25" CONTENT="GENERAL" WC="0.86" CC="0010270" STYLEREFS="TXT_27"/>
							<SP ID="P1_SP00705" HPOS="308" VPOS="3000" WIDTH="23"/>
							<String ID="P1_ST00915" HPOS="331" VPOS="2977" WIDTH="159" HEIGHT="30" CONTENT="CAREIEB," WC="0.88" CC="01310023" STYLEREFS="TXT_27"/>
						</TextLine>
						<TextLine ID="P1_TL00193" HPOS="53" VPOS="3006" WIDTH="527" HEIGHT="35">
							<String ID="P1_ST00916" HPOS="53" VPOS="3006" WIDTH="86" HEIGHT="27" CONTENT="COAL" WC="0.92" CC="2102" STYLEREFS="TXT_27"/>
							<SP ID="P1_SP00706" HPOS="139" VPOS="3033" WIDTH="13"/>
							<String ID="P1_ST00917" HPOS="152" VPOS="3008" WIDTH="18" HEIGHT="24" CONTENT="&amp;" WC="0.85" CC="2" STYLEREFS="TXT_27"/>
							<SP ID="P1_SP00707" HPOS="170" VPOS="3033" WIDTH="11"/>
							<String ID="P1_ST00918" HPOS="181" VPOS="3008" WIDTH="183" HEIGHT="27" CONTENT="FIREWOOD" WC="0.94" CC="10211010" STYLEREFS="TXT_27"/>
							<SP ID="P1_SP00708" HPOS="364" VPOS="3035" WIDTH="17"/>
							<String ID="P1_ST00919" HPOS="381" VPOS="3010" WIDTH="199" HEIGHT="31" CONTENT="MERCHANT," WC="0.89" CC="512110101" STYLEREFS="TXT_27"/>
						</TextLine>
						<TextLine ID="P1_TL00194" HPOS="253" VPOS="3041" WIDTH="132" HEIGHT="26">
							<String ID="P1_ST00920" HPOS="253" VPOS="3041" WIDTH="132" HEIGHT="26" CONTENT="Rangioba." WC="0.92" CC="101210211"/>
						</TextLine>
						<TextLine ID="P1_TL00195" HPOS="52" VPOS="3104" WIDTH="527" HEIGHT="36">
							<String ID="P1_ST00921" HPOS="52" VPOS="3104" WIDTH="88" HEIGHT="26" CONTENT="Orders" WC="0.89" CC="101006"/>
							<SP ID="P1_SP00709" HPOS="140" VPOS="3130" WIDTH="12"/>
							<String ID="P1_ST00922" HPOS="152" VPOS="3111" WIDTH="55" HEIGHT="23" CONTENT="may" WC="0.86" CC="311"/>
							<SP ID="P1_SP00710" HPOS="207" VPOS="3134" WIDTH="11"/>
							<String ID="P1_ST00923" HPOS="218" VPOS="3106" WIDTH="28" HEIGHT="23" CONTENT="be" WC="0.96" CC="10"/>
							<SP ID="P1_SP00711" HPOS="246" VPOS="3134" WIDTH="5"/>
							<String ID="P1_ST00924" HPOS="251" VPOS="3104" WIDTH="43" HEIGHT="26" CONTENT="left" WC="0.95" CC="1011"/>
							<SP ID="P1_SP00712" HPOS="294" VPOS="3134" WIDTH="9"/>
							<String ID="P1_ST00925" HPOS="303" VPOS="3107" WIDTH="25" HEIGHT="23" CONTENT="at" WC="0.83" CC="13"/>
							<SP ID="P1_SP00713" HPOS="328" VPOS="3134" WIDTH="7"/>
							<String ID="P1_ST00926" HPOS="335" VPOS="3106" WIDTH="40" HEIGHT="24" CONTENT="Mr" WC="0.96" CC="01"/>
							<SP ID="P1_SP00714" HPOS="375" VPOS="3134" WIDTH="6"/>
							<String ID="P1_ST00927" HPOS="381" VPOS="3106" WIDTH="27" HEIGHT="24" CONTENT="C." WC="0.94" CC="11"/>
							<SP ID="P1_SP00715" HPOS="408" VPOS="3134" WIDTH="10"/>
							<String ID="P1_ST00928" HPOS="418" VPOS="3106" WIDTH="22" HEIGHT="24" CONTENT="I." WC="0.98" CC="01"/>
							<SP ID="P1_SP00716" HPOS="440" VPOS="3134" WIDTH="9"/>
							<String ID="P1_ST00929" HPOS="449" VPOS="3107" WIDTH="130" HEIGHT="33" CONTENT="Jennings," WC="0.91" CC="130012012"/>
						</TextLine>
						<TextLine ID="P1_TL00196" HPOS="183" VPOS="3135" WIDTH="268" HEIGHT="35">
							<String ID="P1_ST00930" HPOS="183" VPOS="3135" WIDTH="129" HEIGHT="32" CONTENT="Stationer," WC="0.94" CC="2011001111"/>
							<SP ID="P1_SP00717" HPOS="312" VPOS="3167" WIDTH="10"/>
							<String ID="P1_ST00931" HPOS="322" VPOS="3137" WIDTH="129" HEIGHT="33" CONTENT="Rangioro." WC="0.84" CC="111010661"/>
						</TextLine>
					</TextBlock>
				</ComposedBlock>
				<ComposedBlock ID="P1_CB00011" HPOS="38" VPOS="1870" WIDTH="543" HEIGHT="468" TYPE="Advertisement">
					<TextBlock ID="P1_TB00015" HPOS="38" VPOS="1870" WIDTH="543" HEIGHT="468" STYLEREFS="TXT_18 PAR_LEFT">
						<TextLine ID="P1_TL00197" HPOS="43" VPOS="1872" WIDTH="523" HEIGHT="66">
							<String ID="P1_ST00932" HPOS="43" VPOS="1879" WIDTH="48" HEIGHT="59" CONTENT="J." WC="0.94" CC="01" STYLEREFS="TXT_20"/>
							<SP ID="P1_SP00718" HPOS="91" VPOS="1938" WIDTH="43"/>
							<String ID="P1_ST00933" HPOS="134" VPOS="1878" WIDTH="44" HEIGHT="59" CONTENT="J." WC="0.96" CC="01" STYLEREFS="TXT_20"/>
							<SP ID="P1_SP00719" HPOS="178" VPOS="1938" WIDTH="40"/>
							<String ID="P1_ST00934" HPOS="218" VPOS="1872" WIDTH="348" HEIGHT="66" CONTENT="WEEBER," WC="0.95" CC="0020111" STYLEREFS="TXT_20"/>
						</TextLine>
						<TextLine ID="P1_TL00198" HPOS="127" VPOS="1937" WIDTH="362" HEIGHT="33">
							<String ID="P1_ST00935" HPOS="127" VPOS="1938" WIDTH="70" HEIGHT="32" CONTENT="High" WC="0.98" CC="1010" STYLEREFS="TXT_27"/>
							<SP ID="P1_SP00720" HPOS="197" VPOS="1970" WIDTH="13"/>
							<String ID="P1_ST00936" HPOS="210" VPOS="1938" WIDTH="86" HEIGHT="28" CONTENT="Street," WC="0.95" CC="1111010" STYLEREFS="TXT_27"/>
							<SP ID="P1_SP00721" HPOS="296" VPOS="1970" WIDTH="13"/>
							<String ID="P1_ST00937" HPOS="309" VPOS="1938" WIDTH="62" HEIGHT="24" CONTENT="East" WC="0.95" CC="1011" STYLEREFS="TXT_27"/>
							<SP ID="P1_SP00722" HPOS="371" VPOS="1970" WIDTH="20"/>
							<String ID="P1_ST00938" HPOS="391" VPOS="1937" WIDTH="98" HEIGHT="26" CONTENT="Oxford." WC="0.98" CC="0100001" STYLEREFS="TXT_27"/>
						</TextLine>
						<TextLine ID="P1_TL00199" HPOS="127" VPOS="1997" WIDTH="366" HEIGHT="28">
							<String ID="P1_ST00939" HPOS="127" VPOS="1998" WIDTH="125" HEIGHT="27" CONTENT="PICTURE" WC="0.85" CC="7010211" STYLEREFS="TXT_27"/>
							<SP ID="P1_SP00723" HPOS="252" VPOS="2025" WIDTH="20"/>
							<String ID="P1_ST00940" HPOS="272" VPOS="1997" WIDTH="97" HEIGHT="27" CONTENT="FRAME" WC="0.93" CC="10111" STYLEREFS="TXT_27"/>
							<SP ID="P1_SP00724" HPOS="369" VPOS="2025" WIDTH="23"/>
							<String ID="P1_ST00941" HPOS="392" VPOS="1997" WIDTH="101" HEIGHT="27" CONTENT="MAKER" WC="0.96" CC="00111" STYLEREFS="TXT_27"/>
						</TextLine>
						<TextLine ID="P1_TL00200" HPOS="81" VPOS="2049" WIDTH="494" HEIGHT="30">
							<String ID="P1_ST00942" HPOS="81" VPOS="2049" WIDTH="88" HEIGHT="24" CONTENT="Dealer" WC="0.96" CC="200001"/>
							<SP ID="P1_SP00725" HPOS="169" VPOS="2073" WIDTH="11"/>
							<String ID="P1_ST00943" HPOS="180" VPOS="2049" WIDTH="26" HEIGHT="24" CONTENT="m" WC="1.00" CC="0"/>
							<SP ID="P1_SP00726" HPOS="206" VPOS="2073" WIDTH="11"/>
							<String ID="P1_ST00944" HPOS="217" VPOS="2049" WIDTH="93" HEIGHT="28" CONTENT="Paints," WC="0.92" CC="2111211"/>
							<SP ID="P1_SP00727" HPOS="310" VPOS="2077" WIDTH="14"/>
							<String ID="P1_ST00945" HPOS="324" VPOS="2049" WIDTH="59" HEIGHT="28" CONTENT="Oils," WC="0.97" CC="01011"/>
							<SP ID="P1_SP00728" HPOS="383" VPOS="2077" WIDTH="15"/>
							<String ID="P1_ST00946" HPOS="398" VPOS="2050" WIDTH="82" HEIGHT="24" CONTENT="White" WC="0.97" CC="11011"/>
							<SP ID="P1_SP00729" HPOS="480" VPOS="2077" WIDTH="20"/>
							<String ID="P1_ST00947" HPOS="500" VPOS="2050" WIDTH="75" HEIGHT="29" CONTENT="Lead," WC="0.98" CC="00111"/>
						</TextLine>
						<TextLine ID="P1_TL00201" HPOS="47" VPOS="2081" WIDTH="528" HEIGHT="31">
							<String ID="P1_ST00948" HPOS="47" VPOS="2081" WIDTH="89" HEIGHT="28" CONTENT="Scrim," WC="0.92" CC="211101"/>
							<SP ID="P1_SP00730" HPOS="136" VPOS="2109" WIDTH="23"/>
							<String ID="P1_ST00949" HPOS="159" VPOS="2081" WIDTH="208" HEIGHT="31" CONTENT="Paperhangings," WC="0.94" CC="11111120011011"/>
							<SP ID="P1_SP00731" HPOS="367" VPOS="2112" WIDTH="20"/>
							<String ID="P1_ST00950" HPOS="387" VPOS="2082" WIDTH="75" HEIGHT="25" CONTENT="Sheet" WC="0.92" CC="21021"/>
							<SP ID="P1_SP00732" HPOS="462" VPOS="2112" WIDTH="31"/>
							<String ID="P1_ST00951" HPOS="493" VPOS="2083" WIDTH="82" HEIGHT="28" CONTENT="Glass," WC="0.93" CC="001211"/>
						</TextLine>
						<TextLine ID="P1_TL00202" HPOS="49" VPOS="2114" WIDTH="529" HEIGHT="31">
							<String ID="P1_ST00952" HPOS="49" VPOS="2114" WIDTH="47" HEIGHT="24" CONTENT="and" WC="0.94" CC="101"/>
							<SP ID="P1_SP00733" HPOS="96" VPOS="2138" WIDTH="14"/>
							<String ID="P1_ST00953" HPOS="110" VPOS="2121" WIDTH="68" HEIGHT="24" CONTENT="everj" WC="0.90" CC="10005"/>
							<SP ID="P1_SP00734" HPOS="178" VPOS="2145" WIDTH="15"/>
							<String ID="P1_ST00954" HPOS="193" VPOS="2114" WIDTH="84" HEIGHT="24" CONTENT="article" WC="0.97" CC="0110000"/>
							<SP ID="P1_SP00735" HPOS="277" VPOS="2145" WIDTH="22"/>
							<String ID="P1_ST00955" HPOS="299" VPOS="2115" WIDTH="131" HEIGHT="23" CONTENT="connected" WC="0.97" CC="100100101"/>
							<SP ID="P1_SP00736" HPOS="430" VPOS="2145" WIDTH="22"/>
							<String ID="P1_ST00956" HPOS="452" VPOS="2115" WIDTH="60" HEIGHT="24" CONTENT="with" WC="0.85" CC="2031"/>
							<SP ID="P1_SP00737" HPOS="512" VPOS="2145" WIDTH="23"/>
							<String ID="P1_ST00957" HPOS="535" VPOS="2116" WIDTH="43" HEIGHT="24" CONTENT="the" WC="0.96" CC="100"/>
						</TextLine>
						<TextLine ID="P1_TL00203" HPOS="49" VPOS="2145" WIDTH="75" HEIGHT="25">
							<String ID="P1_ST00958" HPOS="49" VPOS="2145" WIDTH="75" HEIGHT="25" CONTENT="trade." WC="0.93" CC="111111"/>
						</TextLine>
						<TextLine ID="P1_TL00204" HPOS="83" VPOS="2177" WIDTH="494" HEIGHT="31">
							<String ID="P1_ST00959" HPOS="83" VPOS="2178" WIDTH="80" HEIGHT="30" CONTENT="Agent" WC="0.97" CC="01011"/>
							<SP ID="P1_SP00738" HPOS="163" VPOS="2208" WIDTH="17"/>
							<String ID="P1_ST00960" HPOS="180" VPOS="2178" WIDTH="39" HEIGHT="23" CONTENT="for" WC="0.97" CC="101"/>
							<SP ID="P1_SP00739" HPOS="219" VPOS="2208" WIDTH="26"/>
							<String ID="P1_ST00961" HPOS="245" VPOS="2177" WIDTH="37" HEIGHT="24" CONTENT="W." WC="0.93" CC="11"/>
							<SP ID="P1_SP00740" HPOS="282" VPOS="2208" WIDTH="24"/>
							<String ID="P1_ST00962" HPOS="306" VPOS="2178" WIDTH="139" HEIGHT="25" CONTENT="Rainbow's" WC="0.94" CC="210010111"/>
							<SP ID="P1_SP00741" HPOS="445" VPOS="2208" WIDTH="23"/>
							<String ID="P1_ST00963" HPOS="468" VPOS="2179" WIDTH="109" HEIGHT="24" CONTENT="Cordials" WC="0.97" CC="10010001"/>
						</TextLine>
						<TextLine ID="P1_TL00205" HPOS="48" VPOS="2209" WIDTH="528" HEIGHT="33">
							<String ID="P1_ST00964" HPOS="48" VPOS="2210" WIDTH="51" HEIGHT="23" CONTENT="and" WC="0.97" CC="100"/>
							<SP ID="P1_SP00742" HPOS="99" VPOS="2233" WIDTH="55"/>
							<String ID="P1_ST00965" HPOS="154" VPOS="2209" WIDTH="139" HEIGHT="28" CONTENT="Medicines," WC="0.93" CC="1011010311"/>
							<SP ID="P1_SP00743" HPOS="293" VPOS="2237" WIDTH="46"/>
							<String ID="P1_ST00966" HPOS="339" VPOS="2210" WIDTH="49" HEIGHT="24" CONTENT="and" WC="0.99" CC="010"/>
							<SP ID="P1_SP00744" HPOS="388" VPOS="2237" WIDTH="44"/>
							<String ID="P1_ST00967" HPOS="432" VPOS="2210" WIDTH="144" HEIGHT="32" CONTENT="Waterbury" WC="0.97" CC="201010000"/>
						</TextLine>
						<TextLine ID="P1_TL00206" HPOS="51" VPOS="2241" WIDTH="296" HEIGHT="28">
							<String ID="P1_ST00968" HPOS="51" VPOS="2241" WIDTH="124" HEIGHT="28" CONTENT="Watches," WC="0.97" CC="11111010"/>
							<SP ID="P1_SP00745" HPOS="175" VPOS="2269" WIDTH="13"/>
							<String ID="P1_ST00969" HPOS="188" VPOS="2241" WIDTH="95" HEIGHT="28" CONTENT="Clocks," WC="0.98" CC="0100011"/>
							<SP ID="P1_SP00746" HPOS="283" VPOS="2269" WIDTH="24"/>
							<String ID="P1_ST00970" HPOS="307" VPOS="2243" WIDTH="40" HEIGHT="24" CONTENT="&amp;c." WC="0.95" CC="200"/>
						</TextLine>
						<TextLine ID="P1_TL00207" HPOS="164" VPOS="2311" WIDTH="298" HEIGHT="25">
							<String ID="P1_ST00971" HPOS="164" VPOS="2311" WIDTH="85" HEIGHT="23" CONTENT="Paints" WC="0.96" CC="101101"/>
							<SP ID="P1_SP00747" HPOS="249" VPOS="2334" WIDTH="11"/>
							<String ID="P1_ST00972" HPOS="260" VPOS="2311" WIDTH="81" HEIGHT="24" CONTENT="mixed" WC="0.95" CC="10110"/>
							<SP ID="P1_SP00748" HPOS="341" VPOS="2335" WIDTH="9"/>
							<String ID="P1_ST00973" HPOS="350" VPOS="2313" WIDTH="26" HEIGHT="22" CONTENT="to" WC="1.00" CC="00"/>
							<SP ID="P1_SP00749" HPOS="376" VPOS="2335" WIDTH="11"/>
							<String ID="P1_ST00974" HPOS="387" VPOS="2311" WIDTH="75" HEIGHT="25" CONTENT="order." WC="0.96" CC="001012"/>
						</TextLine>
					</TextBlock>
				</ComposedBlock>
				<ComposedBlock ID="P1_CB00012" HPOS="27" VPOS="664" WIDTH="1197" HEIGHT="1138" TYPE="Advertisement">
					<TextBlock ID="P1_TB00016" HPOS="27" VPOS="664" WIDTH="1197" HEIGHT="1138" STYLEREFS="TXT_7 PAR_LEFT">
						<TextLine ID="P1_TL00208" HPOS="371" VPOS="668" WIDTH="456" HEIGHT="43">
							<String ID="P1_ST00975" HPOS="371" VPOS="671" WIDTH="56" HEIGHT="39" CONTENT="J," WC="0.87" CC="12" STYLEREFS="TXT_28"/>
							<SP ID="P1_SP00750" HPOS="427" VPOS="710" WIDTH="45"/>
							<String ID="P1_ST00976" HPOS="472" VPOS="669" WIDTH="57" HEIGHT="40" CONTENT="S." WC="0.89" CC="21" STYLEREFS="TXT_28"/>
							<SP ID="P1_SP00751" HPOS="529" VPOS="710" WIDTH="46"/>
							<String ID="P1_ST00977" HPOS="575" VPOS="668" WIDTH="252" HEIGHT="43" CONTENT="COOK," WC="0.84" CC="11061" STYLEREFS="TXT_28"/>
						</TextLine>
						<TextLine ID="P1_TL00209" HPOS="570" VPOS="719" WIDTH="268" HEIGHT="26">
							<String ID="P1_ST00978" HPOS="570" VPOS="720" WIDTH="41" HEIGHT="19" CONTENT="The" WC="0.97" CC="101" STYLEREFS="TXT_11"/>
							<SP ID="P1_SP00752" HPOS="611" VPOS="739" WIDTH="18"/>
							<String ID="P1_ST00979" HPOS="629" VPOS="719" WIDTH="90" HEIGHT="26" CONTENT="People's" WC="0.83" CC="12090011" STYLEREFS="TXT_11"/>
							<SP ID="P1_SP00753" HPOS="719" VPOS="745" WIDTH="25"/>
							<String ID="P1_ST00980" HPOS="744" VPOS="720" WIDTH="94" HEIGHT="23" CONTENT="Chemist," WC="0.86" CC="10031511" STYLEREFS="TXT_11"/>
						</TextLine>
						<TextLine ID="P1_TL00210" HPOS="799" VPOS="753" WIDTH="202" HEIGHT="31">
							<String ID="P1_ST00981" HPOS="799" VPOS="754" WIDTH="91" HEIGHT="25" CONTENT="Cashel" WC="0.86" CC="111321" STYLEREFS="TXT_23"/>
							<SP ID="P1_SP00754" HPOS="890" VPOS="779" WIDTH="17"/>
							<String ID="P1_ST00982" HPOS="907" VPOS="753" WIDTH="94" HEIGHT="31" CONTENT="Street," WC="0.81" CC="1011218" STYLEREFS="TXT_23"/>
						</TextLine>
						<TextLine ID="P1_TL00211" HPOS="829" VPOS="789" WIDTH="346" HEIGHT="28">
							<String ID="P1_ST00983" HPOS="829" VPOS="789" WIDTH="283" HEIGHT="27" CONTENT="CHRISTCHUKCHV" WC="0.81" CC="0110111129116" STYLEREFS="TXT_4"/>
							<SP ID="P1_SP00755" HPOS="1112" VPOS="816" WIDTH="14"/>
							<String ID="P1_ST00984" HPOS="1126" VPOS="794" WIDTH="6" HEIGHT="4" CONTENT='"' WC="0.11" CC="8" STYLEREFS="TXT_4"/>
							<SP ID="P1_SP00756" HPOS="1132" VPOS="816" WIDTH="39"/>
							<String ID="P1_ST00985" HPOS="1171" VPOS="810" WIDTH="4" HEIGHT="7" CONTENT="," WC="1.00" CC="0" STYLEREFS="TXT_4"/>
						</TextLine>
						<TextLine ID="P1_TL00212" HPOS="845" VPOS="829" WIDTH="354" HEIGHT="37">
							<String ID="P1_ST00986" HPOS="845" VPOS="833" WIDTH="127" HEIGHT="33" CONTENT="(Opposite" WC="0.98" CC="100001001" STYLEREFS="TXT_4"/>
							<SP ID="P1_SP00757" HPOS="972" VPOS="866" WIDTH="10"/>
							<String ID="P1_ST00987" HPOS="982" VPOS="833" WIDTH="41" HEIGHT="24" CONTENT="the" WC="0.83" CC="141" STYLEREFS="TXT_4"/>
							<SP ID="P1_SP00758" HPOS="1023" VPOS="866" WIDTH="21"/>
							<String ID="P1_ST00988" HPOS="1044" VPOS="832" WIDTH="55" HEIGHT="24" CONTENT="A.I." WC="0.95" CC="2001" STYLEREFS="TXT_4"/>
							<SP ID="P1_SP00759" HPOS="1099" VPOS="866" WIDTH="15"/>
							<String ID="P1_ST00989" HPOS="1114" VPOS="829" WIDTH="85" HEIGHT="33" CONTENT="Hotel)" WC="0.99" CC="000100" STYLEREFS="TXT_4"/>
						</TextLine>
						<TextLine ID="P1_TL00213" HPOS="58" VPOS="900" WIDTH="1158" HEIGHT="32">
							<String ID="P1_ST00990" HPOS="58" VPOS="907" WIDTH="14" HEIGHT="20" CONTENT="I" WC="1.00" CC="0"/>
							<SP ID="P1_SP00760" HPOS="72" VPOS="927" WIDTH="8"/>
							<String ID="P1_ST00991" HPOS="80" VPOS="906" WIDTH="52" HEIGHT="22" CONTENT="have" WC="0.87" CC="1141"/>
							<SP ID="P1_SP00761" HPOS="132" VPOS="928" WIDTH="9"/>
							<String ID="P1_ST00992" HPOS="141" VPOS="905" WIDTH="94" HEIGHT="27" CONTENT="pleasure" WC="0.90" CC="02211201"/>
							<SP ID="P1_SP00762" HPOS="235" VPOS="932" WIDTH="8"/>
							<String ID="P1_ST00993" HPOS="243" VPOS="904" WIDTH="23" HEIGHT="21" CONTENT="m" WC="1.00" CC="0"/>
							<SP ID="P1_SP00763" HPOS="266" VPOS="932" WIDTH="11"/>
							<String ID="P1_ST00994" HPOS="277" VPOS="904" WIDTH="103" HEIGHT="27" CONTENT="thanking" WC="0.93" CC="21103001"/>
							<SP ID="P1_SP00764" HPOS="380" VPOS="932" WIDTH="8"/>
							<String ID="P1_ST00995" HPOS="388" VPOS="911" WIDTH="35" HEIGHT="19" CONTENT="ray" WC="0.93" CC="110"/>
							<SP ID="P1_SP00765" HPOS="423" VPOS="932" WIDTH="10"/>
							<String ID="P1_ST00996" HPOS="433" VPOS="904" WIDTH="77" HEIGHT="21" CONTENT="friends" WC="0.93" CC="3010111"/>
							<SP ID="P1_SP00766" HPOS="510" VPOS="932" WIDTH="11"/>
							<String ID="P1_ST00997" HPOS="521" VPOS="905" WIDTH="41" HEIGHT="20" CONTENT="and" WC="0.97" CC="010"/>
							<SP ID="P1_SP00767" HPOS="562" VPOS="932" WIDTH="9"/>
							<String ID="P1_ST00998" HPOS="571" VPOS="906" WIDTH="120" HEIGHT="24" CONTENT="supporters" WC="0.98" CC="0101011000"/>
							<SP ID="P1_SP00768" HPOS="691" VPOS="932" WIDTH="10"/>
							<String ID="P1_ST00999" HPOS="701" VPOS="904" WIDTH="33" HEIGHT="20" CONTENT="for" WC="0.99" CC="001"/>
							<SP ID="P1_SP00769" HPOS="734" VPOS="932" WIDTH="9"/>
							<String ID="P1_ST01000" HPOS="743" VPOS="904" WIDTH="36" HEIGHT="21" CONTENT="the" WC="0.99" CC="001"/>
							<SP ID="P1_SP00770" HPOS="779" VPOS="932" WIDTH="15"/>
							<String ID="P1_ST01001" HPOS="794" VPOS="903" WIDTH="119" HEIGHT="22" CONTENT="confidence" WC="0.94" CC="1002211100"/>
							<SP ID="P1_SP00771" HPOS="913" VPOS="932" WIDTH="18"/>
							<String ID="P1_ST01002" HPOS="931" VPOS="902" WIDTH="42" HEIGHT="21" CONTENT="and" WC="0.91" CC="111"/>
							<SP ID="P1_SP00772" HPOS="973" VPOS="932" WIDTH="17"/>
							<String ID="P1_ST01003" HPOS="990" VPOS="908" WIDTH="49" HEIGHT="18" CONTENT="very" WC="0.96" CC="0110"/>
							<SP ID="P1_SP00773" HPOS="1039" VPOS="932" WIDTH="17"/>
							<String ID="P1_ST01004" HPOS="1056" VPOS="901" WIDTH="86" HEIGHT="21" CONTENT="liberals" WC="0.86" CC="00011109"/>
							<SP ID="P1_SP00774" HPOS="1142" VPOS="932" WIDTH="5"/>
							<String ID="P1_ST01005" HPOS="1147" VPOS="900" WIDTH="44" HEIGHT="26" CONTENT="pat-" WC="0.94" CC="0021"/>
							<SP ID="P1_SP00775" HPOS="1191" VPOS="932" WIDTH="22"/>
							<String ID="P1_ST01006" HPOS="1213" VPOS="919" WIDTH="3" HEIGHT="3" CONTENT="." WC="0.96" CC="1"/>
						</TextLine>
						<TextLine ID="P1_TL00214" HPOS="42" VPOS="936" WIDTH="1156" HEIGHT="31">
							<String ID="P1_ST01007" HPOS="42" VPOS="949" WIDTH="78" HEIGHT="18" CONTENT="ronage" WC="0.86" CC="102151"/>
							<SP ID="P1_SP00776" HPOS="120" VPOS="967" WIDTH="9"/>
							<String ID="P1_ST01008" HPOS="129" VPOS="942" WIDTH="67" HEIGHT="21" CONTENT="which" WC="0.93" CC="20110"/>
							<SP ID="P1_SP00777" HPOS="196" VPOS="967" WIDTH="9"/>
							<String ID="P1_ST01009" HPOS="205" VPOS="942" WIDTH="39" HEIGHT="20" CONTENT="has" WC="0.88" CC="022"/>
							<SP ID="P1_SP00778" HPOS="244" VPOS="967" WIDTH="9"/>
							<String ID="P1_ST01010" HPOS="253" VPOS="942" WIDTH="50" HEIGHT="19" CONTENT="been" WC="0.89" CC="1113"/>
							<SP ID="P1_SP00779" HPOS="303" VPOS="967" WIDTH="7"/>
							<String ID="P1_ST01011" HPOS="310" VPOS="941" WIDTH="99" HEIGHT="20" CONTENT="extended" WC="0.95" CC="12110110"/>
							<SP ID="P1_SP00780" HPOS="409" VPOS="967" WIDTH="9"/>
							<String ID="P1_ST01012" HPOS="418" VPOS="943" WIDTH="21" HEIGHT="18" CONTENT="to" WC="0.94" CC="01"/>
							<SP ID="P1_SP00781" HPOS="439" VPOS="967" WIDTH="8"/>
							<String ID="P1_ST01013" HPOS="447" VPOS="947" WIDTH="33" HEIGHT="14" CONTENT="me" WC="0.93" CC="11"/>
							<SP ID="P1_SP00782" HPOS="480" VPOS="967" WIDTH="6"/>
							<String ID="P1_ST01014" HPOS="486" VPOS="942" WIDTH="32" HEIGHT="19" CONTENT="for" WC="0.96" CC="111"/>
							<SP ID="P1_SP00783" HPOS="518" VPOS="967" WIDTH="9"/>
							<String ID="P1_ST01015" HPOS="527" VPOS="941" WIDTH="37" HEIGHT="20" CONTENT="the" WC="1.00" CC="000"/>
							<SP ID="P1_SP00784" HPOS="564" VPOS="967" WIDTH="8"/>
							<String ID="P1_ST01016" HPOS="572" VPOS="943" WIDTH="48" HEIGHT="23" CONTENT="past" WC="0.97" CC="1010"/>
							<SP ID="P1_SP00785" HPOS="620" VPOS="967" WIDTH="8"/>
							<String ID="P1_ST01017" HPOS="628" VPOS="947" WIDTH="67" HEIGHT="19" CONTENT="years," WC="0.99" CC="001100"/>
							<SP ID="P1_SP00786" HPOS="695" VPOS="967" WIDTH="8"/>
							<String ID="P1_ST01018" HPOS="703" VPOS="940" WIDTH="12" HEIGHT="20" CONTENT="I" WC="1.00" CC="0"/>
							<SP ID="P1_SP00787" HPOS="715" VPOS="967" WIDTH="9"/>
							<String ID="P1_ST01019" HPOS="724" VPOS="942" WIDTH="55" HEIGHT="19" CONTENT="trust" WC="0.92" CC="10211"/>
							<SP ID="P1_SP00788" HPOS="779" VPOS="967" WIDTH="9"/>
							<String ID="P1_ST01020" HPOS="788" VPOS="940" WIDTH="47" HEIGHT="21" CONTENT="that" WC="0.95" CC="1011"/>
							<SP ID="P1_SP00789" HPOS="835" VPOS="967" WIDTH="17"/>
							<String ID="P1_ST01021" HPOS="852" VPOS="940" WIDTH="13" HEIGHT="20" CONTENT="I" WC="1.00" CC="0"/>
							<SP ID="P1_SP00790" HPOS="865" VPOS="967" WIDTH="17"/>
							<String ID="P1_ST01022" HPOS="882" VPOS="940" WIDTH="56" HEIGHT="20" CONTENT="shall" WC="0.89" CC="22110"/>
							<SP ID="P1_SP00791" HPOS="938" VPOS="967" WIDTH="16"/>
							<String ID="P1_ST01023" HPOS="954" VPOS="939" WIDTH="61" HEIGHT="20" CONTENT="merit" WC="0.92" CC="30111"/>
							<SP ID="P1_SP00792" HPOS="1015" VPOS="967" WIDTH="18"/>
							<String ID="P1_ST01024" HPOS="1033" VPOS="938" WIDTH="36" HEIGHT="20" CONTENT="the" WC="0.96" CC="101"/>
							<SP ID="P1_SP00793" HPOS="1069" VPOS="967" WIDTH="17"/>
							<String ID="P1_ST01025" HPOS="1086" VPOS="936" WIDTH="112" HEIGHT="22" CONTENT="continued" WC="0.98" CC="001001100"/>
						</TextLine>
						<TextLine ID="P1_TL00215" HPOS="43" VPOS="972" WIDTH="1152" HEIGHT="33">
							<String ID="P1_ST01026" HPOS="43" VPOS="981" WIDTH="113" HEIGHT="24" CONTENT="patronaga" WC="0.89" CC="111112122"/>
							<SP ID="P1_SP00794" HPOS="156" VPOS="1005" WIDTH="9"/>
							<String ID="P1_ST01027" HPOS="165" VPOS="979" WIDTH="22" HEIGHT="19" CONTENT="of" WC="0.98" CC="01"/>
							<SP ID="P1_SP00795" HPOS="187" VPOS="1005" WIDTH="9"/>
							<String ID="P1_ST01028" HPOS="196" VPOS="984" WIDTH="35" HEIGHT="18" CONTENT="my" WC="0.94" CC="11"/>
							<SP ID="P1_SP00796" HPOS="231" VPOS="1005" WIDTH="8"/>
							<String ID="P1_ST01029" HPOS="239" VPOS="977" WIDTH="79" HEIGHT="21" CONTENT="friends" WC="0.92" CC="1111111"/>
							<SP ID="P1_SP00797" HPOS="318" VPOS="1005" WIDTH="9"/>
							<String ID="P1_ST01030" HPOS="327" VPOS="978" WIDTH="42" HEIGHT="20" CONTENT="and" WC="0.91" CC="111"/>
							<SP ID="P1_SP00798" HPOS="369" VPOS="1005" WIDTH="10"/>
							<String ID="P1_ST01031" HPOS="379" VPOS="977" WIDTH="34" HEIGHT="20" CONTENT="the" WC="0.95" CC="111"/>
							<SP ID="P1_SP00799" HPOS="413" VPOS="1005" WIDTH="10"/>
							<String ID="P1_ST01032" HPOS="423" VPOS="977" WIDTH="70" HEIGHT="25" CONTENT="public" WC="0.97" CC="011010"/>
							<SP ID="P1_SP00800" HPOS="493" VPOS="1005" WIDTH="6"/>
							<String ID="P1_ST01033" HPOS="499" VPOS="977" WIDTH="110" HEIGHT="24" CONTENT="generally." WC="0.97" CC="1100110111"/>
							<SP ID="P1_SP00801" HPOS="609" VPOS="1005" WIDTH="27"/>
							<String ID="P1_ST01034" HPOS="636" VPOS="977" WIDTH="81" HEIGHT="24" CONTENT="During" WC="0.88" CC="221211"/>
							<SP ID="P1_SP00802" HPOS="717" VPOS="1005" WIDTH="9"/>
							<String ID="P1_ST01035" HPOS="726" VPOS="977" WIDTH="36" HEIGHT="21" CONTENT="the" WC="0.95" CC="101"/>
							<SP ID="P1_SP00803" HPOS="762" VPOS="1005" WIDTH="8"/>
							<String ID="P1_ST01036" HPOS="770" VPOS="982" WIDTH="59" HEIGHT="19" CONTENT="years" WC="0.80" CC="01117"/>
							<SP ID="P1_SP00804" HPOS="829" VPOS="1005" WIDTH="8"/>
							<String ID="P1_ST01037" HPOS="837" VPOS="976" WIDTH="12" HEIGHT="20" CONTENT="I" WC="0.96" CC="1"/>
							<SP ID="P1_SP00805" HPOS="849" VPOS="1005" WIDTH="13"/>
							<String ID="P1_ST01038" HPOS="862" VPOS="976" WIDTH="52" HEIGHT="20" CONTENT="have" WC="0.93" CC="0211"/>
							<SP ID="P1_SP00806" HPOS="914" VPOS="1005" WIDTH="6"/>
							<String ID="P1_ST01039" HPOS="920" VPOS="975" WIDTH="51" HEIGHT="20" CONTENT="been" WC="0.78" CC="1116"/>
							<SP ID="P1_SP00807" HPOS="971" VPOS="1005" WIDTH="9"/>
							<String ID="P1_ST01040" HPOS="980" VPOS="975" WIDTH="23" HEIGHT="19" CONTENT="m" WC="0.96" CC="1"/>
							<SP ID="P1_SP00808" HPOS="1003" VPOS="1005" WIDTH="17"/>
							<String ID="P1_ST01041" HPOS="1020" VPOS="973" WIDTH="42" HEIGHT="21" CONTENT="Chr" WC="0.96" CC="110"/>
							<SP ID="P1_SP00809" HPOS="1062" VPOS="1005" WIDTH="9"/>
							<String ID="P1_ST01042" HPOS="1071" VPOS="977" WIDTH="17" HEIGHT="16" CONTENT="st" WC="0.87" CC="21"/>
							<SP ID="P1_SP00810" HPOS="1088" VPOS="1005" WIDTH="3"/>
							<String ID="P1_ST01043" HPOS="1091" VPOS="973" WIDTH="78" HEIGHT="21" CONTENT="church" WC="0.81" CC="001190"/>
							<SP ID="P1_SP00811" HPOS="1169" VPOS="1005" WIDTH="14"/>
							<String ID="P1_ST01044" HPOS="1183" VPOS="972" WIDTH="12" HEIGHT="20" CONTENT="I" WC="1.00" CC="0"/>
						</TextLine>
						<TextLine ID="P1_TL00216" HPOS="42" VPOS="1010" WIDTH="1150" HEIGHT="29">
							<String ID="P1_ST01045" HPOS="42" VPOS="1014" WIDTH="53" HEIGHT="20" CONTENT="have" WC="0.95" CC="0110"/>
							<SP ID="P1_SP00812" HPOS="95" VPOS="1034" WIDTH="9"/>
							<String ID="P1_ST01046" HPOS="104" VPOS="1013" WIDTH="110" HEIGHT="26" CONTENT="dispensed" WC="0.93" CC="002112110"/>
							<SP ID="P1_SP00813" HPOS="214" VPOS="1039" WIDTH="6"/>
							<String ID="P1_ST01047" HPOS="220" VPOS="1019" WIDTH="64" HEIGHT="19" CONTENT="many" WC="0.93" CC="2111"/>
							<SP ID="P1_SP00814" HPOS="284" VPOS="1039" WIDTH="7"/>
							<String ID="P1_ST01048" HPOS="291" VPOS="1013" WIDTH="115" HEIGHT="20" CONTENT="thousands" WC="0.81" CC="120111191"/>
							<SP ID="P1_SP00815" HPOS="406" VPOS="1039" WIDTH="9"/>
							<String ID="P1_ST01049" HPOS="415" VPOS="1013" WIDTH="22" HEIGHT="20" CONTENT="of" WC="0.96" CC="01"/>
							<SP ID="P1_SP00816" HPOS="437" VPOS="1039" WIDTH="9"/>
							<String ID="P1_ST01050" HPOS="446" VPOS="1012" WIDTH="148" HEIGHT="26" CONTENT="prescriptions" WC="0.96" CC="0001200011001"/>
							<SP ID="P1_SP00817" HPOS="594" VPOS="1039" WIDTH="9"/>
							<String ID="P1_ST01051" HPOS="603" VPOS="1013" WIDTH="42" HEIGHT="20" CONTENT="and" WC="0.90" CC="211"/>
							<SP ID="P1_SP00818" HPOS="645" VPOS="1039" WIDTH="9"/>
							<String ID="P1_ST01052" HPOS="654" VPOS="1013" WIDTH="134" HEIGHT="25" CONTENT="successfully" WC="0.92" CC="111101111111"/>
							<SP ID="P1_SP00819" HPOS="788" VPOS="1039" WIDTH="9"/>
							<String ID="P1_ST01053" HPOS="797" VPOS="1012" WIDTH="78" HEIGHT="21" CONTENT="treated" WC="0.96" CC="1001011"/>
							<SP ID="P1_SP00820" HPOS="875" VPOS="1039" WIDTH="11"/>
							<String ID="P1_ST01054" HPOS="886" VPOS="1012" WIDTH="76" HEIGHT="20" CONTENT="several" WC="0.96" CC="1101001"/>
							<SP ID="P1_SP00821" HPOS="962" VPOS="1039" WIDTH="20"/>
							<String ID="P1_ST01055" HPOS="982" VPOS="1010" WIDTH="118" HEIGHT="21" CONTENT="thousands" WC="0.88" CC="101810101"/>
							<SP ID="P1_SP00822" HPOS="1100" VPOS="1039" WIDTH="17"/>
							<String ID="P1_ST01056" HPOS="1117" VPOS="1011" WIDTH="21" HEIGHT="18" CONTENT="of" WC="0.94" CC="01"/>
							<SP ID="P1_SP00823" HPOS="1138" VPOS="1039" WIDTH="19"/>
							<String ID="P1_ST01057" HPOS="1157" VPOS="1015" WIDTH="35" HEIGHT="19" CONTENT="my" WC="0.91" CC="11"/>
						</TextLine>
						<TextLine ID="P1_TL00217" HPOS="33" VPOS="1047" WIDTH="1187" HEIGHT="29">
							<String ID="P1_ST01058" HPOS="33" VPOS="1051" WIDTH="98" HEIGHT="25" CONTENT="patients." WC="0.95" CC="111001021"/>
							<SP ID="P1_SP00824" HPOS="131" VPOS="1076" WIDTH="27"/>
							<String ID="P1_ST01059" HPOS="158" VPOS="1051" WIDTH="55" HEIGHT="19" CONTENT="lam" WC="1.00" CC="021"/>
							<SP ID="P1_SP00825" HPOS="213" VPOS="1076" WIDTH="8"/>
							<String ID="P1_ST01060" HPOS="221" VPOS="1049" WIDTH="53" HEIGHT="25" CONTENT="fully" WC="0.82" CC="60111"/>
							<SP ID="P1_SP00826" HPOS="274" VPOS="1076" WIDTH="8"/>
							<String ID="P1_ST01061" HPOS="282" VPOS="1049" WIDTH="125" HEIGHT="25" CONTENT="acquainted" WC="0.86" CC="1241102221"/>
							<SP ID="P1_SP00827" HPOS="407" VPOS="1076" WIDTH="9"/>
							<String ID="P1_ST01062" HPOS="416" VPOS="1050" WIDTH="49" HEIGHT="20" CONTENT="with" WC="0.78" CC="7011"/>
							<SP ID="P1_SP00828" HPOS="465" VPOS="1076" WIDTH="9"/>
							<String ID="P1_ST01063" HPOS="474" VPOS="1050" WIDTH="36" HEIGHT="21" CONTENT="the" WC="0.81" CC="141"/>
							<SP ID="P1_SP00829" HPOS="510" VPOS="1076" WIDTH="14"/>
							<String ID="P1_ST01064" HPOS="524" VPOS="1050" WIDTH="94" HEIGHT="21" CONTENT="business" WC="0.92" CC="11111121"/>
							<SP ID="P1_SP00830" HPOS="618" VPOS="1076" WIDTH="7"/>
							<String ID="P1_ST01065" HPOS="625" VPOS="1050" WIDTH="23" HEIGHT="19" CONTENT="m" WC="0.94" CC="1"/>
							<SP ID="P1_SP00831" HPOS="648" VPOS="1076" WIDTH="9"/>
							<String ID="P1_ST01066" HPOS="657" VPOS="1050" WIDTH="29" HEIGHT="19" CONTENT="all" WC="0.86" CC="112"/>
							<SP ID="P1_SP00832" HPOS="686" VPOS="1076" WIDTH="9"/>
							<String ID="P1_ST01067" HPOS="695" VPOS="1050" WIDTH="29" HEIGHT="19" CONTENT="its" WC="0.91" CC="102"/>
							<SP ID="P1_SP00833" HPOS="724" VPOS="1076" WIDTH="7"/>
							<String ID="P1_ST01068" HPOS="731" VPOS="1048" WIDTH="109" HEIGHT="25" CONTENT="branches," WC="0.93" CC="011130011"/>
							<SP ID="P1_SP00834" HPOS="840" VPOS="1076" WIDTH="10"/>
							<String ID="P1_ST01069" HPOS="850" VPOS="1048" WIDTH="43" HEIGHT="21" CONTENT="and" WC="0.91" CC="211"/>
							<SP ID="P1_SP00835" HPOS="893" VPOS="1076" WIDTH="8"/>
							<String ID="P1_ST01070" HPOS="901" VPOS="1048" WIDTH="80" HEIGHT="26" CONTENT="itismy" WC="0.94" CC="011111"/>
							<SP ID="P1_SP00836" HPOS="981" VPOS="1076" WIDTH="9"/>
							<String ID="P1_ST01071" HPOS="990" VPOS="1053" WIDTH="26" HEIGHT="14" CONTENT="en" WC="0.91" CC="12"/>
							<SP ID="P1_SP00837" HPOS="1016" VPOS="1076" WIDTH="6"/>
							<String ID="P1_ST01072" HPOS="1022" VPOS="1048" WIDTH="87" HEIGHT="19" CONTENT="leavour" WC="0.87" CC="6111011"/>
							<SP ID="P1_SP00838" HPOS="1109" VPOS="1076" WIDTH="8"/>
							<String ID="P1_ST01073" HPOS="1117" VPOS="1047" WIDTH="76" HEIGHT="25" CONTENT="always" WC="0.81" CC="242212"/>
							<SP ID="P1_SP00839" HPOS="1193" VPOS="1076" WIDTH="21"/>
							<String ID="P1_ST01074" HPOS="1214" VPOS="1047" WIDTH="6" HEIGHT="4" CONTENT="'" WC="0.70" CC="3"/>
						</TextLine>
						<TextLine ID="P1_TL00218" HPOS="33" VPOS="1084" WIDTH="1164" HEIGHT="28">
							<String ID="P1_ST01075" HPOS="33" VPOS="1088" WIDTH="23" HEIGHT="19" CONTENT="to" WC="0.98" CC="01"/>
							<SP ID="P1_SP00840" HPOS="56" VPOS="1107" WIDTH="11"/>
							<String ID="P1_ST01076" HPOS="67" VPOS="1086" WIDTH="118" HEIGHT="26" CONTENT="personally" WC="0.94" CC="1211011011"/>
							<SP ID="P1_SP00841" HPOS="185" VPOS="1112" WIDTH="13"/>
							<String ID="P1_ST01077" HPOS="198" VPOS="1086" WIDTH="72" HEIGHT="20" CONTENT="attend" WC="0.91" CC="221111"/>
							<SP ID="P1_SP00842" HPOS="270" VPOS="1112" WIDTH="10"/>
							<String ID="P1_ST01078" HPOS="280" VPOS="1087" WIDTH="22" HEIGHT="18" CONTENT="to" WC="0.98" CC="10"/>
							<SP ID="P1_SP00843" HPOS="302" VPOS="1112" WIDTH="10"/>
							<String ID="P1_ST01079" HPOS="312" VPOS="1086" WIDTH="33" HEIGHT="20" CONTENT="the" WC="0.90" CC="112"/>
							<SP ID="P1_SP00844" HPOS="345" VPOS="1112" WIDTH="7"/>
							<String ID="P1_ST01080" HPOS="352" VPOS="1086" WIDTH="149" HEIGHT="23" CONTENT="requirements" WC="0.95" CC="111101020111"/>
							<SP ID="P1_SP00845" HPOS="501" VPOS="1112" WIDTH="9"/>
							<String ID="P1_ST01081" HPOS="510" VPOS="1086" WIDTH="42" HEIGHT="20" CONTENT="and" WC="0.96" CC="011"/>
							<SP ID="P1_SP00846" HPOS="552" VPOS="1112" WIDTH="7"/>
							<String ID="P1_ST01082" HPOS="559" VPOS="1086" WIDTH="71" HEIGHT="19" CONTENT="obtain" WC="0.97" CC="001101"/>
							<SP ID="P1_SP00847" HPOS="630" VPOS="1112" WIDTH="11"/>
							<String ID="P1_ST01083" HPOS="641" VPOS="1085" WIDTH="35" HEIGHT="21" CONTENT="the" WC="0.94" CC="111"/>
							<SP ID="P1_SP00848" HPOS="676" VPOS="1112" WIDTH="9"/>
							<String ID="P1_ST01084" HPOS="685" VPOS="1085" WIDTH="119" HEIGHT="21" CONTENT="confidence" WC="0.87" CC="1003311131"/>
							<SP ID="P1_SP00849" HPOS="804" VPOS="1112" WIDTH="14"/>
							<String ID="P1_ST01085" HPOS="818" VPOS="1086" WIDTH="23" HEIGHT="20" CONTENT="of" WC="0.96" CC="11"/>
							<SP ID="P1_SP00850" HPOS="841" VPOS="1112" WIDTH="15"/>
							<String ID="P1_ST01086" HPOS="856" VPOS="1085" WIDTH="31" HEIGHT="20" CONTENT="all" WC="0.85" CC="311"/>
							<SP ID="P1_SP00851" HPOS="887" VPOS="1112" WIDTH="18"/>
							<String ID="P1_ST01087" HPOS="905" VPOS="1085" WIDTH="46" HEIGHT="20" CONTENT="who" WC="0.90" CC="211"/>
							<SP ID="P1_SP00852" HPOS="951" VPOS="1112" WIDTH="18"/>
							<String ID="P1_ST01088" HPOS="969" VPOS="1084" WIDTH="73" HEIGHT="25" CONTENT="kindly" WC="0.96" CC="001111"/>
							<SP ID="P1_SP00853" HPOS="1042" VPOS="1112" WIDTH="18"/>
							<String ID="P1_ST01089" HPOS="1060" VPOS="1085" WIDTH="73" HEIGHT="20" CONTENT="favour" WC="0.87" CC="510020"/>
							<SP ID="P1_SP00854" HPOS="1133" VPOS="1112" WIDTH="28"/>
							<String ID="P1_ST01090" HPOS="1161" VPOS="1088" WIDTH="36" HEIGHT="15" CONTENT="me." WC="0.93" CC="210"/>
						</TextLine>
						<TextLine ID="P1_TL00219" HPOS="34" VPOS="1121" WIDTH="493" HEIGHT="26">
							<String ID="P1_ST01091" HPOS="34" VPOS="1123" WIDTH="52" HEIGHT="19" CONTENT="with" WC="0.87" CC="5000"/>
							<SP ID="P1_SP00855" HPOS="86" VPOS="1142" WIDTH="9"/>
							<String ID="P1_ST01092" HPOS="95" VPOS="1122" WIDTH="55" HEIGHT="20" CONTENT="their" WC="0.98" CC="00101"/>
							<SP ID="P1_SP00856" HPOS="150" VPOS="1142" WIDTH="9"/>
							<String ID="P1_ST01093" HPOS="159" VPOS="1124" WIDTH="119" HEIGHT="23" CONTENT="patronage." WC="0.91" CC="4110111011"/>
							<SP ID="P1_SP00857" HPOS="278" VPOS="1147" WIDTH="26"/>
							<String ID="P1_ST01094" HPOS="304" VPOS="1121" WIDTH="67" HEIGHT="20" CONTENT="Yours" WC="0.97" CC="10001"/>
							<SP ID="P1_SP00858" HPOS="371" VPOS="1147" WIDTH="19"/>
							<String ID="P1_ST01095" HPOS="390" VPOS="1122" WIDTH="137" HEIGHT="25" CONTENT="respectfully," WC="0.91" CC="1111111112112"/>
						</TextLine>
						<TextLine ID="P1_TL00220" HPOS="32" VPOS="1160" WIDTH="887" HEIGHT="21">
							<String ID="P1_ST01096" HPOS="32" VPOS="1161" WIDTH="64" HEIGHT="20" CONTENT="TRY" WC="0.95" CC="020"/>
							<SP ID="P1_SP00859" HPOS="96" VPOS="1181" WIDTH="19"/>
							<String ID="P1_ST01097" HPOS="115" VPOS="1161" WIDTH="48" HEIGHT="20" CONTENT="MY" WC="0.94" CC="10"/>
							<SP ID="P1_SP00860" HPOS="163" VPOS="1181" WIDTH="27"/>
							<String ID="P1_ST01098" HPOS="190" VPOS="1160" WIDTH="92" HEIGHT="21" CONTENT="CURE" WC="0.94" CC="0111"/>
							<SP ID="P1_SP00861" HPOS="282" VPOS="1181" WIDTH="18"/>
							<String ID="P1_ST01099" HPOS="300" VPOS="1160" WIDTH="62" HEIGHT="20" CONTENT="FOR" WC="0.95" CC="101"/>
							<SP ID="P1_SP00862" HPOS="362" VPOS="1181" WIDTH="16"/>
							<String ID="P1_ST01100" HPOS="378" VPOS="1160" WIDTH="64" HEIGHT="20" CONTENT="ALL" WC="0.94" CC="111"/>
							<SP ID="P1_SP00863" HPOS="442" VPOS="1181" WIDTH="18"/>
							<String ID="P1_ST01101" HPOS="460" VPOS="1160" WIDTH="103" HEIGHT="20" CONTENT="KINDS" WC="0.98" CC="01100"/>
							<SP ID="P1_SP00864" HPOS="563" VPOS="1181" WIDTH="16"/>
							<String ID="P1_ST01102" HPOS="579" VPOS="1160" WIDTH="42" HEIGHT="20" CONTENT="OF" WC="0.98" CC="01"/>
							<SP ID="P1_SP00865" HPOS="621" VPOS="1181" WIDTH="16"/>
							<String ID="P1_ST01103" HPOS="637" VPOS="1160" WIDTH="79" HEIGHT="20" CONTENT="SKIN" WC="0.94" CC="1101"/>
							<SP ID="P1_SP00866" HPOS="716" VPOS="1181" WIDTH="29"/>
							<String ID="P1_ST01104" HPOS="745" VPOS="1160" WIDTH="144" HEIGHT="21" CONTENT="DJSEASE" WC="0.94" CC="1101011"/>
							<SP ID="P1_SP00867" HPOS="889" VPOS="1181" WIDTH="6"/>
							<String ID="P1_ST01105" HPOS="895" VPOS="1168" WIDTH="24" HEIGHT="5" CONTENT="—" WC="0.96" CC="1"/>
						</TextLine>
						<TextLine ID="P1_TL00221" HPOS="190" VPOS="1194" WIDTH="1005" HEIGHT="27">
							<String ID="P1_ST01106" HPOS="190" VPOS="1196" WIDTH="13" HEIGHT="19" CONTENT="I" WC="1.00" CC="0"/>
							<SP ID="P1_SP00868" HPOS="203" VPOS="1215" WIDTH="10"/>
							<String ID="P1_ST01107" HPOS="213" VPOS="1200" WIDTH="34" HEIGHT="14" CONTENT="am" WC="0.91" CC="11"/>
							<SP ID="P1_SP00869" HPOS="247" VPOS="1215" WIDTH="10"/>
							<String ID="P1_ST01108" HPOS="257" VPOS="1194" WIDTH="131" HEIGHT="25" CONTENT="exceedingly" WC="0.95" CC="03100101001"/>
							<SP ID="P1_SP00870" HPOS="388" VPOS="1219" WIDTH="9"/>
							<String ID="P1_ST01109" HPOS="397" VPOS="1194" WIDTH="110" HEIGHT="19" CONTENT="successful" WC="0.94" CC="1111111010"/>
							<SP ID="P1_SP00871" HPOS="507" VPOS="1219" WIDTH="12"/>
							<String ID="P1_ST01110" HPOS="519" VPOS="1194" WIDTH="22" HEIGHT="19" CONTENT="m" WC="0.91" CC="1"/>
							<SP ID="P1_SP00872" HPOS="541" VPOS="1219" WIDTH="11"/>
							<String ID="P1_ST01111" HPOS="552" VPOS="1200" WIDTH="35" HEIGHT="19" CONTENT="my" WC="0.89" CC="21"/>
							<SP ID="P1_SP00873" HPOS="587" VPOS="1219" WIDTH="6"/>
							<String ID="P1_ST01112" HPOS="593" VPOS="1194" WIDTH="98" HEIGHT="20" CONTENT="remedies" WC="0.95" CC="01211001"/>
							<SP ID="P1_SP00874" HPOS="691" VPOS="1219" WIDTH="9"/>
							<String ID="P1_ST01113" HPOS="700" VPOS="1195" WIDTH="33" HEIGHT="19" CONTENT="for" WC="0.99" CC="100"/>
							<SP ID="P1_SP00875" HPOS="733" VPOS="1219" WIDTH="9"/>
							<String ID="P1_ST01114" HPOS="742" VPOS="1194" WIDTH="43" HEIGHT="20" CONTENT="this" WC="0.94" CC="1111"/>
							<SP ID="P1_SP00876" HPOS="785" VPOS="1219" WIDTH="7"/>
							<String ID="P1_ST01115" HPOS="792" VPOS="1194" WIDTH="122" HEIGHT="26" CONTENT="complaint," WC="0.91" CC="1022111121"/>
							<SP ID="P1_SP00877" HPOS="914" VPOS="1220" WIDTH="10"/>
							<String ID="P1_ST01116" HPOS="924" VPOS="1195" WIDTH="52" HEIGHT="20" CONTENT="have" WC="0.93" CC="1102"/>
							<SP ID="P1_SP00878" HPOS="976" VPOS="1220" WIDTH="9"/>
							<String ID="P1_ST01117" HPOS="985" VPOS="1201" WIDTH="13" HEIGHT="14" CONTENT="a" WC="0.89" CC="1"/>
							<SP ID="P1_SP00879" HPOS="998" VPOS="1220" WIDTH="5"/>
							<String ID="P1_ST01118" HPOS="1003" VPOS="1194" WIDTH="56" HEIGHT="27" CONTENT="large" WC="0.79" CC="01181"/>
							<SP ID="P1_SP00880" HPOS="1059" VPOS="1221" WIDTH="17"/>
							<String ID="P1_ST01119" HPOS="1076" VPOS="1194" WIDTH="88" HEIGHT="21" CONTENT="number" WC="0.84" CC="061111"/>
							<SP ID="P1_SP00881" HPOS="1164" VPOS="1221" WIDTH="9"/>
							<String ID="P1_ST01120" HPOS="1173" VPOS="1195" WIDTH="22" HEIGHT="19" CONTENT="of" WC="1.00" CC="00"/>
						</TextLine>
						<TextLine ID="P1_TL00222" HPOS="232" VPOS="1231" WIDTH="147" HEIGHT="19">
							<String ID="P1_ST01121" HPOS="232" VPOS="1231" WIDTH="147" HEIGHT="19" CONTENT="testimonials." WC="0.94" CC="0011111011121"/>
						</TextLine>
						<TextLine ID="P1_TL00223" HPOS="32" VPOS="1274" WIDTH="1161" HEIGHT="25">
							<String ID="P1_ST01122" HPOS="32" VPOS="1276" WIDTH="65" HEIGHT="21" CONTENT="TRY" WC="0.97" CC="010" STYLEREFS="TXT_29"/>
							<SP ID="P1_SP00882" HPOS="97" VPOS="1297" WIDTH="18"/>
							<String ID="P1_ST01123" HPOS="115" VPOS="1275" WIDTH="49" HEIGHT="22" CONTENT="MY" WC="0.93" CC="11" STYLEREFS="TXT_29"/>
							<SP ID="P1_SP00883" HPOS="164" VPOS="1297" WIDTH="19"/>
							<String ID="P1_ST01124" HPOS="183" VPOS="1275" WIDTH="73" HEIGHT="21" CONTENT="NEW" WC="0.90" CC="211" STYLEREFS="TXT_29"/>
							<SP ID="P1_SP00884" HPOS="256" VPOS="1297" WIDTH="17"/>
							<String ID="P1_ST01125" HPOS="273" VPOS="1275" WIDTH="141" HEIGHT="20" CONTENT="REMEDY" WC="0.93" CC="112110" STYLEREFS="TXT_29"/>
							<SP ID="P1_SP00885" HPOS="414" VPOS="1297" WIDTH="18"/>
							<String ID="P1_ST01126" HPOS="432" VPOS="1274" WIDTH="62" HEIGHT="21" CONTENT="FOR" WC="0.95" CC="101" STYLEREFS="TXT_29"/>
							<SP ID="P1_SP00886" HPOS="494" VPOS="1297" WIDTH="19"/>
							<String ID="P1_ST01127" HPOS="513" VPOS="1274" WIDTH="96" HEIGHT="21" CONTENT="LIVER" WC="0.95" CC="10111" STYLEREFS="TXT_29"/>
							<SP ID="P1_SP00887" HPOS="609" VPOS="1297" WIDTH="12"/>
							<String ID="P1_ST01128" HPOS="621" VPOS="1275" WIDTH="219" HEIGHT="22" CONTENT="COMPLAINTS" WC="0.93" CC="4011001101" STYLEREFS="TXT_29"/>
							<SP ID="P1_SP00888" HPOS="840" VPOS="1297" WIDTH="16"/>
							<String ID="P1_ST01129" HPOS="856" VPOS="1276" WIDTH="69" HEIGHT="23" CONTENT="AND" WC="0.95" CC="011" STYLEREFS="TXT_29"/>
							<SP ID="P1_SP00889" HPOS="925" VPOS="1299" WIDTH="18"/>
							<String ID="P1_ST01130" HPOS="943" VPOS="1276" WIDTH="250" HEIGHT="23" CONTENT="INDIGESTION—" WC="0.97" CC="011010100011" STYLEREFS="TXT_29"/>
						</TextLine>
						<TextLine ID="P1_TL00224" HPOS="202" VPOS="1309" WIDTH="992" HEIGHT="27">
							<String ID="P1_ST01131" HPOS="202" VPOS="1309" WIDTH="113" HEIGHT="21" CONTENT="Hundreds" WC="0.93" CC="11111111"/>
							<SP ID="P1_SP00890" HPOS="315" VPOS="1330" WIDTH="9"/>
							<String ID="P1_ST01132" HPOS="324" VPOS="1310" WIDTH="22" HEIGHT="18" CONTENT="of" WC="0.98" CC="01"/>
							<SP ID="P1_SP00891" HPOS="346" VPOS="1330" WIDTH="9"/>
							<String ID="P1_ST01133" HPOS="355" VPOS="1314" WIDTH="35" HEIGHT="20" CONTENT="my" WC="0.93" CC="11"/>
							<SP ID="P1_SP00892" HPOS="390" VPOS="1334" WIDTH="9"/>
							<String ID="P1_ST01134" HPOS="399" VPOS="1310" WIDTH="92" HEIGHT="24" CONTENT="patients" WC="0.94" CC="01111111"/>
							<SP ID="P1_SP00893" HPOS="491" VPOS="1334" WIDTH="10"/>
							<String ID="P1_ST01135" HPOS="501" VPOS="1309" WIDTH="53" HEIGHT="21" CONTENT="have" WC="0.97" CC="0101"/>
							<SP ID="P1_SP00894" HPOS="554" VPOS="1334" WIDTH="10"/>
							<String ID="P1_ST01136" HPOS="564" VPOS="1309" WIDTH="76" HEIGHT="26" CONTENT="proved" WC="0.96" CC="021001"/>
							<SP ID="P1_SP00895" HPOS="640" VPOS="1335" WIDTH="9"/>
							<String ID="P1_ST01137" HPOS="649" VPOS="1310" WIDTH="18" HEIGHT="20" CONTENT="it" WC="0.93" CC="02"/>
							<SP ID="P1_SP00896" HPOS="667" VPOS="1335" WIDTH="10"/>
							<String ID="P1_ST01138" HPOS="677" VPOS="1309" WIDTH="73" HEIGHT="26" CONTENT="highly" WC="0.96" CC="100021"/>
							<SP ID="P1_SP00897" HPOS="750" VPOS="1335" WIDTH="14"/>
							<String ID="P1_ST01139" HPOS="764" VPOS="1311" WIDTH="140" HEIGHT="25" CONTENT="satisfactory." WC="0.93" CC="1111501010010"/>
							<SP ID="P1_SP00898" HPOS="904" VPOS="1336" WIDTH="288"/>
							<String ID="P1_ST01140" HPOS="1192" VPOS="1322" WIDTH="2" HEIGHT="5" CONTENT="•" WC="0.89" CC="1"/>
						</TextLine>
						<TextLine ID="P1_TL00225" HPOS="180" VPOS="1354" WIDTH="871" HEIGHT="32">
							<String ID="P1_ST01141" HPOS="180" VPOS="1356" WIDTH="79" HEIGHT="30" CONTENT="Large" WC="0.98" CC="00101" STYLEREFS="TXT_4"/>
							<SP ID="P1_SP00899" HPOS="259" VPOS="1386" WIDTH="12"/>
							<String ID="P1_ST01142" HPOS="271" VPOS="1355" WIDTH="74" HEIGHT="25" CONTENT="Stock" WC="0.97" CC="11001" STYLEREFS="TXT_4"/>
							<SP ID="P1_SP00900" HPOS="345" VPOS="1386" WIDTH="16"/>
							<String ID="P1_ST01143" HPOS="361" VPOS="1355" WIDTH="27" HEIGHT="24" CONTENT="of" WC="1.00" CC="00" STYLEREFS="TXT_4"/>
							<SP ID="P1_SP00901" HPOS="388" VPOS="1386" WIDTH="8"/>
							<String ID="P1_ST01144" HPOS="396" VPOS="1354" WIDTH="34" HEIGHT="25" CONTENT="all" WC="1.00" CC="000" STYLEREFS="TXT_4"/>
							<SP ID="P1_SP00902" HPOS="430" VPOS="1386" WIDTH="11"/>
							<String ID="P1_ST01145" HPOS="441" VPOS="1356" WIDTH="70" HEIGHT="23" CONTENT="kinds" WC="0.95" CC="01011" STYLEREFS="TXT_4"/>
							<SP ID="P1_SP00903" HPOS="511" VPOS="1386" WIDTH="11"/>
							<String ID="P1_ST01146" HPOS="522" VPOS="1356" WIDTH="26" HEIGHT="24" CONTENT="of" WC="0.94" CC="01" STYLEREFS="TXT_4"/>
							<SP ID="P1_SP00904" HPOS="548" VPOS="1386" WIDTH="10"/>
							<String ID="P1_ST01147" HPOS="558" VPOS="1356" WIDTH="87" HEIGHT="24" CONTENT="Patent" WC="0.95" CC="110100" STYLEREFS="TXT_4"/>
							<SP ID="P1_SP00905" HPOS="645" VPOS="1386" WIDTH="22"/>
							<String ID="P1_ST01148" HPOS="667" VPOS="1357" WIDTH="132" HEIGHT="25" CONTENT="Medicines" WC="0.99" CC="000000001" STYLEREFS="TXT_4"/>
							<SP ID="P1_SP00906" HPOS="799" VPOS="1386" WIDTH="21"/>
							<String ID="P1_ST01149" HPOS="820" VPOS="1361" WIDTH="26" HEIGHT="22" CONTENT="at" WC="0.98" CC="01" STYLEREFS="TXT_4"/>
							<SP ID="P1_SP00907" HPOS="846" VPOS="1386" WIDTH="28"/>
							<String ID="P1_ST01150" HPOS="874" VPOS="1358" WIDTH="70" HEIGHT="26" CONTENT="Store" WC="0.98" CC="10000" STYLEREFS="TXT_4"/>
							<SP ID="P1_SP00908" HPOS="944" VPOS="1386" WIDTH="16"/>
							<String ID="P1_ST01151" HPOS="960" VPOS="1361" WIDTH="91" HEIGHT="25" CONTENT="Prices." WC="0.96" CC="1001010" STYLEREFS="TXT_4"/>
						</TextLine>
						<TextLine ID="P1_TL00226" HPOS="263" VPOS="1407" WIDTH="719" HEIGHT="34">
							<String ID="P1_ST01152" HPOS="263" VPOS="1408" WIDTH="21" HEIGHT="23" CONTENT="A" WC="0.89" CC="1" STYLEREFS="TXT_4"/>
							<SP ID="P1_SP00909" HPOS="284" VPOS="1431" WIDTH="10"/>
							<String ID="P1_ST01153" HPOS="294" VPOS="1407" WIDTH="115" HEIGHT="31" CONTENT="complete" WC="0.98" CC="01001011" STYLEREFS="TXT_4"/>
							<SP ID="P1_SP00910" HPOS="409" VPOS="1438" WIDTH="23"/>
							<String ID="P1_ST01154" HPOS="432" VPOS="1407" WIDTH="147" HEIGHT="26" CONTENT="Assortment," WC="0.89" CC="50001103120" STYLEREFS="TXT_4"/>
							<SP ID="P1_SP00911" HPOS="579" VPOS="1438" WIDTH="19"/>
							<String ID="P1_ST01155" HPOS="598" VPOS="1409" WIDTH="27" HEIGHT="24" CONTENT="of" WC="0.98" CC="01" STYLEREFS="TXT_4"/>
							<SP ID="P1_SP00912" HPOS="625" VPOS="1438" WIDTH="19"/>
							<String ID="P1_ST01156" HPOS="644" VPOS="1410" WIDTH="173" HEIGHT="31" CONTENT="Homoepathic" WC="0.94" CC="10211100110" STYLEREFS="TXT_4"/>
							<SP ID="P1_SP00913" HPOS="817" VPOS="1441" WIDTH="27"/>
							<String ID="P1_ST01157" HPOS="844" VPOS="1412" WIDTH="138" HEIGHT="26" CONTENT="Medicines." WC="0.97" CC="0101101110" STYLEREFS="TXT_4"/>
						</TextLine>
						<TextLine ID="P1_TL00227" HPOS="158" VPOS="1456" WIDTH="987" HEIGHT="39">
							<String ID="P1_ST01158" HPOS="158" VPOS="1456" WIDTH="123" HEIGHT="27" CONTENT="DRUGS" WC="0.98" CC="00100" STYLEREFS="TXT_1"/>
							<SP ID="P1_SP00914" HPOS="281" VPOS="1483" WIDTH="15"/>
							<String ID="P1_ST01159" HPOS="296" VPOS="1458" WIDTH="188" HEIGHT="25" CONTENT="Guaranteed" WC="0.99" CC="0000000001" STYLEREFS="TXT_1"/>
							<SP ID="P1_SP00915" HPOS="484" VPOS="1483" WIDTH="18"/>
							<String ID="P1_ST01160" HPOS="502" VPOS="1458" WIDTH="83" HEIGHT="33" CONTENT="Pure;" WC="0.77" CC="00029" STYLEREFS="TXT_1"/>
							<SP ID="P1_SP00916" HPOS="585" VPOS="1491" WIDTH="16"/>
							<String ID="P1_ST01161" HPOS="601" VPOS="1459" WIDTH="73" HEIGHT="25" CONTENT="Best" WC="0.99" CC="0100" STYLEREFS="TXT_1"/>
							<SP ID="P1_SP00917" HPOS="674" VPOS="1491" WIDTH="21"/>
							<String ID="P1_ST01162" HPOS="695" VPOS="1460" WIDTH="127" HEIGHT="35" CONTENT="Quality," WC="0.98" CC="20000000" STYLEREFS="TXT_1"/>
							<SP ID="P1_SP00918" HPOS="822" VPOS="1495" WIDTH="20"/>
							<String ID="P1_ST01163" HPOS="842" VPOS="1462" WIDTH="55" HEIGHT="25" CONTENT="and" WC="0.90" CC="003" STYLEREFS="TXT_1"/>
							<SP ID="P1_SP00919" HPOS="897" VPOS="1495" WIDTH="17"/>
							<String ID="P1_ST01164" HPOS="914" VPOS="1464" WIDTH="116" HEIGHT="25" CONTENT="Lowest" WC="0.98" CC="001010" STYLEREFS="TXT_1"/>
							<SP ID="P1_SP00920" HPOS="1030" VPOS="1495" WIDTH="25"/>
							<String ID="P1_ST01165" HPOS="1055" VPOS="1464" WIDTH="90" HEIGHT="27" CONTENT="Price." WC="0.99" CC="001001" STYLEREFS="TXT_1"/>
						</TextLine>
						<TextLine ID="P1_TL00228" HPOS="228" VPOS="1502" WIDTH="781" HEIGHT="39">
							<String ID="P1_ST01166" HPOS="228" VPOS="1502" WIDTH="303" HEIGHT="28" CONTENT="PBESCBIPTIONS" WC="0.87" CC="2231150110021" STYLEREFS="TXT_9"/>
							<SP ID="P1_SP00921" HPOS="531" VPOS="1530" WIDTH="15"/>
							<String ID="P1_ST01167" HPOS="546" VPOS="1507" WIDTH="117" HEIGHT="32" CONTENT="carefully" WC="0.95" CC="001122000" STYLEREFS="TXT_9"/>
							<SP ID="P1_SP00922" HPOS="663" VPOS="1539" WIDTH="16"/>
							<String ID="P1_ST01168" HPOS="679" VPOS="1509" WIDTH="50" HEIGHT="22" CONTENT="and" WC="0.94" CC="110" STYLEREFS="TXT_9"/>
							<SP ID="P1_SP00923" HPOS="729" VPOS="1539" WIDTH="18"/>
							<String ID="P1_ST01169" HPOS="747" VPOS="1509" WIDTH="110" HEIGHT="30" CONTENT="correctly" WC="0.96" CC="010012101" STYLEREFS="TXT_9"/>
							<SP ID="P1_SP00924" HPOS="857" VPOS="1539" WIDTH="23"/>
							<String ID="P1_ST01170" HPOS="880" VPOS="1510" WIDTH="129" HEIGHT="31" CONTENT="dispensed." WC="0.94" CC="0111013001" STYLEREFS="TXT_9"/>
						</TextLine>
						<TextLine ID="P1_TL00229" HPOS="37" VPOS="1549" WIDTH="1152" HEIGHT="51">
							<String ID="P1_ST01171" HPOS="37" VPOS="1590" WIDTH="22" HEIGHT="8" CONTENT=",;" WC="0.91" CC="201" STYLEREFS="TXT_15"/>
							<SP ID="P1_SP00925" HPOS="59" VPOS="1598" WIDTH="303"/>
							<String ID="P1_ST01172" HPOS="362" VPOS="1549" WIDTH="599" HEIGHT="47" CONTENT="OOTST^TJTVTATJONS" WC="0.57" CC="20511907184919085" STYLEREFS="TXT_15"/>
							<SP ID="P1_SP00926" HPOS="961" VPOS="1598" WIDTH="37"/>
							<String ID="P1_ST01173" HPOS="998" VPOS="1564" WIDTH="191" HEIGHT="36" CONTENT="FRKE" WC="0.70" CC="3153" STYLEREFS="TXT_15"/>
						</TextLine>
						<TextLine ID="P1_TL00230" HPOS="456" VPOS="1610" WIDTH="332" HEIGHT="43">
							<String ID="P1_ST01174" HPOS="456" VPOS="1610" WIDTH="113" HEIGHT="29" CONTENT="JOHN" WC="0.82" CC="1025" STYLEREFS="TXT_3"/>
							<SP ID="P1_SP00927" HPOS="569" VPOS="1639" WIDTH="22"/>
							<String ID="P1_ST01175" HPOS="591" VPOS="1610" WIDTH="28" HEIGHT="31" CONTENT="S." WC="0.96" CC="01" STYLEREFS="TXT_3"/>
							<SP ID="P1_SP00928" HPOS="619" VPOS="1641" WIDTH="25"/>
							<String ID="P1_ST01176" HPOS="644" VPOS="1611" WIDTH="144" HEIGHT="42" CONTENT="COOKE," WC="0.85" CC="120231" STYLEREFS="TXT_3"/>
						</TextLine>
						<TextLine ID="P1_TL00231" HPOS="423" VPOS="1668" WIDTH="512" HEIGHT="38">
							<String ID="P1_ST01177" HPOS="423" VPOS="1668" WIDTH="142" HEIGHT="33" CONTENT="Registered" WC="0.92" CC="4111110102" STYLEREFS="TXT_4"/>
							<SP ID="P1_SP00929" HPOS="565" VPOS="1701" WIDTH="32"/>
							<String ID="P1_ST01178" HPOS="597" VPOS="1670" WIDTH="204" HEIGHT="30" CONTENT="PharmacenticaJ" WC="0.95" CC="01110101110012" STYLEREFS="TXT_4"/>
							<SP ID="P1_SP00930" HPOS="801" VPOS="1701" WIDTH="17"/>
							<String ID="P1_ST01179" HPOS="818" VPOS="1674" WIDTH="117" HEIGHT="32" CONTENT="Chemist," WC="0.92" CC="11000140" STYLEREFS="TXT_4"/>
						</TextLine>
						<TextLine ID="P1_TL00232" HPOS="754" VPOS="1720" WIDTH="247" HEIGHT="36">
							<String ID="P1_ST01180" HPOS="754" VPOS="1720" WIDTH="109" HEIGHT="26" CONTENT="Cashel" WC="0.98" CC="000100" STYLEREFS="TXT_1"/>
							<SP ID="P1_SP00931" HPOS="863" VPOS="1746" WIDTH="24"/>
							<String ID="P1_ST01181" HPOS="887" VPOS="1722" WIDTH="114" HEIGHT="34" CONTENT="Street," WC="0.98" CC="1000001" STYLEREFS="TXT_1"/>
						</TextLine>
						<TextLine ID="P1_TL00233" HPOS="885" VPOS="1768" WIDTH="308" HEIGHT="33">
							<String ID="P1_ST01182" HPOS="885" VPOS="1768" WIDTH="308" HEIGHT="33" CONTENT="OHETSTGHHBeH&amp;i" WC="0.65" CC="91221621316195" STYLEREFS="TXT_4"/>
						</TextLine>
					</TextBlock>
				</ComposedBlock>
			</PrintSpace>
		</Page>
	</Layout>
</alto>
