2480 3890
1306 186 113 36 Oxford
1438 186 57 36 and
1514 186 76 36 Cust
1609 186 170 36 Observer.

1370 247 186 19 PUBLISHED
1575 249 156 21 WEEKLY.

1315 288 167 24 SATURDAY.
1511 290 86 20 March
1635 292 25 18 19
1663 291 23 19 th
1725 292 54 19 1892.

1370 404 168 31 OXFORD
1571 406 159 31 SPORTS.

1304 484 173 24 Contributed
1501 493 30 16 by
1547 493 49 17 our
1613 494 52 16 own
1690 486 106 26 Corres-

1495 533 121 17 pondent.

1328 566 29 29 A
1385 567 133 40 meeting
1547 569 32 28 of
1606 568 85 30 those
1719 570 92 29 inter-

1288 608 88 31 ested,
1400 608 32 27 m
1444 635 4 4 .
1460 608 52 28 the
1538 608 123 29 Annual
1704 609 106 38 Sports

1287 656 62 19 was
1365 647 69 29 held
1458 648 32 28 m
1517 648 53 29 the
1595 648 130 38 Library
1754 649 58 29 last

1291 686 132 40 Monday
1438 687 97 38 night,
1550 687 47 28 for
1611 688 53 29 the
1678 698 131 29 purpose

1287 725 32 30 ot
1333 727 131 38 electing
1474 738 18 17 a
1502 727 184 30 Committee.
1710 728 101 30 About

1288 776 18 19 a
1319 767 94 28 dozen
1428 766 171 39 gentlemen
1629 771 56 36 put
1712 769 32 28 m
1772 779 38 18 an

1288 816 196 30 appearance.
1526 806 51 29 Mr
1585 807 38 37 Gr.
1642 808 95 29 Keats
1748 818 62 20 was

1289 847 88 29 voted
1392 851 32 25 to
1438 847 54 29 the
1517 848 93 29 chair.
1655 847 60 30 The
1735 849 75 29 min-

1286 890 67 26 utes
1381 888 32 28 of
1439 888 52 28 the
1520 888 131 39 meeting
1684 889 32 28 of
1757 889 52 30 the

1288 926 176 31 Committee
1486 928 32 29 of
1545 928 61 29 last
1632 938 72 29 year
1731 939 79 20 were

1288 967 71 29 read
1387 968 61 28 and
1476 968 172 29 confirmed.
1690 969 31 29 It
1748 979 61 19 was

1288 1007 125 29 decided
1426 1008 66 28 that
1507 1008 40 29 all
1573 1008 88 29 those
1690 1013 120 34 present

1286 1048 80 28 form
1382 1048 180 29 themselves
1584 1048 63 29 into
1675 1059 18 18 a
1722 1049 87 29 Com-

1287 1087 105 29 mittee
1406 1090 32 26 to
1453 1098 89 27 carry
1556 1091 53 25 out
1622 1089 52 27 the
1688 1088 122 29 Annual

1290 1126 107 38 Sports
1439 1136 39 20 on
1519 1126 110 30 Easter
1667 1127 143 40 Monday.

1287 1167 51 28 Mr
1353 1166 36 30 G-.
1407 1165 99 31 Smith
1521 1176 62 20 was
1607 1167 114 29 elected
1744 1168 67 29 Sec-

1287 1210 103 36 retary
1402 1210 63 34 pro
1493 1210 68 26 tern.
1602 1206 63 31 Ten
1693 1208 118 38 pounds

1288 1256 62 20 was
1388 1247 150 38 promised
1576 1258 109 29 among
1724 1248 88 29 those

1289 1291 122 33 present
1427 1288 130 28 towards
1577 1288 50 28 the
1655 1288 74 39 days
1758 1299 53 18 en-

1289 1326 147 38 joyment.
1478 1326 27 29 A
1533 1328 167 29 discussion
1725 1337 86 20 arose

1291 1376 32 19 as
1338 1369 32 26 to
1383 1366 53 30 the
1450 1366 196 40 advisability
1673 1367 34 30 of
1730 1368 82 29 mak-

1289 1406 53 37 ing
1356 1417 17 18 a
1396 1406 110 38 charge
1533 1407 49 29 for
1610 1410 142 27 entrance
1779 1411 32 26 to

1290 1446 52 29 the
1356 1446 128 38 ground.
1507 1446 49 30 Mr
1568 1447 125 37 Ingmm
1709 1448 100 29 stated

1290 1486 68 29 that
1373 1486 37 29 he
1425 1487 100 29 would
1538 1487 103 29 rather
1656 1488 68 38 give
1751 1491 61 26 two

1291 1526 124 38 guineas
1430 1536 33 19 as
1478 1537 18 19 a
1510 1527 202 39 subscription
1736 1528 75 29 than

1290 1567 69 29 that
1386 1577 59 29 any
1474 1566 110 39 charge
1625 1568 108 29 should
1774 1569 37 28 be

1290 1607 95 29 made.
1429 1606 30 29 It
1481 1616 63 20 was
1567 1608 173 38 eventually
1763 1608 49 30 de-

1291 1647 87 29 cided
1392 1646 67 30 that
1481 1646 50 30 the
1559 1647 120 29 further
1702 1648 110 30 discus-

1290 1687 66 29 sion
1384 1686 32 30 of
1443 1686 62 30 this
1530 1690 110 27 matter
1667 1688 37 30 be
1733 1691 78 36 post-

1291 1727 97 38 poned
1402 1727 79 29 until
1495 1737 17 19 a
1540 1728 104 29 future
1665 1729 143 37 meeting,

1288 1768 75 28 with
1391 1778 19 18 a
1436 1768 77 28 view
1540 1768 35 29 of
1599 1769 101 37 seeing
1727 1769 81 29 what

1289 1811 127 35 support
1429 1806 102 32 would
1544 1809 38 29 be
1596 1808 132 30 towards
1756 1809 52 29 the

1290 1847 115 38 Sports.
1449 1848 65 29 The
1528 1848 134 38 meeting
1675 1848 74 30 then
1763 1850 50 28 ad-

1287 1887 128 38 journed
1448 1888 78 28 until
1560 1891 74 26 next
1648 1911 5 6 ,
1677 1888 135 40 Mojday

1290 1928 90 38 night
1394 1932 31 24 at
1440 1927 85 39 eight
1547 1928 124 34 o'clock.
1727 1928 20 28 \

1330 1967 16 30 I
1374 1978 61 20 was
1462 1978 75 30 very
1573 1968 91 30 much
1705 1970 107 29 struck

1289 2008 76 30 with
1405 2008 52 30 the
1498 2009 87 30 small
1623 2011 188 29 attendance.

1291 2048 91 30 What
1396 2049 95 39 really
1516 2050 90 29 could
1634 2050 78 29 have

1289 2089 53 29 the
1354 2092 110 27 matter
1476 2090 19 29 ?
1532 2088 116 42 Surely,
1669 2090 75 40 they
1774 2090 38 29 do

1290 2132 54 26 not
1356 2133 81 26 want
1451 2130 53 29 the
1516 2129 107 39 Sports
1637 2133 32 26 to
1689 2130 56 30 fall
1779 2133 32 27 to

1288 2170 54 28 the
1356 2170 127 38 ground.
1527 2169 82 30 Such
1625 2170 58 30 will
1700 2170 38 30 be
1758 2171 52 29 the

1290 2219 68 20 cas-3
1374 2210 117 39 though
1504 2210 25 29 if
1543 2210 86 29 there
1657 2210 26 29 is
1710 2215 54 24 not
1793 2222 18 17 a

1289 2250 79 28 little
1390 2260 82 19 more
1493 2250 89 38 spirit
1614 2250 130 30 infused.
1785 2250 28 29 A

1289 2289 112 40 goodly
1422 2290 126 30 number
1568 2290 32 29 of
1641 2291 170 39 gentlemen

1290 2340 79 20 were
1383 2331 115 35 absent,
1533 2332 69 29 who
1629 2331 17 30 I
1679 2331 134 39 thought

1289 2381 79 20 wove
1383 2381 69 20 sure
1460 2375 32 25 to
1507 2372 36 29 be
1564 2375 132 35 present.
1737 2372 33 29 It
1785 2372 26 29 is

1290 2421 76 29 very
1380 2421 96 25 mean,
1491 2411 16 30 I
1519 2412 98 35 think,
1639 2417 31 24 to
1700 2413 43 28 let
1771 2408 41 33 all

1289 2452 53 29 the
1357 2452 85 29 work
1455 2452 56 29 fall
1524 2462 38 19 on
1562 2452 68 30 /the
1651 2452 159 31 shoulders

1289 2492 32 29 of
1335 2502 55 19 one
1402 2502 34 20 or
1450 2495 70 32 two,
1536 2493 60 28 and
1610 2493 72 28 then
1697 2496 33 26 to
1744 2486 67 51 ste]j)

1288 2532 34 29 m
1335 2542 39 20 on
1387 2532 53 29 the
1455 2530 135 33 eventful
1601 2532 141 40 morning
1753 2528 57 45 an(jl

1288 2581 73 29 reap
1380 2572 42 29 all
1442 2573 53 28 the
1523 2573 161 38 pleasures,
1713 2573 99 30 whicli

1290 2612 71 38 they
1370 2612 76 29 have
1458 2613 60 28 had
1529 2622 38 20 no
1577 2613 87 29 share
1675 2613 32 30 m
1715 2611 96 32 build!-

1289 2652 54 38 ing
1362 2662 51 31 up.
1456 2652 58 30 Let
1547 2663 37 20 us
1589 2677 3 11 :
1625 2653 78 39 hope
1737 2653 75 30 next

1290 2692 134 39 Monday
1441 2693 89 38 night
1544 2693 62 30 will
1622 2704 48 19 see
1684 2704 18 19 a
1730 2694 82 39 large

1290 2737 123 30 muster,
1455 2734 59 29 and
1556 2734 43 29 all
1641 2730 91 42 being
1779 2745 31 18 m

1292 2771 145 41 harmony
1453 2772 76 31 with
1544 2783 56 20 one
1615 2773 134 37 another,
1771 2772 42 31 let

1290 2812 60 29 this
1361 2814 98 36 year's
1481 2812 105 40 Sports
1619 2814 50 29 far
1703 2814 110 40 eclipse

1291 2862 60 28 any
1363 2853 31 28 of
1407 2853 39 29 its
1455 2854 217 38 predecessors.

1331 2892 85 30 Look
1455 2897 33 25 at
1528 2894 54 29 the
1622 2904 191 30 programme

1291 2931 75 30 Cust
1380 2934 59 28 and
1461 2934 86 29 West
1566 2934 139 39 Eyreton
1738 2942 77 32 prej-

1291 2973 218 35 sentedtous;
1531 2974 73 29 with
1625 2975 100 39 prizes
1759 2979 52 25 tot)

1290 3013 68 28 that
1377 3013 131 40 brought
1528 3014 106 40 people
1654 3015 80 30 from
1767 3015 49 31 far

1291 3054 61 28 and
1366 3063 73 20 near
1452 3057 32 26 to
1499 3059 135 32 compete
1648 3056 54 29 for.
1745 3054 68 31 And

1290 3093 80 39 why,
1385 3098 128 26 can-not
1545 3105 47 20 we
1625 3095 34 30 m
1687 3095 125 39 Oxford,

1291 3133 68 29 who
1370 3143 118 29 possess
1502 3145 19 18 a
1530 3135 48 29 far
1599 3135 100 40 larger
1719 3135 94 41 popu-

1290 3173 104 36 lation,
1403 3178 121 35 present
1538 3186 33 19 as
1592 3177 80 38 good
1697 3187 18 19 a
1742 3184 69 32 pro-

1291 3224 134 28 gramme
1447 3226 34 19 as
1509 3226 55 19 our
1597 3228 74 19 near
1704 3218 112 39 neigh-

1293 3255 88 28 bours
1391 3255 14 28 ?
1448 3254 31 30 It
1490 3257 71 38 only
1571 3257 135 39 requires
1721 3268 90 29 every

1290 3304 71 19 man
1371 3295 122 39 putting
1504 3296 46 29 his
1562 3297 142 30 shoulder
1718 3302 31 25 to
1760 3299 53 28 the

1291 3335 105 35 wheel,
1411 3335 58 30 and
1481 3337 52 28 the
1547 3337 71 30 task
1632 3338 26 29 is
1670 3357 2 12 ;
1694 3348 118 21 accom-

1291 3375 126 38 plished.
1459 3376 90 36 Well,
1563 3377 73 30 then
1657 3378 42 30 let
1720 3378 94 31 Mon-

1291 3414 60 35 day
1366 3416 89 38 night
1468 3417 133 38 produce
1615 3419 78 29 such
1723 3429 18 20 a
1767 3430 47 20 re-

1291 3455 63 30 sult
1394 3456 82 33 that,
1488 3467 46 20 we
1562 3468 55 21 can
1643 3459 69 29 look
1738 3460 77 30 back

1291 3499 32 26 to
1337 3496 109 30 Easter
1461 3497 133 40 Monday
1608 3499 33 30 of
1667 3501 88 35 1892,
1780 3511 33 19 as

1290 3546 57 19 one
1363 3536 34 29 of
1406 3537 51 30 the
1474 3541 77 27 most
1555 3539 171 40 /enjoyable
1741 3541 73 34 days

1290 3586 71 19 ever
1389 3581 88 36 spent
1503 3579 32 30 m
1571 3590 57 22 ouv
1665 3581 150 32 beautiful

1290 3616 88 40 park.

1306 3721 20 25 A
1339 3721 78 27 TRIP
1429 3722 42 26 TO
1481 3723 120 28 MOUNT
1613 3726 174 25 TORLESSE

1321 3802 115 26 Onwards
1448 3805 73 32 again
1533 3806 70 26 down
1615 3815 31 19 an
1659 3807 156 35 exceedingly

1907 209 65 30 steep
1983 209 54 30 part
2048 209 80 25 whre
2139 209 43 25 tie
2193 211 80 24 stones
2280 218 62 19 were
2350 218 68 19 some^

1905 247 61 23 what
1978 247 85 31 larger,
2086 249 49 23 and
2156 249 77 24 which
2256 251 162 32 consequently

1899 284 70 23 made
1980 284 20 23 it
2020 293 62 15 more
2094 286 101 24 difficult
2206 286 27 25 of
2240 294 110 25 passage.
2385 288 33 24 Oh

1895 322 76 23 either
1981 322 49 24 side
2049 322 26 24 of
2084 331 30 16 us
2133 331 49 17 was
2194 332 15 16 a
2231 325 61 30 strip
2311 326 27 23 of
2355 328 63 22 treea

1893 359 78 23 which
1984 361 23 22 st
2015 361 37 22 >od
2074 360 49 24 like
2133 369 15 16 a
2159 361 56 24 wall
2226 361 66 31 right
2303 362 69 25 down
2390 366 28 22 to

1891 397 43 25 thg
1967 399 77 24 creek.
2079 399 53 25 The
2157 401 130 24 mountain
2309 403 107 24 torrents

1893 439 66 22 mast
1970 438 63 23 have
2044 440 73 29 swept
2126 440 68 23 clown
2207 440 51 24 this
2267 441 79 23 ravine
2354 441 60 24 with

1890 479 69 24 great
1968 475 53 30 fury
2033 477 26 21 at
2071 484 30 15 uo
2112 475 93 25 distant
2226 477 65 27 date,
2302 485 28 16 as
2352 480 65 21 trees

1890 512 165 26 innumerable
2077 522 60 17 were
2157 514 70 32 lying
2248 515 116 31 uprooted
2381 517 35 24 all

1889 552 99 23 around.
2022 552 57 24 This
2096 560 54 24 part
2172 557 27 21 at
2216 562 46 16 one
2282 554 61 23 time
2364 554 52 24 had

1891 588 56 24 been
1970 588 34 24 all
2026 590 95 23 covered
2144 591 57 23 with
2223 590 61 25 bash
2308 592 44 23 but
2373 590 44 25 the

1891 628 84 21 storms
1990 625 49 24 had
2049 628 75 29 swept
2145 627 143 31 completely
2310 627 107 31 through

1889 662 28 27 it,
1929 662 112 31 levelling
2050 664 141 31 everything
2201 665 51 23 that
2263 673 66 15 came
2340 665 24 23 m
2387 665 31 24 its

1889 706 54 23 way
1953 700 47 22 and
2011 701 84 23 caasod
2105 708 16 16 a
2141 709 101 23 passage
2263 702 66 30 right
2349 701 68 24 down

1889 738 26 21 to
1923 736 43 25 the
1976 736 68 25 creek
2057 737 102 24 without
2166 747 17 15 a
2195 738 99 31 particle
2304 738 29 24 of
2345 746 73 23 vege-

1889 775 84 23 tation.
2004 775 35 23 As
2049 783 37 16 we
2095 783 61 17 were
2171 777 100 31 picking
2291 785 45 16 oar
2356 777 62 25 foot-

1889 815 64 27 steps
1964 820 26 15 as
2001 812 54 24 best
2065 820 37 16 we
2113 813 72 24 could
2196 814 68 23 down
2276 821 90 23 among
2376 814 42 23 the

1889 850 92 27 stones,
2004 850 73 24 small
2099 850 89 24 lizards
2215 851 71 25 could
2307 851 31 25 be
2359 859 59 17 seen

1889 886 106 30 hopping
2005 888 42 22 out
2058 886 47 24 and
2116 888 27 22 m
2156 895 92 23 among
2266 888 79 28 them,
2368 888 50 25 and

1888 923 88 24 caused
1994 923 76 24 much
2092 924 143 25 merriment
2255 933 92 24 among
2368 926 45 25 the

1888 964 70 28 party
1969 962 83 31 trying
2062 964 26 23 to
2098 965 42 29 get
2150 963 58 24 holtl
2226 964 28 24 of
2261 972 53 17 one.
2348 965 68 32 They

1888 1008 62 17 were
1968 1001 38 23 far
2027 1003 42 22 too
2090 1003 72 29 agile,
2184 1003 112 24 however
2316 1004 40 23 for
2376 1011 39 18 ns.

1923 1037 109 25 Without
2042 1046 48 24 any
2102 1039 93 31 mishap
2206 1048 36 15 we
2253 1040 35 24 all
2309 1041 106 24 reached

1887 1076 44 24 the
1941 1076 51 24 foot
2009 1077 27 22 of
2043 1077 43 23 the
2107 1079 122 23 mountain
2241 1079 48 23 and
2311 1079 105 24 relieved

1888 1120 45 16 our
1942 1112 137 31 quenching
2099 1113 74 25 thirst
2183 1114 26 24 m
2221 1122 14 16 a
2247 1114 69 25 small
2339 1115 77 25 brook

1888 1150 80 25 which
1980 1150 103 26 babbled
2093 1151 71 25 down
2175 1152 107 32 through
2297 1161 17 15 a
2322 1154 94 24 beauti-

1890 1188 36 25 ful
1938 1188 91 25 ravine.

1923 1237 46 25 We
1980 1245 63 17 were
2053 1245 56 17 now
2121 1237 55 25 four
2196 1238 69 25 miles
2285 1240 62 24 from
2369 1248 47 17 oar

1888 1279 178 26 encampment.
2082 1275 54 25 The
2146 1276 60 31 path
2216 1277 26 23 to
2253 1277 31 24 be
2291 1279 122 23 traversed

1888 1314 25 22 to
1924 1313 20 23 it
1956 1320 48 16 was
2014 1313 48 24 full
2072 1313 28 24 of
2117 1314 111 23 interest.
2262 1314 106 31 Scenery,
2387 1316 29 24 of

1888 1357 15 16 a
1914 1350 144 31 completely
2080 1350 111 25 different
2211 1353 89 23 nature
2321 1354 28 23 to
2358 1353 57 25 that

1888 1388 78 25 which
1988 1397 37 17 we
2045 1389 51 26 had
2115 1390 77 32 lately
2213 1391 128 25 witnessed
2364 1399 51 18 wa3

1887 1426 57 24 held
1955 1428 44 23 out
2009 1430 27 20 to
2051 1435 35 16 us.
2122 1429 101 29 Among
2241 1430 88 29 stately
2351 1433 64 21 trees

1887 1465 45 24 the
1938 1465 56 24 first
2002 1467 56 29 part
2068 1465 27 25 of
2103 1466 45 24 the
2168 1466 84 24 march
2272 1475 63 20 was,
2356 1468 61 25 with

1891 1504 65 24 their
2000 1504 115 25 beautiful
2162 1505 91 31 foliage
2297 1507 120 31 drooping

1888 1551 15 15 a
1914 1543 62 24 little
1986 1542 77 24 under
2072 1544 42 24 the
2124 1545 110 23 extreme
2243 1544 60 25 heat
2323 1545 29 25 of
2367 1545 45 25 the

1888 1590 55 15 sun.
1977 1582 93 24 Mound
2081 1582 62 25 after
2153 1583 88 24 mound
2258 1583 35 25 all
2314 1584 102 25 covered

1888 1621 57 23 with
1975 1621 93 24 lichens
2096 1622 48 22 and
2175 1622 96 24 various
2297 1624 116 30 creeping

1885 1658 84 30 plants
1980 1658 59 24 with
2055 1665 15 17 a
2086 1662 68 26 great
2168 1659 94 31 variety
2289 1659 27 25 of
2342 1660 73 30 tints,

1889 1696 67 23 made
1980 1703 34 23 up
2041 1703 15 16 a
2083 1704 57 22 very
2166 1695 117 26 beautiful
2311 1697 103 31 picture.

1888 1732 101 31 Clumps
1999 1733 24 23 ol
2035 1733 71 24 small
2115 1733 87 25 shrubs
2208 1735 51 26 too,
2266 1734 109 31 growing
2381 1742 35 24 up

1888 1772 58 23 with
1957 1773 67 29 great
2033 1772 141 25 luxuriance
2195 1772 74 31 along
2284 1773 44 25 the
2342 1774 73 25 creek

1888 1810 87 25 looked
1987 1818 54 23 very
2051 1812 88 30 pretty.
2171 1810 55 26 The
2235 1811 72 26 shrill
2322 1820 41 23 cry
2387 1811 29 26 of

1888 1850 43 22 the
1940 1850 66 23 wood
2014 1850 54 26 hen_
2076 1858 50 16 was
2135 1850 74 24 beard
2220 1858 52 17 now
2280 1851 48 23 and
2339 1851 72 31 again

1888 1886 142 30 re-echoing
2050 1886 107 31 through
2184 1888 43 23 the
2260 1888 70 30 glens
2363 1889 50 23 and

1889 1924 95 25 seemed
1998 1931 58 23 very
2072 1923 83 27 weird,
2366 1935 5 14 ;

1921 1972 45 24 We
1973 1972 95 24 arrirftd
2073 1973 26 25 at
2109 1980 69 25 camp
2184 1973 107 25 between
2299 1973 57 26 four
2361 1974 52 25 and

1888 2010 47 24 five
1948 2010 93 24 o'clock
2058 2010 24 24 m
2098 2010 44 24 the
2147 2032 3 3 .
2168 2010 125 26 afternoon
2321 2013 94 30 greatly

1889 2049 143 27 exhausted,
2042 2049 51 24 and
2102 2052 67 22 went
2173 2050 29 24 m
2218 2050 85 25 search
2319 2051 29 24 of
2369 2059 47 16 our

1887 2086 86 25 horses
1979 2086 80 25 which
2070 2086 49 24 had
2129 2087 95 31 strayed
2234 2087 61 31 folly
2305 2090 110 29 aeouple

1887 2124 28 25 of
1922 2123 70 25 miles
2006 2123 59 25 from
2083 2132 46 16 our
2144 2126 76 30 traps.
2253 2125 57 24 Two
2325 2125 29 24 of
2371 2126 43 25 the

1886 2165 71 28 party
1968 2170 58 17 soon
2037 2165 44 29 got
2091 2163 69 26 them
2170 2163 112 25 however
2291 2165 51 24 and
2350 2165 66 24 after

1886 2199 92 31 having
1987 2200 69 30 given
2067 2202 69 22 them
2147 2208 16 17 a
2174 2199 86 26 liberal
2286 2201 63 28 feed,
2377 2210 38 17 we

1886 2236 116 31 prepared
2012 2238 26 22 to
2055 2236 69 25 make
2152 2239 41 23 tea
2220 2237 40 25 for
2285 2238 128 25 ourselves.

1887 2276 50 24 Ere
1948 2276 61 31 long
2018 2276 44 24 the
2072 2276 45 24 fire
2126 2284 52 16 was
2194 2277 109 31 burning
2322 2278 93 31 briskly

1887 2316 48 24 and
1946 2316 60 24 with
2017 2316 42 24 the
2081 2316 58 31 billy
2166 2309 102 40 boding,
2296 2318 41 24 tea
2362 2325 53 17 was

1886 2363 61 17 soon
1957 2355 71 24 made
2037 2355 82 31 ready.
2141 2356 53 24 The
2201 2356 107 25 General
2318 2357 96 32 gauged

1886 2393 43 24 the
1937 2394 71 24 exact
2017 2393 114 31 quantity
2142 2394 51 23 this
2218 2395 63 24 time
2307 2395 104 31 though,

1887 2429 49 24 and
1951 2429 22 24 it
1998 2437 51 17 was
2081 2429 76 32 really
2184 2431 79 24 worth
2289 2429 124 34 drinking.

1886 2467 62 25 Here
1960 2474 34 18 we
2006 2474 62 18 were
2079 2467 88 32 sitting
2176 2469 80 24 round
2262 2469 30 32 m,
2305 2477 16 17 a
2342 2470 71 24 circle

1886 2505 112 31 enjoying
2014 2513 15 16 a
2044 2505 67 31 quiet
2138 2506 45 30 sip,
2211 2506 49 24 and
2286 2507 127 30 recording

1885 2541 77 25 much
1971 2542 28 24 of
2011 2549 45 17 our
2082 2542 134 29 adventure
2244 2551 59 17 over
2329 2544 82 33 again.

1885 2579 53 24 The
1949 2580 66 25 most
2025 2579 26 25 of
2059 2587 29 16 us
2094 2587 63 17 were
2163 2579 29 25 of
2196 2580 42 25 the
2245 2580 101 32 opinion;
2355 2580 56 26 that

1886 2624 57 16 once
1954 2624 34 17 on
1998 2616 44 25 the
2052 2618 44 29 top
2106 2617 27 24 of
2140 2617 92 27 Mount
2242 2618 112 25 Torlesse
2362 2626 52 17 was;

1886 2655 66 31 quite
1960 2655 128 28 sufficient,
2099 2655 95 30 indeed,
2205 2656 22 25 it
2242 2657 79 25 would
2344 2657 31 24 be
2395 2664 16 17 a

1885 2702 57 23 very
1953 2694 122 39 tempting
2081 2695 61 25 offer
2148 2697 28 23 to
2185 2696 119 31 persuade
2311 2704 67 21 spue
2388 2695 28 26 of

1884 2739 31 17 us
1925 2733 26 23 to
1962 2739 31 23 go
2001 2732 103 31 through
2113 2732 42 25 the
2165 2733 82 24 ordeal
2253 2734 80 31 again,
2367 2734 46 24 We

1884 2777 59 18 were
1954 2777 58 24 very
2023 2772 76 23 much
2119 2772 115 24 favoured
2249 2772 112 25 however
2387 2779 29 17 as

1885 2809 100 31 regards
1993 2810 115 28 weather,
2119 2812 45 23 not
2175 2819 15 16 a
2199 2810 70 26 cloud
2286 2811 130 31 obscuring

1887 2847 42 24 the
1941 2847 46 31 sky
1997 2847 65 29 untjl
2072 2855 38 17 we
2122 2856 60 17 were
2192 2856 32 16 on
2236 2850 52 30 top,
2296 2848 49 25 and
2354 2856 60 17 even

1886 2884 58 24 then
1955 2885 56 29 they
2023 2884 41 31 die}
2080 2887 44 22 not
2150 2885 75 24 much
2241 2907 1 3 .
2251 2887 100 24 obaeiu'e
2372 2893 44 17 our

1886 2924 65 24 view.
1985 2923 52 25 The
2049 2924 66 24 wind
2126 2925 40 24 too
2183 2932 48 17 was
2246 2925 26 24 m
2298 2925 35 24 its
2359 2926 54 23 best

1886 2962 133 25 behaviour
2026 2970 29 18 or
2064 2963 114 27 w&qbuld
2187 2971 71 17 never
2264 2964 62 24 have
2331 2963 83 25 reach-

1888 3000 30 24 ed
1929 3000 41 26 the
1978 2991 99 48 suniirii^
2086 3001 26 25 at
2121 3000 41 26 all.
2195 3001 77 25 What
2283 3001 82 25 struck
2371 3008 42 18 me

1888 3042 66 22 most
1962 3040 26 24 of
1994 3040 34 24 all
2037 3039 68 25 when
2112 3047 33 17 on
2154 3041 43 31 top
2204 3048 50 17 was
2261 3040 42 25 the
2311 3040 104 25 number

1888 3078 28 26 of
1924 3078 73 32 sheep
2008 3081 75 23 tracts
2095 3079 80 25 which
2186 3088 60 16 were
2262 3082 26 23 to
2303 3080 30 24 be
2358 3080 53 25 wit-

1888 3116 96 25 nessed.
2018 3117 100 25 Animal
2129 3116 42 25 life
2182 3125 50 17 was
2242 3125 56 24 very
2326 3125 87 21 scarce,

1887 3154 49 24 and
1945 3154 90 24 insects
2046 3162 61 17 were
2117 3155 47 24 few
2173 3155 50 24 and
2237 3155 39 24 far
2295 3155 116 28 between,

1888 3193 43 24 but
1942 3193 56 25 that
2008 3193 20 25 is
2041 3195 44 24 not
2094 3195 25 24 to
2129 3193 30 26 be
2170 3195 127 24 wondered
2308 3196 34 23 at.

1921 3231 52 23 The
1984 3255 5 2 _
2005 3231 71 25 artist
2103 3231 60 25 here
2183 3232 49 25 will
2259 3232 50 25 find
2338 3240 75 23 many

1888 3268 118 25 beautiful
2016 3268 114 31 pictures.
2164 3269 80 25 There
2254 3277 62 17 were
2328 3271 47 23 two
2384 3276 29 18 or

1888 3307 68 25 three
1967 3307 99 25 natural
2077 3308 93 24 bowers
2181 3308 78 24 which
2276 3308 77 25 would
2358 3308 6 9 4
2368 3309 45 24 not

1888 3346 60 25 have
1959 3347 124 30 disgraced
2094 3348 42 24 the
2147 3355 97 21 canvas,
2272 3348 47 24 and
2345 3348 21 24 it
2392 3348 21 23 is

1888 3384 96 25 curious
1999 3384 56 25 that
2067 3392 27 17 so
2105 3385 46 25 few
2162 3384 61 25 have
2249 3384 77 26 found
2351 3384 63 26 their

1888 3429 52 23 way
1951 3421 99 29 thither,
2063 3429 28 17 as
2102 3422 43 25 the
2157 3429 98 25 scenery
2266 3422 37 25 for
2324 3422 89 30 variety

1888 3461 13 24 I
1912 3469 42 17 am
1976 3468 56 17 sure
2054 3462 140 29 oannot.be...
2206 3462 128 31 surpassed
2355 3469 57 26 any-

1889 3499 86 25 where.
2008 3499 67 26 Here
2107 3508 37 17 we
2176 3500 63 26 have
2266 3503 147 26 mountains,

1889 3539 81 28 rivers,
1983 3538 98 32 valleys,
2103 3540 90 30 plains,
2208 3540 76 29 oreek,
2307 3540 63 25 bush
2382 3541 31 23 &o

1888 3578 48 25 and
1948 3577 63 26 wliat
2022 3586 67 16 more
2098 3579 70 26 could
2180 3579 28 26 be
2219 3579 77 26 desire
2307 3581 13 24 ?

1922 3615 101 30 Boiling
2044 3613 45 26 bur
2099 3617 67 24 tents
2177 3624 41 23 up,
2241 3617 50 26 and
2313 3616 103 31 stowing

1888 3659 67 26 away
1977 3652 143 32 everything
2140 3654 28 26 m
2190 3661 44 17 our
2253 3654 108 31 buggies,

1889 3697 61 16 were
1961 3697 31 16 on
2001 3697 44 18 our
2053 3697 53 23 way
2114 3690 158 27 homewards,
2305 3691 109 31 Notbiug

1887 3727 26 25 of
1922 3736 44 23 any
1983 3728 148 32 importance
2153 3730 100 26 oooured
2264 3730 88 32 during
2373 3737 41 19 oqr

1888 3767 64 26 drive
1964 3770 26 23 to
2001 3768 84 27 Annat
2097 3769 76 25 whioh
2186 3770 68 32 plaoe
2265 3777 36 18 we
2321 3769 92 28 arrived

1889 3812 32 28 at,
1945 3809 26 26 at
1999 3809 66 34 eight
2091 3810 98 28 o'clock,
2222 3810 123 28 Darkness
2366 3816 48 21 was

564 72 169 31 OXFOED
773 72 90 30 AND
906 72 103 31 CUST
1053 75 220 32 OBSEBYER
1317 76 235 35 SATURDAY,
1596 75 147 30 MARCH
1788 77 47 34 19,
1865 77 87 29 1892.

879 3483 115 26 BIRTH.

675 3537 90 28 Black,
801 3536 86 25 March
899 3536 61 25 13th
971 3539 26 22 at
1010 3538 96 25 Willow
1115 3539 84 28 Farm,

674 3580 63 25 East
749 3580 99 28 Oxford,
866 3580 43 24 the
921 3580 54 25 wife
987 3580 29 25 of
1023 3581 67 25 John
1113 3582 84 28 Black,

675 3623 27 27 of
708 3631 15 16 a
735 3622 128 31 daughter.

877 3675 128 25 DEATH.

673 3725 108 24 Wallis.
817 3725 35 25 At
882 3725 42 24 the
957 3725 137 25 Harewood
1125 3726 74 24 Arms

673 3762 82 28 Hotel,
781 3763 27 24 T.
835 3762 94 30 Wallis,
958 3763 72 31 aged,
1055 3765 30 24 65
1118 3772 79 24 years,

675 3799 54 25 died
741 3800 86 26 March
841 3801 60 26 16th
913 3802 73 25 1892.
1018 3803 3 4 '

769 3022 122 38 Divine
942 3022 164 41 Services.

840 3072 99 25 Sunday
966 3079 71 16 next.

707 3119 31 24 U.
763 3119 34 24 M.
819 3119 30 24 F.
873 3119 108 28 Church,
1009 3119 69 25 West
1101 3120 98 29 Oxford,

675 3158 28 22 11
728 3165 20 15 a.
768 3165 32 15 n>.
821 3156 52 24 Rev
893 3156 24 24 J.
939 3156 122 31 Benning,
1085 3156 115 33 Subject:

690 3195 85 31 Object
786 3196 124 27 Lessons,'
931 3195 48 24 and
1002 3197 26 23 at
1052 3197 12 22 6
1076 3197 38 23 30.
1138 3205 60 22 p.m.

676 3232 100 31 Subject
788 3240 5 16 :
828 3231 21 24 A
861 3230 131 26 Mountain
1016 3232 135 26 Monarch.'

706 3270 63 24 East
797 3269 97 28 Oxford,
913 3270 23 23 2.
948 3270 40 23 45.
1002 3277 77 23 p.m.,
1102 3271 53 24 Rev
1174 3271 25 24 J.

674 3311 120 32 Benning,
840 3309 99 33 Subject
950 3319 5 16 :
1023 3312 108 30 Degrees
1174 3314 27 23 m

821 3351 49 24 and
881 3353 25 22 at
919 3352 64 23 6.30.
995 3359 60 23 p.m.
1074 3352 39 24 Mr
1129 3352 71 25 Hun-

675 3393 47 23 ter.

675 2662 271 45 OXFORD
956 2661 244 47 SPORTS

675 2774 19 24 A
708 2774 88 24 Public
807 2775 110 30 meeting
927 2774 51 25 will
989 2775 30 24 be
1030 2774 59 26 held
1110 2775 27 26 at
1158 2774 42 25 the

675 2811 90 25 Oxford
776 2811 112 32 Library,
912 2819 32 17 on
968 2812 108 32 Monday
1098 2813 102 30 evening

675 2851 23 23 at
710 2851 14 22 8
736 2850 102 24 o'clock.
872 2851 127 28 Business,
1020 2853 26 22 to
1068 2851 72 25 make
1163 2859 37 17 ar-

675 2890 156 28 rangements
842 2888 38 24 for
891 2888 43 24 the
948 2888 87 31 Sports
1058 2896 33 17 on
1113 2889 87 25 Easter

677 2925 116 23 Monday.

819 2354 240 44 FOUND.

675 2465 108 30 Found,,
788 2465 228 24 a-Fawn-coloured
1035 2464 80 32 Sheep
1134 2465 64 31 Dog,

675 2504 91 31 Puppy,
777 2504 61 24 with
850 2512 14 16 a
877 2503 82 25 Collar
970 2512 41 19 on,
1029 2504 69 24 short
1120 2505 78 23 Cham

675 2542 120 24 attached.
829 2542 53 24 The
893 2549 81 17 owner
992 2549 57 24 may
1071 2542 62 25 have
1155 2542 43 24 the

675 2586 65 17 same
751 2578 32 29 by
799 2579 91 28 paying
913 2586 126 21 expenses,
1051 2592 19 14 -r-

736 1484 228 40 TERMINUS
993 1485 145 38 HOTEL

806 1531 93 24 WEST
926 1531 144 26 OXFORD.

708 1595 70 25 MRS
790 1596 24 24 J.
833 1596 135 24 BATLEY
991 1597 90 31 having
1104 1598 97 23 secured

675 1632 42 24 the
729 1633 64 24 lease
804 1633 26 24 of
838 1633 41 24 the
890 1633 126 25 Terminus
1028 1634 74 24 Hotel
1121 1636 77 22 trusts

676 1670 31 31 by
729 1670 92 24 careful
842 1671 120 23 attention
981 1674 26 21 to
1027 1672 36 23 thi
1096 1672 105 30 .require-

676 1711 78 23 ments
766 1710 27 24 of
802 1710 42 24 her
854 1713 135 21 customers
1006 1712 25 23 to
1054 1719 81 16 secure
1158 1711 42 24 the

676 1755 67 16 same
766 1747 59 24 kind
847 1749 131 29 patronage
1001 1748 55 23 that
1077 1757 50 16 was
1158 1756 41 16 en-

673 1785 70 31 joyed
752 1785 29 31 by
794 1785 42 25 her
846 1785 174 31 predecessors.

708 1823 104 24 Visitors
845 1823 60 24 from
941 1823 173 25 Christchurch
1151 1824 48 24 and

675 1860 124 30 Rangiora
809 1857 51 27 will
870 1861 123 29 recognise
1015 1861 26 23 m
1063 1861 51 23 Mrs
1136 1861 63 23 Bat-

674 1897 41 30 ley
726 1905 31 16 an
769 1896 39 25 old
820 1896 79 25 friend
910 1896 54 25 who
976 1896 51 26 will
1037 1905 69 23 spare
1117 1905 33 16 no
1166 1898 35 23 ef-

675 1934 61 25 forts
747 1934 27 24 m
786 1934 135 32 conducing
933 1936 24 23 to
969 1934 61 25 their
1051 1935 115 24 comfort.

675 2032 344 38 EDITCATINGTHE
1044 2032 151 39 HORSE.

679 2119 204 27 DROFESSOR
912 2119 205 24 LICHTWARK
1150 2119 49 29 will

675 2147 21 29 JL
740 2153 54 30 give
806 2159 14 17 a
839 2152 50 24 free
912 2152 104 24 Lecture
1039 2159 31 17 on
1093 2152 43 24 the
1159 2159 28 17 vs
1189 2165 13 16 c

674 2189 48 23 and
733 2188 75 25 abiise
819 2189 27 24 of
854 2186 43 27 the
908 2188 89 28 Horse,
1009 2189 28 23 m
1060 2189 42 24 the
1125 2189 75 24 Town

674 2227 67 28 Hall,
764 2228 63 24 East
849 2227 100 29 Oxford,
973 2235 33 17 on
1041 2227 158 32 Wednesday,

673 2264 86 25 March
771 2265 69 28 23rd,
853 2267 26 22 at
891 2267 14 22 8
925 2272 62 24 p.m.

771 599 331 55 NOTICE.

674 748 66 55 MR
757 748 30 23 R.
814 748 133 25 WALLTS
969 755 122 18 successor
1112 750 26 23 to
1161 748 39 24 Mr

728 779 29 25 JP.
780 780 38 23 De
847 780 85 27 Loree,
954 780 50 24 will
1015 781 87 30 always
1114 781 58 30 keep
1185 788 14 16 a

675 819 68 24 stock
766 818 28 24 of
812 818 70 25 fruits
902 818 26 26 of
948 819 42 24 the
1023 826 93 18 season.
1151 819 46 25 His

674 857 78 23 motto
762 856 49 24 will
823 856 26 24 be
887 856 70 25 small
968 858 84 29 profits
1063 856 49 25 and
1123 856 73 32 quick

676 935 85 24 HAIR
783 935 148 25 CUTTING
943 936 70 24 AND
1037 936 161 25 SHAVING.

677 978 40 23 On
740 977 137 31 Thursdays
897 978 49 24 and
968 978 133 31 Saturdays
1134 979 64 31 only.

756 1014 88 25 Adults
861 1015 39 26 6d.
935 1015 113 25 Children
1077 1016 40 24 3d.

710 1056 70 25 MRS
799 1057 129 25 WALLIS
945 1058 85 24 invites
1046 1058 42 24 the
1110 1058 89 24 Ladies

677 1093 49 24 and
736 1093 143 24 Gentlemen
889 1095 26 23 of
926 1095 92 23 Oxford
1030 1097 26 22 to
1076 1095 46 24 her
1144 1103 55 23 cosy

677 1132 62 24 little
752 1132 170 24 Refreshment
933 1133 85 28 Room,
1042 1133 78 25 where
1142 1135 57 30 they

677 1178 46 17 can
735 1171 26 24 be
773 1171 111 31 supplied
895 1172 58 24 with
976 1180 110 17 summer
1107 1173 90 28 drinks,

677 1208 56 27 Tea,
746 1208 89 28 Coffee,
849 1208 86 29 Cocoa,
948 1217 27 17 or
986 1209 138 29 Chocolate,
1148 1210 49 24 and

679 1245 137 30 something
827 1246 62 30 good
900 1248 26 22 to
938 1248 47 26 eat,
1003 1248 47 22 and
1063 1248 40 22 she
1125 1247 76 30 hopes

677 1284 30 30 by
719 1284 151 30 cleanliness,
882 1284 98 31 civility,
1001 1286 49 23 and
1072 1286 127 27 attention,

675 1323 26 23 to
723 1322 74 25 merit
822 1330 14 17 a
846 1322 85 25 liberal
944 1324 68 23 share
1021 1324 27 23 of
1067 1326 132 28 patronage

674 1361 63 24 from
746 1361 42 24 the
797 1361 153 25 inhabitants
958 1362 27 25 of
992 1362 90 25 Oxford
1091 1362 49 25 and
1151 1371 48 16 sur*

678 1401 124 29 rounding
813 1400 114 25 districts.

820 189 225 42 DRINK

689 247 204 40 HYSLOP'S
908 249 119 38 PUEE
1050 249 121 39 TEAS.

673 298 62 30 The
750 298 90 30 finest
855 300 50 29 the
920 299 102 29 World
1040 301 154 38 produces.

674 343 74 30 Sold
759 341 43 41 by
830 344 50 29 Mr
893 345 35 28 F.
943 346 39 27 A.

713 383 79 30 Bast
804 383 125 34 Oxford.

673 424 50 28 Mr
742 424 52 34 R...
796 425 116 32 Fisher,
928 424 88 30 -West
1029 425 127 29 Oxford.

674 463 47 29 Mr
738 464 35 28 B.
791 464 48 29 W.
869 463 125 40 Cooper,
1023 464 86 36 Cust,
1138 465 57 29 and

714 513 92 29 many
825 503 108 30 others.

29 3585 170 276 1%
222 3589 268 50 womm,.

232 3658 65 22 BAY
317 3657 86 21 BOAD

138 3699 123 29 BAST
310 3697 214 31 OXFORD.-

131 3750 53 34 les,
212 3750 117 34 Plums,
365 3748 221 37 Blackberries,

135 3800 19 20 n
164 3790 83 39 large
263 3800 34 20 or
312 3789 88 32 small
412 3791 173 38 quantities.

56 3070 150 40 NOTICE
228 3071 49 39 TO
292 3069 162 40 CATTLE
475 3069 107 39 MUS-

235 3115 183 40 TEEEES.

34 3166 3 30 ;
60 3163 169 39 QTRAYED
247 3163 62 24 from
320 3162 43 32 my
374 3163 77 31 place,
463 3170 45 16 one
531 3161 51 25 Red

60 3196 29 26 O
122 3196 48 24 and
185 3196 81 24 White
277 3197 16 23 2
304 3203 58 24 year
373 3195 41 24 old
437 3195 76 28 Steer,
536 3196 46 22 and

56 3243 47 17 one
115 3235 70 25 Roan
207 3236 50 24 and
281 3234 149 31 Strawberry
451 3234 94 28 Heifer,
569 3235 13 23 2

56 3283 59 24 year
125 3276 49 28 old,
188 3276 59 31 only
259 3275 71 25 mark
340 3283 15 16 a
366 3275 43 24 slit
421 3276 23 23 m
457 3274 42 25 the
510 3274 72 25 lower

247 3316 58 28 Ear,
329 3322 35 17 no
396 3312 99 27 brands.
529 3313 53 32 Any

167 3353 94 31 finding
284 3353 67 24 them
374 3353 115 29 amongst
521 3351 61 24 their

150 3390 48 25 and
209 3391 85 30 giving
317 3397 39 16 me
378 3389 66 24 word
466 3389 82 24 where
571 3389 11 23 I

167 3428 68 25 them
247 3427 48 25 will
307 3426 30 25 be
359 3426 128 27 rewarded,

239 3466 39 25 W.
295 3465 111 29 FRIAR,

409 3502 144 24 WOODSIDE.

125 2225 49 38 R.
202 2225 55 41 H,
291 2224 232 45 PARISH,

195 2266 89 32 East.
309 2266 140 31 Qxfopj).

94 2305 92 32 Special
197 2305 62 26 lines
271 2308 25 23 to
307 2307 29 23 be
346 2305 52 24 sold
418 2305 47 24 this
487 2304 95 29 month,

60 2340 27 24 at
98 2339 49 24 less
155 2339 60 23 than
227 2338 139 25 Wholesale
377 2340 59 26 cost,
457 2338 49 24 and
528 2345 54 17 con-

60 2371 121 31 siderably
193 2371 75 25 below
279 2372 78 30 prices
369 2371 104 30 charged
484 2371 37 23 for
543 2370 39 24 the

61 2412 66 16 game
139 2404 92 31 quality
243 2412 14 16 o
259 2404 9 19 f
275 2403 96 25 articles
379 2404 25 23 at
414 2402 168 31 Co-operative

62 2436 90 26 Stores.

60 2469 253 25 FLANNELETTS.

123 2507 66 24 ART
229 2505 150 26 MUSLINS

170 2543 123 26 BROWN
311 2542 174 26 HOLLAND.

397 2576 185 29 DELATNES:

189 2623 83 25 JUST
288 2622 162 27 ARRIVE

108 2667 14 24 2
132 2667 82 24 Bales
225 2674 86 17 dibect
323 2674 65 15 from
400 2665 134 28 Scotland,

108 2710 115 23 WHITE
247 2709 71 24 AND
353 2696 182 37 COLOURED

200 2750 236 32 BLANKETS.

163 2802 73 24 From
269 2803 42 31 7/6
346 2808 42 24 per
421 2801 58 24 Pair

114 2844 178 36 CARPET!
336 2843 192 30 CARPET!!

76 2894 129 31 Six-pence
238 2894 143 30 half-penny
414 2901 42 23 per
490 2893 74 24 Yard.

59 2936 95 32 Selltog
165 2936 35 25 off
221 2936 75 25 below
319 2938 61 26 cost,
399 2936 90 24 Ladies
511 2936 71 25 Litost

156 2979 127 23 fashioned
309 2978 80 24 Straw
414 2978 71 24 Hats.

143 1373 54 42 E.
220 1373 55 43 B.
306 1372 192 44 LANE.

165 1434 90 39 (Late
270 1435 36 30 E.
322 1433 159 39 Butcher.)

334 1482 181 34 Jeweller,
531 1480 43 30 &c

61 1529 121 31 Importer
209 1528 26 25 of
273 1528 102 24 Musical
414 1527 171 28 Instruments,

61 1568 109 25 Victoria
185 1567 40 28 St,
243 1568 135 31 Rangiora..

59 1625 131 30 Speciality
199 1633 5 16 :
239 1625 27 23 iri
272 1625 106 30 superior
388 1623 106 31 English
512 1623 77 24 Lever

60 1662 114 24 Watches
185 1662 26 24 m
223 1663 69 23 extra
303 1663 84 29 strong
397 1668 67 17 cases
475 1661 72 23 made
559 1662 26 22 to

59 1707 42 23 my
112 1699 70 25 order
193 1701 25 23 to
230 1700 49 24 suit
298 1699 42 25 the
362 1698 177 31 requirements
562 1698 26 24 of

60 1736 51 24 this
127 1736 102 25 district.

94 1786 28 23 F.
135 1786 29 23 B.
178 1786 67 23 Lane
258 1786 66 23 visits
348 1785 90 24 Oxford
462 1783 121 31 monthly,

61 1825 96 30 staying
164 1827 24 22 at
201 1823 132 26 Mitchell's
348 1824 124 30 Boarding
491 1824 93 23 House.

60 1863 42 24 All
113 1864 91 30 repairs
214 1871 39 15 are
265 1863 62 24 done
337 1863 74 23 under
422 1869 45 24 my
472 1862 112 30 personal

60 1903 158 30 supervision,
242 1902 45 24 and
310 1901 14 24 I
346 1905 131 26 guarantee
512 1900 71 24 satis-

58 1941 99 25 faction.
191 1941 45 25 All
247 1941 99 32 jobbing
353 1940 45 25 left
415 1943 26 21 at
463 1939 124 25 Weeber's

60 1979 84 31 Fancy
156 1978 150 31 Repository,
329 1978 63 24 East
414 1977 99 29 Oxford,
535 1977 50 24 will

58 2019 101 27 receive.
162 2026 42 23 my
215 2018 53 26 best
280 2017 120 25 attention
418 2016 49 25 and
486 2023 97 18 reason-

58 2057 56 25 able
125 2058 71 24 rates.

93 2103 116 25 Cauhon.
244 2102 38 25 No
293 2102 142 25 connection
454 2101 59 25 with
536 2109 49 24 any

59 2140 72 27 other
141 2141 61 32 shop
214 2141 27 25 of
251 2141 94 25 similar
361 2141 108 25 address.

56 903 50 30 All
122 903 96 30 Work
232 903 79 30 done
320 912 39 20 on
369 901 53 30 the
434 900 149 31 Premises

181 954 62 30 and
264 953 197 39 guaranteed.

93 1024 40 24 Mr
143 1024 54 25 Gus
208 1024 76 24 Jones
292 1024 50 25 will
348 1023 58 25 visit
414 1021 93 26 Oxford
514 1028 72 24 every

61 1061 71 25 other
152 1061 55 25 Sale
230 1061 54 31 day,
307 1060 168 30 commencing
497 1060 88 22 Thurs-

60 1101 55 30 day,
128 1100 57 24 Feb.
197 1101 52 27 4th,
261 1100 49 24 and
327 1098 49 26 will
389 1098 71 30 bring
481 1105 14 17 a
517 1097 68 25 stock

93 1138 26 24 of
132 1138 124 27 Watches,
269 1136 95 28 Clocks,
376 1135 47 24 and
434 1135 118 30 Jewellry.

94 1201 86 24 Orders
198 1200 44 24 left
261 1202 26 22 at
307 1201 41 22 the
371 1199 116 29 Working
508 1198 79 24 Men's

94 1239 68 27 Club,
175 1237 98 28 Oxford,
285 1237 49 24 will
357 1236 88 24 receive
456 1237 98 30 prompt

256 1275 129 25 attention.
