2480 3890
55 189 85 14 woman
149 184 49 19 who
206 184 41 19 has
255 184 47 20 lain
309 184 24 19 m
343 183 34 20 his
387 189 59 14 arms
459 184 44 19 and
518 184 61 19 shar-

55 219 29 20 ed
94 219 34 20 his
135 220 40 19 life
183 220 35 19 for
226 221 45 18 two
294 226 70 19 years.
392 220 46 19 But
455 220 28 20 he
506 220 73 21 stifled

55 256 40 19 the
102 256 163 21 remembrance
273 257 22 19 of
317 257 40 19 her
364 271 5 9 ,
394 256 45 20 and
462 257 117 20 whenever

55 293 41 18 her
102 292 11 19 f
126 298 24 14 ee
160 298 47 14 rose
217 293 75 19 before
301 293 52 23 him,
365 293 28 20 he
407 293 71 20 threw
491 293 89 21 himself

56 334 61 14 more
127 329 86 25 eagerly
223 330 56 19 than
293 336 52 14 ever
353 330 49 19 into
413 330 35 19 his
457 331 60 19 work

84 365 19 19 H
108 366 45 19 ard-
162 366 56 19 work
228 367 51 20 tells
292 367 23 19 m
325 367 66 20 India
406 368 33 18 for
448 368 24 19 at
481 368 38 19 the
537 368 44 19 end

56 403 24 19 of
88 403 53 19 four
149 410 63 18 years
236 404 94 24 Captain
348 403 26 19 St
392 404 66 19 Orme
478 404 37 25 (he
536 404 45 19 had

57 439 35 19 his
102 441 59 24 steps
172 440 22 19 m
204 440 38 19 the
259 439 127 26 meantime)
407 446 43 13 was
468 440 114 20 invalided

57 476 64 19 home
132 477 24 18 to
185 476 85 25 ngland

206 513 33 22 To
258 514 24 22 be
305 514 129 23 continued.

57 616 186 58 LOCAL
280 616 1 58 and
318 616 263 58 GENERAL

85 743 50 20 The
159 744 74 21 Bank,
233 753 27 5 —
261 744 39 19 We
329 742 57 21 have
408 743 24 20 to
465 744 117 25 ayo'ogise,

57 779 109 26 although
177 786 31 13 we
217 780 60 19 trust
291 786 29 13 no
341 779 170 20 inconvenience
539 786 43 14 was

58 816 87 23 caused,
154 816 30 25 by
198 815 38 21 the
250 816 121 20 statement
379 815 24 21 m
413 822 40 14 our
466 816 45 20 last
524 816 59 21 issue

57 853 53 20 that
118 853 38 20 the
166 853 63 20 Bank
240 853 71 20 would
319 853 28 20 be
360 859 55 19 open
429 859 29 14 on
481 853 102 26 Tuesday

57 890 90 19 instead
156 890 23 20 of
187 890 117 26 Thursday
313 890 22 19 m
351 896 147 19 consequence
513 890 23 19 of
555 891 27 19 St

59 926 102 21 Pair.oks
172 926 42 26 day
224 926 63 25 be?rg
301 933 13 13 a
323 926 90 26 general
417 926 96 26 holiday.
541 926 43 20 We

57 963 58 20 have
125 970 28 13 no
168 963 73 25 doubt,
257 963 40 21 the
311 963 152 26 disappointed
480 970 48 14 jnes
555 963 29 26 (f

59 1002 60 22 any,)
130 1000 46 19 will
183 999 28 20 be
221 999 121 21 charitable
357 998 88 26 enough
458 1000 25 19 to
495 999 87 25 forgive

57 1042 33 17 us,
103 1036 63 19 when
172 1036 54 25 they
233 1036 47 20 find
287 1036 60 20 their
355 1035 100 20 balances
462 1036 119 25 exceeding

58 1073 60 20 their
127 1073 156 26 expectations,
294 1072 70 20 which
379 1079 31 13 we
433 1073 66 19 think
522 1079 59 14 more

57 1109 57 20 than
127 1107 113 27 probable,
254 1109 137 25 considering
403 1109 40 19 the
452 1109 85 20 revival
560 1109 22 20 of

57 1146 64 19 trade
132 1147 102 24 amongst
243 1152 32 14 us.
306 1146 53 20 This
369 1146 56 25 hope
439 1146 20 19 is
469 1146 112 25 strength-

59 1182 56 19 ened
123 1188 28 13 on
161 1182 76 25 seeing
247 1182 39 19 the
295 1182 63 25 large
371 1182 94 19 number
478 1182 24 20 of
520 1182 62 20 stock

58 1217 67 26 being
135 1217 77 20 driven
223 1219 22 18 to
254 1224 39 13 our
302 1218 57 19 local
368 1219 46 19 sale
422 1219 56 24 yard
493 1219 44 19 and
544 1219 38 20 cl.c

57 1260 104 18 presence
171 1254 23 19 of
203 1260 14 13 a
230 1254 93 19 number
345 1254 24 19 of
390 1254 81 25 buyers
488 1255 57 20 from
568 1262 14 13 a

57 1287 100 20 distance
167 1287 54 20 bent
229 1293 28 14 on
268 1287 106 20 business.
405 1287 34 20 On
453 1288 40 21 the
517 1288 64 21 Bank

57 1323 52 19 door
118 1323 20 19 is
146 1323 80 26 posted
234 1323 39 21 the
283 1323 111 26 following
403 1325 79 20 notice.
482 1337 28 3 —
512 1327 6 8 '
534 1325 47 21 The

56 1358 62 21 Bank
127 1360 45 19 will
182 1360 26 19 be
222 1366 56 20 open
287 1366 28 15 on
325 1360 103 26 Tuesday
436 1361 40 20 the
484 1362 27 19 23
520 1361 60 26 inst.,

55 1395 45 21 and
109 1397 40 19 not
158 1402 28 14 on
195 1396 118 27 Thursday
321 1397 40 20 the
371 1398 54 19 31st.

82 1431 67 21 West
159 1433 91 20 Oxford
261 1434 85 20 School
356 1433 136 21 Comhittee
499 1445 26 4 —
525 1434 55 21 This

55 1469 127 21 committee
191 1468 54 22 hgld
253 1477 14 13 a
275 1470 82 27 special
366 1471 99 25 meeting
478 1477 29 14 on
521 1471 58 20 Mon-

55 1506 46 26 day
109 1507 102 25 evening.
240 1508 37 20 All
285 1513 57 15 were
351 1508 90 25 present
450 1509 79 25 except
542 1508 37 20 Mr

56 1544 63 19 Dean
153 1544 43 20 For
212 1545 62 25 pujil
283 1544 95 21 teacher,
406 1544 39 20 the
467 1545 23 20 fo
499 1545 80 27 lowing

57 1581 147 25 applications
214 1588 55 13 were
278 1581 101 20 received
396 1581 55 20 Mis
453 1581 16 20 3
463 1582 116 23 Vl'llraith,

55 1618 147 22 Summerhill,
215 1619 32 19 Mr
253 1619 24 19 ft.
301 1618 132 25 Oraighead,
460 1619 117 24 Malvorne,

55 1654 37 19 Mi-
114 1654 15 20 J
158 1655 85 22 Brown,
264 1655 56 20 East
342 1654 94 21 Oxford.
467 1655 48 21 The
536 1655 45 21 last

55 1690 81 20 named
145 1697 44 14 was
196 1692 167 20 recommended
372 1692 35 20 for
418 1692 159 26 appointment.

55 1728 20 19 A
90 1728 92 20 medical
192 1728 121 20 certificate
322 1734 41 14 was
372 1728 101 21 received
482 1730 99 26 shewing

57 1765 36 20 Mr
99 1765 157 21 F.Prichard's
262 1765 105 26 inability
374 1766 24 20 to
403 1767 104 20 continue
514 1767 59 20 work

58 1802 23 20 It
89 1809 45 13 was
147 1802 92 20 decided
252 1804 24 18 to
288 1803 90 25 request
398 1803 40 20 the
461 1804 73 20 Board
556 1805 25 19 to

57 1838 90 19 confirm
159 1839 33 18 Mr
201 1840 99 19 Brown's
309 1838 155 27 appointment
473 1847 24 14 as
520 1842 61 25 early

58 1881 24 13 as
91 1875 103 25 possilbs,
214 1875 45 20 and
276 1877 24 19 to
318 1878 89 23 request
422 1876 45 20 him
483 1879 24 19 to
524 1884 57 14 com-

57 1917 75 15 mence
141 1912 35 20 his
191 1911 73 21 duties
281 1913 152 25 immediately
450 1920 29 14 on
499 1915 82 19 receiv-

57 1947 38 24 ing
104 1954 14 13 a
130 1947 91 21 favorab
229 1956 12 13 c
250 1949 70 27 reply.

84 1984 128 21 Licensing
221 1986 81 20 Bench
309 1997 28 3 —
339 1986 27 20 At
375 1992 13 13 a
396 1987 99 27 meeting
505 1988 23 20 of
541 1989 40 20 the

57 2021 75 20 Bench
142 2028 28 13 on
179 2022 43 21 4th
233 2022 46 20 inst
285 2029 14 14 a
308 2023 92 20 License
409 2024 24 19 of
450 2024 40 20 the
508 2024 73 21 Term-

55 2057 52 20 inus
123 2058 65 20 Hotel
197 2064 44 14 was
251 2059 95 26 granted
351 2060 24 19 to
384 2059 47 21 Mrs
442 2060 85 27 Batley.

94 2099 3 6 '
110 2095 75 20 Local
221 2096 126 20 Industry.
376 2097 48 19 The
468 2097 114 27 following

55 2132 95 19 account
168 2131 23 20 of
205 2130 88 22 ~aT*Biri
292 2139 7 6 n
300 2133 19 19 ir
320 2137 11 9 ;j
331 2134 145 26 -ii«e.~lately
494 2136 40 19 cut
556 2136 25 20 at

55 2168 83 20 Messrs
148 2169 102 26 Sharplin
257 2170 45 20 and
314 2170 60 19 Rossi
375 2170 52 20 ter's
436 2170 49 20 Mill
501 2177 79 20 proves

55 2205 52 19 that
114 2204 19 20 if
141 2205 40 20 the
191 2205 85 21 Oxford
291 2206 82 20 timber
388 2207 64 20 trade
461 2207 21 21 is
499 2209 82 20 cooked

55 2242 20 20 it
85 2248 75 13 means
168 2243 25 21 to
206 2242 35 21 die
250 2249 14 14 a
273 2243 56 20 hard
348 2243 73 21 death.

81 2278 18 19 A
109 2278 71 21 Black
189 2278 62 21 birch
261 2280 47 20 tree
316 2287 24 12 as
347 2280 95 24 straight
448 2287 25 13 as
480 2287 14 14 a
503 2282 78 20 candle

54 2314 28 22 70
90 2314 47 22 feet
146 2315 23 21 to
179 2315 39 21 the
227 2315 50 28 firs^t
287 2316 61 23 limb,
357 2317 96 20 reduced
457 2317 25 21 to
488 2329 28 3 —

52 2350 26 21 '31
97 2351 100 26 Sleepers
206 2351 46 23 .3x5
266 2365 27 2 —
495 2356 39 20 723
560 2357 20 18 4.

54 2389 85 20 Boards
153 2389 45 20 and
212 2390 128 25 Scantlings
359 2401 28 3 —
479 2391 53 21 1289
558 2393 18 19 8.

480 2466 54 21 2013
559 2468 16 18 0

82 2498 72 20 These
163 2499 125 25 gentlemen
304 2504 75 21 report
386 2501 52 20 that
447 2501 59 21 their
523 2502 58 21 bush

57 2532 21 19 is
87 2532 38 19 tur
141 2532 38 24 ing
194 2532 40 19 out
244 2539 59 14 some
321 2533 101 26 splendid
437 2534 82 21 timber
536 2536 46 21 and

55 2565 56 25 they
137 2565 46 19 will
210 2565 58 21 have
295 2572 28 15 no
339 2567 106 26 difficulty
457 2568 25 20 m
508 2569 74 27 filling

54 2602 12 21 t
74 2607 21 14 ie
106 2601 75 20 orders
194 2600 61 28 daily
265 2602 88 26 flowing
361 2603 23 20 m
393 2609 60 20 upon
462 2604 69 22 them.

81 2638 69 20 Band
173 2644 28 14 of
225 2639 67 20 Hope.
293 2651 27 3 —
320 2639 46 20 The
388 2640 65 20 usual
479 2642 100 28 monthly

54 2675 99 25 meeting
164 2675 23 20 of
200 2675 40 20 the
252 2675 64 22 West
339 2677 87 23 Oxford,
449 2680 26 20 U.
497 2679 31 21 M.
551 2680 25 21 F.

52 2711 97 23 Church,
185 2711 63 21 Band
271 2713 21 19 of
320 2713 62 27 Hope
405 2722 43 14 was
475 2716 53 22 held
549 2724 30 14 on

54 2748 130 26 Wedneday
192 2748 45 21 last
249 2750 39 20 the
295 2750 47 21 Rev
354 2751 22 20 J.
386 2751 102 28 Benning
492 2754 85 25 presid-

53 2785 47 24 ing.
115 2784 114 27 Beadings
240 2793 54 14 were
302 2788 66 24 given
376 2788 28 26 by
412 2789 45 20 Mrs
465 2791 17 18 A
495 2790 81 26 White,

53 2821 41 19 the
107 2821 62 20 chair
171 2827 55 17 m».n,
250 2824 45 19 and
319 2824 53 20 Miss
396 2825 28 20 M.
455 2826 87 26 Batley,
566 2833 15 14 a

54 2857 118 21 recitation
181 2864 45 14 was
234 2859 51 20 well
293 2860 67 26 given
374 2861 28 26 by
415 2862 56 20 Miss
486 2863 27 19 H.
537 2863 44 20 An-

52 2893 47 23 call,
109 2894 45 19 aid
163 2901 14 14 a
187 2894 101 27 dialogue
302 2897 31 25 by
351 2897 97 21 Masters
457 2899 125 21 Grimwood

52 2930 52 25 (2).
120 2931 32 19 W.
166 2931 107 21 Knowles.
283 2933 44 20 and
335 2933 25 20 L.
368 2934 85 20 Ancall.
482 2935 97 21 Suitable

54 2966 80 26 hymns
147 2974 56 14 were
214 2974 57 20 sung
280 2969 55 20 Miss
342 2969 21 20 S.
374 2970 78 20 Fisher
464 2972 116 27 presiding

52 3005 83 20 striae-
141 3005 147 21 hapsaohumn
316 3007 45 20 The
384 3007 155 23 Benediction
553 3009 30 26 by

54 3041 40 20 the
117 3042 113 21 chairman
253 3043 98 27 brought
366 3051 14 14 a
402 3051 55 21 very
478 3045 103 27 pleasant

53 3079 95 27 evening
158 3080 23 19 to
191 3085 13 15 a
211 3077 63 24 close.

182 3207 117 21 OXFORD
316 3208 124 20 MARKET.

76 3277 58 20 John
152 3278 90 26 Ingram
260 3280 92 26 reports.
373 3279 65 23 ,That
455 3280 40 21 the
513 3280 67 26 entry

52 3314 33 22 for
98 3314 45 21 last
156 3315 130 27 Thursdays
300 3316 49 21 Sale
372 3317 124 25 comprised
517 3318 63 23 9,000

52 3349 72 35 ■^p,
136 3352 71 20 which
217 3353 23 19 to
249 3358 14 14 a
272 3353 64 25 great
345 3353 79 20 extent
434 3354 114 23 consisted
556 3355 24 19 of

144 3388 70 24 Ewes,
225 3388 42 21 and
275 3389 65 20 Cross
347 3388 55 21 bred
409 3389 87 21 Lambs.
524 3391 55 19 This

155 3432 44 14 was
208 3425 145 21 comfortable
362 3426 73 21 stored
445 3426 23 20 m
477 3427 40 20 the
530 3433 49 15 new

206 3499 31 21 all
260 3500 81 20 elapses
364 3500 49 23 sold
434 3500 77 27 freely,
534 3501 45 21 and

221 3537 78 25 prices,
310 3537 71 20 lambs
390 3543 30 15 on
428 3536 40 22 the
477 3539 102 25 cou'rary

253 3574 48 19 dull
310 3574 21 19 of
340 3574 54 24 sale,
408 3574 48 21 half
470 3575 24 20 of
515 3575 63 21 them

257 3611 39 20 out
303 3610 80 20 unsold
392 3610 73 28 owing
470 3618 31 17 jao
509 3612 69 21 doubt

218 3649 40 21 not
267 3648 67 27 being
344 3647 50 21 able
402 3649 25 20 to
435 3649 81 20 realise
537 3650 40 20 Ihe

227 3685 67 21 taken
303 3685 63 27 place
380 3685 24 21 m
417 3685 40 22 the
480 3687 60 26 prjee
554 3687 24 21 of

199 3723 39 21 the
247 3723 104 27 previous
366 3723 52 21 sale.

145 3762 62 22 Ewes
217 3762 100 27 brought
324 3761 59 22 from
392 3760 46 29 1/11
453 3761 24 22 to
486 3760 38 30 7/-,

52 3783 141 42 Bliambs,
305 3816 13 10 „
368 3799 53 29 10/-
430 3800 24 21 to
469 3800 67 30 10/10.

666 198 62 20 Store
738 198 81 22 Lambs
829 215 13 10 „
926 218 11 9 „
967 203 31 26 8/-
1012 204 24 20 to
1049 204 36 27 9/7,

666 234 119 21 Crossbred
795 237 62 21 Ewes
866 238 58 20 from
939 239 32 26 6/1
981 241 24 18 to
1016 241 40 26 12/,

667 270 85 21 Merino
763 273 103 22 Wethers
875 281 30 19 up
915 277 22 19 to
947 276 41 26 7/2,

667 309 44 19 Fat
720 309 71 27 Sheep
803 311 58 20 from
870 312 29 25 7/-
913 314 24 19 to
951 314 26 18 14
983 312 22 21 -.

671 455 103 26 FRUIT
782 457 40 24 AS
835 458 47 23 AN
894 458 150 23 ARTICLE
1056 458 42 23 OF
1106 458 82 23 DIET.

705 526 71 24 Fruit
786 527 21 24 is
826 527 176 31 indispensable
1014 528 26 24 m
1062 537 15 15 a
1097 528 101 30 healthy

673 565 92 31 dietary
776 566 154 32 particularly
938 568 25 23 m
977 567 42 24 the
1031 571 101 20 sumhiei
1148 575 50 17 sea-

673 612 43 16 son
729 605 47 24 amd
788 605 24 24 m
826 613 70 17 warm
909 606 119 25 climates.
1063 606 67 32 They
1143 615 56 23 sup-

672 642 40 30 ply
725 642 70 24 those
807 643 129 29 delightful
948 644 66 23 acids
1026 644 54 23 that
1092 652 39 15 are
1155 646 45 22 not

675 679 55 30 only
742 680 122 29 agreeable
874 681 24 23 to
918 681 41 23 the
981 681 89 30 palate,
1093 681 44 23 but
1160 689 40 17 are

673 715 126 31 especially
812 717 78 23 suited
903 718 25 23 to
951 717 43 24 the
1013 718 76 24 needs
1110 718 27 23 of
1155 718 44 24 the

675 753 57 24 vital
755 754 132 30 organism.
922 754 69 31 They
1012 756 54 23 cool
1087 755 49 24 and
1162 763 36 16 re-

673 789 66 24 fresh
762 798 29 15 us
802 791 27 23 m
841 791 42 24 the
895 791 58 24 heat
974 791 27 24 of
1018 791 41 24 the
1082 799 116 21 summer,

675 829 87 30 supply
774 829 42 24 the
823 830 99 30 organic
933 830 72 24 fluids
1017 831 56 24 that
1090 839 41 16 are
1150 833 50 22 lost

675 866 57 24 from
743 866 46 31 day
801 869 25 23 to
847 867 54 32 day,
924 868 49 25 and
995 868 59 32 keep
1076 869 42 24 the
1140 868 61 25 vital

675 906 142 31 machinery
827 906 25 24 iv
864 908 62 28 good
937 907 111 31 working
1065 907 78 25 order.
1178 907 25 25 If

675 952 31 16 no
717 944 71 24 other
798 945 71 30 proof
885 953 61 17 were
967 946 124 24 furnished
1113 947 26 23 of
1158 947 42 25 the

673 984 97 22 natural
792 984 174 31 requirements
988 986 26 22 of
1036 986 42 23 the
1106 986 94 23 human

673 1021 91 29 system
776 1019 37 25 for
824 1020 72 25 fruits
907 1029 15 16 a
933 1029 59 23 very
1006 1021 73 25 broad
1101 1021 55 26 hint
1177 1021 22 26 is

673 1059 72 30 given
752 1059 27 22 m
791 1059 41 24 the
843 1059 51 24 fact
906 1060 53 24 that
968 1060 58 32 they
1038 1068 40 17 are
1101 1060 99 31 capable

673 1096 27 24 of
709 1096 72 31 being
792 1104 83 23 grown
886 1097 27 23 m
924 1098 83 30 nearly
1019 1106 71 22 every
1101 1100 99 29 quarter

675 1135 26 24 of
718 1135 42 25 the
782 1135 122 25 habitable
926 1135 78 32 globe.
1038 1137 162 30 Throughout

673 1172 42 23 the
735 1174 136 28 temperate
894 1180 82 21 zones,
999 1180 27 18 as
1049 1174 54 24 well
1125 1182 28 16 as
1174 1175 26 23 m

673 1211 99 30 tropics,
782 1219 37 16 we
829 1211 52 24 find
896 1212 67 24 them
984 1212 28 24 m
1034 1214 69 30 great
1124 1214 75 24 abun-

671 1248 83 25 dance.

706 1285 49 24 The
770 1294 59 17 sour
849 1286 71 25 fruits
943 1287 31 24 do
996 1294 67 25 away
1084 1287 59 24 with
1165 1287 33 25 all

673 1327 5 10 '
689 1322 88 26 bilious
810 1324 133 29 remedies,'
977 1325 124 24 so-called.
1134 1325 66 31 They

674 1359 126 25 stimulate
811 1360 42 24 the
864 1360 61 24 liver
991 1361 32 24 its
1046 1363 95 23 normal
1161 1370 38 16 ac-

674 1397 79 31 tivity,
766 1396 48 25 and
826 1400 102 28 prevent
937 1398 41 24 the
990 1399 113 30 clogging
1125 1407 32 23 up
1176 1399 27 25 of

671 1436 42 24 the
730 1443 75 23 organ
827 1436 81 25 which
931 1445 83 16 causes
1036 1438 118 24 retention
1177 1439 26 23 of

672 1473 55 28 bile,
740 1473 141 31 thickening
902 1474 27 24 of
936 1475 42 24 the
1000 1474 79 28 blood,
1102 1483 97 24 conges-

671 1511 73 28 tions,
756 1511 47 23 and
815 1511 70 24 other
906 1512 186 31 derangements
1115 1521 83 17 conse-

669 1550 75 29 quent
755 1556 66 23 upon
833 1556 48 16 non
885 1550 178 29 -performance
1081 1550 25 24 of
1127 1551 70 24 func-

671 1585 76 26 tional
758 1586 91 25 action.
886 1587 53 24 And
951 1588 20 23 it
983 1587 48 25 will
1044 1587 29 25 be
1084 1588 115 25 observed

672 1623 55 24 that
750 1624 67 23 those
840 1624 71 24 fruits
933 1624 79 24 which
1042 1624 64 25 have
1138 1625 60 25 keen

671 1661 66 24 acids
748 1668 70 17 come
826 1661 28 24 m
865 1664 67 27 great
944 1661 145 26 abundance
1097 1662 54 31 just
1174 1664 26 23 at

670 1697 43 25 the
725 1698 60 24 time
796 1706 35 16 we
844 1698 59 24 need
915 1700 74 27 most,
1002 1701 55 26 vie.,
1069 1699 65 24 after
1156 1700 43 25 the

669 1736 60 30 long
746 1735 94 28 winter,
863 1735 70 25 when
956 1736 71 25 fruits
1050 1737 49 24 and
1129 1742 69 27 Vege-

669 1772 77 25 tables
756 1781 40 16 are
807 1773 141 32 necessarily
960 1781 90 17 scarce.

704 1811 81 24 Fruits
796 1818 42 17 are
849 1810 43 25 the
902 1811 98 24 natural
1010 1812 143 25 correctives
1160 1813 39 24 for

669 1849 137 25 disordered
807 1849 139 33 'digestion/
960 1850 45 24 but
1021 1850 42 25 the
1090 1856 65 27 way^
1170 1852 27 24 hi

671 1887 81 24 which
764 1894 72 24 many
848 1892 100 26 persons
959 1889 40 23 eat
1011 1888 69 25 them
1089 1892 111 23 converts

671 1926 65 23 them
748 1926 52 23 into
810 1934 14 15 a
836 1932 68 18 curse
915 1927 83 24 rather
1009 1927 60 25 then
1086 1934 15 19 a
1123 1928 75 26 bless*

669 1964 51 32 ing.
754 1964 102 25 Instead
869 1965 27 25 of
911 1965 73 31 being
1011 1967 74 25 taken
1108 1976 29 15 on
1166 1976 32 17 an

671 2004 79 29 empty
762 2002 119 29 stomach,
893 2011 27 16 or
930 2003 25 24 m
967 2004 162 25 combination
1141 2006 57 24 with

674 2040 87 31 simple
768 2040 68 30 grain
845 2042 162 29 preparation,
1017 2049 27 17 as
1053 2043 81 28 bread,
1141 2043 59 32 they

674 2085 39 16 are
725 2078 71 23 eaten
807 2077 61 25 with
885 2078 50 31 oily
956 2078 75 30 foods,
1054 2080 61 24 with
1134 2082 65 23 meat

672 2114 49 23 and
732 2115 145 29 vegetables,
889 2116 110 30 pungent
1010 2116 148 34 seasonings,
1171 2126 28 21 Or

675 2151 72 25 other
769 2153 180 24 unwholesome
975 2154 159 25 condiments.
1167 2155 35 25 Or

673 2190 57 30 they
742 2196 40 16 are
793 2190 72 23 taken
878 2191 26 23 at
915 2190 43 24 the
970 2191 47 23 end
1029 2192 26 24 of
1065 2191 43 25 the
1130 2191 70 30 meal,

673 2226 62 24 after
747 2226 42 24 the
800 2228 110 23 stomach
922 2228 21 24 is
963 2228 96 32 already
1081 2229 51 29 full,
1152 2230 48 25 and

671 2264 106 30 perhaps
800 2264 43 25 the
865 2264 79 25 whole
965 2272 68 18 mass
1055 2266 27 24 of
1101 2266 56 26 food
1178 2268 21 24 is

672 2304 6 11 1
689 2300 97 25 washed
798 2301 71 24 down
880 2302 5 9 '
896 2302 60 24 with
968 2304 46 27 tea,
1027 2310 28 17 or
1065 2303 83 31 coffeei
1172 2313 28 17 or

671 2339 72 26 Qther
753 2339 85 30 liquid,
851 2346 27 17 or
889 2339 70 25 other
967 2340 50 24 rich
1030 2341 104 26 desserts
1136 2361 7 17 ;
1151 2344 48 24 and

670 2386 14 14 a
695 2377 46 25 few
753 2377 74 25 hours
838 2378 70 28 after,
921 2379 70 24 when
1003 2381 68 24 there
1082 2381 22 24 is
1115 2389 15 16 a
1147 2383 51 24 sick

670 2414 103 31 patient,
786 2415 48 23 and
846 2414 43 25 the
900 2415 83 25 doctor
994 2416 44 26 has
1050 2419 25 23 to
1096 2419 27 24 be
1145 2421 54 23 sent

671 2452 45 27 for,
751 2451 42 24 the
825 2452 116 25 innocent
972 2453 60 25 fruit
1059 2456 54 29 gets
1156 2456 44 24 the

671 2487 80 26 b'ame
762 2487 27 25 of
797 2488 34 25 all
842 2489 41 24 the
896 2489 114 29 mischief,
1030 2491 71 25 when
1122 2494 78 31 really

673 2527 64 24 their
748 2526 58 32 only
817 2527 39 24 sin
867 2535 49 17 was
935 2528 27 24 m
984 2528 73 33 being
1075 2530 75 25 found
1171 2533 27 24 m

671 2564 47 24 bad
729 2571 128 24 company.

703 2603 33 24 In
748 2603 70 24 order
826 2604 26 23 to
864 2603 30 24 do
905 2604 64 24 their
979 2604 55 26 best
1044 2606 66 25 work
1128 2607 69 26 fruits

673 2641 87 24 should
772 2641 29 24 be
812 2643 71 23 eaten
895 2650 32 17 on
939 2651 33 17 an
983 2646 82 31 empty
1087 2647 110 26 stomach

672 2688 28 17 or
712 2680 90 32 simply
813 2680 58 26 with
883 2682 82 29 bread,
977 2690 73 18 never
1059 2684 59 26 with
1129 2694 67 24 vege-

671 2720 85 25 tables.
791 2720 31 25 In
845 2720 40 25 the
907 2722 120 31 morning,
1050 2724 82 26 before
1154 2726 43 25 the

670 2760 48 24 fast
730 2759 47 24 has
787 2759 60 25 been
858 2760 99 29 broken,
966 2761 58 32 they
1033 2771 40 16 are
1083 2765 46 23 not
1138 2767 59 30 only

671 2797 155 30 exceedingly
836 2797 140 31 refreshing,
989 2798 44 24 but
1050 2800 57 30 they
1129 2809 75 17 serve-

672 2840 28 17 as
711 2841 15 16 a
737 2835 98 24 natural
847 2833 115 26 stimulus
979 2837 26 22 to
1025 2837 41 23 the
1083 2837 114 31 digestive

672 2880 90 23 organs
773 2872 49 24 and
840 2874 26 22 to
887 2873 104 30 produce
1013 2875 63 24 their
1096 2877 102 25 fullness

672 2908 60 25 fruit
744 2908 70 25 effect
826 2910 56 30 they
893 2910 89 25 should
1003 2911 29 24 be
1051 2915 69 22 eaten
1139 2922 58 17 raw.

675 2948 75 24 What
760 2948 22 24 is
798 2947 78 25 better
887 2949 61 24 than
968 2957 15 17 a
1001 2950 79 26 bunch
1103 2953 28 24 of
1149 2954 49 25 lus-

673 2985 68 24 cious
753 2992 85 24 grapes
850 2994 25 15 or
894 2994 15 17 a
930 2988 65 30 plate
1017 2989 25 23 of
1063 2990 88 25 berries
1173 3000 27 16 or

673 3024 104 25 cherries
798 3032 30 17 on
851 3033 15 16 a
889 3033 109 18 summer
1017 3030 115 31 morning
1141 3037 2 7 :
1158 3032 40 23 the

671 3061 54 24 first
736 3061 73 31 thing
819 3070 31 16 on
863 3063 86 31 sitting
972 3064 70 25 down
1065 3067 26 23 to
1113 3066 85 26 break-

671 3099 48 24 fast
727 3100 12 22 ?
756 3106 28 17 or
795 3106 15 17 a
831 3099 50 24 fine
904 3101 52 30 ripe
977 3103 79 29 apple,
1078 3104 51 24 rich
1150 3106 48 24 and

669 3136 77 31 juicy,
757 3138 71 24 eaten
840 3137 24 23 m
877 3137 41 24 the
930 3146 68 17 same
1010 3147 53 24 way
1073 3141 12 24 ?
1115 3141 29 25 In
1154 3151 45 17 our

671 3176 97 24 climate
788 3177 82 29 apples
894 3177 86 24 should
999 3180 133 26 constitute
1153 3185 45 22 not

673 3213 43 24 the
729 3212 127 32 finishing,
879 3213 44 25 but
946 3215 43 24 the
1010 3215 140 35 beginning,
1174 3221 28 24 of

671 3250 43 25 the
733 3251 72 26 meal,
828 3251 156 29 particularly
1005 3253 43 24 the
1071 3254 127 31 breakfast,

671 3287 38 25 for
720 3289 26 23 at
757 3287 63 25 least
832 3288 38 24 six
881 3289 100 26 months
992 3289 27 26 m
1028 3291 42 26 the
1078 3301 63 23 year,
1150 3297 48 23 and

672 3327 79 28 fruits,
763 3335 49 16 raw
824 3327 49 24 and
884 3328 99 29 cooked,
996 3330 87 25 should
1094 3334 72 25 make
1184 3343 15 17 a

669 3368 56 29 part
747 3366 27 25 of
791 3366 42 25 the
863 3368 116 31 morning
1012 3371 49 23 and
1095 3374 104 32 evening

669 3406 63 24 meal
744 3406 121 31 (provided
877 3414 101 25 suppers
990 3416 40 17 are
1041 3412 82 32 eaten)
1141 3413 56 25 dur-

669 3445 44 31 ing
724 3446 41 23 the
777 3445 77 25 entire
871 3454 65 23 year.

701 3484 55 24 The
767 3485 60 30 good
839 3484 83 26 effects
938 3486 55 26 that
1016 3490 76 24 would
1115 3491 83 27 follow

669 3524 42 24 the
723 3524 125 25 abundant
870 3532 43 18 use
936 3526 26 24 of
982 3527 72 26 fruits
1071 3537 41 17 are
1131 3531 67 25 often

669 3569 66 17 more
758 3562 61 24 than
847 3564 222 27 counterbalanced
1091 3567 32 32 by
1154 3569 44 24 the

669 3601 138 31 pernicious
819 3602 68 26 habit
906 3603 26 24 of
952 3603 145 35 completely
1120 3610 77 23 satur-

668 3639 71 31 ating
749 3639 67 24 them
828 3640 60 24 with
899 3648 82 24 sugar,
1000 3644 156 31 particularly
1177 3646 23 24 if

667 3677 71 23 eaten
749 3676 27 24 m
788 3677 40 24 the
840 3685 49 16 raw
911 3681 63 22 state
983 3687 5 21 ;
1007 3680 43 25 but
1062 3682 134 33 unhappily

666 3717 57 24 that
734 3715 79 28 which
822 3724 49 17 was
882 3717 114 26 intended
1008 3720 49 23 and
1078 3720 118 32 prepared

666 3754 38 26 for
727 3762 29 18 us
767 3762 27 18 as
810 3762 15 18 a
847 3756 68 31 great
937 3756 60 31 good
1019 3757 23 24 is
1063 3759 42 23 too
1128 3759 65 26 often

664 3794 166 26 transformed
841 3795 53 24 into
903 3794 52 33 just
963 3795 43 25 the
1018 3797 117 31 opposite.
1171 3798 25 26 It

1280 214 21 22 is
1313 215 52 24 also
1377 223 14 16 a
1402 216 142 25 misfortune
1555 218 53 24 that
1618 219 85 30 people
1713 220 26 23 m
1759 220 48 24 this

1282 253 102 30 country
1407 253 85 25 should
1514 254 126 26 habituate
1663 256 144 25 themst-lves

1281 293 25 19 to
1319 294 6 9 •
1336 295 71 20 sweet
1419 292 73 31 thing
1502 296 5 8 '
1521 293 77 32 (foods
1609 295 115 30 prepared
1746 295 61 24 with

1283 330 84 31 sugar)
1379 330 56 24 that
1446 331 86 25 almost
1555 333 143 31 everything
1716 334 25 23 m
1765 333 42 25 the

1282 367 49 25 line
1347 368 27 24 of
1393 370 54 23 acid
1470 371 71 24 fruits
1562 376 5 10 '
1578 373 76 24 tastes
1676 375 73 25 sour,'
1781 381 26 17 so

1283 406 54 25 that
1350 408 61 23 what
1424 410 78 24 would
1513 411 128 25 otherwise
1652 412 30 24 be
1705 412 24 24 a'
1743 413 64 29 plea-

1284 447 56 22 sant
1351 446 51 24 acid
1416 446 92 26 flavour
1519 453 66 21 must
1597 450 28 24 be
1637 451 101 25 covered
1750 452 57 25 with

1284 490 27 17 or
1322 483 90 25 cooked
1424 485 60 25 with
1495 494 74 23 sugar
1579 486 81 26 before
1670 488 21 24 it
1710 495 46 18 can
1778 488 29 26 be

1284 521 111 26 relished.

1403 682 21 24 A
1442 683 112 23 ROYAL
1572 683 114 23 FIGHT.

1317 766 75 32 Early
1419 775 47 17 one
1492 768 115 31 morning
1633 768 105 31 recently
1765 769 43 24 the

1286 804 98 31 keepers
1395 805 48 24 and
1452 806 103 23 trainers
1567 807 26 23 at
1604 806 42 24 the
1666 806 143 25 Wombwell

1285 844 47 24 and
1344 844 88 31 Barley
1435 846 18 21 \s
1465 845 135 30 menagerie
1611 852 59 16 were
1682 845 126 24 awakened

1285 881 30 30 by
1327 889 16 16 a
1353 881 87 25 fearful
1451 883 98 29 roaring
1557 882 25 24 of
1592 883 42 23 the
1643 883 64 24 lions
1723 883 25 23 m
1765 882 43 25 the

1285 920 66 30 large
1362 928 83 23 group,
1457 921 47 26 and
1515 928 33 16 on
1565 921 63 24 their
1639 921 117 32 hurrying
1783 925 26 20 to

1285 956 44 28 the
1339 967 72 17 scene
1422 960 27 24 of
1457 960 42 24 the
1508 960 69 24 noise
1591 961 58 29 they
1665 960 74 24 found
1767 960 41 25 the

1286 994 106 26 shutters
1403 996 27 23 of
1436 995 42 25 the
1488 996 72 24 lions'
1569 996 47 24 den
1629 996 89 24 broken
1729 996 79 29 down,

1286 1033 43 24 the
1339 1033 76 24 result
1426 1033 26 24 of
1458 1042 15 14 a
1484 1033 95 24 terrible
1590 1033 63 31 fight
1671 1036 107 22 between
1795 1043 14 16 a

1285 1071 77 29 newly
1400 1069 119 31 imported
1560 1070 155 25 untameable
1758 1070 51 25 lion

1286 1108 9 32 (
1303 1109 106 31 recently
1424 1109 134 30 purchased
1568 1109 62 24 from
1642 1109 38 23 Mr
1703 1109 106 25 Wieder-

1285 1153 91 20 mauer,
1388 1146 27 24 of
1427 1146 94 24 Vienna
1532 1146 11 31 )
1560 1146 47 24 i-.nd
1624 1146 41 24 the
1692 1147 39 24 old
1758 1147 50 23 lion

1285 1184 73 28 Nero,
1369 1191 55 17 now
1436 1184 27 24 m
1473 1184 40 24 his
1527 1184 69 25 87th.
1624 1193 64 22 year.
1724 1184 83 30 Forks,

1286 1229 108 23 scrapers
1400 1221 49 24 and
1457 1222 66 24 irons
1530 1229 61 18 were
1598 1222 96 32 quickly
1705 1222 104 32 brought

1285 1261 52 24 into
1346 1261 149 31 requisition,
1507 1261 43 24 but
1577 1261 60 24 with
1660 1269 58 23 very
1745 1262 62 25 little

1284 1298 70 25 avail.
1388 1298 52 25 The
1451 1306 53 17 new
1515 1306 80 17 comer
1612 1299 72 24 could
1710 1301 45 24 not
1779 1299 28 24 be

1285 1336 66 24 made
1363 1338 24 22 to
1399 1337 33 24 lot
1444 1344 30 22 go
1485 1335 39 24 his
1535 1336 53 30 grip
1599 1337 26 23 of
1636 1336 42 24 the
1691 1337 40 25 old
1747 1336 59 29 lion,

1285 1373 54 25 who
1351 1374 67 23 defer
1421 1373 44 23 ded
1477 1372 102 26 himself
1586 1374 59 24 with
1663 1374 37 24 his
1727 1374 80 24 talons

1282 1410 51 25 and
1344 1411 74 24 teeth.
1452 1410 94 25 Orenzo
1563 1411 41 25 the
1631 1411 98 28 trainer,
1757 1419 51 16 wa3

1285 1448 58 25 then
1376 1448 109 27 aroused,
1510 1448 50 23 and
1587 1448 57 25 with
1672 1455 39 20 no.
1738 1448 70 25 other

1285 1487 107 22 costume
1399 1493 33 16 on
1444 1485 60 24 than
1515 1485 38 24 his
1560 1487 106 22 trousers
1673 1485 47 24 and
1729 1485 77 28 boots,

1284 1523 91 25 rushed
1386 1523 25 24 m
1424 1524 25 24 to
1457 1523 41 25 the
1507 1530 84 17 rescue
1598 1522 26 24 of
1630 1521 38 26 old
1677 1523 73 28 Nero,
1759 1523 49 24 and

1284 1563 62 25 after
1365 1570 18 17 &
1405 1562 66 31 lapse
1493 1563 26 24 of
1539 1562 73 24 about
1628 1562 53 24 live
1703 1562 105 24 minutes

1284 1601 127 25 succeeded
1423 1601 24 24 m
1459 1601 99 32 beating
1568 1601 36 25 off
1612 1601 59 24 with
1683 1601 39 24 his
1743 1601 65 31 whip

1284 1641 41 25 the
1337 1641 70 24 other
1414 1640 59 30 lion,
1492 1640 89 28 which,
1593 1640 96 30 finding
1701 1641 52 23 that
1776 1640 31 24 he

1284 1686 50 17 was
1346 1678 130 31 prevented
1482 1678 61 24 from
1551 1677 122 31 resuming
1680 1677 39 25 his
1726 1678 82 24 attack

1284 1725 29 16 on
1326 1717 72 27 Nero,
1411 1718 86 23 turned
1506 1725 35 16 on
1553 1717 103 27 Orenzo,
1678 1716 49 24 and
1748 1716 59 25 with

1284 1763 44 16 one
1341 1755 78 25 bound
1431 1755 90 31 pinned
1536 1755 49 23 him
1598 1756 26 23 to
1635 1755 40 24 the
1687 1761 85 17 corner
1783 1753 26 25 of

1284 1794 52 28 the.
1337 1795 56 23 den.
1428 1794 38 24 Mr
1476 1793 106 24 Bostock
1593 1793 96 31 quickly
1706 1793 102 24 climbed

1283 1833 42 24 the
1347 1834 62 28 bars,
1431 1833 49 25 and
1502 1833 145 29 distracting
1670 1831 42 25 the
1734 1831 73 25 lion's

1284 1871 118 25 attention
1421 1870 63 26 from
1506 1869 103 28 Orenzo,
1630 1868 129 25 succeeded
1779 1868 27 24 m

1284 1908 84 31 giving
1386 1908 68 23 him:
1464 1915 15 15 a
1508 1906 136 31 pitchfork..
1671 1906 53 24 The
1756 1905 51 24 lion

1284 1947 71 31 again
1367 1946 69 26 made
1447 1946 37 25 for
1494 1947 103 27 Orenzo,
1609 1945 50 26 and
1671 1944 71 26 broke
1764 1944 42 26 the

1285 1987 53 23 fork
1348 1986 61 24 with
1421 1986 38 24 his
1470 1993 54 24 paw
1534 1985 28 24 m
1584 1984 103 32 striking
1698 1988 26 21 at
1746 1983 60 31 him,

1284 2024 69 24 when
1366 2025 94 22 Orenzo
1479 2022 99 32 quickly
1600 2022 74 25 felled
1696 2022 41 23 the
1759 2021 47 24 lion

1283 2061 60 24 with
1351 2062 49 23 two
1411 2059 76 32 heavy
1499 2059 72 24 blows
1582 2067 33 20 on
1626 2059 40 24 the
1677 2057 65 26 skull
1749 2057 58 25 with

1282 2098 43 25 the
1336 2098 88 25 handle
1446 2097 27 27 of
1480 2097 44 26 the
1545 2097 61 25 fork.
1640 2096 40 25 He
1697 2096 58 24 then
1767 2103 40 17 ex-

1283 2136 99 25 amined
1404 2136 43 23 the
1457 2136 41 23 old
1518 2135 58 28 lion,
1589 2134 46 24 and
1647 2134 75 24 found
1745 2133 61 27 him,

1283 2173 112 32 fearfully
1407 2174 55 23 torn
1473 2172 73 26 about
1557 2172 40 25 his
1607 2172 51 30 legs
1677 2170 50 25 and
1738 2169 68 26 back.

1283 2211 53 25 The
1347 2211 91 28 doctor,
1461 2210 56 25 who
1537 2210 21 24 is
1569 2217 15 18 a
1595 2209 103 25 lecturer
1718 2210 26 23 at
1765 2208 42 25 the

1284 2249 135 30 menagerie
1430 2247 48 25 and
1490 2247 65 24 chief
1565 2248 105 26 curator,
1682 2254 48 16 was
1748 2243 59 25 then

1284 2289 54 24 sent
1350 2287 37 24 for
1408 2287 48 24 and
1475 2294 36 17 on
1532 2286 40 24 his
1591 2285 88 25 arrival
1701 2283 105 32 pluckily

1283 2326 98 26 entered
1403 2325 42 26 the
1468 2325 48 25 den
1538 2325 49 24 and
1609 2323 96 26 dressed
1723 2323 84 25 Nero's

1283 2366 105 25 wounds.
1421 2365 94 24 Amidst
1527 2364 43 25 the
1591 2365 79 23 men's
1692 2362 115 32 applause

1283 2406 32 24 he
1336 2405 45 25 left
1391 2405 42 25 the
1444 2404 48 25 den
1503 2404 42 26 the
1557 2404 41 24 old
1609 2403 50 24 lion
1682 2401 125 31 following

1282 2445 54 24 him
1347 2444 48 24 and
1416 2443 92 30 licking
1527 2442 42 24 his
1590 2442 75 26 hand,
1685 2441 59 23 thus
1765 2447 40 16 ex-

1282 2480 111 32 pressing
1414 2480 40 24 his
1483 2478 121 33 gratitude
1625 2479 26 24 to
1673 2475 41 28 the
1736 2476 71 25 brave

1280 2518 64 24 little
1366 2524 67 18 man.

474 64 168 34 OXFORD
704 68 89 30 AND
836 71 106 32 CUST
985 72 222 35 OBSERVER
1252 76 233 42 SATURDAY,
1529 81 146 32 MARCH
1718 86 48 34 19,
1813 86 87 32 1892.

1315 2680 144 26 Gentleman
1494 2681 35 32 (to
1562 2680 116 31 burglar):
1711 2680 14 24 I
1754 2687 51 24 say,

1280 2720 66 25 what
1357 2728 40 17 are
1407 2728 48 23 you
1462 2720 72 30 doing
1544 2720 27 23 m
1580 2727 39 23 my
1628 2719 87 24 house?

1314 2757 103 31 Burglar
1429 2756 77 32 (cooly
1518 2757 23 30 )f
1581 2757 67 24 Your
1670 2753 86 30 house?
1779 2756 26 24 Is

1280 2797 21 24 it
1311 2803 61 23 your
1382 2797 89 24 house?
1482 2796 13 23 I
1506 2795 105 31 thought
1619 2803 47 23 you
1675 2796 129 30 onlyrent-

1280 2833 31 25 ed

1317 2879 146 24 Gentleman
1494 2879 80 32 {quite
1607 2878 75 25 taken
1711 2878 94 34 aback):

1388 2924 49 22 yes,
1449 2916 44 24 but
1506 2919 55 28 'pon
1572 2924 42 24 nay
1625 2917 72 28 word,
1709 2917 28 24 of
1742 2916 67 25 all—

1315 2953 111 31 Burglar:
1468 2953 71 28 Well,
1551 2953 150 32 dontyoube
1713 2954 95 31 mighty

1284 2990 80 30 cocky,
1376 2990 94 32 talking
1491 2991 74 25 about
1586 3000 61 23 your
1668 2999 85 21 nouse,
1771 2992 37 24 in-

1282 3028 59 24 deed
1344 3030 6 22 I
1372 3028 69 24 Good
1452 3029 95 30 night.''

1895 3439 162 41 FARM
2117 3444 295 45 PRODUCE.

1970 3492 122 33 Notice
2114 3505 39 22 to
2175 3499 164 34 Farmers.
2351 3520 7 4 -

1934 3552 101 33 Those
2059 3556 137 34 desirous
2218 3561 34 30 of
2274 3563 143 43 bringing

1892 3592 92 32 Farm
1996 3594 180 42 Produce.of
2184 3611 61 32 any
2256 3607 64 27 sort
2328 3605 89 30 toifce

1892 3632 119 33 Oxford
2032 3639 129 40 market,
2198 3644 62 29 will
2299 3646 118 30 consult

1892 3674 81 32 their
1996 3687 68 21 own
2092 3681 129 32 interest
2247 3685 43 40 by
2312 3686 105 30 adver-

1889 3715 97 41 tising
2008 3728 82 22 same
2111 3722 31 29 m
2168 3724 53 30 the
2250 3726 167 31 OXFOUD

1893 3757 60 30 and
1968 3757 103 36 CUSIC
2082 3761 229 43 OBSERVES,
2323 3778 39 20 an
2381 3768 26 30 is
2406 3784 11 24 :

1893 3806 52 21 sue
1955 3808 36 21 or
2001 3803 61 28 two
2088 3801 207 36 before-hand.

2016 2912 260 75 NOTICE,

1896 3025 169 33 QTRAYED
2083 3031 26 24 m
2121 3039 40 24 my
2171 3033 118 31 paddock,
2302 3044 15 20 a
2336 3036 82 26 Cross-

1895 3060 29 23 U
1959 3060 56 24 bred
2027 3061 60 25 Ewe
2103 3065 50 23 and
2164 3065 87 27 Lamb.
2285 3068 39 25 No
2343 3069 73 25 brand

1891 3096 95 25 visible.
2022 3099 26 24 If
2055 3102 45 22 not
2121 3102 102 26 claimed
2246 3105 85 28 withjn
2354 3107 64 24 four-

1892 3135 56 25 teen
1960 3136 60 30 days
2030 3138 60 25 from
2103 3140 56 26 date
2171 3142 28 24 of
2206 3143 51 25 this
2268 3145 86 30 notice,
2365 3146 50 25 will

1892 3175 29 24 be
1932 3175 53 27 sold
1997 3177 26 24 to
2034 3177 82 33 defray
2133 3189 123 23 expenses.

2034 3216 24 25 J.
2082 3218 197 32 GRIMWOOD,

2216 3260 70 26 West
2308 3263 95 30 Oxford.

1894 3295 86 25 March
1992 3297 44 25 sth
2049 3299 72 26 1892.

1896 1754 186 51 MENS
2129 1763 42 44 &
2239 1766 181 51 BOYS'

2063 1827 186 49 SUITS

1893 1886 226 37 TAILORING
2131 1894 287 38 DEPARTKBNT

1933 1972 52 78 IN
2026 1976 61 30 this
2136 1989 69 22 now
2248 1984 170 40 important

1973 2018 114 28 branch
2102 2020 32 28 of
2152 2031 52 28 my
2232 2024 141 33 business*
2399 2029 20 30 I

1889 2053 78 30 have
1994 2059 125 29 secured
2150 2061 53 30 the
2239 2074 78 30 very
2348 2068 71 31 best

1893 2097 116 28 cutters
2021 2096 33 30 m
2068 2099 54 29 the
2134 2102 119 40 colony,
2268 2105 150 34 therefore

1892 2144 60 28 you
1967 2145 55 20 can
2037 2139 117 39 depend
2171 2152 80 30 upon
2265 2147 120 39 getting
2399 2159 21 20 a

1893 2175 116 37 perfect
2034 2178 48 30 fit.
2124 2180 55 41 My
2210 2185 144 32 selection
2385 2190 35 29 of

1893 2213 75 31 New
1981 2216 135 33 Zealand
2130 2220 136 39 Tweeds,
2308 2226 111 41 Serges

1892 2255 61 29 and
1967 2255 105 42 Fancy
2100 2259 145 43 Coatings
2258 2266 28 32 js
2300 2276 58 21 one
2385 2270 35 28 of

1894 2293 51 32 the
1959 2295 115 41 largest
2082 2299 31 31 m
2128 2302 53 31 the
2195 2304 125 33 district
2327 2309 91 31 while

1893 2335 17 28 I
1924 2342 167 31 guarantee
2117 2351 52 31 my
2195 2345 101 38 prices
2319 2352 33 27 to
2381 2350 38 29 be

1893 2376 63 29 still
1971 2377 95 31 about
2093 2381 39 29 25
2147 2392 55 28 per
2228 2391 69 24 cent
2324 2389 95 30 lower

1892 2414 76 31 than
1996 2419 99 37 prices
2122 2424 125 40 usually
2275 2427 142 40 charged,

1891 2453 50 31 All
1983 2459 115 30 tweeds
2138 2472 54 21 are
2232 2465 186 43 thoroughly

1891 2495 127 38 shrunk,
2028 2500 225 44 workmanship
2261 2504 62 32 and
2336 2510 82 36 style

1889 2534 111 32 second
2013 2540 33 28 to
2072 2550 94 23 none*.

1949 2596 180 37 KAIAPOI
2182 2601 216 39 CLOTHING

2053 2662 194 35 FACTOBY.

1935 2707 53 38 R.
2033 2711 57 40 H.
2138 2714 234 44 PARISH,

2020 2761 92 32 East
2131 2765 143 33 Oxfoed.

1902 216 149 76 NCW
2115 231 304 79 DRAPERY

1917 349 63 60 R.
2011 354 70 59 H.
2112 360 293 75 PARISH,

1972 420 35 27 IS
2024 423 85 28 NOW
2122 428 162 32 OPENING
2302 436 47 27 UP

2041 470 243 66 CASES

2129 550 68 22 AND

2034 587 242 65 BALES

1896 646 54 30 OF
1971 649 150 36 SPRING
2134 659 285 39 AOTSUMMEB

1933 747 71 22 NEW
2031 752 114 28 SPRING
2158 758 145 26 MANTLES
2335 766 62 21 AND

2070 794 145 27 JACKETS.
2383 805 11 10 ■:

1935 827 72 23 NEW
2034 832 113 25 SPRING
2170 839 67 22 AND
2284 843 134 25 SUMMER

2029 872 182 29 MILLINERY.

1936 908 73 23 NEW
2035 913 114 25 SPRING
2189 921 67 21 AND
2284 924 136 25 SUMMER

2023 953 98 24 DRESS
2134 958 107 25 GOODS.

1894 988 187 42 Sunshades,
2121 997 149 42 Parasols,
2298 1005 120 33 Under-

1898 1069 154 42 Sheeting,
2066 1075 160 41 Blankets,
2238 1082 181 36 Portmant-

1895 1117 80 28 eaus,

1895 1157 97 39 Mens,
2000 1161 92 41 Boys,
2114 1169 60 29 and
2188 1169 120 34 Toiiths
2327 1176 90 32 Cloth

1894 1208 62 30 ing.
1973 1200 109 39 Shirts,
2091 1205 89 41 Hats,
2197 1210 52 31 &c.

1988 1250 134 41 NOW
2160 1246 175 64 OPfe)^.

1891 1298 51 31 All
1957 1301 103 35 Goods
2088 1306 74 32 Sold
2189 1314 42 31 at.
2248 1314 172 35 Wholesale

1896 1349 101 33 Prices

1895 1389 65 33 One
1974 1392 133 44 Shilling
2119 1398 31 30 m
2164 1400 53 30 the
2227 1406 104 35 pound

1893 1436 94 25 count
1999 1434 52 31 for
2063 1438 81 31 cash.

2174 1491 207 56 BOY^

2108 1553 68 23 AND

1942 1625 50 63 N.
1992 1625 50 63 2.
2071 1633 286 69 CLOTHING

1414 3204 261 46 NOTICE.

1282 3320 165 78 POISON
1465 3322 59 30 will
1539 3323 38 29 be
1598 3323 63 30 laid
1687 3333 41 29 pn
1755 3336 54 28 my

1359 3361 72 30 land
1452 3362 49 30 for
1529 3363 84 39 dogs,
1638 3364 81 30 after
1748 3366 60 29 this

1282 3402 80 35 date,
1377 3402 73 30 Feb.
1480 3403 82 32 I.3th.

1424 3451 38 31 D.
1488 3451 175 40 CONDON,

1586 3494 84 32 View
1690 3496 74 31 Hill.

1280 3633 101 25 Printed
1403 3634 49 25 and
1490 3636 135 28 Published
1635 3640 31 32 ly
1693 3642 114 26 Riohard

1312 3686 106 26 Holman
1438 3688 100 31 Parish,
1561 3693 26 24 at
1605 3693 40 25 his
1664 3694 142 33 Registered

1311 3739 113 35 Printing
1435 3741 83 32 Office^
1541 3745 66 31 Hifh
1633 3747 89 29 Street,
1745 3750 62 26 East

1311 3793 96 27 Oxford.
1419 3795 148 28 Canterbury
