4140 5940
112 162 79 29 speet
202 156 92 31 which
306 157 13 29 I
332 156 206 42 coTisidervery
550 158 191 40 satisfactory.

111 199 71 31 This
207 210 142 32 company
372 200 53 31 has
449 200 88 33 about
562 205 37 28 SO
625 205 64 30 tons
715 205 31 32 of

111 250 82 26 stone
209 245 85 40 ready
311 246 42 30 for
368 246 147 41 crushing.
559 247 88 32 From
670 251 71 30 each

113 288 30 30 of
169 288 48 30 the
243 289 83 29 other
351 288 91 32 leases
467 290 169 32 mentioned
661 301 80 22 some

111 335 101 27 nuartz
231 342 56 20 was
303 330 145 40 oLtained,
462 334 57 30 and
534 334 124 33 crushed
670 336 69 31 with

110 386 78 19 Home
205 386 66 30 very
286 376 71 40 good
374 377 116 32 results.

150 419 61 31 The
239 419 65 33 Uno
329 421 57 31 and
412 421 126 32 Wakatu
563 423 175 40 Companies

110 462 71 32 have
198 463 61 31 also
284 464 73 31 done
373 475 16 21 a
404 465 198 34 considerable
618 473 121 26 amount

109 508 30 30 of
158 508 194 41 prospecting,
376 510 57 30 and
458 510 73 32 have
555 513 133 39 upwards
712 513 31 31 of

110 553 55 30 140
181 556 64 27 tons
262 553 30 31 of
308 557 83 28 stone
406 555 120 40 waiting
541 555 43 33 for
599 556 48 33 the
663 567 60 22 erec-

108 595 61 31 tion
185 597 31 30 of
227 597 171 41 machinery
413 601 29 28 to
458 601 56 29 test
529 600 36 30 its
591 600 146 40 qualities.

109 638 62 32 The
183 642 167 38 prospector
361 641 58 31 and
431 652 54 21 one
498 642 30 32 of
537 643 49 31 the
596 644 143 41 principal

108 682 203 33 shareholders
325 685 31 30 in
371 685 59 31 this
445 687 77 31 lease
536 689 78 35 (and,
628 689 30 29 in
670 689 68 35 fact,

108 725 30 32 in
160 726 39 32 all
221 727 31 31 of
270 731 82 28 them
373 728 72 32 with
466 730 50 32 the
538 731 152 40 exception
712 731 30 33 of

107 769 123 33 Buhner
257 771 114 38 Creek),
405 772 47 33 Mr
473 773 130 34 Mathew
627 776 108 39 Byrne,

104 814 151 33 estimates
276 814 50 35 the
346 816 77 42 yield
442 817 31 32 of
491 818 68 41 gold
579 821 30 30 at
632 819 105 34 lOdwt.

106 869 51 29 per
172 863 51 28 ton
235 871 5 25 ;
263 861 52 30 but
337 863 74 29 from
427 863 50 30 the
491 868 149 35 prospects
664 865 75 31 tried

106 901 31 31 in
152 912 49 31 my
216 913 137 30 presence
368 904 15 31 I
407 904 106 33 should
538 910 101 37 expect
663 907 24 32 it
707 910 31 29 to

108 946 43 32 far
166 947 105 33 exceed
285 947 60 34 this
359 952 132 31 amount.

147 991 46 31 On
215 992 50 31 the
287 993 114 32 Golden
423 995 104 31 Crown
548 997 58 29 and
631 997 88 31 Enter-

107 1034 76 39 prise
193 1035 96 32 leases
304 1047 68 31 very
393 1037 75 33 little
483 1040 186 40 prospecting
682 1040 54 31 has

106 1077 73 33 been
201 1079 84 37 done,
306 1079 52 33 but
379 1082 51 31 the
451 1083 62 30 reef
531 1093 82 31 crops
635 1086 51 29 out
706 1084 31 31 in

106 1133 90 32 many
220 1124 106 41 places,
343 1126 58 32 and
425 1126 67 43 gold
516 1139 59 22 was
599 1127 138 35 obtained

106 1168 75 30 from
196 1179 85 30 every
295 1171 83 38 point
396 1173 103 29 tested.

147 1211 93 33 There
256 1223 48 21 are
319 1213 163 41 altogether
497 1215 128 33 thirteen
642 1216 94 33 leases

106 1255 115 39 applied
249 1256 44 31 for
320 1268 72 21 near
419 1259 58 30 and
505 1260 150 41 adjoining
685 1261 51 31 the

105 1310 70 19 ones
190 1300 107 31 named
309 1311 5 27 ;
337 1301 62 37 but,
416 1313 31 20 as
462 1303 15 31 I
491 1305 181 31 understand
686 1305 48 31 Mr

105 1342 126 42 Wright,
248 1344 50 33 the
327 1344 197 35 Government
548 1359 147 31 surveyor,
711 1350 24 30 is

104 1386 89 40 going
213 1390 30 28 to
258 1392 97 36 report
379 1390 73 40 fully
467 1401 38 21 on
520 1392 49 31 the
585 1395 117 34 matter,
718 1393 15 30 I

103 1430 108 33 refrain
223 1431 74 33 from
310 1432 102 42 saying
421 1434 145 43 anything
579 1436 157 42 regarding

103 1474 50 33 the
178 1475 102 33 leases.
322 1478 15 30 I
361 1478 59 31 had
447 1491 38 19 no
514 1481 169 41 oportunity
706 1483 32 30 of

102 1519 174 40 inspecting,
292 1520 53 31 but
365 1522 16 29 I
405 1526 80 27 must
508 1523 64 39 give
587 1524 23 30 it
631 1534 32 21 as
685 1534 50 31 my

102 1562 157 31 unbiassed
287 1564 119 38 opinion
434 1565 65 31 that
524 1578 17 18 a,
567 1566 81 40 large
676 1567 58 31 and

101 1604 123 42 payable
258 1606 138 41 goldfield
430 1607 59 33 will
520 1620 47 20 ere
601 1609 71 42 long
698 1610 36 32 be

101 1650 111 39 opened
227 1661 39 29 up
280 1651 30 30 in
325 1651 60 31 this
395 1652 120 41 locality
527 1663 6 27 ;
556 1654 58 30 and
628 1654 16 31 I
657 1654 76 40 hope

101 1692 50 32 the
185 1696 192 37 prospectors,
406 1695 110 32 Messrs
544 1696 99 42 Byrne
674 1698 58 31 and

101 1736 132 38 Buhner,
249 1737 59 32 will
323 1738 34 31 be
369 1738 193 44 handsomely
576 1740 99 41 repaid
689 1741 45 33 for

100 1780 41 32 all
155 1781 50 32 the
219 1781 159 42 hardships
392 1783 69 42 they
475 1783 75 33 have
564 1786 168 41 undergone

101 1825 58 29 and
174 1825 50 31 the
238 1826 208 41 indefatigable
461 1838 108 31 energy
583 1829 150 41 displayed

99 1867 38 43 by
152 1868 82 33 them
248 1870 31 31 in
294 1870 217 44 endeavouring
525 1874 30 31 to
571 1883 75 32 open
660 1884 39 32 up
715 1884 17 23 a

100 1914 138 40 goldfield
249 1915 31 32 in
286 1916 72 32 such
366 1927 38 21 an
413 1917 189 33 inaccessible
609 1922 124 40 country

100 1968 32 20 as
146 1959 51 31 the
211 1958 194 34 head-waters
419 1962 33 30 of
462 1962 50 30 the
528 1962 90 32 Owen
633 1963 98 32 Eiver.

102 2001 87 34 Some
217 2002 71 34 time
315 2006 81 31 must
423 2004 97 42 elapse
544 2005 98 34 before
670 2018 41 22 ma-

99 2046 122 41 chinery
242 2058 54 21 can
318 2047 35 32 be
367 2051 53 38 put
435 2060 38 21 on
494 2049 51 32 the
560 2051 124 40 ground,
700 2062 31 20 as

102 2101 16 21 a
133 2091 70 32 road
218 2091 88 34 about
330 2094 50 31 ten
395 2093 85 33 miles
494 2093 31 33 in
550 2094 103 42 length
677 2096 55 32 has

101 2135 64 31 first
186 2138 30 28 to
230 2136 35 31 be
280 2138 195 31 constructed.
517 2139 16 30 I
555 2139 111 32 believe
680 2140 51 31 the

101 2188 104 32 survey
218 2178 25 33 is
257 2191 66 22 now
338 2181 180 41 completed;
541 2183 58 31 and
613 2183 23 32 it
651 2182 25 33 is
700 2185 31 31 to

99 2221 36 32 be
150 2222 95 41 hoped
259 2224 50 31 the
324 2225 78 31 work
417 2225 60 31 will
491 2226 35 31 be
541 2229 52 38 put
604 2227 31 30 in
649 2227 82 31 hand

101 2268 30 31 at
144 2277 82 28 once,
242 2268 57 32 and
313 2268 113 42 pushed
437 2269 124 33 forward
573 2282 31 21 as
615 2272 114 42 rapidly

99 2321 32 20 as
152 2312 136 39 possible.
330 2313 15 31 I
365 2324 60 20 was
449 2314 144 32 informed
618 2315 38 41 by
680 2315 50 32 the

98 2366 140 28 manager
253 2356 31 31 of
301 2356 51 32 the
367 2357 68 31 Uno
457 2357 152 42 Company
629 2359 37 31 he
682 2370 32 20 ex-

97 2399 102 40 pected
220 2402 30 30 to
270 2399 75 33 have
362 2401 50 32 the
427 2401 172 43 machinery
619 2413 39 22 on
679 2402 50 33 the

97 2444 114 38 ground
238 2446 58 29 and
324 2445 50 32 the
402 2446 115 40 battery
540 2447 32 30 in
599 2448 132 39 working

97 2486 84 31 order
207 2486 38 42 by
272 2488 151 41 February
442 2492 90 35 next;
564 2489 53 32 but
638 2490 15 31 I
674 2500 55 22 can

97 2530 127 42 scarcely
248 2531 86 32 think
356 2532 23 31 it
403 2533 126 40 possible
544 2533 44 32 for
602 2533 82 33 them
699 2536 30 30 to

96 2575 37 31 do
154 2586 31 21 so
204 2576 31 31 in
255 2576 67 32 that
342 2576 81 39 time,
438 2576 53 33 but
512 2578 15 31 I
546 2578 77 41 hope
643 2578 86 33 when

96 2618 50 31 the
161 2622 70 28 next
246 2621 111 30 annual
381 2623 97 37 report
492 2621 24 30 is
531 2622 144 40 compiled
698 2625 31 29 to

97 2660 35 33 be
148 2662 64 33 able
227 2665 30 30 to
272 2665 74 31 state
362 2663 65 33 that
442 2663 49 33 the
504 2664 91 32 Owen
605 2665 124 32 District

97 2705 25 31 is
143 2706 184 42 flourishing,
350 2709 58 31 and
429 2719 17 21 a
473 2709 115 41 battery
616 2710 31 31 in
675 2710 54 32 full

97 2750 89 32 work.
229 2751 46 32 On
296 2761 50 32 my
365 2755 102 29 return
488 2753 15 31 I
522 2753 106 33 visited
647 2754 60 32 Mur-

97 2794 103 31 chison
216 2796 57 30 and
286 2795 70 32 held
379 2797 51 32 the
454 2797 138 42 ordinary
616 2798 111 38 Court;

96 2836 54 31 hit
171 2837 33 30 in
231 2837 60 32 this
317 2839 251 39 neighbourhood,
593 2841 59 30 and
677 2841 52 31 the

97 2890 91 29 upper
202 2880 103 32 Bailer
318 2882 159 41 generally,
492 2893 39 21 no
546 2883 112 41 change
672 2884 55 31 has

95 2923 89 31 taken
198 2924 82 40 place
295 2924 107 42 during
415 2926 50 31 the
480 2936 77 31 year,
574 2927 58 31 and
646 2927 15 32 I
680 2938 49 21 am

96 2967 92 29 afraid
203 2967 50 30 the
265 2968 137 40 majority
417 2970 31 30 of
459 2970 50 29 the
524 2970 109 31 miners
652 2971 75 31 have

96 3012 31 29 to
141 3008 35 33 be
191 3011 158 31 contented
360 3011 70 32 with
446 3012 86 32 small
543 3023 105 31 wages.

137 3053 25 30 A
176 3053 75 40 good
266 3054 65 31 deal
344 3055 54 31 has
423 3055 73 32 been
520 3056 75 32 done
619 3057 107 42 during

99 3096 50 31 the
183 3107 69 30 year
285 3098 38 40 by
357 3099 200 32 Government
585 3102 58 29 and
676 3102 50 31 the

97 3138 103 33 Buller
224 3140 117 42 County
364 3144 30 29 to
418 3142 63 40 give
504 3153 96 22 access
624 3145 30 31 to
675 3144 51 33 the

97 3182 74 32 back
194 3188 133 37 country.
369 3186 36 31 In
429 3190 77 28 most
528 3198 90 27 cases,
646 3188 59 32 how-

96 3236 75 27 ever,
187 3227 50 31 the
252 3228 79 31 work
345 3229 74 31 done
433 3229 54 31 has
506 3229 74 33 been
602 3231 70 42 only
686 3242 38 21 an

93 3270 173 34 instalment
281 3272 31 32 of
323 3273 79 32 what
416 3274 24 31 is
454 3275 134 40 required
603 3277 30 30 to
647 3287 76 29 open

92 3324 40 30 up
157 3314 49 31 the
231 3315 73 32 back
327 3325 124 33 country
475 3317 130 33 between
626 3319 94 41 Lyell,

94 3357 176 41 Mokihinui,
299 3361 58 31 and
383 3361 156 34 Karamea.
592 3363 24 32 A
640 3364 83 32 track

94 3403 89 31 about
198 3406 56 29 two
269 3405 83 31 miles
362 3405 30 31 in
404 3406 102 40 length
517 3408 24 30 is
553 3418 66 21 now
630 3409 93 30 under

93 3447 200 32 construction
317 3448 76 32 from
407 3448 51 33 the
472 3449 168 34 Denniston
654 3451 50 32 Pla-

94 3492 47 29 tea
155 3493 31 30 to
209 3491 92 32 Cedar
325 3493 101 37 Creek,
442 3505 72 20 near
529 3495 106 31 Mount
650 3496 54 31 Wil-

92 3533 82 32 liam.
216 3535 26 30 A
257 3536 87 30 small
358 3537 71 30 rush
444 3538 68 30 took
526 3538 82 39 place
623 3541 30 29 to
663 3539 59 31 this

92 3576 119 42 locality
238 3588 18 20 a
279 3578 55 32 few
357 3580 121 31 months
503 3591 65 29 ago.
611 3583 39 30 At
665 3592 54 21 one

92 3620 72 32 time
188 3620 82 33 there
295 3632 74 23 were
389 3623 89 32 about
493 3624 93 42 thirty
599 3635 69 22 men
683 3636 39 21 on

93 3664 50 33 the
158 3667 122 39 ground,
297 3678 80 21 some
392 3667 31 32 of
441 3668 98 32 whom
553 3670 86 32 made
654 3681 50 21 con-

92 3709 146 41 siderably
261 3721 80 21 more
366 3712 75 30 than
465 3723 95 28 wages
574 3723 6 26 ;
604 3713 53 31 but
672 3714 50 30 the

92 3751 138 43 majority
253 3763 74 22 were
350 3757 53 29 not
427 3755 159 32 successful
609 3756 31 31 in
665 3756 42 32 dis-

91 3796 137 41 covering
254 3798 123 40 payable
404 3799 123 40 ground,
553 3800 59 31 and
639 3800 83 32 there

91 3850 48 21 are
167 3851 67 21 now
258 3841 69 42 only
351 3841 91 33 about
466 3843 103 32 twelve
593 3855 70 21 men
691 3847 31 29 at
745 3838 1 45 !

90 3884 79 32 work
183 3885 93 33 there.
319 3886 76 32 Gold
407 3886 54 33 has
473 3888 62 32 also
546 3887 74 33 been
632 3889 90 32 found

89 3930 31 29 at
154 3928 159 42 Mackley's
355 3930 101 37 Creek,
491 3931 31 31 in
557 3932 50 31 the
641 3942 81 22 same

91 3972 251 41 neighbourhood,
358 3974 107 42 during
489 3975 50 33 the
553 3978 66 39 past
633 3988 87 30 year;

91 4015 52 30 but
157 4017 69 39 only
240 4027 55 19 one
311 4028 32 19 or
357 4020 57 28 two
428 4020 108 37 parties
551 4020 137 30 obtained
698 4020 24 31 it

89 4058 31 32 in
132 4060 215 33 remunerative
359 4061 170 41 quantities.
565 4062 62 33 The
639 4064 82 33 track

89 4113 39 28 up
143 4104 48 29 the
207 4104 167 30 Mokihinui
395 4105 88 32 Eiver
506 4107 54 29 has
585 4107 74 30 been
673 4118 32 20 ex-

90 4146 106 32 tended
221 4157 31 22 as
277 4146 45 33 far
336 4158 31 21 as
384 4147 155 42 Specimen
555 4149 91 33 Creek
661 4151 58 32 and
745 4146 1 48 (

89 4200 40 29 up
144 4191 105 40 Bough
265 4193 57 29 and
338 4193 125 31 Tumble
478 4194 92 30 Creek
584 4195 44 30 for
638 4195 82 31 three
745 4191 1 42 j

89 4233 58 33 and
162 4234 96 33 a-half
269 4235 95 34 miles.
406 4236 39 33 At
460 4236 50 33 the
524 4237 85 43 Lyell
623 4238 57 33 end
692 4239 31 34 of

88 4278 51 32 the
153 4280 142 39 proposed
310 4281 70 31 road
395 4283 30 30 to
448 4282 167 32 Mokihinui
630 4284 89 31 about

88 4323 58 28 two
160 4322 85 30 miles
259 4323 75 30 have
348 4323 74 30 been
437 4325 172 39 completed.
652 4327 28 29 It
694 4327 25 29 is

87 4364 163 44 eminently
277 4366 142 34 desirable
447 4367 66 33 that
537 4368 60 33 this
631 4370 82 33 track

88 4410 107 31 should
221 4410 36 33 be
282 4412 164 40 completed
468 4413 125 32 without
619 4415 99 32 undue

88 4453 85 42 delay
186 4464 5 27 ;
218 4455 58 30 and
299 4455 49 32 the
374 4467 80 20 same
478 4467 69 31 may
560 4457 35 32 be
611 4459 62 30 said
688 4459 31 31 of
745 4453 1 45 '

87 4497 51 31 the
162 4498 97 31 tracks
284 4499 130 31 between
430 4500 177 39 Mokihinui,
623 4502 72 31 Kara-

86 4551 66 21 mea
181 4542 57 31 and
267 4542 208 41 Collingwood,
502 4555 31 21 as
561 4545 70 41 they
658 4546 59 32 will
743 4542 3 49 ]

85 4584 93 33 afford
193 4585 134 33 facilities
339 4587 43 33 for
397 4587 152 42 exploring
564 4589 57 32 and
636 4600 64 31 pros-

85 4629 118 39 pecting
217 4640 17 20 a
248 4631 114 31 district
377 4631 89 31 about
480 4633 96 31 which
588 4634 128 40 scarcely

85 4671 144 42 anything
253 4672 24 32 is
299 4676 49 38 yet
372 4674 106 32 known
498 4677 102 40 except
614 4676 65 33 that
692 4676 24 33 it

84 4716 24 31 is
134 4716 135 33 bounded
292 4730 37 19 on
355 4719 40 31 all
419 4711 60 50 side
494 4711 15 50 3
524 4711 29 50 by
567 4721 147 32 well-tim-
743 4711 3 50 \

83 4759 88 32 bered
193 4763 134 39 country,
343 4762 58 32 and
421 4762 108 34 known
552 4766 30 30 to
597 4764 118 34 abound
743 4759 3 50 t

84 4803 31 31 in
130 4803 140 33 minerals
285 4806 30 30 of
331 4807 116 31 various
462 4808 95 32 kinds.
744 4803 2 37 ,

123 4848 28 30 It
173 4848 25 32 is
222 4848 124 33 difficult
371 4854 30 29 to
426 4852 92 32 arrive
541 4855 31 30 at
596 4864 38 21 an
662 4864 32 31 ap-

83 4892 163 40 proximate
262 4894 134 33 estimate
417 4896 31 32 of
468 4896 50 33 the
542 4898 171 41 population

83 4937 30 28 in
128 4936 50 31 the
194 4938 149 30 extensive
358 4939 128 31 districts
502 4941 31 30 of
554 4942 87 39 Lyell
655 4944 58 29 and

83 4977 182 40 Murchison,
301 4991 32 20 as
368 4981 49 31 the
452 4982 184 33 inhabitants
664 4995 49 22 are

82 5023 144 31 scattered
242 5034 67 21 over
334 5035 17 21 a
362 5026 72 31 wide
450 5036 67 22 area
532 5027 31 32 of
574 5031 133 39 country,

82 5066 32 30 of
125 5066 97 31 which
237 5078 90 31 many
340 5072 81 36 parts
443 5080 48 21 are
507 5081 67 30 very
589 5072 123 32 difficult

81 5110 31 31 of
133 5121 98 21 access
245 5122 5 27 ;
273 5111 53 33 but
340 5113 15 30 I
370 5113 86 31 think
475 5113 50 33 the
540 5116 171 41 population

80 5159 80 28 must
174 5167 66 21 now
255 5156 35 32 be
305 5157 73 42 fully
392 5168 18 21 a
424 5158 157 33 thousand.

118 5209 116 39 During
258 5210 51 31 the
332 5211 99 39 period
457 5213 121 30 covered
598 5213 38 41 by
651 5215 59 30 this

79 5257 98 35 report
201 5252 69 40 gold
293 5254 116 40 mining
432 5254 93 31 leases
546 5255 74 32 have
636 5256 75 32 been

79 5295 80 32 dealt
173 5296 71 31 with
260 5308 31 20 as
301 5297 131 32 follows:
435 5298 144 41 Lyell:
596 5301 115 40 applied

78 5340 53 37 for,
162 5343 34 34 8;
232 5341 133 40 granted,
398 5343 53 36 10;
487 5343 158 38 cancelled,
681 5347 28 30 7.

78 5384 187 31 Murchison:
279 5385 115 40 applied
400 5386 53 36 for,
462 5388 32 35 8;
510 5388 157 36 cancelled,
681 5391 27 29 3.

116 5437 36 30 In
175 5437 179 36 conclusion,
377 5438 15 30 I
416 5449 48 19 am
479 5438 117 40 pleased
620 5442 31 29 to
675 5440 35 32 be

77 5480 65 32 able
158 5483 29 30 to
203 5484 75 29 state
293 5481 65 32 that
373 5481 50 32 the
438 5487 149 36 prospects
610 5483 31 32 of
659 5484 50 32 the

76 5525 113 31 district
205 5526 93 30 under
311 5537 50 29 my
376 5526 106 39 charge
507 5527 75 31 have
596 5529 114 40 greatly

74 5568 150 41 improved
240 5568 78 32 since
333 5569 51 32 the
399 5570 66 32 date
481 5570 31 32 of
530 5581 50 31 my
594 5571 57 32 last
665 5582 28 21 re-

72 5616 76 37 port,
183 5614 58 30 and
274 5616 118 38 present
426 5614 175 33 indications
636 5617 73 40 fully

74 5660 129 28 warrant
218 5657 49 32 the
291 5657 88 32 belief
400 5657 65 32 that
490 5659 50 31 the
565 5659 124 41 improve-

74 5704 83 28 ment
185 5701 60 33 will
272 5703 149 36 continue,
452 5703 57 31 and
538 5703 65 32 lead
631 5708 30 28 to
690 5716 16 20 a

73 5756 80 21 mere
169 5756 173 30 prosperous
358 5757 48 20 era
422 5746 31 31 in
468 5747 115 41 mining
605 5759 85 30 gener-

71 5790 69 32 ally.

3384 5722 110 29 Printed
3509 5725 54 27 and
3580 5726 143 34 published
3744 5729 36 31 by
3797 5730 47 27 tlie
3859 5733 153 34 proprietor

3417 5760 105 30 Walter
3536 5764 93 28 Atkin.
3645 5772 26 20 at
3686 5766 46 27 the
3750 5767 163 35 Registered
3937 5772 86 30 Office

3416 5800 78 31 otthe
3750 5807 66 30 Cliff
3824 5810 99 34 Street,
3932 5812 89 38 Lydl,

3416 5840 110 37 County
3540 5844 30 25 of
3579 5844 104 33 Buller,
3694 5847 108 30 Colony
3819 5850 30 26 of
3857 5835 68 42 N.zl

1280 41 112 41 THE
1450 43 182 39 LYELL
1686 45 183 45 TIMES,
1925 48 304 50 SATURDAY,
2284 55 225 42 AUGUST
2562 73 20 26 7
2657 61 101 37 1886.

2563 101 6 7 t
2591 96 4 12 *

737 147 4 62 .
755 147 5 62 [
842 155 172 40 Westport
1032 161 301 34 Advertisements.

737 205 20 109 [I
828 236 172 61 THOMA3
1043 241 123 59 FIELD
1203 243 30 58 &
1270 245 74 72 CO.,

737 301 18 67 ;l
774 322 303 39 IRONMONGERS
1114 331 20 31 &
1169 331 97 33 IRON
1301 333 76 32 MER-

752 372 2 34 i
769 375 23 28 I
1003 372 170 34 CHANTS.

737 444 2 48 '.
752 444 1 48 I
767 451 92 37 Every
877 453 176 36 Description
1069 457 34 35 of
1120 458 90 26 Mines
1234 460 90 27 Goods
1346 461 57 27 and

737 490 17 46 j
933 491 45 30 Ho
983 503 45 18 use
1040 495 44 28 Fu
1089 506 31 17 m
1126 496 40 29 ish
1172 497 68 36 ings.

836 568 55 31 13
891 570 15 11 s
925 568 254 41 EXPLOSIVES,'
1201 575 54 34 &c,
1287 576 44 28 &c.

935 646 102 33 LOW
1061 648 169 33 PRICES.

737 742 16 21 :i
766 733 97 28 Orders
876 735 143 36 Promptly
1032 736 54 28 and
1099 737 137 38 Carefully
1251 739 147 30 Executed.

831 834 195 39 THOMAS
1048 836 141 38 FIELD
1213 839 26 37 &
1263 839 73 46 CO.,

737 891 2 35 '
765 891 249 29 PALMERSTON
1032 893 153 33 STREET,
1196 895 202 29 WESTPORT

804 978 38 35 F.
858 977 53 37 W.
927 977 260 39 HAGEDORN
1209 982 27 35 &
1260 981 99 36 CO.'S

768 1033 251 57 TjIURNITURE
1054 1036 262 33 WAREHOUSE
1339 1037 59 33 will

768 1069 25 45 1'
835 1077 35 32 be
880 1079 91 31 found
981 1079 110 41 replete
1102 1079 32 31 in
1145 1080 40 31 all
1194 1081 38 31 its
1242 1081 154 33 branches.

882 1196 43 28 All
939 1196 46 29 the
999 1196 80 29 latest
1099 1197 131 29 novelties
1248 1197 29 28 in

762 1248 193 40 Furniture,
981 1248 106 40 Sofas,
1108 1248 131 41 Chairs,
1264 1248 131 42 Tables,

811 1292 194 41 Chiffonier,
1025 1293 153 39 Looking
1200 1295 149 40 Glasses,

899 1347 69 31 and
986 1347 272 33 Chamberware.

762 1420 170 38 Up-country
945 1421 92 29 orders
1054 1422 139 38 promptly
1215 1422 128 30 attended
1359 1425 35 27 to.

761 1469 98 29 Orders
872 1470 48 29 left
941 1475 29 25 at
988 1471 46 28 the
1047 1472 77 28 office
1138 1472 29 28 of
1178 1472 54 28 this
1244 1482 84 27 paper
1341 1472 54 28 will

944 1511 104 32 receiye
1067 1511 144 26 attention.

800 1582 214 40 Palmerston
1037 1585 120 46 Street,
1171 1585 185 47 Westport.

846 1670 173 50 George
1052 1672 261 49 Ferguson's

811 1751 236 30 lAILOEIiNG
1100 1753 56 44 Tp
1171 1753 222 34 MPORIUM,

811 1828 193 32 Palmerston
1026 1829 124 38 Street,
1172 1831 172 36 Westport,

828 1891 129 39 Opposite
970 1892 124 39 Hughes'
1104 1893 114 39 Empire
1232 1893 92 31 Hotel.

759 2005 62 33 The
836 2005 117 34 Newest
967 2006 126 42 Designs
1115 2007 59 32 and
1197 2007 146 34 Fashions
1366 2008 31 33 of

987 2051 51 31 the
1052 2052 110 39 period.

757 2113 87 31 ALL
873 2114 155 32 GOODS
1047 2114 130 32 WELL
1196 2116 197 31 SHRUNK.

843 2166 25 28 A
889 2166 135 39 Superior
1041 2167 51 29 Fit
1119 2168 187 30 Guaranteed.

804 2281 152 30 Periodical
974 2281 84 30 Visits
1071 2282 80 29 made
1166 2282 180 38 Up-country.

889 2351 169 33 GEORGE
1080 2353 232 37 FERGUSON,

1258 2407 99 28 Tailor.

830 2487 233 41 THOMAS
1098 2489 219 49 LAWRIE,

979 2551 142 20 IMPORTER
1139 2551 34 19 of

757 2589 163 79 DOORS,
948 2589 118 38 Sashes,
1092 2590 113 37 Bricks,
1227 2591 95 38 Lime,
1340 2591 34 33 Ce-

845 2634 93 35 ment,
955 2633 179 31 Galvanised
1148 2634 80 36 Iron,
1246 2635 88 39 Spout-

833 2674 61 42 ing,
910 2675 137 43 Ridging,
1063 2677 136 32 Window
1214 2678 98 38 Glass,

872 2720 78 38 Delf,
980 2721 154 41 Crockery,
1171 2722 85 32 Glass-

912 2774 86 29 ware,
1054 2765 178 39 Holloware,

969 2809 212 34 Pictureframe

985 2852 179 41 Mouldings,

756 2894 112 37 Stoves,
902 2895 128 40 Ranges,
1059 2896 114 38 Chairs,
1204 2897 184 40 Carpenters'

793 2938 59 31 and
879 2938 181 32 Bushmen's
1088 2940 98 37 Tools,
1216 2941 135 31 Colonial

833 2981 106 37 Ovens,
981 2982 113 38 Paints,
1131 2983 71 36 Oils,
1238 2984 54 30 Var-

870 3024 111 38 nishes,
1007 3026 59 31 and
1093 3036 17 21 a
1137 3026 135 40 splendid

910 3071 177 31 assortment
1103 3069 31 33 of
1152 3070 80 32 Wall

948 3113 120 40 Papers,
1077 3115 116 35 &c.,&c.

970 3195 55 28 and
1050 3196 215 36 Electro-plated
1286 3197 100 27 Goods.

861 3271 191 32 THOMAS
1086 3272 189 41 LAWRIE,

773 3315 349 50 Paimerston-street,
1177 3318 182 52 Westport.

790 3421 164 78 MISS

924 3522 290 48 MILLINER,

758 3581 234 32 Palmerston
1015 3583 124 37 Street,
1162 3584 216 39 Westport,

812 3639 142 30 7*ISHES
967 3643 28 25 to
1008 3640 126 30 intimate
1149 3642 60 29 that
1222 3642 47 29 she
1280 3643 51 30 has
1341 3644 29 29 de-

955 3680 78 28 cided
1046 3683 27 25 to
1087 3680 65 29 hold
1166 3691 15 19 a

798 3728 107 33 CASH
927 3729 209 33 CLEARING
1159 3732 102 32 SALE
1280 3734 6 30 !
1304 3736 5 28 !
1328 3736 6 29 !

842 3787 38 28 Of
889 3787 49 29 her
950 3788 68 28 New
1033 3789 123 28 Season's
1168 3790 82 29 Stock
1263 3791 30 28 of

749 3838 275 39 MILLINERY
1057 3842 69 37 and
1162 3842 223 40 DRAPERY

799 3893 63 28 And
875 3893 97 29 directs
986 3896 99 35 special
1098 3897 134 28 attention
1246 3901 27 25 to
1287 3899 45 28 the

750 3943 179 41 Sweeping
959 3945 179 33 Sacrifices
1166 3947 36 32 in
1226 3950 100 31 order
1348 3951 35 31 to

812 3981 98 31 effect
927 3990 20 22 a
965 3983 133 39 Speedy
1125 3984 195 34 Clearance.

781 4052 106 30 Within
902 4052 46 31 the
960 4054 87 30 limits
1065 4056 29 29 of
1112 4066 36 19 an
1170 4057 213 33 advertisement

747 4092 22 27 it
781 4093 22 26 is
816 4094 156 34 impossible
984 4099 28 23 to
1026 4096 33 26 do
1080 4096 99 35 justice
1199 4101 28 23 to
1249 4098 133 36 Bargains

747 4138 60 19 now
835 4131 110 27 offered.
995 4132 173 38 Up-country
1192 4134 108 30 visitors
1326 4136 55 28 will

747 4178 34 18 on
793 4169 153 36 inspection
959 4170 57 29 find
1029 4171 61 30 that
1103 4172 54 29 this
1175 4173 24 29 is
1219 4184 16 18 a
1258 4174 123 30 Genuine

748 4206 71 29 Sale.

849 4291 227 40 PATRICK
1111 4294 171 39 KELLY

746 4355 204 31 TICTISHES
963 4360 28 26 to
1003 4359 99 29 inform
1122 4360 45 29 the
1188 4361 92 38 public
1301 4372 63 28 gene-

887 4397 70 36 rally
970 4398 59 28 that
1042 4399 34 29 he
1089 4400 50 28 has
1153 4400 84 37 lately

745 4443 142 36 Imported
908 4445 58 27 and
986 4446 120 29 Erected
1125 4449 68 27 Nciu
1205 4449 174 38 Machinery,

952 4502 156 38 Consisting
1129 4505 43 27 of:

743 4555 155 47 Drilling,
913 4557 136 49 Boring,
1065 4559 186 49 Punching,
1272 4564 87 37 Turn-

820 4599 69 49 ing,
903 4601 155 48 Planing,
1073 4604 69 38 and
1163 4606 138 49 Cutting

966 4647 189 46 Machines,

743 4704 61 30 And
825 4705 102 38 having
948 4718 16 19 a
990 4708 73 38 large
1084 4710 66 30 staff
1170 4712 30 29 of
1216 4713 163 38 Competent

743 4744 149 29 Workmen
906 4747 28 26 in
948 4747 43 27 his
1005 4749 118 36 employ,
1136 4751 23 26 is
1173 4750 27 28 in
1222 4761 16 18 a
1258 4753 117 35 position

743 4785 27 25 to
783 4788 111 25 execute
908 4785 37 28 all
958 4785 98 29 classes
1078 4786 30 30 of
1126 4788 48 29 the
1197 4789 85 30 above
1303 4792 73 28 work

744 4821 65 29 with
823 4821 139 39 despatch,
971 4825 54 28 and
1033 4828 28 26 at
1070 4825 169 31 Reasonable
1249 4829 127 38 Charges.

868 4919 196 33 PATRICK
1091 4922 157 40 KELLY,

742 4961 106 51 Ship,
863 4964 147 50 Engine
1020 4967 31 36 &
1061 4967 164 38 General
1239 4969 114 38 Black-

992 5020 128 48 smith,

809 5078 175 29 Wakefield
1004 5082 118 35 Street,
1141 5084 165 29 Westport.

738 5162 187 65 Wakefield
958 5165 114 62 Steam
1106 5167 78 63 Saw
1218 5170 130 76 Planing

858 5242 69 59 and
952 5242 176 77 Moulding
1151 5245 103 62 Mills.

788 5367 61 41 W.
894 5369 85 40 and
1026 5371 36 39 J.
1112 5372 212 52 MARRIS,

934 5442 74 19 HAVE
1030 5444 36 19 ON
1088 5444 69 21 SALE
1171 5446 5 20 :

740 5481 165 36 T\OORS,
928 5484 107 35 Sashes,
1049 5486 134 38 Turnery,
1207 5488 164 40 Mouldings,

739 5517 21 23 J
760 5524 35 16 -'
973 5524 53 32 &c,
1044 5526 54 27 and
1117 5537 15 17 a

739 5571 97 33 Good
839 5573 213 35 Assortment
1061 5577 38 32 of
1106 5578 266 37 Well-seasoned

792 5618 148 32 Dressed
953 5621 68 30 and
1035 5623 120 38 Rough
1168 5625 146 32 Timber.

1064 5711 132 39 Promptly
1222 5715 146 29 Executed.

751 5798 213 44 Wakefield
985 5802 135 51 Street,
1143 5806 208 50 Westport.

1511 167 144 31 Reefton
1683 169 293 34 Advertisements

1549 251 53 35 W.
1644 251 302 49 HINDMARSH,

2263 181 117 30 Public
2399 183 149 31 Notices.

2225 261 128 38 JOHN
2399 263 187 47 MUNKO,

1483 369 271 37 HAREBROKER,
1780 373 180 35 MINING,
1985 376 78 28 AND
2147 389 179 29 ENERAL
2357 391 246 31 MERCHANT
2634 395 87 28 AND

1520 447 166 39 General
1712 449 260 42 Commission
2303 468 198 26 importer

1678 542 138 52 Agent,

1461 669 288 51 BROADWAY,
1778 673 245 51 EEEFTON,

1549 780 140 36 (Opposite
1708 781 136 30 Southern
1859 782 80 29 Cross

1690 838 103 36 Hotel.)

2189 583 240 41 Palmerston
2483 588 138 46 Street,

2299 706 215 26 WESTPORT.

2134 801 244 33 JOHNSTON
2407 804 28 30 &
2460 804 214 32 WATKINS

2304 878 105 27 CIVIL
2428 880 79 25 AND

2273 1040 180 20 AUTHORISED
2475 1042 56 19 AND

1428 917 337 66 Dawson's
1832 922 222 77 Hotel,
2089 952 70 60 jy[
2173 952 73 31 ini
2258 952 59 31 ng

1522 1022 223 37 BROADWAY,
1772 1026 187 30 EEEFTON.
2273 1039 181 21 authorised
2475 1041 56 19 and

2088 1083 279 41 LICENSED
2394 1086 328 42 SURVEYORS

1427 1136 87 51 rpbe
1534 1140 235 29 accommodation
1793 1143 125 36 supplied
1939 1144 37 37 by
2001 1145 55 30 this

1434 1183 35 12 *
1515 1177 83 27 house
1613 1185 100 21 cannot
1727 1180 31 27 be
1772 1183 145 30 surpassed
1938 1183 29 27 in
1988 1184 68 28 New
2086 1178 130 34 Working
2241 1179 83 27 Plans
2347 1180 55 27 and
2427 1180 107 28 Details
2560 1182 30 26 of
2614 1181 108 32 Miinng

1424 1213 127 29 Zealand.

1456 1613 66 29 This
1535 1615 85 28 Hotel
1633 1615 23 28 is
1659 1615 19 19 r
1680 1615 60 28 well
1762 1615 101 29 known
1885 1617 168 31 throughout

2159 1222 122 31 tchmery
2295 1222 132 31 prepared
2438 1222 53 24 and
2501 1222 46 26 the
2557 1222 130 27 Erection

2170 1255 107 33 Mining
2293 1256 160 32 Machinery
2467 1258 167 30 supervised.

1425 1317 173 54 Booking
1633 1322 120 39 Office
1789 1323 56 39 for
1881 1325 173 40 Mitchell
2084 1332 118 37 Purveys
2214 1332 43 30 for
2267 1333 111 38 Mining
2387 1334 166 38 Companies
2563 1336 158 30 contracted

1471 1373 75 37 and
1593 1377 231 45 Campbell's
1883 1380 121 42 Royal
2084 1371 38 28 for
2136 1371 34 37 by
2183 1373 47 28 the
2242 1382 73 27 year.
2355 1375 118 34 Surveys
2484 1378 82 25 made
2576 1376 87 27 under
2674 1376 46 27 the

1521 1426 93 39 M-i
1647 1431 16 15 T
1795 1432 13 14 r
1942 1420 13 11 '
2254 1411 80 28 Land
2348 1412 128 29 Transfer
2486 1414 60 27 Act.

1566 1431 50 38 ail
1647 1431 98 39 Line
1767 1432 41 39 of
1835 1432 120 55 Grey-

1572 1487 133 37 mouth
1722 1488 186 39 Coaches.
2330 1491 137 29 Address:

2084 1528 165 34 Broadway,
2270 1528 152 35 Reefton;
2450 1538 56 19 and
2533 1531 187 28 Commercial

2285 1567 110 34 Hotel,
2415 1568 96 28 Lyell

1459 1628 63 15 xijis
1535 1628 86 15 xiuiei
1633 1628 35 15 is'
1681 1628 59 16 wtm
1762 1628 101 16 liijown
1885 1628 168 26 mrougnour,

1422 1653 67 28 New
1504 1654 118 27 Zealand
1635 1655 42 27 for
1695 1655 36 26 its
1750 1656 235 28 accommodation
1999 1658 54 27 and
2116 1644 291 28 N.R.lnstructions
2420 1645 49 28 left
2482 1649 28 25 at
2524 1646 90 28 Times
2626 1646 91 35 Office,

1421 1692 180 27 convenience
1614 1692 42 28 for
1673 1693 112 27 tourists
1804 1693 55 28 and
1879 1695 174 28 commercial
2082 1681 78 33 iyell
2186 1683 51 26 vvlll
2251 1692 104 18 receive
2364 1684 160 28 immediate
2538 1684 145 28 attention,

1421 1729 148 28 travellers.

1617 1777 124 39 John
1762 1778 212 49 dawson,
2211 1764 381 62 Newman's

1854 1834 163 36 Proprietor.

2552 1883 40 28 T
2625 1883 90 30 INE

1581 1917 308 35 STEVENSON'S

1423 1978 364 63 M'G-affin's
1825 1981 225 76 Hotel,

1523 2083 223 37 BROADWAY,
1765 2084 187 32 REEFTON.

1508 2253 103 38 replete
1624 2255 67 30 with
2082 2259 146 38 Thursday
2236 2260 55 29 and
2303 2260 148 38 Saturday,
2462 2265 29 28 at
2501 2264 63 28 2.30
2575 2274 76 27 p.m.,
2663 2265 55 29 and

1514 2328 91 21 EVERY
1624 2328 126 21 COMFORT
1768 2330 55 20 AND
1842 2330 118 22 MODERN
2174 2308 41 29 for
2229 2309 76 29 West
2307 2318 16 27 P
2326 2313 41 25 ort
2381 2311 55 26 ancl
2450 2311 127 34 Beetton,
2597 2322 36 18 Oil
2647 2313 51 28 Sun-

1633 2368 205 20 convenience.
2082 2355 63 36 day,
2159 2354 175 39 Wednesday
2348 2357 55 27 and
2418 2358 111 36 Friday,
2538 2362 29 25 at
2580 2360 62 27 9.80
2652 2370 64 18 a.m.

2082 2443 165 35 Passengers
2273 2444 101 28 booked
2407 2445 43 27 for
2479 2446 151 36 Hampden
2662 2450 53 26 and

1452 2473 122 27 Tourists
1610 2476 175 26 commercial
1815 2476 151 34 travellers,
1998 2478 54 28 and
2201 2490 79 28 other
2293 2490 193 29 intermediate
2500 2492 100 36 places.

1418 2515 92 24 others
1520 2515 55 25 will
1590 2515 62 25 here
1666 2515 57 25 mid
1738 2523 81 26 every
1833 2519 137 25 attention
1979 2525 72 19 com-

1418 2549 81 30 bined
1513 2551 66 28 with
1594 2551 83 29 home
1690 2552 137 30 comforts.
2252 2567 132 31 BoOKING
2405 2569 121 30 Qffices
2537 2579 6 7 .

1417 2645 157 38 Booking
1593 2616 353 63 Omce7or~Newman
1957 2649 95 30 Bros'
2080 2625 35 66 Jf
2116 2634 13 19 6
2132 2627 87 35 **
2442 2674 16 17 Q
2484 2629 132 28 Gilmer's
2630 2630 85 28 Hotel

1444 2690 108 39 Royal
1566 2691 86 31 Mail
1665 2692 86 31 Line
1765 2691 39 32 of
1812 2692 132 33 Nelson
1957 2694 69 31 and
2080 2671 80 64 ff
2161 2681 37 21 on
2442 2674 152 31 Stevenson
2606 2687 12 18 b
2631 2678 86 29 Hotel

1560 2735 174 40 Westport
1746 2737 163 31 Coaches.
2108 2723 77 26 elson
2493 2725 125 29 Masonic
2631 2726 84 28 Hotel

1477 2827 160 40 JAMES
1684 2829 304 49 STEVENSON,

1642 2890 181 21 PROPRIETOR.

1565 3819 124 38 JOHN
1716 3817 252 52 M'SHERBY,

1831 3889 180 21 PROPRIETOR.

2154 1879 133 30 OYAL

2282 1974 48 28 OF
2350 1975 177 29 COACHES

2115 2071 252 29 Thrice-Weekly
2393 2071 123 29 Service
2538 2072 144 30 Between

2168 2119 105 33 Lyell,
2288 2119 134 28 Reefton
2434 2129 57 18 and
2505 2121 125 28 Nelson.

2113 2817 46 27 All
2171 2817 196 36 parcelsfmust
2379 2820 32 26 be
2427 2820 289 35 prepaid,'otherwise

2213 2864 67 36 they
2293 2865 55 28 will
2362 2865 32 28 be
2407 2866 49 28 left
2470 2866 112 29 behind.

2403 2920 38 29 H.
2462 2921 184 35 NEWMAN,

2513 2961 159 33 Proprietor

1489 2962 322 74 "Sherry's
1844 2965 208 60 Hotel
2513 2961 159 33 Proprietor

1583 3076 79 37 (Late
1682 3076 213 38 M'Quillan's,)
2220 3052 347 43 COURTNEY'S

2087 3120 308 39 JUNCTION
2461 3121 252 38 TXOTEL,

1493 3150 241 40 BROADWAY,
1767 3152 204 34 REEFTON.
2080 3150 28 29 U
2461 3146 71 35 XX
2707 3147 6 13 '

2230 3200 96 41 (Near
2346 3212 56 20 the
2423 3201 140 42 Bridge.)

1417 3320 107 29 mHE
1537 3321 183 37 undersigned
1743 3322 102 32 having
1861 3324 110 28 entered
1992 3325 58 28 into
2133 3307 10 9 =
2143 3308 5 8 '
2150 3305 24 27 G
2178 3305 50 28 ood
2237 3306 245 29 Accommodation
2496 3308 43 27 for
2552 3308 161 28 Travellers.

1423 3374 12 5 -
1435 3349 10 30 1
1445 3374 14 6 -
1503 3361 153 36 possession
1670 3361 32 28 of
1720 3361 55 28 this
1788 3361 174 30 well-known
1978 3363 73 30 hotel
2218 3358 117 29 GRASS
2367 3359 207 30 PADDOCKS.

1413 3398 123 28 business
1548 3400 99 26 wishes
1666 3405 27 23 to
1715 3401 100 27 inform
1837 3401 41 27 his
1901 3412 149 18 numerous
2079 3410 125 30 Saddle
2225 3410 128 31 Horses
2370 3412 69 29 and
2457 3413 128 36 Handy
2597 3414 117 30 Coach

1413 3439 101 24 friends
1527 3439 55 24 and
1595 3439 47 25 the
1654 3439 146 33 travelling
1810 3439 90 35 public
1911 3441 138 35 generally
2320 3445 53 32 for
2389 3447 84 31 hire.

1412 3474 61 28 that
1487 3478 33 25 he
1533 3475 109 29 intends
1655 3480 27 24 to
1696 3486 77 27 spare
1787 3486 36 18 no
1840 3477 78 29 effort
1931 3487 28 20 in
1972 3479 79 29 order

1412 3517 28 23 to
1454 3514 80 26 make
1548 3515 54 26 this
1615 3515 71 27 hotel
1701 3516 101 34 replete
1816 3516 66 27 with
1896 3526 82 27 every
1988 3527 45 19 con-

1413 3551 129 28 venience
1555 3552 54 27 and
1625 3556 132 32 comport.
2112 3547 114 34 Miners,
2251 3548 177 33 Theatricals,
2455 3558 30 19 or
2514 3550 132 28 Families
2671 3560 26 19 re-

2077 3585 97 27 moved
2200 3589 26 24 to
2252 3595 55 26 any
2332 3589 62 33 part
2418 3586 29 28 of
2468 3587 48 28 the
2547 3588 107 29 district
2684 3593 27 24 at

2077 3622 128 29 Reduced
2223 3624 93 28 Fares.

1426 3704 22 5 ~
1501 3706 36 11 Trr
1541 3706 5 4 .
1654 3706 75 9 ,_.
1751 3706 16 6 ..
1795 3675 29 42 .
1852 3708 19 3 _
2109 3676 24 28 A
2145 3675 191 38 Ferryfacross
2348 3677 49 30 the
2409 3678 97 30 Buller
2518 3689 16 20 a
2556 3682 52 27 few
2627 3682 83 35 yards

1410 3708 74 28 Ales,
1502 3708 91 24 Wines
1607 3708 57 24 and
1678 3708 104 33 Spirits
1795 3708 34 34 of
1845 3708 68 27 Best
1934 3709 114 28 Brands
2075 3715 89 27 below
2178 3715 45 27 the
2237 3716 136 27 Junction
2386 3718 29 26 of
2425 3718 45 26 the
2484 3722 54 24 two
2550 3719 95 28 rivers.

1619 3744 65 36 only
1703 3744 137 35 supplied.

2142 3824 25 28 A
2188 3824 197 29 Blacksmith's
2407 3825 75 37 Shop
2502 3828 137 29 attached.

2239 3873 61 41 (Up
2300 3876 14 11 0
2329 3883 109 22 horses
2460 3885 83 21 shod.

1411 3991 145 60 The
1594 3994 365 75 Hampden
2003 3999 466 74 Co-operative
2515 4002 190 59 Store

1706 4116 359 80 Company,
2103 4121 313 65 Limited.

1409 4401 109 59 THE
1533 4402 85 30 above
1629 4404 143 39 Company
1783 4407 22 28 is
1818 4417 62 20 now
1891 4409 148 38 supplying
2052 4412 46 28 the
2112 4412 141 37 following
2269 4412 84 36 goods
2364 4416 28 26 at
2404 4424 15 18 a
2432 4414 83 37 slight
2529 4416 122 28 advance
2664 4426 36 19 on

1880 4448 148 30 NELSON
2043 4451 186 28 PRICES:

1606 4794 38 28 Of
1654 4795 59 30 first
1726 4797 69 29 class
1809 4800 114 38 quality.
1960 4803 24 28 A
1997 4804 87 36 Large
2099 4805 55 28 and
2166 4805 102 29 Varied
2280 4806 176 29 Assortment
2469 4807 30 28 of

1405 4897 202 55 Crockery,
1644 4901 171 44 Earthen
1844 4908 76 40 and
1953 4910 226 48 Glassware,
2216 4912 280 53 Ironmongery,
2527 4914 79 48 &c,
2628 4916 65 39 &c.

1404 5111 124 40 Men's
1563 5114 75 39 and
1676 5115 114 54 Boys'
1828 5118 271 54 Kaipoi-made
2149 5124 205 53 Clothing;
2402 5125 113 48 Hats,
2554 5126 137 50 Shirts,

1502 5168 356 55 Under-Flannels;
1913 5177 175 41 Drawers
2123 5179 73 39 and
2232 5179 144 49 Moles;
2419 5181 174 49 Tweeds,

1598 5225 176 52 Hosiery,
1797 5228 184 41 Blankets
1998 5247 7 32 ;
2036 5233 163 46 Calicos,
2223 5235 138 45 Prints,
2385 5236 91 36 Flan-

1809 5283 92 48 nels,
1924 5286 78 48 &c,
2025 5286 64 40 &c.
2143 5287 143 39 Also

1565 5355 153 50 Wheat,
1765 5359 108 50 Oats,
1921 5362 114 50 Bran,
2071 5364 117 40 Chaff
2210 5366 75 39 and
2318 5366 192 40 Potatoes.

1433 5567 98 28 Orders
1545 5571 195 36 accompanied
1758 5572 37 37 by
1809 5574 64 30 cash
1887 5577 174 32 remittances
2079 5581 162 37 punctually
2260 5581 129 30 attended
2404 5585 37 33 to,
2454 5583 56 30 and
2529 5584 84 35 goods
2633 5585 42 29 des-

1398 5610 116 32 patched
1528 5611 28 25 at
1569 5618 15 19 a
1597 5615 139 24 moments
1748 5614 99 28 notice.

1431 5682 84 29 Local
1533 5684 128 37 produce,
1680 5686 142 39 including
1840 5690 104 38 Hides,
1965 5694 93 36 Skins,
2086 5694 93 36 Wool,
2200 5695 125 34 Butter,
2340 5696 55 35 &c,
2410 5696 55 35 &c,
2484 5696 153 36 purchased
2650 5696 41 30 for

1397 5724 80 25 Cash.

1431 5821 168 35 Murchison,
1615 5824 62 29 15th
1692 5825 83 31 June,
1792 5829 74 27 1885.

2275 5794 32 31 R.
2330 5793 128 38 M'NEE,
2479 5794 106 31 Lessee.

2836 188 144 33 Reefton
2997 191 302 32 Advertisements.

2812 268 216 38 FORSYTH
3050 274 26 34 &
3101 273 229 46 MASTERS,

2843 355 199 29 HOLESALE
3070 358 20 26 &
3121 358 138 28 RETAIL
3279 360 83 27 IRON-

2972 394 191 35 MONGERS,

2901 464 168 34 Broadway,
3090 465 142 36 Reefton,

2752 534 78 29 Have
2844 544 36 18 on
2893 535 74 28 hand
2986 537 135 35 imported
3142 537 85 29 direct
3245 539 68 27 from
3337 539 45 28 the

2802 573 92 29 Home
2907 574 131 33 markets,
3052 584 13 18 a
3079 576 86 32 Large
3180 577 53 26 and
3250 577 64 28 Well-

2935 613 122 27 assorted
3077 614 83 26 Stock
3173 616 29 25 of

2750 690 166 37 Builders'
2932 690 219 49 Furnishing,
3166 693 136 47 Mining
3316 696 67 35 and

2857 759 145 38 General
3025 760 255 50 Ironmongery,

2751 842 99 31 Which
2873 843 65 37 they
2958 855 45 19 are
3026 848 130 34 prepared
3181 852 27 24 to
3231 849 49 28 sell
3302 856 27 22 to
3342 861 26 17 re-

2761 882 103 27 sidents
2878 883 29 27 of
2916 883 78 35 Lyell
3008 889 28 22 at
3047 887 149 34 extremely
3210 887 52 26 low
3275 889 95 34 prices.

2751 1021 153 31 Bickford's
2918 1024 80 34 Fuse,
3013 1026 91 28 Hall's
3121 1027 125 34 Blasting
3259 1028 122 35 Powder,

2720 1062 1 37 ,
2752 1062 121 34 Octagon
2888 1063 81 33 Steel,
2983 1064 91 28 Ames'
3097 1066 124 33 Shovels,
3243 1068 66 26 Pick
3328 1070 54 25 and

2720 1099 1 39 )
2751 1099 137 30 Hammer
2900 1101 133 33 Handles,
3048 1103 54 34 &c,
3114 1110 94 28 aj.euts
3221 1105 41 29 for
3271 1106 111 30 Nobel's

2986 1142 159 37 Dynamite.

2720 1192 2 9 r

2720 1206 1 11 )

2751 1219 157 35 Furniture,
2939 1221 134 34 Bedding.
3104 1223 113 35 Lamps,
3260 1226 120 37 Cutlery,

2750 1258 171 36 Carpenters'
2935 1260 90 33 Tools,
3044 1261 102 33 Paints,
3170 1263 66 33 Oils,
3259 1264 121 34 Colours,

2887 1298 92 37 Faucy
2993 1299 89 35 Ware,
3096 1301 62 33 &c.;
3177 1302 66 34 also,

2720 1338 1 26 I

2720 1366 1 39 ,
2753 1366 22 27 A
2788 1366 87 36 Large
2888 1367 174 31 Assortment
3080 1371 29 27 of
3127 1372 165 29 Galvanised
3306 1374 75 31 Iron,

2852 1406 144 29 Bessemer
3008 1409 54 27 and
3081 1409 103 38 Plough
3206 1411 74 28 Steel

2939 1483 102 29 WIRE
3062 1485 129 29 ROPES.

2853 1550 59 28 SSS
2944 1552 175 29 OCTAGON
3148 1555 128 28 STEEL.

2819 1632 35 40 J.
2911 1634 40 39 B.
3016 1635 290 51 BEECHE,

2893 1743 171 40 Beoadway,
3087 1745 148 40 Reefton,

2751 1842 338 63 gHAREBROKER,
3125 1849 21 30 &
3185 1847 196 34 GENERAL

2844 1934 254 35 COMMISSION
3132 1938 151 33 AGENT.

2784 2126 150 40 Enquries
2965 2128 46 31 for
3036 2129 89 31 latest
3153 2132 170 38 quotations
3349 2133 32 30 in

2745 2181 116 43 mining
2875 2184 97 33 stocks
2986 2187 149 42 promptly
3148 2188 111 41 replied
3273 2192 41 30 to.

2771 2364 171 23 TELEGRAMS
2963 2367 201 22 IMMEDIATELY
3183 2370 167 22 ANSWERED.

2746 2443 74 40 IS
2820 2446 13 10 S
2847 2442 111 40 BUY
2987 2445 149 39 PURE
3166 2447 212 40 DRUGS!

2833 2561 62 40 W.
2923 2562 35 40 J.
2991 2563 53 40 M.
3077 2564 224 51 HANSBY,

2747 2624 197 32 -nAMILY
2972 2626 84 30 AND
3087 2627 294 34 DISPENSING

2746 2666 29 37 I
2966 2668 196 40 CHEMIST,

2895 2736 164 28 BROADWAY,
3087 2740 141 22 REEFTON.

2742 2783 86 28 Eleve
2841 2783 32 28 cle
2887 2783 141 30 Vlnstitut
3039 2786 39 28 St.
3088 2787 136 35 Francis
3238 2789 114 33 Xavier,
3363 2799 19 19 a

2893 2823 117 35 Bruges,
3026 2823 28 27 la
3066 2825 164 35 Belguique.

2836 2872 38 28 M.
2895 2873 30 27 P.
2947 2874 26 28 S.
2994 2874 35 28 N.
3048 2875 40 32 Z.,
3147 2875 39 30 M.
3205 2877 31 28 P.
3255 2877 31 29 C.

2743 2964 108 28 Twelve
2863 2968 88 32 years'
2966 2968 128 26 assistaut
3107 2971 28 24 to
3148 2968 52 27 Dr.
3216 2969 123 34 Morice,
3353 2971 30 26 of

2974 3004 179 37 Greyinouth.

2777 3077 170 37 Physicians'
2969 3080 196 37 Prescriptions
3191 3082 54 28 and
3268 3083 111 38 Family

2744 3116 127 36 Receipss
3048 3121 189 33 compounded
3252 3121 66 28 with
3331 3123 47 27 the

2743 3154 147 28 PUREST
2909 3156 137 28 DRUGS.

2795 3241 176 21 SPECTACLES
2992 3243 35 19 TO
3048 3243 64 20 SUIT
3137 3244 54 20 ALL
3212 3246 111 22 SIGHTS.

2776 3313 89 28 Toilet
2897 3314 161 36 Requisites,
3084 3316 168 37 Perfumery,
3278 3319 99 28 Patent

2743 3350 149 31 Medicines
2905 3353 55 29 and
2972 3353 155 37 Druggists'
3142 3356 140 36 Sundries,
3295 3357 46 29 &c.

2815 3428 109 31 Teeth
2941 3430 195 39 Extracted,
3155 3432 68 40 &c,
3242 3432 59 32 &c.

2741 3503 115 29 IS?All
2866 3504 91 34 Drugs
2968 3505 184 33 Guaranteed,
3163 3508 54 27 and
3229 3512 28 25 at
3269 3509 105 35 greatly

2880 3542 186 28 REDUCED
3086 3544 147 30 PRICES.

2760 3636 598 41 GEATSPUL-COMFORTING.

2891 3916 331 31 BREAKFAST.

2862 3962 16 19 a
2902 3953 133 38 thorough
3050 3956 158 38 knowledge
3222 3961 28 26 of
3264 3959 45 29 the
3322 3970 32 19 na-

2735 3992 70 27 tural
2819 3992 65 28 laws
2897 3993 90 29 which
3001 4005 102 24 govern
3116 3997 46 27 the
3175 3999 156 33 operations
3344 4001 30 26 of

2735 4028 132 34 digestion
2881 4031 53 25 and
2949 4032 141 33 nutrition,
3104 4034 56 26 and
3173 4035 35 35 by
3229 4045 16 17 a
3267 4037 100 27 careful

2733 4066 165 37 application
2913 4069 29 29 of
2961 4069 46 30 the
3026 4070 55 30 fine
3095 4073 148 36 properties
3257 4074 31 29 of
3297 4076 56 28 well-

2733 4106 117 26 selected
2863 4116 91 22 cocoa,
2970 4109 44 26 Mr
3026 4109 75 36 Epps
3115 4111 48 26 has
3177 4113 130 33 provided
3320 4123 49 17 our

2734 4141 135 31 breakfast
2878 4144 86 29 tables
2974 4145 66 30 with
3049 4156 15 19 a
3074 4147 294 39 delicately-flavoured

2732 4219 116 29 doctor's
2871 4219 69 30 bills.
2977 4222 28 28 It
3026 4223 23 27 is
3064 4223 35 37 by
3113 4224 47 29 the
3168 4225 138 37 judicious
3319 4237 48 20 use

2731 4258 29 28 of
2769 4258 67 29 such
2850 4260 106 29 articles
2969 4262 30 28 of
3017 4262 54 29 diet
3085 4263 61 30 that
3158 4275 16 18 a
3187 4267 178 29 constitution

2730 4306 64 26 may
2815 4298 33 27 be
2876 4309 38 24 ;r\
2930 4300 83 35 'lually
3034 4302 68 26 built
3123 4312 37 26 up
3181 4306 70 25 until
3273 4311 94 30 strong

2730 4334 106 32 enough
2848 4339 27 22 to
2885 4340 80 23 resist
2974 4346 82 27 every
3066 4339 136 37 tendency
3212 4346 27 22 to
3252 4342 112 28 disease.

2729 4371 150 31 Hundreds
2892 4374 30 29 of
2932 4374 87 31 subtle
3032 4377 133 29 maladies
3184 4388 45 20 are
3252 4380 114 37 floating

2728 4412 105 27 around
2846 4422 32 19 us
2890 4414 85 36 ready
2987 4419 28 24 to
3029 4417 92 28 attack
3137 4418 139 30 wherever
3288 4420 76 28 there

2728 4450 22 26 is
2763 4459 15 17 a
2788 4450 77 28 weak
2880 4452 84 35 point.
3001 4453 50 28 We
3064 4464 65 26 may
3141 4464 95 28 escape
3249 4467 86 26 many
3348 4469 15 17 a

2728 4486 66 30 fatal
2815 4488 73 29 shaft
2909 4490 35 36 by
2960 4490 117 38 keeping
3089 4494 136 29 ourselves
3238 4496 61 28 well
3311 4497 39 27 for-

2728 4525 74 29 tified
2827 4527 67 28 with
2919 4537 67 27 pure
3010 4530 81 28 blood
3116 4531 55 29 and
3195 4542 17 19 a
3235 4535 127 36 properly

2727 4565 147 28 nourished
3132 4570 94 29 article
3256 4573 29 27 in
3315 4573 47 28 the

2728 4602 75 29 Civil
2816 4603 109 30 Service
2940 4606 119 28 Gazette.

2726 4649 75 18 MADE
2814 4650 97 19 SIMPLY
2921 4651 76 20 WITH
3008 4653 113 20 BOILING
3130 4655 98 19 WATER
3237 4657 36 18 OR
3282 4657 78 19 MILK.

2744 4678 64 28 Sold
2820 4680 30 26 in
2883 4680 37 27 -lb
2928 4681 112 37 packets
3050 4682 36 38 by
3096 4683 123 37 Grocers,
3229 4685 115 30 labelled

2983 4721 120 29 thus:

2789 4756 146 32 JAMES
2974 4758 108 33 EPPS
3115 4761 70 31 and
3218 4762 79 41 CO.,

2857 4800 206 23 HOMEOPATHIC
3081 4804 147 27 CHEMISTS,

2802 4830 123 30 BOND
2972 4833 36 33 N,
3039 4834 243 32 ENGLAND.

2916 4934 249 31 NOTICE.

2723 5201 257 52 PRINTING
3018 5205 52 29 OF
3106 5207 130 29 EVERY
3273 5210 62 28 DES-

2953 5335 177 30 CRIPTION

2721 5601 101 71 %h
2842 5605 137 78 %il
3000 5606 44 61 f
3047 5628 116 41 raws
3191 5611 162 71 (Die*,

2841 5810 146 42 CLIFF
3026 5813 201 42 STREET.

3589 195 118 29 tuDiic
3728 196 150 30 iNOiicet:.

3412 276 31 36 A
3463 276 255 39 Wonderful
3752 280 116 36 Book
3891 282 71 37 for
3989 287 54 33 Is.

3631 337 168 23 CONTAINING

3573 380 27 47 J
3613 379 49 26 100
3680 379 93 28 Tricks
3794 384 52 26 and
3860 389 18 33 |

3573 407 28 39 9
3615 416 141 31 Delusions
3782 422 63 28 with
3865 419 13 34 1

3582 446 19 52 J
3686 456 92 32 Cards,
3864 457 14 25 i

3582 496 19 29 1
3620 494 33 28 25
3672 494 166 34 Marvellous
3859 494 19 35 I

3591 525 10 39 1
3627 534 69 27 Coin
3718 536 113 36 Thick:,,
3859 532 19 56 |

3582 572 81 50 jFor
3683 579 44 27 the
3747 583 96 33 perfor-
3863 593 15 10 =

3564 622 37 28 pj
3611 625 94 19 mance
3716 619 30 25 of
3756 620 88 28 which
3859 629 19 27 |=

3568 654 105 36 11only
3687 665 15 18 a
3716 666 129 21 commjn
3860 650 18 39 |

3625 694 69 34 pack
3707 697 30 25 of
3751 699 78 26 cards

3568 727 30 53 U
3609 732 53 26 and
3694 732 46 29 the
3777 736 67 27 ordi-
3862 736 16 44 |

3569 766 29 51 ||
3608 779 70 26 nary
3709 773 75 28 coins
3820 777 29 26 of
3867 772 11 32 I

3569 811 29 43 g
3609 807 45 30 the
3685 812 82 27 realm
3800 823 44 19 are
3867 816 11 31 1

3569 843 28 52 I]
3641 850 109 29 needed.
3771 854 42 27 All
3867 852 12 34 1

3569 880 28 47 ]
3606 887 68 36 fully
3686 891 157 35 explained;
3867 890 12 31 I

3650 965 74 37 large
3746 970 95 30 eollec-
3862 964 12 48 |

3568 1012 27 19 3
3674 1007 56 28 tion
3747 1010 30 26 of

3394 1046 3 50 !
3410 1048 134 39 Amusing
3565 1051 120 37 Biddies,
3700 1056 145 36 Charades,
3860 1061 112 34 Games,
3986 1063 55 33 &c,

3662 1094 54 28 and
3730 1104 64 21 over

3411 1134 72 34 200
3497 1137 132 36 .Tricks
3642 1136 308 52 fwithiConjuring
3978 1150 42 38 Ap-

3647 1183 150 33 paratus.

3408 1217 42 28 All
3466 1219 160 35 illustrated,
3641 1223 151 35 explained,
3806 1226 54 27 and
3876 1227 80 29 made
3977 1228 48 28 sim-

3408 1256 53 35 ple,
3474 1258 68 28 with
3556 1268 15 19 a
3585 1260 140 34 catalogue
3738 1263 31 28 of
3782 1264 126 33 English,
3923 1266 117 32 French,

3409 1296 54 27 and
3484 1296 147 31 American
3655 1299 148 36 Novelties,
3825 1303 110 33 Games,
3959 1305 82 34 Toys,

3409 1332 53 34 &c,
3477 1336 128 33 covering
3617 1347 64 18 over
3704 1341 51 26 800
3777 1350 90 26 pages,
3890 1343 54 27 and
3968 1344 61 27 illus-

3410 1373 87 27 trated
3510 1375 66 27 with
3587 1377 51 26 400
3648 1378 77 26 wood
3737 1379 99 26 blocks.
3874 1381 73 27 Loth
3958 1382 85 28 hooks

3589 1414 99 28 mailed
3702 1416 56 28 free
3770 1416 42 29 for
3827 1419 37 26 Is.

3528 1475 19 3 -
3615 1462 73 29 Jack
3719 1473 55 19 and
3810 1473 47 21 his
3925 1475 41 19 c~

3686 1502 102 29 Bkide.

3572 1553 8 14 i
3619 1541 170 29 Mechanical
3811 1541 46 37 fig-
3907 1535 33 33 /

3563 1571 28 37 A
3618 1590 61 19 ures
3716 1579 84 27 dance
3831 1585 28 24 to
3890 1590 15 27 y

3590 1618 3 38 '
3618 1619 97 33 music,
3726 1618 53 27 and
3789 1618 68 38 keep

3618 1662 101 30 perfect
3736 1658 76 31 time,
3827 1661 28 25 Is
3898 1673 7 16 j

3519 1686 34 38 '\
3568 1686 12 48 \
3617 1697 34 27 3d
3665 1696 76 31 each,
3749 1696 59 33 pair
3815 1698 38 26 2s.

3554 1738 25 30 /
3653 1734 61 28 The
3735 1733 118 29 Wizard

3554 1771 3 33 1
3618 1781 33 21 of
3664 1782 55 18 the
3730 1773 125 29 North's
3894 1773 35 27 L_
3954 1771 4 33 ,

3651 1813 173 34 Changeable

3410 1859 71 28 Pack
3501 1859 30 28 of
3550 1859 93 32 Cards,
3662 1859 151 28 wonderful
3834 1860 120 37 changes
3975 1861 66 28 with

3408 1898 138 38 lightning
3559 1899 126 39 rapidity,
3700 1900 28 28 Is
3741 1899 34 28 2d
3790 1904 60 32 post
3862 1901 64 28 free.

3444 1940 33 26 N.
3505 1940 27 27 S.
3558 1939 43 29 W.
3627 1945 103 29 stamps
3752 1939 82 28 taken
3856 1943 29 24 at
3905 1950 56 26 par,
3982 1946 61 30 post

3408 1976 76 28 office
3498 1977 92 27 orders
3603 1986 29 18 or
3651 1977 90 36 postal
3764 1983 77 22 notes
3862 1979 145 35 preferred,
4022 1979 24 27 if

3408 2018 105 32 stamps
3527 2015 29 29 of
3567 2016 78 28 other
3659 2015 118 29 colonies
3790 2025 45 20 are
3848 2023 63 23 sent
3932 2018 52 28 add
4008 2020 35 26 2d

3407 2054 29 26 in
3448 2053 47 28 the
3509 2054 111 37 shilling
3632 2055 41 27 for
3686 2054 147 37 exchange.

3446 2132 74 25 TaTie
3530 2133 99 26 Notice
3667 2133 39 25 To
3726 2133 138 26 advertise
3886 2143 51 16 our
3958 2135 68 25 Busi-

3410 2178 68 23 ness,
3491 2178 39 18 we
3544 2169 58 28 will
3617 2169 52 37 for
3686 2178 18 18 a
3725 2169 78 28 short
3823 2169 65 28 time
3909 2171 68 28 send
3998 2171 45 28 the

3407 2207 88 28 whole
3507 2207 35 37 of
3551 2208 45 28 the
3608 2209 84 27 above
3703 2209 159 27 mentioned
3883 2210 111 27 articles
4015 2213 28 24 to

3408 2254 49 18 one
3471 2246 113 27 address
3596 2248 62 34 post
3665 2246 82 36 paid,
3752 2247 52 35 for
3815 2248 30 26 2s
3859 2247 45 28 6d.

3589 2285 118 29 Address
3721 2286 37 27 all
3771 2286 91 27 orders

3408 2322 40 31 H.
3464 2321 137 34 YOEKE
3618 2324 21 31 &
3655 2323 62 36 Co.,
3730 2325 56 29 401
3803 2323 115 41 George
3934 2325 106 36 Street,

3664 2367 127 40 Sydney.

3434 2409 75 28 Lock
3523 2409 59 30 Box
3594 2411 32 27 41
3641 2410 73 33 King
3728 2411 97 32 Street,
3841 2411 64 29 Post
3919 2411 93 30 Office.

3490 2499 255 32 POSTAGE
3789 2501 190 32 KATES.

3600 2568 90 22 TOWN
3716 2568 146 24 LETTERS.

3450 2611 109 31 Posted
3588 2617 31 25 at
3643 2624 56 27 any
3728 2614 72 29 Post
3829 2614 92 31 Office

3410 2653 49 31 th
3476 2656 104 39 colony
3596 2659 46 27 lor
3658 2656 131 42 delivery
3803 2662 29 26 at
3850 2668 31 20 or
3894 2662 72 27 from
3982 2661 71 29 such

3413 2698 71 31 Post
3503 2698 93 33 Office
3613 2712 47 18 :

3411 2750 58 31 Not
3484 2752 162 38 exceeding
3663 2752 62 31 half
3738 2764 35 20 an
3791 2764 95 21 ounce
3942 2781 29 6 ...
4019 2757 10 29 ?
4049 2750 4 40 '

3412 2795 166 39 Exceeding
3596 2797 61 30 half
3670 2808 37 20 an
3723 2809 104 27 ounce,
3853 2801 53 29 but
3923 2804 54 26 not

3446 2841 164 34 exceeding
3625 2851 57 19 oue
3698 2851 96 20 ounce
3940 2868 29 6 ...
4017 2844 36 29 2d

3412 2881 54 31 For
3481 2893 89 29 every
3589 2882 62 30 half
3663 2893 95 20 ounce
3773 2896 69 18 over
3859 2896 56 19 one
3940 2911 29 6 ...
4017 2888 36 28 Id

3573 2934 148 23 COUNTRY
3737 2936 147 22 LETTERS.

3446 2967 108 29 Posted
3572 2973 31 23 at
3618 2979 56 25 any
3701 2974 67 31 post
3783 2970 82 29 oliiee
3882 2971 102 28 within
4003 2972 39 28 thr-

3406 3008 104 39 colony
3541 3011 45 28 lor
3618 3009 131 41 delivery
3777 3016 31 26 at
3834 3023 33 19 or
3893 3012 75 31 from
3996 3024 33 19 ar

3406 3051 85 30 other
3503 3056 64 34 post
3582 3051 82 30 office
3681 3054 103 30 within
3801 3055 52 30 the
3867 3058 106 38 colony
3986 3070 46 17 :

3406 3093 62 31 Not
3484 3095 163 38 exceeding
3663 3095 58 31 hall
3738 3109 37 20 an
3792 3110 96 19 ounce
3940 3124 18 8 ..
4015 3102 37 28 2d

3410 3138 166 38 Exceeding
3592 3138 61 31 half
3667 3149 37 19 an
3721 3150 104 29 ounce,
3840 3142 54 31 but
3919 3147 54 26 not

3444 3184 161 37 exceeding
3620 3193 56 20 one
3691 3193 97 21 ounce
3939 3213 29 5 ...
4022 3190 5 4 '

3408 3224 56 31 For
3491 3236 88 28 every
3606 3225 63 31 half
3695 3237 97 21 ounce
3816 3238 72 20 over
3917 3240 56 20 one

3443 3280 97 20 ounce
3620 3297 30 6 ...
3779 3298 31 5 ...
3938 3300 30 5 ...
4013 3276 37 24 2d

3532 3322 201 23 AUSTRALIAN
3757 3324 165 22 COLONIES.

3406 3355 62 32 Not
3483 3357 162 39 exceeding
3662 3358 63 31 half
3744 3370 36 19 an
3797 3370 96 20 ounce
3938 3387 30 6 ...
4045 3355 2 41 '

3408 3401 165 38 Exceeding
3589 3401 64 30 half
3674 3414 37 19 an
3728 3415 103 19 ounce,
3850 3406 54 28 but
3918 3411 54 24 not

3442 3446 163 37 exceeding
3620 3456 57 20 one
3693 3457 96 20 ounce
3936 3474 30 7 ...
4011 3451 39 29 4J

3405 3487 57 32 For
3490 3500 86 30 every
3604 3488 63 33 half
3693 3502 96 21 ounce
3819 3502 70 21 over
3916 3504 56 20 one

3441 3544 98 19 ounce
3620 3559 28 7 ...
3779 3561 29 6 ...
3937 3563 30 5 ...

3425 3585 145 21 ENGLAND
3593 3587 64 20 AND
3679 3587 144 21 FOREIGN
3838 3588 189 23 COUNTRIES.

3580 3620 58 31 Per
3653 3621 76 30 Hail
3757 3623 118 30 Ounce.

3406 3662 111 35 United
3538 3664 160 41 Kingdom,
3726 3666 45 32 via
3796 3670 58 28 Sau
3877 3666 76 34 Fran-

3441 3711 78 27 cisco
3535 3711 58 28 and
3617 3714 75 26 Suez
3935 3733 33 7 ...
4012 3716 39 29 Cd

3405 3751 111 31 United
3547 3754 99 30 States
3675 3753 34 31 of
3741 3754 149 40 America,
3926 3757 46 30 via

3441 3799 57 28 San
3518 3797 163 32 Francisco
3936 3827 31 6 ...
4012 3804 38 29 (id

3401 3840 154 32 Sandwich
3571 3841 129 40 Islands,
3726 3843 45 31 via
3799 3843 60 31 San
3875 3843 92 34 Fran-

3402 3928 150 33 Canadian
3591 3930 189 40 Dominions,
3817 3933 47 30 via
3911 3935 59 30 San

3441 3973 164 34 Fraucisco
3773 4005 30 5 ...
3932 4007 30 6 ...
4009 3981 37 31 8d

3403 4019 109 27 British
3531 4020 160 29 Columbia
3773 4046 30 5 ...
3932 4048 30 5 ...
4018 4026 30 26 jy

3403 4060 85 34 West
3505 4061 103 33 Indies
3770 4093 29 5 ...
3928 4094 30 6 ...
4015 4070 31 30 l

3401 4107 127 35 Mexico,
3545 4108 44 27 via
3603 4108 57 29 Sao
3679 4109 165 30 Francis-co
3930 4137 18 5 ..
4015 4114 32 28 ]*

3397 4148 124 32 Ceutral
3543 4151 138 31 America
3928 4182 31 5 ...
4015 4158 32 29 ]$

3397 4196 93 28 South
3507 4196 146 30 America,
3669 4197 46 29 via
3728 4199 56 27 San
3799 4198 162 33 Francisco
4014 4204 31 27 is

3611 4248 220 26 jjewspapkbs.

3399 4283 106 30 Posted
3535 4294 16 20 a
3593 4295 56 26 any
3677 4285 83 31 office
3789 4286 103 32 within
3916 4293 51 25 the

3433 4326 104 39 colony
3556 4333 45 23 tor
3618 4328 129 40 delivery
3765 4334 31 24 at
3819 4330 51 29 the
3885 4341 80 20 same

3432 4368 86 33 office
3769 4399 30 6 ...
3926 4397 33 8 ...
4005 4377 37 31 id

3397 4414 107 31 Posted
3530 4425 32 21 at
3588 4427 58 30 any
3673 4417 85 32 office
3785 4417 103 33 within
3911 4420 52 32 the

3430 4459 105 40 coiony
3554 4460 45 30 for
3615 4461 130 39 delivery
3762 4467 32 25 at
3805 4474 57 29 any
3876 4463 89 32 other

3431 4502 82 31 office
3530 4504 101 30 within
3650 4505 50 30 the
3714 4507 109 39 colony

3393 4545 173 33 Australian
3582 4549 143 30 Colonies
3929 4579 30 5 ...
4007 4553 34 31 Id

3392 4588 113 32 United
3524 4589 156 41 Kingdom
3926 4622 31 7 ...
4004 4597 36 31 Id

3549 4634 56 31 Vii
3623 4639 58 27 San
3705 4636 177 32 Francisco.

3390 4674 113 32 United
3523 4678 101 29 States
3642 4681 29 26 ot
3688 4679 140 31 America
3926 4708 30 6 ...
4004 4683 35 31 Id

3390 4720 152 31 Canadian
3560 4721 182 33 Dominions
3925 4754 30 6 ...
4001 4730 38 29 20.

3394 4763 110 31 British
3524 4765 161 33 Columbia
3926 4798 29 5 ...
4000 4774 36 28 ?.i

3394 4807 84 31 West
3494 4808 106 32 Indies
3922 4841 30 7 ...
3999 4823 6 6 -

3389 4851 123 31 Central
3530 4855 140 31 America

3388 4895 96 32 South
3502 4898 156 34 Amerrica

3585 4953 86 21 BOOK
3694 4954 144 23 PACKETS

3392 4982 105 30 Posted
3524 4992 31 21 at
3579 4996 56 30 any
3664 4988 82 29 office
3776 4990 104 29 within
3909 4991 51 30 t!e

3425 5026 105 42 colony
3549 5028 46 31 for
3610 5030 132 39 delivery
3757 5039 31 24 at
3805 5032 51 32 the
3867 5045 92 27 same,

3427 5072 102 30 within
3561 5075 52 28 the
3642 5075 117 40 colony,
3791 5077 51 29 the
3878 5078 60 31 Aus-

3425 5115 107 33 tralian
3705 5132 34 19 or
3765 5120 52 33 the
3843 5121 115 34 United

3427 5160 153 35 Kingdom
3666 5191 30 7 ...
3783 5168 54 30 loz
3923 5195 30 7 ...
4002 5171 35 31 Id

3466 5206 47 31 Do
3666 5236 30 6 ...
3781 5212 55 31 2oz
3921 5240 30 5 ...
3998 5216 16 29 f

3468 5250 24 28 l)
3497 5262 16 18 o
3667 5280 29 5 ...
3783 5255 51 36 ilb

3466 5293 47 32 Do
3667 5325 29 4 ...
3786 5299 49 31 lib
3921 5327 30 6 ...
3999 5303 38 29 bd

3391 5337 92 41 Every
3512 5339 165 33 additional
3703 5343 112 39 pound,
3829 5355 34 20 or
3878 5344 64 32 frac-

3424 5381 95 33 tional
3534 5391 65 34 p.M-t
3616 5388 29 28 of
3662 5399 16 18 a
3696 5388 101 39 pouud
3922 5416 30 5 ...
3999 5390 37 31 8d

3553 5428 16 30 A
3585 5429 25 30 ia
3627 5432 57 28 San
3705 5429 172 33 Francisco.

3389 5468 108 32 United
3530 5473 110 34 Stj.tes,
3667 5486 88 29 every

3393 5516 145 30 "'andnich
3559 5518 116 32 Intends
3808 5549 7 11 t
3924 5551 18 6 ..
3999 5527 39 30 4J

3387 5557 148 34 Canadian
3556 5561 176 32 Dominion-
3925 5596 18 5 ..
4001 5572 38 30 (5i

3389 5600 108 35 Brit'sh
3518 5606 159 32 Columbia
3799 5637 16 12 ~
3999 5617 37 29 (3d

3389 5646 82 30 West
3489 5648 104 30 Indies
3998 5662 38 16 <m
