3510 4620
1755 4082 83 19 The
1866 4082 166 19 Oxford
2060 4082 250 19 Observer.

1755 4101 293 52 PUBLISHED
2081 4101 229 52 WEEKLY.

1779 4153 163 23 SATURDAY
1978 4154 180 22 SEPTEMBER
2174 4157 60 24 26th,
2258 4157 52 21 1896

1794 4263 186 42 KAIAPOI
2005 4265 294 34 ELECTORATE.

1792 4379 3 3 .
1820 4344 214 48 Alterationpf
2047 4348 164 43 boundary;
2211 4367 38 5 —
2249 4349 63 33 The

1779 4389 91 30 latest
1883 4382 199 39 information
2100 4398 47 23 on'
2164 4387 96 46 going
2281 4399 31 24 to

1780 4438 88 32 press
1882 4440 46 21 we
1945 4430 80 33 have
2048 4442 42 21 on
2111 4430 64 33 this
2194 4433 118 42 subject

1780 4472 37 37 is,
1844 4471 79 39 that,
1958 4473 89 31 there
2074 4473 28 31 is
2122 4484 41 21 no
2190 4473 122 34 definite

1780 4512 200 38 information
2001 4525 34 22 as
2064 4518 33 33 tQ
2111 4516 141 35 whether
2262 4517 50 36 the

2346 187 62 31 line
2443 191 94 28 starts
2572 193 33 26 at
2655 189 77 29 East
2761 189 97 32 Oxfor'

2345 228 140 40 Railway
2513 230 130 35 Station,
2679 240 35 20 or
2749 240 74 20 near
2844 233 14 28 it

2344 280 38 20 an
2385 271 20 34 (J
2419 271 81 30 from
2521 271 111 32 thence
2657 274 33 27 to
2704 271 154 33 •.Bennett'

2343 310 157 37 Junction,
2522 315 33 26 to
2585 303 197 41 Sumrnerhiil
2802 314 42 39 by
2857 325 2 18 j

2343 353 167 30 somewhat
2521 382 2 3 .
2533 354 126 40 zig-zag,
2680 354 76 30 road
2770 357 33 28 to
2818 356 40 29 the

2338 388 120 44 'Ashley
2470 394 54 29 Hi
2526 405 53 18 ver
2582 418 32 12 v
2723 411 10 16 :,
2789 397 69 30 '.'•■■■•.•

2422 532 69 25 OLD
2516 533 68 25 AGE
2610 534 175 27 PENSIONS.

2518 583 167 26 Contributed.

2370 648 52 25 The
2434 649 47 24 Old
2494 651 50 30 Ago
2555 651 121 24 Pensions
2688 651 51 25 Bill
2752 660 46 17 was
2807 660 59 17 con-

2337 690 90 25 sidered
2446 691 28 24 m
2486 691 148 26 Committee
2650 693 31 31 by
2697 703 15 16 a
2723 694 46 25 full
2782 695 84 24 House

2334 742 32 17 on
2378 734 129 32 Thursday
2529 736 112 32 evening,
2663 737 150 34 thoroughly
2826 739 38 24 in-

2333 778 53 23 tent
2399 785 33 17 on
2449 778 102 33 making
2562 780 48 24 this
2630 788 109 18 measure
2751 782 26 24 of
2787 782 75 24 social

2332 821 91 23 reform
2441 830 26 16 as
2488 824 92 29 perfect
2599 832 27 16 as
2643 824 115 31 possible.
2812 825 51 23 The

2331 865 117 30 proposal-
2456 874 45 15 was
2516 866 85 32 briefly
2614 869 24 22 to
2658 868 99 31 provide
2777 877 15 15 a
2803 876 58 23 pen-

2332 907 54 25 sion
2398 908 27 25 of
2434 909 51 24 10s.
2499 917 42 23 pei*
2553 910 65 24 week
2638 912 38 23 for
2698 911 34 24 all
2755 919 101 23 persons

2331 958 58 17 over
2399 952 43 23 the
2461 959 44 24 age
2529 953 27 23 of
2580 954 29 23 05
2633 962 78 23 years,
2731 955 55 24 who
2805 954 50 25 had

2330 995 94 24 resided
2445 996 32 24 20
2488 1003 70 23 years
2577 997 25 24 m
2624 997 42 25 the
2689 997 101 32 Colony,
2812 999 47 23 and

2330 1037 55 26 who
2404 1037 51 25 had
2474 1041 45 22 not
2543 1047 67 17 more
2630 1041 62 24 than
2712 1041 55 25 £50
2778 1051 13 14 a
2803 1050 57 23 year

2329 1081 97 25 income
2454 1083 121 24 exclusive
2604 1083 27 24 of
2657 1084 63 25 their

2330 1125 124 31 earnings.

2361 1168 75 26 From
2449 1169 42 25 the
2503 1169 55 25 first
2569 1170 21 24 it
2610 1178 50 17 was
2683 1179 54 17 seen
2750 1171 55 25 that
2817 1171 42 25 the

2328 1211 84 25 House
2434 1213 85 24 would'
2537 1216 44 21 not
2604 1222 71 22 agree
2693 1216 26 23 to
2742 1215 40 24 the
2805 1223 53 23 pro-

2328 1256 70 29 posal
2418 1256 39 23 for
2474 1256 43 24 the
2541 1264 88 17 reason
2652 1258 55 23 that
2729 1259 19 23 ifc
2774 1266 50 16 was
2843 1266 15 15 a

2328 1298 103 30 pension
2448 1298 38 25 for
2504 1299 114 31 indigent
2639 1300 40 24 old
2699 1300 92 31 people,
2814 1302 45 22 not

2328 1341 38 24 for
2387 1341 35 24 all
2439 1349 108 24 persons,
2582 1343 50 24 and
2649 1343 60 25 thus
2735 1343 120 26 savoured

2328 1393 69 17 more
2408 1385 28 25 of
2443 1394 31 16 an
2484 1387 127 24 extension
2625 1387 27 24 of
2657 1395 44 17 our
2713 1387 144 25 Charitable

2330 1428 45 25 Aid
2392 1430 92 30 system
2506 1430 48 24 and
2576 1430 103 32 directly
2704 1430 107 32 opposed
2833 1432 27 23 to

2329 1471 43 25 the
2383 1472 99 24 scheme
2493 1473 26 24 of
2528 1473 97 25 various
2650 1474 98 28 Assos.,
2766 1482 46 16 one
2831 1474 28 24 m

2330 1514 177 26 Christchurch
2519 1517 94 31 stating
2625 1517 56 24 that
2697 1524 50 25 any
2757 1512 109 37 pension'

2330 1559 38 23 for
2378 1557 42 25 old
2440 1566 45 25 age
2505 1560 103 30 granted
2624 1562 69 22 must
2718 1559 30 25 be
2767 1560 39 24 for
2817 1559 43 27 alt

2331 1603 74 24 Some
2432 1603 124 25 members
2579 1604 26 24 of
2625 1605 44 23 the
2691 1603 86 25 House
2796 1611 61 17 were

2330 1647 109 31 strongly
2462 1646 28 25 m
2501 1646 88 25 favour
2612 1647 26 25 of
2646 1647 130 31 including
2787 1647 73 25 those

2329 1690 173 33 permanently
2514 1690 112 26 disabled
2634 1690 50 26 and
2694 1690 99 26 widows
2801 1691 59 25 with

2329 1733 88 33 family
2427 1734 51 24 and
2500 1735 140 31 dependent
2664 1742 32 17 on
2706 1735 76 28 them,
2811 1733 46 26 but

2330 1777 43 24 the
2384 1777 90 24 crucial
2499 1778 105 24 division
2626 1785 69 18 came
2717 1778 73 25 when
2812 1778 43 24 the

2330 1820 82 25 clause
2424 1820 99 32 making
2545 1822 44 23 the
2610 1820 104 31 pension
2737 1820 59 32 only
2814 1820 42 25 ob-

2330 1863 106 25 tainable
2448 1863 31 33 by
2502 1863 70 25 those
2592 1864 123 31 receiving
2736 1864 50 24 less
2797 1860 63 28 than

2330 1909 50 24 £50
2403 1917 13 15 a
2436 1916 57 24 year
2518 1916 51 17 was
2589 1907 85 26 struck
2702 1909 52 24 out.
2805 1907 53 26 The

2329 1952 109 25 Premier
2460 1955 26 22 at
2514 1959 61 18 once
2598 1952 81 25 stated
2700 1952 56 25 that
2777 1952 33 25 he
2832 1959 27 18 as

2330 1996 115 24 Colonial
2456 1996 133 24 Treasurer
2599 1996 75 24 could
2695 1998 45 22 not
2750 1996 53 24 find
2815 1996 44 24 the

2330 2047 90 24 money
2431 2039 36 25 for
2486 2039 43 25 the
2551 2047 107 24 purpose
2669 2039 27 25 of
2712 2039 148 32 pensioning

2330 2084 40 30 all,
2389 2083 48 24 and
2448 2084 176 32 consequently
2635 2084 43 24 the
2688 2082 114 33 proposal
2820 2083 39 24 for

2330 2127 42 25 the
2393 2129 99 28 present
2514 2130 67 22 must
2603 2127 59 32 drop
2682 2127 116 31 through,
2827 2135 33 16 no

2331 2170 74 24 doubt
2416 2172 26 22 to
2460 2178 70 16 come
2540 2179 33 22 up
2592 2171 74 30 again
2685 2172 61 22 next
2756 2170 102 24 session

2331 2213 27 25 of
2367 2213 159 25 Parliament.

2363 2256 31 25 In
2403 2257 155 31 considering
2568 2256 51 25 this
2636 2257 114 31 question
2760 2256 66 25 from
2846 2264 15 16 a

2330 2300 116 31 practical
2457 2300 69 30 point
2543 2299 27 26 of
2585 2299 70 30 view,
2667 2300 21 25 it
2706 2300 22 25 is
2740 2299 122 26 desirable

2330 2346 26 20 to
2375 2342 56 24 deal
2441 2342 59 24 with
2512 2342 42 24 the
2576 2342 114 31 question
2701 2349 28 17 as
2739 2342 21 24 it
2772 2342 87 24 affects

2330 2385 72 26 these
2426 2386 101 26 nations
2547 2393 33 18 on
2607 2386 45 25 the
2679 2385 135 26 Continent
2839 2385 27 25 of

2331 2429 108 32 Europe,
2452 2429 56 26 who
2521 2429 63 25 have
2595 2429 105 32 adopted
2723 2429 78 25 either
2812 2429 51 26 vol-
2878 2436 1 26 j

2331 2475 88 30 untary
2429 2481 28 17 or
2469 2473 155 32 compulsory
2643 2473 43 25 old
2697 2481 45 24 age
2761 2473 104 33 pension

2330 2517 155 24 insurances.

2365 2559 47 25 Old
2423 2560 53 31 Age
2493 2560 108 25 Pension
2620 2561 126 30 proposals
2769 2567 41 17 are
2830 2560 33 30 by

2331 2611 34 17 no
2390 2610 86 17 means
2497 2610 64 22 new,
2585 2603 50 24 and
2652 2603 56 24 date
2733 2603 66 24 from
2821 2603 43 25 the

2333 2646 69 26 18th.
2423 2648 110 30 century.
2574 2646 95 25 France
2689 2647 39 24 for
2750 2646 115 25 instance

2331 2689 46 26 has
2388 2698 15 16 a
2415 2690 99 24 scheme
2526 2690 26 24 of
2562 2690 60 24 Post
2646 2690 75 24 Office
2732 2690 132 24 insurance

2331 2734 99 32 against
2441 2733 40 25 old
2493 2741 45 24 age
2556 2733 37 25 for
2603 2734 137 28 workmen,
2752 2733 46 25 but
2808 2733 21 25 it
2840 2734 22 24 is

2331 2784 59 24 very
2405 2777 67 24 little
2493 2777 75 24 taken
2591 2777 137 31 advantage
2739 2777 33 24 of.
2806 2777 56 24 The

2331 2821 100 25 scheme
2449 2820 22 25 is
2494 2819 98 26 worked
2602 2819 32 33 by
2654 2820 102 32 affixing
2768 2822 95 30 stamps

2331 2866 27 24 to
2368 2873 16 16 a
2395 2865 69 25 sheet
2476 2873 33 15 on
2519 2872 47 24 pay
2578 2865 56 31 day,
2646 2864 49 25 and
2707 2865 103 31 passing
2821 2864 42 24 the

2331 2908 70 25 sheet
2412 2916 57 17 over
2479 2909 26 24 to
2527 2907 45 25 the
2592 2907 88 25 Postal
2701 2907 161 32 Department

2330 2951 73 25 when
2413 2951 54 24 full.
2482 2967 6 10 =.
2512 2950 54 25 The
2589 2950 102 25 number
2710 2950 100 25 insured
2820 2958 42 16 are

2330 2993 55 30 few,
2398 2993 49 25 and
2464 2994 43 24 the
2530 2995 110 30 average'
2649 2993 104 32 pension
2775 2993 57 32 paid
2844 2994 20 24 is

2331 3036 58 33 only
2401 3038 37 24 Is.
2451 3036 39 25 9d.
2502 3045 43 24 per
2556 3036 76 26 week.
2662 3031 61 31 This
2732 3036 129 33 obviously

2331 3080 58 25 does
2399 3082 46 24 hot
2467 3082 67 23 meet
2559 3081 119 25 France's
2700 3082 101 30 present
2817 3080 47 32 day

2330 3124 185 32 requirements,
2533 3124 51 25 and
2608 3124 124 26 Constans
2753 3124 27 25 m
2801 3125 63 24 1891

2331 3167 72 24 made
2431 3175 15 16 a
2467 3167 117 31 proposal
2601 3168 55 24 that
2676 3168 42 25 the
2740 3167 125 28 workmen

2332 3210 91 26 should
2433 3219 46 23 pay
2489 3219 15 17 a
2516 3211 41 25 Id.
2569 3218 16 17 a
2602 3211 48 32 day
2672 3212 65 24 from
2760 3211 43 26 the
2821 3219 45 24 age

2332 3255 26 25 of
2368 3255 32 25 25
2420 3255 27 24 to
2459 3256 31 24 55
2502 3255 51 25 and
2572 3255 43 25 the
2636 3256 127 31 employer
2787 3255 52 26 also
2852 3262 15 18 a

2333 3306 89 24 penny,
2439 3297 75 26 -while
2533 3298 44 24 the
2589 3297 72 26 State
2683 3298 90 25 should
2785 3299 78 24 subsi-

2332 3342 53 25 dise
2395 3341 44 26 the
2457 3342 42 25 2d.
2522 3342 26 25 to
2570 3342 45 25 the
2627 3344 105 23 amount
2754 3342 27 25 of
2801 3344 62 23 two-

2332 3386 89 30 thirds,
2447 3386 59 25 thus
2532 3386 85 31 giving
2638 3386 44 25 the
2704 3386 127 26 workman
2853 3395 16 17 a

2332 3429 106 33 pension
2462 3432 27 24 at
2511 3429 44 26 the
2580 3437 46 23 a?e
2648 3430 26 26 of
2693 3431 32 25 56
2745 3430 27 26 of
2780 3438 15 17 a
2814 3438 55 18 sum

2333 3473 75 26 based
2420 3482 32 17 on
2464 3483 14 16 a
2498 3474 91 32 capital
2608 3482 57 17 sum
2676 3475 27 25 of
2712 3476 35 30 8£
2757 3476 73 25 times
2841 3483 29 18 as

2334 3518 76 25 much
2421 3526 27 17 as
2466 3518 33 25 he
2518 3518 58 32 paid
2594 3518 29 26 m
2633 3526 6 17 :
2664 3527 28 17 or
2702 3520 52 24 £24
2772 3527 45 24 per
2827 3527 42 16 an-

2333 3569 63 17 num
2408 3565 26 21 at
2445 3562 43 25 the
2499 3570 43 23 age
2554 3562 27 24 of
2591 3564 40 23 56.

2371 3604 61 25 This
2449 3605 22 24 is
2490 3605 145 33 practically
2646 3605 43 25 the
2707 3605 99 24 scheme
2817 3612 54 24 pro-

2336 3648 76 32 posed
2422 3647 34 35 by
2464 3647 44 27 the
2517 3649 67 25 Hon.
2594 3648 96 32 Joseph
2697 3647 174 26 Chamberlain

2335 3693 28 24 m
2374 3692 126 32 England.

2370 3736 104 26 Cannon
2485 3735 111 32 Blackey
2619 3737 45 23 lias
2676 3735 54 25 also
2751 3735 121 32 proposed

2337 3788 15 17 a
2363 3779 101 26 scheme
2475 3778 80 26 which
2574 3779 112 32 provides
2706 3779 55 25 that
2780 3778 23 25 if
2819 3779 53 25 £10

2337 3824 22 25 is
2370 3823 58 32 paid
2447 3823 27 24 m
2499 3823 34 31 by
2554 3822 129 25 workmen
2704 3822 112 26 between
2827 3823 44 24 the

2337 3875 58 24 ages
2413 3866 28 25 of
2451 3868 32 24 18
2494 3866 50 24 and
2554 3867 32 23 21
2605 3865 33 25 he
2649 3865 66 25 shall
2725 3865 31 25 be
2766 3865 104 25 entitled

2337 3913 38 24 Bs.
2396 3919 16 17 a
2436 3910 68 26 week
2523 3917 106 26 superan
2639 3910 87 25 nation
2745 3911 63 25 after
2829 3910 44 25 the

2338 3962 45 24 age
2394 3955 27 25 of
2432 3955 41 26 70.

2372 3997 53 26 The
2437 3997 136 32 objections
2584 3997 27 25 to
2621 3997 133 33 voluntary
2761 3997 112 26 schemes

2338 4049 41 17 are
2390 4041 56 25 that
2465 4041 67 30 they,
2534 4048 41 18 are
2595 4040 111 34 strongly
2728 4040 109 33 opposed
2847 4042 27 24 to

2338 4085 118 31 Friendly
2469 4084 121 26 Societies,
2598 4084 57 25 who
2678 4084 31 25 do
2728 4084 66 25 their
2805 4084 68 25 cleri-

2340 4127 38 26 cal
2389 4127 68 26 work
2468 4126 185 32 economically,
2670 4127 50 24 and
2739 4134 41 17 are
2791 4127 82 24 there-

2339 4170 52 25 fore
2415 4169 54 26 able
2495 4171 26 24 to
2540 4169 55 32 give
2612 4177 27 18 as
2650 4169 64 32 good
2732 4169 92 25 results
2846 4176 28 18 as

2340 4221 49 24 any
2400 4214 65 24 state
2476 4212 100 26 scheme
2587 4212 74 26 could
2679 4212 74 26 do.—
2753 4211 69 33 They
2833 4219 42 18 are

2340 4264 59 25 very
2427 4256 140 33 unpopular
2594 4256 61 26 with
2680 4256 44 26 the
2751 4256 125 34 unthrifty

2341 4297 163 30 wbrkerwho
2514 4300 59 26 does
2581 4302 46 24 not
2638 4300 91 26 believe
2739 4300 28 25 m
2779 4301 97 31 casting

2341 4344 41 26 his
2392 4344 78 26 bread
2480 4351 34 20 on
2525 4345 42 26 the
2578 4345 88 26 waters
2685 4344 27 27 to
2723 4344 52 26 find
2786 4345 20 25 it
2815 4344 63 27 after

2342 4395 76 26 many
2441 4388 69 31 days,
2539 4388 51 26 and
2599 4388 56 26 who
2672 4388 24 26 is
2706 4397 19 19 a.
2740 4389 138 34 stripiig.be-
2885 4398 4 19 ;

2343 4421 78 42 lieyer
2428 4431 29 25 m
2467 4432 100 33 present
2577 4431 101 30 benefit,

2344 4469 11 30 !'
2378 4474 162 34 Compulsory
2565 4475 72 28 State
2657 4475 80 28 Aided
2757 4476 48 27 Old
2827 4477 53 35 Age

2469 4519 119 29 Schemes

2862 201 16 19 U
2913 208 4 6 '
2993 210 109 18 CONSISTS
3121 212 30 17 OF
3172 213 52 17 TWO
3248 212 106 20 CLASSES.
3397 212 4 3 '

2862 252 15 15 >>
2911 243 73 31 First,
3013 248 153 32 compulsory
3187 248 167 26 contribution
3377 250 62 24 from

2905 283 128 35 .wofjkmen
3043 291 50 24 and
3111 294 123 30 employer
3249 292 50 24 and
3310 301 15 18 a
3337 292 101 32 subsidy

2862 325 106 32 *''ffom
2980 332 43 33 the.
3036 333 78 30 State,
3127 336 49 25 and
3194 336 113 32 secondly
3319 337 43 25 the
3373 337 63 26 fund

2863 377 8 8 '
2876 377 10 14 ;i
2899 375 95 32 %holly
3010 379 118 29 provided
3144 379 30 32 by
3194 381 98 30 general
3304 377 129 33 Taxation,

2904 418 49 24 and
2965 419 80 25 .'these
3057 428 57 24 may
3135 422 31 25 be
3182 423 142 25 illustrated
3347 424 32 31 by
3390 424 43 25 the

2864 480 7 3 .
2904 461 57 31 only
2973 464 49 22 two
3045 464 109 25 schemes
3178 466 108 33 actually
3316 467 28 24 m
3366 467 66 25 force

2903 518 32 4 —
2936 504 53 26 The
3006 505 110 27 German
3135 509 50 24 and
3201 509 98 26 Danish
3316 513 114 29 systems.

2902 548 31 24 In
2946 550 62 24 1883
3034 551 49 24 and
3109 554 63 23 1884
3190 553 123 33 Germany
3334 558 46 28 put
3401 555 28 24 m

2900 592 65 25 force
2977 596 45 23 not
3041 596 58 32 only
3121 604 33 17 an
3177 596 47 26 Old
3246 598 51 31 Age
3320 598 106 25 Pension

2900 636 106 30 scheme,
3036 638 44 26 but
3101 640 52 24 also
3174 641 133 25 iosurance
3328 642 98 31 against

2899 678 107 26 sickness
3019 682 48 24 and
3086 683 119 25 accident.
3240 683 41 26 All
3301 685 125 24 workmen

2898 725 66 22 must
2975 724 146 31 contribute,
3139 726 70 25 there
3226 734 42 18 are
3279 728 70 25 three
3360 729 64 24 clas-

2896 774 38 17 ses
2944 767 27 24 of
2979 769 121 30 pensions,
3118 769 45 26 but
3175 770 117 33 speaking
3299 771 125 32 generally

2895 808 42 26 the
2963 810 125 26 workman
3110 812 152 26 contributes
3284 814 138 25 two-thirds

2893 852 28 24 of
2933 853 43 25 the
2987 855 176 31 contribution,
3179 857 50 24 and
3240 856 43 26 the
3302 857 120 32 employer

2893 897 131 31 one-third,
3037 899 50 24 and
3103 901 39 23 tbe
3156 900 70 25 State
3237 900 133 26 subsidises
3381 900 41 26 the

2893 943 102 22 amount
3006 941 32 32 by
3051 943 37 24 £2
3101 945 53 23 10s.
3165 951 45 24 per
3220 952 102 17 annum.
3368 945 53 25 The

2892 983 101 34 annuity
3004 993 153 18 commences
3175 988 27 24 at
3214 988 40 28 70,
3274 987 45 26 but
3330 988 21 25 is
3362 996 57 18 nec-

2891 1028 102 32 essarily
3010 1037 57 24 very
3087 1030 73 26 small
3181 1031 38 25 for
3230 1032 15 24 3
3264 1031 64 26 class
3339 1032 80 25 which

2890 1071 21 24 is
2923 1071 34 24 all
2968 1072 42 24 the
3025 1073 123 26 workmen
3160 1075 26 23 m
3205 1082 76 25 many
3292 1083 67 18 cases
3371 1084 47 17 can

2890 1114 76 25 afford
2968 1130 31 4 —
3001 1113 134 35 objections
3157 1120 27 23 to
3203 1117 51 26 this
3277 1118 98 26 scheme
3397 1120 21 24 is

2890 1157 54 25 that
2954 1157 20 26 it
2984 1158 23 25 is
3026 1167 59 25 very
3107 1161 138 32 unpopular
3256 1162 62 24 with
3340 1162 77 25 work-

2889 1209 65 21 men,
2966 1203 70 25 takes
3048 1211 14 17 a
3074 1204 79 25 whole
3165 1212 70 25 army
3252 1205 27 25 of
3297 1206 84 25 fiscals
3392 1208 26 23 to
3432 1224 3 4 .

2889 1244 146 27 administer
3053 1246 29 31 it,
3100 1248 49 24 and
3171 1249 21 23 it
3209 1249 24 24 is
3252 1250 42 30 yet
3305 1251 41 22 too
3358 1257 60 18 soon

2890 1290 25 21 to
2932 1296 137 23 pronounce
3092 1297 33 18 an
3147 1291 101 31 opinion
3267 1291 112 26 whether
3399 1294 20 24 it

2890 1330 48 24 will
2949 1329 30 26 be
2989 1338 16 17 a
3021 1339 97 18 succesg
3129 1340 29 17 or
3167 1335 53 23 not.

2890 1381 49 17 THE
2950 1382 117 18 DENMARK
3080 1383 94 18 SCHEME
3186 1384 55 18 NOW
3248 1386 26 16 IN
3286 1385 133 19 OPERATION

2923 1418 52 24 The
2986 1418 74 26 funds
3080 1428 40 17 are
3138 1421 114 31 provided
3264 1421 32 32 by
3307 1429 15 16 a
3333 1425 42 22 tax
3387 1430 33 17 on

2890 1461 68 31 lager
2979 1461 57 26 beer
3064 1464 144 32 amounting
3235 1466 27 24 to
3284 1466 136 28 £111,000.

2892 1504 52 25 The
2970 1506 63 24 local
3058 1506 149 29 authorities,
3235 1508 138 25 contribute
3406 1517 14 15 a

2892 1548 94 26 similar
3013 1553 111 22 amount.
3168 1550 52 26 The
3245 1551 105 32 pension
3376 1559 45 24 age

2892 1593 74 23 starts
2986 1594 26 24 at
3022 1595 41 27 60,
3083 1593 49 25 and
3151 1594 43 25 the
3207 1597 104 23 amount
3328 1594 23 27 is
3363 1595 55 25 £11

2892 1637 36 23 ss.
2940 1644 44 23 per
2994 1645 94 16 annum
3099 1637 38 26 for
3147 1647 65 21 men,
3225 1639 51 24 and
3287 1640 35 23 £8
3334 1640 36 24 Bs.
3382 1638 38 27 for

2892 1687 101 18 women.
3027 1680 22 25 A
3061 1681 144 32 peculiarity
3221 1682 26 24 m
3259 1681 50 26 this
3321 1682 98 26 scheme

2890 1723 20 24 is
2930 1723 54 25 that
3003 1724 20 25 it
3046 1724 59 25 tries
3125 1728 26 22 to
3174 1725 75 25 foster
3271 1725 73 26 thrift
3370 1725 50 25 and

2891 1767 138 32 struggling
3040 1776 32 16 on
3090 1769 30 30 by
3142 1769 128 31 providing
3291 1770 57 23 that
3358 1776 61 24 pau-

2891 1817 55 23 pers
2962 1809 79 26 before
3053 1811 42 24 the
3107 1819 44 23 age
3163 1812 27 23 of
3199 1813 32 24 60
3242 1819 42 18 are
3304 1812 115 32 disquali-

2890 1852 47 25 fied
2949 1852 63 26 from
3022 1854 123 32 receiving
3155 1854 43 25 the
3207 1855 112 32 pension.

2882 1919 8 12 4
2923 1896 78 26 There
3012 1905 41 17 are
3069 1898 69 25 other
3158 1898 128 32 proposals
3309 1898 38 26 for
3370 1897 49 27 Old

2891 1940 51 32 Age
2953 1940 119 26 Pensions
3092 1943 54 23 that
3163 1941 82 33 might
3266 1943 26 23 be
3311 1941 108 26 referred

2892 1987 32 27 to,
2942 1984 102 32 notably
3055 1985 112 29 Booth's,
3184 1986 60 24 who:
3261 1991 114 26 proposes
3393 1985 27 24 ia

2890 2027 116 32 England
3033 2028 98 31 general
3157 2028 123 25 Taxation
3290 2028 37 24 for
3344 2028 76 24 funds

2890 2071 50 25 and
2952 2073 35 23 ss.
3000 2079 15 17 a
3026 2072 67 24 week
3109 2072 38 24 for
3164 2073 43 27 all,
3219 2073 43 24 but
3274 2072 27 26 sd
3319 2072 38 26 far
3374 2079 43 17 no-

2891 2115 72 31 thing
2973 2115 46 25 has
3031 2115 60 25 been
3102 2115 63 25 done
3176 2115 26 25 In
3210 2115 125 32 England.

2925 2159 33 24 Of
2982 2159 42 25 the
3060 2159 117 26 Schemes
3203 2158 142 26 mentioned
3376 2158 43 25 the

2892 2202 96 25 Danish
3017 2209 78 18 seems
3122 2203 26 24 to
3172 2201 30 26 be
3223 2202 42 26 the
3287 2209 47 19 one
3355 2202 66 26 most

2882 2244 91 27 'suited
2990 2247 26 24 to
3036 2246 31 25 N.
3088 2246 39 31 Z.,
3155 2246 20 24 if
3196 2246 42 24 the
3266 2245 102 26 amount
3395 2244 34 26 of'

2892 2290 103 31 pension
3017 2297 50 17 was
3085 2289 134 24 increased.
3260 2288 54 25 The
3339 2288 80 32 objec-

2892 2333 66 24 tions
2968 2334 26 23 to
3002 2332 21 24 it
3032 2340 41 17 are
3084 2332 55 24 that
3149 2333 21 24 it
3177 2332 154 31 discourages
3338 2330 79 33 thrift,

2893 2383 32 17 on
2937 2375 40 25 the
2987 2375 72 25 other
3080 2374 67 26 hand
3165 2374 21 25 it
3207 2374 21 25 is
3252 2374 92 33 simple,
3370 2373 52 26 and

2894 2418 69 26 there
2973 2419 21 24 is
3007 2427 31 17 no
3049 2418 122 31 suspicion
3188 2418 27 25 of
3232 2418 96 32 charity
3346 2425 29 17 as
3386 2416 35 26 all

2894 2471 42 16 are
2947 2463 93 24 treated
3048 2462 72 25 alike.
3154 2461 53 26 The
3217 2461 115 33 proposal
3341 2460 80 26 before

2895 2506 43 25 the
2961 2505 31 26 N.
3015 2506 30 25 Z.
3067 2505 153 26 Parliament
3247 2512 80 18 seems
3344 2506 26 23 to
3391 2504 30 25 be

2895 2549 106 26 founded
3012 2557 33 17 on
3066 2549 29 30 it,
3114 2550 46 24 but
3179 2548 82 25 differs
3283 2548 139 31 materially

2895 2594 82 24 where
2997 2593 22 25 it
3040 2600 114 25 proposes
3176 2594 26 23 to
3226 2592 98 25 restrict
3351 2592 21 24 it
3394 2595 27 20 to

2895 2636 71 26 those
2991 2636 108 32 actually
3127 2635 27 26 m
3175 2637 75 29 want,
3280 2635 49 26 and
3344 2635 80 28 hence

2894 2688 102 18 savours
3022 2680 27 25 of
3076 2687 31 17 an
3134 2679 126 32 improved
3285 2678 139 29 charitable

2893 2726 40 24 aid
2944 2727 109 30 system,,
3061 2722 83 27 which
3165 2722 47 26 has
3230 2722 64 26 been
3305 2722 119 32 carefully

2893 2768 102 26 avoided
3011 2768 28 24 m
3060 2767 43 25 the
3124 2766 97 26 Danish
3241 2766 112 26 Scheme.
3398 2766 26 25 It

2893 2811 52 26 will
2963 2811 31 26 be
3005 2809 148 27 understood
3172 2809 55 25 that
3238 2810 21 24 it
3276 2809 23 25 is
3319 2809 105 32 imprac-

2893 2855 90 26 ticable
2994 2856 26 25 to
3040 2855 75 31 adopt
3127 2855 41 24 the
3180 2853 111 26 German*
3314 2854 112 32 compul-

2893 2908 55 22 sory
2991 2898 167 26 contribution
3192 2900 93 30 system
3310 2898 28 24 m
3367 2898 61 25 New

2895 2942 117 31 Zealand,
3038 2950 28 18 as
3076 2942 145 25 deductions
3238 2942 28 24 m
3285 2949 81 24 wages
3378 2949 48 18 can

2894 2987 59 31 only
2963 2986 32 25 be
3013 2985 173 32 satisfactorily
3199 2985 68 24 'done
3286 2985 28 24 m
3333 2992 33 17 an
3386 2985 38 24 in-

2895 3029 106 26 dustrial
3026 3028 169 33 community/
3224 3028 49 26 and
3292 3028 83 25 would
3398 3028 30 25 be

2895 3082 58 25 very
2968 3074 77 25 much
3057 3075 43 23 out
3111 3073 27 24 of
3145 3073 70 30 place
3233 3073 27 24 m
3278 3080 34 17 an
3323 3072 106 32 agricul-

2896 3119 67 24 tural
2969 3119 105 30 country
3085 3116 50 25 like
3143 3116 58 26 New
3214 3115 118 26 Zealand.

2930 3161 52 25 The
2993 3161 120 32 practical
3120 3159 140 26 difficulties
3271 3160 29 24 m
3311 3159 120 31 adopting

2897 3213 33 17 an
2941 3204 42 26 old
3003 3213 45 24 age
3059 3204 106 32 pension
3189 3203 101 26 scheme
3314 3202 29 25 m
3368 3202 63 26 New

2883 3271 1 13 ,
2898 3249 110 26 Zealand
3019 3257 41 17 are
3080 3248 57 26 that
3156 3248 21 25 it
3197 3255 79 18 seems
3287 3248 91 24 almost
3389 3246 44 26 the

2896 3293 139 31 proverbial
3052 3293 49 24 last
3124 3293 74 24 straw
3215 3294 27 22 to
3252 3295 47 28 put
3310 3291 123 32 anything

2898 3345 33 18 on
2942 3336 42 27 the
2996 3338 111 24 customs
3119 3335 81 26 duties
3212 3335 50 25 and
3271 3335 70 26 other
3350 3334 83 26 modes

2899 3382 27 26 of
2934 3382 113 24 taxation

2899 3434 47 16 ARE
2953 3432 102 18 LIMITED
3063 3432 30 16 TO
3099 3431 48 17 THE
3154 3430 66 16 LAND
3226 3430 51 16 AND
3285 3430 91 16 INCOME
3386 3430 48 18 TAX

2900 3469 73 26 while
2985 3471 26 22 at
3022 3467 43 25 the
3087 3474 66 17 same
3177 3466 61 24 time
3258 3473 34 17 no
3314 3465 119 25 informa-

2901 3514 53 24 tion
2965 3519 46 17 can
3026 3510 29 25 be
3067 3509 116 26 obtained
3206 3517 27 16 a»s
3245 3511 26 23 to
3288 3509 56 24 how
3355 3517 78 23 many

2900 3563 101 25 persona
3021 3554 71 25 there
3102 3561 42 17 are
3154 3561 58 17 over
3222 3554 33 24 65
3266 3561 73 22 years
3351 3553 27 25 of
3387 3561 45 23 age

2901 3599 56 24 who
2974 3598 62 25 have
3055 3597 65 24 lived
3139 3597 28 23 m
3182 3596 43 24 the
3245 3600 88 27 colony
3351 3596 38 24 for
3400 3597 33 24 20

2900 3650 79 25 years.
3067 3664 3 6 ,

2933 3686 23 24 A
2966 3684 127 26 universal
3102 3683 103 33 pension
3216 3683 27 26 of
3253 3684 52 24 10s.
3314 3691 43 24 per
3366 3683 67 26 week

2899 3730 38 24 for
2947 3728 35 26 all
2991 3728 23 25 is
3026 3736 14 16 a
3051 3727 200 25 consummation
3272 3727 115 32 devoutly
3399 3732 25 20 to

2900 3773 31 25 be
2942 3771 103 29 wished,
3057 3771 45 25 but
3113 3770 147 26 meanwhile
3271 3771 52 25 ibis
3334 3771 99 25 evident

2900 3817 57 25 that
2967 3824 36 17 we
3013 3813 69 27 must
3093 3818 42 22 cut
3158 3823 45 17 our
3225 3817 56 23 coat
3304 3815 131 33 according

2901 3863 27 23 to
2949 3867 45 17 our
3016 3858 78 27 cloth,
3130 3858 94 26 Within
3254 3858 119 26 tha'n.xt
3401 3860 34 26 20

2901 3912 71 25 years
2982 3903 42 26 old
3034 3902 86 33 people
3139 3904 33 24 20
3191 3911 70 24 years
3282 3904 25 24 m
3328 3904 44 24 the
3383 3902 50 27 col-

2902 3957 47 21 ony
2961 3951 69 22 must
3040 3949 81 31 pretty
3132 3949 84 29 nearly
3234 3949 97 29 double,
3356 3948 80 25 which

2903 3991 82 26 would
2995 3991 94 31 require
3111 3998 16 17 a
3145 3990 94 25 million
3270 3996 24 19 to
3320 3991 114 31 pension,

2904 4034 73 26 while
2987 4041 46 18 our
3043 4033 111 26 taxation
3177 4039 91 19 eaunot
3280 4035 154 34 proportion-

2900 4078 53 32 ally
2966 4078 117 24 increase.

2901 4119 4 10 '
2937 4120 150 26 Meanwhile
3114 4128 36 18 we
3166 4114 60 32 'feel'
3243 4120 127 26 confident
3381 4123 55 26 that

2904 4165 106 24 another
3032 4159 98 30 'session
3153 4165 27 24 of
3201 4165 158 24 Parliament
3384 4166 53 25 will

2905 4207 81 25 throw
3001 4214 69 18 more
3080 4206 66 34 light
3154 4215 33 17 on
3200 4208 47 24 this
3269 4208 104 31 subject,
3391 4210 51 24 and

2906 4251 57 27 that
2972 4260 48 22 pur
3030 4252 72 33 aged,
3111 4251 51 27 and
3172 4252 78 32 needy
3260 4260 61 24 poor
3341 4252 27 26 of
3377 4253 65 33 good

2907 4296 128 26 character
3047 4296 53 27 will
3104 4292 46 33 i6.
3154 4297 96 34 longer^
3255 4296 30 26 be
3297 4297 144 28 considered

2896 4333 39 34 i!o
2945 4341 95 26 receive
3050 4349 18 18 a
3076 4335 215 40 .faujier'^dijieV"
3297 4349 23 12 >-•

1130 55 169 35 OXFORD
1357 59 230 33 OBSBRVJCR
1627 56 238 38 SATURDAY,
1930 55 254 36 SEPTEMBER
2208 71 2 23 :
2226 55 51 38 26,
2320 55 79 38 189£.

2947 4480 106 27 Custom
3062 4480 22 26 is
3096 4479 43 27 the
3154 4479 91 33 plague
3256 4480 26 24 of
3299 4480 57 25 wise
3374 4488 67 23 men,

2914 4524 50 28 and
2975 4524 45 29 the
3031 4524 51 27 idol
3088 4523 28 28 of
3124 4520 71 30 fools.

1922 199 126 23 DOUBLE
2069 199 111 23 WIDTH

1800 242 193 47 DEESS
2048 243 252 48 TWEEDS

1950 312 89 41 .(half
2053 314 96 40 price)

1797 361 119 29 Melton
2060 363 51 30 6d.
2128 362 100 30 worth
2244 361 59 41 10^

1783 406 116 31 Melton
1915 409 112 45 Tw.^ed
2041 411 45 30 Is.
2101 409 100 31 worth
2217 411 43 28 Is.
2274 410 36 29 6d

1795 459 101 30 better
1919 460 89 31 value
2032 460 76 31 than
2133 460 167 38 travelling

1797 541 3 4 .
1838 524 6 6 *
1857 514 124 40 drapers
1995 516 64 30 will
2074 516 70 40 giv^
2158 525 69 31 you.
2257 533 3 5 •

1793 566 206 57 ifititi
2004 587 5 10 1
2041 568 252 58 jAckets

1881 636 80 31 New
1982 637 78 30 This
2083 637 123 30 Season

1777 683 35 29 5s
1835 684 41 28 6d
1917 684 143 30 Reduced
2076 684 80 30 from
2213 685 54 29 12s
2289 686 18 28 6

1777 745 37 29 15
1838 745 40 30 6d
2002 770 18 12 „
2105 771 16 14 „
2212 747 53 29 20s
2288 747 18 29 0

1790 846 235 26 MANCHESTER
2043 847 245 29 DE?AETMENT.

1773 907 113 36 Prints,
1909 907 111 31 checks
2036 909 61 29 and
2119 909 113 39 stripes

1773 960 95 31 Table
1890 961 158 37 Damasks,
2072 961 190 31 unbleached
2262 978 38 6 —

1853 1012 113 40 special
1987 1014 92 30 value
2095 1011 81 33 from
2194 1012 43 41 1/-

1771 1068 115 30 Brown
1921 1068 136 30 Holland
2092 1079 78 29 very
2206 1069 96 39 cheap
2309 1062 2 40 j

1770 1119 189 30 Flannelette
1976 1121 59 28 and
2052 1119 149 40 Shirting,
2220 1121 80 38 good

1851 1172 89 30 value
1961 1171 79 31 from
2062 1173 50 29 4d.

1769 1222 94 30 Floor
1884 1222 89 31 Cloth
1995 1224 81 39 good
2098 1227 33 26 at
2153 1224 48 30 9d.

1768 1272 89 32 Wide
1878 1274 111 30 Forfar
2010 1278 33 26 at
2066 1275 48 30 6d.

1982 1340 5 4 .
1987 1333 66 18 —^»
2150 1339 16 6 _

1809 1382 116 31 BOY'S
1956 1382 303 31 DEPARTMENT.

1824 1471 80 46 \jngp
1951 1479 22 25 T
1987 1487 56 17 now
2052 1480 116 25 continue
2179 1483 25 21 to
2215 1481 87 24 devote

1803 1504 118 47 jt&gt^
1950 1504 23 40 A.
1999 1511 106 33 'Special
2123 1513 130 25 Attention
2276 1516 26 21 to

1785 1537 143 47 /\^^Mi
1947 1545 52 25 this
2014 1546 170 31 Department,
2196 1547 50 24 and
2264 1554 38 17 am

1772 1584 165 61 (^lfljffcf
1995 1605 72 22 NOW
2095 1605 153 23 OFFERING

1813 1664 47 38 /k
1887 1664 29 43 }?
1980 1683 2 7 '
2034 1681 101 21 LAEGE
2149 1683 74 21 LINE

1810 1738 38 40 W
1863 1738 38 40 W
2004 1757 140 22 KNICKER
2164 1758 84 21 SUITS

1815 1779 29 36 W
1858 1783 119 45 JyHrat
1991 1793 40 20 the
2049 1791 116 28 following
2179 1792 124 21 SPECIAL

1951 1828 106 22 PEICES
2067 1838 35 12 :—

1827 1871 32 21 To
1867 1871 30 22 fit
1904 1872 61 27 Boys
1973 1874 14 19 3
1996 1872 71 21 Tears
2078 1872 35 27 5/6
2142 1873 12 20 5
2164 1871 72 23 Tears
2251 1873 35 26 5/6

1984 1907 15 22 7
2009 1907 71 21 Tears
2090 1907 36 21 5/6
2144 1908 14 20 9
2168 1907 71 21 Tears
2253 1907 36 28 5/6

1802 1961 32 25 E.
1851 1961 36 25 H.
1905 1961 88 26 Parish
2010 1969 50 18 was
2078 1962 41 25 the
2135 1965 94 29 largest
2245 1970 57 24 pur-

1770 2004 87 25 chaser
1867 2006 26 23 at
1905 2005 41 24 the
1956 2005 50 24 sale
2018 2005 27 24 of
2053 2005 35 24 H.
2102 2005 78 31 Olney
2189 2005 49 24 and
2245 2005 57 24 Go's

1769 2047 129 26 wholesale
1916 2048 69 25 stock
2002 2048 28 25 of
2040 2048 118 32 Drapery,
2189 2049 114 31 securing

1770 2093 25 23 at
1812 2099 131 18 enormous
1963 2092 155 25 concessions
2129 2092 65 26 from
2215 2092 87 25 landed

1770 2136 60 27 cost,
1848 2134 43 26 the
1908 2134 79 26 whole
2004 2135 25 25 of
2045 2135 43 25 the
2104 2136 75 32 goods
2196 2136 28 24 m
2235 2143 68 17 some

1770 2177 28 25 of
1811 2177 44 25 the
1871 2180 66 23 most
1952 2178 138 31 important
2107 2179 115 28 sections,
2246 2186 58 17 con-
2309 2194 2 12 ,

1770 2221 90 32 sisting
1875 2221 27 26 of
1913 2221 104 32 jackets,
2036 2229 80 25 capes,
2145 2229 54 18 new
2217 2229 85 18 season

1770 2265 57 25 Pelt
1843 2265 73 30 Hats,
1933 2264 117 30 Flowers,
2067 2265 129 30 Feathers,
2215 2266 89 31 Wings

1770 2308 74 29 Lace,
1862 2308 114 31 Hosiery,
2005 2308 197 31 Haberdashery,
2224 2309 80 23 Trim-

1769 2351 78 32 ming.
1865 2351 117 30 Buttons,
2001 2350 75 30 Silks,
2088 2351 115 30 Flushes,
2215 2351 87 24 Hand*

1770 2395 128 31 kerchiefs,
1915 2395 51 26 and
1981 2395 101 33 general
2105 2395 85 32 goods.
2225 2395 79 25 These

1770 2440 111 31 together
1897 2440 62 24 with
1975 2447 134 17 numerous
2127 2438 72 26 other
2221 2438 82 32 equal-

1770 2490 16 25 y
1802 2483 120 25 desirable
1938 2482 72 29 lines,
2039 2481 51 26 will
2116 2483 29 23 be
2162 2481 142 26 submitted

1770 2527 38 25 for
1824 2527 59 29 sale,
1900 2528 27 23 at
1942 2523 81 34 prices
2040 2526 29 25 m
2085 2533 76 24 many
2178 2526 126 24 instances

1770 2570 49 25 less
1836 2570 63 25 than
1916 2569 55 26 half
1996 2568 44 27 the
2057 2568 105 32 original
2189 2570 54 23 cost
2253 2577 6 21 ;
2289 2577 15 16 a

1770 2621 57 26 arge
1838 2615 94 31 variety
1943 2613 28 26 of
1979 2613 116 27 Buttons,
2113 2614 27 24 at
2165 2621 46 16 one
2221 2620 83 25 penny

1770 2666 43 25 per
1829 2658 67 25 card.

1908 2772 120 40 Special
2048 2772 64 29 line
2135 2772 32 28 of

1792 2839 101 40 BLACK
1926 2838 167 40 FOOTBALL
2130 2837 151 47 JERSEYS,

1977 2911 44 28 6s.
2048 2909 49 30 6d.

1824 2960 129 22 KAIAPOI
2013 2960 237 23 MANTJFACTUKK

1852 3007 93 31 Made
1975 3012 32 26 to
2034 3017 57 31 my
2119 3007 100 31 order.

1839 3076 58 49 E.
1935 3078 58 47 H.
2024 3075 215 48 PARISH

1899 3151 102 50 East
2030 3149 164 51 Oxford

1774 3332 142 26 OXFORD
1935 3332 132 26 RACING
2087 3332 217 26 COMMITTEE.

1956 3413 42 18 are
2012 3405 97 26 invited
2119 3405 39 26 for
2168 3406 139 33 ploughing

1778 3431 24 33 i.
1820 3447 43 24 up,
1881 3439 108 32 clearing
1999 3438 51 26 and
2057 3439 118 32 levelling
2184 3448 14 15 a
2210 3440 96 31 Racing

1775 3473 80 25 Track
1882 3474 27 24 at
1944 3471 43 27 the
2015 3472 147 26 Recreation
2190 3472 115 32 Reserve,

1777 3506 98 26 Oxford.

1809 3538 282 27 SPECIFICATIONS
2111 3541 26 24 to
2156 3540 29 24 be
2209 3548 59 17 seen
2280 3541 26 24 at

1775 3572 41 24 Mr
1841 3572 120 32 Ingram's
1984 3572 107 25 Auction
2110 3573 89 28 Room,
2227 3574 80 23 where

1775 3604 162 26 TENDERS
1947 3604 52 26 will
2010 3604 30 25 be
2063 3605 110 26 received
2185 3613 32 24 up
2229 3607 28 24 to
2275 3607 31 23 12

1775 3637 101 31 o'clock,
1899 3644 65 19 noon
1987 3644 33 19 on
2045 3637 106 27 October
2173 3640 48 24 Ist.
2237 3641 70 24 next.

1809 3671 54 26 The
1872 3671 87 26 lowest
1969 3678 28 18 or
2007 3678 48 24 any
2072 3670 88 27 tender
2170 3674 44 24 not
2225 3680 82 18 neces-

1776 3704 74 32 sarily
1871 3705 122 31 accepted.

1941 3760 31 26 T.
1989 3760 144 28 WATSON

2072 3812 136 34 Secretary.

2248 3858 26 24 2.

1221 195 242 47 EAIAFOE
1504 192 244 50 TWIIBS.

1220 275 83 21 SUITS
1312 274 88 19 MADE
1409 274 38 21 TO
1457 274 144 22 MEASURE
1614 273 78 22 TKOM
1711 274 37 22 sOi.

1216 329 532 82 fULLKANGEoftfiiaSeaion'

1296 373 145 30 Patterns
1461 378 34 25 to
1524 373 92 30 hand.

1216 446 2 3 ■
1225 420 20 16 ■'■
1277 442 2 2 ■
1314 416 5 7 '
1371 425 23 27 '-■.
1523 448 1 2 ■
1573 418 2 19 ;
1671 446 10 7 .-

1232 461 5 8 ;
1258 463 13 13 v
1319 467 37 30 R.
1382 466 41 30 .H
1444 455 216 44 PARISH'S"

1209 541 19 19 ■,
1248 536 37 28 v
1360 528 91 26 BAST
1468 529 149 25 OXFORD;
1643 528 29 26 '\
1690 553 1 1 .

1220 566 5 7 '
1228 575 8 8 v
1251 581 4 4 '
1308 580 72 21 WHO
1395 581 133 22 INTENDS
1544 582 37 20 TO
1596 581 73 22 SILL

1204 645 5 22 I
1215 631 175 29 seasonable
1399 632 96 37 goods
1505 638 32 22 at
1543 632 99 38 prices
1651 630 97 30 below

1215 682 68 28 that
1302 682 31 28 oi
1349 692 60 29 any
1422 681 233 32 -Christchiirch
1678 682 68 30 firm

1465 752 32 17 «,
1571 759 40 5 —

1254 1179 165 33 ALL
1460 1177 240 35 WOOL

1208 1232 196 47 CcUaisl
1443 1231 175 48 fh&Ml
1665 1229 75 50 H.

1209 1307 129 40 cheaper
1352 1307 77 29 than
1444 1316 56 21 can
1520 1307 38 30 be
1570 1307 170 40 purchased

1208 1363 32 27 at
1269 1359 123 31 auction
1421 1370 35 19 or
1473 1359 83 31 from
1592 1360 150 31 itinerant

1390 1408 135 40 drapers:

1460 1489 33 18 4>

1305 1547 339 41 PARISH'S

1481 1932 65 35 Ml
1575 1933 125 35 Wool'

1414 2015 176 26 COLONIAL
1614 2018 128 25 TWEED

1249 2179 127 33 From
1400 2177 88 42 12/6
1509 2185 73 32 per
1604 2179 93 38 suit.

1277 2242 79 34 (three
1365 2243 135 32 garments,
1519 2242 78 26 worth
1610 2243 65 34 255.)

1213 2288 92 25 Cannot
1316 2289 26 24 he
1348 2288 135 31 purchased
1494 2293 25 20 at
1535 2289 170 25 Christchurch
1716 2297 27 16 or

1324 2330 122 26 elsewhere
1457 2335 26 20 at
1488 2332 37 22 the
1531 2332 79 30 price.

1210 2391 71 81 M
1284 2391 98 31 Men's
1396 2392 99 30 Black
1505 2391 69 32 S.B.
1585 2393 57 30 Sac
1652 2392 90 32 Coats

1307 2434 50 30 for
1380 2433 127 40 Sunday
1521 2434 62 30 and
1604 2434 139 39 Holiday

1211 2485 80 21 wear
1300 2474 144 31 Reduced
1452 2475 83 30 from
1546 2475 66 40 25/-
1624 2478 33 28 to
1667 2475 74 41 15/6

1254 2570 53 38 R,
1333 2570 57 37 H,
1423 2570 279 40 PARISH'S

1209 2622 215 33 BARGAINS
1549 2625 64 31 this
1634 2626 109 31 month

1223 2722 76 50 JHb
1370 2744 173 26 colonial
1571 2746 129 26 twxed

1211 2809 82 29 mm
1403 2811 182 27 TBOVBEBS
1622 2812 35 25 6s.

1219 2858 98 65 jMm
1417 2879 70 24 all
1534 2880 105 25 wool.

1211 2929 65 31 Fur
1290 2930 80 31 lined
1380 2931 103 31 cloaks
1493 2932 134 31 reduced
1637 2932 55 32 17s
1702 2931 41 29 6d

1246 2978 219 33 Christchurch
1479 2981 84 40 price
1575 2982 62 31 275.
1655 2981 50 32 6d.

1261 3063 98 31 Black
1387 3064 162 32 Matallase
1585 3064 107 41 Capes,

1348 3113 95 31 latest
1470 3113 134 31 fashion.

1213 3159 47 31 £5
1283 3160 42 31 ss.
1348 3160 50 32 Od.
1440 3162 51 29 for
1531 3162 48 29 £2
1605 3162 65 30 10s.
1693 3162 50 30 Od.

1213 3207 49 31 £4
1281 3209 45 30 4s.
1350 3209 49 31 Od.
1441 3210 50 30 for
1533 3210 47 30 £2
1611 3210 44 32 os.
1692 3210 51 32 Od.

1213 3254 47 29 £3
1283 3254 43 31 3s.
1350 3255 51 30 Od.
1443 3256 51 30 for
1534 3256 46 30 £1
1605 3257 64 30 10s.
1693 3257 51 36 Od.

1214 3301 116 42 Richly
1338 3303 143 32 trimmed
1489 3303 76 33 with
1573 3303 102 33 velvet
1683 3304 62 31 and

1347 3355 59 41 jet,
1423 3355 88 32 Satin
1524 3356 84 30 lined

1215 3457 120 33 Double
1350 3459 99 32 width
1465 3458 105 33 Check
1584 3458 163 34 Costumes

1373 3507 111 32 Tweed
1512 3508 70 39 6Jd.

1215 3555 118 31 Melton
1354 3555 134 36 Tweeds,
1510 3557 51 29 6d.
1583 3566 56 29 per
1659 3558 88 39 yard.

1215 3642 102 33 White
1349 3643 151 33 Blankets
1534 3642 44 33 7s.
1605 3644 50 31 6d.
1691 3655 56 30 per

1216 3692 77 40 pair.
1350 3692 101 40 Large
1487 3692 69 32 Size
1586 3691 161 40 Blankets,

1320 3739 63 30 10s.
1408 3738 49 31 6d.
1489 3748 57 31 per
1566 3738 77 41 pair.

1216 3786 68 41 Boy
1320 3786 81 32 Pilot
1415 3786 128 32 Jackets
1558 3788 35 29 6s
1608 3787 49 31 6d.
1672 3788 75 31 each

1258 3874 51 32 All
1329 3875 86 31 these
1436 3875 96 41 goods
1553 3885 52 21 are
1620 3874 128 43 cheaper

1216 3924 77 30 than
1315 3934 58 21 can
1393 3925 39 30 be
1452 3924 173 40 purchased,
1639 3928 33 26 at
1686 3935 62 30 any

1217 3971 224 32 Christchurch
1470 3972 119 40 Selling
1619 3972 45 30 off
1689 3972 59 32 Es-

1216 4018 202 32 tablishment
1438 4028 36 23 or
1493 4018 80 32 from
1601 4019 147 30 itinerant

1220 4066 138 37 drapers.
1437 4069 4 13 ;

1248 4165 215 54 Bl*nk«t«,
1504 4165 217 53 Bl*nk«tß,

1233 4245 4 9 J
1288 4239 63 32 For
1375 4242 45 30 Ts;
1441 4240 53 33 9d.
1516 4239 163 45 per>paiiv
1707 4251 13 22 •;

1222 4308 31 80 2
1276 4308 83 41 pairs
1380 4307 37 32 of
1432 4308 87 41 large
1540 4307 151 32 Blankets
1701 4308 47 32 for

1297 4360 19 21 a
1335 4350 115 31 double
1470 4350 69 31 bed.
1553 4350 51 31 for
1618 4348 68 42 20/-
1719 4378 11 9 v
1734 4378 3 2 .
1745 4378 3 3 .

1218 4404 205 34 CHEAPER
1443 4406 78 34 tluin
1534 4417 59 21 can
1617 4407 40 32 be
1669 4417 79 30 ,pui-

1218 4456 115 34 chased
1373 4458 83 33 from
1501 4458 89 33 ANY
1632 4458 116 35 Christ-

1219 4498 117 33 church
1357 4500 117 33 Houge.

763 196 328 46 TENDEES.

658 311 172 40 RENDERS
848 319 41 17 are
900 310 95 26 invited
1014 309 37 25 for
1069 309 45 26 the
1133 317 48 24 pur-

628 346 1 16 J
665 336 20 33 JL
705 346 75 24 chase
791 346 27 23 of
828 354 14 15 a
853 345 49 24 few.
919 347 56 21 tons
994 343 26 24 of
1039 352 71 21 green
1129 343 52 25 flax.

657 376 58 27 Fori
724 378 147 31 particulars
883 376 74 32 apply

627 460 2 33 ;
710 465 10 12 >■
749 470 19 5 ~
854 455 35 26 G,
905 455 40 24 T.-
954 454 141 25 JONES.--
1113 467 15 9 ,■
1147 462 10 8 ■■■
1174 468 6 5 •■

1020 508 100 25 Oxford.

627 585 2 42 ;
752 604 131 46 FOR
914 601 172 47 SALE.

656 684 40 57 A
714 683 91 25 GOOD
818 681 165 25 Harmonium
1003 681 38 23 for
1058 681 59 23 sale.

828 715 81 32 Apply
927 717 32 21 to-

919 773 131 24 MORRIS

882 833 100 26 Church
1001 833 82 25 Street

935 893 61 24 Easf
1016 892 101 25 Oxford.

668 1013 496 54 DRESSMAKING-.

700 1097 4 16 !
754 1085 325 57 missTEennedy

691 1174 78 29 Late
783 1173 80 29 from
885 1171 55 29 the
968 1168 94 37 D.I,C
1096 1168 83 30 Wel-

652 1215 131 38 lington,

692 1255 79 38 Begs
804 1258 33 26 to
865 1255 114 28 inform
1007 1250 55 30 her
1091 1249 89 40 Lady

649 1295 116 31 friends
781 1296 68 29 that
865 1295 53 30 sho
936 1295 26 28 is
978 1290 150 42 prepared
1147 1293 33 26 to

650 1338 88 30 make
775 1337 117 30 dresses
920 1335 33 30 m
986 1332 193 32 fashionable

649 1380 61 30 and
725 1379 91 30 latest
832 1377 106 40 styles,
954 1380 32 26 at
1001 1373 178 32 reasonable

649 1422 138 38 charges.

690 1469 60 30 She
775 1468 55 29 has
851 1467 153 39 arranged
1027 1465 49 30 for
1103 1473 75 31 pre-

649 1514 69 27 sent
747 1509 168 30 workroom
944 1510 76 27 next
1047 1512 33 23 to
1110 1505 66 30 Mrs

649 1551 145 40 Lough's,
822 1549 127 31 Oxford.

780 1677 266 47 NOTICE.
1074 1687 11 15 '

648 1763 248 26 rrRESPASS^RS
907 1763 28 24 m
949 1763 99 31 pursuit
1070 1761 27 26 of
1107 1769 72 24 game

652 1787 23 35 X
695 1800 26 22 at
732 1796 48 26 Old
800 1796 173 31 Worlingham
995 1803 33 17 on
1049 1795 44 24 the
1104 1795 75 24 Wai-

649 1830 117 25 makariri
776 1829 51 25 will
839 1830 29 24 be
879 1828 144 32 prosecuted
1035 1828 89 31 during
1136 1827 43 25 the

648 1863 124 32 Lambing
790 1863 101 25 Season.

747 1923 31 25 P.
795 1923 35 26 H.
849 1921 155 26 JOHNHON

1086 1991 5 7 .

757 2111 312 47 WANTED.

649 2214 52 59 TO
717 2213 122 32 purchase
855 2221 15 16 a
894 2212 63 25 farm
982 2212 27 24 m
1027 2210 43 26 the
1088 2210 93 26 Oxford

696 2247 113 25 District.
971 2245 67 32 price
1058 2244 51 25 and
1125 2252 55 24 par-

650 2287 100 24 ticulars
766 2287 27 22 to
820 2284 43 25 the

670 2324 153 33 OFFICE
839 2323 52 31 OF
904 2323 100 31 THIS
1019 2321 143 32 PAPER

736 2434 131 46 FOR
914 2433 180 46 SALE.

652 2527 103 28 BAA
771 2523 198 33 BUSHELS
985 2524 33 29 of
1039 2527 68 27 oats

658 2555 98 52 IUU
820 2566 94 41 apply

870 2619 34 29 to
924 2617 53 31 the

855 2669 95 32 Office
959 2668 34 32 of
999 2668 64 31 this
1074 2678 105 31 paper.

783 2776 261 49 NOTICE.

652 2870 61 59 ON
730 2869 103 26 account
849 2868 28 26 of
890 2876 43 23 my
950 2875 63 17 ewes
1036 2868 47 24 and
1102 2866 79 26 lambs

707 2903 92 31 having
815 2903 61 23 been
894 2901 101 24 worried
1010 2901 50 24 and
1067 2899 74 25 killed
1149 2901 32 31 by

650 2937 69 27 doss,
748 2934 124 26 POISON
889 2934 49 26 will
961 2932 30 26 be
1009 2933 51 25 laid
1088 2940 32 18 on
1139 2941 42 25 my

652 2969 100 26 Section
777 2968 97 25 '28155'
891 2969 28 23 at
938 2966 140 30 Woodside,
1112 2967 69 25 West

652 3002 91 26 Oxford
759 3001 50 25 and
820 3000 35 26 all
864 3000 60 32 dogs
942 2999 79 26 found
1031 3000 150 33 trespassing

652 3036 51 26 will
712 3035 30 25 be
754 3035 66 24 shot.
854 3033 57 26 And
921 3033 15 26 I
955 3033 91 32 hereby
1057 3033 124 26 withdraw

651 3069 32 25 all
695 3068 156 34 permissions
868 3068 74 31 given
964 3069 27 23 to
1010 3074 50 25 any
1081 3073 100 26 persons

651 3105 26 23 to
688 3103 70 24 enter
768 3101 53 26 said
835 3101 103 26 section.

750 3172 33 26 H.
801 3170 154 27 HAWKER

882 3266 64 25 East
966 3265 100 26 Oxford.

682 3414 240 47 CANCER
952 3414 204 47 CURED

831 3500 149 23 WITHOUT
1161 3489 18 38 .\

653 3544 27 30 A
705 3543 209 31 SUKGICAL
943 3542 238 32 OPERATION

686 3597 50 25 For
746 3596 100 31 further
858 3597 152 31 particulars
1025 3596 74 31 apply
1114 3600 24 20 to
1150 3595 31 24 the

703 3647 123 26 OFFICE
844 3647 45 26 OF
911 3646 83 27 THIS
1011 3645 121 27 PAPER.

868 3697 97 21 LINES.

790 3833 117 30 Copies
928 3841 40 22 of
987 3840 62 23 the

705 3894 174 32 OXFORD
911 3894 224 32 OBSERVER

762 3942 48 18 can
832 3935 31 25 be
886 3934 118 26 obtained
1025 3937 27 23 at

655 3979 176 27 CARGILL'S
842 3987 86 18 corner
949 3979 29 26 of
991 3979 137 30 CASHEL
1138 3979 43 27 and

754 4018 163 28 COLOMBO
935 4018 154 28 STREETS

827 4059 187 27 Christchurch.

780 4182 54 33 TO
854 4171 209 43 FARMfeM

628 4265 72 31 ■T^
717 4273 31 24 y°
748 4273 18 17 u
781 4273 23 18 w
805 4274 13 15 *
818 4273 18 18 n
837 4266 11 25 *
865 4267 27 24 *°
920 4272 47 19 Beu
994 4272 31 24 y°
1026 4272 30 17 ur
1072 4272 17 24 P
1090 4272 13 17 r
1103 4265 78 26 °duce.

628 4305 1 8 ■
656 4291 22 34 1
696 4298 120 26 advertise
827 4299 28 24 m
867 4298 42 26 the
1174 4305 7 19 a

628 4331 1 26 i
656 4340 58 20 rare
733 4331 54 29 sale
802 4331 49 26 will
867 4331 31 26 be
914 4331 44 26 the
973 4331 85 27 result.
1091 4358 59 4 ...
1173 4350 3 2 •
1180 4345 2 9 :

688 4397 162 27 TERMS.—
850 4397 38 26 2s.
910 4404 43 23 per
979 4397 61 26 in*,h
1067 4397 40 26 for
1133 4397 48 26 firsi

656 4431 131 28 insertion.
818 4449 15 11 ,•
877 4439 112 21 ■•:■■•..;••
1002 4442 46 24 :■,•■■■/
1063 4440 45 17 ■■;■■,
1173 4439 4 14 :

689 4472 42 26 All
747 4470 75 28 small
837 4470 205 28 advertiiementg
1058 4472 27 26 to
1098 4470 83 33 bapaid

656 4514 29 26 is
702 4512 118 28 adrance.
844 4534 4 5 .
894 4508 119 32 ]'■".,

118 201 175 33 OXFORD
316 198 113 32 HOAD
451 197 157 31 BOARD.

94 274 174 38 rfiENDERS
287 281 39 16 ara
347 272 92 24 invited
459 271 37 25 for
519 271 42 25 the
584 270 37 25 fol-

100 299 23 38 X
145 310 90 29 lowing
254 307 90 24 wo--ks-
493 320 3 15 :

130 340 193 27 SHINGLING
336 339 75 25 abont
423 340 14 23 4
450 338 85 25 chains
545 338 76 24 Luer's

95 375 71 24 Bush
187 375 76 23 Road.

128 406 176 26 CLEARING
341 404 110 25 Manaku
496 405 75 23 about
597 405 24 22 65

93 441 87 24 chains
206 440 92 26 Burnt.
306 438 55 25 Hill
384 437 77 25 Road.

128 473 175 26 CLEARING
326 473 43 23 out
388 471 73 24 about
484 470 34 23 IS
541 469 80 24 chains

94 508 70 24 Main
176 507 87 25 Drain.

129 541 116 32 Clearing
257 542 42 22 out
311 539 78 24 Drain
423 536 113 26 Powell's
548 535 73 25 Road.

131 573 281 27 SPECIFICATIONS
435 574 26 22 to
480 571 29 23 be
530 577 58 17 seen
601 573 20 21 at

96 609 44 23 the.
148 608 70 24 Road
234 607 81 25 Board
332 606 82 27 Office,
434 604 81 25 where
528 603 93 24 tenders

94 642 52 24 will
157 643 28 22 be
195 641 109 24 received
315 648 33 22 up
361 639 67 26 t0.12
446 636 101 28 o'clock,
559 644 62 16 noon

94 683 33 16 on
141 674 155 30 Wednesday
309 674 52 23 7th.
375 674 68 21 neit.

128 709 52 23 The
192 709 84 23 lowest
288 714 27 17 or
327 713 49 24 any
385 704 87 26 tender
484 705 44 22 not
540 709 81 17 neces-

96 743 75 30 sarily
188 740 124 31 accepted.

193 784 114 26 JAMES
324 784 35 24 B.
385 781 140 27 SHARPS

276 834 72 25 Clerk
366 836 26 22 to
409 832 43 25 the
470 830 88 25 Board.

178 957 52 24 The
246 952 191 33 Thoroughbred
461 952 80 24 Horse

238 999 236 33 FAIRCHILD

93 1056 60 28 T)Y
171 1055 78 24 Black
268 1053 97 24 Rose—
366 1053 43 23 out
432 1050 26 24 of
477 1048 129 24 Hinemoa.

128 1121 90 26 WILL
238 1118 76 26 travel
331 1117 51 25 this
406 1122 87 18 season
512 1114 109 24 between

94 1156 122 30 ilangiora
228 1152 48 25 and
289 1149 156 33 Springfield.

126 1189 50 24 For
187 1186 94 25 further
295 1183 146 32 particulars
450 1180 74 32 apply

258 1247 25 23 to
295 1245 42 24 the
349 1250 81 17 owner

327 1302 93 28 W..H.
441 1299 148 27 SIMPSON

454 1363 68 26 View
539 1360 65 25 Hill:

194 1514 116 26 PUNCH
328 1512 69 26 xiND
421 1509 98 27 JUDY.

103 1583 101 26 TOWN
221 1580 102 30 HALL,
352 1578 87 26 EAST
462 1575 146 26 OXFORD.

135 1646 222 36 SATURDAY
385 1645 83 31 26th.
494 1643 83 40 Sept.

159 1723 134 24 Afternoon
311 1720 23 24 2.
349 1721 39 23 30.
409 1718 50 24 and
476 1718 23 22 3.
512 1717 41 23 30.

126 1772 128 26 Travelled
274 1771 34 28 a]l
327 1770 44 25 the
394 1768 117 26 colonies.
546 1766 74 26 Come

92 1812 49 24 and
159 1819 48 16 see.

176 1865 89 25 Adults
289 1862 39 26 6d.
363 1860 115 27 Children
497 1859 40 26 3d.

93 1967 45 57 IN
161 1966 41 23 the
222 1972 67 17 same
307 1962 51 25 hall
380 1970 33 16 on
426 1960 101 31 Sunday
538 1958 82 32 night.

150 1997 138 26 Admission
298 1998 33 29 by
351 1996 70 24 silver
441 1994 64 24 coin.
540 1993 81 24 Views

92 2033 28 25 of
134 2033 43 23 the
201 2030 67 32 Holy
290 2029 72 25 Land
382 2027 50 25 and
456 2034 68 18 some
551 2026 70 31 great

94 2064 148 30 Cathedrals,
263 2065 40 23 &c.
314 2064 41 23 &c.

97 2114 522 51 ASTRONOMICAL

192 2192 48 25 and
251 2198 67 19 some
329 2189 71 26 other
407 2189 114 32 pictures.

286 2250 16 24 7
314 2248 40 23 30.
365 2253 60 25 p.m.

185 2297 142 24 Admission
334 2296 33 30 by
382 2295 72 24 silver
463 2294 65 23 coin.

177 2420 133 46 FOR
374 2415 160 48 SALE

94 2518 41 57 A
152 2516 81 25 FIVE
246 2515 102 26 roomed
365 2515 78 24 house
461 2513 49 24 and
529 2513 16 23 2
555 2519 66 18 acres

152 2551 27 24 of
201 2549 67 25 land.
311 2548 71 26 Good
407 2546 61 29 well,
497 2546 50 24 and
566 2547 55 23 out-

92 2584 125 30 buildings
241 2583 111 24 thereon.
393 2579 114 26 Situated
525 2587 32 16 on
568 2578 53 32 Bay

92 2616 77 29 Road,
187 2617 63 25 East
268 2614 100 27 Oxford.

290 2669 72 33 apply
380 2670 26 24 to

355 2724 32 27 D.
406 2723 139 27 BOURKE

301 2858 28 31 (a
345 2857 69 33 card)

112 2918 170 40 MESSES
324 2917 131 40 MILLS
508 2917 94 39 AND

236 2970 243 51 JOHNSIOT.'
581 3012 4 3 .

253 3048 208 26 SOLICITORS.

110 3116 186 28 Christchurch,
309 3115 125 32 Rangiora
445 3114 49 25 and
504 3113 102 26 Oxford.

125 3183 41 25 Mr
177 3181 126 26 Johnston
322 3181 50 25 will
388 3181 87 25 attend
486 3180 94 26 Oxford
590 3187 31 18 on

94 3216 77 26 Court
196 3216 60 32 days
279 3215 50 25 and
347 3214 135 32 Saturdays
494 3213 50 26 and
565 3221 56 24 may

93 3249 31 25 be
136 3249 127 25 consulted
286 3252 26 20 at
322 3248 42 23 Mr
379 3248 75 24 Lee's
470 3255 55 17 new
543 3246 78 29 Store,

94 3282 70 26 Main
174 3282 81 26 Street
268 3280 99 26 Oxford.

130 3325 163 27 Christchurch
303 3326 74 31 Office
377 3338 32 5 —
411 3324 118 32 Opposite
540 3322 81 27 Union

95 3360 79 28 Bank,
187 3358 120 26 Hereford
319 3358 90 26 Street.

128 3404 123 28 Bangiora
270 3402 105 31 Office—
376 3401 64 25 Next
457 3402 25 24 to
495 3400 41 26 Mr
555 3399 30 26 A.
594 3400 27 24 P.

97 3435 113 27 Sutton's
225 3435 106 24 Auction
348 3434 88 25 Room.

153 3588 68 47 £1
254 3588 312 47 EEWARD.

95 3687 80 24 •THE
188 3686 75 25 above
274 3687 147 24 REWARD
442 3687 51 26 will
505 3687 29 25 be
552 3687 69 32 given

100 3722 70 23 Xto
197 3727 49 24 any
271 3727 89 23 person
394 3720 55 25 who
476 3720 52 25 will
570 3722 51 30 give

96 3753 159 25 information
266 3753 54 25 that
329 3754 52 25 will
392 3752 53 26 lead
456 3755 27 24 to
494 3753 44 25 the
556 3753 65 26 iden-

97 3787 120 24 tification
241 3787 27 24 of
301 3788 42 23 the
360 3787 48 31 dog
435 3795 28 16 or
486 3788 60 30 dogs
569 3787 52 24 that

97 3819 102 25 worried
210 3819 74 32 sheep
303 3827 33 17 on
359 3819 43 25 the
425 3819 97 32 Wyuna
541 3819 80 31 Farm,

97 3852 93 25 VIEW
204 3852 94 30 HILL,
311 3859 33 19 on
355 3852 190 27 THURSDAY
555 3852 66 33 Sept.

97 3885 70 31 10th,

264 3930 30 24 R.
313 3929 131 26 PARISH

378 3989 70 26 View
464 3990 64 25 Hill,
582 3990 8 6 -

119 4148 172 33 OXFORD
322 4147 137 32 CYCLE
482 4148 123 32 CLUB.

95 4232 81 26 rTHE
200 4232 56 24 first
279 4230 101 26 Annual
404 4231 109 32 meeting
534 4231 28 26 of
585 4231 36 27 the

98 4258 25 35 X
143 4267 75 24 above
241 4265 55 24 club
319 4265 51 25 will
392 4264 31 25 be
446 4264 59 25 held
532 4264 27 26 m
587 4265 34 26 the

96 4301 113 31 Library,
247 4298 64 25 East
333 4296 99 31 Oxford,
461 4305 34 17 on
518 4297 103 34 Monday

96 4336 70 31 Sept.
183 4332 72 27 28th.
275 4333 73 25 1896.
359 4354 2 2 .
377 4331 40 26 All
439 4330 118 27 members
578 4331 43 26 and

95 4367 131 32 intending
249 4365 121 25 members
395 4372 42 17 are
456 4362 128 34 requested
602 4367 19 23 to

94 4401 95 27 attend.
213 4423 2 3 .
272 4416 3 6 .
336 4401 23 22 V

257 4449 41 28 W.
316 4448 35 27 H.
369 4447 138 26 ALFORD

384 4519 68 27 Hon.
471 4520 55 25 Sec.
610 4522 5 26 ;
