3407 4580
84 179 147 33 WAGES
266 176 264 33 PROTECTION

255 261 109 27 BILL.

6 311 11 19 p
225 319 37 5 —
262 320 15 4 _
406 323 2 2 .
447 323 1 3 ,

76 347 48 25 For
135 345 43 25 the
189 341 158 27 information
368 340 26 26 of
411 348 46 18 our
476 341 96 25 readers

41 395 35 16 we
87 384 93 32 reprint
191 383 42 24 the
244 380 126 31 following
388 380 107 24 extracts
507 380 64 26 from

42 423 124 26 Hansard.
199 420 41 24 Mr
261 418 124 26 Meredith
406 418 118 32 speaking
540 427 32 15 on

44 465 42 24 the
103 461 94 26 Second
217 460 112 30 Reading
347 458 27 26 of
382 458 43 25 the
437 458 75 25 above
524 458 48 26 Bill

48 505 51 24 said
203 500 14 24 I
227 500 81 31 might
320 507 41 23 say
384 498 56 25 that
451 500 121 24 contracts

42 544 38 23 for
89 544 75 22 water
175 539 88 31 supply
282 546 33 16 on
333 546 16 16 a
359 537 68 31 large
445 538 65 24 scale
531 545 41 16 are

41 581 74 30 being
126 578 91 25 carried
227 580 44 21 out
288 575 33 32 by
331 575 43 24 the
385 574 185 25 Waimakariri-

42 619 91 30 Ashley
155 617 84 24 Water
265 613 94 33 Supply
378 613 83 25 Board
483 613 28 24 m
528 613 44 24 the*

41 660 94 29 Ashley
145 657 49 25 and
205 654 104 32 Kaiapoi
321 655 152 27 electorates,
486 661 82 17 neces-

43 698 102 29 sitating
164 704 29 15 an
217 694 157 31 expenditure
391 693 26 24 of
432 692 140 30 something

41 736 49 25 like
115 734 117 28 £12,000.
278 731 120 30 Probably
421 730 79 24 before
529 730 42 24 the

6 784 4 11 ►
41 774 81 26 works
133 781 40 16 are
184 771 105 26 finished
300 771 59 30 they
380 778 56 21 m»y
456 771 52 23 cost
528 768 38 25 be-

40 815 80 22 tween
132 812 109 29 £16,000
261 809 49 25 and
330 809 109 29 £20,000
450 816 5 21 ;
474 815 27 16 so
512 806 56 24 that

11 850 180 36 S^lionourable
203 848 119 24 members
344 846 50 26 will
407 854 39 16 see
459 845 55 24 that
526 844 43 25 the

41 890 80 24 works
132 896 39 17 are
184 889 72 30 large,
274 886 50 25 and
335 886 67 31 quite
416 886 30 22 90
460 891 43 24 per
514 885 57 23 cent

41 930 26 24 of
77 930 42 24 the
132 936 85 22 money
229 928 21 23 is
271 926 71 31 being
353 926 71 30 spent
434 924 28 24 m
473 924 95 24 labour.

41 970 22 24 A
74 968 105 26 number
191 967 26 25 of
230 967 120 24 contracts
372 965 62 24 have
446 964 61 24 been
524 963 44 27 let,

40 1010 48 24 and
102 1016 67 17 some
181 1008 24 24 of
217 1007 41 24 the
270 1008 149 22 contractors
439 1004 62 24 have
522 1004 44 23 not

41 1049 61 25 been
114 1047 54 24 able
179 1048 25 22 to
224 1044 120 31 complete
363 1042 62 25 their
444 1043 124 24 contracts

41 1089 26 21 to
76 1087 43 23 the
129 1083 150 26 satisfaction
291 1081 27 24 of
326 1082 43 23 the
382 1081 82 23 Water
475 1079 93 30 Supply

6 1126 2 7 '
39 1125 80 25 Board
131 1133 6 21 ;
156 1123 48 25 and
216 1122 69 25 there
297 1121 44 24 has
358 1122 60 23 been
438 1128 15 15 a
473 1119 93 24 consid-

41 1166 81 24 erable
144 1164 102 25 amount
273 1162 25 25 of
318 1161 118 30 hardship
458 1159 110 25 inflicted

39 1212 66 23 upou
117 1203 42 24 the
171 1209 58 16 men
250 1199 109 33 engaged
374 1196 3 10 :
381 1206 32 16 on
438 1199 40 23 the
489 1197 79 25 works

39 1241 110 30 through
160 1240 67 23 what
244 1238 14 24 I
269 1237 94 25 believe
375 1244 15 17 a
400 1236 79 27 defect
490 1236 26 23 m
525 1235 42 25 the

39 1281 55 24 Act.
130 1280 12 23 I
166 1278 77 31 might
265 1277 112 24 mention
399 1284 44 16 one
465 1282 53 17 case
540 1275 26 24 m

38 1318 135 32 particular
199 1324 26 17 so
248 1324 26 16 as
297 1317 26 23 to
345 1315 67 31 place
432 1313 82 25 before
525 1313 42 25 the

39 1358 84 24 House
132 1357 25 23 m
169 1364 15 16 a
196 1356 112 24 concrete
317 1354 65 24 form
391 1353 65 23 what
467 1352 14 24 I
491 1352 76 30 really

37 1404 82 16 mean.
163 1396 21 22 A
196 1401 59 17 man
267 1392 91 25 named
369 1390 122 25 McGrath
510 1390 57 25 took

6 1446 3 7 >
37 1443 14 15 a
69 1436 110 22 contract
206 1432 64 24 from
293 1431 41 24 the
361 1429 86 25 V^ater
472 1428 93 32 Supply

37 1472 83 24 Board
145 1474 25 22 to
182 1471 43 24 the
237 1472 102 22 amount
350 1469 25 24 of
387 1468 86 23 .rather
498 1474 67 16 more

36 1510 64 25 than
130 1510 104 27 £1,000,
264 1507 50 25 and
340 1506 33 25 he
396 1504 130 32 employed
552 1513 14 15 a

36 1550 106 25 number
154 1550 26 24 of
201 1557 65 16 men.
302 1547 82 24 While
404 1546 43 24 the'
456 1546 110 24 contract

37 1599 51 17 was
101 1592 27 23 m
139 1597 112 25 progress
272 1587 124 26 McGrath
416 1588 65 23 went
493 1585 72 26 down

38 1634 25 22 to
76 1630 173 26 Christchurch
261 1628 50 25 and
322 1630 41 28 got
380 1635 31 16 on
423 1628 41 23 the
476 1626 81 29 drink,

37 1674 42 26 got
107 1669 54 24 into
181 1667 103 28 trouble,
315 1666 48 24 and
382 1663 139 26 committed
550 1671 15 16 a

36 1716 74 22 grave
122 1707 98 24 offence.
255 1705 40 23 He
307 1712 49 16 was
368 1702 106 31 brought
484 1701 82 24 before

35 1747 43 23 the
91 1744 166 33 Magistrate's
272 1743 82 27 Court,
378 1740 49 25 and
438 1747 49 17 was
499 1747 65 16 com-

36 1786 90 25 mitted
137 1788 26 22 to
182 1784 56 26 take
260 1784 41 24 his
324 1782 57 25 trial
403 1783 26 23 at
448 1781 43 25 the
505 1782 60 22 next

37 1826 93 23 session
154 1824 26 24 of
204 1824 41 23 the
270 1822 115 30 Supreme
408 1820 83 26 Court.
527 1820 38 22 He

36 1862 115 31 managed
175 1864 24 22 to
229 1861 19 23 c]
253 1868 39 16 ear.
305 1862 42 21 out
370 1858 26 25 of
413 1858 43 24 the
478 1857 85 29 colony

33 1903 81 24 before
127 1902 38 24 his
173 1900 54 26 trial
239 1898 119 27 camo'off.
394 1898 32 24 At
438 1897 55 25 that
504 1896 60 25 time

36 1942 68 24 there
116 1949 50 15 was
178 1941 80 30 owing
278 1946 33 17 on
321 1937 38 24 his
371 1937 108 24 contract
490 1935 74 24 about

37 1982 75 28 £450,
141 1980 41 23 the
206 1980 95 30 greater
323 1976 95 32 portion
441 1974 28 25 of
483 1970 85 28 which'

112 2018 82 30 owing
216 2019 26 22 to
253 2017 42 24 the
319 2022 66 17 men.
420 2013 53 24 The
483 2014 81 22 men's

36 2065 81 23 wages
128 2057 52 22 had
191 2060 44 19 not
253 2055 61 23 been
325 2053 66 31 paid,
416 2060 27 16 so
453 2051 38 24 far
503 2059 26 15 as
551 2051 14 23 I

36 2097 120 25 recollect,
178 2095 37 23 for
239 2099 65 18 some
330 2091 37 24 six
392 2090 79 24 weeks
482 2097 25 16 or
519 2094 46 18 two

35 2135 110 24 iiicntlip.
193 2133 79 24 These
297 2138 57 16 men
380 2130 50 24 had
455 2131 26 22 to
502 2128 62 24 have

36 2173 116 31 supplies,
171 2171 49 24 and
242 2170 65 24 owed
327 2168 118 28 butchers,
469 2167 94 28 bakers,

23 2211 62 25 .and
97 2210 179 30 storekeepers,,
293 2206 90 33 mostly
394 2206 28 24 m
432 2206 44 25 the
488 2205 76 25 Town

37 2250 26 24 of
90 2249 99 29 Oxford,
225 2255 15 17 a
271 2245 167 26 considerable
461 2252 55 17 sum
540 2244 26 24 of

15 2305 5 7 .
36 2294 97 24 money;
186 2286 51 24 The
255 2293 58 16 men
340 2283 97 32 applied
464 2285 26 22 to
521 2281 42 24 the

39 2324 185 31 Water-supply
246 2322 81 25 Board
338 2321 37 25 for
387 2321 64 24 their
474 2328 87 23 wages,

36 2366 43 23 but
109 2365 43 24 thn
180 2363 89 29 Board,
294 2361 62 25 after
380 2359 115 31 carefully
514 2359 49 25 and

34 2404 61 31 fully
108 2401 155 31 considering
283 2400 41 25 the
343 2406 63 21 case,
430 2398 49 24 and
502 2397 62 25 after

34 2445 90 29 having
135 2442 113 25 obtained
258 2441 65 31 legal
341 2439 91 29 advice,
455 2438 78 25 found
544 2438 21 24 it

12 2481 11 12 '
33 2491 48 15 wa?.
95 2490 50 20 not.
148 2483 25 22 in
187 2489 15 16 a
213 2481 107 30 position
329 2481 26 22 to
367 2484 48 27 pay
429 2478 41 24 the
481 2485 82 22 wages

31 2518 83 33 Win^
127 2524 25 22 to
173 2521 69 24 these
262 2527 64 20 men,
345 2526 28 17 as
396 2518 41 24 the
449 2518 114 24 contract

35 2570 48 16 \v;is
104 2563 45 21 not
172 2557 145 32 completed,
336 2556 49 24 and
396 2573 6 3 -
408 2556 54 24 that
485 2554 80 25 before

34 2600 59 31 they
105 2598 72 24 could
189 2605 47 24 pay
251 2604 58 16 over
321 2603 47 24 any
379 2602 81 24 wages
476 2594 22 26 it.
516 2601 48 16 was

34 2645 125 22 Ef-eossary
173 2636 54 24 that
250 2636 41 23 the
307 2634 111 24 contract
436 2632 85 25 should
535 2631 30 24 be

34 2674 144 33 completed.
210 2673 67 25 Such
289 2672 72 32 being
369 2672 41 24 the
422 2678 63 22 case,
495 2670 70 24 there'

34 2725 18 14 '.\
58 2725 26 15 as
97 2724 13 15 a
130 2716 85 28 strong
234 2711 146 32 probability
403 2711 56 24 that
481 2709 84 24 before

34 2758 41 22 th.
88 2756 111 24 contract
210 2760 49 17 was
279 2751 144 32 completed,
447 2752 44 23 not
505 2749 59 32 only

34 2796 79 24 would
124 2794 52 25 this
188 2794 67 23 £450
275 2793 29 24 be
316 2791 109 31 actually
436 2789 128 28 absorbed,

35 2834 42 24 bat
91 2833 124 24 whatever
227 2830 134 25 additional
374 2837 55 16 sum
441 2827 82 32 might
535 2827 30 25 be

34 2873 82 30 owing
129 2876 25 18 to
167 2871 42 22 the.
220 2871 119 22 contract.
373 2867 53 24 The
438 2874 59 16 men
508 2866 58 24 took

6 2916 8 11 '■
34 2914 43 23 Ilia
115 2909 183 31 Watar-supply
327 2907 83 25 Board
442 2907 59 24 into,
523 2906 49 24 the'

35 2953 166 27 Magistrate's
215 2949 76 25 Court
311 2950 26 23 at
349 2948 101 27 Oxford,
464 2947 49 24 and
527 2947 39 23 Mr

36 2991 102 29 Bishop,
168 2988 46 25 the'
235 2987 175 31 Stipendiary,,
420 2982 146 40 Magistrate

35 3031 76 24 there,
131 3027 61 24 after
204 3026 116 30 carefully
331 3024 105 31 hearing
447 3024 42 24 the
501 3031 64 20 case,

36 3069 48 24 ku([
99 3067 90 30 having
208 3066 74 24 taken
302 3065 59 24 time
378 3067 26 21 to
417 3072 30 23 go
458 3065 54 22 into
525 3063 42 24 the

35 3106 122 28 cue.tion,
194 3104 99 24 decided
316 3104 97 30 against
436 3102 42 25 the
500 3109 66 17 men.

36 3148 53 22 The
100 3145 77 23 result
198 3145 43 22 has
255 3149 60 18 oeen
327 3144 54 22 that
393 3150 15 15 a
418 3143 67 30 large
493 3149 73 16 num-

36 3187 41 21 ber
90 3184 25 23 of
125 3190 66 18 men,
211 3181 91 31 having
313 3181 72 24 wives
398 3180 47 24 and
459 3179 108 26 families

36 3222 139 32 depondanfc
188 3228 63 23 upon
274 3219 77 28 them,
375 3219 63 24 Lave
457 3218 110 32 unjustly

36 3264 63 23 been
112 3259 114 31 deprived
238 3258 26 25 of
274 3258 64 23 their
350 3257 83 24 lawful
443 3258 123 30 earnings.

37 3302 66 27 iTbis
116 3301 19 23 is
149 3308 14 15 a
175 3307 55 16 case
256 3298 25 23 of
302 3300 69 28 great
394 3297 126 30 hardship.
549 3298 19 23 T

37 3341 116 25 obtained
165 3349 14 14 a
196 3346 62 24 copy
281 3339 24 22 of
319 3338 40 23 Mr
382 3337 113 30 Bishop's
506 3337 66 24 find.-.

29 3379 61 31 Ifcjr.
110 3379 47 24 and
170 3379 51 24 al&o
233 3386 15 15 a
267 3376 141 39 cppr-of.a
426 3364 146 36 sub-leade*

36 3421 28 21 iv.
76 3419 43 23 tli'j
143 3417 115 29 Lyltdtjn
283 3416 75 24 Times
381 3422 32 16 on
422 3414 3 2 '
437 3411 42 27 the
490 3414 3 3 '
504 3421 64 21 case,

37 3449 13 31 I
63 3464 41 22 £05
117 3455 42 23 ths
171 3462 55 16 men
238 3456 26 22 to
277 3453 70 23 make
370 3461 14 15 a
397 3454 134 22 statement
544 3454 26 22 to

10 3511 5 9 i
38 3506 40 15 :ne
92 3497 26 23 m
131 3495 103 30 writing,
254 3494 34 24 all
300 3494 24 24 of
348 3493 76 24 which
442 3493 13 23 I
471 3493 101 24 ibrwar-

15 3540 9 10 '
39 3535 45 25 fled
98 3537 23 21 to
135 3535 40 22 the
192 3533 107 23 Premier
319 3540 68 16 some
408 3532 99 24 months
531 3532 39 23 be-

39 3577 51 23 fore*
103 3573 42 25 the
157 3572 91 24 session
276 3571 165 29 commenced,
473 3571 58 24 with
556 3579 14 16 a

39 3614 61 23 view
113 3611 24 24 of
149 3611 89 30 having
250 3618 28 16 an
291 3610 157 24 amendment
460 3610 73 24 made
544 3610 26 24 m

41 3654 42 24 the
97 3650 155 26 Workmen's
265 3650 89 30 Wages
376 3650 46 23 Act
440 3652 26 22 to
478 3652 94 28 protect

43 3694 41 24 tin;
103 3691 126 24 workmen
246 3690 28 23 m
297 3689 65 24 their
374 3702 3 3 •
385 3690 123 32 earnings.
551 3690 21 24 A

43 3732 89 26 sacoud
144 3733 109 22 contract
274 3737 48 16 was
343 3730 97 23 entered
465 3730 53 24 into
541 3730 31 32 by

41 3774 42 22 the
105 3770 80 23 Hoard
210 3769 59 22 with
299 3769 104 22 another
425 3776 67 20 man,
519 3770 53 23 who

41 3809 109 26 received
169 3816 112 24 progress
301 3810 129 29 payments
442 3808 37 26 for
490 3817 15 15 a
516 3817 56 16 con-

44 3847 119 28 siderable
187 3854 55 18 .sum
271 3847 29 24 of
319 3850 106 25 money,'
452 3847 43 24 the
516 3855 56 17 men

45 3888 145 28 continuing
203 3889 24 21 to
239 3887 63 22 work
319 3885 37 23 for
368 3887 73 22 about
460 3894 21 15 a.
486 3887 86 22 month

43 3927 72 23 later.
140 3912 62 36 'The
220 3925 139 22 contractor
384 3922 122 31 suddenly-
516 3935 4 8 <
527 3923 45 24 Mfc

47 3967 43 23 the
103 3964 103 29 district;,
225 3963 50 23 and
297 3962 43 24 the
352 3970 59 16 men.
420 3963 118 35 appealed
549 3965 23 23 to

43 4003 43 25 the
110 4000 189 33 Water-supply
328 4000 82 25 Board
422 4008 5 22 ;
458 4001 60 30 but,;'
531 4002 41 26 the

44 4042 89 28 Board,
151 4042 62 24 aftjr
232 4040 86 31 taking
340 4040 65 32 legal
425 4040 90 30 advice,
528 4041 44 32 .de-

48 4083 69 25 cided
130 4082 55 27 that
196 4083 57 30 they
265 4089 63 17 were
343 4083 43 23 not
398 4081 25 24 m
435 4089 15 17 a
469 4082 103 31 position

53 4125 26 21 to
91 4129 47 22 pay
149 4121 43 24 the
207 4128 81 23 wages
299 4120 78 31 owing
396 4122 25 22 to
434 4121 62 23 these
508 4129 64 19 men,

48 4160 26 23 It
87 4158 79 31 might
183 4158 30 25 be
231 4158 116 25 observed
370 4158 31 32 by
417 4158 79 25 .those
518 4167 54 16 con-

46 4198 98 23 versant
156 4197 60 24 with
239 4197 41 24 the
304 4195 156 26 Workmen's
485 4196 87 32 Wages

47 4237 46 23 Act
105 4235 55 24 that
177 4235 43 24 the
231 4235 135 28 workmen,
382 4234 20 24 if
409 4235 65 31 'they
490 4236 82 24 choose

6 4282 13 29 |
46 4279 26 22 to
78 4275 36 24 .do
126 4282 35 22 so,
178 4274 82 32 might
275 4275 63 25 have
350 4274 75 25 taken
432 4274 140 34 advantage

47 4316 27 25 of
89 4315 42 24 the
153 4315 136 31 provisions
311 4315 27 26 of
358 4315 44 25 the
421 4315 151 26 Workman's

47 4355 89 30 Wages
159 4354 54 30 Act,
242 4355 51 25 and
326 4353 112 32 thereby'
451 4355 121 30 protected

46 4394 145 26 themselves
206 4394 33 32 by
250 4395 99 31 serving
366 4402 33 17 an
423 4395 149 24 attachment

46 4440 33 17 on
97 4439 32 17 an
149 4433 129 30 employer,
300 4433 85 26 works,
400 4431 127 32 adversely
544 4431 28 31 m,

48 4471 43 25 the
98 4470 112 26 interests
221 4470 27 25 of
257 4471 41 25 the
311 4471 132 25 workmen.
472 4470 26 25 If
507 4470 65 25 there

44 4518 71 22 were,
134 4517 52 23 say,
216 4513 65 27 sixty
304 4519 26 17 or
350 4511 222 29 eighty-workmen

602 186 48 26 and
662 187 56 32 tbey
730 187 50 26 had
790 196 48 25 any
850 188 77 26 doubt
939 187 27 26 of
984 188 41 25 the
1036 188 97 25 solven-

601 235 38 25 cy,
652 235 28 18 or
696 228 49 25 had
756 237 49 24 any
815 229 56 25 idea
893 229 26 24 of
928 228 44 25 the
994 228 94 32 shakey
1104 228 29 24 fi-

602 266 98 25 nancial
718 267 109 31 position
838 267 27 24 of
882 267 42 24 the
935 268 146 26 contractor,
1100 273 33 17 no

601 303 76 25 doubt
689 305 58 32 they
769 305 81 31 might
870 305 62 24 have
943 304 62 25 done
1024 312 26 17 so
1059 312 6 21 ;
1089 304 44 24 but

601 341 21 25 if
631 342 69 32 eight
712 352 28 17 or
751 345 41 23 ten
815 343 26 26 of
859 343 76 24 these,
951 350 59 17 men
1033 343 55 24 sent
1100 349 32 17 an

601 381 162 30 attachment,
782 383 49 23 and
849 383 42 23 the
914 383 139 23 contractor
1064 388 68 17 came

601 423 26 22 to
638 421 58 25 hear
707 421 26 24 of
742 420 28 30 it,
788 420 89 27 which,
895 420 26 23 of
931 427 93 20 coarse,
1036 419 33 23 he
1081 426 49 16 was

601 458 84 25 bound
693 461 25 23 to
730 459 38 28 do,
780 459 32 23 he
821 457 81 25 would
910 458 70 24 settle
988 457 57 23 with
1053 456 77 29 them,

600 500 50 24 and
661 500 44 24 tell
716 500 69 24 them
797 499 58 30 they
866 497 73 25 could
949 497 63 31 pack
1020 505 33 23 up
1066 496 66 24 their

601 547 77 22 swags
696 539 48 24 and
762 538 74 23 clear.

633 579 40 23 Mr
692 578 88 24 Buddo
803 576 118 31 speakiug
942 582 33 17 on
998 574 43 25 the
1065 582 66 17 same

600 618 113 24 occasion
734 616 51 25 said
879 612 154 27 honourable
1052 620 78 17 mem-

600 659 42 24 ber
653 658 37 25 for
702 656 90 30 Ashley
813 654 105 25 referred
937 655 26 24 to
982 662 14 16 a
1008 661 54 17 case
1074 654 56 24 that

599 699 22 23 is
641 699 90 23 known
752 696 25 24 m
801 695 41 24 tho
872 694 91 31 Ashley
986 693 95 24 district
1104 701 26 16 as

599 735 144 26 McGrath's
755 734 111 24 contract
879 741 6 20 ;
903 731 50 25 and
969 731 13 24 I
994 731 65 25 shall
1070 730 60 25 refer

598 776 25 23 to
635 773 103 24 another
749 771 56 24 that
816 770 23 24 is
850 769 26 25 of
886 777 32 17 an
930 768 98 31 equally
1037 768 92 24 serious
1136 758 2 43 j

598 814 141 26 character,,
770 811 42 24 the
841 810 112 24 contract
982 808 91 24 known
1102 815 27 17 as

599 850 165 33 Craighead's,
793 857 32 16 on
853 848 43 24 the
925 846 123 33 Brown's^
1060 846 69 25 Bock

599 891 96 24 scheme
723 888 27 25 of
777 888 43 24 the
848 884 185 26 Wairaakariri-
1038 884 91 32 Ashley

597 926 174 31 water-supply
782 925 106 23 scheme.
923 923 54 24 The
988 925 139 22 contractor

596 968 44 22 nob
660 965 58 30 only
740 962 101 26 ordered
861 963 98 23 cement
970 961 63 24 from
1042 969 17 15 a
1069 960 58 25 firm

597 1006 79 24 whom
688 1006 31 22 he
731 1004 42 24 did
784 1006 45 21 not
840 1010 55 24 pay,
916 1002 45 24 but
979 1001 32 24 he
1022 1001 106 31 actually

596 1042 122 27 borrowed
730 1042 42 25 the
784 1049 89 22 money
885 1041 33 24 he
936 1039 126 32 deposited
1075 1048 27 16 as
1114 1048 12 15 a

595 1085 133 30 guarantee
740 1081 27 24 of
787 1081 61 31 geod
863 1080 63 23 faith
948 1079 64 24 from
1033 1088 13 14 a
1060 1079 66 24 well-

596 1122 87 25 known
694 1128 90 22 money
795 1119 84 24 lender
892 1120 26 22 at
925 1126 33 16 an
970 1117 156 25 exhorbitant

595 1161 52 24 rate
664 1159 26 25 of
699 1160 112 23 interest.
846 1156 41 25 He
899 1155 58 26 took
968 1157 24 23 m
1005 1155 68 24 hand
1084 1155 42 24 the

594 1201 97 29 driving
702 1199 26 24 of
737 1206 13 16 a
761 1198 97 28 tunnel,
888 1196 68 25 work
966 1197 26 23 m
1003 1195 82 25 which
1096 1195 31 24 he

594 1239 51 23 had
670 1246 30 16 no
711 1236 115 31 previous
850 1234 149 31 experience,
1023 1233 50 24 and
1095 1234 38 23 he-

594 1277 47 25 lost
653 1276 68 24 £300
741 1282 28 15 or
787 1274 69 24 £400
874 1273 28 23 m
912 1272 162 32 preliminary
1085 1279 40 17 ex-

593 1324 86 25 pences
691 1324 5 21 ;
715 1314 50 25 and
776 1314 63 24 after
856 1314 32 24 he
908 1312 51 24 had
975 1312 62 24 been
1050 1312 74 24 work-

593 1356 44 31 ing
645 1355 38 24 for
697 1358 48 20 two
758 1361 27 15 or
797 1354 70 22 three
887 1350 100 25 months
1000 1351 31 23 he
1048 1350 77 25 found

594 1400 43 20 out
648 1396 56 24 that
714 1394 32 24 he
768 1401 51 16 was
844 1392 75 31 likely
941 1393 26 22 to
987 1399 70 16 come
1082 1392 43 23 out

594 1434 80 31 bably,
693 1432 49 26 and
754 1432 32 24 he
809 1431 61 25 then
885 1431 43 24 not
952 1429 59 32 only
1022 1428 103 26 allowed

594 1474 40 24 the
646 1474 126 23 workmen
790 1474 26 21 to
829 1478 45 16 run
886 1477 33 23 up
937 1469 56 24 bills
1012 1469 59 24 with
1085 1470 40 23 the

593 1512 181 31 neighbouring
786 1509 172 30 storekeepers,
971 1507 46 24 but
1029 1507 31 24 he
1073 1507 51 24 also

593 1556 65 21 went
669 1550 101 26 himself
784 1552 26 22 to
822 1549 70 25 these
911 1548 85 32 people
1009 1548 49 24 and
1069 1547 54 25 bor-

592 1592 79 25 rowed
693 1599 88 23 money
806 1590 63 25 from
885 1589 76 24 tlieni.
1007 1588 40 24 He
1059 1588 66 24 drew

593 1632 47 24 two
652 1638 69 17 sums
740 1629 159 31 aggregating
919 1628 74 23 about
1013 1627 68 23 £4=50
1093 1634 31 16 on

592 1674 46 20 two
650 1667 252 33 progress-payments
913 1674 6 20 ;
938 1665 49 24 and
1008 1665 19 23 it
1039 1665 21 23 is
1080 1665 43 23 not

592 1708 88 23 known
692 1708 54 23 that
757 1705 33 24 he
800 1705 57 30 paid
876 1712 16 16 a
910 1703 79 32 single
1001 1710 82 24 penny
1100 1702 23 24 oi

592 1748 56 25 that
659 1754 90 24 money
761 1748 24 22 to
794 1752 47 25 any
850 1744 125 25 workmen
986 1741 135 32 employed.

592 1787 54 24 The
658 1785 77 26 result
752 1792 50 17 was
819 1784 57 24 that
899 1783 43 24 the
965 1782 158 24 workmen-

592 1827 70 23 there
679 1832 61 18 were
757 1824 95 24 sixteen
871 1821 26 25 of
918 1820 100 25 them—
1020 1819 103 24 suffered

591 1874 32 16 an
643 1872 103 23 average
768 1863 50 23 loss
841 1861 27 24 of
885 1862 64 22 from
968 1860 52 23 £11
1035 1861 24 22 to
1071 1860 50 22 £16

592 1904 68 24 each.
689 1901 135 26 Workmen
836 1900 27 24 of
872 1899 55 24 that
939 1899 62 24 class
1013 1905 40 16 are
1064 1897 57 24 slow

591 1944 25 22 to
628 1944 79 22 assert
718 1939 66 25 their
794 1938 89 32 rights.
917 1935 123 32 Probably
1052 1935 69 24 there

591 1983 22 24 is
635 1991 33 15 no
696 1981 62 24 class
778 1980 26 23 of
821 1978 125 26 workmen
968 1985 27 16 so
1018 1977 58 24 slow
1097 1978 25 22 to

592 2020 91 32 agitate
695 2019 64 24 their
770 2018 77 31 rights
868 2017 63 24 than
948 2016 69 23 these
1029 2015 92 24 miners

592 2058 51 25 ancT
652 2058 56 32 pick
717 2057 49 24 and
778 2055 83 25 shovel
873 2063 66 16 men.
967 2054 29 25 In
1008 2053 51 25 this
1068 2060 55 17 case

591 2099 70 24 these
673 2105 64 20 men,
758 2095 92 31 chough
862 2094 59 31 they
933 2093 67 25 knew
1013 2093 54 25 that
1080 2092 42 24 the

592 2140 122 30 employer
733 2137 50 24 had
799 2135 110 25 received
919 2161 3 3 .
928 2135 68 23 £425
1017 2133 104 25 without

592 2179 138 30 disbursing
751 2186 14 14 a
777 2177 78 31 single
867 2183 89 23 penny,
975 2174 110 24 declined
1097 2177 25 24 to

591 2220 45 30 put
658 2217 51 24 him
729 2217 52 23 into
801 2217 42 23 the
864 2214 159 32 Bankruptcy
1044 2213 78 25 Court

591 2265 27 15 so
630 2258 53 24 that
700 2257 32 22 he
752 2254 81 24 would
852 2253 62 23 have
935 2253 26 23 to
973 2254 65 24 state
1054 2252 68 24 what

590 2296 30 22 he
632 2295 48 23 had
692 2295 64 23 done
763 2294 3 3 '
775 2292 59 24 with
853 2291 43 24 the
916 2298 96 23 money.
1048 2290 15 23 I

591 2340 79 17 aware
682 2333 55 23 that
749 2338 15 16 a
773 2330 148 31 -gentleman
933 2328 90 24 offered
1035 2329 25 23 to
1074 2336 48 25 pay

591 2373 53 24 hall:
655 2372 44 24 the
710 2378 119 23 expences
851 2371 27 22 to
897 2368 86 24 enable
999 2367 52 25 this
1069 2369 53 29 step

591 2415 26 23 to
634 2413 30 25 be.
676 2413 81 27 taken,
769 2410 46 24 but
826 2409 43 25 the
877 2408 123 26 workmen
1011 2406 112 26 declined

592 2456 25 23 to
634 2461 79 19 move,
733 2452 87 31 saying
838 2450 20 24 it
874 2458 49 16 was
935 2448 57 31 only
1004 2448 119 30 throwing

591 2495 62 30 good
666 2500 89 23 money
772 2492 62 23 after
856 2490 56 28 bad,
924 2489 56 23 -and
991 2489 42 23 the
1045 2488 76 24 result

592 2540 51 17 was
654 2532 56 24 that
729 2530 43 24 the
789 2530 138 24 contractor
946 2529 42 30 got
1007 2526 36 26 off
1059 2526 62 25 with

591 2571 38 24 hi?
641 2571 36 23 ill-
681 2572 85 29 gotten
782 2568 78 31 gains.
897 2567 35 24 To
951 2573 64 18 some
1035 2565 25 24 of
1081 2568 42 21 the

592 2617 57 16 men
662 2615 77 28 wages
751 2614 62 19 were
824 2606 88 30 owing.
916 2605 37 24 for
961 2610 48 19 two
1017 2611 28 16 or
1054 2603 69 24 three

592 2647 107 28 months,
734 2645 50 25 and
812 2647 27 22 m
859 2643 71 25 other
961 2650 65 17 cases
1053 2641 70 25 fora

591 2689 96 25 month.
739 2685 63 27 The.
820 2684 203 32 Supplementary
1046 2681 77 26 Order

594 2730 87 30 Paper,
699 2726 82 27 which
792 2726 14 24 I
824 2726 86 30 expect
930 2724 49 25 will
999 2723 30 25 be
1040 2722 84 25 issued

593 2767 104 31 shortly,
715 2765 51 25 will
784 2763 101 26 coutain
905 2763 95 24 clauses
1019 2763 26 23 to
1057 2763 67 23 meet

593 2806 43 24 the
664 2804 115 32 question
806 2803 27 24 of
866 2803 257 30 progress-payments.

594 2845 52 24 The
657 2842 107 32 practice
784 2841 28 25 of
829 2840 114 30 allowing
954 2847 15 15 a
987 2840 138 23 contractor

594 2885 26 23 to
639 2882 66 25 draw
730 2879 261 34 progress-payments,
1020 2877 105 24 without

594 2923 122 24 reference
728 2924 32 21 to.
773 2921 42 23 the
832 2919 61 27 fact,
903 2918 55 24 that
977 2918 33 24 he
1027 2917 107 31 maybe,

594 2964 79 29 owing
684 2962 63 24 from
759 2967 46 17 one
816 2961 26 22 to
862 2958 38 24 six
916 2958 108 23 months'
1037 2965 87 22 wages,

594 3005 21 22 is
636 3012 15 15 a
662 3009 84 23 wrong
770 3008 54 19 one,
842 2998 50 24 and
912 3005 68 17 some
999 2997 126 31 provision

595 3041 87 25 should
694 3040 29 24 be
735 3040 72 23 made
827 3040 26 22 to
876 3036 66 25 limit
962 3036 51 24 this
1034 3037 92 29 system

595 3080 26 24 of
638 3078 111 31 drawing
771 3076 243 32 progress-payment.
1049 3073 25 24 If
1083 3073 43 24 the

595 3122 139 24 contractor
751 3117 47 24 has
823 3116 56 31 paid
899 3114 35 26 all
951 3122 80 24 wages
1043 3114 26 24 m
1081 3114 44 24 lull

596 3168 32 23 up
640 3161 25 25 to
685 3160 41 24 the
745 3158 113 31 previous
877 3154 115 33 pay-day,
1010 3154 62 25 thon
1094 3154 33 24 he

595 3198 89 26 should
691 3198 29 24 be
729 3194 100 27 allowed
839 3197 24 21 to
872 3192 86 26 draw'f
961 3194 33 23 ull-

589 3241 2 4 --'
596 3239 137 30 payments,
742 3252 3 4 -
753 3234 45 25 but
805 3239 3 12 :
818 3234 24 26 if.
847 3233 41 24 he.
899 3233 20 24 is
940 3232 26 24 in
971 3240 103 20 -arrears,
1084 3231 42 24 the
1133 3243 2 4 •

596 3278 46 23 law
660 3274 88 26 should
753 3274 3 4 '
765 3274 53 28 step
831 3273 43 24 m-
881 3271 48 24 and
935 3292 3 4 .
948 3279 43 22 say
1010 3269 56 25 that
1074 3288 2 3 .
1085 3270 43 24 the

596 3316 138 26 contracted
763 3311 64 24 shall
842 3331 14 3 ..
862 3310 96 25 retain.,
966 3309 49 25 hig.
1033 3316 101 25 .money,

599 3353 62 25 until
673 3353 61 24 such
754 3353 104 28 tii«e.,a,3
871 3350 42 25 the
929 3349 207 35 w,qrknicn..liaya:

598 3393 49 23 had
658 3392 61 22 time
736 3389 72 25 make
827 3398 15 14 a
865 3388 72 24 claim
958 3391 24 21 to
1003 3391 43 21 the
1066 3388 62 24 local

598 3432 62 26 body
692 3430 74 24 under
895 3428 162 24 Contractors'
1081 3428 56 27 and.

598 3462 157 35 Workmen's'
762 3468 63 26 Lien
838 3455 52 42 Ac£
901 3465 81 30 TSD2,
987 3470 4 7 1
996 3470 5 9 '
1013 3455 34 37 'or

598 3510 154 25 Workmen's
766 3508 94 31 Wsgea.
867 3505 62 31 Act,-;
1054 3506 14 24 I
1080 3506 49 24 find
1136 3504 2 35 |

598 3553 69 29 great
685 3548 121 31 difficulty
826 3548 24 23 m
871 3547 110 30 meeting
1000 3547 41 23 the
1066 3555 63 19 case,

598 3589 49 25 and
660 3589 12 24 I
685 3587 90 26 should
785 3586 30 24 be
831 3586 43 24 the
890 3586 48 23 last
950 3586 25 23 to
988 3587 38 28 try
1039 3586 26 23 to
1085 3587 45 28 put

599 3638 49 23 any
658 3630 46 22 bar
714 3629 28 23 m
761 3627 44 24 the
814 3634 62 23 -way
887 3626 27 24 of
929 3625 43 24 the
988 3624 74 25 small
1073 3631 57 18 con-

599 3670 105 23 tractors
716 3667 128 30 tendering
854 3665 37 24 for
902 3666 133 23 contracts.
1071 3662 59 26 Pos-

601 3707 62 31 sibly
674 3706 76 23 there.
755 3705 27 25 is.
788 3718 12 15 v
801 3712 31 17 no
845 3711 67 19 more
934 3702 79 24 useful
1031 3702 64 25 class
1108 3701 27 25 of

591 3762 3 4 •
600 3745 134 31 employer?
746 3743 62 24 than
827 3742 47 27 .the
881 3740 86 26 ''small
985 3743 147 22 contractors

599 3782 28 23 m
693 3780 94 30 colony.
891 3805 21 4 _
964 3780 15 27 ..'
1128 3796 3 3 •
1136 3802 2 3 .

636 3925 158 24 MEETING
813 3925 42 24 OF
879 3924 187 25 DELEGATE
1094 3943 2 5 .

636 3992 22 25 A
674 3992 112 31 meeting
814 3992 26 24 of
862 3991 121 34 delegates
1007 3991 63 25 from
1092 3991 42 24 the

602 4036 99 26 Liberal
721 4035 165 25 Associations
906 4041 25 20 at
950 4036 100 30 Oxford,
1075 4036 58 24 Kai-

603 4081 55 31 apoi
675 4080 49 25 and
742 4080 133 31 Rangiora,
893 4088 50 17 was
962 4080 71 30 _held_
1042 4084 39 25 .at.
1088 4081 47 28 .the

602 4124 49 25 last
664 4123 138 26 mentioned
813 4123 69 31 place
896 4132 30 16 on
936 4123 113 32 Tuesday
1062 4132 71 16 even-

602 4167 52 31 ing.
689 4167 80 24 There
775 4189 2 5 :
789 4175 63 18 were
863 4171 99 28 present
974 4175 5 16 :
998 4167 93 24 Messrs
1103 4166 31 25 B.

576 4205 2 17 1
605 4210 79 30 Stent,
703 4211 28 25 C;
766 4210 113 30 Hanaen,
903 4211 49 24 and
986 4211 40 25 W.
1056 4210 79 31 Erigle

577 4253 6 32 ',
604 4254 104 32 Kaiapoi
720 4264 6 22 ;
745 4255 94 25 Messrs
851 4255 29 24 R.
894 4254 34 26 H.
941 4255 88 24 Parish
1031 4253 4 15 1
1042 4254 48 24 and
1097 4250 37 28 H.

594 4299 123 31 JJaming,
730 4297 111 31 Oxford.;.
849 4298 197 30 and.Messrs-H.
1056 4297 79 31 l^.Qyd,

576 4356 2 16 i
605 4344 29 24 A.
649 4339 145 30 Shanktand
805 4342 50 26 arid
867 4343 34 25 H.
915 4344 30 24 L.
958 4343 99 29 Roger?,
1070 4341 67 25 Ran-

577 4403 1 17 ;
604 4388 87 31 giora.,
712 4410 2 2 .
728 4387 53 24 The
805 4387 128 32 following
948 4386 120 39 .platform
1075 4409 8 9 y
1087 4393 49 20 was

598 4447 2 4 .
605 4428 173 32 unanimously
792 4429 91 31 ,agr,eed
890 4428 4 4 '
899 4431 27 25 to
943 4436 39 17 on.
988 4450 3 5 ,
999 4428 81 29 xvhich
1088 4449 3 3 .
1098 4451 3 2 .
1106 4430 31 25 ,to

577 4457 7 10 '■'
597 4457 3 11 '
652 4467 1 2 ■
764 4459 47 18 '"''V
840 4455 32 19 i'J*
883 4457 13 17 ii
903 4457 7 17 i
932 4459 20 13 'if
963 4457 41 16 y'.-'l
1017 4460 2 4 '
1033 4454 4 6 '
1047 4464 4 5 •
1058 4453 40 18 '.*">.'
1107 4457 6 9 '"■

577 4479 12 25 S;
605 4471 64 33 figllt
685 4473 56 25 the.
746 4480 99 23 coming
856 4471 103 26 election
964 4471 9 24 ':
982 4471 155 34 ..N.q.'fuytber,

576 4526 2 10 i
606 4511 52 25 sale
673 4511 26 25 6f
715 4509 91 27 Crown
828 4510 85 25 Lands
930 4509 50 26 and

1161 186 152 25 revaluation
1332 185 27 26 of
1380 193 69 17 same
1460 195 6 21 ;
1492 184 37 34 (2)
1547 183 142 26 immediate

1161 230 145 30 acquisition
1323 229 27 25 of
1375 229 60 25 land
1457 229 38 24 for
1514 229 67 26 close,
1607 226 82 27 settle-

1160 274 69 22 ment
1240 273 26 24 m
1278 273 65 24 close
1354 272 134 31 proximity
1499 275 26 19 to
1536 272 80 23 towns
1627 279 6 20 ;
1652 271 37 31 (3)

1160 315 41 24 old
1222 323 45 24 age
1286 316 117 31 pensions
1414 322 8 21 ;
1440 313 36 34 (4)
1499 313 143 25 immediate
1652 321 37 17 re-

1160 358 64 25 form
1233 367 26 17 or
1267 359 119 26 abolition
1397 358 26 25 of
1432 359 42 24 the
1487 357 86 31 Upper
1584 356 86 26 House
1680 364 6 22 ;

1161 402 35 32 (5)
1214 403 42 24 the
1267 402 157 26 referendum
1436 411 5 21 ;
1461 400 36 33 (6)
1515 408 15 17 a
1553 400 136 32 graduated

1159 445 97 25 income
1276 449 59 26 tax;
1354 446 36 31 (7)
1410 452 33 16 no
1463 444 130 24 candidate
1614 446 26 22 to
1660 443 29 25 be

1159 489 113 25 declared
1287 489 93 25 elected
1399 489 25 23 to
1441 487 151 25 Parliament
1603 487 85 24 unless

1159 533 32 24 he
1201 535 65 29 polls
1278 542 14 15 a
1308 533 115 31 majority
1440 532 26 23 of
1481 531 43 24 the
1535 533 68 22 votes
1615 533 53 22 cast
1681 539 5 20 ;

1160 576 35 31 (8)
1208 583 14 17 a
1241 576 69 25 State
1327 575 66 25 bank
1409 574 59 24 with
1485 581 16 17 a
1511 573 133 31 monopoly
1664 573 25 24 of

1158 620 59 24 note
1229 620 66 25 issue
1306 627 6 22 ;
1332 620 35 33 (9)
1381 618 43 25 the
1435 618 108 31 primary
1555 618 92 30 system
1660 616 27 25 of

1158 665 127 24 education
1296 665 27 23 to
1346 664 30 24 be
1396 662 153 25 maintained
1562 661 32 27 ,m
1605 661 33 25 its
1649 661 39 24 in-

1160 707 97 31 tegrity,
1276 707 49 24 and
1335 706 130 30 secondary
1481 704 128 25 education
1621 706 26 23 to
1659 703 29 26 be

1157 750 50 23 free
1227 752 26 21 to
1264 750 35 24 all
1320 749 108 24 children
1440 748 55 24 who
1517 747 63 25 have
1599 747 88 31 passed

1152 793 48 25 -the
1219 792 73 26 Sixth
1322 792 137 25 Standard:
1494 790 55 32 (10)
1574 790 55 25 that
1654 790 34 23 all

1157 837 129 31 questions,
1309 835 132 26 submitted
1463 837 26 21 to
1512 834 42 24 the
1580 833 103 32 popular

1158 882 55 24 vote
1224 881 29 24 be
1270 879 100 25 decided
1387 879 33 31 by
1437 886 15 17 a
1469 877 116 32 majority
1602 877 27 25 of
1643 877 44 25 the

1156 925 69 22 votes
1242 925 60 22 cast.
1354 922 21 23 A
1398 921 59 31 long
1485 921 135 24 discussion
1629 920 57 27 took

1157 967 69 31 place
1243 974 31 16 on
1282 965 43 26 the
1342 973 46 17 one
1406 972 56 17 man
1485 971 47 17 one
1546 964 65 24 vote,
1619 962 66 33 prin-

1156 1010 77 31 ciple;
1260 1011 52 24 also
1330 1017 30 17 on
1378 1008 43 25 the
1445 1007 68 32 eight
1534 1007 74 25 hours
1636 1006 50 25 and

1156 1054 133 23 minimum
1309 1062 66 22 wage
1397 1052 137 31 questions,
1551 1049 45 26 but
1615 1051 72 24 these

1154 1096 87 32 planks
1253 1103 61 18 were
1332 1095 83 25 struck
1433 1097 43 22 out
1496 1093 60 26 each
1575 1093 32 32 by
1626 1093 57 26 four

1154 1142 68 23 votes
1240 1142 26 23 to
1283 1140 79 24 three.

1154 1267 23 24 A
1187 1272 199 19 correspondent
1407 1264 27 24 m
1454 1263 43 26 the
1518 1263 96 31 Sydney
1624 1263 59 24 Bul-

1155 1312 55 23 letin
1221 1312 79 23 writes
1314 1316 27 17 as
1358 1309 94 24 follows
1463 1316 5 16 :
1474 1322 30 4 —

1187 1350 110 24 Premier
1308 1348 64 24 Dick
1397 1347 106 27 Seddon,
1522 1345 26 24 of
1566 1345 79 28 M.L.,
1662 1344 22 24 is

1154 1389 114 29 bringnig
1278 1388 25 23 m
1316 1395 15 16 a
1341 1387 53 24 Bill
1412 1385 117 24 intended
1540 1386 27 22 to
1586 1385 98 30 prevent

1154 1434 83 24 usury,
1271 1425 140 25 Maximum
1421 1423 104 25 interest
1541 1421 104 33 payable
1656 1429 29 16 or

1152 1467 154 24 recoverable
1318 1467 25 23 to
1354 1466 29 23 be
1392 1466 15 23 8
1419 1471 43 24 per
1479 1464 63 27 cent,
1555 1463 50 23 and
1612 1462 71 24 when

1152 1512 34 16 no
1201 1506 52 22 rate
1265 1504 25 24 of
1305 1503 103 24 interest
1419 1502 21 24 is
1448 1500 125 32 specified,
1594 1499 61 25 then
1668 1499 21 27 6.

1207 1545 64 22 cent.
1283 1542 66 31 only.
1391 1540 83 24 Loans
1485 1540 26 23 to
1522 1538 31 25 be
1564 1537 47 25 full
1622 1536 67 26 cash;

1152 1584 105 25 without
1266 1582 137 28 deduction,
1421 1581 35 25 all
1467 1580 68 24 loans
1543 1578 137 26 renewable

1153 1627 26 21 at
1207 1632 66 16 same
1282 1631 4 5 '
1298 1624 53 22 rate
1379 1621 50 25 and
1457 1620 103 31 payable
1589 1620 26 23 at
1637 1626 46 17 one

1152 1664 104 24 month's
1268 1662 79 26 notice
1358 1669 27 17 or
1396 1669 47 17 one
1456 1660 107 24 month's
1570 1659 111 24 interest.

1151 1702 57 23 But-
1214 1702 63 23 what
1289 1700 95 25 Seddon
1396 1699 92 31 forgets
1499 1698 22 24 is
1534 1697 54 24 that
1608 1703 75 23 usury

1151 1744 92 22 cannot
1254 1741 30 25 be
1303 1742 46 30 put
1365 1740 73 24 down
1447 1742 6 26 J
1470 1738 27 25 m
1521 1737 58 29 fact,
1591 1736 21 25 it
1632 1737 49 24 act-

1151 1782 67 31 ually
1228 1782 118 24 increases
1358 1780 43 24 the
1422 1779 102 25 interest
1534 1777 33 33 by
1577 1777 104 24 increas-

1150 1821 44 30 ing
1205 1820 42 24 the
1257 1819 51 25 risk
1320 1824 25 19 to
1362 1818 60 30 Ikey
1446 1818 51 28 Mo,
1519 1817 48 24 and
1587 1825 25 15 as
1623 1815 59 30 Ikey

1151 1861 40 23 Mo
1198 1853 55 33 .has
1265 1860 41 24 the
1318 1858 62 25 back
1399 1857 103 24 balance
1517 1856 50 23 and
1578 1855 102 30 Empty-

1149 1908 72 23 purse
1233 1900 43 24 has
1288 1900 51 28 not,
1361 1898 61 30 Ikey
1445 1897 88 31 simply
1553 1902 56 24 says
1619 1902 6 16 :

1150 1940 63 23 ton't
1224 1940 61 23 vont
1296 1940 25 22 to
1344 1937 52 24 lent
1414 1934 168 31 monish,?my
1602 1935 78 26 vrent,

1146 1976 138 33 .but'if'you
1295 1977 67 23 must
1373 1974 57 25 hafe
1443 1974 29 29 it,
1490 1982 31 22 vy
1532 1972 57 25 look
1599 1973 28 28 ,at
1639 1971 42 25 the

1149 2016 52 24 risk
1210 2015 15 24 I
1236 2023 54 20 run,
1325 2014 13 24 I
1349 2015 68 23 can't
1436 2013 31 24 do
1476 2012 21 24 it
1507 2012 39 24 for
1556 2011 49 25 less
1619 2010 62 24 than

1149 2058 49 21 two
1209 2053 102 25 huntret
1321 2060 43 23 per
1506 2049 55 24 And
1572 2049 104 30 Empty-

1150 2100 72 23 purse
1232 2091 44 24 has
1289 2093 25 22 to
1325 2098 47 23 pay
1384 2097 27 16 or
1422 2097 30 22 go
1470 2088 111 24 without.

1183 2129 59 27 This
1264 2129 21 23 is
1309 2128 42 23 the
1372 2133 113 18 common
1506 2125 62 24 view
1594 2124 27 24 of
1638 2124 43 23 the

1151 2177 62 17 case,
1232 2168 44 23 but
1293 2166 42 23 the
1357 2163 107 27 Bulletin
1487 2163 122 31 disagrees
1621 2161 61 25 with

1150 2208 43 25 the
1205 2215 113 17 common
1327 2206 67 29 view,
1408 2213 26 17 as
1447 2203 79 26 usual.
1556 2203 54 24 The
1621 2210 60 17 man

1150 2249 55 25 who
1222 2248 106 24 borrows
1342 2247 62 24 from
1416 2245 22 25 I.
1462 2245 43 24 Mo
1528 2245 89 24 almost
1638 2243 43 24 al-

1150 2281 65 39 ways
1222 2288 59 24 ends
1293 2288 27 23 m
1333 2288 39 23 the
1384 2286 146 30 Insolvency
1543 2285 88 24 Court.-
1656 2283 33 25 If'

1150 2328 32 24 he
1206 2329 66 23 can't
1295 2329 40 29 get
1354 2333 90 23 money
1466 2325 64 24 from
1553 2324 68 24 Isaac
1638 2323 43 24 Mo

1151 2368 79 30 owihg
1241 2369 26 23 to
1281 2367 42 24 the
1334 2373 77 23 usury
1427 2366 68 28 laws,
1513 2363 62 25 then
1589 2363 33 25 he
1634 2363 47 24 will

1151 2408 88 31 simply
1264 2415 31 23 go
1320 2408 25 23 to
1368 2406 44 24 the
1434 2404 147 31 Insolvency
1605 2403 76 26 Court

1150 2447 82 25 before
1253 2446 31 24 he
1313 2445 46 24 has
1394 2443 60 25 been
1495 2442 106 31 through
1619 2441 62 25 Mo's

1150 2486 79 25 hands
1254 2485 97 24 instead
1420 2484 75 30 going
1513 2483 76 26 there.
1602 2506 3 3 .
1607 2483 78 25 after*.

1151 2525 140 27 Therefore,
1309 2523 70 24 there
1390 2521 22 25 is
1424 2530 33 16 no
1466 2521 116 31 hardship
1584 2539 16 8 ...
1601 2520 27 24 m
1640 2519 41 25 the

1151 2566 75 24 client
1253 2564 93 33 haying
1374 2565 26 22 to
1422 2570 32 24 go
1471 2561 112 25 without.
1590 2583 4 6 ,
1628 2560 52 25 The

1151 2611 76 23 usury
1240 2622 2 8 ,
1251 2603 48 24 law
1322 2603 65 23 can't
1410 2602 57 23 well
1489 2600 73 24 make
1596 2599 86 32 things

1151 2652 76 17 worse
1243 2643 37 24 lor
1296 2641 43 25 the
1355 2641 121 25 borrower
1483 2646 9 23 ;
1522 2641 40 23 the
1579 2646 102 25 average

1152 2682 51 25 Mo.
1210 2679 59 28 'now
1280 2680 69 27 takes
1361 2679 145 32 everything
1518 2678 32 26 he
1567 2678 54 29 has,
1633 2678 50 26 and

1151 2723 109 25 however
1271 2721 76 25 much
1368 2721 30 25 he
1420 2721 78 25 wants
1521 2721 26 24 to
1570 2719 63 25 raise
1638 2720 45 26 .his

1151 2766 66 22 rates
1229 2768 24 19 to
1266 2770 70 17 cover
1345 2764 67 22 extra
1424 2760 58 29 risk:,
1501 2760 33 24 he
1546 2761 64 23 can't
1617 2761 4 15 :
1624 2760 57 24 take

1153 2812 67 16 more
1240 2803 61 24 than
1327 2803 60 23 that.
1423 2801 34 24 As
1480 2800 90 31 things-
1570 2808 63 25 -axe
1650 2800 33 24 he

1153 2844 90 24 almost
1266 2843 90 30 always
1374 2841 79 25 drives
1470 2841 41 25 his
1528 2841 77 24 client
1628 2841 54 23 into

1153 2881 152 32 bankruptcy
1316 2888 5 21 ;
1340 2880 77 24 under
1428 2878 173 33 the.p.roppsed
1609 2885 75 24 usury

1153 2923 53 25 law;
1210 2921 21 25 it
1247 2921 51 25 will
1314 2920 30 24 be
1361 2920 37 24 far
1414 2920 48 24 less
1480 2919 52 23 safe
1544 2920 25 23 to
1591 2918 30 24 do
1647 2925 36 26 sp,

1153 2963 102 24 because
1266 2961 61 24 then
1343 2960 42 24 the
1398 2961 67 29 story
1481 2959 25 23 of
1525 2958 43 24 the
1582 2960 49 22 200
1641 2965 44 24 per

1154 3001 73 28 shen.t
1240 2999 58 25 -will
1314 3000 28 22 be
1360 2997 53 25 told
1431 2999 26 22 to
1468 2996 43 25 the
1532 2996 94 24 Official
1638 2997 45 23 As-

1154 3039 90 30 eignee,
1269 3036 49 24 and
1335 3036 30 23 he
1391 3035 50 24 will
1463 3034 79 28 make,
1560 3041 59 24 very
1635 3033 49 25 bad

1156 3076 92 25 trouble
1259 3074 38 25 for
1308 3075 41 23 the
1359 3071 143 26 usurgrMn
1514 3071 70 25 other
1590 3070 99 31 Vords/

1155 3114 50 25 Mo.
1205 3105 3 15 !
1224 3113 50 24 will
1293 3112 64 24 have
1373 3112 166 30 quit_eaa._n.ejw
1560 3109 125 29 ince.n&ve

1154 3153 26 24 to
1191 3147 60 35 kfeep
1262 3150 39 24 his
1327 3149 74 25 client
1412 3149 44 23 ont
1482 3147 26 24 of
1524 3146 159 33 bankruptcy.

1155 3192 24 24 It
1189 3193 22 23 is
1222 3191 35 24 all
1281 3198 59 23 very
1358 3188 62 33 good
1443 3190 26 23 to
1492 3196 43 23 say
1561 3187 55 25 that
1643 3187 42 25 the

1155 3231 106 30 change-
1268 3230 52 24 will
1332 3229 70 24 make
1414 3229 40 23 thw
1471 3227 83 25 lender
1565 3234 66 17 more
1644 3234 41 17 ex-

1155 3271 123 26 horbitant
1290 3270 59 24 than
1367 3269 33 24 he
1410 3269 22 24 is
1441 3278 6 19 ;
1471 3268 40 24 the
1523 3262 86 38 writ§g
1623 3274 27 17 as
1672 3274 15 16 a

1147 3326 4 4 •
1156 3310 87 32 pei^on
1255 3309 54 25 wlio
1321 3310 43 24 has
1366 3308 16 17 rt
1382 3302 124 35 b6rroy^ed^
1524 3306 162 31 frbm-inda^
1688 3315 2 4 1

1153 3352 67 24 •Jews
1232 3350 50 25 and
1300 3350 84 24 others
1399 3349 28 24 m
1438 3356 75 24 many
1525 3347 79 30 lands,
1629 3355 57 17 con-

1156 3389 208 32 fidently'reports
1376 3388 63 29 that;
1450 3388 33 23 he
1487 3395 7 9 r
1495 3388 63 28 eqn't
1579 3386 29 24 be
1619 3393 70 24 more;

1158 3426 137 26 exorbitant
1308 3426 60 24 than
1379 3426 29 23 he
1418 3426 31 23 is.
1494 3424 56 24 You
1569 3424 79 30 might
1659 3426 30 21 as'

1164 3452 55 17 ■•■;(■■
1327 3458 1 3 •
1429 3463 2 2 .
1451 3453 3 2 '

1149 3465 61 27 •well
1222 3470 38 26 try
1278 3468 25 22 to
1316 3465 68 25 make
1396 3473 12 15 a
1429 3471 83 24 corpse
1523 3462 88 26 deader
1629 3464 58 24 than

1157 3506 31 23 he
1196 3504 37 24 is.'
1551 3508 6 10 T
1560 3525 3 3 .
1571 3508 59 19 ■:.V
1633 3508 2 9 i
1637 3507 52 21 .;i:i.

1146 3614 541 36 MONEY.

1211 3671 4 15 ;
1350 3673 52 27 (The
1417 3673 80 26 People.

1193 3734 85 38 lender
1289 3733 43 25 the
1344 3733 108 32 heading
1465 3729 108 28 "AJust'

1157 3778 59 26 .tUat
1241 3776 112 32 splendid
1375 3776 136 30 magazine,
1536 3775 53 24 The
1601 3775 88 26 Arena,

1162 3820 125 33 publishes
1315 3827 15 17 a
1357 3818 165 28 contribution
1547 3827 32 16 on
1606 3818 84 32 Judge

1162 3862 125 31 Caidwell,
1305 3871 46 17 one
1377 3862 27 26 of
1421 3863 42 24 tho
1475 3864 66 22 most
1568 3862 55 24 able
1648 3869 40 17 ex-

1162 3909 104 29 ponents
1274 3906 26 25 of
1309 3907 47 24 law
1367 3906 69 28 from;
1436 3925 2 5 r
1440 3905 149 30 thejudicial
1599 3902 89 27 bench.

1162 3947 33 23 At
1206 3954 15 16 a
1232 3945 60 24 time
1312 3945 68 23 when
1408 3945 47 23 The
1466 3944 109 30 Pcople'q
1595 3943 96 24 articles

1162 3997 33 17 on
1215 3996 88 23 money
1332 3985 41 27 a\*e
1405 3982 132 30 discussed'
1552 3984 49 26 ahd
1606 3992 2 4 1
1629 3985 62 25 hare

1162 4032 63 25 been
1244 4031 152 25 condemned
1418 4030 33 32 by
1472 4030 38 25 Dr
1527 4029 105 31 Findlay
1644 4031 47 24 and

1164 4076 91 28 others,
1273 4076 20 23 it
1304 4075 22 24 is
1338 4074 54 25 well
1409 4076 25 23 to
1446 4074 59 25 note
1508 4073 183 33 Jhejjpinion^

1164 4118 96 28 ofsvich
1281 4125 32 17 an
1325 4118 53 24 able
1387 4117 74 32 jurist
1488 4124 27 17 as
1527 4116 80 29 Judge
1620 4118 71 24 Galdr

1164 4161 66 25 well.
1264 4161 40 24 lie
1315 4168 56 24 says
1392 4168 5 17 :
1518 4167 27 17 as
1557 4168 15 16 a
1583 4167 108 18 measure

1164 4206 25 24 of
1200 4204 72 26 value
1284 4204 48 24 aad
1344 4212 14 17 a
1369 4204 64 31 legal
1444 4203 85 26 tender
1540 4203 27 25 m
1580 4204 39 24 the
1630 4212 61 24 pay-

1164 4247 124 29 ment^of:^
1294 4247 77 30 debts;
1394 4247 22 25 is
1471 4245 108 27 cfea'tlon
1590 4248 39 24 '6?
1635 4249 56 24 l&w.

1167 4295 25 23 it
1204 4299 54 24 may
1270 4291 30 25 ba
1317 4292 64 31 gold,
1406 4291 84 30 silver,'
1501 4299 95 23 copper,
1609 4298 82 25 paper;

1166 4346 28 16 or
1204 4344 49 22 any
1270 4336 72 24 other
1362 4335 139 30 substance,
1520 4335 49 24 -but
1581 4333 27 26 of
1617 4335 74 25 what-

1165 4387 58 18 ever,
1232 4379 130 25 substat»ce
1362 4379 17 14 X;
1384 4378 72 25 made
1459 4379 6 27 j
1479 4386 3 10 :
1491 4377 42 25 it's'
1544 4376 75 27 'value
1637 4386 28 17 as
1682 4386 9 17 a

1166 4422 144 30 circulating
1319 4420 111 25 medium
1442 4420 50 25 and
1503 4427 15 17 a
1535 4420 66 31 legal
1604 4420 87 25 lienaer

1166 4466 26 23 m
1208 4466 130 31 payments
1348 4464 27 24 of
1389 4463 78 29 debts,
1485 4463 22 25 is
1524 4463 100 25 derived
1632 4464 59 25 from

1159 4500 50 33 the
1219 4507 68 26 laws-
1298 4507 27 25 of
1340 4514 68 22 men,
1426 4506 51 26 and
1503 4507 47 25 not
1571 4506 64 26 from
1654 4507 37 26 the

1718 185 59 26 laws
1789 185 28 26 of
1824 186 99 24 nature.

1712 246 4 5 -
1751 228 24 25 It
1787 228 94 25 derives
1905 227 34 25 its
1963 226 72 26 value
2057 226 65 25 from
2133 226 44 28 the
2188 226 57 29 law,

1718 272 82 23 which
1814 272 85 26 makes
1908 271 19 23 it
1939 277 15 16 a
1968 270 64 31 legal
2043 270 87 24 tender
2141 270 27 24 m
2188 277 60 24 pay-

1717 316 70 23 ment
1798 315 25 24 of
1840 313 71 25 debts
1921 312 37 25 for
1965 313 46 24 the
2021 314 104 23 amount
2136 313 27 24 of
2174 313 74 25 debts

1718 357 129 32 expressed
1858 365 33 17 on
1910 357 34 24 its

1782 511 49 16 THE
1873 509 109 17 MIDLAND
2024 505 118 19 RAILWAY.

1716 568 22 24 A
1761 569 107 30 meeting
1878 567 27 25 of
1925 567 42 24 the
2000 566 87 24 Public
2120 565 126 24 Accounts

1717 610 145 27 Committee
1871 618 51 17 was
1931 609 78 25 called
2020 614 38 20 no'
2074 607 126 34 Sat.Sept.
2213 609 32 23 19

1715 656 27 25 m
1758 656 70 25 order
1847 656 52 25 that
1922 654 20 25 it
1962 662 57 22 may
2042 653 30 25 be
2092 653 154 24 ascertained

1716 698 108 26 whether
1850 707 28 17 or
1897 699 44 24 not
1952 697 120 25 members
2085 697 63 24 have
2174 696 72 24 made

1715 743 147 24 themselves
1885 743 146 23 conversant
2049 741 59 24 with
2132 740 41 23 the
2196 739 48 24 evi-

1715 786 74 25 dence
1809 785 74 26 taken
1911 784 135 30 respecting
2066 783 43 25 the
2129 782 116 32 petitions

1714 830 61 25 from
1791 830 42 24 the
1850 828 113 25 Midland
1982 827 110 31 Railway
2115 827 130 30 Company

1715 874 49 24 and
1786 872 174 26 bondholders.
2012 870 31 25 In
2066 869 68 33 reply
2160 868 24 26 to
2205 868 41 25 Mr

1715 918 27 24 O'
1747 917 93 31 Regan,
1859 916 54 25 who
1932 915 76 25 asked
2019 914 26 24 m
2060 914 42 24 the
2115 912 86 26 House
2212 921 40 15 on;

1714 961 91 31 Friday
1817 959 127 26 afternoon
1956 958 73 25 when
2050 957 43 25 the
2103 956 74 26 lands
2189 964 55 16 now

1713 1004 79 24 under
1812 1004 50 29 Jtien
1883 1003 27 25 of
1930 1002 44 25 the
1993 1001 115 25 Midland
2134 1000 110 30 Railway

1713 1049 127 30 Company
1852 1047 52 25 will
1915 1048 29 23 be
1956 1046 119 24 available
2096 1045 38 23 for
2156 1043 87 25 settle-

1713 1093 76 26 ment,
1802 1091 41 24 the
1855 1090 115 24 Minister
1982 1089 27 25 of
2017 1088 85 24 Lands
2113 1086 131 25 intimated

1713 1135 55 24 that
1780 1143 25 16 as
1817 1135 37 24 far
1866 1142 27 17 as
1913 1134 32 24 he
1957 1141 48 16 was
2017 1140 77 17 aware
2115 1131 43 24 th«
2170 1131 74 25 Com-

1713 1180 85 32 pany's
1810 1178 58 25 time
1886 1178 37 24 for
1946 1171 151 37 compliance
2116 1175 61 25 with
2201 1175 44 24 the

1712 1224 111 24 contract
1834 1221 82 25 would
1927 1220 82 31 expire
2020 1219 76 25 about
2104 1218 43 25 the
2155 1218 88 25 middle

1712 1265 27 25 of
1748 1265 114 28 October,
1880 1265 72 24 when
1963 1263 43 25 the
2021 1262 73 25 lands
2108 1262 76 24 under
2193 1262 50 24 lien

1711 1310 25 25 of
1748 1310 41 24 the
1798 1309 129 31 Company
1948 1306 79 27 would
2038 1306 99 25 become
2155 1306 87 25 Crown

1711 1354 92 25 Lands.

1727 1491 182 28 WOODSIDE
1932 1493 92 25 BAND
2050 1493 44 25 OF
2120 1491 104 26 HOPE.

1744 1558 59 26 This
1815 1559 72 25 Band
1899 1560 26 25 of
1932 1560 71 32 Hope
2011 1559 58 26 held
2080 1560 35 25 its
2126 1558 116 33 monthly

1710 1603 108 32 meeting
1828 1611 32 16 on
1872 1603 128 30 Thursday
2011 1604 41 25 the
2066 1603 69 26 17th.
2160 1603 81 24 There

1709 1654 48 16 was
1769 1655 24 16 a.
1808 1646 63 32 good
1894 1648 155 28 attendance,
2068 1647 50 24 and
2137 1655 15 15 a
2177 1646 64 32 good

1709 1698 153 22 programme
1874 1698 50 16 was
1935 1699 27 15 as
1974 1691 73 24 usual,
2054 1690 123 31 provided,
2192 1690 49 24 and
2246 1703 4 3 •

1709 1733 124 24 consisted
1850 1733 26 24 of
1887 1741 96 25 songs,-.
1988 1733 100 30 rounds,
2113 1733 126 33 dialogues

1709 1777 49 25 and
1769 1778 148 25 recitations.
1951 1777 61 26 Miss
2024 1778 117 25 Knowles
2152 1785 61 25 gave
2226 1785 14 17 a

1709 1829 57 22 very
1777 1822 62 30 good
1850 1822 129 24 recitation
1991 1822 49 24 and
2059 1830 50 16 was
2120 1822 126 27 thanked.;

1709 1864 54 24 The
1774 1864 67 24 chief
1857 1865 96 24 feature
1964 1865 26 23 of
2010 1865 44 25 the
2069 1865 110 33 meetiug
2189 1872 50 18 was

1709 1916 31 17 an
1753 1908 99 25 address
1864 1910 32 30 by
1906 1909 52 24 -the
1981 1910 69 23 Rev.-
2065 1909 29 24 T.
2115 1909 34 24 H.
2169 1909 70 31 Lyon

1709 1952 26 25 of
1746 1951 173 33 Waddington.
1953 1952 50 26 For
2014 1952 70 26 three
2095 1954 111 31 quarters
2216 1952 26 25 of

1709 2004 33 17 an
1754 1996 62 24 hour
1826 1997 32 23 he
1868 1996 59 25 held
1937 1997 42 23 the
1991 1997 122 25 attention
2124 1996 27 24 of
2160 2004 80 24 young

1709 2040 51 25 and
1770 2041 49 28 old,
1848 2040 74 24 while
1933 2040 32 24 he
1977 2040 73 31 spoke
2062 2048 33 16 on
2107 2040 61 24 such
2179 2040 59 31 pha-

1710 2092 38 16 ses
1760 2084 27 24 of
1803 2084 42 24 the
1862 2084 81 31 liquor
1965 2084 85 27 traffic,
2075 2092 26 16 as
2124 2091 114 19 revenue,

1709 2128 89 32 supply
1809 2128 50 24 and
1870 2128 114 30 demand,
1998 2128 44 31 Sly
2050 2136 61 23 grog
2116 2128 92 32 -selling'
2209 2142 30 3 —

1709 2172 109 31 Liberty,
1856 2171 88 30 Social,
1956 2171 121 28 financial,
2090 2171 49 26 and
2151 2172 87 27 moral,

1709 2216 82 24 effects
1803 2215 27 25 of
1838 2215 44 24 the
1901 2215 76 24 traffic
1996 2217 40 23 &c.
2058 2215 47 24 'At
2125 2215 40 24 iiho
2177 2222 61 17 con-

1709 2259 96 25 clusion
1815 2260 25 23 of
1850 2259 40 29 h^s
1899 2259 108 28 address,
2021 2265 17 18 a'
2047 2262 55 21 vote
2114 2259 27 24 of
2149 2258 91 25 thanks

1709 2304 25 22 to
1746 2302 43 24 the
1800 2302 102 31 speaker
1914 2310 32 17 on
1969 2303 41 23 the
2033 2302 94 24 motion
2153 2302 27 24 Of
2200 2302 40 24 Mr

1709 2346 133 31 Frarnplon
1853 2354 51 17 was
1921 2345 93 27 carried
2024 2346 32 31 by
2069 2346 174 30 acclamation.;

1709 2389 23 24 A
1748 2388 134 26 successful
1901 2389 108 31 meeting
2029 2396 49 17 was
2090 2389 108 31 brought,
2214 2390 26 22 to

1710 2441 14 16 a
1736 2432 65 25 close
1812 2432 31 33 by
1854 2432 41 25 the
1906 2440 66 24 song,
1988 2433 26 24 of
2121 2441 56 16 save
2196 2432 43 25 the

1710 2474 93 32 Cjueen.

1775 2615 165 43 ALLEGED
1964 2605 207 40 DUMMYISM.

1746 2691 58 21 The:
1816 2691 197 27 Commissioner,
2037 2691 42 21 Mr
2089 2713 2 6 ,
2098 2691 141 26 Marchant,

1710 2731 49 25 and
1775 2734 46 22 too
1839 2731 123 25 members
1975 2732 26 24 of
2011 2731 42 25 the
2072 2732 72 24 Land
2155 2732 84 30 board,

1710 2776 47 36 yiz.
1776 2775 91 25 Messrs
1900 2775 111 32 Pjcingle.,
2026 2791 4 12 ;
2030 2776 65 26 fiiid.
2101 2776 138 29 McMillan,

1710 2819 59 27 held
1793 2827 31 16 an
1843 2818 100 32 inquiry
1960 2821 25 23 at
2014 2819 42 25 the
2077 2819 162 29 Courthouse,

1712 2862 99 31 Oxford,
1832 2870 33 17 on
1886 2853 134 42 Thursday'
2034 2863 56 29 last,
2124 2864 117 31 touching
2243 2861 8 12 i

1712 2914 66 16 eases
1797 2906 26 24 of
1845 2906 93 32 alleged
1969 2907 159 32 Dummyism
2134 2907 4 4 '
2147 2915 33 16 on
2197 2907 43 25 the

1711 2947 69 26 View
1799 2949 52 24 Hill
1867 2949 104 31 ■Village-
1978 2950 167 24 -Settlement;
2162 2948 82 20 '>■/-■

1745 2992 52 25 The
1818 2993 89 31 parties
1922 2993 105 32 charged
2037 3001 63 16 were
2116 2993 40 24 Mr
2168 2994 25 24 J.
2211 2994 28 23 P.

1712 3036 66 28 Pole,
1795 3036 40 24 Mr
1847 3036 24 24 J.
1888 3037 115 29 Pearson,
2016 3037 49 24 and
2082 3037 40 24 Mr
2133 3037 108 25 Edward

1712 3080 118 25 Pearson.
1971 3081 64 20 •.•'••
2046 3090 36 11 -..-•
2124 3084 4 5 '
2143 3083 46 18 ■•->
2201 3079 5 16 :

1745 3123 52 24 The
1808 3124 91 23 matter
1909 3124 45 30 put
1966 3123 98 31 shortly.
2068 3124 22 23 is
2099 3132 25 15 as
2136 3123 103 25 follows:

1713 3167 51 24 The
1778 3165 74 26 Land
1868 3166 82 25 Board
1972 3166 141 25 considered
2146 3167 20 24 it
2173 3167 69 25 -their
2246 3183 5 11 :

1712 3210 61 32 duty
1787 3211 25 23 to
1827 3209 60 25 hold
1921 3217 31 17 an
1971 3210 101 31 enquiry
2091 3212 151 30 consequent

1713 3261 67 24 upon
1796 3253 4 16 ;
1800 3267 3 16 :
1814 3254 143 31 allegations
1979 3254 120 32 made__by
2117 3262 23 22 a,
2160 3254 84 28 settler.

1694 3307 3 2 -
1704 3322 2 2 .
1713 3297 89 29 Hajmecl
1824 3296 131 32 Mulligan.
1990 3297 21 24 A
2029 3297 104 25 number
2151 3299 27 24 of
2187 3299 54 24 wit-

1714 3347 89 18 nesses,
1825 3347 62 17 were
1921 3340 138 30 examined?
2093 3341 47 24 and
2157 3349 87 18 'some
2250 3356 2 7 .

1693 3412 2 6 _
2020 3386 144 23 statements
2182 3394 61 16 were

1714 3426 79 29 made,
1827 3426 80 25 which
1918 3427 79 24 would
2009 3428 63 24 have
2087 3429 88 30 proved
2195 3436 48 17 ev\-

1705 3469 137 32 -bq,r.assing
1853 3471 26 23 to
1890 3478 15 16 a
1916 3471 48 24 less
1976 3471 122 31 practiced
2105 3471 67 25 hand
2182 3473 60 24 than

1712 3508 43 30 liir
1767 3513 128 24 Marchant
1917 3514 26 23 m
1961 3514 111 33 eliciting
2085 3516 48 24 .the
2166 3518 77 28 truth,

1695 3562 2 4 '
1715 3557 112 24 however
1843 3556 54 25 that
1914 3557 142 31 gentleman
2076 3559 130 25 succeeded
2217 3560 27 24 m

1717 3599 194 32 accomplishing
1928 3609 14 15 a
1975 3603 65 23 most
2069 3601 93 26 careful
2171 3619 2 12 ;
2175 3603 70 24 >-and

1717 3643 142 24 exhaustive
1888 3643 111 32 enquiry,
2034 3645 43 24 the
2091 3663 4 3 .
2110 3645 78 24 result
2222 3646 26 23 of

1717 3687 84 24 which-
1813 3685 49 26 will
1879 3689 44 22 not
1940 3687 31 24 be
1988 3687 72 24 made
2076 3688 90 25 known
2183 3688 63 25 until

1717 3730 43 25 the
1768 3732 90 23 matter
1875 3730 122 26 has.beeii
2007 3731 141 25 considered
2161 3732 30 28 by
2204 3733 42 25 the

1717 3772 200 33 Land/Board;
1952 3773 53 24 The
2013 3781 68 17 cases
2097 3774 74 32 being
2189 3776 58 24 thus

1718 3817 39 24 sub
1783 3817 85 33 judice
1903 3816 45 27 We
1965 3816 31 26 do
2011 3819 45 23 not
2073 3818 48 24 feel
2136 3817 111 33 justified

1718 3862 26 23 at
1761 3855 108 36 present
1874 3861 28 24 m
1908 3861 111 31 'making
2030 3859 137 28 conith^nis
2173 3860 73 35 'upon

1718 3903 44 26 the
1935 3902 74 25 Later
2026 3911 31 16 on
2076 3912 36 16 we
2129 3913 40 16 are
2194 3906 4 6 '
2203 3908 45 21 not

1719 3953 55 16 sure
1791 3946 53 23 that
1852 3949 44 20 'we
1913 3945 49 24 will
1979 3948 44 21 not
2034 3945 49 25 feel
2094 3947 112 31 disposed
2222 3949 25 23 to

1699 3996 3 4 ■
1708 3993 6 7 '
1719 3988 68 25 write
1797 3989 85 27 rathec
1888 3987 116 33 strongly,
2009 3996 67 24 upon
2088 3989 43 26 the
2143 3989 103 33 subject.

1693 4054 2 2 .
1720 4032 45 25 We
1783 4040 58 22 may
1859 4030 112 27 however
1988 4033 112 25 mention
2133 4034 56 25 that
2208 4035 41 25 Mr

1694 4083 8 19 L
1870 4076 128 25 remarked
2009 4098 2 3 ,
2016 4076 79 29 thj^i—
2105 4078 42 24 tlie
2167 4078 82 25 Board

1695 4133 3 4 •
1715 4119 95 31 .always
1821 4120 53 37 felt^
1881 4121 102 23 anxious
1994 4120 64 24 n,6t*V
2072 4122 26 22 to
2109 4129 80 24 worry
2206 4122 44 25 the

1693 4170 2 15 !
1722 4160 94 26 settlers
1834 4145 354 51 by^lob^s^rMy^enforcing
2207 4165 43 26 the

1693 4209 2 15 ;
1721 4205 141 26 residential
1874 4207 149 29 conditionsv
2034 4204 128 36 especially
2166 4209 84 25 'where

1722 4249 43 24 the
1798 4250 105 25 sections
1921 4257 60 18 were
2001 4251 74 25 small
2095 4259 28 17 or
2135 4251 26 25 of
2191 4259 60 25 poor

1694 4299 8 22 ,'-
1722 4292 140 33 quality/
1870 4288 71 25 ■**''■'
1946 4287 32 27 ''**
1999 4296 5 5 '
2019 4299 5 5 '
2039 4285 27 28 '*':.
2069 4294 30 21 ■■\'
2103 4296 12 9 !%
2118 4292 52 24 >;-';
2178 4291 5 11 ;

1756 4336 46 25 We
1803 4344 4 4 -
1814 4344 41 18 are
1867 4345 67 24 sorry
1953 4338 27 24 to
1996 4346 45 24 say
2058 4338 55 25 tfcat
2133 4346 15 17 a
2159 4339 93 25 certain

1694 4388 2 15 i
1723 4376 88 28 ambun
1815 4380 46 25 tof
1869 4381 165 26 anirnus^was
2043 4381 85 27 showa
2139 4381 33 32 by
2178 4390 74 17 -some

1694 4418 3 27 ?
1759 4421 43 24 the
1813 4423 134 30 witnesses,
1982 4414 270 35 wiiieHMifMarchant

1694 4474 1 16 [
1724 4472 58 24 very
1794 4464 106 33 adroitly
1926 4466 132 28 smoothed
2074 4466 71 26 down
2157 4467 28 25 m
2196 4476 56 16 con-

1694 4517 3 17 i
1724 4506 103 34 ducting
1834 4508 43 26 the
1889 4510 177 30 examination,
2101 4510 50 27 and
2166 4511 33 26 he
2210 4511 42 26 has

2277 177 120 32 certainly
2411 178 44 26 left
2489 187 31 18 no
2554 180 71 25 stone
2643 179 123 26 unturned
2782 181 26 24 m

2277 220 111 33 eliciting
2420 222 169 30 information,
2624 231 27 18 so
2677 223 56 25 that
2765 224 43 25 the

2277 264 82 23 Board
2371 264 51 25 will
2438 265 64 25 have
2517 266 66 25 little
2598 266 118 31 difi&tulty
2726 267 28 23 m
2766 274 38 17 ar-

2276 306 81 32 riving
2371 308 32 23 at.
2413 315 15 16 a
2443 308 47 24 fair
2509 310 49 24 and
2572 308 122 33 equitable
2705 309 99 25 conclu-

2277 350 63 26 sion.
2555 375 4 3 .
2585 360 4 4 •

2275 499 189 61 LOCAL
2486 501 34 56 an
2539 501 38 61 d
2577 501 225 61 GENERAL

2381 611 29 16 at
2422 603 137 27 Cahleton.
2560 620 32 3 —
2593 606 34 25 At
2646 606 76 26 about
2735 608 14 24 9
2762 609 39 23 30.

2274 653 33 17 on
2351 646 101 34 Sunday
2476 649 113 31 evening,
2635 650 39 24 Mr
2702 651 101 26 Charles

2274 686 141 31 Thompson
2433 696 31 16 on
2482 688 74 32 going
2583 691 27 23 to
2625 690 39 24 his
2685 690 118 25 bedroom

2272 731 77 23 found
2366 732 19 23 it
2396 732 144 31 enveloped,
2545 733 26 23 in
2588 733 93 29 flames,
2709 734 49 25 and
2775 744 28 16 as

2272 773 70 24 there
2358 782 51 17 -was
2420 777 21 22 'a
2459 776 73 30 .good
2561 776 84 32 supply
2676 777 26 24 of
2728 779 76 23 water

2265 831 2 13 :
2272 816 91 32 handy,
2399 818 49 24 and
2482 818 53 29 Mr.
2557 819 162 32 Thompson's
2746 828 58 18 sons

2274 868 61 17 were
2351 861 99 32 quickly
2467 863 59 24 with
2548 863 55 25 him
2619 865 27 24 to
2665 865 89 24 render
2765 873 38 16 as-

2272 904 112 30 sistance,
2394 917 9 3 -
2427 905 43 25 the
2509 906 86 25 flames
2622 907 63 25 after
2718 917 14 15 a
2761 908 37 25 bit

2272 946 27 25 of
2312 947 63 24 hard
2391 949 66 23 work
2474 955 64 18 were
2556 948 118 30 subdued,
2692 950 46 25 but
2759 954 44 22 not

2272 990 82 25 before
2371 990 75 25 about
2465 992 56 24 £20
2543 994 80 24 worth
2650 994 28 24 of
2703 994 106 33 damage-

2271 1033 50 25 had
2332 1035 62 23 been
2411 1035 122 30 incurred,
2551 1035 78 25 which
2649 1044 37 17 we
2697 1045 41 17 are
2749 1038 55 30 glad

2272 1077 30 25 to.
2314 1077 70 24 learn
2399 1077 24 24 is
2440 1078 102 24 covered
2568 1079 30 28 by
2777 1082 28 23 m

2298 1103 4 19 i
2617 1113 3 2 ■

2272 1119 40 24 the
2335 1119 78 26 Globe
2436 1120 50 25 and
2518 1121 80 26 South
2639 1122 94 26 British
2762 1124 41 24 Of-

2271 1162 78 26 fices..

2304 1223 110 26 Liberal
2440 1225 172 26 Association.
2615 1241 32 4 —
2647 1227 22 24 A
2697 1228 106 32 meeting

2271 1274 46 17 was
2341 1267 56 25 held
2414 1270 26 23 at
2474 1269 44 24 the
2551 1269 191 33 Beading-room
2770 1279 32 17 on
2808 1282 2 9 «

2271 1310 127 32 Thursday
2424 1312 111 32 evening.
2580 1314 53 24 The
2666 1314 135 31 President,

2271 1354 40 25 Mr
2330 1355 29 25 B.
2501 1357 137 32 occupying
2657 1357 41 25 the
2718 1358 82 25 Chair.

2271 1397 212 33 Correspondence
2506 1408 49 17 was
2589 1401 60 24 read
2677 1401 65 25 from
2761 1401 40 24 Mr

2270 1441 87 25 Buddo
2368 1450 27 16 re
2406 1442 128 25 alteration
2546 1443 28 24 of
2583 1443 124 26 Electoral
2724 1446 75 23 boun-

2270 1484 67 32 dary,
2351 1491 3 4 '
2372 1484 41 26 the
2424 1487 71 23 exact
2512 1488 89 23 nature
2625 1486 27 26 of
2672 1487 80 25 which
2778 1486 22 26 is

2269 1531 44 22 not
2339 1528 71 26 made
2436 1529 73 25 clear.
2573 1529 70 26 After
2664 1529 137 34 discussing

2268 1572 135 31 important
2427 1574 103 24 matters
2552 1574 26 24 m
2603 1574 43 25 the
2657 1575 104 25 interest
2775 1575 27 24 of

2263 1616 47 24 .the
2321 1615 159 31 Association,
2498 1616 60 26 'the
2568 1618 115 31 meeting
2700 1618 98 25 termin-

2264 1658 71 26 ated.
2672 1658 4 17 ;

2300 1718 106 31 Ohukph
2424 1736 10 10 
2453 1719 131 29 Social,—
2585 1720 52 26 The
2682 1720 127 32 monthly;;

2270 1762 81 33 Social
2362 1770 51 17 was
2430 1763 57 25 held
2504 1766 25 23 at
2551 1764 69 25 West
2625 1770 14 22 i
2655 1764 92 25 Oxford
2763 1772 32 17 on

2270 1805 155 33 Wednesday
2441 1807 56 28 last,
2541 1808 48 24 and
2608 1816 50 16 was
2676 1817 58 22 very
2744 1809 56 24 well

2258 1849 153 32 .patronised.
2446 1850 41 23 Mr
2503 1850 91 24 Dorn's
2617 1850 49 24 and
2678 1851 42 23 Mr
2731 1851 65 23 Har-

2267 1891 92 32 didge's
2371 1900 73 24 songs
2478 1900 62 17 were
2563 1893 56 25 well
2637 1894 161 32 appreciated,

2267 1935 49 24 and
2328 1935 50 25 Mrs
2401 1935 68 26 John
2486 1935 131 26 Pearson's
2636 1961 3 3 .
2651 1945 61 24 song
2745 1945 50 18 was

2262 1978 165 33 'vociferously
2478 1980 49 24 and
2579 1980 142 32 deservedly
2754 1989 44 17 en-

2268 2022 77 25 coded.
2392 2022 51 25 The
2460 2023 124 32 evening's
2605 2024 191 25 entertainment

2267 2067 89 26 wound
2371 2073 34 24 up
2422 2066 61 25 with
2499 2074 15 16 a
2527 2067 97 26 laree,.
2632 2067 104 25 entitled
2745 2067 54 27 ..the

2625 2110 103 31 adapted
2749 2111 49 23 and

2258 2159 46 23 -pei
2309 2151 93 24 formed
2410 2151 32 32 by
2453 2152 92 25 Messrs
2558 2152 51 26 S.&
2618 2154 42 23 W.
2669 2153 78 29 Weld,
2755 2154 43 24 the

2269 2195 98 32 by-play
2371 2203 49 17 was
2434 2194 128 30 excellent,
2573 2196 50 25 and
2633 2197 50 25 the.
2688 2197 110 32 dialogue

2268 2238 129 31 sprightly,
2407 2262 4 4 ,
2433 2239 48 23 aud
2501 2239 95 25 created
2615 2242 69 29 great
2702 2248 96 17 amuse-

2268 2282 71 28 ment,
2375 2281 50 24 and
2438 2302 5 7 t
2453 2289 49 20 was
2521 2290 47 19 one

2260 2345 2 2 .
2268 2324 126 25 character
2409 2324 112 25 sketches
2533 2333 36 17 we
2587 2326 63 25 have
2670 2335 55 16 ever
2742 2335 56 16 seen

2268 2364 107 37 a^^est
2387 2367 101 25 Oxford.
2521 2368 117 32 Dancing
2655 2377 50 17 was
2716 2370 81 25 indul-

2267 2412 47 31 ged
2323 2411 28 24 m
2366 2411 66 25 until
2452 2411 44 25 the
2501 2412 79 27 ..usual
2599 2412 63 25 hour
2695 2413 114 26 allowed:-

2269 2455 30 32 by
2306 2455 41 24 the
2359 2458 184 28 management.
2563 2455 235 28 Therefreshments

2268 2505 60 18 were
2336 2498 115 31 liberally
2462 2499 124 31 provided.
2589 2512 16 5 -
2622 2499 26 25 It
2651 2502 7 14 v
2662 2499 23 24 is
2702 2500 107 29 evident;.;

2268 2542 37 32 by'
2311 2541 43 25 the
2358 2538 154 30 'attendance
2519 2542 56 25 that
2585 2542 96 26 Church
2687 2553 4 13 i
2701 2544 96 25 Socials

2268 2590 41 20 ar6
2321 2585 133 32 .becoming
2471 2593 57 24 very
2544 2586 123 31 popular;;

2258 2646 6 30 \
2285 2671 3 3 .
2301 2646 43 24 Mb
2353 2643 50 27 -tEV-
2403 2641 168 29 !^Bl^AiiEi—
2571 2646 178 26 Watchmaker
2761 2669 2 5 ,
2777 2648 26 24 of

2258 2690 141 37 f^P|,ngiora,
2417 2689 100 26 notifies
2526 2703 7 3 -
2538 2695 5 5 '
2551 2698 29 17 us
2609 2690 57 26 that
2698 2691 33 25 he
2748 2692 53 25 will

2258 2729 77 42 sspifo
2353 2733 91 26 Oxford
2461 2742 33 17 on
2523 2734 89 29 Thurs,
2641 2735 99 32 Friday,
2752 2737 49 24 and
2808 2739 2 24 \

2258 2790 2 1 •
2270 2762 129 44 gjAawtoy.
2422 2774 116 30 October,-
2558 2777 22 22 l.
2588 2768 4 16 :
2598 2762 136 43 2fjjnd-^,
2735 2769 7 13 f

2268 2817 69 28 Harie
2349 2817 49 26 will
2410 2826 71 21 carry
2498 2826 14 15 a
2524 2826 60 16 very
2604 2819 117 28 complete
2733 2819 68 26 stock

2258 2861 37 25 'bf
2300 2862 116 26 '-watches
2427 2862 51 24 and
2486 2860 10 32 j
2500 2862 102 31 ewellry,
2616 2862 27 24 of
2651 2864 150 31 guaranteed

2269 2906 101 31 quality,
2377 2907 8 14 '•
2394 2906 139 31 -including
2566 2905 98 26 several
2693 2907 65 35 lings
2775 2906 32 26 of

2268 2949 112 32 watches^
2398 2949 50 31 just
2481 2954 24 19 to
2542 2949 76 27 hand,
2651 2951 151 31 comprising

2269 2986 182 31 Eotherh'am's,
2493 2987 160 31 Ehrhardt'sj
2687 2991 114 25 Baume's

2269 3029 50 25 and
2335 3037 15 17 a
2366 3029 96 31 youth's
2491 3029 79 24 watch
2594 3030 28 24 m
2648 3030 61 24 solid
2728 3032 74 24 silver

2269 3080 76 22 cases,
2363 3081 15 16 a
2394 3072 95 26 marvel
2506 3073 27 24 of
2555 3073 147 31 cheapness.

2296 3116 109 30 .Repairs
2417 3116 115 23 executed
2551 3116 27 23 m
2591 3124 15 15 a
2614 3137 3 3 .
2624 3117 177 27 ■Rjorkrnanlike

2262 3173 4 11 :
2269 3161 105 18 manner
2385 3155 26 23 at
2429 3161 57 24 very
2503 3153 48 25 low
2561 3156 77 23 rates.
2798 3161 3 17 :

2297 3214 152 33 jlnflxjenza.
2451 3229 28 4 —
2484 3214 65 32 N.qw;
2556 3214 66 37 J-biSj
2644 3215 118 33 epidemic
2781 3217 22 25 is
2808 3240 2 3 .

2270 3259 129 31 becoming
2408 3257 129 32 j)rev'alent
2545 3266 37 17 we
2593 3259 112 33 strongly
2714 3268 89 17 recom-

2270 3302 72 25 mend
2354 3302 42 27 th.c
2407 3301 50 25 free
2469 3309 44 17 use
2525 3302 27 24 of
2560 3302 126 32 Platypus
2693 3303 87 25 Brand
2788 3311 21 22 p.

2271 3345 153 32 Eucalyptus
2438 3344 123 27 (Hobulus
2590 3346 110 29 Ext-ract,
2730 3348 73 24 taken

2272 3397 66 24 upon
2361 3396 76 24 sugar
2449 3405 5 6 ,
2462 3397 40 23 or.;
2508 3389 33 24 in:
2559 3389 70 25 milk.
2639 3398 6 14 :
2651 3384 80 31 rCher
2740 3389 65 26 fliefst
2808 3389 2 5 '

2271 3433 114 31 pleasant
2389 3437 64 26 -way'
2461 3434 25 22 to
2495 3432 56 24 tako
2564 3432 21 25 E
2589 3433 129 31 ucalyptus
2724 3459 2 3 .
2739 3434 21 23 is
2778 3434 27 23 m

2272 3476 43 25 the
2347 3476 116 32 Platypus
2490 3476 87 25 Brand
2605 3476 33 26 of
2653 3477 152 32 Eucalyptus

2272 3520 116 31 Jujubesl
2406 3523 9 13 '-
2423 3520 159 31 They'Sreia
2591 3515 7 19 ?
2598 3521 69 24 sucli'
2672 3521 137 30 arpoftable'

2272 3560 70 27 form,
2354 3560 122 31 pleasant;
2481 3562 24 22 to
2512 3562 89 27 •taste,',
2610 3561 49 24 and
2669 3562 136 30 iantisepuic

2274 3603 141 25 stimulant,
2434 3612 12 21 j
2451 3610 28 18 ■v.v
2476 3620 5 7 I
2486 3617 3 7 >
2495 3605 28 22 V'.i
2526 3611 12 16 /
2568 3615 14 18 j
2590 3609 7 19 \
2606 3607 20 21 i->
2631 3611 3 8 ;
2636 3605 16 20 r-'
2673 3610 15 10 r;
2688 3630 5 2 .
2711 3608 52 18 l•-'
2775 3613 12 11 :1
2798 3616 3 7 !
2806 3607 3 24 'i

2306 3662 46 25 We
2372 3663 81 25 would
2486 3663 66 25 draw
2645 3664 97 25 readers
2768 3665 36 24 at-

2274 3702 96 25 tention
2382 3707 24 19 to
2418 3711 30 15 au
2468 3702 190 26 advertisement
2681 3704 124 31 notifying

2274 3741 54 23 that
2340 3741 182 24 Astronomical
2534 3740 48 25 an
2579 3740 27 25 3
2593 3742 71 25 other
2675 3740 72 26 vitfws
2756 3743 50 24 will
2807 3740 2 15 7

2274 3779 30 24 be
2315 3780 84 23 shown
2411 3783 25 20 at
2458 3780 44 24 the
2521 3781 64 24 East
2611 3781 91 24 Oxford
2726 3782 79 24 Town

2273 3819 64 24 Hall
2354 3828 33 16 on
2401 3819 101 33 Sunday
2513 3821 79 32 night.
2606 3819 5 5 '

2273 3898 9 8 
2309 3880 94 24 Watey
2415 3880 97 24 Supply
2519 3876 290 36 'BpAHD.-^Th'fi^bieet-'

2274 3917 46 31 ing
2329 3918 49 24 will
2392 3918 26 24 be
2428 3918 58 25 held
2504 3927 33 16 on
2549 3914 127 30 Tiiurs^dav
2688 3913 76 31 next*
2780 3913 7 8 '

2387 3952 4 13 i
2444 3944 6 18 .'
2463 3963 1 2 .
2554 3949 14 11 (!
2591 3953 34 7 -•■'
2642 3957 4 3 -
2761 3949 26 15 ■>

2278 4056 185 26 WANTED-A
2474 4058 76 25 LAW
2571 4039 39 44 OF
2610 4039 199 44 LEGITIMA-

2504 4096 90 21 TION.

2265 4126 2 40 j
2437 4129 37 30 By
2491 4128 70 31 Lady
2578 4129 77 25 Cook.
2770 4144 3 3 •

2265 4165 2 12 1
2515 4167 2 5 *
2524 4170 3 3 '
2541 4171 2 2 •
2547 4172 3 3 ■
2563 4175 22 2 .—.
2587 4175 6 2 ■
2640 4171 4 4 v
2742 4173 8 3 -

2256 4203 21 17 •■:,'■
2311 4192 26 25 It
2347 4191 22 32 iijj
2380 4195 45 23 not
2438 4194 68 25 often
2526 4194 56 25 that
2602 4202 35 17 we
2654 4203 41 17 are
2707 4196 102 26 induced

2279 4234 26 23 to
2321 4233 80 31 prefer
2422 4233 43 25 the
2484 4241 80 17 canon
2584 4235 26 23 to
2684 4233 125 34 /common

2279 4271 55 26 law.',
2352 4270 45 26 but
2406 4279 36 17 we
2459 4280 41 17 are
2507 4268 86 29 bound
2601 4273 32 24 to
2642 4274 76 25 'dtf'so
2728 4285 31 15 on
2770 4276 39 26 th'e

2285 4310 71 32 pqint
2367 4313 27 23 of
2403 4311 163 33 legitimation
2577 4312 27 24 of
2620 4316 100 24 natural
2730 4317 79 27 ehild'.

2281 4356 53 17 ren.
2369 4349 52 25 The
2436 4350 109 25 horrors'
2553 4353 144 33 constantly
2700 4347 109 42 .^arising

2272 4415 2 4 ,
2281 4393 117 26 ifi~Great
2409 4394 98 25 Britain
2517 4397 121 25 fromthe
2660 4400 49 23 law
2725 4401 27 24 of
2761 4401 48 25 bai£

2255 4439 2 9 <
2282 4431 80 31 tardy,
2380 4431 38 25 wh
2420 4431 44 28 job;
2472 4433 25 24 is
2512 4440 16 17 a
2535 4434 69 26 TeKei
2609 4436 27 23 of
2639 4443 5 17 i
2646 4436 97 26 theftftt
2748 4443 61 20 torn?

2283 4481 60 18 mon
2359 4474 48 26 law
2418 4475 28 25 of
2453 4476 127 33 England,
2605 4478 47 27 call
2670 4480 37 25 for
2719 4478 90 39 prq&jt

2256 4520 1 16 i
2295 4516 90 28 edres*.
2424 4519 48 25 'Jar
2495 4522 71 27 gwls
2596 4521 49 28 and
2657 4524 152 25 workhouses

2840 191 82 32 refuge
2933 191 83 26 homes
3028 192 49 25 and
3093 192 187 31 reformatories,
3305 191 59 26 bear

2839 231 99 25 witness
2949 233 25 23 to
2986 231 43 25 the
3040 232 56 25 evil.
3141 233 53 24 The
3216 233 55 25 lists
3290 232 27 25 of
3325 233 38 24 in-

2839 270 112 29 ebriates,
2970 271 26 23 of
3018 271 111 25 immoral
3147 280 102 22 women,
3273 271 50 25 and
3338 272 27 25 of

2839 310 110 29 suicides,
2966 318 40 17 are
3029 311 99 25 swollen
3151 312 106 31 through
3274 313 33 24 its
3324 312 36 26 in-

2838 348 102 26 fluence.
2975 348 56 25 And
3048 349 42 25 the
3107 349 157 33 inhumanity
3281 350 81 26 which

2836 386 148 32 irrevocably
2995 386 135 26 condemns
3149 387 72 29 thpae
3244 389 58 24 born
3318 390 44 24 out

2838 424 27 25 of
2870 425 107 25 wedlock
2994 429 25 21 to
3031 425 155 31 opprobrium
3193 426 49 24 and
3253 426 108 32 depriva-

2838 465 50 24 tion
2899 466 25 23 of
2941 465 112 31 ordinary
3064 465 87 31 rights,
3171 473 66 17 even-
3247 466 62 25 after
3320 466 41 25 the

2838 503 119 31 marriage
2968 503 26 26 of
3014 504 40 25 the
3066 505 106 30 parents,
3189 504 23 24 is
3223 511 15 18 a
3249 504 116 31 powerful

2836 542 78 25 factor
2924 543 26 24 m
2961 544 134 31 producing
3102 544 53 24 vice
3167 543 48 24 and
3226 545 137 24 unmerited

2836 582 124 32 suffering.

2869 626 32 25 In
2913 626 55 29 this,
2982 635 26 16 as
3017 626 26 25 m
3055 635 76 24 many
3149 627 70 25 other
3229 634 77 22 cases,
3325 634 36 18 we

2834 663 63 25 have
2914 672 63 24 gone
2988 673 83 23 wrong
3087 666 100 23 because
3199 674 32 15 we
3241 665 63 25 have
3323 673 38 16 re-

2835 701 49 24 lied
2895 710 66 23 upon
2980 711 33 16 an
3024 703 119 30 arbitrary
3154 704 44 23 law
3208 703 80 24 rather
3296 703 64 24 than

2835 746 32 16 on
2879 741 40 23 the
2932 741 77 23 voices
3026 741 27 23 of
3062 741 101 23 Nature.
3198 741 104 24 Natural
3314 741 46 24 law

2835 779 48 23 and
2895 786 111 18 common
3024 780 114 24 instincts
3156 781 63 24 have
3236 780 62 25 been
3311 781 48 24 vio-

2834 816 66 25 lated
2912 819 25 23 to
2949 819 49 24 suit
3009 818 43 25 the
3062 819 136 32 exigencies
3215 819 26 24 of
3250 819 42 24 the
3302 819 55 25 rich

2836 857 49 24 and
2895 858 80 24 noble.
3019 858 54 25 The
3083 859 47 24 law
3142 859 26 25 of
3177 859 115 32 bastardy
3302 859 24 30 ip
3344 868 16 17 a

2836 896 51 24 rich
2899 899 79 23 man's
2989 898 66 28 law,.-
3062 898 71 24 made
3145 899 34 29 by
3185 899 43 23 the
3244 898 117 31 powerful

2836 934 26 23 to
2873 935 138 31 strengthen
3023 935 43 25 the
3074 935 45 25 law
3128 936 25 24 of
3161 936 197 31 primogeniture,

2837 972 49 24 and
2897 973 101 24 without
3018 981 48 23 any
3080 974 54 31 just
3146 974 176 24 consideration
3334 982 27 17 as

2837 1011 25 24 to
2873 1011 32 24 its
2928 1012 134 30 pernicious
3073 1019 179 23 consequences
3272 1019 32 18 on
3319 1013 44 24 the

2836 1049 59 24 bulk
2907 1051 26 23 of
2942 1052 40 23 the
2993 1052 92 30 people.
3118 1052 26 23 It
3156 1059 49 17 was
3217 1052 71 24 made
3300 1054 60 23 stat-

2836 1090 71 29 utory
2929 1088 26 24 m
2967 1096 15 17 a
3004 1089 59 24 time
3082 1089 25 25 of
3125 1091 69 29 great
3212 1089 57 25 civil
3295 1097 66 18 com-

2836 1126 101 28 motion,
2954 1126 89 32 during
3059 1127 43 25 the
3113 1127 70 32 reign
3196 1133 30 20 or
3240 1126 43 27 the
3293 1128 68 25 luck-

2834 1163 49 25 less
2896 1164 86 31 Henry
2999 1164 59 29 111.,
3076 1166 49 23 and
3144 1166 38 24 for
3201 1166 44 24 the
3255 1166 106 31 especial

2835 1201 88 26 benefit
2935 1202 26 25 of
2970 1202 42 25 the
3021 1203 125 25 turbulent
3157 1204 97 24 barons.
3277 1204 84 25 Eume

2835 1240 65 30 gives
2914 1241 41 24 the
2966 1240 126 32 following
3108 1243 104 23 account
3282 1242 79 25 There

2834 1279 47 23 had
2892 1279 62 24 been
2966 1280 70 30 great
3061 1279 109 33 disputes
3192 1280 107 24 between
3318 1280 43 25 the

2835 1319 56 24 civil
2899 1319 47 24 and
2958 1319 175 26 ecclesiastical
3153 1321 81 24 courts
3247 1329 112 16 concern-

2833 1357 45 31 ing
2888 1357 122 32 bastardy.
3045 1358 53 25 The
3120 1366 120 17 common,
3252 1359 47 24 law
3309 1359 51 24 had

2833 1395 101 25 deemed
2946 1396 34 24 all
2999 1396 71 25 those
3093 1398 26 23 to
3130 1396 29 24 be
3182 1396 110 25 bastards
3304 1397 56 24 who

2833 1442 63 16 were
2922 1434 61 24 born
3003 1434 83 24 before
3112 1434 123 28 wedlock;
3261 1434 33 31 by
3316 1435 44 24 the

2832 1481 79 17 canon
2935 1472 47 26 law
2991 1474 54 30 they
3057 1481 63 17 were
3130 1474 139 31 legitimate
3279 1482 6 21 ;
3306 1474 50 25 and

2833 1513 71 25 when
2916 1520 49 23 any
2981 1513 95 32 dispute
3087 1514 27 24 of
3121 1514 150 24 inheritance
3283 1521 77 22 arose,

2832 1552 20 24 it
2863 1551 47 25 had
2932 1550 114 33 formerly
3068 1552 59 25 been
3153 1552 73 25 usual
3250 1552 43 25 'for
3314 1552 44 26 the
3379 1555 3 4 '

2832 1592 56 24 civil
2899 1595 85 24 courts,
2997 1594 25 22 to
3033 1593 63 23 issue
3107 1593 67 23 writs
3186 1595 26 22 to
3224 1592 42 24 the
3279 1594 80 30 spirit-

2832 1631 49 28 ual,
2899 1632 119 31 directing
3029 1632 64 24 them
3110 1628 133 35 to^inquire
3254 1632 52 24 into
3315 1632 43 26 the

2831 1671 140 30 legitimacy
2980 1671 26 24 of
3015 1671 41 25 the
3071 1679 97 23 person.
3203 1672 53 24 The
3264 1672 95 32 Bishop

2832 1710 89 32 always
2933 1710 112 25 returned
3065 1719 33 16 an
3120 1719 93 17 answer
3235 1712 123 31 agreeable

2831 1752 38 34 to_.
2869 1749 48 29 the.
2921 1757 77 17 canon
3011 1750 55 29 law,
3083 1749 97 32 though
3203 1752 112 29 contrary
3330 1754 27 22 to

2832 1787 42 25 the
2883 1788 136 31 municipal
3040 1788 48 25 law
3113 1788 27 25 of
3159 1788 43 25 the
3222 1785 133 36 Kingdom^

2832 1827 49 24 For
2953 1835 88 17 reason
3066 1828 41 24 the
3130 1828 56 25 civil
3208 1834 82 19 courts
3306 1829 52 25 had

2832 1866 110 32 changed
2953 1868 43 23 the
3008 1869 75 23 terms
3095 1868 26 25 of
3136 1868 64 25 their
3220 1869 53 24 writ
3283 1877 5 21 ;
3307 1869 50 24 and

2831 1906 95 24 instead
2937 1906 26 23 of
2966 1907 134 31 -requiring,
3103 1906 43 27 the
3158 1907 110 31 spiritual
3275 1909 81 22 courts

2831 1947 26 23 to
2867 1946 74 24 make
2968 1946 146 32 inquisition
3124 1947 4 5 '
3140 1947 147 32 concerning
3314 1948 45 25 the;

2831 1987 141 30 legitimacy
2993 1987 27 23 of
3045 1987 41 24 the
3106 1995 101 23 person,,
3230 1988 58 32 they
3299 1987 58 33 only

2831 2027 116 30 proposed
2958 2027 41 24 the
3026 2027 87 31 simple
3130 2028 109 30 question
3264 2027 101 29 offacv

2831 2066 109 24 whether
2959 2066 32 24 he
3011 2074 71 20 were,
3092 2067 63 24 born
3165 2068 82 23 before
3258 2076 27 15 or
3296 2068 63 23 after

2830 2103 107 25 wedlock!
2944 2104 10 24 ?
2973 2103 55 25 The
3046 2106 107 29 prelates
3168 2105 153 30 complained
3332 2105 26 24 of

2831 2141 50 25 this
2906 2142 105 31 practice
3034 2144 26 23 to
3088 2143 43 24 the
3154 2143 152 24 Parliament
3318 2151 38 17 as-

2831 2179 105 25 sembled
2947 2182 26 23 at
2996 2180 95 25 Merton
3113 2181 26 24 m
3163 2181 42 25 the
3227 2182 128 26 twentieth

2830 2229 56 23 year
2897 2221 26 25 of
2932 2220 50 25 this
2993 2221 66 32 kiDg,
3080 2221 49 25 and
3140 2221 96 25 desired
3246 2222 55 24 that
3313 2222 52 32 the^

2831 2258 134 32 municipal
2975 2259 46 25 law
3032 2259 81 31 might
3125 2258 28 25 be
3173 2259 115 26 rendered
3299 2267 57 21 con-;

2829 2299 116 24 formable
2968 2301 26 23 to
3014 2299 43 25 the
3078 2307 80 17 canon
3168 2307 5 21 ;
3193 2299 43 25 but
3248 2300 107 24 received
3370 2297 7 6 *

2829 2337 64 24 from
2910 2337 33 24 all
2964 2337 43 24 the
3024 2337 103 32 nobility
3149 2338 43 24 the
3210 2337 146 26 memorable
3377 2341 3 4 '

2829 2376 75 30 reply,
2915 2376 114 24 Nolomus
3048 2376 61 32 leges
3130 2376 102 30 Angliae
3255 2380 103 21 mutare:

2832 2413 55 33 (We
2911 2413 48 25 will
2987 2415 42 23 not
3180 2414 42 24 the
3249 2413 60 26 laws
3332 2415 27 24 of

2818 2454 164 32 'England.)"
3165 2456 28 11 ,,
3201 2453 4 9 t
3219 2451 8 13 v
3241 2456 8 8 .
3367 2452 9 17 >
3395 2444 4 3 •

2818 2500 13 23 I;
2838 2488 10 34 I
3100 2494 4 4 '
3132 2493 50 24 this
3210 2495 78 29 proud
3297 2499 6 22 ',
3309 2502 46 21 .as-
3370 2510 7 2 -
3400 2510 2 4 •

2819 2530 109 36 J/isgrtion,
2947 2532 96 30 worthy
3053 2531 28 24 of
3095 2539 14 16 a
3121 2533 84 23 senate
3224 2531 26 26 of
3273 2531 84 25 Medes
3360 2531 25 25 ..-.'

2831 2571 49 24 and
2903 2571 119 29 Persians,
3052 2571 43 24 the
3118 2572 60 23 laws
3197 2568 27 28 of
3241 2566 124 37 BnglanicL
3384 2581 18 18 ;•

2832 2611 63 24 have
2906 2613 62 22 been
2979 2611 109 31 changed
3099 2610 65 24 often
3167 2629 5 16 ?
3191 2611 48 23 and
3251 2620 41 15 aie
3304 2611 50 25 still

2832 2651 129 32 changing.
3004 2651 51 24 But
3078 2651 42 23 the
3142 2650 48 26 law
3207 2651 25 24 of
3242 2651 116 33 bastardy

2832 2690 108 25 remains
2953 2698 27 17 a?
2992 2689 78 25 cruel'
3074 2697 28 17 as
3121 2689 72 30 ever^
3202 2690 46 24 and
3262 2698 70 22 many
3343 2699 16 17 a

2833 2738 60 17 man
2916 2730 27 26 -of
2952 2730 89 25 honest
3052 2730 48 24 and
3120 2730 113 31 parental
3257 2730 105 33 feelings

2833 2771 55 24 who
2916 2770 81 24 would
3015 2770 98 31 remedy
3135 2770 31 25 if/
3175 2771 32 23 he
3226 2771 71 24 could
3318 2771 41 24 the

2832 2811 89 31 injury
2932 2810 64 24 done
3019 2812 25 22 to
3066 2810 40 24 his
3132 2809 72 30 child,
3220 2810 29 29 is,
3267 2810 32 31 by
3316 2810 43 25 the

2835 2851 50 29 law,
2897 2866 7 5 -
2910 2850 72 24 made
3005 2849 127 31 incapable
3142 2850 30 22 'of
3191 2850 109 31 carrying
3316 2852 44 23 out

2834 2891 40 25 his
2893 2884 220 38 pem^eiviiVfyesire.
3121 2910 9 8 .,
3383 2895 11 24 .~
3396 2891 2 6 :

2824 2940 4 10 '■
2835 2931 37 23 for
2884 2928 120 32 anything
3020 2928 25 24 m
3064 2928 147 26 the.nature
3225 2928 34 24 .of
3268 2937 43 15 -:an
3322 2930 39 23 in-

2831 2967 95 32 justice,
2946 2966 44 25 but'
3001 2966 59 30 only
3140 2970 4 4 1
3148 2974 3 7 :
3161 2961 42 30 Me
3215 2963 4 8 '
3309 2966 52 26 Im-

2833 3007 90 32 pulses,
2931 3005 27 26 of
2966 3005 127 25 manhood
3103 3013 58 26 may
3176 3006 37 26 be.
3217 3006 102 27 allowed
3335 3011 26 21 to

2834 3045 107 32 operate!
2977 3045 26 23 It
3013 3043 82 31 isjdle
3106 3044 26 23 to
3151 3052 42 23 say
3215 3050 59 18 men;
3285 3045 78 31 ought

2834 3086 44 22 not
2889 3086 26 22 to
2933 3083 64 24 have
3008 3086 4 5 '
3020 3082 153 29 coneubihes|
3193 3081 54 26 'amd
3269 3090 92 18 women
3396 3088 4 5 l

2834 3124 88 23 should
2933 3123 96 30 always,
3036 3130 114 22 preserve
3172 3121 65 25 their
3243 3121 118 32 'chastity*
3378 3138 4 4 •
3392 3119 3 28 !

2835 3163 59 26 Men
2906 3163 62 24 have
2986 3155 111 41 seduced]
3107 3159 103 33 \76men,
3224 3170 26 15 or
3266 3168 105 20 wonaen-

2835 3210 65 21 men,
2919 3201 56 28 and,
2994 3208 37 17 we
3041 3199 58 30 fejar,
3119 3199 49 25 will
3179 3208 55 16 ever
3245 3196 116 29 continue
3372 3214 12 6 -

2836 3243 66 24 todo
2914 3250 35 21 so,
2968 3240 219 31 notwithstanding
3193 3241 47 23 -the
3251 3248 128 23 progress-
3401 3257 1 5 -

2837 3281 27 25 of
2879 3280 80 27 mor?,l
2963 3299 7 7 A
2979 3279 136 31 principles.
3127 3278 74 24 *.We
3220 3281 67 23 must
3294 3279 70 24 -take
3381 3291 3 4 -
3401 3287 2 5 '

2836 3321 84 30 things
2932 3327 29 18 as
2973 3320 56 30 they
3042 3326 39 16 are
3093 3318 48 24 and
3147 3325 43 17 •are
3198 3312 81 37 likely-
3286 3318 81 28 tcJ.beV

2837 3358 48 25 and
2896 3360 46 24 not,
2958 3363 38 19 as'
3008 3364 35 17 we
3064 3356 87 24 would:
3165 3356 60 25 have
3247 3358 72 24 tbenr
3335 3356 29 26 m
3388 3370 12 12 •:

2831 3396 73 25 Vs'o'me
2917 3389 93 37 ttopia
3029 3394 27 23 of
3074 3392 48 25 ouV
3133 3394 133 32 own^and'
3281 3396 39 28 try
3339 3396 27 23 t6
3366 3396 23 14 ;;i
3396 3401 4 9 '

2839 3435 125 24 make-.'tlie
2978 3434 52 22 best
3043 3431 27 24 of
3090 3432 105 30 existing
3205 3431 162 26 circumstan-

2838 3483 47 16 ces.
2922 3473 37 24 -Vv
2966 3472 50 25 bile
3029 3471 31 32 ajl
3073 3471 174 32 right-minded
3266 3479 99 24 persons

2838 3513 49 23 will
2910 3513 137 23 endeavouE-
3058 3525 11 5 -
3078 3513 25 21 to
3132 3510 169 25 circumscribe
3321 3511 45 24 the

2830 3562 81 24 -range
2921 3574 3 8 :
2939 3554 24 25 of
2995 3553 199 28 licar'.tlousnes,s,.
3214 3553 153 34 .aDo_wancfs
3375 3580 14 3 _

2827 3598 78 25 ;must
2916 3595 32 27 be.
2958 3593 73 25 made
3046 3593 39 24 for
3096 3593 44 24 the
3157 3595 84 29 strong
3248 3593 124 31 impulses,

2838 3636 27 23 oi'
2876 3633 138 36 hotiVjOutb,
3033 3632 47 23 and
3100 3632 43 23 the
3165 3631 166 31 inexperience
3342 3631 29 25 of
3384 3655 3 2 .

2838 3673 121 31 untaught
2971 3672 141 24 innocence.
3123 3692 5 4 ,
3141 3671 61 24 And
3212 3671 29 28 it,
3242 3672 22 23 is
3275 3671 38 24 for
3325 3671 43 28 vhe

2836 3714 90 30 -n.atij.on
2938 3717 25 18 to
2968 3721 3 9 ;
2976 3712 82 24 decide
3073 3711 110 24 whether
3193 3711 178 32 ofYortunities

2839 3753 27 23 of
2876 3749 285 26 atonenienu'shouldbe
3181 3750 70 30 given
3263 3750 26 23 to
3300 3749 72 26 those,
3392 3762 3 3 -
3400 3747 2 18 ;

2844 3791 56 25 v/ho
2913 3781 158 44 ljave'erjed.
3089 3797 28 17 or
3125 3788 113 26 whether
3249 3786 129 30 tbeunpf-'
3401 3796 2 19 ;

2839 3830 100 31 fending
2961 3829 66 25 shall
3049 3829 113 24 continue
3183 3830 25 23 to
3227 3829 31 23 be
3275 3827 97 32 injured

2827 3871 49 24 -for
2887 3871 42 23 the
2940 3870 78 23 faults
3027 3869 26 23 of
3066 3868 93 26 others.
3193 3868 55 26 The
3265 3867 106 32 human/

2839 3911 36 30 ity
2885 3909 49 25 and
2946 3908 198 26 wisdom>of!rhe
3156 3908 98 26 ancient
3274 3901 97 36 chutcli

2839 3958 31 16 on
2881 3949 52 25 this
2945 3949 89 23 matter
3050 3956 64 16 were
3133 3947 171 32 conspicuous.
3337 3947 38 25 In.

2840 3987 70 25 effect
2921 3987 45 25 she
2975 3986 63 28 said.
3057 3986 56 25 You
3124 3985 173 33 youijg^pebple
3308 3986 64 25 have

2841 4026 77 24 erred.
2922 4044 6 6 ,
2953 4025 55 24 You
3019 4025 64 24 have
3092 4024 40 26 led
3144 4026 61 24 each
3213 4025 68 25 other
3290 4027 82 28 astray

2841 4064 65 24 from
2926 4063 79 25 moral
3026 4064 90 31 purity,
3134 4064 50 24 and
3200 4064 64 24 have
3286 4062 87 26 sinned

2842 4102 97 31 against
2947 4109 61 23 your
3018 4101 136 32 profession
3163 4102 28 24 of
3200 4101 180 31 Christianity*,
3396 4120 6 6 ,

2842 4139 46 24 but
2899 4139 20 24 if
2926 4147 49 23 you
2993 4142 74 31 pr6ye
3078 4147 62 23 your
3149 4142 80 31 regret
3239 4139 34 31 by
3283 4137 91 32 mai^rj-.

2843 4178 45 31 ing
2904 4176 123 33 formally,
3039 4177 158 35 the^phurch
3213 4176 162 29 .will.absolve;
3393 4198 2 3 .

2838 4225 55 25 -yon
2904 4217 57 31 and;,
2964 4219 98 28 restore,
3078 4225 61 24 your
3146 4212 119 29 .children
3274 4232 2 3 •
3287 4218 26 23 to
3330 4215 59 30 the,,

2845 4258 111 25 honours-
2972 4257 49 27 and
3022 4266 9 17 v
3032 4257 128 32 privileges
3180 4258 26 24 of
3224 4256 150 32 legitimacy*.
3400 4270 2 6 •

2846 4295 53 26 The
2909 4294 167 33 cbrisequence
3087 4296 34 26 of
3123 4295 33 26 all
3177 4295 50 26 this
3249 4302 51 18 was
3317 4288 62 33 thai

2847 4337 109 26 women,'
2981 4330 64 30 whY
3160 4330 129 29 otbTerwise
3308 4330 67 28 liave
3399 4336 3 4 '

2837 4376 107 26 .become
2956 4376 118 27 outcasts,
3092 4382 62 18 were
3165 4373 57 25 held
3233 4373 28 24 m
3273 4374 102 23 esteem.

2837 4403 37 37 J&
2879 4414 112 33 betrayed
3002 4414 33 32 by
3045 4414 55 25 love
3111 4421 28 17 or
3149 4413 93 31 design,
3255 4408 3 4 '
3263 4411 58 31 they
3333 4410 45 26 did

2849 4453 45 24 not
2905 4452 97 32 despair
3013 4451 27 26 of
3059 4450 64 26 their
3140 4450 85 26 lovers'
3237 4442 141 38 eventually

2850 4492 130 32 becoming
2999 4491 64 27 their
3073 4490 135 29 husbands,
3232 4496 46 19 nor
3288 4484 91 32 looked,

2843 4533 61 26 with
2925 4531 132 27 unnatural
3068 4531 86 27 shame
3166 4530 49 27 and
3225 4529 112 30 loathing
3346 4535 38 24 on,

1028 41 173 34 OXFORD
1245 42 230 35 OBSERVER
1518 40 235 38 SATURDAY,
1812 39 259 34 SEPTEMBER
2112 39 53 39 26*
2221 39 91 31 1896.
