2550 3999
1250 42 101 33 THE

77 98 462 129 NEW
648 87 871 148 ZEALAND
1631 105 859 142 GAZETTE

1237 264 102 32 AND

73 296 1153 145 WELLINGTON
1341 296 1152 145 SPECTATOR.

2344 540 100 41 [Vol.
2466 541 28 31 1.

66 525 62 32 No.
150 524 66 40 51.]

628 524 130 33 POKT
781 526 288 40 NICHOLSON,
1092 528 261 33 SATURDAY
1374 529 242 42 MORNING,
1638 535 150 32 APRIL
1810 540 31 32 3,
1866 539 87 29 1841.

2037 629 97 21 MOST
2159 630 220 24 IMPORTANT.

2019 664 173 25 representative
2202 664 28 21 of
2240 664 38 22 the
2288 664 69 23 house
2368 666 26 21 of
2407 666 95 23 Messrs.

1924 686 29 22 J-
1992 687 34 23 W.
2044 689 26 21 B.
2082 689 91 22 Rhodes
2188 691 45 21 and
2250 691 39 22 Co.
2306 692 68 28 being
2388 693 70 22 about
2477 696 24 19 to

1916 713 51 22 visit
1977 714 90 29 Sydney
2069 716 57 25 ,'lias
2136 717 122 22 instructed

2092 750 112 21 Messrs.
2220 751 106 21 WADE

1915 779 32 22 To
1958 780 47 22 Sell
2019 781 30 27 by
2061 782 105 27 Auction,
2183 790 107 15 without
2306 792 106 19 reserve,
2428 789 25 18 at
2466 786 37 21 the

1915 807 76 21 Stores
2008 808 25 21 of
2044 808 35 22 W.
2090 809 25 21 B.
2128 809 90 22 Rhodes
2236 811 44 20 and
2298 812 46 26 Co.,
2355 819 29 14 on
2396 812 104 27 Tuesday

1914 837 63 23 next,
1989 834 36 22 the
2034 835 39 21 6th
2083 835 91 27 instant,
2186 841 23 17 at
2219 838 25 20 12
2255 837 86 23 o'clock
2353 838 117 28 precisely.

1941 868 14 19 6
1964 866 64 23 hhds.
2039 868 45 22 and
2094 870 9 20 1
2115 869 74 22 barrel
2199 870 41 28 ale,

1941 894 14 19 2
1965 893 36 22 do.
2012 894 100 28 Taylor's
2122 899 65 25 stout,

1942 921 14 19 9
1965 919 65 24 hhds.
2042 922 86 25 arrack,

1941 947 14 20 8
1965 947 37 22 do.
2012 947 63 23 West
2085 949 67 22 India
2161 957 58 19 rum,

1941 974 14 19 4
1965 973 62 27 pipes
2037 974 84 23 cordial
2131 976 45 26 gin,
2187 976 119 29 excellent,

1942 1000 10 20 1
1965 1000 37 22 do.
2012 1000 111 28 Hollands,
2135 1002 118 28 excellent,

1940 1027 27 20 25
1978 1034 60 15 cases
2047 1028 45 28 do.,
2104 1028 117 29 excellent,

1941 1053 15 20 4
1965 1053 72 22 chests
2052 1058 42 24 tea,

1941 1080 27 21 35
1979 1080 68 23 boxes
2061 1089 61 21 soap,

1941 1107 28 20 10
1979 1107 62 22 casks
2052 1108 62 27 pork,

1942 1134 10 19 1
1965 1133 37 22 do.
2012 1134 64 28 tripe,

1942 1160 28 21 10
1976 1160 46 26 jars
2030 1160 69 28 dates,

1942 1188 10 19 1
1965 1186 44 28 bag
2016 1188 89 26 ground
2114 1189 68 27 spice,

1943 1214 10 20 1
1967 1212 36 23 do.
2013 1214 98 28 allspice,

1941 1240 16 21 2
1967 1239 35 23 do.
2012 1248 89 20 pepper,

1942 1267 11 20 1
1965 1266 49 23 bale
2024 1268 110 28 blankets,

1941 1294 12 20 1
1965 1300 50 16 case
2024 1294 82 28 clocks,

1942 1320 28 21 10
1980 1320 201 25 double-barrelled
2191 1322 51 23 flint
2249 1330 65 21 guns,

1941 1348 30 20 50
1980 1353 60 21 gross
2049 1348 72 27 corks,

1943 1374 26 21 10
1979 1377 53 24 kegs
2042 1374 63 28 spike
2115 1375 64 27 nails,
2190 1376 90 23 various
2289 1377 64 27 sizes,

1941 1401 14 20 6
1966 1400 80 23 tierces
2055 1402 112 22 excellent
2176 1403 57 26 beef,

1942 1426 90 23 Bottled
2042 1428 34 21 ale
2085 1429 24 21 in
2119 1431 20 24 3,
2150 1430 20 26 4,
2181 1429 45 22 and
2235 1431 14 20 6
2260 1430 49 22 doz.
2319 1430 117 28 packages,

1941 1452 45 23 Do.
1997 1459 76 22 porter
2081 1455 24 22 in
2116 1455 43 27 do.,

1942 1480 23 21 A
1974 1480 61 28 large
2046 1482 104 28 quantity
2160 1482 26 22 of
2193 1482 92 29 pickles,

1943 1506 120 24 Mauritius
2072 1515 74 21 sugar,

1943 1534 15 20 2
1968 1534 63 22 casks
2041 1536 104 27 oatmeal,

1940 1560 30 21 20
1979 1564 49 18 tons
2039 1562 49 25 salt,

1943 1588 10 19 1
1965 1594 49 15 case
2025 1588 84 28 pistols,

1943 1613 88 23 Ladies'
2043 1616 59 21 twist
2109 1616 100 27 tobacco,

1943 1640 129 23 Gambroon
2080 1642 71 28 jacket
2151 1642 24 28 3,

1943 1666 103 24 Summer
2059 1669 131 28 waistcoats,

1943 1694 10 21 1
1965 1697 54 19 tent.

1943 1720 66 22 After
2025 1722 80 26 which,
2122 1724 14 20 2
2152 1723 111 22 excellent
2279 1724 62 27 dairy
2352 1732 57 16 cows
2425 1726 23 22 in
2462 1724 43 23 full

1915 1747 63 27 milk,
1987 1748 43 21 and
2041 1749 22 21 in
2074 1748 48 23 calf
2130 1753 22 18 to
2162 1750 45 22 Mr.
2215 1750 114 23 Sinclair's
2338 1752 45 21 bull
2392 1760 5 20 ;
2409 1753 14 21 2
2433 1751 70 23 brood

1914 1781 74 14 mares
1998 1775 21 21 in
2030 1775 52 22 foal.

1942 1801 57 22 Also
2014 1802 53 21 land
2068 1813 28 5 —
2096 1803 12 21 5
2127 1803 101 27 building
2244 1804 136 28 allotments,
2390 1812 15 15 a
2413 1804 90 28 portion

1914 1827 26 21 of
1946 1831 60 19 town
2015 1835 51 16 acre
2075 1829 45 22 No.
2131 1831 47 26 552,
2192 1830 142 28 delightfully
2345 1832 95 22 situated
2451 1839 28 14 on
2490 1839 14 14 a

1913 1854 77 26 gentle
2004 1856 125 28 eminence,
2148 1861 22 18 at
2187 1857 38 22 the
2244 1858 56 22 back
2316 1859 25 21 of
2353 1859 40 21 Dr.
2410 1858 95 23 Evans's

1914 1888 50 15 new
1974 1880 75 24 house.

2134 1917 74 16 TERMS
2223 1919 65 14 CASH.

1913 1964 118 20 SMALL
2046 1965 85 20 LOTS
2153 1966 69 21 FOR
2244 1967 132 21 HOUSES
2396 1969 44 20 TO
2460 1967 46 21 BE

2094 1992 68 20 LET
2178 1992 140 22 &S.ATIS.

1914 2022 45 22 HP
1964 2022 73 22 OWN
2049 2022 84 24 ACRE
2147 2025 95 21 number
2251 2027 48 26 480,
2317 2033 29 15 on
2364 2027 140 27 Wellington

1927 2047 25 24 A.
1989 2049 102 28 Terrace,
2110 2051 154 28 immediately
2281 2053 23 21 in
2315 2053 37 22 the
2362 2061 51 14 rear
2429 2054 26 21 of
2465 2053 39 22 the

1914 2075 74 22 mauri
1997 2076 69 22 house
2076 2077 70 28 lately
2155 2079 106 26 occupied
2272 2079 30 27 by
2313 2080 44 22 Mr.
2369 2081 82 26 Minet,
2458 2079 47 22 will

1913 2102 28 22 he
1952 2103 33 21 let
1994 2103 22 21 in
2026 2103 65 22 small
2101 2104 44 22 lots
2155 2105 35 21 for
2204 2105 102 28 building
2314 2107 36 22 for
2359 2107 63 22 three
2433 2107 73 28 year's

1913 2131 48 20 free
1972 2129 26 22 of
2008 2133 57 19 rent.
2097 2131 76 28 Apply
2183 2135 23 18 to

2214 2159 25 22 F.
2254 2159 31 22 A.
2300 2159 176 24 MOLESWORTH.

1941 2183 65 26 April
2014 2185 21 24 2,
2047 2185 63 21 1841.

2040 2239 100 22 JAMKS
2155 2240 30 21 H.
2202 2240 171 28 JOHNSTON,

1938 2275 156 21 CABINET
2109 2276 130 21 MAKER
2254 2278 76 20 AND
2346 2278 138 25 JOINER,

2106 2311 39 19 TE
2157 2311 62 20 ARO
2232 2312 86 24 FLAT,

1915 2344 53 48 IN
1979 2345 115 27 returning
2105 2345 81 23 thanks
2194 2350 22 18 to
2226 2346 35 22 his
2273 2347 131 28 Employers
2413 2348 43 23 and
2467 2348 38 21 the

1974 2371 77 23 Public
2060 2372 35 22 for
2105 2372 37 22 the
2155 2377 92 24 support
2258 2374 28 21 he
2303 2374 39 23 has
2360 2375 96 22 hitherto
2472 2382 35 14 re-

1916 2397 84 27 ceived,
2009 2398 54 27 begs
2071 2403 23 17 to
2102 2399 81 22 inform
2194 2401 60 21 them
2263 2401 48 22 that
2318 2401 28 22 he
2353 2401 40 22 has
2400 2401 108 23 removed

1915 2425 57 21 from
1986 2425 77 21 Petoni
2077 2429 22 19 to
2115 2427 31 21 Te
2157 2427 47 21 Aro
2221 2427 59 27 Flat,
2289 2428 81 27 where,
2385 2429 24 21 in
2423 2430 82 25 future,

1915 2451 29 21 he
1955 2451 44 22 will
2015 2459 65 20 carry
2094 2460 30 14 on
2141 2452 38 23 the
2195 2453 71 22 above
2282 2454 109 23 branches
2400 2456 27 21 of
2435 2455 71 26 trade,

1917 2478 45 22 and
1972 2478 27 22 he
2009 2479 55 21 feels
2075 2479 115 23 confident
2199 2480 48 22 that
2260 2488 45 21 any
2317 2482 61 21 work
2393 2482 115 23 entrusted

1916 2508 23 18 to
1949 2505 53 27 him,
2014 2505 44 22 will
2072 2506 27 22 be
2115 2507 109 22 executed
2238 2511 23 18 to
2276 2508 37 22 the
2331 2509 137 22 satisfaction
2484 2509 27 22 of

1916 2531 36 23 his
1963 2532 140 28 Employers.

1944 2559 22 21 J.
1979 2559 29 22 H.
2019 2559 23 22 J.
2054 2560 117 22 continues
2187 2562 22 19 to
2226 2568 93 21 prepare
2334 2562 72 27 plans,
2421 2562 88 28 specifi-

1916 2586 91 26 cations,
2019 2585 45 23 and
2074 2587 113 22 estimates
2201 2587 35 23 for
2253 2595 67 21 every
2331 2589 136 28 description
2484 2589 28 22 of

1916 2612 109 27 building.

1980 2667 238 22 WELLINGTON
2233 2669 209 24 EXCHANGE,

1916 2700 92 49 THE
2022 2700 113 22 PUBLIC
2152 2708 38 15 are
2206 2702 113 22 informed
2335 2702 48 22 that
2398 2703 37 23 the
2450 2705 58 20 tem-

1990 2734 80 20 porary
2087 2727 83 22 Rooms
2185 2728 26 21 of
2226 2728 37 22 the
2284 2729 130 23 Institution
2431 2737 37 15 are
2482 2733 25 19 at

1915 2753 39 22 the
1971 2754 73 21 Stores
2061 2754 26 21 of
2100 2754 43 21 Mr.
2159 2755 94 22 Robert
2271 2756 89 27 Waitt,
2377 2757 74 22 where
2467 2756 38 22 the

1914 2780 67 22 latest
1990 2780 101 27 English,
2101 2781 134 28 Australian,
2243 2782 45 22 and
2296 2783 121 23 American
2427 2784 79 22 News-

1914 2814 81 20 papers
2013 2807 46 22 and
2077 2808 132 27 Magazines
2228 2809 46 21 will
2293 2810 29 21 be
2340 2809 78 24 found.
2456 2810 49 22 The

1915 2834 153 27 Subscription
2077 2834 19 22 is
2106 2836 40 21 £2.
2160 2836 33 21 2s.
2204 2843 40 20 per
2256 2843 93 20 annum,
2370 2837 95 28 payable
2479 2838 25 21 in

1915 2860 109 23 advance.

2109 2888 28 22 G.
2153 2888 26 22 B.
2195 2889 72 28 Eaiip,

2153 2916 121 22 Chairman
2284 2917 26 21 of
2316 2917 37 22 the
2364 2918 143 22 Committee.

1981 2969 238 21 WELLINGTON
2236 2970 206 24 EXCHANGE.

1917 3001 92 49 THE
2025 3002 215 23 PROPRIETORS
2251 3004 26 21 of
2282 3004 38 22 the
2331 3004 178 23 EXCHANGE

1992 3036 38 14 are
2052 3029 87 22 invited
2162 3032 24 19 to
2209 3034 61 18 meet
2291 3034 23 18 at
2334 3030 37 22 the
2392 3032 75 22 Stores
2486 3032 26 21 of

1915 3056 91 21 Messrs.
2018 3055 131 28 Ridgways,
2169 3057 106 27 Gcyton,
2286 3057 46 22 and
2347 3058 72 28 Earp,
2430 3065 30 16 on
2470 3058 39 22 the

1916 3083 41 21 7th
1966 3082 25 22 of
1997 3081 66 28 April
2080 3086 62 23 next,
2153 3083 37 22 for
2199 3083 38 21 the
2251 3091 95 20 purpose
2363 3085 27 21 of
2402 3085 108 31 adopting

1917 3109 68 22 Plans
1994 3109 46 22 and
2049 3109 120 22 Estimates
2181 3110 25 21 of
2212 3110 40 21 the
2259 3110 108 23 intended
2375 3112 116 25 Building.

2110 3137 28 20 G.
2153 3137 27 21 B.
2196 3137 72 27 Earp,

2155 3163 121 22 Chairman
2287 3164 25 22 of
2319 3164 38 23 the
2367 3164 141 24 Committee.

1981 3218 239 21 WELLINGTON
2238 3218 207 23 EXCHANGE.

2109 3252 36 20 TO
2159 3253 160 22 BUILDERS.

1917 3285 205 48 ESTIMATES
2137 3285 46 22 and
2197 3286 100 23 PLANS
2312 3294 38 15 are
2360 3286 104 30 required
2473 3287 35 22 for

1985 3312 38 21 the
2033 3312 161 23 Wellington
2204 3313 136 29 Exchange,
2350 3318 21 18 to
2381 3315 28 21 be
2420 3314 88 23 erected

1917 3345 61 21 upon
1992 3338 38 23 the
2040 3338 40 23 flat
2098 3343 23 18 at
2136 3339 33 22 Te
2185 3340 55 21 Aro.
2270 3340 47 22 The
2335 3341 135 22 dimensions
2485 3340 25 23 of

1917 3365 38 22 the
1971 3365 111 28 Building,
2099 3367 28 21 40
2142 3366 48 22 feet
2203 3367 25 22 in
2245 3367 79 27 length
2339 3368 30 27 by
2385 3370 26 20 22
2427 3368 46 22 feet
2484 3367 24 22 in

1917 3392 68 22 front.
2013 3392 49 22 The
2079 3392 62 22 front
2153 3397 24 18 to
2193 3393 28 22 be
2237 3393 87 28 lighted
2331 3395 55 22 with
2402 3398 42 19 two
2454 3394 55 22 win-

1919 3418 66 28 dows,
2002 3418 46 23 and
2065 3419 120 22 decorated
2200 3420 54 23 with
2271 3422 139 27 appropriate
2428 3420 81 24 Archi-

1919 3445 93 22 tectural
2029 3446 144 23 Ornaments.
2202 3448 51 21 One
2264 3455 22 14 or
2302 3448 37 22 the
2349 3448 58 22 sides
2418 3447 53 29 only
2486 3451 22 18 to

1918 3472 89 22 contain
2025 3472 52 23 four
2087 3473 106 22 windows
2201 3481 5 20 ;
2223 3474 38 22 the
2270 3474 61 23 front
2346 3478 23 18 to
2380 3475 28 22 be
2419 3474 90 23 dressed

1918 3499 46 22 and
1973 3499 121 28 pannelled
2101 3500 52 22 with
2160 3500 135 28 thoroughly
2302 3501 108 22 seasoned
2420 3501 87 27 timber,

1919 3525 38 22 the
1965 3530 46 17 rest
2020 3530 23 18 to
2057 3526 29 22 be
2101 3527 214 27 weather-boarded,
2327 3528 52 22 with
2395 3528 38 22 the
2442 3526 66 23 doors

1918 3553 27 21 of
1951 3552 73 23 cedar.

1946 3579 82 28 Apply,
2041 3579 29 28 by
2079 3579 67 24 letter
2159 3580 61 28 only,
2232 3584 24 19 to
2270 3581 44 22 Mr,
2326 3581 28 22 G.
2364 3581 28 22 B.
2402 3581 71 26 Earp,
2485 3583 23 19 at

1917 3605 33 22 Te
1965 3603 54 30 Aro,
2037 3613 28 15 on
2084 3614 25 15 or
2124 3607 76 22 before
2216 3607 38 22 the
2270 3607 39 22 6th
2326 3608 27 21 of
2365 3608 64 27 April
2444 3610 63 19 next.

1917 3632 49 22 The
1985 3633 107 28 Building
2108 3634 44 22 will
2172 3634 27 22 be
2216 3634 103 28 required
2336 3637 21 18 to
2374 3634 28 22 be
2420 3634 88 23 erected

1917 3659 161 29 immediately,
2090 3661 45 22 and
2145 3661 38 22 the
2193 3660 133 28 proprietors
2336 3660 28 22 do
2375 3664 41 19 not
2425 3660 79 29 pledge

1917 3686 135 23 themselves
2061 3692 23 17 to
2092 3692 79 23 accept
2179 3687 37 22 the
2226 3687 78 22 lowest
2312 3687 107 23 Tenders.

2145 3742 45 19 TO
2203 3740 77 26 LET,

1917 3767 52 48 A
1983 3767 214 23 SUBSTANTIAL
2208 3768 76 21 native
2292 3767 58 22 built
2355 3767 77 28 house,
2439 3768 69 23 situa-

1997 3794 38 22 ted
2050 3794 25 22 in
2092 3794 37 22 the
2146 3801 50 15 rear
2213 3794 26 21 of
2249 3793 138 29 Wellington
2404 3795 102 23 Terrace.

1917 3820 49 22 The
1975 3820 69 23 house
2063 3821 102 22 contains
2175 3820 63 22 three
2248 3828 74 15 rooms
2331 3822 46 21 and
2386 3829 14 14 a
2408 3822 99 23 kitchen.

1917 3847 49 22 The
1984 3847 72 22 whole
2074 3847 46 22 will
2138 3848 29 21 be
2185 3851 41 23 put
2244 3848 24 21 in
2292 3848 111 27 complete
2426 3848 80 28 repair.

1917 3873 72 22 There
2004 3874 20 21 is
2040 3873 49 23 also
2104 3881 14 15 a
2126 3873 65 23 small
2207 3874 84 26 garden
2308 3874 105 23 attached
2429 3878 24 19 to
2471 3874 37 23 the

1917 3900 115 28 premises.
2060 3900 45 22 For
2120 3900 121 23 directions
2257 3900 65 28 apply
2339 3904 23 19 at
2378 3902 45 23 this
2437 3900 70 29 office,

1919 3926 45 23 and
1972 3927 34 22 for
2016 3926 130 29 particulars
2156 3931 23 18 to
2191 3927 42 22 Mr.
2247 3928 28 21 A.
2287 3928 83 23 Millar.

715 619 115 21 UNION
845 620 101 21 BANK
960 621 43 20 OF
1018 621 220 21 AUSTRALIA.

678 651 96 22 London
792 652 93 26 Office,
902 652 44 23 No.
960 654 36 26 33,
1016 654 48 21 Old
1081 654 185 23 Broad-street.

732 685 94 27 Capital,
836 685 123 28 £500,000;
980 687 53 27 paid
1040 694 38 21 up,
1092 687 120 28 £300,000.

914 724 109 13 DIRECTORS
1028 725 5 12 :

784 746 69 21 George
860 746 39 18 Fife
906 748 66 20 Angas,
981 748 50 21 Esq.,

784 766 68 18 Robert
859 767 75 21 Brooks,
944 769 48 20 Esq.,

782 788 64 17 James
853 788 48 17 John
909 789 100 20 Cummins,
1017 790 48 21 Esq.,

782 808 69 18 Robert
858 809 97 21 Gardener,
966 811 50 20 Esq.,
1028 810 120 21 Manchester,

783 830 48 15 John
840 830 46 16 Gore
903 830 48 21 Esq.,

783 850 49 16 John
839 851 81 17 William
927 852 74 18 Buckle,
1007 851 48 21 Esq.,

783 870 96 21 Benjamin
887 872 21 17 E.
915 871 63 20 Lindo,
986 872 48 20 Esq.,

783 892 73 16 Charles
868 892 74 17 Edward
949 892 86 21 Mangles,
1044 893 48 20 Esq.,

783 912 116 20 Christopher
906 912 84 20 Rawson,
998 913 48 20 Esq.,
1058 913 81 21 Halifax,

782 932 80 17 Thomas
869 933 64 20 Sands,
942 934 47 20 Esq.,
997 933 99 21 Liverpool,

782 953 63 16 James
852 953 55 21 Bogle
915 954 64 19 Smith,
986 954 48 20 Esq.,

782 973 63 17 James
852 974 80 16 Ruddell
939 974 54 19 Todd,
1002 975 43 20 Esq.

676 999 95 17 Trustees:
788 1000 82 17 George
882 1002 57 16 Carr
949 1001 61 19 Glyk,
1023 1002 48 20 Esq.,
1082 1002 53 17 John
1146 1002 61 21 Gore,
1217 1003 48 20 Esq.,

823 1021 38 16 and
868 1021 66 17 James
941 1022 16 16 J.
965 1023 99 19 Cummins,
1076 1023 42 21 Esq.

704 1047 80 17 Bankers
791 1052 4 13 :
807 1047 75 18 Messrs.
890 1048 61 20 Glyn,
962 1049 114 20 Hallifax,
1085 1050 72 20 Mills,
1164 1050 37 18 and
1208 1051 30 16 Co.

796 1076 102 21 Secretary:
910 1077 83 17 Samuel
1000 1077 94 20 Jackson,
1102 1078 43 21 Esq.

767 1103 81 17 Colonial
854 1103 103 22 Inspector:
970 1105 17 15 J.
995 1105 19 16 C.
1021 1105 102 20 M'Laren,
1131 1106 43 20 Esq.

798 1151 70 21 New
885 1152 124 21 Zealand
1027 1153 115 21 Branch.

675 1183 53 17 Local
736 1183 92 18 Directors
834 1190 5 11 :
854 1185 47 17 Geo.
913 1185 18 17 S.
943 1185 72 20 Evans,
1028 1186 48 21 Esq.,
1089 1186 69 21 D.C.L.,
1171 1187 36 17 and
1220 1188 44 16 Geo.

899 1205 91 21 Hunter,
1002 1207 42 20 Esq.

675 1232 97 21 Manager:
783 1233 49 17 John
841 1233 72 19 Smith,
922 1234 47 20 Esq.,
978 1233 36 18 late
1023 1234 20 17 of
1052 1234 29 17 the
1089 1235 118 17 Commercial
1214 1235 52 17 Bank

845 1254 21 17 of
875 1254 88 21 England,
976 1255 121 17 Manchester.

786 1281 115 24 Branches
911 1285 25 19 at
949 1282 98 28 Sydney,

950 1308 173 30 llobartTown,

951 1335 9 23 1
972 1340 127 24 aunceston,
1111 1336 47 23 and

950 1362 10 23 1
970 1367 35 18 ort
1014 1363 80 29 Philip.

675 1395 53 23 Port
737 1395 132 29 Nicholson,
881 1396 79 23 March
971 1398 34 26 24,
1017 1399 61 20 1840.

675 1449 92 22 HHHE
784 1449 115 23 Directors
916 1451 27 21 of
956 1451 40 21 the
1014 1451 56 22 New
1086 1451 100 23 Zealand
1200 1452 65 23 Land

682 1472 29 26 JL
749 1477 119 27 Company
882 1477 81 28 hereby
983 1478 50 27 give
1050 1479 80 26 notice,
1150 1479 48 22 that
1212 1480 52 26 they

673 1502 57 22 have
738 1510 114 16 EFFECTED
864 1511 28 15 AN
904 1512 171 15 ARRANGEMENT
1084 1505 52 22 with
1144 1506 37 21 the
1189 1506 74 22 Ullioil

673 1529 64 22 Bank
753 1530 26 21 of
795 1531 121 26 Australia,
935 1531 42 22 No.
995 1533 33 25 38,
1044 1532 45 21 Old
1104 1532 159 27 Broad-street,

674 1555 102 28 London,
788 1557 34 21 for
833 1557 36 21 the
883 1557 169 22 establishment
1065 1559 26 21 of
1104 1566 14 14 a
1134 1559 130 23 BRANCH

673 1583 89 22 BANK
777 1583 35 22 IN
828 1583 72 23 NEW
915 1585 157 27 ZEALAND,
1086 1585 97 28 through
1193 1586 71 23 which

673 1609 38 22 the
719 1610 104 22 business
836 1611 27 21 of
875 1611 39 22 the
931 1611 57 22 New
1003 1611 100 22 Zealand
1117 1612 66 23 Land
1200 1613 65 22 Com-

672 1644 60 20 pany
742 1637 45 22 will
796 1637 28 22 be
835 1638 134 22 transacted.
998 1638 47 22 The
1061 1639 114 22 Directors
1192 1639 72 22 there-

673 1663 46 22 fore
729 1665 147 21 recommend
885 1668 23 18 to
925 1665 110 22 Colonists
1051 1665 38 22 the
1105 1666 78 24 JJnion
1200 1666 64 23 Bank

673 1691 26 21 of
717 1690 116 23 Australia
850 1699 24 14 as
893 1699 29 14 an
948 1692 169 22 establishment
1139 1694 126 27 possessing

673 1717 57 21 their
746 1718 71 21 entire
841 1718 137 27 confidence,
1000 1719 44 22 and
1063 1719 49 22 able
1131 1723 24 18 to
1172 1720 92 27 provide

672 1744 127 28 effectually
815 1745 36 21 for
867 1745 37 22 the
919 1745 105 22 financial
1039 1749 69 19 wants
1126 1747 27 21 of
1164 1747 37 22 the
1218 1747 48 22 first

672 1770 136 23 settlement.

842 1804 34 29 By
887 1806 66 21 order
962 1806 27 22 of
999 1806 37 22 the
1046 1806 80 27 Board,

920 1839 85 22 JOHN
1020 1839 103 28 WARD,
1141 1840 123 28 Secretary.

672 1871 56 22 New
738 1872 101 22 Zealand
849 1872 66 22 Land
925 1874 135 26 Company's
1070 1874 78 27 Office,

701 1900 17 24 1,
730 1899 162 26 Adam-street,
903 1900 105 27 Adelphi,
1019 1901 52 21 27th
1082 1901 68 26 Aug.,
1161 1903 62 21 1839.

762 1954 258 20 IMMIGRATION
1039 1955 132 21 OFFICE.

673 1986 29 21 T
722 1985 63 22 ISTS
796 1986 26 21 of
829 1987 74 26 newly
913 1987 87 21 arrived
1010 1987 146 27 Immigrants
1165 1995 38 14 are
1212 1989 61 26 kept^

671 2008 47 26 JLJ
748 2015 24 18 at
790 2012 45 22 this
855 2008 78 31 Office,
953 2013 73 22 where
1046 2014 83 27 parties
1148 2014 116 28 requiring

672 2039 115 21 workmen
797 2046 26 14 or
838 2042 101 19 servants
949 2047 42 14 can
1009 2040 85 21 receive
1109 2041 153 27 information,

672 2065 45 21 and
734 2065 64 22 those
815 2069 39 18 out
868 2066 26 21 of
906 2067 151 26 employment
1071 2074 42 15 can
1130 2067 58 22 have
1205 2068 58 22 their

671 2098 78 16 names
760 2093 129 26 registered,
901 2100 29 14 on
940 2093 107 28 applying
1057 2096 22 19 to

850 2119 93 22 Daniel
958 2121 138 26 Riddiford,

1001 2147 157 27 Immigration
1176 2148 85 27 Agent,
1272 2149 2 25 j

699 2172 123 23 Thorndon
834 2173 73 28 Quay,
918 2173 145 28 Wellington,
1272 2181 2 21 ;

767 2199 128 23 December
908 2202 32 25 30,
957 2202 60 21 1840.

806 2254 215 21 WAKEFIELD
1036 2256 97 21 CLUB.

671 2287 52 48 A
738 2286 152 23 GENERAL
910 2287 145 23 MEETING
1076 2288 25 22 of
1119 2289 38 21 the
1179 2289 85 22 MEM-

751 2314 78 22 BERS
840 2314 44 22 will
895 2314 50 22 take
956 2314 62 27 place
1029 2319 23 17 at
1061 2315 37 22 the
1110 2316 55 21 Club
1177 2315 85 27 House,

672 2348 29 14 on
718 2340 110 28 Monday,
845 2340 38 23 the
899 2341 38 22 sth
947 2341 65 28 April
1028 2345 60 24 next,
1104 2346 24 18 at
1137 2344 26 20 12
1179 2343 85 22 o'clock

671 2368 118 27 precisely.

937 2394 110 24 Richard
1060 2395 88 27 Baker,

1008 2422 120 28 Honorary
1139 2423 124 27 Secretary.

700 2448 147 27 Wellington,
859 2448 79 22 March
948 2449 35 26 25,
994 2451 9 19 1
1007 2450 47 21 841.

672 2503 155 49 NOTICE.
828 2514 29 4 —
857 2502 95 23 Persons
960 2503 99 22 desirous
1064 2504 25 22 of
1093 2504 68 27 being
1169 2505 97 21 marriod

736 2530 29 27 by
777 2529 38 23 the
826 2530 55 22 Rev.
893 2530 60 22 John
965 2530 138 27 M'Farlane,
1115 2531 58 22 First
1183 2531 82 23 Minis-

672 2560 33 18 ter
715 2557 26 21 of
752 2556 37 22 the
801 2557 81 22 Scotch
892 2557 89 22 Church
991 2557 23 22 in
1031 2557 55 22 New
1096 2557 111 28 Zealand,
1228 2566 37 14 are

672 2583 118 28 requested
800 2587 24 19 to
832 2584 95 27 register
936 2583 59 23 their
1005 2591 77 15 names
1098 2585 54 21 with
1169 2589 39 18 the
1223 2593 43 15 un-

672 2610 120 27 dersigned
800 2615 24 17 at
832 2611 68 21 latest
909 2611 37 21 the
956 2611 110 27 Saturday
1076 2612 105 31 previous
1195 2615 23 19 to
1228 2612 37 22 the

673 2644 127 21 ceremony,
812 2638 23 21 in
847 2637 65 23 order
919 2641 22 19 to
951 2637 160 28 proclamation
1122 2639 22 21 of
1153 2639 73 22 banns
1236 2646 29 15 on

671 2664 105 22 Sabbath.
807 2665 96 21 Persons
914 2665 45 21 also
970 2664 100 23 desirous
1080 2665 27 22 of
1112 2665 86 28 having
1208 2666 57 22 their

672 2691 100 22 children
791 2691 111 28 baptised,
922 2695 61 19 must
997 2692 104 27 previous
1117 2692 88 22 thereto
1214 2693 52 27 give

672 2717 37 23 the
720 2718 106 28 requisite
836 2719 146 22 information
991 2719 24 21 in
1031 2719 63 21 order
1104 2722 25 18 to
1138 2720 95 27 registry
1242 2723 24 19 to

967 2745 95 23 Robert
1072 2745 27 23 R.
1110 2746 102 27 Strang,

699 2771 103 23 Solicitor
812 2771 45 23 and
868 2772 115 27 Registrar
991 2773 35 21 for
1035 2773 38 21 the
1081 2772 81 23 Scotch
1168 2773 97 23 Church.

672 2798 227 27 Woollcomb-street,
910 2799 52 21 24th
972 2799 80 22 March
1063 2801 61 21 1841.

817 2853 169 21 GENERAL
1001 2854 118 20 STORE.

674 2879 93 48 MR.
781 2879 146 22 TELFORD
941 2879 84 28 having
1038 2881 101 27 recently
1151 2881 66 22 made
1227 2889 39 14 ex-

766 2906 87 21 tensive
869 2905 128 29 purchases,
1015 2907 54 27 begs
1078 2910 24 19 to
1111 2915 120 16 announce
1242 2912 23 19 to

673 2932 33 22 his
716 2932 87 22 friends
813 2933 48 21 that
869 2933 30 21 he
909 2933 40 22 has
960 2940 29 16 on
1000 2933 52 28 sale,

700 2959 189 23 HARDWARE
904 2960 25 22 of
940 2960 38 22 the
988 2961 47 21 first
1044 2960 93 29 quality,
1148 2962 118 28 including

673 2993 14 15 a
695 2989 64 24 great
765 2986 87 27 variety
863 2987 26 21 of
899 2987 64 23 nails.

699 3013 106 22 FLOUR
816 3014 26 21 of
852 3014 49 21 first
910 3014 46 22 and
965 3014 83 22 second
1057 3013 94 29 quality.

700 3040 270 29 GROCERIES.—Tea,
985 3048 84 21 sugars,
1087 3042 77 27 coffee,
1181 3043 83 26 butter,

673 3074 60 21 soap,
746 3067 98 28 candles,
854 3067 55 28 rice,
923 3075 66 20 curry
1004 3068 98 29 powder,
1118 3069 87 28 pickles
1219 3070 47 22 and

673 3101 83 19 sauces,
768 3094 112 27 spiceries,
892 3095 38 21 &c.

699 3120 103 22 WINES
816 3121 68 23 AND
895 3121 155 23 SPlßlTS.—
1051 3122 93 22 Besides
1153 3123 39 22 the
1202 3123 64 22 usual

673 3147 80 29 supply
763 3148 26 22 of
799 3148 70 22 wines
878 3149 46 21 and
933 3148 81 28 spirits,
1028 3149 62 22 there
1100 3149 20 22 is
1129 3156 14 15 a
1151 3150 115 21 consider-

672 3175 50 21 able
727 3175 107 28 quantity
837 3175 26 22 of
871 3175 88 22 Scotch
967 3175 112 22 Whiskey
1088 3184 6 19 ;
1106 3176 45 22 and
1158 3184 14 14 a
1177 3177 89 22 limited

673 3201 103 28 quantity
786 3202 27 21 of
823 3202 118 22 Colonial
951 3201 122 23 Whiskey.

698 3228 100 22 BOOTS
813 3228 68 23 AND
897 3228 136 23 SHOES.—
1033 3229 74 22 There
1117 3229 40 22 has
1164 3230 59 22 been
1230 3237 36 15 re-

673 3255 78 22 ceived
769 3263 14 14 a
802 3256 104 27 quantity
927 3255 27 22 of
974 3255 139 28 Wellington
1136 3257 66 22 boots
1220 3258 46 21 and

673 3282 114 22 Warren's
793 3282 116 28 blacking.

698 3309 174 23 BLANKETS.
873 3321 32 5 —
907 3309 69 22 Fresh
991 3309 92 23 arrivals
1099 3309 58 22 have
1168 3318 63 15 come
1242 3313 23 20 to

672 3335 62 23 hand
742 3336 25 22 in
777 3338 39 20 8-4
825 3336 46 22 and
881 3337 57 27 11-4,
956 3335 27 23 of
995 3337 89 22 various
1100 3337 105 27 qualities
1220 3338 46 21 and

672 3363 80 28 prices.

699 3389 302 23 HABERDASHERY.—
1001 3389 72 23 There
1089 3390 20 22 is
1124 3398 13 14 a
1146 3391 71 22 select
1225 3391 43 22 but

671 3416 89 23 limited
784 3417 106 29 quantity
913 3424 30 15 on
967 3417 68 27 hand,
1059 3417 117 28 including
1195 3420 70 26 tapes,

673 3443 97 28 threads,
781 3443 67 22 black
859 3444 47 21 and
919 3443 105 23 coloured
1039 3451 88 15 sewing
1142 3451 64 16 silks
1220 3444 47 23 and

673 3471 64 27 twist,
760 3471 97 27 darning
875 3474 85 24 cotton,
977 3471 98 27 needles,
1094 3471 84 27 combs,
1200 3471 68 23 India

672 3498 42 21 silk
722 3497 46 22 and
775 3501 77 18 cotton
859 3497 181 28 handkerchiefs,
1047 3498 87 27 braces,
1143 3498 40 22 &c.

697 3524 192 23 DRAPERY.—
890 3525 75 22 White
986 3528 77 19 cotton
1084 3525 104 27 shirting,
1207 3527 61 20 stout

671 3551 144 22 unbleached
829 3554 84 25 cotton,
926 3552 60 22 40in.
1002 3551 64 27 wide,
1083 3555 77 18 cotton
1175 3551 91 28 checks,

673 3578 55 23 dark
737 3578 80 27 prints,
829 3578 40 23 &c.
882 3579 39 22 &c.

699 3605 56 22 OIL
775 3605 70 22 AND
868 3605 145 22 LAMPS.—
1013 3605 55 22 This
1084 3604 69 23 latter
1170 3604 42 23 has
1230 3612 37 15 re-

673 3632 78 22 ceived
760 3639 29 16 an
800 3632 101 23 increase
911 3632 25 22 of
946 3632 38 22 the
993 3632 50 22 best
1057 3632 86 28 quality
1160 3632 50 22 that
1225 3631 42 23 has

671 3662 38 24 yet
718 3659 59 22 been
788 3659 85 22 offered
882 3658 25 23 in
916 3658 38 23 the
965 3658 94 28 Colony.

697 3685 74 23 There
781 3686 42 23 has
833 3686 47 22 also
890 3693 64 15 come
964 3689 23 19 to
1005 3685 62 22 hand
1083 3692 14 15 a
1113 3685 66 22 small
1193 3685 33 22 lot
1242 3685 28 23 of

671 3716 66 18 straw
756 3712 59 27 hats,
840 3712 49 23 sou'
913 3716 96 24 westers,
1033 3711 82 23 Scotch
1134 3719 61 20 caps,
1214 3719 52 16 um-

671 3739 89 27 brellas,
770 3740 42 21 &c.
1256 3750 5 10 i
1262 3761 6 7 y

742 3793 149 21 THOMAS
905 3794 20 20 &
945 3792 145 22 SAMUEL
1106 3792 92 21 COOK

672 3820 92 47 BEG
774 3823 23 18 to
806 3819 83 22 inform
900 3820 37 21 the
946 3819 83 28 public,
1040 3819 49 21 that
1103 3818 87 27 having
1203 3825 62 16 com-

748 3846 77 27 pleted
842 3846 59 21 their
922 3846 115 21 extensive
1056 3845 209 22 weather-boarded

671 3872 71 27 Store,
753 3871 54 28 they
816 3872 58 22 have
892 3879 68 20 every
975 3871 152 23 convenience
1143 3871 36 22 for
1195 3879 69 15 ware-

669 3898 98 28 housing
775 3899 77 26 goods,
863 3901 24 20 at
896 3906 13 14 a
917 3906 55 26 very
982 3898 114 22 moderate
1107 3899 90 27 charge.

699 3925 111 22 Lambton
822 3925 72 27 Quay,
906 3924 145 28 Wellington,
1065 3925 52 22 Jan.
1129 3926 33 27 29,
1173 3926 60 22 1841.
1272 3936 2 16 ;

111 617 83 21 NEW
211 617 173 21 ZEALAND
403 617 186 21 COMPANY.

57 650 91 30 Capital,
163 650 117 27 £100,000,
295 650 25 21 in
330 652 56 20 4000
396 650 81 22 Shares
487 650 26 22 of
523 650 48 23 £25
581 650 64 28 each,

278 677 31 22 all
318 677 54 27 paid
381 684 38 20 up.

187 711 100 16 Governor:
303 711 76 16 Joseph
388 711 71 19 Somes,
468 711 43 21 Esq.

117 738 171 22 Deputy-Governor
293 743 5 12 :
310 739 50 16 Hon.
365 738 73 17 Francis
446 739 74 21 Baring,
527 739 54 20 M.P.,

288 769 113 14 directors
406 771 5 11 :

138 793 88 16 Viscount
233 793 88 20 Ingestre,
330 793 53 20 M.P.,
473 799 12 10 «•

138 814 48 17 Lord
193 814 58 19 Petre,

137 835 64 20 Henry
208 834 21 17 A.
236 833 96 22 Aglionby,
342 835 49 21 Esq.,
399 835 53 21 M.P.,

136 856 48 16 John
193 855 81 16 Ellorker
281 856 91 19 Boulcott,
383 856 49 21 Esq.,

137 877 50 15 John
194 876 79 16 William
280 876 76 20 Buckle,
361 877 51 21 Esq.,

138 897 74 16 Russell
219 897 62 19 Ellice,
290 897 50 20 Esq.,

137 917 62 17 James
207 917 67 16 Robert
281 917 73 20 Gowen,
361 918 51 20 Esq.,

137 938 49 17 John
193 938 54 18 Hine,
255 938 48 19 Esq.,

137 957 80 17 William
223 958 54 19 Hutt,
285 958 50 20 Esq.,

137 979 75 17 Stewart
219 978 130 20 Majoribanks,
360 979 50 21 Esq.,

135 999 103 17 Alexander
247 998 62 20 Nairn,
318 999 49 20 Esq.,

135 1021 50 16 John
192 1020 53 18 Pirie,
253 1019 48 21 Esq.,
309 1020 106 18 Alderman,

137 1042 29 16 Sir
173 1041 67 20 George
247 1040 82 19 Sinclair,
339 1040 56 19 Bart.,
402 1040 53 20 M.P.,

137 1062 29 16 Sir
173 1061 27 17 W.
208 1061 122 19 Molesworth,
339 1061 55 19 Bart.,
403 1061 53 20 M.P.,

135 1082 50 17 John
192 1082 43 16 Abel
243 1082 65 19 Smith,
316 1082 51 21 Esq.,
377 1082 54 19 M.P.,

137 1103 47 17 Win.
194 1103 110 19 Thompson,
320 1103 48 19 Esq.,
384 1103 105 18 Alderman,
505 1102 53 20 M.P.,

137 1124 49 17 Hon.
193 1123 94 17 Frederick
295 1123 39 16 Jas.
342 1124 120 19 Tolletnache,
473 1123 53 20 M.P.,

137 1145 75 17 Edward
221 1145 20 15 G.
250 1144 104 20 Wakefield,
360 1145 38 20 Esq
405 1155 5 9 ,

137 1165 29 16 Sir
173 1165 62 20 Henry
243 1165 61 18 Webb,
314 1165 56 20 Bart.,

135 1185 70 17 Arthur
212 1185 63 20 Willis,
283 1186 51 19 Esq.,

137 1207 68 20 George
213 1206 96 17 Frederick
318 1206 72 21 Young,
398 1207 43 20 Esq.

198 1234 90 19 Secretary
294 1239 5 10 :
311 1233 55 17 John
374 1233 69 20 Ward,
452 1233 43 21 Esq.

56 1261 87 33 rpHE
152 1261 60 22 main
222 1261 98 21 features
329 1261 26 21 of
361 1261 37 21 the
407 1265 83 23 system
499 1261 26 21 of
532 1261 111 22 coloniza-

62 1283 28 28 X
127 1289 47 21 tion
185 1287 95 28 adopted
288 1287 32 28 by
330 1287 38 23 the
381 1288 125 27 Company,
522 1295 46 19 are,
570 1300 30 5 —
602 1289 40 26 Ist,

55 1316 35 21 the
101 1315 43 21 sale
154 1315 28 21 of
191 1315 71 26 lands,
276 1318 23 17 at
313 1322 31 14 an
358 1315 99 21 uniform
471 1315 47 21 and
532 1315 111 22 sufficient

56 1343 67 27 price;
141 1341 46 22 and
200 1341 74 26 2ndly,
292 1340 40 22 the
347 1341 155 28 employment
516 1342 27 22 of
556 1349 13 15 a
581 1342 62 27 large

55 1369 83 27 portion
148 1368 27 22 of
181 1368 36 22 the
226 1367 212 28 purchase-money,
450 1376 25 14 as
485 1376 28 14 an
524 1369 119 26 Immigra-

54 1397 44 21 tion
109 1395 72 22 Fund.
209 1394 28 23 In
248 1394 63 22 these
320 1399 105 23 respects,
442 1395 39 21 the
490 1395 120 28 principles
621 1396 26 22 of

55 1423 66 22 South
134 1421 114 23 Australia
261 1421 59 22 have
335 1421 58 22 been
408 1421 106 23 followed
527 1430 24 14 as
565 1423 78 28 nearly

53 1457 21 14 as
94 1449 170 22 circumstances
278 1447 82 28 would,
381 1449 24 21 in
420 1448 38 22 the
476 1452 92 25 present
584 1456 57 21 case,

55 1476 84 28 permit.

78 1510 46 21 The
138 1508 71 28 grand
224 1508 75 27 object
314 1508 28 21 of
355 1508 38 22 the
408 1516 58 20 new,
481 1517 25 14 or
516 1510 125 27 improved,

52 1540 81 23 system
143 1536 26 21 of
179 1536 36 21 the
226 1535 99 28 disposal
340 1536 27 21 of
383 1535 97 22 colonial
494 1536 72 27 lands,
583 1538 19 21 is
619 1541 22 18 to

52 1562 96 28 regulate
163 1562 37 21 the
214 1562 81 27 supply
311 1562 28 21 of
353 1569 51 15 new
418 1562 63 26 land,
497 1563 31 27 by
543 1563 38 23 the
595 1564 47 21 real

52 1593 67 18 wants
132 1589 26 22 of
171 1589 37 22 the
223 1588 119 27 Colonists,
359 1597 25 14 so
399 1588 49 23 that
462 1589 39 22 the
513 1584 57 29 land
584 1590 58 23 shall

52 1623 65 15 never
135 1616 27 21 be
181 1616 71 21 either
269 1616 193 27 superabundant,
484 1624 25 14 or
528 1617 112 27 deficient,

52 1644 68 21 either
135 1646 37 18 too
188 1642 77 33 cheap,
283 1649 26 15 or
328 1648 38 16 too
385 1644 60 21 dear.
485 1644 22 21 It
524 1644 41 21 has
583 1644 58 22 been

51 1670 74 22 shown
135 1670 49 21 that
192 1670 37 21 the
240 1670 43 21 due
295 1670 132 27 proportion
441 1670 105 23 between
562 1672 79 27 people

52 1697 43 21 and
102 1696 52 22 land
161 1704 51 19 may
217 1697 29 21 be
253 1697 130 26 constantly
388 1696 94 23 secured
489 1698 31 26 by
525 1698 117 22 abandon-

52 1724 37 26 ing
98 1724 36 21 the
144 1723 38 22 old
191 1727 82 23 system
286 1723 26 21 of
324 1731 97 19 grants,
432 1724 46 22 and
487 1725 116 27 requiring
613 1733 27 14 an

52 1750 95 22 uniform
156 1750 60 27 price
226 1757 40 21 per
275 1757 60 20 acre,
349 1750 35 22 for
394 1750 30 23 all
433 1758 50 15 new
493 1751 72 27 lands,
577 1752 65 22 with-

56 1778 167 26 outexception.
252 1776 26 23 If
288 1776 39 22 the
337 1778 62 26 price
409 1778 28 21 be
452 1781 40 18 not
506 1781 38 19 too
558 1778 51 27 low,
625 1780 18 20 it

53 1805 70 21 deters
131 1803 136 28 speculators
276 1804 60 21 from
351 1804 118 28 obtaining
482 1804 62 28 land,
560 1806 54 21 with
630 1813 13 15 a

54 1831 52 21 view
114 1834 23 18 to
146 1830 90 28 leaving
246 1830 58 21 their
313 1835 106 23 property
428 1831 23 22 in
463 1839 14 14 a
487 1831 76 22 desert
575 1835 65 25 state,

52 1858 44 21 and
107 1858 52 21 thus
173 1861 103 23 prevents
286 1857 112 27 injurious
408 1858 124 28 dispersion
539 1867 5 19 ;
560 1859 17 21 it
587 1859 53 27 also,

54 1886 26 26 by
90 1884 133 28 compelling
231 1891 68 20 every
305 1884 107 23 labourer
418 1889 23 18 to
450 1886 61 21 work
518 1886 35 21 for
561 1894 79 19 wages,

52 1912 53 21 until
115 1911 28 22 he
153 1911 40 22 has
201 1911 68 22 saved
285 1910 39 22 the
335 1912 54 26 only
399 1919 79 14 means
488 1912 26 21 of
526 1912 117 27 obtaining

52 1938 57 26 land,
119 1939 86 20 insures
219 1945 14 14 a
247 1938 83 26 supply
344 1938 27 21 of
382 1938 79 22 labour
476 1939 34 21 for
525 1939 56 21 hire.
610 1940 29 26 If,

50 1973 29 13 on
89 1965 36 21 the
135 1964 63 21 other
207 1964 67 26 hand,
292 1964 38 21 the
340 1964 61 26 price
412 1964 26 22 be
449 1968 41 18 not
499 1968 38 19 too
547 1965 62 27 high,
624 1966 18 21 it

53 1991 82 22 neither
144 1990 99 22 confines
253 1990 37 21 the
301 1988 88 25 settlers
405 1991 77 22 within
498 1999 13 14 a
526 1999 65 19 space
607 1993 35 21 in-

52 2016 154 27 conveniently
221 2023 96 20 narrow,
334 2023 43 15 nor
391 2016 54 23 does
459 2017 19 22 it
493 2021 96 23 prevent
602 2018 39 22 the

52 2044 75 26 thrifty
141 2043 102 22 labourer
256 2043 60 21 from
330 2043 122 28 becoming
466 2051 13 14 a
490 2044 150 28 land-owner,

54 2071 53 21 after
116 2070 98 26 working
224 2077 61 14 some
297 2070 56 22 time
362 2070 36 21 for
407 2077 81 21 wages.

82 2106 18 20 A
116 2103 116 28 sufficient,
249 2103 42 23 but
309 2108 42 18 not
368 2112 64 14 more
452 2105 54 22 than
528 2105 114 23 sufficient

54 2132 55 27 price
121 2132 34 20 for
167 2131 28 21 all
208 2138 50 14 new
271 2131 63 27 land,
351 2131 19 21 is
386 2131 37 21 the
440 2133 61 21 main
518 2133 86 21 feature
619 2133 26 21 of

55 2158 34 22 the
107 2166 47 14 new
170 2161 80 24 system
266 2157 27 22 of
309 2157 160 23 colonization.
503 2159 23 22 It
541 2159 101 22 obviates

54 2192 62 20 every
127 2192 82 21 species
226 2184 25 22 of
264 2184 104 28 bondage
375 2192 5 19 ;
401 2185 30 27 by
445 2186 121 27 providing
581 2194 61 14 com-

54 2212 83 22 binable
146 2212 84 26 labour,
241 2211 18 21 it
267 2211 94 22 renders
370 2212 105 27 industry
482 2220 55 21 very
546 2213 96 28 produc-

54 2239 48 26 tive,
113 2239 43 21 and
165 2238 120 22 maintains
294 2238 56 22 both
359 2239 55 27 high
429 2247 82 20 wages,
528 2240 45 21 and
586 2240 55 28 high

54 2266 82 27 profits;
158 2266 17 21 it
189 2265 77 21 makes
286 2265 39 21 the
344 2266 82 27 colony
442 2274 24 14 as
483 2267 117 22 attractive
617 2275 24 14 as

53 2292 98 27 possible,
166 2291 53 23 both
234 2295 23 18 to
273 2292 124 27 capitalists
412 2293 45 21 and
473 2296 23 18 to
510 2293 116 23 labourers
634 2303 6 18 ;

53 2319 42 22 and
105 2323 38 18 not
151 2319 84 27 merely
244 2322 22 18 to
276 2319 72 27 these,
361 2319 42 22 but
412 2319 55 28 also,
476 2321 32 26 by
517 2321 125 27 bestowing

52 2354 28 14 on
95 2346 35 22 the
141 2347 86 26 colony,
244 2345 37 22 the
292 2345 76 23 better
381 2347 119 22 attributes
516 2347 27 22 of
558 2355 30 14 an
604 2348 38 22 old

52 2373 86 27 society,
149 2376 23 18 to
179 2373 62 21 those
250 2373 50 21 who
307 2372 59 22 have
374 2380 14 14 a
394 2373 92 22 distaste
494 2374 34 22 for
535 2374 61 22 what
601 2375 41 22 has

52 2399 119 23 heretofore
180 2400 58 22 been
248 2399 38 23 the
301 2400 241 32 primitive^condition
554 2402 27 21 of
590 2409 51 15 new

53 2427 101 22 colonies.

77 2453 44 22 The
131 2456 62 25 great
201 2453 75 28 object
285 2453 28 22 of
323 2453 38 22 the
371 2454 60 27 price
441 2454 20 22 is
473 2458 30 19 to>
511 2462 78 15 secure
603 2456 39 21 the

53 2484 53 18 most
116 2480 106 22 desirable
232 2481 143 27 proportions
384 2481 102 22 between
501 2482 80 28 people
596 2483 46 22 and

52 2507 51 22 land
109 2515 4 19 ;
128 2508 41 21 but
177 2507 37 22 the
225 2507 52 28 plan
287 2507 43 22 has
339 2507 38 22 the
385 2508 88 22 further
479 2509 72 22 result
557 2510 26 21 of
589 2517 53 20 pro-

54 2534 78 27 ducing
142 2542 12 13 a
163 2542 104 19 revenue,
283 2534 75 22 which
374 2535 45 21 will
434 2538 42 19 not
491 2536 55 27 only
560 2536 81 28 supply

54 2561 34 22 the
100 2561 101 28 requisite
215 2561 68 28 profit
297 2564 24 19 to
335 2561 39 22 the
389 2561 157 24 shareholders
561 2563 26 22 of
603 2564 38 21 the

54 2588 117 27 Company,
194 2588 41 21 but
257 2588 115 22 furnishes
394 2589 37 22 the
455 2597 80 14 means
553 2590 35 22 for
612 2597 28 15 an

54 2614 148 28 Immigration
213 2615 72 27 Fund,
287 2627 33 5 —
321 2622 13 14 a
341 2615 57 22 fund
405 2616 130 28 constantly
542 2616 99 28 applica-

52 2641 35 22 ble
102 2645 21 18 to
139 2641 36 22 the
192 2649 95 20 purpose
304 2642 27 21 of
343 2642 108 28 bringing
465 2643 80 22 labour
562 2648 23 17 to
602 2644 38 22 the

53 2668 75 27 colony
129 2681 31 4 —
161 2669 47 21 that
222 2669 25 26 is,
264 2669 25 21 in
307 2669 94 27 causing
416 2670 39 21 the
472 2670 51 22 best
541 2678 57 15 sort
617 2670 26 23 of

53 2695 142 22 colonization
206 2698 23 19 to
238 2695 97 31 proceed
345 2699 24 18 at
379 2696 38 22 the
430 2700 100 24 greatest
542 2698 97 26 possible

52 2726 50 17 rate.
130 2723 54 21 And
190 2722 44 22 this
240 2729 19 15 is
266 2722 40 22 the
314 2723 84 22 second
407 2724 87 22 feature
505 2725 27 21 of
542 2724 39 23 the
590 2732 50 15 new

53 2752 85 24 system.

76 2782 45 23 The
131 2782 153 28 employment
293 2783 28 21 of
335 2783 39 22 the
388 2783 212 28 purchase-money,
617 2792 25 14 or

53 2808 34 22 the
95 2809 107 28 principal
212 2813 50 24 part
271 2809 27 22 of
308 2810 25 26 it,
343 2810 25 22 in
379 2811 128 27 conveying
516 2812 87 22 settlers
618 2814 22 19 to

53 2836 34 22 the
97 2837 86 26 colony,
192 2836 42 22 has
243 2836 38 22 the
291 2836 116 28 following
417 2837 84 22 effects.
532 2838 22 21 It
563 2839 79 21 makes

54 2862 33 22 the
100 2863 132 27 purchasers
246 2863 26 21 of
287 2862 56 22 land
356 2870 39 15 see
408 2863 94 28 plainly,
519 2864 50 22 that
583 2865 59 21 their

55 2896 75 21 money
140 2890 45 21 will
193 2890 29 20 be
230 2889 110 22 returned
348 2890 24 21 in
387 2890 37 21 the
438 2891 71 27 shape
522 2891 26 21 of
561 2891 81 23 labour

55 2917 40 21 and
102 2916 137 29 population.
268 2916 24 22 It
301 2916 73 27 tends,
389 2916 24 22 in
424 2917 52 28 fact,
492 2921 24 19 to
525 2917 69 23 lower
603 2918 38 22 the

55 2949 110 22 necessary
184 2942 107 22 standard
311 2943 26 21 of
352 2943 70 28 price,
436 2944 105 28 because,
559 2945 55 21 with
629 2952 14 14 a

55 2973 97 19 constant
160 2970 72 22 influx
242 2970 26 21 of
278 2970 82 27 people
370 2973 23 19 to
402 2972 39 20 the
451 2971 90 28 colony,
549 2972 39 22 the
598 2973 43 21 due

55 2997 120 28 proportion
179 2997 103 21 between
289 3003 81 21 people
378 2997 45 22 and
429 2997 56 23 land
492 3006 53 19 may
551 2999 29 21 be
587 2999 55 28 kept

57 3029 26 21 up
90 3023 28 27 by
128 3031 13 14 a
148 3023 69 22 lower
224 3023 69 27 price,
306 3023 57 22 than
370 3024 23 22 if
402 3024 65 22 there
477 3032 58 16 were
545 3033 30 15 no
585 3026 56 22 such

56 3048 140 29 immigration
203 3066 5 6 .
228 3051 22 21 It
259 3050 114 22 therefore
379 3051 133 23 diminishes
520 3052 36 22 the
563 3052 79 29 period

58 3075 73 29 during
139 3077 71 22 which
220 3077 37 22 the
266 3077 107 23 labourer
386 3081 62 19 must
459 3079 63 22 work
535 3079 35 23 for
584 3079 56 28 hire,

58 3104 39 20 and
104 3104 30 27 by
142 3104 37 22 the
193 3104 62 28 rapid
269 3112 105 19 progress
389 3105 74 22 which
476 3107 19 21 it
509 3107 95 27 imparts
617 3110 24 18 to

58 3128 32 23 the
98 3130 47 22 best
154 3134 44 19 sort
207 3131 26 22 of
243 3132 159 27 colonization,
418 3132 19 22 it
451 3133 103 28 explains
570 3137 23 18 to
603 3133 37 23 the

59 3156 107 29 labouring
174 3158 56 22 class
240 3159 26 20 of
271 3158 151 28 immigrants,
433 3159 50 22 that
492 3168 68 19 every
568 3168 43 15 one
619 3161 26 22 of

59 3182 53 23 them
124 3184 47 22 who
187 3185 19 21 is
221 3185 139 23 industrious
377 3185 45 23 and
440 3187 86 27 thrifty,
543 3194 54 20 may
612 3187 29 23 be

57 3217 44 15 sure
111 3213 21 19 to
141 3211 90 23 become
243 3215 42 19 not
299 3212 87 28 merely
400 3220 30 15 an
445 3220 78 16 owner
537 3215 27 21 of
578 3215 62 25 land,

59 3236 35 22 but
107 3237 45 22 also
165 3239 24 21 in
208 3239 35 21 his
262 3242 60 24 turn,
344 3246 30 15 an
395 3240 118 28 employer
530 3241 27 22 of
575 3241 67 23 hired

58 3262 110 29 labourers,
180 3273 12 14 a
200 3269 84 19 master
294 3266 27 22 of
331 3270 110 18 servants.

83 3290 61 23 From
153 3287 61 27 these
223 3293 185 28 considerations,
423 3293 39 22 the
473 3294 118 28 Company
600 3295 42 22 has

59 3316 88 28 adopted
163 3319 37 22 the
217 3326 61 15 same
295 3323 85 24 system
396 3319 27 23 of
440 3321 115 28 disposing
570 3321 28 22 of
612 3322 29 22 its

60 3347 58 18 waste
129 3345 69 28 lands,
214 3353 24 14 as
252 3346 42 22 has
309 3347 93 28 already
416 3348 86 27 proved
516 3348 80 28 highly
608 3349 33 22 fa-

59 3371 97 22 vourable
168 3375 22 19 to
205 3373 36 21 the
254 3373 188 28 productiveness
457 3375 26 21 of
497 3375 106 28 industry
615 3376 25 22 in

58 3396 63 23 South
131 3398 117 23 Australia.
278 3400 29 22 In
317 3408 14 14 a
341 3408 50 15 new
402 3401 90 33 colony,
508 3402 95 27 planted
614 3403 26 22 in

58 3429 12 14 a
78 3424 67 22 fertile
154 3425 43 23 and
212 3428 117 21 extensive
342 3428 114 27 territory,
472 3429 19 21 it
504 3436 21 15 is
539 3429 101 28 obvious,

58 3450 43 21 that
118 3451 36 23 the
168 3453 171 23 establishment
353 3455 27 21 of
395 3455 57 22 such
466 3463 15 14 a
495 3459 84 25 system
595 3457 18 21 is
628 3463 14 15 a

59 3480 72 20 matter
146 3479 26 21 of
187 3479 37 23 the
241 3480 93 28 deepest
351 3486 104 18 moment
470 3486 24 18 to
511 3483 38 22 the
565 3483 76 22 future

59 3503 79 23 welfare
150 3506 24 22 of
186 3506 92 29 society.
330 3507 68 23 From
412 3509 19 21 it
445 3509 39 22 the
499 3509 51 23 best
565 3510 77 23 effects

58 3537 44 19 may
111 3531 50 23 with
170 3533 131 23 confidence
310 3535 29 21 be
348 3535 140 28 anticipated
494 3544 5 13 :
516 3544 13 14 a
536 3540 106 19 constant

59 3556 36 22 »nd
104 3559 85 26 regular
197 3561 81 27 supply
288 3561 27 21 of
326 3568 51 15 new
386 3562 55 22 land
450 3563 24 22 in
488 3563 46 22 due
547 3571 94 21 propor-

55 3584 40 21 tion
104 3587 22 19 to
135 3585 37 22 the
189 3590 71 18 wants
269 3588 28 21 of
307 3595 13 14 a
328 3589 132 27 population
473 3590 129 28 increasing
611 3591 32 27 by

74 3618 44 31 \sl
127 3613 43 32 an^
180 3620 9 24 ?
190 3614 71 27 mm^S
261 3618 36 18 rat
297 3615 38 21 ion
341 3623 6 19 ;
366 3615 30 22 all
412 3616 38 22 the
465 3616 139 29 advantages
617 3621 24 18 to

57 3638 63 21 which
129 3638 99 24 facilities
238 3641 25 21 of
273 3644 116 25 transport
395 3643 46 21 and
449 3645 191 22 communication

56 3667 32 17 are
97 3666 99 22 essential
204 3675 5 18 ;
225 3668 112 32 certainty
351 3669 27 21 of
387 3669 77 27 limits,
482 3670 46 22 and
541 3671 100 27 security

57 3691 22 18 of
88 3691 44 22 title
142 3695 21 19 to
172 3697 106 28 property
285 3694 25 22 in
325 3695 55 23 land
386 3703 5 19 ;
407 3695 39 23 the
456 3700 100 23 greatest
567 3698 73 22 facili-

55 3718 37 19 ties
100 3724 27 15 on
136 3720 113 27 acquiring
258 3721 40 22 the
309 3721 45 23 due
362 3723 106 27 quantity
474 3730 5 19 ;
495 3723 39 22 the
543 3728 99 23 greatest

56 3747 177 25 encouragement
245 3751 23 18 to
277 3747 154 28 immigration
443 3749 47 22 and
499 3750 129 23 settlement
635 3761 5 18 ;

57 3771 39 19 and
108 3771 36 21 the
157 3777 58 18 most
226 3774 65 28 rapid
307 3782 104 21 progress
426 3775 27 23 of
468 3775 38 23 the
520 3777 82 28 people
615 3779 24 22 in

56 3798 91 21 material
156 3801 93 21 comfort
258 3801 48 22 and
314 3802 70 22 social

59 3863 54 50 I_
152 3843 95 23 BILLS
262 3845 45 21 OF
321 3845 211 22 EXCHANGE.

83 3866 127 26 >RINTED
224 3871 106 22 FORMS
345 3872 62 22 FOR
422 3873 81 22 SALE
517 3874 43 22 AT
574 3874 65 23 THE
649 3871 2 24 i

123 3895 106 24 OFFICE
243 3898 40 21 OF
297 3899 202 24 THIS^APER.

83 3921 119 23 November
211 3926 20 25 4,
245 3926 62 21 1840,
648 3921 2 31 |

1351 623 239 21 COMMERCIAL
1604 624 75 26 INN,
1691 624 44 21 TE
1748 625 82 20 ARO.

1296 654 176 49 RICHARD
1495 656 115 22 BROWN
1632 657 55 28 begs
1709 661 22 18 to
1749 658 85 21 inform
1851 657 34 23 his

1375 682 85 22 friends
1469 683 44 21 and
1524 683 36 21 the
1571 684 74 27 public
1656 685 26 21 of
1693 684 53 22 Port
1752 684 131 28 Nicholson,

1296 708 48 21 that
1353 708 29 22 he
1392 709 40 21 has
1442 710 87 26 opened
1538 710 37 22 the
1585 710 71 22 above
1666 710 76 27 house,
1758 711 44 21 and
1815 711 69 28 hopes

1294 734 31 27 by
1335 735 63 22 strict
1406 736 109 21 attention
1531 739 23 19 to
1569 737 110 27 business,
1698 737 117 23 combined
1832 738 51 22 with

1295 762 132 26 superiority
1437 763 27 21 of
1473 762 77 22 article
1560 763 44 21 and
1614 764 113 22 moderate
1743 764 100 27 charges,
1862 769 22 17 to

1295 788 67 21 merit
1371 795 13 14 a
1394 788 64 23 share
1468 789 26 22 of
1506 790 57 21 their
1572 794 98 23 support.

1294 841 193 23 BARRETT'S
1501 844 125 24 HOTEL,
1638 844 244 22 WELLINGTON.

1297 873 170 49 UHUNT
1491 876 54 27 begs
1554 878 23 20 to
1588 884 119 15 announce
1718 880 22 18 to
1756 877 34 22 his
1800 877 84 22 friends

1355 912 10 10 •
1397 902 44 21 and
1451 902 38 22 the
1499 903 82 27 public,
1600 903 50 22 that
1659 903 30 22 he
1703 903 40 22 has
1760 904 123 22 succeeded

1295 927 44 22 Mr.
1352 928 27 22 R.
1391 929 89 21 Barrett
1488 929 23 21 in
1522 929 37 22 the
1569 930 71 21 above
1652 931 176 25 establishment,
1839 931 44 22 and

1296 957 66 19 trusts
1373 954 48 22 that
1430 955 30 28 by
1470 957 109 21 attention
1589 960 23 18 to
1622 964 77 15 secure
1708 964 14 14 a
1731 957 78 22 liberal
1819 957 64 22 share

1296 981 26 22 of
1332 985 92 24 support
1433 983 57 21 from
1500 982 63 22 those
1571 983 49 22 who
1628 990 52 21 may
1688 984 79 21 favour
1774 983 47 22 him
1831 984 52 22 with

1295 1007 58 22 their
1362 1011 129 24 patronage.

1323 1033 84 29 Wines,
1428 1036 80 27 spirits,
1525 1036 42 28 ale,
1579 1037 46 21 and
1633 1039 83 25 porter,
1737 1037 26 22 of
1779 1037 37 22 the
1834 1037 50 22 best

1295 1061 110 28 qualities.

1323 1088 36 22 An
1371 1088 106 28 ordinary
1485 1091 24 19 at
1518 1091 13 19 2
1541 1088 86 24 o'clock
1643 1089 68 28 daily.
1748 1091 56 21 Cold
1816 1091 68 21 colla-

1295 1114 58 22 tions
1363 1115 83 27 always
1460 1115 76 35 ready.
1565 1116 79 22 Public
1661 1116 92 22 dinners
1767 1117 115 27 provided.

1324 1141 64 22 Good
1402 1142 61 27 beds,
1478 1143 46 21 and
1539 1143 86 27 private
1641 1146 137 25 apartments
1796 1145 36 20 for
1845 1143 38 23 the

1295 1174 39 16 use
1344 1168 27 21 of
1380 1168 104 22 families.

1480 1195 52 22 Feb.
1544 1197 33 26 19,
1590 1197 61 21 1841.

1343 1249 196 21 BARRETT'S
1553 1251 117 20 HOTEL
1685 1251 20 21 &
1720 1251 118 26 STORE,

1499 1283 179 23 TARANAKI.

1297 1315 174 49 RICHARD
1485 1317 145 22 BARRETT
1647 1318 53 26 begs
1715 1321 22 18 to
1752 1319 81 22 inform
1846 1319 37 22 the

1374 1343 138 22 inhabitants
1525 1344 25 21 of
1566 1345 54 21 Port
1635 1344 132 28 Nicholson,
1785 1346 45 21 and
1847 1346 36 22 the

1296 1369 115 28 adjoining
1420 1370 149 28 Settlements,
1580 1371 49 21 that
1638 1371 28 21 he
1681 1371 89 22 intends
1786 1373 98 27 opening

1297 1402 28 15 on
1334 1395 38 22 the
1383 1398 33 20 Ist
1426 1397 26 21 of
1464 1397 79 21 March
1553 1400 62 24 next,
1630 1397 39 22 the
1679 1399 71 21 above
1760 1399 70 22 Hotel
1840 1400 44 21 and

1297 1423 95 21 General
1404 1423 69 26 Store,
1484 1424 53 22 with
1548 1432 13 13 a
1571 1425 159 22 well-selected
1746 1426 46 21 and
1807 1426 76 22 choice

1295 1449 62 22 stock
1377 1450 27 21 of
1419 1450 74 27 wines,
1517 1451 79 27 spirits,
1617 1451 35 22 ale
1675 1452 45 21 and
1738 1456 82 24 porter,
1839 1453 45 22 and

1296 1475 90 28 general
1395 1480 134 19 assortment
1537 1477 25 22 of
1567 1478 69 27 goods
1646 1479 93 22 suitable
1748 1479 35 21 for
1790 1480 92 26 settlers,

1296 1506 22 18 at
1327 1510 54 20 very
1390 1503 113 23 moderate
1518 1504 73 28 prices
1598 1513 6 18 ;
1622 1505 46 21 and
1684 1508 67 19 trusts
1765 1506 30 27 by
1812 1510 72 18 atten-

1296 1529 45 22 tion
1360 1533 24 18 to
1403 1529 37 23 the
1459 1531 152 22 convenience
1630 1532 45 21 and
1694 1533 94 21 comfort
1804 1533 26 21 of
1850 1533 34 22 his

1295 1559 74 24 guests
1379 1560 23 18 to
1411 1557 66 22 merit
1486 1565 13 14 a
1510 1557 63 22 share
1584 1559 27 21 of
1621 1558 59 22 their
1689 1559 80 22 favors.

1322 1589 57 22 N.B.
1380 1600 27 4 —
1409 1590 66 22 Good
1496 1590 54 23 beds
1574 1591 45 22 and
1638 1592 193 22 accommodation
1851 1593 34 22 for

1296 1616 119 27 travellers,
1426 1617 45 21 and
1480 1618 85 26 private
1575 1621 137 23 apartments
1724 1619 35 21 for
1767 1619 102 23 families.

1297 1670 275 49 RBRADFIELD,
1598 1672 94 22 Saddler
1714 1673 46 22 and
1783 1674 101 23 Harness

1351 1708 11 11 •
1393 1698 87 21 Maker.
1510 1698 92 27 Repairs
1615 1700 77 26 neatly
1706 1700 66 22 done.
1802 1701 83 22 Orders

1295 1724 103 23 received
1408 1727 23 18 at
1442 1724 126 23 Marshall's
1579 1726 163 22 Coffee-house.

1296 1780 49 47 A
1374 1778 43 22 HE
1420 1778 86 28 WITT,
1517 1780 161 25 Fishmonger,
1690 1781 110 22 Lambton
1809 1783 73 27 Quay,

1350 1816 10 11 ■
1378 1805 145 28 Wellington,
1531 1810 87 18 returns
1627 1807 36 22 his
1672 1807 86 23 sincere
1769 1809 82 22 thanks
1861 1814 22 18 to

1296 1831 36 22 the
1351 1832 138 22 inhabitants
1508 1835 26 19 of
1553 1833 44 22 this
1617 1834 86 28 Colony
1719 1834 41 23 for.
1773 1835 38 22 the
1830 1844 54 20 very

1294 1858 78 23 liberal
1391 1863 91 28 support
1498 1860 29 22 he
1541 1859 41 23 has
1598 1860 98 23 hithertj
1710 1862 110 27 received,
1838 1863 46 22 and

1295 1885 53 27 begs
1358 1889 23 18 to
1389 1887 83 21 inform
1482 1886 60 22 them
1554 1887 48 21 that
1616 1887 28 21 lie
1654 1887 40 23 has
1703 1888 65 22 made
1778 1896 105 21 arrange-

1295 1916 73 18 ments
1383 1913 35 21 for
1438 1920 13 14 a
1464 1917 104 18 constant
1584 1914 81 27 supply
1684 1915 26 21 of
1729 1915 37 22 the
1786 1915 98 24 choicest

1295 1939 102 22 varieties
1406 1940 27 21 of
1442 1940 49 26 fish,
1510 1940 71 22 which
1598 1941 28 21 he
1644 1941 137 28 confidently
1797 1950 86 15 recom-

1296 1966 77 22 mends
1383 1969 22 19 to
1416 1966 37 22 the
1462 1966 75 28 public
1546 1974 23 14 as
1578 1967 68 27 being
1652 1967 28 22 of
1690 1968 37 22 the
1734 1969 49 21 best
1790 1969 91 28 quality.

1283 1992 46 28 *^*i
1329 1992 24 28 3r
1350 1997 5 7 a
1355 1994 49 26 Sers
1414 1999 149 28 forshijfping
1569 1998 112 29 received,
1696 2002 45 21 and
1750 2002 133 28 punctually

1287 2046 6 4 ,
1297 2025 105 22 attended
1411 2028 31 19 to.

1449 2059 98 16 OYSTERS
1562 2060 72 15 FRESH
1650 2061 76 15 DAILY.

1322 2084 62 28 Also,
1396 2092 13 15 a
1419 2086 79 27 supply
1508 2086 26 22 of
1549 2086 129 27 vegetables
1694 2087 61 23 fresh
1769 2089 59 21 from
1845 2088 37 23 the

1295 2112 83 26 garden
1388 2112 67 28 daily.

1296 2166 33 48 J
1363 2166 147 22 CANNING
1525 2168 44 20 and
1586 2168 26 21 R.
1631 2168 140 27 HARVEY,
1790 2170 93 22 Cabinet
1891 2156 2 33 !

1311 2214 4 3 .
1334 2204 10 10 •
1376 2193 45 21 and
1440 2193 171 28 Chair-makers,
1635 2195 188 28 Lambton-quay,
1845 2197 38 21 ad-

1292 2220 89 26 joining
1390 2220 89 22 Durie's
1490 2221 81 25 Stores,
1588 2221 45 27 beg
1642 2225 23 18 to
1676 2222 79 22 inform
1764 2223 38 21 the
1819 2223 65 22 inha-

1297 2247 80 21 bitants
1384 2247 26 21 of
1414 2246 137 28 Wellington
1558 2248 49 22 that
1613 2249 54 27 they
1675 2248 56 22 have
1738 2251 144 21 commenced

1296 2274 99 21 business
1412 2274 25 21 in
1455 2273 37 22 the
1512 2275 70 21 above
1604 2275 52 27 line,
1677 2275 44 22 and
1739 2277 143 27 respectfully

1296 2300 71 22 solicit
1383 2308 12 14 a
1411 2300 63 22 share
1492 2301 26 21 of
1536 2301 37 22 the
1587 2302 77 27 public
1680 2307 121 23 patronage
1812 2312 6 18 ;
1839 2304 43 22 and

1296 2329 55 19 trust
1360 2328 30 26 by
1400 2328 129 27 combining
1545 2328 79 22 liberal
1640 2329 71 28 prices
1728 2329 46 23 and
1788 2335 95 22 punctu-

1296 2354 60 27 ality,
1373 2357 22 18 to
1411 2355 50 25 give
1478 2355 138 21 satisfaction
1637 2359 22 18 to
1677 2356 61 22 those
1755 2357 129 26 gentlemen

1296 2380 48 22 who
1355 2388 52 20 may
1417 2381 62 21 favor
1489 2381 61 22 them
1560 2382 53 22 with
1623 2382 83 22 orders.

1322 2413 49 22 P.S.
1372 2425 28 4 —
1402 2414 85 27 Sashes,
1507 2415 123 27 pannelled
1648 2416 71 27 doors,
1740 2418 49 26 &c,
1810 2417 73 28 made,

1296 2441 43 22 and
1348 2441 111 22 furniture
1468 2442 108 27 repaired.

1376 2497 92 21 JOHN
1492 2498 124 25 LODGE,
1638 2498 164 26 BUILDER,

1296 2531 106 49 BEGS
1418 2534 22 19 to
1450 2531 81 23 inform
1543 2532 37 22 the
1590 2532 138 22 inhabitants
1738 2533 27 22 of
1776 2533 109 28 Welling-

1358 2562 46 23 ton,
1416 2558 47 22 that
1472 2559 85 27 having
1565 2559 58 22 been
1634 2566 68 20 many
1712 2567 64 24 years
1785 2561 100 26 engaged

1296 2592 22 14 as
1329 2585 101 22 foreman
1439 2585 24 22 in
1478 2585 37 23 the
1531 2586 97 22 erection
1645 2586 28 22 of
1685 2587 120 27 buildings,
1823 2587 27 21 he
1866 2587 19 22 is

1296 2619 50 15 now
1355 2612 108 27 prepared
1473 2616 23 18 to
1506 2613 65 22 make
1581 2613 64 27 plans
1659 2613 46 22 and
1722 2613 113 23 estimates
1850 2614 35 22 for

1297 2646 42 19 any
1350 2639 134 27 description
1499 2640 25 21 of
1537 2639 120 28 buildings,
1675 2639 44 23 and
1736 2644 94 18 execute
1847 2641 37 22 the

1297 2673 59 15 same
1367 2673 28 15 on
1405 2667 130 21 reasonable
1546 2670 74 24 terms,
1633 2666 52 23 with
1694 2667 59 28 good
1760 2667 125 22 workman-

1297 2693 55 27 ship.

1322 2726 59 23 N.B.
1382 2738 27 4 —
1411 2726 21 23 A
1447 2726 94 23 wooden
1557 2727 71 23 house
1644 2730 25 19 to
1683 2728 29 22 be
1732 2728 104 27 disposed
1854 2728 30 27 of,

1297 2754 52 21 20ft.
1361 2754 29 28 by
1401 2755 52 21 14ft.

1322 2787 123 23 Thorndon
1456 2789 72 27 Quay,
1539 2787 53 22 Jan.
1602 2789 35 26 21,
1651 2790 60 21 1841.

1485 2843 213 22 EDUCATION.

1299 2876 105 48 MRS.
1426 2876 44 22 and
1489 2876 71 22 MISS
1584 2876 192 22 WAKEFIELD
1799 2876 86 23 receive

1387 2903 74 28 pupils
1470 2910 29 15 on
1511 2903 36 22 the
1557 2903 116 27 following
1681 2907 69 19 terms
1755 2911 5 14 :
1762 2914 29 5 —

1324 2935 43 22 For
1384 2936 77 27 board,
1481 2936 54 23 with
1552 2936 102 27 washing
1670 2936 43 22 and
1729 2936 34 22 in-

1350 2964 107 21 struction
1463 2964 22 21 in
1491 2963 92 27 general
1590 2963 92 27 English
1689 2964 75 21 litera-

1350 2992 57 25 ture,
1423 2990 95 27 writing,
1532 2990 46 22 and
1591 2990 116 27 aritmetic,
1724 2997 40 21 per

1350 3020 91 24 quarter
1763 3019 13 20 8
1804 3019 13 20 8
1844 3018 14 21 0

1322 3043 79 22 Under
1410 3044 13 21 7
1432 3051 64 20 years
1506 3044 26 22 of
1543 3051 41 20 age
1763 3043 13 23 7
1804 3043 14 23 7
1845 3046 13 19 0

1322 3070 52 27 Day
1384 3070 105 23 boarders
1762 3072 15 20 4
1804 3072 14 20 4
1844 3072 14 21 0

1324 3097 50 27 Day
1384 3097 73 28 pupils
1762 3099 15 20 2
1804 3099 14 20 2
1844 3099 14 20 0

1323 3123 81 23 Junior
1414 3124 55 22 ditto
1764 3126 11 21 1
1791 3125 25 21 11
1844 3126 14 20 6

1297 3157 93 28 French,
1407 3157 89 28 Italian,
1512 3158 44 23 and
1571 3157 115 28 Drawing,
1697 3157 31 23 £l
1745 3158 44 22 11s.
1800 3157 35 23 6d.
1845 3165 40 20 per

1539 3188 99 25 quarter.

1323 3217 90 22 Private
1422 3218 86 22 lessons
1515 3218 23 22 in
1550 3218 78 27 music,
1641 3225 26 15 or
1675 3225 46 21 any
1731 3218 26 22 of
1767 3218 38 21 the
1815 3218 70 22 above

1296 3244 109 23 branches
1416 3245 26 22 of
1453 3244 126 27 education,
1595 3251 43 16 one
1653 3245 76 22 hour's
1744 3245 140 27 instruction,

1296 3272 49 22 four
1354 3271 86 23 lessons
1456 3272 36 22 for
1501 3279 43 14 one
1553 3271 91 28 guinea.
1691 3270 10 20 •*'

1322 3304 136 24 References
1468 3309 23 19 to
1500 3305 38 23 the
1547 3305 116 28 following
1668 3305 129 28 gentlemen
1807 3305 80 28 kindly

1296 3331 120 29 permitted
1424 3340 5 14 :
1430 3342 29 5 —

1324 3366 62 26 Capt.
1397 3365 36 22 W.
1445 3366 33 22 M.
1490 3366 79 26 Smith,
1581 3366 69 28 R.A.,
1660 3366 227 28 Surveyor-General

1323 3392 25 23 T.
1362 3394 30 20 M.
1406 3392 121 28 Partridge,
1540 3393 53 27 Esq.

1324 3420 22 21 S.
1357 3419 97 27 Revans,
1466 3420 52 28 Esq.

1296 3452 184 28 Tinakore-road,
1497 3452 81 23 March
1588 3455 34 25 10,
1633 3454 62 22 1841.

1308 3507 231 21 DISSOLUTION
1554 3508 43 20 OF
1611 3507 260 22 PARTNERSHIP.

1296 3540 147 49 NOTICE
1463 3540 28 22 IS
1513 3540 127 23 HEREBY
1661 3540 107 27 GIVEN,
1786 3540 49 22 that
1849 3540 37 22 the

1377 3567 141 29 partnership
1536 3568 123 26 subsisting
1675 3568 101 21 between
1796 3574 32 20 us,
1849 3567 37 22 the

1297 3593 62 22 Hon.
1377 3594 32 21 H.
1425 3593 36 23 W.
1478 3594 72 25 Petre,
1572 3593 47 22 and
1638 3594 26 22 F.
1684 3594 28 21 A.
1734 3594 151 27 Molesworth,

1296 3620 89 28 trading
1395 3620 101 27 together
1506 3624 23 18 at
1538 3621 87 26 Petoni,
1643 3621 23 21 in
1684 3620 54 22 Port
1753 3620 131 27 Nicholson,

1297 3654 24 15 as
1330 3647 91 27 general
1437 3651 83 23 agents,
1539 3647 92 27 dealers,
1651 3647 44 22 and
1711 3646 118 28 chapmen,
1846 3646 40 23 has

1296 3674 44 22 this
1350 3673 43 28 day
1403 3674 57 21 been
1470 3673 113 23 dissolved
1590 3674 31 27 by
1630 3673 85 23 mutual
1731 3677 100 18 consent.

1606 3707 25 22 F.
1644 3708 29 20 A.
1685 3707 172 27 Molesworth,

1607 3733 86 23 Henry
1703 3733 36 22 W.
1750 3733 85 23 Petre.

1287 3785 4 10 >
1296 3768 100 22 Witness
1396 3778 28 6 —
1424 3767 35 23 W.
1470 3767 29 22 V.
1508 3768 96 27 Brewer,
1615 3766 200 29 barrister-at-law,
1830 3767 56 23 New

1289 3811 3 10 ;
1461 3794 108 22 Zealand.

1428 3821 25 22 T.
1464 3821 35 22 M.
1509 3820 123 28 Partridge.

1307 3866 9 8 rf
1323 3847 114 28 February
1446 3849 34 26 25,
1496 3848 61 21 1841.

1297 3899 119 50 BILLS
1430 3899 40 22 OF
1484 3899 127 22 LADING
1625 3906 30 15 on
1671 3899 46 22 sale
1733 3902 24 19 at
1766 3899 38 22 the
1815 3899 70 23 Office

1376 3926 26 22 of
1412 3926 43 22 this
1464 3933 75 22 paper.
