2550 3999
530 43 102 33 THE
653 41 111 34 NEW
778 39 234 36 ZEALAND
1032 38 221 39 GAZETTE
1268 45 107 33 AND
1397 40 327 40 WELLINGTON
1744 43 295 38 SPECTATOR.

787 126 157 25 ENGLISH
963 127 186 25 EXTRACTS.

1288 134 22 18 to
1324 129 75 24 South
1411 130 127 29 Australia,
1550 130 51 24 four
1612 130 121 30 thousand,
1746 131 63 31 eight
1820 132 59 23 hun-

1288 162 55 24 dred
1365 162 47 24 and
1432 163 102 30 fifty-six
1542 172 8 19 ;
1579 168 23 19 to
1615 164 52 24 Van
1677 164 119 24 Dieman's
1804 163 75 30 Land,

1288 194 62 25 three
1373 195 106 24 hundred
1499 195 45 24 and
1566 197 164 31 twenty-eight
1739 205 6 20 ;
1776 202 23 19 to
1823 197 58 24 Port

1288 226 95 33 Phillip,
1396 235 43 17 one
1452 228 121 29 thousand,
1586 236 43 16 one
1641 229 101 24 hundred
1755 229 43 24 and
1806 230 71 31 sixty-

1287 268 43 15 one
1339 269 6 20 ;
1377 260 45 23 and
1441 265 24 18 to
1484 261 101 31 Sydney,
1611 262 64 30 eight
1688 262 118 29 thousand,
1830 263 51 22 four

1287 292 103 24 hundred
1402 292 46 24 and
1458 294 108 30 fifty-five
1575 303 7 19 ;
1609 294 96 31 making
1715 303 13 15 a
1740 295 55 23 total
1807 299 22 19 to
1842 295 38 23 the

1286 325 136 24 Australian
1435 326 100 23 colonies
1547 327 25 22 of
1586 327 77 23 fifteen
1675 327 121 29 thousand,
1811 336 69 15 seven
1888 333 2 32 J

1287 357 103 24 hundred
1402 358 46 24 and
1460 358 136 32 eighty-six.
1634 360 51 24 The
1703 360 115 31 following
1834 362 21 22 is
1867 369 14 15 a

1287 390 161 25 classification
1461 392 25 23 of
1502 391 46 25 this
1561 393 142 31 emigration,
1723 393 122 31 according
1857 398 22 19 to

1287 423 38 24 the
1337 424 65 23 three
1409 429 65 27 great
1481 424 110 25 divisions
1599 426 26 23 of
1634 425 38 24 the
1685 426 88 24 British
1785 428 92 29 empire.

1287 456 70 24 From
1381 457 110 31 England
1521 457 57 25 have
1608 466 59 23 gone
1690 463 23 19 to
1736 459 38 24 the
1805 459 74 24 North

1287 489 125 24 American
1423 490 101 24 colonies
1536 496 42 18 two
1587 491 122 30 thousand,
1722 497 43 18 two
1777 492 103 24 hundred

1286 522 45 23 and
1341 523 109 31 fifty-one
1459 532 6 19 ;
1496 528 24 18 to
1538 523 39 24 the
1599 523 89 25 United
1700 525 84 29 States,
1808 525 71 31 thirty

1286 555 123 29 thousand,
1421 563 43 16 one
1476 556 104 23 hundred
1592 556 44 24 and
1646 557 118 31 forty-two
1775 567 5 18 ;
1805 562 23 19 to
1841 558 38 23 the

1288 588 61 31 Cape
1359 589 27 23 of
1394 589 67 23 Good
1471 589 76 31 Hope,
1561 594 43 18 two
1612 590 102 23 hundred
1727 590 44 24 and
1783 595 96 26 tweuty-
1888 585 2 33 \

1287 628 42 16 one
1338 630 5 20 ;
1364 626 24 19 to
1401 622 39 23 the
1451 622 136 23 Australian
1599 623 108 28 colonies,
1722 623 78 24 eleven
1811 623 68 24 thou-

1286 654 64 28 sand,
1371 654 64 31 eight
1453 654 104 24 hundred
1569 655 44 23 and
1633 656 116 31 forty-five
1759 665 5 18 ;
1784 656 95 31 making

1286 694 14 16 a
1311 687 54 23 total
1378 688 26 23 of
1419 689 128 29 emigrants
1564 689 58 22 from
1645 688 110 31 England
1767 689 25 23 of
1807 689 72 31 forty-

1286 720 52 23 four
1353 720 123 28 thousand,
1499 721 53 23 four
1569 720 104 24 hundred
1693 722 44 23 and
1752 722 125 31 fifty-ninu.

1287 752 69 24 From
1368 753 111 24 Scotland
1489 753 59 24 have
1560 762 59 23 gone
1632 759 22 18 to
1666 755 39 22 the
1719 755 73 24 North
1805 755 74 24 Ame-

1286 786 62 23 rican
1362 786 100 24 colonies
1474 794 43 16 one
1529 787 120 29 thousand,
1662 788 53 24 four
1721 788 102 24 hundred
1835 788 44 24 and

1286 818 108 31 eighteen
1404 828 6 19 ;
1430 824 23 19 to
1465 820 39 23 the
1517 819 89 24 United
1618 821 86 28 States,
1722 821 44 23 five
1776 821 104 24 hundred

1286 852 45 23 and
1348 852 110 32 fifty-one
1466 862 7 19 ;
1500 857 23 19 to
1542 852 38 25 the
1600 853 62 31 Cape
1674 854 26 23 of
1715 854 66 24 Good
1802 854 75 31 Hope,

1286 885 36 23 six
1331 894 7 19 ;
1357 889 24 19 to
1394 885 38 24 the
1441 885 134 25 Australian
1583 886 107 29 colonies,
1703 891 42 19 two
1758 887 119 29 thousand,

1286 922 43 19 two
1340 918 106 24 hundred
1458 919 44 23 and
1514 919 148 31 thirty-eight
1670 929 6 19 ;
1696 920 95 31 making
1798 929 13 14 a
1823 921 56 23 total

1286 950 25 24 of
1321 952 125 30 emigrants
1458 952 59 23 from
1531 952 108 24 Scotland
1651 953 24 23 of
1692 953 50 23 four
1759 953 118 29 thousand,

1286 989 43 18 two
1354 984 104 25 hundred
1481 985 45 24 and
1550 984 105 25 thirteen.
1693 985 68 25 From
1786 986 93 25 Ireland

1285 1016 58 24 have
1354 1026 60 22 gone
1425 1024 24 18 to
1468 1019 39 23 the
1531 1019 76 23 North
1624 1019 123 24 American
1770 1020 107 29 colonies,

1286 1051 62 30 eight
1361 1051 121 30 thousand,
1496 1052 53 23 nine
1557 1052 101 24 hundred
1666 1052 45 23 and
1718 1053 158 31 eighty-nine;

1286 1088 23 18 to
1333 1084 38 24 the
1395 1084 51 24 Uiii
1457 1085 27 23 c.l
1497 1085 85 29 Stat?s,
1606 1090 43 20 two
1672 1086 119 29 thousand,
1816 1086 63 31 eight

1286 1117 102 24 hundred
1401 1118 46 23 and
1459 1118 135 31 tbrty-three
1604 1127 5 19 ;
1630 1124 22 18 to
1660 1119 38 24 the
1708 1119 61 31 Cape
1776 1119 26 24 of
1811 1119 68 24 Good

1287 1149 77 32 Hope,
1376 1151 55 23 nine
1441 1160 6 19 ;
1467 1156 22 18 to
1502 1151 39 23 the
1555 1151 131 23 Australian
1707 1153 105 28 colonies,
1836 1160 41 16 one

1286 1183 122 27 thousand,
1420 1191 69 16 seven
1502 1184 104 23 hundred
1617 1184 45 24 and
1677 1185 65 24 three
1750 1195 7 19 ;
1783 1185 96 31 making

1286 1224 13 15 a
1311 1216 56 24 total
1380 1217 26 23 of
1421 1218 127 30 emigrants
1562 1218 58 24 from
1633 1217 93 25 Ireland
1738 1219 25 23 of
1778 1218 98 24 thirteeu

1286 1249 122 28 thousand,
1439 1251 45 22 five
1507 1250 104 24 hundred
1634 1251 45 23 and
1707 1252 135 30 thirty-five.

1288 1281 92 32 Official
1391 1282 90 24 Return
1490 1287 22 19 tc
1526 1283 37 23 the
1573 1283 80 24 House
1667 1284 29 31 of
1712 1284 124 24 Commons.

1320 1315 58 24 The
1393 1316 107 23 Nelson
1519 1317 190 24 Testimonial.
1745 1317 51 24 The
1815 1325 62 16 cere-

1286 1356 69 23 mony
1366 1349 27 23 of
1408 1349 80 31 laying
1498 1349 39 24 the
1549 1350 50 23 first
1618 1355 64 19 stone
1695 1350 26 24 of
1740 1351 37 23 the
1796 1358 81 16 monu-

1286 1387 64 18 ment
1362 1387 23 18 to
1398 1390 41 15 our
1457 1383 46 22 late
1521 1383 88 31 gallant
1627 1383 54 24 hero
1700 1383 55 24 took
1774 1384 63 31 place
1849 1392 29 15 on

1286 1414 110 31 Tuesday
1414 1416 105 31 evening,
1538 1416 70 23 about
1626 1417 44 23 five
1689 1416 94 24 o'clock.
1827 1416 51 24 The

1286 1447 116 32 following
1424 1449 21 23 is
1468 1449 39 23 the
1528 1450 147 30 inscription:
1811 1451 67 22 foun-

1286 1480 156 25 dation-stone
1455 1482 26 23 of
1489 1482 46 23 this
1548 1483 98 28 column,
1660 1482 37 24 the
1709 1484 83 22 tribute
1804 1484 25 22 of
1841 1483 36 23 the

1286 1514 89 24 British
1393 1515 82 31 people
1498 1520 23 19 to
1545 1515 38 24 the
1606 1524 102 23 memory
1729 1517 26 22 of
1775 1516 104 23 Admiral

1287 1546 63 25 Lord
1373 1548 115 23 Viscount
1512 1548 96 30 Nelson,
1632 1557 45 15 was
1707 1549 45 23 laid
1780 1557 29 15 on
1839 1550 38 23 the

1287 1580 104 24 thirtieth
1403 1581 43 31 day
1459 1581 25 23 of
1492 1582 142 30 September,
1648 1583 23 23 in
1686 1582 38 24 the
1736 1591 53 22 year
1801 1583 26 23 of
1839 1591 40 15 our

1288 1613 62 24 Lord
1362 1621 44 16 one
1417 1614 114 25 thousand
1543 1615 63 31 eight
1625 1615 102 24 hundred
1745 1616 44 23 and
1809 1616 69 31 forty,

1288 1646 43 24 and
1355 1647 39 23 the
1416 1647 78 24 fourth
1516 1656 55 23 year
1593 1649 27 23 of
1639 1649 39 23 the
1702 1650 64 30 reign
1789 1649 25 23 of
1841 1649 39 23 her

1288 1679 104 32 Majesty
1414 1680 113 30 Victoria,
1548 1682 82 25 Queen
1648 1682 25 23 of
1695 1682 71 23 Great
1789 1682 90 24 Britain

1288 1713 45 23 and
1344 1713 102 30 Ireland,
1458 1713 31 32 by
1502 1714 95 24 Charles
1610 1715 103 23 Davison
1726 1716 71 28 Scott,
1811 1715 68 31 Esq.,

1288 1754 41 15 son
1348 1747 27 23 of
1395 1746 61 24 John
1481 1747 73 29 Scott,
1576 1748 66 31 Esq.,
1663 1754 113 25 secretary
1797 1753 23 19 to
1843 1749 38 23 the

1288 1779 108 32 departed
1408 1780 62 28 hero,
1485 1781 50 23 who
1554 1781 39 23 fell
1612 1781 53 23 with
1686 1782 34 23 his
1738 1782 102 31 lordship
1852 1790 27 15 on

1287 1812 71 24 board
1381 1813 39 23 the
1445 1813 103 32 Victory,
1569 1815 23 22 in
1616 1814 38 23 the
1677 1816 204 23 ever-memorable

1288 1846 71 24 battle
1371 1847 26 22 of
1407 1846 129 31 Trafalgar,
1550 1855 28 15 on
1592 1847 38 24 the
1641 1849 148 30 twenty-first
1801 1849 43 30 day
1858 1849 25 22 of

1289 1879 110 29 October,
1425 1880 23 23 in
1472 1880 38 23 the
1534 1888 53 23 year
1610 1889 43 15 one
1675 1881 113 24 thousand
1817 1882 64 30 eight

1289 1912 104 24 hundred
1416 1913 45 23 and
1480 1913 52 28 five,
1552 1914 64 23 when
1637 1913 85 25 Divine
1742 1915 139 23 Providence

1288 1945 92 24 blessed
1392 1945 38 24 the
1442 1946 53 23 fleet
1507 1946 73 24 under
1591 1946 36 24 his
1646 1948 120 23 command
1777 1948 53 23 with
1842 1948 39 23 the

1288 1983 60 20 most
1371 1979 73 23 sisnal
1468 1980 46 22 and
1537 1980 98 23 decisive
1659 1981 86 30 victory
1768 1989 53 15 over
1844 1981 37 23 the

1289 2011 120 23 combined
1421 2012 65 23 fleets
1506 2013 26 22 of
1548 2013 88 23 France
1655 2013 45 23 and
1719 2014 78 30 Spain.
1836 2013 45 24 His

1288 2051 103 24 memory
1411 2044 59 24 shall
1484 2045 85 23 endure
1581 2046 65 22 when
1658 2046 46 23 this
1716 2047 88 23 column
1823 2047 58 23 shall

1289 2077 56 23 have
1527 2078 50 23 The
1590 2079 65 23 order
1672 2079 26 23 of
1709 2080 36 23 the
1758 2080 89 23 column
1862 2080 19 27 js

1289 2110 145 24 Corinthian.
1471 2111 51 23 The
1542 2112 82 31 capital
1639 2113 19 22 is
1678 2112 69 24 taken
1768 2114 57 22 from
1844 2113 37 23 the

1288 2143 53 24 bold
1360 2143 46 24 and
1421 2145 83 31 simple
1524 2145 105 31 example
1644 2146 26 23 of
1687 2145 65 24 Mars
1773 2147 75 23 Ultor.
1860 2151 23 18 at

1289 2176 75 24 Rome
1373 2186 6 20 ;
1400 2178 45 22 and
1457 2186 29 15 on
1500 2178 55 23 each
1568 2179 48 22 side
1629 2179 25 23 of
1663 2180 18 22 it
1693 2180 20 22 is
1724 2179 134 24 introduced
1870 2188 13 15 a

1288 2210 73 30 figure
1374 2211 25 23 of
1409 2211 105 30 Victory.
1552 2211 38 24 On
1610 2212 37 23 the
1668 2213 81 31 capital
1764 2213 20 23 is
1805 2221 13 14 a
1837 2213 44 22 cir-

1289 2243 61 24 cular
1362 2244 112 31 pedestal,
1487 2245 148 23 ornamented
1653 2246 54 22 with
1725 2254 14 16 a
1757 2246 84 23 wreath
1860 2246 26 24 of

1288 2275 72 25 laurel
1381 2278 45 23 and
1444 2277 67 24 lions'
1533 2278 76 28 heads,
1629 2279 45 23 und
1693 2279 148 24 surmounted
1852 2279 30 31 by

1288 2317 14 16 a
1313 2315 75 19 statue
1395 2311 31 23 'of
1444 2311 94 29 Nelson,
1555 2314 28 23 17
1602 2312 46 22 feet
1665 2313 24 22 in
1708 2313 86 30 height.
1830 2312 53 24 The

1288 2343 61 25 shaft
1368 2344 27 23 of
1411 2344 38 24 the
1468 2345 92 23 column
1578 2345 21 23 is
1617 2345 79 24 fluted.
1734 2345 35 24 Its
1787 2346 54 23 base
1862 2347 19 22 is

1289 2376 72 32 richly
1381 2378 149 23 ornamented
1538 2387 7 19 ;
1572 2378 38 23 the
1632 2378 70 24 lower
1723 2385 51 26 part
1797 2379 54 23 with
1870 2387 13 15 a

1289 2410 72 28 cable,
1374 2411 46 23 and
1431 2411 39 23 the
1483 2419 72 23 upper
1573 2411 54 23 with
1646 2412 46 23 oak
1710 2412 83 24 leaves.
1830 2412 51 23 The

1288 2443 55 24 total
1359 2443 81 31 height
1452 2444 27 23 of
1494 2444 39 24 the
1551 2444 90 24 column
1662 2446 19 22 is
1705 2448 45 21 120
1769 2446 53 28 feet,
1838 2446 43 22 and

1282 2476 46 27 .the
1340 2476 111 24 dianeter
1471 2480 10 21 1
1489 2480 11 21 1
1517 2478 46 23 feet
1581 2479 15 22 6
1616 2478 87 23 inches.
1740 2478 50 24 The
1809 2479 72 23 whole

1289 2509 26 24 of
1334 2510 39 23 the
1393 2510 91 24 column
1504 2512 20 22 is
1543 2511 26 23 of
1584 2511 58 24 solid
1658 2512 89 30 granite
1765 2512 60 23 frori
1842 2512 39 23 the

1289 2542 131 32 Fogginton
1433 2545 103 30 quarries
1549 2549 23 19 at
1592 2545 130 24 Dartmoor.
1759 2545 50 23 The
1827 2554 54 15 ave-

1288 2583 54 24 rage
1354 2577 86 31 weight
1451 2578 26 23 of
1486 2578 55 23 each
1555 2578 67 23 block
1632 2578 19 23 is
1663 2579 54 22 nine
1729 2584 58 17 tons.

1323 2609 85 25 Gale.
1446 2611 58 23 This
1522 2611 43 31 day
1584 2619 32 15 we
1639 2611 57 23 have
1719 2611 57 24 be^n
1798 2611 81 24 visited

1289 2642 55 24 with
1355 2651 44 16 one
1416 2644 26 23 of
1458 2644 37 24 the
1514 2644 102 24 heaviest
1634 2649 83 19 storms
1735 2646 26 22 of
1775 2645 105 29 thunder,

1289 2675 125 33 lightning,
1427 2677 45 23 and
1486 2679 59 26 rain,
1564 2678 56 23 with
1631 2686 13 15 a
1655 2678 127 24 boisterous
1792 2678 52 31 gale
1858 2679 25 23 of

1289 2710 188 32 south-westerly
1488 2711 68 28 wind,
1569 2711 50 24 that
1627 2719 31 15 we
1666 2710 56 25 have
1731 2712 149 31 experienced

1290 2742 34 24 for
1336 2751 63 16 some
1413 2744 54 23 time
1484 2744 70 24 back.
1596 2744 51 24 The
1656 2744 61 31 .gale
1735 2745 144 23 commenced

1289 2776 61 31 early
1363 2778 24 22 in
1400 2777 39 24 the
1455 2778 114 31 morning,
1590 2778 45 23 and
1650 2777 70 25 about
1737 2782 37 19 ten
1793 2778 88 23 o'clock

1289 2809 39 24 the
1340 2811 49 22 rain
1402 2818 63 16 came
1478 2811 65 23 down
1557 2811 62 23 thick
1632 2811 43 24 and
1695 2811 44 24 fast
1757 2811 34 24 till
1809 2811 69 24 about

1289 2850 67 20 noon,
1383 2844 65 23 when
1473 2845 17 22 it
1510 2844 38 24 fell
1568 2846 22 22 in
1610 2844 146 24 tremendous
1774 2849 105 23 torrents,

1288 2877 163 30 accompanied
1461 2877 30 32 by
1503 2878 62 23 vivid
1574 2877 122 32 lightning,
1707 2877 43 25 and
1757 2878 52 23 loud
1818 2879 62 30 peals

1288 2909 27 23 of
1340 2909 107 25 thunder.
1506 2911 108 24 Between
1641 2919 45 16 one
1710 2911 43 24 and
1776 2916 44 18 two
1842 2911 39 24 the

1289 2942 99 24 thunder
1400 2944 46 23 and
1463 2943 119 32 lightning
1601 2944 88 28 ceased,
1709 2944 43 24 and
1771 2945 38 23 the
1829 2945 50 23 rain

1288 2975 48 24 also
1348 2976 56 24 took
1416 2977 39 29 off,
1468 2978 41 23 but
1521 2985 34 17 we
1567 2979 57 22 have
1642 2977 43 24 had
1705 2978 30 23 all
1753 2977 39 24 the
1809 2977 71 24 after-

1288 3017 60 15 noon
1361 3011 62 30 quite
1436 3018 14 16 a
1460 3011 52 30 gale
1529 3011 26 23 of
1570 3010 67 24 wind.
1679 3011 52 23 The
1749 3015 71 19 storm
1839 3011 40 23 has

1289 3043 84 23 caused
1381 3043 39 24 the
1432 3049 97 25 regatta,
1542 3044 73 23 which
1628 3051 45 16 was
1681 3044 60 23 fixed
1749 3044 34 23 for
1791 3043 86 32 to-day,

1288 3081 23 18 to
1324 3076 27 24 be
1362 3081 43 27 put
1417 3077 34 23 off
1459 3077 35 23 till
1506 3082 140 23 to-morrow,
1655 3085 26 15 or
1693 3077 35 23 till
1735 3076 38 24 the
1780 3077 98 23 weather

1288 3109 20 23 is
1320 3117 64 16 more
1395 3110 129 32 propitious
1533 3119 6 20 ;
1564 3110 42 24 but
1623 3110 45 23 this
1679 3111 21 22 is
1712 3114 38 19 not
1762 3110 38 23 the
1811 3115 68 18 worst

1289 3142 79 24 effects
1381 3143 27 23 of
1423 3143 39 24 the
1474 3143 59 32 gale,
1546 3143 35 25 for
1599 3144 24 23 in
1641 3143 29 24 all
1690 3143 137 32 probability,
1846 3150 33 16 we

1288 3176 46 23 will
1352 3176 59 24 have
1431 3185 42 15 our
1492 3177 119 24 harbour's
1630 3183 79 18 moutn
1736 3176 88 23 choked
1849 3183 30 25 up

1288 3209 55 24 with
1354 3210 92 31 shingle
1459 3210 23 23 in
1495 3218 163 24 consequence,
1676 3218 26 15 as
1714 3214 22 19 to
1748 3210 81 22 render
1842 3210 37 22 the

1288 3243 90 31 ingress
1398 3251 25 15 or
1442 3251 79 23 egress
1540 3243 26 24 of
1592 3243 85 24 vessels
1700 3243 176 31 impracticable.

1288 3275 29 24 In
1329 3276 66 24 these
1406 3276 73 31 gales,
1494 3282 41 18 not
1546 3276 53 31 only
1617 3276 79 24 Dover
1714 3276 106 28 harbour,
1839 3276 41 24 but

1288 3309 29 22 all
1330 3309 38 23 the
1380 3309 113 24 harbours
1505 3310 69 30 along
1585 3310 40 23 the
1635 3314 64 19 coast
1711 3314 22 19 to
1752 3309 37 23 the
1809 3314 67 19 west-

1288 3342 60 24 ward
1356 3350 25 16 as
1389 3342 34 24 far
1432 3343 94 31 Beachy
1536 3342 74 29 Head,
1619 3350 38 16 are
1665 3342 109 24 rendered
1780 3343 97 28 useless,

1288 3375 87 31 though
1388 3375 55 32 they
1455 3384 38 16 are
1505 3380 60 20 most
1582 3376 114 32 required.
1733 3375 81 31 Ought
1832 3381 47 23 not,

1288 3408 62 29 then,
1364 3408 47 24 this
1422 3410 139 23 undeniable
1576 3409 49 23 fact
1641 3414 22 18 to
1681 3413 37 19 act
1729 3417 25 15 as
1766 3417 14 15 a
1791 3417 55 23 spur
1858 3414 23 18 to

1288 3449 27 16 us
1328 3447 22 18 to
1357 3442 60 24 have
1429 3450 43 16 our
1487 3447 65 27 ports
1563 3442 110 24 rendered
1692 3450 61 15 more
1773 3443 106 23 efficient,

1288 3475 124 32 especially
1423 3476 66 23 when
1502 3483 41 16 our
1556 3475 85 24 freinds
1653 3483 54 15 over
1718 3475 38 23 the
1763 3481 69 17 water
1840 3483 38 15 are

1288 3513 40 18 not
1345 3509 56 31 only
1419 3509 109 31 ordering
1546 3509 49 23 well
1615 3508 117 30 thejr_sea
1749 3508 67 29 front,
1841 3509 41 22 but

1288 3542 86 31 setting
1385 3542 71 23 about
1474 3542 123 30 rendering
1615 3542 59 23 their
1693 3542 94 23 interior
1804 3542 77 23 invul-

1288 3575 109 24 nerable?
1435 3574 79 24 Dover
1520 3582 83 24 jiafer,
1617 3574 65 31 Sept.
1698 3575 38 23 16.

1316 3608 234 24 Productiveness
1559 3615 30 16 of
1596 3607 128 24 Railway
1731 3607 149 24 Property.

1321 3641 24 24 A
1367 3649 56 23 very
1446 3640 94 32 general
1559 3640 85 31 feeling
1663 3648 75 16 seems
1756 3644 22 20 to
1795 3641 85 31 prevail

1287 3681 84 24 among
1382 3681 70 24 many
1463 3681 97 24 persous
1573 3673 49 24 that
1640 3673 38 24 the
1697 3673 76 31 palmy
1792 3674 55 23 time
1860 3674 25 23 of

1287 3707 105 31 railways
1404 3708 20 22 is
1437 3707 98 31 entirely
1545 3711 65 27 past;
1630 3706 49 24 that
1692 3707 37 23 the
1740 3705 143 33 depreciated

1288 3740 115 23 condition
1423 3740 26 24 of
1463 3740 40 24 the
1522 3739 79 24 shares
1621 3740 19 23 is
1659 3747 14 16 a
1695 3747 153 24 consequence
1860 3740 26 23 of

1286 3773 40 23 the
1338 3773 84 23 bubble
1435 3773 86 30 having
1536 3773 67 23 burst
1610 3782 6 19 ;
1636 3773 46 23 and
1700 3772 49 24 that
1768 3773 57 23 after
1845 3773 38 23 the

1287 3806 128 24 infatuated
1423 3806 142 32 proprietors
1576 3805 58 24 have
1646 3805 127 32 completed
1784 3806 38 23 the
1830 3814 53 24 pre-

1288 3843 51 19 sent
1349 3839 69 29 lines,
1431 3846 15 16 a
1458 3839 111 31 complete
1581 3843 51 27 stop
1644 3839 49 23 will
1703 3839 28 23 be
1749 3843 42 28 put
1810 3843 22 19 to
1846 3840 37 22 the

1288 3876 95 28 system.
1420 3871 44 25 We
1477 3871 68 24 know
1557 3871 50 24 that
1617 3871 46 24 this
1674 3872 21 23 is
1714 3879 14 16 a
1745 3872 71 24 belief
1830 3880 53 24 pre-

1279 3919 2 9 i
1288 3905 77 24 valent
1376 3912 85 23 among
1472 3904 73 25 whole
1559 3905 84 25 classes
1651 3905 26 23 of
1686 3905 38 24 the
1736 3907 147 30 community,

1288 3938 43 25 and
1353 3938 136 33 productive
1507 3938 28 25 of
1548 3938 69 25 much
1639 3938 200 34 discouragement
1861 3945 24 20 to

63 136 54 20 may
124 127 59 23 have
191 127 46 23 had
245 127 20 22 it
273 127 22 21 in
307 133 38 21 my
359 132 76 26 power
450 128 23 19 to
488 124 88 28 render,
593 123 59 23 have

50 171 6 8 .
63 159 49 18 met
120 155 54 21 with
181 161 59 21 your
249 152 155 29 approbation.

94 181 11 22 I
123 184 58 19 trust
198 181 51 21 that
268 177 38 24 the
325 179 60 27 good
402 177 185 27 understanding,
608 177 45 22 and

64 208 99 27 reciproc
169 207 57 21 ition
236 206 27 22 of
273 205 56 23 kind
339 205 101 27 feelings,
452 204 71 22 which
531 203 122 28 uniformly

64 233 112 23 subsisted
183 233 102 22 between
303 239 27 15 us
345 231 81 27 during
443 236 41 17 our
497 230 54 27 long
568 237 85 21 voyage

64 260 46 22 will
118 261 28 21 be
157 259 129 27 continued,
301 258 46 22 and
357 258 49 22 that
416 264 29 16 no
455 257 99 22 distance
564 256 26 22 of
599 257 54 21 time

67 294 25 14 or
101 286 63 28 place
175 286 44 22 will
228 292 65 15 sever
302 284 38 22 the
350 284 70 22 union
431 292 24 14 so
465 282 118 29 agreeably
593 286 68 18 com-*

65 313 96 22 menced
171 313 23 21 in
204 311 39 23 the
252 312 62 25 Lady
329 313 97 24 Nugent:
462 310 11 22 I
488 310 57 27 hope
564 313 22 17 to
595 309 58 22 have

68 347 68 20 many
150 339 162 27 opportunities
328 338 27 22 of
371 338 79 27 giving
465 344 45 20 you
524 343 62 15 more
602 336 52 22 sub-

66 365 89 23 stantial
165 364 75 28 proofs
251 365 27 22 of
287 372 39 20 my
341 364 82 27 regard
439 363 44 22 and
500 367 83 17 esteem
599 362 54 22 than

68 392 37 22 the
120 391 85 28 trifling
223 391 123 22 attentions
362 390 74 22 which
453 389 10 23 I
480 389 57 22 have
556 388 97 22 hitherto

66 419 58 21 been
135 419 50 21 able
196 422 22 18 to
226 425 45 20 pay
280 425 52 24 you.

95 445 36 21 On
141 445 80 21 behalf
232 445 27 21 of
270 443 38 23 the
318 443 56 23 New
391 442 100 23 Zealand
507 442 123 27 Company,
643 441 11 22 I

68 471 70 22 thank
148 478 45 20 you
199 475 59 17 most
264 470 107 27 cordially
379 470 35 22 for
421 469 37 23 the
466 469 97 27 friendly
571 466 83 29 feeling

66 497 113 23 exhibited
189 497 96 22 towards
294 497 49 22 that
353 497 66 27 body,
437 496 45 22 and
500 496 8 21 I
526 493 51 23 take
593 502 60 20 upon

65 524 85 28 myself
160 528 23 18 to
192 531 40 20 say
243 524 48 22 that
301 523 11 22 I
323 530 36 15 am
369 530 52 15 sure
435 523 17 21 it
465 523 18 21 is
498 522 37 22 the
551 522 70 21 desire
632 522 26 21 of

65 551 38 21 the
114 551 114 21 Directors
238 551 35 25 (as
283 550 11 22 I
305 550 66 22 know
385 549 54 27 they
456 548 72 22 would
543 548 45 22 feel
605 548 18 21 it
632 553 21 17 to

65 577 27 22 be
104 577 57 22 their
174 577 64 27 duty)
257 581 23 17 to
296 576 66 22 make
380 583 67 20 every
460 583 43 13 one
517 574 92 28 settling
625 582 28 14 on

65 603 58 23 their
129 603 56 22 land
194 607 40 18 not
244 603 53 27 only
307 602 106 27 satisfied,
428 603 41 21 but
483 606 22 18 to
522 601 38 22 the
576 605 78 18 extent

64 631 27 21 of
103 631 56 21 their
169 629 78 27 ability
256 630 55 21 both
322 636 131 21 prosperous
463 628 43 22 and
515 628 83 28 happy.

92 657 12 21 I
114 657 57 21 have
181 656 37 22 the
229 656 88 22 honour
327 659 22 19 to
359 656 34 26 be,
405 655 143 26 Gentlemen,

132 683 65 22 Your
205 682 90 23 faithful
306 682 46 22 and
361 682 106 22 obedient
476 685 96 21 servant,

293 708 139 22 EDMUND
449 708 177 22 HALSWELL.

103 736 33 22 To
166 736 92 22 Messrs.
285 736 80 27 Milne,
391 735 77 27 Allan,
496 735 86 27 Young,
608 734 46 23 and

63 762 147 24 Greenwood.

193 817 62 26 Lady
265 818 92 26 Nugent,
369 816 54 22 2ith
435 816 118 27 February,
566 817 60 21 1841.

89 851 33 22 To
133 851 26 22 E.
172 851 136 27 Halswell,
317 851 52 23 Esq.
401 850 48 27 We,
456 850 38 22 the
503 850 150 26 undersigned

64 878 127 26 Emigrants
210 885 30 15 on
260 878 71 21 board
350 878 38 21 the
405 878 61 25 Lady
486 878 92 25 Nugent,
596 877 57 21 from

64 904 94 22 London
166 909 26 17 .to
209 904 58 22 New
284 904 108 25 Zealand,
403 904 58 22 have
475 903 141 31 respectfully
632 908 21 17 to

63 931 55 22 offer
127 938 42 14 our
178 931 48 21 best
236 930 82 22 thanks
329 930 35 21 for
373 930 39 22 the
423 937 67 20 many
500 934 47 17 acts
557 930 26 21 of
588 930 65 21 kind-

63 965 51 14 ness
122 957 77 22 shewn
209 964 27 15 us
242 964 30 15 on
282 957 30 21 all
322 964 122 19 occasions,
456 957 44 21 and
510 956 143 27 particularly

61 985 35 21 for
113 984 169 26 endeavouring
299 988 23 17 to
342 990 37 15 see
394 983 50 21 that
459 990 40 15 our
516 983 76 21 health
608 982 45 22 and

63 1011 106 22 comforts
186 1017 57 15 were
258 1009 107 22 attended
381 1014 23 17 to
433 1017 57 20 your
498 1009 127 22 disinterest
633 1009 20 21 d

61 1038 95 26 feelings
164 1044 26 14 so
200 1037 160 26 benevolently
366 1036 76 22 shewn
454 1036 94 21 towards
559 1037 36 20 the
606 1035 47 22 sick

61 1065 27 21 of
99 1064 30 21 all
143 1071 59 20 ages,
214 1064 40 21 but
269 1071 61 14 more
341 1063 141 28 particularly
493 1063 38 21 the
543 1061 108 26 children,

62 1091 74 22 whose
146 1094 90 24 parents
246 1098 41 14 can
306 1097 69 14 never
390 1090 43 21 feel
448 1094 37 17 too
494 1089 102 27 grateful,
608 1089 45 21 and

63 1122 22 18 to
101 1118 73 21 whom
190 1124 46 19 you
252 1117 58 21 have
320 1117 112 21 rendered
445 1115 101 29 yourself
560 1115 93 22 beloved

63 1144 45 22 and
120 1143 123 28 respected.
577 1169 6 5 _
609 1150 4 2 '

92 1171 101 26 Wishing
205 1170 104 28 yourself
321 1169 46 22 and
382 1177 41 14 son
433 1177 14 14 a
459 1169 46 22 safe
520 1169 96 27 landing
630 1169 22 21 in

63 1198 55 21 New
135 1197 108 27 Zealand,
254 1197 46 22 and
316 1204 67 20 every
394 1197 125 28 happiness,
531 1204 33 14 we
574 1197 42 26 beg
630 1200 23 18 to

63 1225 114 22 subscribe
187 1224 121 26 ourselves,

143 1251 65 22 Your
217 1255 60 17 most
285 1250 107 22 obedient
400 1250 92 22 humble
502 1254 107 23 servants,

92 1277 119 28 Benjamin
222 1278 120 26 Jefferson,
392 1277 22 22 J.
425 1277 76 26 Sellar,

92 1305 28 21 R.
131 1305 118 25 Sturgeon,
393 1304 34 21 W.
438 1305 73 24 Seear,

92 1331 77 22 James
180 1331 93 26 Kieller,
392 1331 29 21 G.
433 1330 105 27 Benchin,

93 1358 26 21 E.
129 1358 86 27 Prince,
393 1358 30 21 D.
433 1358 110 26 Johnson,

92 1385 26 21 T.
131 1385 83 26 Bevan,
394 1385 29 21 G.
437 1384 77 25 Baker,

92 1411 29 22 1).
135 1411 129 27 M'Hardie,
393 1411 22 21 J.
428 1411 29 22 H.
469 1411 94 26 Gillard,

94 1438 64 22 Peter
169 1438 80 27 Bruce,
395 1438 28 21 R.
434 1438 48 26 Fill,

91 1465 22 21 J.
125 1465 84 26 Futter,
394 1465 22 21 J.
428 1465 77 26 Smith,

94 1492 24 21 K.
128 1491 99 28 Thorby,
393 1492 22 21 J.
428 1492 106 27 Brunger,

91 1518 22 21 J.
124 1519 69 20 South
197 1525 32 18 ee,
393 1519 29 21 A.
435 1519 89 26 Duthie,

92 1545 26 21 R.
132 1545 154 27 Fairweather,
392 1545 22 22 J.
428 1545 90 26 Martin,

91 1571 28 22 D.
130 1572 79 26 Smith,
396 1572 16 21 X
434 1572 88 27 Martin,

90 1599 26 20 T.
126 1599 108 26 Stratton,
393 1599 35 21 W.
442 1599 76 27 Milne,

90 1625 23 21 J.
124 1625 86 27 Phelns,
396 1626 32 21 \V.
440 1626 99 27 Shelton,

90 1652 30 22 A.
132 1652 98 27 Dunlop,
395 1652 24 22 K.
431 1652 76 27 Jones,

91 1679 27 22 11.
129 1679 125 27 Robinson,
393 1680 88 26 George
494 1680 132 26 Robertson,

92 1706 21 21 J.
127 1706 92 25 Pnubie,
357 1706 3 34 j
392 1706 26 21 T.
433 1706 87 24 Martin,

93 1733 27 20 D.
133 1733 115 26 Bowmm,
356 1737 4 20 I
393 1733 60 21 John
466 1733 78 26 Jeller,

93 1760 29 21 A.
136 1759 78 27 Milne,
358 1766 4 14 i
392 1760 27 21 T.
435 1760 80 26 Evans,

92 1786 25 21 F.
127 1786 87 26 Bolton,
393 1786 23 21 J.
427 1786 88 27 Wilkio,

92 1813 28 21 A.
134 1813 133 24 Robertson,
395 1813 27 21 R.
436 1813 95 27 Rhodes,

91 1840 26 21 T.
129 1839 121 27 Kennedy,
396 1840 29 21 H.
437 1840 71 27 Cross,

92 1866 26 22 E.
131 1866 99 27 Hazlett,
394 1866 18 21 C
432 1867 134 27 Mummery,

92 1893 28 22 G.
134 1894 55 26 Cox,
395 1893 25 22 P.
432 1893 66 26 Watt,

91 1920 22 21 J.
126 1920 135 26 Watterson,
397 1920 26 21 A.
437 1921 80 25 Stuart,

91 1946 22 21 J.
124 1946 114 27 Stoodley,
394 1946 23 21 J.
430 1946 120 21 Robinson.

91 1973 27 21 R.
131 1973 103 25 Duncan,

91 2025 47 22 The
147 2025 62 26 Lady
219 2026 93 25 Nujent,
324 2025 34 21 off
364 2025 51 21 Van
430 2025 114 21 Dieman's
555 2024 71 27 Land,

256 2052 113 27 February
379 2053 35 25 25,
426 2053 60 20 1841.

93 2087 39 21 Mr
148 2094 59 14 dear
223 2086 109 23 Friends,
365 2086 11 21 I
392 2086 71 21 thank
478 2093 44 20 you
539 2093 53 16 very
609 2086 46 21 sin-

66 2113 72 27 cerely
149 2114 34 20 for
192 2113 38 21 the
240 2113 130 27 expression
379 2113 26 21 of
412 2120 56 20 your
477 2112 57 28 good
546 2113 44 21 will
602 2120 52 14 con-

66 2140 70 27 veyed
155 2144 23 17 to
195 2147 36 14 me
251 2140 43 21 last
312 2140 72 27 night.
425 2140 9 21 I
452 2147 75 14 assure
545 2147 45 20 you
607 2140 48 21 that

66 2174 43 16 you
123 2167 66 21 much
205 2170 102 18 overrate
322 2167 37 21 the
374 2167 59 21 little
447 2167 122 21 attentions
583 2166 71 32 whjch

68 2194 9 20 I
97 2194 56 20 have
172 2194 56 21 been
249 2194 95 21 enabled
364 2197 22 17 to
405 2194 82 21 render
505 2197 23 17 to
550 2193 38 21 the
607 2194 46 20 sick

66 2220 44 22 and
126 2220 74 22 others
216 2220 82 27 during
314 2228 42 14 our
372 2220 55 27 long
442 2227 90 20 voyage,
546 2220 47 26 but,
612 2220 20 22 if
646 2220 6 21 I

65 2247 55 21 have
130 2247 56 22 been
198 2247 39 21 the
252 2247 91 21 humble
353 2254 79 14 means
439 2247 27 21 of
472 2247 128 27 alleviating
610 2254 44 20 any

66 2274 25 20 of
98 2281 54 20 your
160 2274 126 27 sufferings,
298 2274 10 21 I
324 2274 57 22 shall
392 2274 82 27 always
483 2274 103 21 consider
599 2282 56 19 your

66 2300 52 22 kind
137 2301 221 27 acknowledgments
377 2301 27 21 of
424 2308 37 19 my
480 2308 54 20 poor
558 2301 96 21 services

65 2334 59 15 more
134 2327 54 22 than
199 2335 28 14 an
239 2327 74 28 ample
330 2327 87 23 reward
425 2336 5 12 :
448 2328 8 21 I
475 2331 72 23 regret
560 2327 94 22 exceed-

65 2354 61 27 ingly
136 2355 49 21 that
202 2355 10 21 I
230 2354 58 22 have
298 2359 41 17 not
348 2362 64 14 come
428 2355 73 21 better
509 2354 108 28 prepared
633 2359 21 17 to

66 2385 57 17 meet
132 2389 61 14 some
204 2381 27 21 of
237 2388 57 21 your
304 2385 77 18 wants.

92 2407 22 22 It
129 2408 40 22 has
185 2408 92 27 pleased
292 2408 52 22 God
361 2412 23 18 to
400 2408 52 22 visit
468 2415 26 15 us
508 2408 53 22 with
578 2416 76 14 severe

65 2434 67 27 trials,
143 2435 52 21 with
205 2435 101 22 sickness
317 2435 44 21 and
376 2442 69 20 many
459 2435 73 28 perils.
563 2435 36 22 He
614 2435 40 22 has

65 2461 64 22 taken
149 2469 62 20 away
221 2462 108 22 nineteen
346 2462 60 22 souls
419 2462 56 22 from
494 2469 40 15 our
550 2462 103 26 number,

64 2488 44 21 and
125 2496 32 14 we
174 2488 56 22 have
248 2489 44 21 still
309 2493 106 22 amongst
429 2496 26 14 us
472 2496 60 14 some
550 2488 50 22 who
616 2496 38 15 are

65 2515 113 25 suffering
184 2516 56 21 from
256 2515 38 22 the
304 2516 126 27 prevailing
446 2515 121 28 distemper
578 2515 27 22 of
616 2515 38 23 the

64 2541 61 28 ship;
143 2542 42 22 but
202 2550 42 14 our
262 2550 86 19 voyage
364 2543 19 21 is
399 2543 77 26 nearly
492 2542 96 27 brought
604 2546 23 18 to
641 2550 13 14 a

64 2568 65 24 close,
141 2569 45 21 and
197 2569 10 22 I
217 2572 60 19 trust
285 2570 49 21 that
345 2569 37 22 He
392 2569 50 22 who
450 2569 40 22 has
499 2569 51 22 thus
560 2569 34 21 far
603 2576 51 20 pro-

65 2595 73 22 tected
153 2602 33 20 us,
197 2596 45 22 will
258 2595 52 23 take
325 2604 26 14 us
365 2596 30 22 all
411 2596 70 27 safely
492 2599 21 19 to
523 2595 39 23 the
576 2596 43 22 end
631 2596 27 22 of

65 2628 40 15 our
111 2623 104 26 journey.

89 2649 83 22 Permit
182 2658 35 13 me
228 2653 23 18 to
261 2657 40 20 say
311 2657 14 15 a
333 2649 44 22 few
387 2649 72 23 words
470 2657 24 15 as
503 2653 23 18 to
536 2657 57 19 your
602 2657 51 15 m-w

63 2674 65 23 home
136 2684 5 18 ;
163 2676 11 22 I
188 2676 67 22 know
265 2677 18 22 it
290 2677 20 22 is
320 2677 38 21 the
367 2677 74 21 desire
451 2677 26 21 of
483 2677 37 21 the
531 2677 56 21 New
598 2677 55 21 Zea-

64 2701 53 23 land
132 2703 117 28 Company
259 2707 27 18 4o
305 2704 66 22 irfake
389 2711 67 23 every
474 2703 111 27 emigrant
600 2711 54 15 con-

64 2729 75 22 tented
149 2730 46 21 and
210 2729 83 29 happy,
312 2731 46 21 and
374 2733 23 19 to
416 2730 68 22 afford
501 2730 28 22 all
547 2730 103 23 well-dis.

64 2756 67 26 posed
149 2764 93 19 persons
261 2764 15 14 a
292 2757 44 21 fair
355 2757 85 22 chance
464 2757 27 21 of
508 2757 146 22 establishing

64 2782 132 22 themselves
211 2783 142 28 respectably
363 2783 46 22 and
419 2783 117 28 profitably
548 2792 5 17 ;
572 2784 7 21 1
597 2784 56 22 have

64 2809 52 27 only
125 2813 23 19 to
164 2809 52 27 add,
228 2810 50 22 that
287 2811 11 21 I
309 2810 56 22 shall
382 2813 133 24 endeavour,
528 2810 53 22 with
599 2811 54 21 such

65 2842 74 16 means
156 2844 25 14 as
194 2844 53 19 may
257 2837 28 21 be
301 2841 24 17 at
341 2844 38 20 my
395 2837 104 26 disposal,
515 2841 23 17 to
553 2842 100 21 promote

64 2862 59 22 these
132 2863 59 26 good
200 2863 132 21 intentions.
353 2863 9 21 I
371 2863 55 21 shall
438 2863 81 28 always
530 2863 65 22 think
605 2864 48 21 that

65 2896 36 20 my
108 2889 74 22 fellow
192 2889 116 23 travellers
317 2890 23 21 in
352 2889 45 23 this
405 2890 51 31 ship
464 2889 57 23 have
532 2890 121 27 particular

65 2916 74 22 claims
149 2924 60 19 upon
219 2924 45 19 me,
275 2916 45 22 and
339 2916 8 22 I
364 2916 60 27 hope
434 2911 49 27 that
497 2917 52 26 they
560 2917 44 21 will
615 2922 39 17 not

65 2942 36 22 fail
111 2947 22 17 to
143 2943 67 33 apply
216 2947 24 17 to
250 2951 36 14 me
297 2943 35 22 for
342 2943 121 23 assistance
473 2943 119 22 whenever
601 2943 52 29 they

67 2976 49 21 may
125 2964 65 28 think
202 2970 10 22 I
223 2970 59 22 have
292 2970 38 22 the
340 2978 76 19 power
425 2974 22 18 to
457 2978 62 14 serve
530 2970 68 22 them.

225 2997 92 22 Believe
327 3005 37 14 me
374 3001 24 18 to
407 2997 35 26 be,

281 3024 63 22 Your
353 3025 87 21 sincere
449 3023 80 27 friend,

318 3051 138 22 EDMUND
475 3051 177 23 HALSWELL.

66 3075 30 22 To
106 3076 35 22 the
151 3077 130 24 Emigrants
290 3085 30 15 on
330 3078 72 22 board
411 3078 38 22 the
458 3079 61 22 Lady
527 3079 93 22 Nujent.

76 3110 77 1 New
178 3110 204 1 Plymouth
407 3109 254 2 Spectator.

99 3208 23 24 A
138 3210 62 31 large
218 3211 62 32 ship,
291 3211 78 25 bound
388 3220 31 24 up
438 3213 38 23 the
497 3213 91 29 Straits,

69 3248 56 23 seen,
144 3251 29 16 on
192 3244 85 32 Friday
289 3245 53 29 last,
360 3246 31 30 by
404 3254 14 15 a
435 3251 66 26 party
519 3246 31 24 of
560 3248 92 29 gentle-

68 3280 56 23 men,
138 3284 29 16 on
185 3276 60 26 their
263 3286 50 23 way
331 3283 24 19 to
374 3279 58 23 Port
449 3279 127 24 Nicholson
594 3281 58 24 from

68 3306 76 27 Otairi.
179 3310 59 25 This
250 3311 74 24 vessel
337 3319 45 17 was
400 3313 114 32 supposed
532 3317 23 20 to
573 3314 29 23 be
614 3314 38 23 the

71 3338 99 28 William
181 3343 101 32 Brycnt.

100 3373 48 25 The
164 3375 95 31 Jewess,
274 3377 58 25 after
355 3378 94 32 beating
466 3379 69 24 about
553 3380 36 23 for
607 3385 44 19 two

68 3404 59 33 days,
141 3416 62 16 came
220 3414 24 20 to
266 3411 85 25 anchor
369 3412 73 24 under
459 3413 39 23 the
515 3413 79 29 heads,
607 3414 44 23 and

68 3437 43 25 lost
121 3448 28 16 an
165 3443 85 24 anchor
261 3452 30 15 on
303 3444 122 32 Saturday,
439 3446 73 23 which
526 3447 125 31 compelled

68 3470 38 25 her
127 3477 22 20 to
171 3483 43 16 run
232 3477 25 23 in
275 3477 38 24 the
332 3478 117 32 following
472 3479 42 32 day
533 3484 23 20 to
574 3481 77 23 obtain

68 3506 97 25 another.
201 3509 70 24 Some
280 3511 85 31 freight
376 3519 47 16 was
435 3512 84 25 offered
531 3514 36 23 for
579 3514 72 23 Wan-

67 3540 72 28 ganui,
158 3541 72 24 which
250 3543 41 23 she
305 3545 133 28 embarked,
451 3546 52 29 and,
515 3546 59 24 after
585 3547 66 23 land-

67 3570 37 31 iug
120 3573 26 28 it,
164 3574 41 24 she
221 3576 48 23 will
286 3577 98 31 proceed
403 3582 23 19 to
446 3578 132 30 Taranaki;
604 3580 47 24 this

67 3603 68 33 delay,
147 3615 40 16 we.
191 3608 56 30 fear,
259 3617 53 23 may
324 3615 97 26 prevent
431 3611 41 24 her
484 3613 70 31 being
566 3613 26 23 of
601 3613 50 25 that

67 3643 37 17 use
116 3643 21 19 to
149 3640 37 24 the
205 3641 59 24 New
282 3643 126 31 Plymouth
426 3644 131 26 settlement
575 3646 74 25 which

67 3676 29 17 we
108 3673 133 32 anticipated
254 3676 24 22 in
289 3683 42 16 our
342 3676 46 23 last
400 3678 104 24 number.

93 3732 162 27 Harmonic
260 3738 42 22 The
316 3740 105 26 Dispatch
432 3740 78 28 speaks
520 3742 26 21 of
560 3749 14 14 a
583 3749 66 15 voca-

67 3761 34 19 list
110 3761 46 21 who
166 3763 60 26 sings
236 3772 25 15 so
272 3765 52 27 high
334 3767 23 20 in
368 3774 62 15 some
441 3767 26 21 of
477 3767 34 22 his
521 3768 128 23 embellish-

67 3790 74 23 ments,
151 3789 93 24 thatitis
251 3799 117 21 necessary
375 3796 24 19 to
405 3793 32 24 let
441 3801 29 19 go
476 3793 34 24 his
515 3795 134 26 suspenders

68 3815 69 19 before
147 3815 28 22 he
185 3824 41 14 can
235 3822 40 23 get
284 3818 65 22 down
360 3820 75 26 agai.i.

93 3846 102 25 Strange
212 3858 23 14 if
251 3852 64 22 True
354 3853 48 23 The
419 3855 120 24 Picayunne
555 3854 51 22 tells
622 3863 27 15 us

67 3875 20 16 of
103 3879 13 14 a
132 3881 49 16 man
198 3878 50 22 who
266 3879 46 21 told
327 3887 26 15 so
369 3880 98 22 crooked
483 3888 14 14 a
506 3885 61 22 story
578 3885 23 17 at
610 3881 38 23 the

68 3902 68 19 roiice
155 3902 70 24 Office
244 3907 50 21 tuat
312 3905 36 24 hii
367 3911 86 24 tongue
472 3907 81 24 turned
569 3907 49 23 into
635 3916 13 15 a

67 3925 132 25 cork-screw.

1907 130 66 25 those
1996 131 76 24 whose
2093 131 82 31 capital
2197 132 20 23 is
2239 131 123 24 embarked
2383 133 24 22 in
2430 132 63 24 these

1909 163 87 25 shares.
2033 164 32 24 So
2076 164 42 28 far,
2131 164 110 28 however,
2255 172 38 16 are
2305 165 37 22 the
2354 167 139 29 proprietors

1908 196 58 23 from
1978 196 86 31 having
2074 196 57 25 been
2154 196 94 25 deluded
2259 197 30 31 by
2307 205 42 23 any
2370 197 71 32 hopes
2453 204 40 18 not

1897 229 2 34 |
1908 228 106 29 realized,
2037 229 56 28 that,
2117 230 24 23 in
2160 229 37 24 the
2208 229 61 24 teeth
2281 230 24 22 of
2321 230 37 23 the
2376 231 118 23 increased

1909 262 147 31 expenditure
2074 262 75 23 forced
2161 269 60 24 upon
2232 263 117 29 engineers
2366 262 30 32 by
2413 271 80 16 causes

1908 299 40 18 not
1960 295 78 23 within
2052 295 57 23 their
2121 295 95 28 control,
2229 294 36 24 the
2284 295 72 23 traffic
2373 295 42 24 has
2431 304 63 16 more

1909 326 55 24 than
1975 327 122 31 surpassed
2109 328 30 23 all
2155 329 103 29 previous
2270 329 166 29 anticipations,
2449 329 44 24 and

1909 360 23 23 in
1945 360 64 23 those
2022 360 64 28 lines,
2100 360 136 31 sufficiently
2248 360 121 28 advanced,
2375 361 118 24 dividends

1908 392 57 24 have
1976 393 57 23 been
2042 393 101 24 declared
2152 393 49 24 that
2208 401 36 15 are
2252 393 123 24 calculated
2383 399 22 18 to
2413 396 80 30 satisfy

1909 425 37 24 the
1959 431 60 18 most
2030 425 136 24 distrustful.
2202 424 74 25 There
2289 427 26 28 is,
2333 432 33 18 we
2378 433 37 17 are
2433 435 60 22 sure,

1897 464 2 18 :
1909 466 29 16 no
1949 459 85 23 branch
2048 459 25 23 of
2086 459 77 31 public
2175 460 123 29 enterprize
2310 460 26 22 of
2350 461 65 29 equal
2429 468 65 23 mag-

1897 489 2 29 \
1909 490 77 24 nitude
1999 492 80 28 which,
2101 492 23 23 in
2137 492 55 23 such
2204 500 14 15 a
2229 492 62 23 short
2303 493 61 28 time,
2384 493 40 23 has
2436 493 57 23 been

1897 526 2 23 !
1909 532 25 15 so
1946 525 133 28 successful,
2092 524 44 24 and
2147 532 58 16 none
2218 525 22 23 in
2251 525 73 23 which
2333 525 37 23 the
2377 532 118 24 prospects

1909 564 37 16 are
1959 565 24 15 so
1996 557 66 31 good.
2098 557 80 24 About
2189 562 82 26 twenty
2290 559 129 30 companies
2438 559 56 24 have

1909 590 90 30 already
2018 590 103 24 declared
2140 590 124 29 dividends,
2284 591 42 23 and
2349 591 110 31 although
2471 593 22 22 in

1909 622 37 23 the
1959 630 54 23 very
2023 623 91 31 infancy
2126 624 26 23 of
2166 624 58 23 their
2243 624 121 28 existence,
2389 624 37 23 the
2438 624 57 24 bulk

1909 656 25 22 of
1954 655 61 25 them
2028 664 44 23 pay
2083 656 43 24 five
2138 664 39 23 per
2190 661 57 19 cent,
2261 657 43 23 and
2321 657 104 30 upwards
2432 666 6 14 :

1978 690 12 22 1
2004 696 39 23 per
2055 694 57 18 cent,
2123 689 43 23 and
2173 689 103 32 upwards
2282 705 55 8 ....
2347 692 10 21 1
2370 689 102 33 Railway

2277 739 7 7 .
2293 739 7 6 .
2311 739 6 6 .
2327 738 6 7 .
2340 732 15 14 t>

1975 756 18 21 4
2340 758 15 21 2

1975 789 15 22 5
2339 791 17 21 4

1975 821 17 23 6
2340 823 15 22 3

1976 855 16 22 8
2345 856 15 22 3

1961 889 31 21 10
2340 889 15 22 3

1961 922 32 21 14
2343 922 11 22 1

1961 955 29 21 15
2343 955 10 22 1

1943 985 35 24 Of
1992 985 72 29 these,
2088 985 70 24 above
2182 985 127 24 two-thirds
2335 994 45 23 pay
2391 986 43 25 five
2455 995 41 23 per

1909 1024 59 18 cent,
1989 1019 45 23 and
2056 1019 111 30 upwards,
2186 1019 44 23 and
2248 1026 28 16 on
2295 1019 73 24 which
2382 1020 36 24 the
2430 1028 65 23 gross

1908 1056 95 19 amount
2015 1052 25 23 of
2056 1051 116 24 dividends
2185 1052 19 23 is
2217 1060 24 15 as
2253 1052 85 23 follows
2349 1061 5 15 ::

1959 1120 108 25 830,000
2090 1122 23 19 at
2133 1120 15 22 5
2166 1123 103 26 percent
2291 1134 56 8 ....
2370 1120 92 28 41,500

1958 1153 109 26 460,000
2135 1153 15 21 6
2370 1154 92 26 27,600

1942 1185 208 28 3,000,0008
2354 1187 108 27 240,000

1944 1219 206 27 1,340,00010
2357 1220 105 26 134,000

1943 1252 207 27 1,500,00014
2353 1253 109 27 210,000

1929 1305 8 5 .
1959 1284 108 27 200,000
2084 1285 66 23 15
2291 1300 56 8 ....
2371 1287 91 26 30,000

1918 1350 158 28 7,330,090
2210 1341 4 5 '
2331 1351 131 28 683,100

1942 1383 66 22 Thus
2021 1390 32 16 we
2065 1383 45 23 find
2125 1383 47 24 that
2184 1392 29 14 on
2232 1383 67 24 about
2316 1392 68 15 seven
2397 1385 99 24 millions

1908 1416 43 22 and
1964 1425 13 13 a
1991 1416 50 23 half
2056 1417 25 23 of
2096 1418 88 29 capital,
2199 1417 89 30 already
2303 1425 61 15 more
2377 1418 53 22 than
2444 1419 52 23 nine

1907 1457 40 23 per
1960 1454 59 18 cent,
2034 1449 105 24 dividend
2150 1451 19 22 is
2189 1450 58 30 paid,
2261 1450 43 23 and
2317 1449 38 24 the
2368 1456 92 18 amount
2472 1452 26 22 of

1908 1482 92 30 railway
2023 1488 106 25 property
2152 1484 84 29 paying
2253 1483 43 23 five
2315 1491 39 23 per
2373 1489 60 18 cent,
2451 1485 44 23 and

1909 1516 104 30 upwards
2026 1516 51 27 will,
2091 1524 32 15 we
2136 1516 68 23 doubt
2217 1523 45 22 not,
2274 1517 30 30 by
2316 1516 38 23 the
2367 1517 43 23 end
2424 1518 24 21 of
2458 1518 38 23 the

1909 1553 92 26 present
2013 1556 60 23 year,
2086 1555 92 17 amount
2190 1555 21 17 to
2221 1550 73 22 fifteen
2304 1550 107 24 millions.
2449 1550 48 24 Not

1909 1589 56 15 even
1978 1581 38 23 the
2025 1582 138 30 joint-stock
2185 1582 72 24 banks
2276 1583 52 22 beat
2347 1583 53 23 this.
2438 1583 58 24 This

1909 1616 20 21 is
1948 1623 28 15 an
1997 1621 89 18 earnest
2104 1616 71 22 which
2196 1623 31 16 we
2240 1620 57 19 trust
2309 1616 45 22 will
2371 1625 126 22 encourage

1910 1648 37 23 the
1971 1648 110 24 doubM'is*
2104 1649 43 23 and
2167 1649 82 23 silence
2268 1649 37 23 the
2324 1650 136 29 grumblers.

1912 1680 104 32 Railway
2028 1679 133 33 Migazine.

1945 1714 97 24 Notice
2061 1722 30 16 to
2112 1715 146 23 Mariners.
2306 1715 189 32 Hydrographic-

1911 1748 71 28 office,
1997 1748 135 31 Admiralty,
2150 1749 133 30 September
2305 1748 63 29 17th,
2390 1752 70 21 1840.

1914 1781 80 23 Notice
2013 1781 19 23 is
2051 1781 82 31 hereby
2152 1783 75 30 given,
2241 1781 47 23 thac
2299 1781 58 23 from
2376 1782 45 24 and
2439 1783 58 24 after

1912 1815 36 22 the
1966 1817 33 20 Ist
2011 1814 26 23 of
2048 1814 127 24 November
2188 1820 60 22 next,
2261 1816 35 22 six
2310 1822 47 16 new
2370 1815 69 31 lights
2452 1816 45 24 will

1911 1847 28 23 be
1950 1847 78 23 shown
2041 1856 66 22 every
2121 1849 64 30 night
2197 1857 28 14 on
2243 1848 37 23 the
2292 1853 63 18 coast
2371 1849 26 23 of
2408 1849 89 24 France

1911 1886 23 17 at
1953 1880 39 23 the
2004 1881 115 31 following
2137 1882 90 30 places:
2267 1883 20 22 1.
2307 1881 38 23 On
2358 1881 38 24 the
2411 1882 46 24 Isle
2474 1883 26 23 of

1914 1913 111 28 Marcouf,
2044 1915 24 22 in
2088 1914 36 24 the
2143 1915 141 31 department
2302 1915 25 22 of
2347 1915 32 23 La
2398 1915 99 25 Manche

1912 1946 138 32 (Channel.)
2086 1949 21 21 2.
2129 1948 33 23 At
2185 1948 91 27 Pavalo,
2296 1948 23 22 in
2343 1948 38 23 the
2404 1949 92 30 depart-

1910 1985 65 17 ment
1994 1980 25 22 of
2203 1983 24 21 2.
2246 1981 33 23 At
2291 1981 38 21 the
2343 1981 70 23 Basin
2426 1981 71 24 d'Ar-

1912 2012 80 28 cahon,
2003 2013 22 22 in
2039 2013 37 23 the
2089 2013 140 31 department
2237 2014 24 22 of
2271 2013 34 23 La
2319 2013 103 24 Gironde
2434 2013 63 33 (Bay

1912 2046 22 22 of
1946 2045 107 32 Biscay.)
2086 2048 23 21 4.
2130 2047 33 22 At
2175 2047 35 23 La
2223 2046 133 31 Carmague,
2370 2047 22 23 in
2406 2047 38 23 the
2457 2048 40 23 de-

1911 2084 114 26 partment
2041 2080 26 22 of
2077 2079 45 24 Les
2141 2079 103 24 Bouches
2263 2079 29 24 dv
2312 2080 83 23 Rhone
2406 2079 91 32 (Medi-

1913 2111 140 31 terranean.)
2130 2113 33 23 At
2182 2113 37 23 the
2238 2112 56 24 Port
2312 2113 26 23 of
2359 2113 94 30 Cassus,
2474 2115 24 23 in

1912 2145 37 23 the
1967 2153 63 16 same
2053 2146 148 30 department.
2237 2147 23 22 6.
2281 2147 32 22 At
2337 2146 37 23 the
2399 2147 58 24 Port
2474 2149 26 22 of

1914 2178 80 27 Ciolet,
2016 2180 23 21 in
2063 2179 37 23 the
2123 2187 61 15 same
2207 2178 148 31 department.
2399 2180 97 24 London

1912 2211 104 23 Journal
2025 2211 30 31 of
2064 2213 135 26 Commerce,
2216 2212 50 23 Oct.
2279 2213 25 22 8.

1945 2245 124 23 Nothing
2093 2253 59 15 like
2177 2253 78 16 being
2279 2253 145 17 prepared.
2461 2247 35 23 As

1912 2285 32 16 we
1956 2283 59 18 Were
2027 2278 37 23 the
2077 2279 48 23 first
2134 2279 93 31 journal
2239 2278 92 24 enabled
2344 2284 22 18 to
2378 2288 119 17 announce

1912 2311 37 23 the
1961 2311 134 31 interesting
2102 2313 106 22 situation
2218 2312 25 23 of
2251 2320 41 15 our
2300 2313 104 30 youthful
2413 2314 82 25 Queen

1912 2342 24 32 (a
1955 2345 46 23 fact
2020 2345 71 23 which
2109 2345 40 23 has
2166 2353 62 15 since
2239 2345 55 23 been
2308 2346 91 23 verified
2411 2347 30 31 by
2454 2355 41 16 au-

1913 2378 91 30 thority,
2017 2385 33 16 we
2063 2387 49 22 may
2123 2386 51 15 now
2192 2378 154 31 congratulate
2363 2380 38 22 the
2418 2381 77 23 nation

1913 2411 53 23 with
1978 2411 38 23 the
2027 2412 96 30 positive
2135 2411 151 28 information,
2299 2412 49 23 that
2359 2418 86 18 certain
2458 2422 37 15 es-

1912 2444 80 23 sential
2004 2449 145 26 preparatory
2162 2446 145 22 instructions
2326 2446 44 22 and
2388 2454 107 24 arrange-

1912 2482 73 18 ments
1995 2478 58 23 have
2064 2478 64 28 been,
2142 2479 28 30 by
2183 2479 62 29 royal
2253 2479 126 28 command,
2393 2488 102 15 commu-

1911 2511 88 23 nicated
2013 2516 21 18 to
2047 2511 39 23 the
2096 2519 82 23 proper
2190 2512 141 23 authorities.
2369 2512 51 24 The
2439 2521 56 16 emi-

1912 2548 53 19 nent
1976 2544 152 24 accoucheurs
2137 2545 43 23 Dr.
2191 2545 125 31 Ferguson,
2340 2545 44 24 Dr.
2392 2546 102 29 Locock,

1912 2577 42 23 and
1968 2577 44 24 Dr.
2027 2577 110 31 Blagden,
2150 2578 56 23 have
2217 2578 55 23 been
2281 2578 97 24 selected
2388 2585 21 17 to
2418 2580 77 23 attend

1910 2618 29 16 on
1956 2611 41 23 her
2016 2610 107 32 Majesty.
2161 2612 21 22 A
2202 2611 38 23 list
2251 2613 21 21 of
2291 2611 103 32 monthly
2415 2621 80 16 nurses

1911 2643 53 24 with
1976 2644 58 23 their
2046 2644 157 29 testimonials,
2225 2645 54 23 have
2298 2645 48 22 also
2367 2646 55 23 been
2443 2655 52 23 pre-

1910 2677 80 23 sented
2008 2683 23 17 to
2049 2678 38 22 the
2106 2677 91 25 Queen.
2234 2678 34 31 By
2287 2677 37 24 the
2344 2686 57 23 way,
2422 2680 76 30 might

1912 2714 37 19 not
1962 2718 42 15 our
2016 2710 36 23 old
2064 2710 74 24 friend
2150 2711 136 24 Melbourne
2298 2711 52 24 take
2360 2712 44 23 this
2413 2721 84 23 oppor-

1910 2744 74 31 tunity
2003 2749 22 18 to
2044 2744 68 23 retire
2130 2744 58 24 from
2207 2745 70 28 office,
2302 2745 45 23 and
2366 2753 79 16 secure
2457 2746 38 24 the

1911 2776 61 23 birth
1985 2777 26 22 of
2025 2776 40 31 dry
2078 2778 84 23 nurse?
2196 2778 87 30 Argus.
2332 2772 27 36 \

1944 2809 58 24 The
2027 2809 71 25 Late
2123 2810 74 24 Lord
2221 2809 145 26 Durham's"
2378 2811 82 25 Will.

1910 2842 51 25 The
1974 2843 44 23 will
2031 2843 26 23 of
2073 2843 36 24 the
2121 2844 45 23 late
2185 2844 63 23 Lord
2265 2844 106 25 Durham
2385 2845 42 24 has
2441 2846 56 24 been

1910 2876 83 31 proved
2006 2877 22 23 in
2041 2876 38 24 the
2090 2879 142 29 prerogative
2244 2882 75 19 courts
2331 2879 26 23 of
2373 2878 67 24 York
2452 2880 45 23 and

1911 2910 151 31 Canterbury.
2103 2910 28 24 In
2156 2910 37 24 the
2218 2911 87 28 former,
2330 2912 39 23 the
2390 2913 107 30 personal

1909 2948 107 26 property
2028 2943 42 24 has
2082 2943 56 24 been
2150 2952 74 15 sworn
2236 2949 22 18 to
2270 2944 72 24 under
2356 2946 140 29 250,000,

1909 2976 52 28 and,
1974 2976 23 23 in
2011 2976 37 23 the
2060 2976 75 28 latter,
2149 2981 22 19 to
2184 2985 13 15 a
2210 2977 66 24 much
2290 2978 92 23 smaller
2393 2983 103 20 amount.

1909 3009 51 23 The
1973 3009 51 28 will,
2039 3009 71 23 which
2123 3010 19 22 is
2161 3010 94 31 entirely
2267 3011 23 22 in
2309 3010 38 24 the
2367 3012 66 23 earl's
2446 3020 49 16 own

1907 3042 160 30 handwriting,
2088 3044 104 30 occupies
2215 3043 83 31 merely
2317 3044 37 23 the
2377 3048 45 19 two
2445 3045 52 24 first

1907 3083 71 24 pages
1990 3075 26 23 of
2025 3083 14 15 a
2051 3083 102 16 common
2166 3077 64 23 sheet
2243 3076 24 23 of
2282 3077 67 23 letter
2368 3084 76 25 paper,
2458 3078 39 24 the

1908 3109 131 23 attestation
2050 3109 107 30 standing
2168 3117 60 23 upon
2241 3110 36 23 the
2290 3110 54 23 head
2354 3111 26 22 of
2389 3111 38 23 the
2436 3111 61 24 third

1907 3150 66 23 page,
1999 3142 45 23 and
2068 3143 17 22 it
2107 3150 97 23 couveys
2228 3148 22 18 to
2274 3143 36 23 the
2335 3143 115 25 Countess
2474 3145 26 24 of

1908 3175 105 24 Durham
2029 3176 38 23 the
2085 3175 71 24 whole
2175 3176 46 23 real
2239 3176 45 23 and
2300 3177 106 31 personal
2425 3182 71 19 estate

1909 3208 26 23 of
1948 3208 42 24 her
2008 3208 111 29 husband,
2138 3210 95 22 without
2250 3210 128 24 restriction
2397 3218 26 16 or
2442 3219 54 16 con-

1909 3241 67 24 troul.
2013 3241 40 23 Ne
2072 3241 71 24 epistle
2154 3241 21 24 J
2173 3243 87 22 sternal.

1943 3274 51 24 The
2005 3274 91 24 Bristol
2109 3275 93 23 Mirror
2214 3276 105 24 confirms
2329 3276 38 24 the
2379 3277 118 32 discovery

1909 3308 26 23 of
1943 3308 39 23 the
1994 3308 60 31 body
2066 3308 24 22 of
2100 3308 39 23 the
2152 3309 43 22 late
2208 3308 42 25 Dr.
2266 3309 132 32 Carpenter,
2412 3311 27 23 of
2448 3311 49 24 that

1910 3342 53 30 city,
1982 3341 50 23 who
2053 3341 37 23 fell
2110 3342 122 23 overboard
2251 3350 28 15 on
2299 3351 13 15 a
2333 3351 86 23 voyage
2437 3344 58 24 from

1911 3374 86 32 Naples
2011 3379 21 18 to
2046 3374 108 31 Leghorn
2167 3383 29 15 on
2208 3375 37 24 the
2258 3376 65 31 night
2335 3377 24 22 of
2367 3377 66 31 April
2444 3377 49 24 ,3th.

2009 3407 59 31 body
2092 3416 45 15 was
2166 3409 90 23 wahed
2284 3410 80 22 ashore
2396 3410 99 24 between

1911 3441 86 31 Naples
2006 3441 44 23 and
2063 3441 75 23 Civita
2147 3441 106 28 Vecchia,
2265 3443 58 31 forty
2331 3443 66 22 miles
2404 3443 90 24 S.S.E.

1910 3474 25 23 of
1945 3474 82 28 Rome,
2042 3474 68 24 about
2121 3474 38 24 the
2178 3476 83 22 mid.ile
2274 3476 24 22 of
2314 3476 68 28 June,
2395 3476 44 23 and
2457 3484 38 15 ac-

1910 3507 94 31 cording
2018 3513 21 17 to
2051 3507 39 23 the
2108 3514 106 26 sanatory
2227 3509 52 22 laws
2299 3509 25 22 oi'
2339 3509 38 22 the
2392 3515 103 25 country,

1910 3549 46 15 was
1979 3542 123 22 consumed
2123 3542 27 30 by
2170 3542 48 22 fire.
2265 3542 42 22 His
2329 3543 77 27 watch,
2427 3544 66 26 seals,

1910 3573 42 24 and
1975 3574 163 30 pocket-book,
2156 3575 69 23 f'oiiud
2244 3584 27 14 on
2293 3575 35 22 tha
2344 3583 88 22 person,
2447 3575 48 23 suf-

1910 3608 77 23 ficient
1997 3615 14 23 y
2036 3607 115 24 iJentified
2177 3608 55 23 liim.
2280 3607 51 23 The
2361 3608 86 24 Consul
2472 3613 25 19 at

1897 3648 2 12 i
1911 3640 75 24 Rome
2007 3641 136 23 transferred
2161 3641 62 23 these
2235 3641 88 23 articles
2337 3648 20 15 to
2375 3641 34 23 hi.s
2429 3648 68 24 agent

1910 3674 23 23 in
1960 3673 95 24 Lou.lou
2081 3675 30 22 fur
2138 3674 42 23 Dr.
2206 3674 120 31 Carpemei
2340 3682 10 15 s
2378 3682 117 23 iv}ne.-.ea-

1897 3726 2 4 .
2056 3706 104 24 Colonial
2171 3706 100 24 Gazette.

1897 3737 2 31 i
1943 3740 72 27 .Died,
2041 3748 26 15 ou
2091 3740 9 25 i
2100 3749 3 4 -
2111 3741 60 29 r'hlay
2194 3740 49 25 last,
2269 3745 36 17 tne
2333 3739 96 24 London
2449 3742 44 23 and

1897 3768 2 36 \
1913 3773 74 23 Leeds
2001 3774 62 22 mail-
2069 3773 74 23 coach,
2154 3774 21 21 in
2190 3772 36 23 the
2234 3773 57 23 56th
2304 3780 48 23 yea;
2370 3773 24 23 of
2403 3780 30 16 its
2446 3782 49 23 age.

1903 3806 33 23 It
1949 3807 46 22 ilrsl
2011 3814 127 15 ccmime'iue
2149 3805 4 23 i
2163 3806 215 30 iMiuiin^(througn
2389 3807 108 31 Nqtthji;:-

1912 3840 64 27 Inm.)
1989 3847 27 15 on
2030 3839 37 22 tiie
2081 3839 57 23 :2utii
2152 3840 60 28 Ju;y,
2232 3841 67 23 I7s>\
2313 3845 43 17 and
2376 3841 80 23 ceased
2470 3849 27 15 ou

1912 3872 38 23 the
1959 3872 57 23 28tli
2025 3872 99 28 August,
2139 3875 69 20 i;.-O.
2236 3872 50 23 Tin*
2295 3872 127 24 mmcdiuig
2431 3881 67 17 cause

1913 3905 25 23 of
1947 3905 29 23 its
1989 3905 132 23 dissolution
2137 3914 17 14 is
2168 3905 31 23 iii.
2218 3905 79 32 cjj.ead
2310 3914 22 15 oi
2349 3907 112 31 raiivvays.

1898 3942 2 19 I
1912 3937 99 26 Lincoln
2024 3937 102 24 Gazette.

715 185 38 24 On
772 186 37 24 the
828 186 119 24 afternoon
966 188 26 23 of
1007 188 122 32 Thursday,
1150 189 39 24 the
1203 188 55 25 10th

680 218 142 31 September,
837 219 98 31 Captain
955 220 106 30 Bullock,
1081 222 42 23 v/ho
1141 222 43 23 has
1203 222 56 23 been

679 250 36 25 for
726 259 14 16 a
750 251 56 31 long
823 252 56 23 time
898 253 104 30 engaged
1020 254 24 23 in
1064 254 161 31 endeavouring
1237 259 23 18 to

680 283 33 24 fix
730 292 15 15 a
760 284 173 31 safety-beacon
954 294 29 15 on
996 285 38 24 the
1053 287 102 24 Goodwin
1176 287 82 28 Sands,

680 316 167 32 accomplished
860 317 35 24 his
913 317 117 25 laborious
1041 320 65 24 work.
1141 320 52 24 The
1205 320 54 24 bea-

681 356 42 16 con
734 349 29 24 he
775 349 41 24 has
827 351 126 23 succeeded
966 351 28 23 in
1014 354 94 30 erecting
1125 355 98 22 consists
1237 353 21 23 of

681 389 14 16 a
707 382 89 24 column
808 383 70 24 about
887 384 117 30 forty-feet
1021 385 67 24 above
1103 386 37 24 the
1161 386 57 24 level
1237 386 24 23 of

681 415 39 23 the
731 423 40 15 sea
779 424 6 19 ;
805 415 166 32 havingr-deets
981 417 47 23 and
1046 426 59 23 ropes
1119 419 105 23 attached
1237 423 21 19 to

681 448 51 23 four
750 449 27 22 of
792 449 29 22 its
840 449 69 28 sides,
921 449 53 24 with
994 450 66 24 holds
1078 450 28 25 for
1122 452 73 24 hands
1214 450 44 25 and

681 485 53 19 leet.
781 481 34 23 At
833 481 39 24 the
889 483 94 23 summit
1002 483 26 23 of
1047 484 37 23 the
1098 485 90 23 column
1207 486 20 22 is
1246 492 13 16 a

681 513 94 31 gallery,
795 513 25 24 of
840 515 105 30 hexagon
963 515 67 25 form.
1048 517 57 24 maJe
1128 518 26 23 of
1174 518 84 24 trellis-

680 546 72 29 work,
764 547 45 23 and
820 548 93 31 capable
924 548 26 23 of
964 548 96 33 holding
1077 555 75 27 twenty
1164 558 94 24 persoas

681 584 24 18 at
717 587 41 16 one
771 581 62 23 time.
870 581 80 24 Above
962 581 38 24 the
1011 583 89 32 gallery,
1112 584 45 23 and
1168 585 24 22 in
1205 591 53 16 con-

681 614 111 22 tinuation
814 614 26 22 of
855 614 38 23 the
912 614 98 29 column,
1030 616 19 22 is
1067 624 14 15 a
1095 616 106 32 flagstaff,
1220 621 38 19 ten

682 645 44 24 feet
743 646 70 31 long;
840 647 96 31 making
957 647 39 24 the
1014 649 70 23 entire
1102 649 84 24 beacon
1208 650 50 30 fifty

681 678 45 24 feet
737 680 23 22 in
773 679 87 31 height.
896 680 52 24 The
959 680 61 24 sides
1037 682 27 22 of
1079 682 30 24 the
1122 683 87 30 gallery
1221 690 37 16 are

682 720 25 14 so
717 712 144 24 constructed
873 721 24 15 as
910 718 22 19 to
952 714 80 23 enable
1044 715 38 23 the
1089 723 92 24 persons
1199 717 24 22 in
1241 716 18 22 it

681 750 24 18 to
722 744 28 25 be
774 746 94 23 covered
890 749 24 21 in
938 747 53 23 with
1015 748 104 28 sailcloth,
1143 749 73 23 which
1240 748 18 23 is

682 778 75 24 reefed
768 779 24 23 in
806 779 45 24 and
869 779 72 24 round
960 781 25 28 it,
999 781 44 23 and
1061 789 36 16 can
1114 782 28 23 be
1162 782 56 23 used
1237 786 21 19 at

682 811 102 31 pleasure
793 821 6 19 ;
819 821 25 15 as
856 812 48 25 also
916 821 29 16 an
962 814 91 31 awning
1069 819 19 19 to
1103 822 52 23 pass
1168 823 53 15 over
1233 815 24 27 it,

682 845 72 23 which
766 846 19 22 it
795 845 61 24 fixed
868 851 22 19 to
909 846 39 24 the
966 847 113 31 flagstaff;
1093 847 51 24 thus
1164 848 94 30 entirely

681 879 128 30 protecting
820 887 45 23 any
877 880 146 23 unfortunate
1041 881 92 23 mariner
1145 881 50 24 who
1207 888 52 24 may

681 910 55 23 seek
755 911 85 23 shelter
856 920 30 14 on
903 912 38 23 the
960 913 92 23 column
1072 914 49 23 from
1144 915 48 22 foul
1214 914 44 23 and

680 948 156 26 tempestuous
859 944 105 25 weather.
1012 946 23 23 A
1056 946 66 24 barrel
1145 948 26 23 of
1196 947 62 24 'resh

680 980 76 24 water,
770 977 103 30 together
885 977 53 23 with
950 986 14 15 a
981 979 93 30 painted
1085 979 44 32 bag,
1141 981 118 30 enclosing

680 1016 14 15 a
706 1008 45 31 flag
762 1010 26 22 of
795 1009 102 29 distress,
910 1011 19 22 is
944 1012 114 23 stationed
1070 1020 21 16 on
1103 1013 37 24 the
1151 1014 90 31 gallery
1250 1023 6 19 ;
1265 1014 2 35 j

680 1041 44 23 and
736 1042 38 23 the
794 1042 73 24 words
907 1043 69 23 Hoist
995 1044 38 24 the
1125 1047 93 30 painted
1236 1047 22 23 in

682 1074 37 24 the
729 1075 125 31 languages
867 1077 25 22 of
910 1077 30 22 all
961 1082 98 23 nations,
1072 1087 21 15 on
1111 1079 82 24 boards
1211 1085 45 18 sta-
1265 1085 2 22 |

680 1108 75 23 tioned
775 1109 73 23 round
866 1109 37 23 the
922 1110 65 23 inner
1006 1117 51 24 part
1075 1111 18 24 of
1108 1113 38 23 the
1164 1113 93 31 gallery,
1265 1112 2 26 !

681 1148 25 16 so
724 1141 50 24 that
792 1141 38 24 the
849 1142 113 32 foreigner
980 1151 26 15 as
1027 1144 49 23 well
1090 1153 22 15 as
1127 1146 39 23 the
1183 1148 75 21 native

681 1181 92 17 seamen
790 1183 52 22 may
856 1175 27 23 be
901 1176 95 23 enabled
1008 1181 23 19 to
1047 1178 55 23 show
1118 1186 14 16 a
1150 1179 75 31 signal
1237 1179 24 23 of

681 1207 102 30 distress,
795 1209 45 22 and
852 1209 76 23 obtain
940 1209 53 32 help
1006 1210 56 23 from
1074 1211 66 29 shore,
1154 1212 71 23 which
1239 1213 19 22 is

681 1240 69 24 about
760 1249 69 16 seven
842 1242 65 23 miles
919 1242 85 24 distant
1016 1244 58 23 from
1086 1244 30 24 the
1129 1245 92 24 beacon.
1265 1242 2 13 :

683 1273 103 24 Colonial
799 1274 104 24 Gazette.

715 1306 39 24 On
778 1307 144 32 Wednesday
945 1310 113 31 morning,
1082 1310 30 24 the
1131 1311 43 24 9th
1197 1312 61 30 Sep-

682 1340 93 28 tember,
799 1340 39 24 the
861 1341 113 24 Countess
999 1343 26 23 of
1044 1343 107 24 Loiisdale
1174 1350 84 19 steam-
1265 1351 2 15 :

682 1372 51 32 ship
750 1372 42 25 left
815 1374 123 31 Hamburg
955 1376 34 23 for
1008 1376 99 29 London,
1128 1378 53 23 with
1205 1386 53 23 pas-
1265 1371 2 36 \

682 1413 93 24 sengers
786 1407 44 23 and
850 1407 37 24 the
908 1409 61 28 mail,
982 1409 46 24 and
1046 1410 57 23 when
1120 1411 70 24 about
1214 1413 45 22 120
1265 1409 2 11 '

682 1439 65 24 miles
759 1440 58 23 from
838 1440 38 24 the
893 1446 52 26 port
964 1442 91 24 whence
1074 1443 33 24 she
1125 1444 80 29 sailed,
1218 1444 41 24 she

681 1472 39 23 fell
738 1473 24 23 in
781 1473 53 23 with
853 1475 38 22 the
918 1475 145 30 Caledonian,
1086 1477 88 23 another
1197 1478 62 30 large
1265 1479 2 8 '

682 1506 143 32 steam-ship,
840 1507 73 23 which
924 1507 43 25 had
985 1508 87 24 broken
1084 1510 30 23 the
1126 1512 61 22 main
1199 1510 61 24 shaft

682 1538 26 23 of
723 1539 40 23 her
776 1541 89 30 engine,
878 1540 44 24 and
934 1549 45 15 was
998 1543 82 23 unable
1089 1548 19 18 to
1120 1544 98 30 proceed
1231 1552 28 15 on

682 1571 40 24 her
733 1579 88 25 voyage
832 1573 58 24 from
903 1574 98 24 London
1014 1580 22 19 to
1052 1576 120 31 Hamburg.
1209 1577 51 23 The

683 1605 114 24 Countess
814 1607 140 31 immediatly
966 1608 55 24 took
1036 1609 38 23 the
1085 1609 132 24 Caledonian
1237 1611 21 22 in

682 1642 54 24 tow,
757 1639 53 24 with
829 1640 39 23 the
886 1641 112 23 intention
1018 1642 25 23 of
1058 1643 130 30 proceeding
1207 1644 53 22 with

682 1671 40 23 her
733 1676 23 19 to
771 1672 122 32 Hamburg
901 1682 7 20 ;
927 1674 41 24 but
988 1674 46 24 had
1053 1680 36 19 not
1103 1684 59 22 gone
1174 1676 34 23 far
1218 1676 42 23 be-

682 1704 47 24 fore
750 1713 63 16 some
835 1707 103 24 accident
964 1708 119 31 happened
1104 1714 22 18 to
1148 1709 42 24 her
1211 1717 49 16 own

682 1738 138 32 machinery,
836 1739 45 23 and
894 1740 41 23 she
954 1748 46 16 was
1019 1742 75 23 unable
1112 1748 23 18 to
1155 1743 104 30 proceed.

683 1771 50 23 The
748 1772 87 24 Severn
854 1778 105 24 steamer,
973 1774 76 24 bound
1067 1775 50 24 from
1137 1776 123 31 Hamburg

683 1809 23 17 to
721 1804 64 30 Hull,
798 1806 163 32 subsequently
973 1807 38 24 fell
1032 1808 22 23 in
1074 1808 44 24 with
1131 1809 38 23 the
1183 1809 77 24 Coun-

683 1842 46 18 tess
752 1838 26 23 of
799 1839 114 24 Lonsdale
936 1840 44 23 and
1004 1840 38 24 the
1070 1841 122 30 Caledonia,
1217 1842 43 24 and

684 1870 54 24 took
750 1876 40 18 out
800 1872 60 23 their
872 1880 136 24 passengers
1028 1875 44 23 and
1084 1875 30 23 the
1127 1875 131 31 mail-bags.

684 1903 50 24 The
754 1904 115 24 Countess
881 1906 45 23 and
943 1907 38 22 the
1004 1908 130 23 Caledonian
1154 1914 41 26 put
1214 1909 47 24 into

684 1936 132 30 Cuxhaven,
825 1938 45 23 and
878 1939 129 23 afterwards
1020 1941 116 30 proceeded
1149 1946 23 18 to
1187 1941 74 24 Ham-

684 1969 71 31 burg;
795 1970 73 24 where
898 1971 53 31 they
981 1980 50 15 now
1061 1974 87 23 remain.
1210 1974 51 24 The

684 2001 106 31 Neptune
802 2003 138 31 steam-ship
957 2004 41 24 left
1027 2006 98 30 .arabiirg
1136 2014 30 16 on
1180 2007 81 23 Satur-

683 2033 42 32 day
734 2044 6 19 ;
760 2035 46 24 and
817 2044 30 15 on
859 2037 38 23 the
916 2037 117 32 following
1051 2040 97 30 morning
1167 2045 23 18 at
1208 2041 53 22 nine

683 2067 39 24 she
741 2068 39 23 fell
800 2070 23 23 in
842 2070 53 23 with
914 2070 38 23 the
977 2071 87 23 Severn
1086 2072 19 23 in
1122 2080 14 16 a
1160 2077 58 19 state
1238 2075 23 21 of

683 2101 102 30 distress,
804 2101 85 32 having
907 2108 48 19 met
973 2104 55 23 with
1046 2105 86 31 damage
1151 2105 85 33 during
1249 2115 13 15 a

682 2134 59 30 gale.
778 2135 50 24 The
851 2136 104 31 Neptune
974 2143 60 17 went
1053 2143 22 18 to
1090 2139 34 23 the
1136 2140 125 23 assistance

684 2167 24 23 of
724 2168 38 23 the
784 2169 86 23 Severn
882 2178 5 20 ;
915 2170 44 23 and
981 2171 58 23 after
1063 2171 73 32 taking
1159 2178 39 18 out
1220 2173 41 23 her

683 2209 135 23 passengers
841 2202 44 23 and
905 2203 64 24 those
993 2205 25 22 of
1038 2205 39 23 the
1098 2205 113 25 Countess
1240 2207 24 23 of

684 2234 113 24 Lonsdale
814 2236 44 22 and
879 2236 37 24 the
936 2237 147 29 Caledonian,
1096 2239 124 30 proceeded
1240 2244 21 19 to

685 2267 112 30 London;
835 2269 74 24 where
938 2270 41 23 she
1009 2271 83 24 arriveil
1114 2280 29 15 on
1167 2273 94 32 Sunday

683 2303 112 30 morning,
814 2303 59 23 after
884 2312 14 14 a
917 2311 55 24 very
983 2304 121 24 boisterous
1121 2314 106 24 passage.

682 2334 62 25 Ibid.

718 2368 34 31 By
775 2376 13 15 a
811 2368 179 33 Parliamentary
1013 2375 74 20 return
1112 2372 68 23 dated
1207 2373 54 24 13th

682 2402 54 30 July
761 2404 72 27 1840,
858 2403 19 22 it
898 2411 96 24 appears
1017 2404 49 23 that
1087 2405 31 24 the
1146 2406 117 31 following

683 2436 82 24 Crown
783 2435 66 24 lands
874 2435 57 25 have
950 2437 55 23 been
1032 2438 49 23 sold
1096 2439 21 22 in
1143 2439 120 24 Australia

682 2469 57 23 from
755 2470 60 23 1831
838 2474 22 18 to
882 2472 98 22 1833
981 2470 28 23 1n
1030 2471 55 24 New
1097 2472 74 24 South
1185 2473 76 23 Wales

685 2503 131 28 1,489,313
853 2510 63 16 acres
953 2503 56 24 have
1046 2505 49 24 been
1129 2506 58 29 sold,
1218 2506 44 23 and

682 2536 127 27 528,154/.
822 2536 42 23 has
878 2537 54 23 been
945 2537 102 24 received
1066 2547 22 14 as
1096 2538 36 24 the
1150 2540 111 30 purchase

682 2577 80 22 money
773 2578 6 19 ;
806 2572 109 25 405,036
934 2578 64 16 acres
1017 2571 57 24 have
1089 2572 54 23 been
1166 2573 95 30 granted

682 2602 95 23 without
794 2602 55 28 sale,
869 2603 44 24 and
929 2606 150 27 18,000,000
1089 2613 60 16 acres
1168 2606 26 23 of
1211 2606 50 23 wild

682 2635 52 24 land
747 2637 88 22 remain
854 2636 135 31 ungranted.
1028 2637 28 25 In
1077 2639 43 24 Van
1141 2639 120 24 Dieman's

682 2668 67 24 Land
772 2671 109 27 239,207
900 2678 63 16 awes
986 2670 57 25 have
1067 2672 51 23 been
1139 2672 59 30 sold,
1217 2673 45 23 and

686 2702 123 29 104,306/.
823 2703 42 23 has
877 2703 56 24 been
952 2705 103 23 received
1072 2714 19 15 as
1102 2705 37 24 the
1149 2706 112 32 purchase

683 2743 79 23 money
772 2745 6 19 ;
807 2738 108 26 354,745
938 2745 63 16 acres
1021 2738 58 24 have
1091 2739 54 23 been
1166 2740 96 31 granted

682 2769 96 23 without
795 2769 56 29 sale,
871 2770 44 23 and
938 2773 148 25 12,090,476
1093 2780 63 16 acres
1176 2773 26 22 of
1210 2773 53 24 wid

680 2802 53 23 land
752 2803 87 22 remain
857 2804 135 30 ungranted.
1031 2805 28 23 In
1080 2805 99 24 Western
1197 2806 65 24 Aus-

682 2836 66 22 tralia
771 2837 90 26 22,327
886 2844 64 16 acres
978 2837 57 24 have
1063 2838 49 24 been
1135 2839 59 30 sold,
1218 2839 44 24 and

682 2867 92 29 2,194/.
795 2868 41 23 has
850 2869 63 23 .been
931 2871 103 23 received
1053 2879 25 16 as
1094 2872 37 23 the
1150 2872 111 31 purchase

682 2909 80 23 money
772 2910 6 20 ;
804 2903 109 27 723,692
933 2911 64 15 acres
1017 2903 58 25 have
1089 2905 54 24 been
1166 2907 96 29 granted

682 2934 95 23 without
794 2935 48 24 sale
853 2943 5 16 :
878 2935 37 24 the
934 2937 104 31 quantity
1058 2938 25 23 of
1091 2938 50 24 wild
1159 2939 54 24 land
1225 2947 36 16 re-

681 2968 102 31 maining
795 2969 126 30 ungranted
940 2969 40 24 has
994 2975 40 19 not
1050 2971 51 24 been
1112 2973 148 23 ascertained.

684 3001 28 24 In
724 3001 73 24 South
809 3003 120 23 Australia
947 3006 104 26 151,611
1066 3013 56 16 acres
1133 3006 59 24 have
1204 3006 57 24 been

682 3034 56 29 sold,
758 3035 45 24 and
822 3036 128 28 259,197/.
971 3037 42 23 has
1035 3038 54 23 been
1104 3039 104 24 received
1227 3039 34 24 for

680 3068 112 31 purchase
804 3076 90 24 money.
932 3070 36 23 No
985 3070 54 24 land
1051 3070 38 25 has
1098 3072 56 23 been
1166 3072 96 31 granted

681 3101 95 24 without
794 3102 56 29 sale,
863 3103 44 23 and
926 3103 37 23 the
983 3105 103 31 quantity
1100 3105 25 23 of
1141 3106 53 23 wild
1208 3105 53 24 land

681 3136 127 30 remaining
830 3136 128 30 ungranted
978 3136 42 24 has
1043 3143 40 18 not
1098 3138 57 24 been
1185 3147 76 16 ascer-

680 3168 84 24 tained.
801 3168 52 24 The
871 3170 55 22 total
943 3170 35 23 for
997 3171 38 23 the
1053 3172 128 24 Australian
1199 3173 62 23 colo-

680 3202 56 28 nies,
749 3202 121 28 therefore,
883 3203 78 23 stands
969 3203 54 24 thus
1062 3206 123 28 1,902,458
1197 3213 64 16 acres

680 3235 57 23 have
760 3235 58 24 been
842 3236 65 28 sold;
933 3236 128 29 893,851/.
1085 3237 34 25 lias
1143 3239 57 23 been
1224 3246 36 16 re-

680 3268 77 24 ceived
769 3277 25 15 as
804 3269 113 31 purchase
934 3277 99 25 money;
1056 3273 125 27 1,486,473
1197 3279 64 16 acres

680 3301 57 23 have
756 3302 57 23 been
833 3302 96 31 granted
948 3303 96 24 without
1062 3304 48 29 sale,
1119 3305 47 23 and
1181 3306 21 22 in
1222 3305 38 23 the

681 3340 43 18 two
737 3335 107 24 Colonies
856 3336 26 23 of
898 3336 58 23 New
974 3337 75 24 South
1150 3338 45 24 and
1207 3338 54 24 Van

679 3368 120 24 Diemen's
818 3368 68 24 Land
907 3371 153 28 33,088,476
1083 3378 55 18 acres
1163 3372 25 23 of
1209 3371 52 24 wild

680 3401 53 24 land
755 3402 87 23 remain
865 3403 137 30 ungranted.
1045 3403 46 25 The
1112 3410 91 19 returns
1223 3412 37 16 re-

680 3435 104 31 specting
806 3435 39 23 the
868 3436 82 31 colony
972 3441 24 19 at
1013 3437 39 24 the
1072 3437 54 32 Cape
1144 3446 39 16 are
1206 3445 55 24 very

679 3468 119 24 defective.
823 3468 25 24 It
859 3477 103 23 appears,
975 3470 111 29 however,
1092 3471 47 24 that
1147 3471 112 29 25,481/.

679 3501 41 24 has
733 3502 59 23 been
804 3502 103 24 received
926 3503 35 24 for
980 3504 41 23 the
1040 3504 104 31 purchase
1155 3504 27 24 of
1197 3504 63 29 land,

679 3535 49 23 that
750 3537 153 27 23,088,533
926 3544 65 16 acres
1013 3537 25 24 of
1059 3537 46 24 wild
1125 3537 56 24 land
1202 3538 58 23 have

680 3568 56 24 been
754 3569 97 30 granted
870 3569 94 24 without
982 3570 56 29 sale,
1059 3570 38 24 and
1118 3571 52 23 that
1192 3571 69 23 about

679 3603 152 28 34,000,000
851 3610 63 17 acres
933 3603 26 24 of
974 3603 54 24 wild
1045 3603 48 25 land
1110 3604 87 24 remain
1216 3611 44 17 un-

677 3635 105 30 granted.
816 3635 65 25 Ibid.
1262 3640 4 10 *

712 3667 179 26 Emigration.
929 3669 92 30 During
1044 3670 39 23 the
1099 3678 54 22 year
1184 3671 75 27 1839,

677 3701 120 31 sixty-two
815 3700 121 31 thousand,
950 3707 44 19 two
1013 3702 97 25 hundred
1126 3703 47 23 and
1190 3711 71 15 seven

677 3734 124 31 emigrants
819 3735 58 24 have
894 3735 125 24 embarked
1037 3735 54 25 from
1109 3736 38 24 the
1169 3737 91 22 various

677 3771 63 26 ports
761 3768 27 23 of
807 3767 40 24 the
872 3768 87 24 United
981 3768 121 31 Kingdom.
1137 3768 38 24 Of
1196 3769 64 23 these

677 3801 123 29 emigrants
807 3799 59 25 have
872 3801 127 31 proceeded
1006 3806 22 19 to
1036 3801 39 24 the
1084 3801 82 25 United
1174 3802 86 29 States,

677 3832 146 31 thirty-three
837 3833 120 29 thousand,
968 3834 46 23 five
1021 3834 94 24 hundred
1123 3834 46 24 and
1176 3834 84 31 thirty-

676 3865 36 23 six
721 3873 6 20 ;
758 3869 23 19 to
800 3865 39 24 the
859 3866 62 31 Cape
933 3866 26 24 of
974 3866 68 24 Good
1054 3866 70 33 Hope,
1143 3872 44 19 two
1199 3867 61 25 hun-

675 3897 55 24 dred
741 3898 45 23 and
798 3902 168 28 twenty-seven
974 3907 7 21 ;
1002 3903 23 20 to
1034 3899 99 25 Western
1139 3900 122 26 Australia

675 3930 45 24 and
729 3931 68 24 Swan
806 3931 80 30 River,
899 3935 44 22 two
950 3932 104 26 hundred
1061 3933 39 25 and
1107 3934 138 32 sixty-eight
1253 3944 7 21 ;
