2540 4010
1892 1751 94 60 New
2017 1751 218 60 Zealand
2266 1751 218 60 Gazette

1942 1811 67 23 AND
2024 1812 212 25 WELLINGTON
2251 1816 185 25 SPECTATOR.

1981 1865 158 30 Wednesday,
2159 1869 111 22 January
2290 1872 34 25 19,
2340 1872 60 21 1842.

1934 1922 39 24 On
1991 1923 38 24 the
2051 1924 58 24 10th
2128 1924 24 25 of
2167 1925 135 31 September
2319 1927 52 29 last,
2383 1928 40 24 the
2441 1929 45 24 fol-

1898 1955 85 31 lowing
1999 1957 74 23 notice
2095 1966 46 15 was
2156 1958 77 24 issued
2251 1960 32 30 by
2299 1960 39 23 the
2357 1961 128 31 Governor,
2499 1964 4 5 '

1899 1989 45 22 and
1954 1989 121 30 published
2087 1990 25 22 in
2124 1991 44 22 this
2185 1990 94 32 journal
2291 1994 26 21 of
2331 1994 38 21 the
2386 1995 44 30 day
2442 1996 44 22 fol-
2503 1994 2 6 '

1899 2020 92 31 lowing.

2042 2053 145 28 Wellington,
2204 2055 129 28 September
2347 2058 32 26 10,
2396 2060 60 21 1841.

1927 2086 80 23 Notice
2016 2087 19 22 is
2044 2087 85 28 hereby
2142 2088 74 28 given,
2227 2089 48 22 that
2291 2090 29 22 all
2330 2098 90 19 persons
2435 2093 49 23 who

1900 2112 57 23 have
1972 2113 57 22 built
2039 2114 80 22 houses
2133 2122 69 20 upon,
2212 2123 25 14 or
2251 2124 87 20 occupy
2347 2125 45 20 any
2407 2119 79 24 Public

1901 2140 108 22 Reserves
2022 2148 24 14 or
2056 2148 46 20 any
2115 2141 97 23 Reserve
2222 2143 34 21 for
2271 2143 37 22 the
2318 2144 84 23 benefit
2410 2147 26 21 of
2447 2147 39 23 the

1901 2166 100 28 Natives,
2019 2175 39 14 are
2076 2168 105 28 required
2196 2172 23 19 to
2237 2170 64 22 leave
2379 2173 61 27 yield
2454 2182 31 21 up

1901 2194 124 27 possession
2036 2194 27 22 of
2073 2195 39 22 the
2122 2203 68 20 same,
2200 2197 78 22 -within
2289 2204 42 16 one
2341 2200 78 22 month
2429 2201 58 22 after

1901 2222 38 21 the
1949 2222 52 21 date
2010 2221 84 27 hereof,
2110 2223 76 22 unless
2195 2223 100 23 licensed
2305 2228 22 18 to
2336 2227 85 22 remain
2430 2228 35 22 for
2473 2236 13 14 a

1901 2249 78 27 longer
1994 2249 78 27 period
2084 2250 33 27 by
2134 2250 37 22 the
2186 2250 75 22 Police
2275 2251 131 28 Magistrate
2413 2262 6 19 ;
2440 2255 45 22 and

1902 2276 48 21 that
1958 2276 25 21 in
1992 2276 38 21 the
2041 2281 68 17 event
2119 2277 26 21 of
2151 2277 58 22 their
2217 2277 129 29 neglecting
2353 2287 25 15 or
2386 2281 101 28 refusing

1903 2310 24 14 so
1937 2307 22 17 to
1969 2303 35 27 do,
2015 2303 38 21 the
2065 2303 75 22 Police
2150 2304 130 27 Magistrate
2291 2305 39 22 has
2343 2307 144 24 instructions

1902 2333 23 19 to
1935 2330 57 27 eject
2000 2330 63 22 them
2072 2330 59 22 from
2141 2330 37 22 the
2187 2331 88 27 ground
2284 2332 53 28 they
2344 2341 25 14 so
2378 2342 92 21 occupy.

1930 2356 55 22 And
2002 2358 31 19 all
2047 2364 94 20 persons
2158 2364 38 16 are
2214 2359 91 22 warned
2322 2363 41 19 not
2379 2364 22 19 to
2421 2363 65 28 clear,

1902 2384 72 26 fence,
1993 2391 23 14 or
2032 2384 114 27 cultivate,
2164 2392 26 14 or
2204 2385 64 22 build
2286 2386 24 22 in
2326 2394 25 15 or
2366 2395 60 20 upon
2442 2396 45 21 any

1902 2411 88 26 portion
2000 2411 25 21 of
2032 2410 38 22 the
2077 2411 48 22 belt
2134 2411 26 22 of
2165 2413 105 21 reserved
2275 2412 55 24 land
2339 2417 148 27 surrounding

1903 2437 36 21 the
1950 2441 66 17 town.

2064 2464 36 27 By
2113 2464 35 23 his
2163 2465 156 29 Excellency's
2335 2469 125 28 command,

2089 2492 45 26 (for
2144 2491 37 23 the
2197 2493 101 23 Colonial
2308 2495 125 28 Secretary)

1983 2518 102 23 Edward
2098 2519 147 28 Shoktland,
2261 2521 89 23 Private
2364 2523 122 27 Secretary.

1937 2553 39 24 On
1985 2554 38 24 the
2037 2554 48 24 2nd
2096 2554 109 31 October,
2218 2563 33 17 we
2261 2557 122 30 published
2393 2559 96 25 another

1904 2587 82 24 official
2005 2587 129 30 document,
2153 2588 115 32 declaring
2284 2592 86 22 certain
2386 2594 103 29 portions

1904 2620 26 23 of
1942 2620 55 24 land
2014 2625 23 19 to
2055 2621 29 24 be
2101 2622 108 23 reserved
2226 2622 36 24 for
2282 2624 78 30 public
2370 2632 119 25 purposes,

1904 2653 44 24 and
1960 2654 136 31 concluding
2100 2655 62 23 rwith
2173 2655 39 23 the
2223 2655 118 31 following
2352 2659 73 23 notice
2426 2672 35 4 —

1931 2691 47 23 The
1986 2692 118 22 Governor
2113 2693 87 23 further
2209 2693 81 23 directs
2298 2695 17 21 it
2324 2699 23 18 to
2354 2697 28 21 be
2389 2697 101 29 notified,

1904 2718 48 22 that
1966 2726 45 20 any
2019 2726 81 20 person
2116 2720 88 27 cutting
2212 2720 82 23 timber
2308 2729 24 15 or
2341 2723 105 23 firewood
2462 2732 29 15 on

1905 2746 37 21 the
1959 2752 106 21 reserves,
2082 2747 47 21 and
2145 2749 108 26 especially
2270 2755 28 15 on
2314 2751 35 19 the
2365 2751 41 21 belt
2421 2752 69 21 which

1903 2773 116 21 surrounds
2031 2773 35 21 the
2080 2776 56 18 town
2149 2775 28 26 of
2190 2776 130 27 Wellington,
2336 2778 45 21 will
2396 2778 27 22 Be
2440 2786 51 21 pro-

1905 2800 84 22 ceeded
1998 2801 87 26 against
2098 2802 121 27 according
2228 2806 21 18 to
2264 2805 50 20 law.
2334 2814 4 3 ■

2066 2827 35 28 By
2116 2827 35 23 his
2165 2829 155 29 Excellency's
2338 2832 126 28 command,

2091 2855 45 26 (for
2145 2855 38 23 the
2193 2853 102 26 Colonial
2303 2859 133 28 Secretary.)

2000 2881 101 23 Edward
2112 2882 146 29 Shortland,
2269 2884 89 23 Private
2367 2886 125 29 Secretary.

2012 2918 75 24 notice
2103 2926 49 16 was
2169 2920 106 31 repeated
2293 2921 26 23 in
2336 2921 39 24 the
2397 2923 63 24 16th.
2471 2924 25 23 of

1906 2949 108 30 October,
2025 2951 26 23 in
2061 2952 112 31 precisely
2185 2953 87 24 similar
2280 2957 80 22 terms.
2399 2957 2 5 '

1927 2991 3 3 •
1939 2982 66 31 Now,
2018 2984 17 23 it
2047 2985 20 22 is
2082 2993 14 15 a
2105 2985 49 24 fact
2165 2986 50 23 that
2230 2987 37 23 the
2286 2986 92 31 mWris,
2390 2989 25 24 in
2432 2994 62 20 utter

1901 3015 122 33 -disregard
2034 3017 25 23 of
2073 3018 39 23 the
2127 3019 122 31 published
2353 3022 25 23 of
2392 3022 39 24 the
2443 3024 50 23 Go-

1905 3057 89 22 vernor,
2007 3050 38 24 did
2056 3059 64 16 some
2131 3052 64 24 three
2212 3053 94 25 months
2324 3062 42 24 ago
2379 3055 40 24 fell
2430 3057 64 31 large

1906 3084 121 29 quantities
2038 3084 27 23 of
2078 3088 69 26 trees,
2160 3086 45 25 and
2216 3094 44 20 ,are
2278 3095 51 16 now
2340 3088 119 32 employed
2469 3092 25 22 in

1905 3116 99 32 burning
2014 3117 61 24 them
2089 3118 33 24 off
2125 3121 2 7 1
2135 3119 40 24 the
2194 3117 97 34 ground.
2326 3115 40 31 An
2383 3123 111 24 immense

1905 3150 95 24 number
2014 3151 29 24 -of
2066 3155 61 20 trees
2146 3157 42 20 not
2205 3158 39 19 cut
2268 3154 66 24 down
2358 3154 58 25 have
2434 3156 60 24 been

1905 3182 125 26 blackened
2050 3185 45 23 and
2112 3186 104 31 blighted
2233 3187 30 31 by
2277 3187 39 23 the
2334 3188 80 24 smoke
2422 3197 8 21 ;
2450 3190 45 24 and

1905 3217 78 24 unless
1995 3226 14 15 a
2019 3222 51 28 stop
2085 3219 21 23 is
2116 3224 45 26 put
2178 3224 24 19 to
2214 3220 58 23 their
2285 3220 157 33 proceedings,
2455 3223 39 23 the

1905 3252 83 26 ma,oris
2007 3252 46 23 will
2065 3253 104 23 .succeed
2184 3253 27 23 in
2228 3248 145 37 converting.'
2376 3254 39 24 the
2434 3256 63 25 chief

1905 3283 83 32 beauty
2000 3285 26 23 of
2040 3293 41 16 our
2092 3290 61 19 town
2168 3286 48 23 into
2227 3290 15 19 a'
2251 3294 63 15 mass
2332 3287 25 24 of
2372 3288 121 32 cheerless,

1906 3318 99 29 stunted,
2018 3318 76 24 naked
2106 3319 143 24 barrenness.
2286 3320 76 24 There
2369 3321 21 23 is
2400 3321 42 25 but
2452 3331 41 16 one

1905 3351 85 31 feeling
2002 3352 25 23 of
2040 3360 85 15 sorrow
2143 3352 45 23 and
2195 3363 3 5 •
2207 3360 70 23 anger
2297 3361 31 16 on
2341 3354 47 23 this
2406 3356 89 31 subject

1906 3392 99 24 among.t
2008 3385 39 23 he
2067 3385 92 23 settlers
2169 3394 7 19 ;
2203 3386 46 23 and
2258 3407 4 3 .
2269 3386 85 24 unless'
2366 3393 73 19 secret
2449 3390 45 23 'in-

1906 3419 124 22 structions
2045 3426 61 15 were
2122 3418 80 23 issued
2221 3423 24 18 to
2265 3419 39 24 the
2323 3420 70 25 Chief
2414 3422 80 25 Police

1907 3450 137 31 Magistrate
2054 3451 47 23 and
2116 3451 41 23 the
2177 3451 120 25 Protector
2317 3453 25 24 of
2355 3454 139 33 Aborigines

1906 3488 75 21 notrto
1992 3485 97 22 restrain
2101 3484 39 23 the
2151 3485 89 24 natives
2250 3485 69 33 /rom
2332 3487 65 24 .their
2414 3496 80 17 accus-

1907 3517 76 23 tomed
1999 3517 64 23 work
2082 3517 26 23 of
2122 3517 148 30 destruction,
2282 3520 66 23 those
2366 3525 44 20 two
2427 3522 67 24 func-

1908 3551 107 23 tionaries
2026 3554 61 20 must
2098 3550 66 24 share
2172 3551 38 23 the
2221 3551 75 24 blame
2306 3552 103 26 between
2417 3555 63 24 them
2487 3565 7 20 ;

1908 3583 35 24 for
1962 3583 63 24 there
2041 3591 46 16 was
2099 3591 39 18 no,
2150 3587 98 29 attempt
2265 3589 24 19 at
2306 3594 93 25 secrecy
2409 3596 30 16 on
2457 3589 38 24 the

1908 3621 53 26 part
1978 3617 25 23 of
2018 3616 37 27 the
2072 3617 107 29 maories,
2192 3618 45 23 arid
2256 3617 147 27 information
2419 3622 26 23 of
2458 3622 38 24 the

1910 3650 87 30 cutting
2019 3649 66 24 down
2108 3655 150 27 preparatory
2279 3655 24 20 to
2327 3655 98 31 burning
2450 3663 46 16 was

1909 3683 68 30 given
1993 3687 24 19 to
2036 3682 38 24 the
2092 3683 75 31 police
2186 3683 64 25 three
2266 3687 93 22 months
2378 3695 51 24 ago.
2473 3688 26 24 If

1910 3723 44 23 any
1965 3723 117 16 measures
2092 3723 59 17 were
2162 3717 71 24 taken
2250 3722 23 19 to
2294 3720 90 24 enforce
2396 3721 37 24 the
2444 3721 51 30 law,

1909 3748 65 23 those
1986 3756 115 16 measures
2115 3757 59 17 were
2185 3751 129 24 ineffectual
2322 3761 7 21 ;
2347 3753 43 24 but
2400 3761 33 17 we
2444 3763 52 15 sus-

1901 3785 62 27 ■pect
1972 3781 50 24 that
2032 3789 59 16 none
2103 3789 59 17 were
2178 3784 170 32 even'thought
2368 3787 30 29 of,
2411 3788 35 23 till
2458 3788 38 24 the

1910 3814 54 24 fires
1973 3822 60 16 were
2044 3822 54 16 seen
2119 3816 93 32 blazing
2230 3818 26 23 in
2272 3819 91 23 various
2374 3819 121 31 directipns

1911 3855 30 16 on
1969 3848 37 23 the
2032 3848 78 31 public
2136 3857 111 22 reserves,
2276 3850 45 25 and
2348 3852 149 26 interference

1910 3880 92 24 became
2014 3881 83 24 almost
2108 3883 96 25 useless.
2242 3884 68 24 Have
2329 3892 45 24 any
2388 3887 108 30 proceed-

1911 3914 52 32 ings
1974 3914 58 24 been
2043 3916 62 23 since
2117 3916 71 24 taken
2204 3918 91 30 against
2305 3917 39 24 the
2355 3920 107 24 violators
2473 3920 26 24 of

1911 3948 39 24 the
1956 3948 50 30 law,
2017 3948 25 24 in
2049 3956 128 23 pursuance
2185 3950 24 24 of
2214 3951 38 24 the
2261 3951 138 26 Governor's
2407 3954 72 24 notice
2484 3955 11 24 ?

521 56 101 30 THE
641 57 108 29 NEW
762 57 231 29 ZEALAND
1015 54 224 32 GAZETTE
1257 54 101 31 AND
1381 51 327 34 WELLINGTON
1731 51 294 33 SPECTATOR.

1951 136 172 24 SHIPPING
2141 137 287 26 INTELLIGENCE.

2085 182 17 28 f
2113 189 134 21 ARRIVED,

1920 213 51 20 Last
1981 214 70 26 night,
2062 216 103 21 schooner
2285 219 54 21 from
2350 220 94 25 Sydney..

2130 264 114 22 SAILED.

2151 292 70 19 None.

2119 336 34 20 IN
2167 338 84 22 PORT.

1946 359 84 27 Barque
2042 362 63 24 Tyne,
2117 363 128 23 Robertson.

2037 390 125 26 Middlesex,
2171 392 94 22 Salmon.

1949 414 76 21 Cutter
2037 417 116 23 Pickwick,
2164 419 112 24 Williams.

1949 441 51 27 Ship
2010 443 122 26 Mandarin,
2143 446 71 21 Yuile.

1948 468 108 22 Schooner
2064 472 77 25 Fidele,
2154 473 95 22 Salvator
2258 475 95 21 Cemino.

1949 496 108 21 Schooner
2070 498 55 25 Gem,
2136 499 83 23 Pearce.

2073 526 82 26 Henry,
2166 528 119 26 Daymond.
2302 548 4 4 .

2072 553 56 26 Ann,
2139 554 99 26 Higgins.

2029 590 3 4 ■
2032 590 28 5 —
2073 580 59 20 Look
2143 581 29 25 in,
2184 582 89 21 Cannon

2036 618 25 3 —
2075 607 101 20 Hannah.

1517 134 107 24 Bricks,

1277 168 88 48 FOR
1382 168 84 26 SALE,
1478 171 28 24 at,
1516 169 46 21 60s.
1580 175 41 20 per
1636 165 119 23 thousand.
1788 166 77 31 Apply

1337 198 21 18 to
1376 195 22 21 J.
1416 194 94 27 Pimble,
1521 198 24 18 at
1558 194 39 22 the
1614 193 169 29 Sydney-street
1797 191 69 23 Brick

1277 221 45 22 and
1331 221 49 22 Tile
1397 221 88 26 Works,
1496 225 23 17 at
1529 221 38 21 the
1583 228 50 14 rear
1642 220 26 20 of
1680 219 92 22 Colonel
1785 218 80 22 Wake-

1468 247 73 22 field's
1554 247 122 22 residence.

1344 281 161 22 Terms-»-cash
1517 288 29 15 on
1558 280 99 26 delivery
1666 282 23 19 at
1699 278 37 23 the
1746 278 54 22 kiln.

1447 334 66 20 Fort
1529 332 31 21 of
1576 332 124 21 London.

1331 367 88 22 Notice
1439 374 29 14 to
1487 374 45 14 the
1555 366 93 22 Public.
1649 376 28 4 —
1677 364 123 23 Travellers
1820 364 46 22 and

1279 393 73 22 others
1362 393 50 22 who
1421 393 56 22 send
1489 397 106 23 baggage^
1605 392 72 22 works
1687 392 25 21 of
1722 396 41 22 art,
1771 399 24 13 or
1802 391 64 21 other

1279 420 65 22 value
1353 424 106 23 property
1468 423 22 18 to
1500 419 112 27 England,
1631 418 80 23 should
1725 418 91 26 consign
1827 417 38 22 the

1278 447 110 27 packages
1399 449 22 19 to
1431 445 39 23 the
1480 454 50 14 care
1537 446 27 21 of
1570 454 13 13 a
1589 445 100 22 licensed
1695 445 170 21 Custom-house

1278 476 75 24 agent,
1369 480 24 14 as
1410 472 88 22 articles
1513 480 38 14 are
1567 471 127 28 frequently
1708 471 94 27 injured,
1821 470 45 22 and

1278 499 101 22 needless
1390 506 98 20 expense
1503 499 111 27 incurred,
1631 499 35 21 for
1681 497 38 22 the
1733 501 61 18 want
1810 497 25 22 of
1853 504 14 14 a

1279 533 79 20 proper
1367 532 82 21 person
1460 529 23 18 to
1493 526 52 20 take
1555 526 81 26 charge
1646 525 25 21 of
1687 524 61 22 them
1764 531 28 14 on
1808 524 58 21 their

1280 552 85 26 arrival,
1377 552 45 22 and
1432 560 37 14 see
1484 552 62 21 them
1564 550 97 28 entered,
1679 550 123 28 examined,
1821 550 44 21 and

1280 579 108 27 carefully
1402 578 117 28 repacked.
1555 578 48 22 The
1623 578 78 26 charge
1718 577 19 22 is
1751 577 38 22 the
1804 584 61 15 same

1280 606 98 21 whether
1387 613 25 13 so
1422 604 123 28 consigned
1555 612 25 14 or

1511 639 119 26 Chamber,
1642 637 101 28 London,

1281 698 140 50 DEVOY
1430 698 46 22 and
1485 698 53 28 CO.,
1553 700 46 19 who
1613 706 37 14 are
1666 699 34 20 the
1715 698 151 21 LICENSED

1360 726 125 20 AGENTS
1494 726 27 25 of
1529 727 49 20 Her
1584 727 91 26 Majesty
1677 727 5 10 1
1684 733 11 13 s
1703 727 163 19 Commissioners

1280 753 27 25 of
1319 753 98 25 Customs,
1428 753 43 21 and
1484 753 67 21 under
1560 754 64 25 heavy
1632 753 63 21 bonds
1701 753 42 25 for
1753 753 35 20 the
1797 753 69 25 safety

1280 780 27 25 of
1311 783 104 23 property
1431 781 111 25 consigned
1556 783 21 18 to
1593 782 62 24 them,
1675 780 43 27 beg
1736 780 62 21 those
1816 779 49 21 who

1280 807 56 21 send
1345 807 111 27 packages
1466 811 22 17 to
1499 807 58 22 their
1567 814 57 21 care,
1639 811 22 18 to
1671 814 36 14 see
1718 806 47 22 that
1774 806 54 22 each
1837 806 28 21 be

1280 833 114 27 distinctly
1412 833 95 23 marked
1553 834 81 22 Devoy
1652 833 46 23 and
1717 833 46 27 Co.,
1782 832 84 22 Lower

1279 860 201 27 Thames-street,
1622 860 44 23 and
1670 859 37 23 the
1713 860 40 21 bill
1759 859 26 22 of
1790 858 76 28 lading

1280 894 26 14 or
1319 888 85 26 receipt
1417 887 126 22 forwarded
1560 891 23 18 to
1602 887 61 23 them
1681 886 69 22 direct
1765 886 30 26 by
1807 889 57 24 post,

1280 913 54 21 with
1341 913 145 23 instructions
1496 913 50 23 how
1557 914 55 22 such
1621 913 69 29 goods
1700 920 36 14 are
1746 916 22 18 to
1779 912 28 22 be
1823 912 43 22 dis-

1280 940 69 26 posed
1359 940 24 22 of
1395 948 29 14 on
1433 941 80 22 arrival
1522 949 5 18 ;
1544 941 46 21 and
1596 949 25 14 as
1629 947 66 20 every
1702 939 98 28 package
1807 942 59 18 must

1279 967 29 21 be
1325 966 86 28 opened
1432 971 24 17 at
1473 967 38 21 the
1529 967 178 25 Custom-house,
1725 966 21 21 if
1766 973 44 20 any
1828 973 37 14 are

1280 993 86 27 locked,
1377 993 39 22 the
1425 994 55 26 keys
1489 994 81 22 should
1579 995 28 21 be
1617 993 130 23 forwarded.

1308 1027 76 22 Goods
1394 1027 45 22 and
1448 1028 110 26 packages
1568 1035 37 15 are
1615 1026 123 24 forwarded
1746 1027 31 27 by
1786 1026 80 26 Devoy

1280 1053 46 22 and
1336 1054 37 21 Co.
1384 1056 23 19 to
1418 1053 30 22 all
1461 1058 61 23 parts
1535 1055 27 21 of
1574 1055 37 22 the
1629 1054 126 26 Continent,
1767 1053 36 21 the
1813 1053 54 22 East

1280 1080 45 21 and
1336 1080 61 22 West
1406 1080 83 27 Indies,
1499 1081 110 27 Colonies,
1621 1082 38 21 &c.
1671 1080 40 22 &c.
1720 1088 6 19 ;
1738 1079 51 27 and,
1800 1079 19 22 if
1831 1086 35 15 re-

1280 1107 85 27 quired,
1377 1110 51 19 sent
1442 1112 22 17 to
1475 1107 38 22 the
1524 1115 52 14 care
1591 1108 26 21 of
1628 1107 135 28 responsible
1778 1107 88 26 houses,

1280 1133 50 22 who
1345 1133 45 22 will
1406 1141 36 14 see
1460 1134 37 21 the
1514 1134 144 23 instructions
1673 1137 51 18 sent
1738 1133 52 22 with
1805 1133 62 21 them

1280 1160 132 27 punctually
1423 1161 106 21 attended
1539 1164 30 19 to.

1308 1193 38 21 All
1357 1193 69 27 goods
1436 1194 46 21 and
1490 1194 110 27 packages
1609 1194 36 22 for
1654 1193 111 27 shipment
1771 1195 59 19 must
1838 1192 29 22 be

1280 1220 160 28 accompanied
1450 1221 32 27 by
1497 1221 88 21 written
1599 1220 150 26 instructions,
1760 1219 53 22 with
1829 1219 38 22 the

1280 1254 66 14 name
1357 1247 44 21 and
1411 1247 91 22 address
1511 1248 26 20 of
1550 1248 38 21 the
1598 1248 81 26 parties
1687 1246 30 27 by
1728 1246 72 22 whom
1814 1246 54 26 they

1280 1281 38 13 are
1332 1277 56 24 sent,
1405 1274 45 21 and
1466 1274 38 21 the
1519 1277 103 19 contents
1635 1273 44 22 and
1694 1272 66 22 value
1776 1272 25 22 of
1814 1273 55 21 each

1279 1300 100 27 package
1390 1300 79 22 stated.
1497 1301 48 21 The
1562 1301 55 27 duty
1627 1300 109 22 outwards
1748 1299 20 22 is
1777 1301 43 20 10*.
1828 1306 41 20 per

1280 1327 63 22 jglOO
1357 1327 73 21 value.
1468 1327 49 22 The
1531 1331 49 18 rate
1597 1328 26 21 of
1635 1328 117 21 insurance
1770 1326 98 27 depends

1280 1361 62 19 upon
1352 1354 182 22 circumstances.
1563 1354 44 22 For
1624 1353 86 23 further
1724 1352 144 23 information

1280 1380 68 27 apply
1372 1384 23 18 to
1419 1381 45 21 Mr.
1485 1381 92 22 Samuel
1604 1381 100 26 Revans,
1723 1379 145 27 Wellington,

1280 1407 55 21 Port
1344 1407 133 22 Nicholson.

1459 1460 128 20 Juvenile
1598 1460 99 20 Books.

1384 1492 133 28 OPENED,
1529 1493 45 21 and
1584 1500 30 15 on
1624 1493 46 21 sale
1678 1495 24 19 at
1718 1491 36 22 the
1772 1491 63 22 office
1845 1491 26 21 of
1875 1496 4 8 «

1281 1514 27 26 O
1341 1518 43 22 this
1402 1526 75 21 paper,
1498 1527 13 14 a
1529 1519 61 28 large
1607 1519 118 23 collection
1751 1518 25 22 of
1800 1517 70 23 books

1281 1545 73 22 suited
1368 1546 34 21 for
1419 1546 38 21 the
1471 1546 103 27 juvenile
1590 1546 112 22 branches
1720 1545 24 22 of
1755 1552 14 14 a
1783 1544 84 27 family,

1282 1573 122 26 consisting
1419 1573 26 21 of
1445 1584 26 4 —

1308 1606 111 22 Coloured
1430 1606 142 28 battledores,
1583 1607 36 22 3d.
1631 1606 61 27 each,

1310 1634 20 20 A
1341 1634 104 27 quantity
1459 1634 27 21 of
1497 1637 38 24 toy
1551 1634 77 27 books,
1641 1634 34 21 Id.
1694 1632 61 27 each,
1772 1632 45 22 and
1831 1632 38 22 the

1281 1659 114 28 following
1403 1660 81 28 works,
1495 1665 39 23 got
1542 1668 31 20 up
1582 1662 24 20 in
1616 1668 14 14 a
1639 1667 53 21 very
1702 1663 54 18 neat
1764 1659 56 27 style
1827 1667 4 14 :
1833 1670 28 5 —

1450 1702 46 14 ONE
1510 1702 109 15 SHILLING
1633 1701 68 16 EACH.

1309 1727 105 22 Children
1431 1728 26 22 of
1473 1728 38 22 the
1529 1728 92 28 Abbey;
1637 1729 21 25 [a
1674 1727 51 27 tale,
1743 1727 29 27 by
1783 1726 87 28 Regina

1282 1754 75 22 Maria
1364 1754 85 28 Roche,

1309 1781 93 28 History
1413 1782 26 21 of
1450 1781 64 28 Lucy
1524 1782 71 27 Clare,

1308 1808 94 28 History
1412 1809 27 21 of
1450 1808 39 22 the
1499 1808 83 27 Faries,

1308 1835 108 21 Russell's
1424 1842 69 15 seven
1503 1842 109 20 sermons,
1623 1835 51 21 fifth
1684 1834 91 27 edition,

1309 1862 48 21 TKe
1366 1862 55 22 lives
1431 1862 46 22 and
1491 1862 86 22 actions
1595 1862 25 22 of
1632 1862 39 22 the
1684 1864 60 20 most
1758 1861 113 22 notorious

1282 1888 173 28 Highwaymen,

1310 1915 50 21 Life
1375 1916 25 20 of
1410 1916 135 27 Bonaparte,

1309 1942 94 28 History
1412 1943 28 21 of
1450 1943 75 21 Baron
1536 1942 165 27 Munchausen,

1272 1972 2 24 !
1486 1983 110 15 SIXPENCE
1607 1984 68 13 EACH.

1308 2008 54 21 Two
1371 2008 74 22 sisters
1456 2008 45 22 and
1510 2008 128 28 fisherman,

1310 2035 105 21 Soloman
1432 2036 136 21 Sobersides
1579 2036 120 21 Christmas
1710 2034 54 22 tales
1772 2034 35 22 for
1817 2034 54 28 boys

1283 2062 44 21 and
1337 2062 59 27 girls,

1310 2088 91 22 Mother
1410 2089 100 22 Bunch's
1518 2090 58 26 fairy
1586 2089 64 27 tales,

1311 2115 86 28 Beauty
1409 2116 45 21 and
1464 2116 38 22 the
1512 2116 73 26 Beast,

1311 2142 94 28 History
1416 2143 26 21 of
1452 2142 58 22 little
1520 2143 65 26 Jack,

1310 2168 95 28 History
1415 2170 25 20 of
1452 2170 115 21 Robinson
1579 2170 90 27 Crusoe,

1311 2196 48 21 The
1370 2196 133 22 valentine's
1513 2197 47 27 gift,

1311 2222 94 28 History
1429 2223 27 21 of
1480 2223 96 27 Tommy
1601 2223 109 28 Playlove
1733 2222 45 22 and
1802 2222 71 26 Jacky

1286 2250 126 26 Lovebook,

1311 2276 48 22 The
1369 2276 99 28 triumph
1478 2277 26 21 of
1515 2277 58 27 good
1583 2281 87 23 nature,

1313 2304 66 26 Story
1390 2304 24 20 of
1424 2303 59 21 little
1493 2304 59 21 Dick
1562 2304 46 22 and
1617 2305 34 21 his
1661 2302 134 29 playthings,

1311 2330 49 22 The
1370 2330 134 22 adventures
1515 2330 25 21 of
1551 2330 95 28 Finetta,

1312 2356 95 28 History
1417 2357 26 21 of
1451 2357 107 22 Graciosa
1565 2357 46 22 and
1619 2357 109 26 Percinet,
1737 2363 13 15 a
1759 2356 113 28 fairytale,

1312 2384 85 20 Sinbad
1405 2384 38 20 the
1454 2384 74 24 sailor,

1311 2410 104 27 Tragedy
1424 2410 28 22 of
1463 2410 107 27 Douglas.

1468 2451 149 16 THREEPENCE
1627 2452 67 15 EACH.

1313 2477 44 22 Obi
1363 2486 6 18 ;
1384 2484 25 15 or
1419 2476 174 29 three-fingered
1604 2478 64 27 Jack,

1312 2504 57 22 Blue
1379 2504 80 27 Beard,

1313 2531 56 22 Puss
1377 2531 25 22 in
1410 2531 77 27 Boots,

1313 2558 91 22 Mother
1413 2558 117 27 Huhhard,
1542 2559 44 21 and
1595 2558 42 22 her
1645 2557 124 24 wonderful
1779 2561 40 23 cat,

1314 2584 106 28 Aladdin,
1432 2592 26 14 or
1468 2585 37 21 the
1516 2585 124 23 wonderful
1648 2586 68 27 lamp,

1315 2611 106 23 Children
1430 2611 26 22 in
1465 2611 38 23 the
1513 2612 71 27 wood,

1315 2638 59 23 Jack
1383 2638 45 22 and
1437 2639 38 21 the
1484 2639 60 22 bean
1555 2639 66 27 stalk,

1315 2665 122 23 Gulliver's
1446 2666 90 27 travels,

1315 2692 111 22 Ali.Baba
1433 2700 5 19 ;
1456 2699 24 15 or
1489 2692 38 22 the
1537 2692 61 28 forty
1607 2692 93 28 thieves,

1316 2719 84 22 Sinbad
1410 2719 37 21 the
1457 2719 73 26 sailor,

1316 2746 94 27 History
1420 2746 26 22 of
1457 2746 35 22 Sir
1502 2745 98 23 William
1611 2745 106 28 Wallace,

1316 2773 147 26 Adventures,
1470 2772 26 22 of
1506 2772 58 22 Tom
1573 2772 98 23 Thumb.

1553 2814 63 20 ALSO,

1318 2834 80 26 Gray's
1409 2833 141 27 Arithmetic,
1736 2853 5 9 N

1285 2876 3 5 .
1317 2860 78 28 Ready
1407 2860 142 27 Reckoners,-
1567 2872 3 2 ■
1577 2864 2 9 '

1316 2887 122 22 Johnson's
1448 2887 140 28 Dictionary,
1733 2896 3 3 •
1835 2893 3 4 '
1854 2890 5 7 '

1317 2914 83 21 Pocket
1410 2914 95 26 Reciter,
1511 2917 4 4 '

1317 2940 116 23 Anecdote
1450 2941 27 21 of
1487 2940 49 28 wit;
1556 2940 58 23 Irish
1629 2942 44 26 wit,
1690 2940 85 28 budget
1790 2940 26 23 of
1833 2940 43 27 wit,

1290 2968 46 22 and
1344 2974 57 20 song
1409 2967 70 22 books
1487 2968 24 21 in
1520 2972 64 22 great
1592 2968 94 27 variety.

1292 3012 73 48 ON
1382 3012 85 27 SALE,
1480 3015 23 19 at
1511 3012 39 22 the
1561 3012 71 22 Office
1644 3012 25 22 of
1677 3012 43 25 this
1731 3012 70 27 Paper
1807 3019 36 14 :—
1871 3020 4 7 -

1371 3038 90 22 Double
1480 3039 112 28 elephant,
1607 3039 150 28 antiquarian,
1767 3038 109 28 imperial,

1292 3065 45 23 and
1347 3065 65 27 royal
1421 3065 102 28 drawing
1532 3072 76 21 paper,
1687 3085 4 6 ,
1781 3069 2 5 '
1799 3083 3 4 .

1320 3092 90 26 Oblong
1419 3092 91 27 clasped
1519 3092 173 22 memorandum
1703 3091 78 28 books,
1798 3110 4 4 .
1821 3111 3 3 .

1320 3118 89 22 French
1418 3119 88 27 tracing
1594 3119 76 26 (black
1678 3119 46 22 and
1734 3118 83 28 white),

1321 3145 89 21 Ladies'
1421 3145 45 21 and
1475 3146 149 27 gentlemen's
1633 3146 54 22 card
1701 3151 70 21 cases;
1791 3146 11 12 •'

1291 3181 3 6 '
1321 3172 65 21 Ditto
1418 3191 4 4 .
1450 3172 37 22 do.
1543 3172 73 22 tinted
1625 3172 46 22 and
1680 3172 117 22 embossed
1806 3171 64 23 cards

1321 3198 108 28 Foolscap
1438 3199 47 21 and
1493 3198 88 28 writing
1590 3206 76 20 paper,
1676 3199 87 22 various
1769 3199 108 27 qualities.

1322 3226 95 26 Sponge,
1422 3238 2 13 ;
1428 3225 134 22 wafersin2
1572 3233 34 14 oz.
1621 3226 76 27 boxes,
1708 3225 71 23 .India
1790 3226 87 27 rubber,

1322 3252 71 21 Black
1412 3252 56 27 edge
1485 3252 46 22 and
1545 3252 111 24 b.ordered
1673 3253 67 21 letter
1762 3251 115 23 and'iiote

1293 3285 77 22 paper,

1323 3305 93 22 Invoice
1424 3304 78 28 books,
1514 3305 54 21 with
1576 3305 101 28 indexes,
1689 3305 89 23 various
1788 3305 62 29 sizes,

1323 3332 58 22 Cash
1390 3331 78 27 books,
1480 3332 64 21 ruled
1553 3332 89 28 double,
1653 3333 88 22 various
1750 3333 64 27 sizes,

1323 3358 127 28 Envelopes
1463 3358 71 27 (note,
1545 3358 73 29 letter,
1630 3360 45 22 and
1685 3360 82 22 official
1776 3360 74 27 sizes),

1323 3385 73 27 Large
1405 3389 85 23 pewter
1498 3381 125 32 inkstands,
1633 3386 55 22 with
1696 3387 79 28 plates,
1805 3401 2 4 •

1325 3412 80 28 Ebony
1414 3412 127 27 inkstands,
1551 3413 61 28 with,
1615 3413 103 27 drawers,
1802 3424 3 3 •
1832 3430 5 6 ,

1321 3438 78 22 Broad
1408 3438 44 22 and
1461 3445 89 16 narrow
1557 3447 71 19 green
1638 3440 43 22 silk
1691 3441 86 26 ribbon,

1323 3465 65 22 Ditto
1442 3465 57 22 ditto
1553 3466 42 22 red
1604 3469 59 26 tape,

1324 3492 66 22 Brief
1395 3491 46 22 and
1450 3492 58 22 deed
1517 3499 75 21 paper,
1600 3502 3 5 ■

1324 3518 76 22 Ruled
1409 3526 69 20 paper
1487 3520 35 20 for
1530 3518 42 23 bill
1581 3520 77 27 heads,
1667 3523 3 5 '
1684 3526 3 8 '

1323 3545 108 22 Nautical
1440 3545 130 23 almanacks
1579 3547 35 21 for
1623 3548 62 26 1842,
1713 3558 3 4 •

1323 3572 75 28 Royal
1411 3572 68 27 hand,
1497 3572 80 22 double
1591 3573 63 22 hand
1665 3574 86 26 brown,
1765 3572 45 23 and
1818 3573 63 28 royal

1296 3598 62 23 hand
1367 3600 76 21 brown
1452 3599 117 27 wrapping
1576 3607 77 20 paper,

1324 3626 98 26 Ledgers
1432 3625 45 22 and
1484 3629 96 18 account
1586 3627 77 27 hooks,
1673 3627 89 21 various
1772 3626 67 28 sizes,-

1323 3652 86 22 Pocket
1416 3652 88 27 ledgers
1513 3653 46 21 and
1567 3654 172 22 memorandum
1750 3654 76 27 booksi

1324 3678 119 28 Engraved
1453 3686 57 20 copy
1520 3678 52 29 slips
1583 3680 45 21 and
1637 3680 77 27 books,

1324 3705 55 22 Best
1387 3704 80 23 Welch
1476 3704 74 28 slates,
1561 3706 61 27 large
1633 3706 45 22 and
1686 3705 72 28 small,

1437 3739 138 15 WHOLESALE
1595 3740 41 14 lIND
1651 3741 90 14 BETAIL.

1327 3759 86 20 Gazette
1426 3758 148 26 Office.Nov.
1584 3760 33 26 26,
1628 3761 62 20 1841.

1423 3807 53 20 For
1490 3806 70 25 Sale,
1572 3805 61 28 just
1646 3806 115 25 arrived,

1305 3854 98 20 r/\/\
1418 3839 21 22 R
1441 3840 18 31 ?
1461 3839 64 22 AMS
1546 3840 26 21 of
1593 3840 109 26 PAPER,
1722 3838 120 30 consisting
1861 3840 23 23 of

1354 3862 49 26 111
1418 3866 100 28 printing
1529 3866 73 28 demy,
1612 3867 66 21 letter
1691 3868 45 21 and
1750 3869 54 19 note
1816 3875 68 25 paper

1420 3894 25 21 of
1455 3894 91 21 various
1556 3894 55 21 sizes
1617 3894 46 21 and
1671 3893 108 28 qualities,
1788 3894 96 28 blotting

1298 3928 74 22 paper,
1383 3920 66 22 white
1459 3920 46 22 and
1514 3920 112 28 coloured,
1639 3921 53 21 blue
1702 3921 119 28 wrapping,
1831 3921 51 28 bag,

1299 3948 69 26 Kent,
1378 3946 68 28 hand,
1457 3946 45 23 and
1511 3947 107 28 imperial.
1621 3948 78 22 brown
1709 3955 75 22 paper.

727 137 171 27 Wellington
912 137 187 25 Anniversary
1112 136 70 25 Ball,

675 172 31 21 At
716 172 107 20 Barrett's
835 172 74 26 Hotel,
921 178 27 13 on
959 171 101 26 Monday,
1070 171 97 26 January
1177 171 58 24 24fh,

924 199 63 20 1842.

664 231 155 34 rpiCKETS
842 231 36 22 for
896 232 39 21 the
953 232 71 20 above
1042 230 50 22 Ball
1111 238 42 15 can
1168 231 28 21 be
1212 231 38 21 ob-

671 253 30 27 JL
724 258 77 22 tamed
815 265 32 14 on
866 259 61 26 early
942 258 134 27 application
1092 260 23 19 to
1130 257 40 22 the
1186 258 64 21 Com-

663 286 78 21 mittee
750 292 24 14 as
784 285 78 27 under,
873 285 43 21 viz.
926 292 5 14 :
932 296 29 4 —

772 318 93 21 Colonel
876 318 134 26 Wakefield,
1021 318 22 21 J.
1054 317 33 27 P.,

772 345 99 21 Michael
883 345 106 27 Murphy,
1001 345 60 27 Esq.,
1073 344 68 27 P.M.,

772 372 74 27 Major
855 372 81 26 Baker,

772 399 25 22 T.
810 398 33 21 M.
854 398 123 27 Partridge,
989 397 60 28 Esq.,

771 426 35 21 W.
816 423 30 23 V.
857 425 95 26 Brewer,
964 425 61 27 Esq.,

773 451 105 23 Edmund
889 451 113 27 Halswell,
1014 451 59 28 Esq.,
1084 451 57 26 J.P.,

772 479 24 22 F.
809 479 33 20 A;
850 478 152 26 Molesworth,
1015 478 59 27 Esq.,

773 505 22 22 J.
805 505 25 22 T.
842 505 135 26 Wicksteed,
988 505 61 27 Esq.,

774 532 94 27 Captain
877 532 97 24 Daniel],

773 559 100 21 William
887 558 99 27 Guyton,
995 558 59 27 Esq.,
1067 557 49 22 J.P.

774 585 80 28 Henry
865 586 30 21 St.
907 585 54 27 Hill,
972 585 61 26 Esq.,
1044 585 58 26 J.P.,

773 612 96 22 Edward
880 611 116 26 Chetham,
1008 611 60 27 Esq.,
1080 610 48 22 J.P.

959 646 108 21 Richard
1082 644 88 26 Baker,

1064 694 6 4 -
1101 681 123 26 Secretary.

800 728 170 20 Allotments
986 727 31 20 of
1033 727 83 20 Land.

667 762 88 49 FOR
768 761 84 27 SALE,
872 760 128 23 allotments
1016 760 26 21 of
1055 759 53 22 land
1120 767 28 14 on
1162 759 33 22 Te
1205 759 47 22 Aro

725 788 55 27 Hat,
791 788 54 22 with
854 788 113 26 frontages
977 791 23 18 to
1010 786 62 23 Cuba
1082 786 170 23 andGhuznee-

666 818 85 19 streets.
780 815 43 22 No.
834 814 27 22 of
873 821 57 19 acre,
943 815 46 20 154.

692 842 45 22 For
745 842 63 26 plans
819 841 45 22 and
874 840 139 29 particulars,
1024 840 67 28 apply
1101 842 22 19 to

658 876 2 27 j
1073 873 30 22 A.
1120 873 104 22 Ludlam.

692 902 157 25 Willis-street,
861 901 53 22 Jan.
925 902 33 25 12,
971 902 60 20 1842.

904 946 105 20 Bricks.

668 980 138 49 BRICKS
816 987 29 15 on
858 980 52 21 Sale
919 980 31 26 by
960 979 36 22 the
1002 978 155 28 -undersigned
1171 981 24 18 at
1207 978 44 22 60s.

728 1014 39 20 per
777 1008 60 20 1000.
870 1013 6 14 1
880 1006 13 22 f
899 1006 68 22 taken
976 1006 23 21 in
1010 1006 120 28 quantities
1137 1004 25 23 of
1170 1006 81 26 15,000,

668 1042 12 14 a
688 1034 116 22 reduction
813 1034 25 20 of
845 1035 45 20 10s.
900 1040 40 20 per
951 1035 53 19 1000
1014 1032 43 22 will
1066 1032 29 21 be
1103 1033 73 21 made.

692 1061 78 22 Terms
771 1071 27 4 —
800 1060 52 22 cash
862 1067 30 15 on
902 1060 99 26 delivery
1009 1063 24 17 at
1043 1058 36 22 the
1089 1058 55 22 kiln.

1074 1086 29 21 A.
1120 1086 104 22 Ludlam.

694 1114 155 26 Willis-street,
861 1114 54 21 Jan.
925 1114 34 26 12,
971 1114 60 20 1842.

668 1165 92 48 JUST
774 1164 157 22 RECEIVED
949 1167 24 18 at
981 1164 39 21 the
1031 1164 73 21 Stores
1123 1164 25 21 of
1159 1164 38 21 the
1211 1171 43 16 un-

718 1191 122 27 dersigned,
854 1197 28 16 ex
890 1192 116 20 Mandarin
1014 1199 4 13 :
1021 1201 28 5 —

695 1225 106 25 Splendid
812 1226 72 22 China
894 1225 58 22 satin
963 1225 87 27 shawls,

694 1252 81 28 Richly
795 1252 154 22 embroidered
967 1253 115 22 cashmere
1099 1251 86 29 shawls,
1201 1251 52 30 long

668 1279 89 27 fringes,

695 1306 72 27 Equel
775 1305 61 28 gimp
845 1305 112 23 bordered
967 1305 87 27 shawls,

694 1333 71 27 Large
777 1334 91 20 harness
878 1332 45 22 and
932 1332 57 22 flush
1002 1332 87 26 shawls,

695 1359 158 22 Embroidered
861 1359 179 25 handkerchiefs,
1050 1366 86 15 narrow
1145 1358 109 23 bordered

694 1388 38 20 6-4
742 1386 75 27 thibet,
830 1386 123 27 cashmere,
965 1385 45 23 and
1019 1386 107 22 Norwich
1134 1387 61 26 gimp
1205 1386 48 22 bor-

669 1413 66 21 dered
745 1413 179 26 handkerchiefs,

695 1440 79 21 Gents,
784 1439 133 28 beautifully
928 1439 151 22 embroidered
1092 1442 94 25 cravats,

695 1467 21 21 A
724 1467 60 26 large
794 1470 134 18 assortment
937 1466 26 22 of
969 1466 77 22 ladies'
1057 1468 65 25 stays,

695 1493 87 22 French
792 1493 46 22 and
845 1493 84 21 British
940 1493 81 21 double
1032 1492 76 22 twill'd
1118 1493 104 26 merinos,

695 1521 35 21 De
749 1520 66 27 lame,
832 1520 101 27 simease,
953 1523 84 24 sateen,
1057 1519 44 22 and
1119 1520 135 27 Neapolitan

668 1546 91 27 dresses,

695 1573 102 28 Figured,
808 1573 70 28 plain,
890 1573 45 22 and
942 1573 93 28 .printed
1042 1580 103 21 saxonys,

695 1601 58 21 Rich
762 1601 85 26 iigured
856 1600 61 22 Irish
927 1600 95 27 poplins,

695 1627 47 27 Cap
758 1627 44 21 and
817 1627 87 21 bonnet
916 1627 98 28 ribbons,
1032 1626 54 28 lace,
1103 1634 70 20 gauze
1182 1627 72 22 hand-

668 1653 110 22 kerchiefs
788 1653 43 22 and
843 1654 61 26 veils,

696 1680 66 22 India
780 1681 43 21 silk
841 1679 180 28 handkerchiefs,
1041 1680 75 28 gloves
1138 1681 45 22 and
1205 1688 49 21 per-

668 1707 94 28 fumery,

696 1734 95 22 London
800 1733 76 22 chintz
886 1734 110 22 furniture
1006 1734 78 28 prints,

695 1762 22 21 A
727 1761 60 27 large
797 1764 135 19 assortment
941 1761 26 22 of
972 1761 33 28 pit
1014 1768 46 15 saw
1069 1762 55 27 files,
1135 1769 68 20 rasps,
1214 1762 38 21 &c.

1005 1796 111 22 William
1127 1796 73 22 Lyon.

695 1822 188 27 Lambton-quay,
893 1830 80 14 corner
982 1823 26 21 of
1015 1823 157 26 Willis-street,

833 1849 103 28 January
944 1851 21 26 2,
977 1851 61 21 1842.

669 1895 161 49 BARLEY,
848 1895 45 22 and
904 1895 79 28 barley
993 1895 45 22 and
1053 1895 73 22 wheat
1143 1898 71 19 straw*
1221 1896 33 22 for

745 1923 53 21 sale.

1058 1949 74 22 James
1148 1950 79 22 Watt.

696 1976 149 28 Berhampore
856 1976 74 27 Farm,
943 1976 50 21 Oct.
1003 1977 35 26 28,
1050 1977 59 20 1841.

838 2021 75 20 Ex'"

678 2053 156 23 TOHNSON
849 2053 46 22 and
909 2053 112 22 MOORE
1034 2053 57 22 have
1097 2053 49 28 just
1153 2053 103 23 received

670 2076 26 26 O
734 2081 38 21 the
781 2080 114 27 following
904 2081 77 26 goods,
992 2081 36 21 viz
1036 2088 6 14 :—:
1044 2091 29 5 —

886 2114 157 22 DRAPERY.

699 2142 20 21 A
738 2143 62 24 great
815 2140 86 28 variety
921 2140 25 22 of
960 2148 100 15 summer
1078 2141 103 27 ribbons;
1199 2141 55 27 lace,

670 2168 48 28 silk,
730 2168 87 22 French
826 2168 44 27 kid,
881 2167 46 22 and
936 2168 64 21 other
1009 2168 83 26 gloves,

698 2195 107 27 Parasols,
817 2195 43 22 silk
868 2194 129 28 umbrellas,
1014 2195 68 22 black
1095 2194 42 23 silk
1145 2194 111 23 handker-

671 2222 75 26 chiefs,

697 2249 109 21 Jacconet
821 2248 102 26 muslins,
940 2248 83 22 bobbin
1041 2251 46 24 net,
1104 2256 14 14 a
1132 2248 86 28 variety
1235 2248 24 22 of

671 2275 55 27 lace,
738 2276 111 27 quillings,
862 2274 99 28 edgings,
973 2276 76 26 satins,
1061 2276 39 21 &c.

699 2303 38 21 An
755 2305 134 19 assortment
905 2302 27 21 of
947 2302 46 22 fine
1010 2302 59 28 baby
1085 2302 68 28 lined,
1169 2302 88 22 dressed

672 2329 63 27 dolls,

699 2356 65 27 Long
773 2356 67 25 cloth,
850 2354 89 28 calicos,
951 2356 77 27 prints,
1044 2355 108 28 sheeting,
1163 2359 68 25 stays,

701 2383 77 21 Gents,
789 2382 63 22 frock
869 2382 45 22 and
932 2382 60 22 dress
1009 2383 110 27 superfine
1137 2386 60 19 coats
1214 2382 44 23 and

673 2412 106 24 trowsers,

694 2436 85 23 .Gents,
789 2435 60 22 cloth
857 2443 53 19 caps
920 2435 45 22 and
975 2435 126 22 Dunstable
1109 2436 59 28 hats,

700 2464 22 21 A
731 2463 85 27 variety
824 2463 25 21 of
854 2463 127 21 waistcoats
988 2463 44 21 and
1042 2470 99 15 summer
1149 2467 108 19 trowsera.

895 2496 147 22 HOSIERY.

701 2524 114 28 Superfine
880 2530 3 3 ■
892 2526 77 19 cotton
993 2523 53 22 hose
1067 2523 44 22 and
1129 2523 51 22 half
1196 2523 61 28 hose,

673 2551 119 22 children's
811 2551 63 22 socks
893 2550 47 21 and
957 2551 91 21 infants'
1072 2551 95 21 worsted
1187 2551 70 27 boots,

673 2577 130 22 lambswool
820 2578 46 21 and
882 2577 97 22 worsted
998 2577 54 22 hose
1070 2577 45 22 and
1132 2577 51 22 half
1197 2578 67 27 hose,,

674 2605 90 27 Witney
774 2605 108 27 blankets,
892 2604 57 27 pilot
956 2606 61 19 coats
1027 2603 46 22 and
1080 2608 106 19 trowsers.

834 2638 268 22 HABERDASHERY.

702 2665 54 27 Silk,
767 2668 83 23 cotton,
861 2664 85 27 thread,
960 2664 101 27 worsted,

701 2693 61 26 Pins,
780 2692 98 27 needles,
893 2690 105 29 bodkins,
1015 2691 81 23 ribbon
1113 2691 47 23 and
1177 2691 82 23 bobbin

675 2719 59 28 wire,

701 2746 68 28 Tape,
780 2746 65 27 laces,
857 2746 85 26 braces,
953 2745 99 27 buttons,
1064 2745 40 22 &c.
1112 2745 41 23 &c.

871 2778 201 23 PERFUMERY.

703 2807 22 22 A
734 2810 63 24 great
804 2806 85 28 variety
897 2806 26 21 of
929 2806 93 22 scented
1028 2813 73 20 soaps,
1106 2806 156 28 metropolitan

676 2833 95 27 shaving
781 2841 59 19 soap,
852 2833 71 22 bear's
932 2840 85 20 grease,

704 2860 113 22 Macassar
827 2860 35 27 oil,
871 2860 89 27 curling
969 2860 61 26 fluid,
1040 2862 65 19 court
1113 2860 87 28 plaster,

704 2887 123 22 Circassian
847 2886 45 22 and
909 2886 127 22 Damascus
1056 2893 81 21 cream,
1156 2886 107 24 lavender

676 2917 76 24 water,

705 2940 123 28 Vegetable
839 2947 91 15 essence
940 2940 27 21 of
974 2940 47 26 oils,
1033 2940 42 22 &c.
1087 2940 39 22 &c.

705 2968 65 27 Hair,
781 2967 101 27 shaving,
892 2966 47 23 and
949 2966 63 23 tooth
1019 2966 99 23 brushes.

868 3000 207 22 STATIONERY.

706 3027 75 28 Single
791 3027 45 23 and
845 3027 82 22 double
935 3027 88 27 ledgers
1031 3027 45 22 and
1087 3031 95 18 account
1187 3027 76 28 books,

678 3059 52 24 post
742 3055 47 22 and
803 3054 98 27 foolscap
917 3061 78 20 paper,
1005 3054 87 27 foreign
1108 3054 66 23 letter
1189 3062 74 20 paper,

679 3082 96 27 packing
788 3088 68 21 papei;
866 3081 25 21 of
902 3081 31 21 all
942 3081 74 27 kinds,
1027 3081 72 28 quills,
1109 3081 53 27 ink,'
1173 3082 90 27 pencils,

679 3109 86 27 wafers,
776 3108 54 22 steel
840 3115 61 21 pens,
914 3108 41 22 &c.
965 3108 41 22 &c.

875 3141 196 22 HARDWARE.

708 3169 21 22 A
739 3169 41 22 few
790 3176 49 15 new
842 3172 85 24 .patent
936 3168 41 22 hot
985 3168 31 22 oil
1028 3168 137 22 economical
1173 3168 78 28 lamps,

709 3196 75 26 Single
793 3196 45 21 and
849 3196 80 21 double
944 3194 52 23 flint
1006 3194 45 23 and
1064 3194 129 28 percussion
1200 3202 64 21 guns,

680 3223 91 28 powder
780 3222 44 22 and
834 3222 56 27 shot,

708 3248 130 28 BoaVnails,
849 3249 33 27 pit
890 3256 45 15 saw
944 3248 56 27 files,
1010 3248 99 26 bellows,
1120 3247 44 23 and
1177 3248 90 28 general

680 3276 122 25 hardware.
834 3293 2 6 ,

709 3304 37 21 An
763 3304 134 21 assortment
911 3302 27 21 of
948 3302 45 21 fine
1010 3304 40 19 cut
1066 3302 60 26 glass
1144 3301 122 28 decanters,

680 3330 115 26 tumblers,
805 3329 74 26 wines,
891 3328 157 28 champagnes,
1059 3329 85 27 clarets,
1155 3329 40 22 &c.
1205 3329 41 22 &c.

709 3356 155 27 Handsomely
873 3355 110 22 mounted
993 3355 35 22 ale
1034 3356 60 26 jugs,

709 3384 130 26 Mahogany
850 3382 70 27 swing
929 3382 66 27 pillar
1003 3382 94 27 looking
1105 3381 89 27 glasses,
1205 3382 40 22 &c.

709 3410 72 27 Large
796 3410 51 21 blue
862 3408 69 23 beads
946 3408 36 22 for
997 3409 76 21 native
1091 3408 69 28 trade,
1177 3408 91 23 tobacco

681 3438 71 27 pipes.

878 3461 197 23 PROVISIONS.

710 3490 55 22 Fine
775 3488 73 24 North
857 3489 66 22 Wilts
934 3488 45 23 and
989 3488 76 23 Dutch
1076 3488 84 27 cheese,

711 3517 85 26 Butter,
807 3517 53 26 rice,
871 3516 86 21 bottled
967 3515 71 27 fruits,

713 3545 87 26 Capers,
809 3550 83 20 sauces,
902 3542 93 28 pickles,
1007 3541 107 27 mustard,
1124 3541 112 27 blacking.

845 3575 268 23 MISCELLANEOUS.

711 3603 73 23 Men's
794 3603 45 22 and
845 3603 107 22 women's
962 3605 61 19 stout
1032 3602 64 22 boots
1106 3601 44 22 and
1158 3601 70 28 shoes,

712 3630 114 28 Complete
840 3650 5 3 .
861 3630 111 22 medicine
1010 3629 73 21 chests
1119 3629 149 27 (warranted),

685 3657 99 26 strongly
791 3656 173 22 recommended
974 3659 22 19 to
1007 3656 101 27 captains
1115 3655 44 21 and
1170 3655 98 27 whalers,

713 3683 90 22 Seidlitz
813 3684 104 27 powders,
927 3683 147 26 effervescing
1083 3682 119 22 lemonade
1211 3689 59 20 pow-

685 3709 57 27 ders,

713 3736 94 27 Violins,
818 3736 66 27 bows,
895 3736 46 22 and
951 3736 88 27 strings,

713 3763 114 26 Congreve
837 3763 106 26 matches,
955 3763 68 21 twine
1033 3762 44 22 and
1086 3761 97 28 packing
1193 3762 58 27 cord,

713 3789 22 22 A
743 3789 85 27 variety
837 3789 24 21 of
868 3789 99 28 brushes,
978 3789 70 28 paint,
1056 3789 67 22 white
1131 3789 57 27 lead,

713 3815 177 22 Anti-corrosive
910 3816 71 27 paint,
1003 3817 136 26 turpentine,
1164 3815 106 28 painters*

686 3841 93 23 brushes
790 3842 44 21 and
843 3843 120 26 materials,

713 3869 151 26 Agricultural
880 3868 151 28 implements,
1047 3869 77 28 turnip
1138 3872 90 23 cutters,
1242 3869 29 23 oil

687 3902 68 21 press,
765 3896 41 21 &c.
816 3896 40 21 &c.
885 3915 4 3 .
898 3921 6 6 #
1095 3912 4 5 ,

714 3922 105 27 Captains
835 3921 24 23 of
871 3921 67 28 ships,
954 3921 93 28 traders,
1059 3922 45 22 and
1121 3921 85 25 dealers
1221 3930 51 21 sup-

686 3949 61 28 plied
757 3956 28 16 on
796 3948 77 23 liberal
884 3953 74 18 terms.

278 142 69 21 Court
361 140 83 25 House,
460 138 147 27 Wellington,

336 167 100 26 January
447 167 32 26 14,
492 165 61 21 1842.

210 202 113 26 Quarter
338 201 131 21 Sessions.

46 235 148 49 NOTICE
214 235 27 21 IS
262 233 126 22 HEREBY
407 230 107 26 GIVEN,
536 230 50 22 that
606 237 30 15 an

135 261 115 27 adjourned
277 261 69 21 Court
368 260 26 21 of
420 258 96 22 General
539 258 98 23 Quarter

48 289 101 22 Sessions
158 289 26 21 of
192 289 37 21 the
240 288 77 25 Peace,
328 287 23 21 in
362 285 45 23 and
416 284 32 22 for
455 284 39 22 the
510 284 95 21 District
615 283 26 22 of

48 316 54 21 Port
120 315 130 26 Nicholson,
267 313 45 22 -will
328 313 28 21 be
372 312 83 22 holden
473 314 24 18 at
512 311 39 20 the
568 310 70 21 Court

47 343 78 21 House
141 349 29 14 on
187 341 123 26 Thursday,
328 340 36 21 the
379 338 52 22 20th
440 337 92 27 instant,
543 339 24 19 at
583 336 54 21 nine

48 369 85 22 o'clock
143 368 24 22 in
177 367 37 23 the
224 368 115 24 forenoon,
348 370 23 17 at
377 363 71 24 which
456 364 54 21 time
518 362 45 23 and
572 362 66 27 place

48 397 29 20 all
95 402 90 21 persons
199 393 73 23 under
290 392 161 27 recognizance
468 393 22 18 to
509 396 84 21 appear
611 396 25 14 as

47 425 147 24 prosecutors,
211 421 120 24 witnesses,
349 425 25 15 or
389 416 140 27 defendants,
548 422 25 15 or
587 415 50 22 who

46 456 54 19 may
108 449 56 21 have
175 447 89 27 appeals
274 451 21 15 to
304 445 118 27 interpose,
431 450 24 14 or
464 442 64 22 other
533 442 104 21 business

48 480 23 17 to
82 477 103 23 transact,
194 480 37 14 are
242 472 86 22 desired
337 475 23 17 to
369 471 51 27 give
427 469 56 22 their
493 468 143 22 attendance.

275 505 93 22 Robert
384 504 26 22 R.
427 503 98 26 Strang,

375 529 65 23 Clerk
450 529 25 21 of
483 528 37 21 the
530 528 79 22 Peace.

259 577 68 24 Jury
342 576 80 19 Lists.

49 611 147 51 NOTICE
219 610 28 22 IS
271 608 127 23 HEREBY
422 606 107 27 GIVEN,
554 606 49 21 that
626 612 13 14 a

132 637 85 27 Special
234 637 68 21 Court
318 635 25 22 of
356 635 64 26 Petty
434 633 100 21 Sessions
551 632 45 22 will
608 632 30 22 be

49 666 54 21 held
111 665 54 21 here
175 670 28 16 on
214 662 117 27 Saturday,
342 661 39 23 the
389 659 58 24 22nd
464 659 103 27 January
576 659 61 26 inst.,

50 696 23 18 at
83 694 24 19 II
120 691 84 21 o'clock
214 690 115 24 forenoon,
341 689 34 21 for
384 686 98 26 revising
492 686 43 21 and
547 686 92 25 settling

50 719 38 21 the
100 718 54 27 Jury
167 717 47 21 List
229 717 34 20 for
273 715 36 22 the
322 715 69 21 Town
406 714 27 22 of
446 712 138 27 Wellington
593 712 47 21 and

50 745 94 22 District
158 744 26 21 of
194 743 51 22 Port
255 741 131 26 Nicholson,
396 744 23 18 at
429 738 72 24 which
511 739 30 21 all
554 738 84 28 parties

48 770 123 23 interested
180 777 37 15 are
227 768 103 29 required
340 771 23 18 to
375 765 82 25 attend.

267 795 110 21 Michael
394 794 111 24 Murphy,

335 821 68 21 Chief
410 819 73 23 Police
495 818 140 27 Magistrate.

267 848 97 22 George
381 847 88 26 White,
486 845 49 22 J.P.

76 883 75 22 Police
161 882 79 26 Office,
250 880 146 28 Wellington,

132 910 99 26 January
241 910 20 25 8,
274 909 61 20 1842.

262 953 69 25 Jury
346 952 80 21 Lists.

50 987 146 50 NOTICE
214 987 26 21 IS
261 985 128 32 HEREBY;
404 982 107 27 GIVEN,
532 982 49 22 that
601 981 37 23 the

133 1014 37 21 list
175 1014 26 21 of
207 1013 29 22 all
247 1020 90 19 persons
346 1011 99 27 residing
453 1010 23 22 in
487 1009 37 23 the
534 1009 71 22 Town
616 1008 27 22 of

50 1041 139 27 Wellington
208 1040 46 21 and
271 1039 94 21 District
387 1039 26 21 of
433 1037 53 23 Port
505 1035 133 26 Nicholson,

50 1068 69 22 liable
129 1072 22 17 to
160 1073 62 15 serve
232 1074 28 13 on
271 1065 80 27 Juries,
360 1065 83 26 having
451 1063 57 21 been
518 1062 66 22 made
592 1065 46 24 out,

51 1095 75 27 copies
138 1094 43 21 will
197 1094 27 21 be
234 1092 77 28 posted
321 1096 24 17 at
355 1091 37 22 the
403 1089 129 27 Exchange,
542 1089 34 21 Te
593 1089 46 21 Aro

50 1122 52 21 Flat
107 1129 6 18 ;
124 1124 23 18 at
156 1121 37 20 the
208 1120 68 21 Court
287 1119 85 26 House,
382 1117 121 23 Thorndon
514 1116 51 22 Flat
572 1123 7 18 ;
595 1115 45 21 and

52 1152 22 17 at
85 1147 86 27 Petoni,
182 1146 77 22 within
270 1145 36 22 the
318 1145 68 21 house
396 1145 26 21 of
429 1143 85 23 district
524 1141 115 23 constable

52 1173 116 23 Stratford.
452 1196 5 5 .
570 1195 5 5 .

78 1201 41 21 All
127 1207 92 21 persons
226 1199 99 21 desirous
333 1198 26 22 of
365 1196 124 29 inspecting
497 1195 38 22 the
543 1195 97 27 original

50 1228 44 26 list,
113 1234 40 15 can
173 1227 28 21 do
217 1234 24 13 so
259 1225 93 22 without
365 1225 43 26 fee,
419 1225 35 21 for
465 1223 102 21 fourteen
586 1222 54 26 days

50 1254 58 21 after
119 1254 41 21 this
170 1253 82 26 notice,
260 1253 30 26 by
297 1251 106 28 applying
412 1256 22 17 to
443 1257 35 15 me
488 1253 23 18 at
521 1249 38 21 the
571 1249 68 23 Cour}

52 1281 86 26 House,
147 1281 100 20 between
259 1279 36 21 the
306 1278 67 22 hours
384 1279 25 21 of
415 1277 78 23 eleven
504 1275 44 22 and
560 1275 79 22 twelve

50 1308 24 21 in
86 1308 37 21 the
133 1307 116 22 forenoon.

248 1333 95 21 Robert
359 1332 27 21 R.
402 1331 99 24 Strang,

318 1358 66 22 Clerk
394 1359 26 21 of
427 1358 63 25 Petty
502 1355 108 23 Sessions.

81 1387 143 26 Wellington,
236 1387 101 25 January
346 1387 20 25 8,
379 1386 59 21 1842.

161 1432 56 21 New
232 1430 100 23 Zealand
349 1428 134 29 Company's
499 1427 115 27 Principal

306 1457 95 27 Agent's
416 1456 76 25 Office,

215 1484 144 27 Wellington,
371 1483 97 22 October
476 1483 19 25 8,
508 1482 61 21 1841.

52 1519 125 50 BILLS,
191 1522 23 18 at
229 1519 69 26 thirty
309 1517 61 28 days'
386 1517 66 26 sight,
468 1515 76 21 drawn
560 1515 31 27 by
601 1514 39 21 the

131 1545 111 27 Principal
257 1546 77 26 Agent
347 1552 30 14 on
388 1544 37 22 the
436 1544 114 24 Secretary
565 1542 26 20 of
602 1541 38 21 the

52 1573 57 22 New
125 1573 100 21 Zealand
241 1573 123 26 Company,
382 1570 101 26 London,
495 1575 42 15 can
553 1568 30 22 be
596 1568 45 21 had

52 1608 29 14 on
91 1600 135 27 application
236 1602 23 18 at
267 1599 38 21 the
316 1599 70 21 above
396 1597 70 22 office.

297 1632 28 21 D.
340 1631 82 25 Lewis,

251 1658 67 22 Clerk
327 1662 22 17 to
360 1658 38 21 the
407 1655 111 28 Principal
528 1655 85 26 Agent.

171 1704 166 25 NELSON
367 1702 153 26 HAVEN.

75 1737 106 27 Sailing
192 1736 148 22 directions
349 1735 44 21 for
401 1735 104 21 Nelson
515 1733 104 21 Haven.

358 1769 40 21 9th
407 1766 132 27 December,
551 1766 62 21 1841.

221 1802 77 23 bound
304 1802 36 22 for
348 1802 85 21 Nelson
441 1801 88 25 Haven,
540 1799 23 27 if,
575 1798 65 22 when

66 1824 23 29 V
133 1830 51 27 they
193 1830 71 21 arrive
273 1829 33 22 off
311 1830 59 26 Cape
379 1827 105 24 Farewell
491 1834 25 14 or
523 1825 118 28 Stephen's

53 1857 86 27 Island,
154 1856 38 23 the
202 1856 97 23 weather
307 1856 28 21 be
346 1856 52 26 fine,
414 1853 79 24 should
506 1860 43 14 run
558 1851 36 23 for
603 1853 37 21 the

53 1885 93 22 Eastern
156 1884 64 21 shore
227 1884 25 21 of
258 1883 38 22 the
304 1882 84 28 Gulph,
399 1881 45 23 and
450 1880 66 23 make
524 1879 117 22 Croixilles

52 1911 106 26 harbour,
168 1910 73 22 which
250 1910 18 22 is
278 1917 14 14 a
300 1909 43 22 few
351 1909 66 22 miles
434 1912 21 18 to
468 1907 36 21 the
513 1905 128 23 southward

53 1938 26 22 of
86 1938 37 22 the
135 1941 104 18 entrance
250 1940 23 19 to
287 1936 38 22 the
334 1936 89 22 French
431 1942 57 21 pass,
504 1933 45 22 and
559 1933 44 21 will
612 1933 28 21 he

53 1965 71 27 easily
140 1964 89 28 known,
248 1964 32 27 by
295 1963 63 22 three
375 1961 83 24 islands
476 1957 68 30 being
561 1960 25 21 in
603 1959 37 22 the

53 1996 78 18 centre
142 1992 26 21 of
179 1990 37 23 the
226 1991 51 27 bay,
292 1989 73 22 which
374 1989 60 22 leads
445 1992 23 18 to
477 1994 13 15 a
499 1986 73 27 creek,
588 1994 53 14 run-

52 2019 56 25 ning
116 2024 31 20 up
154 2015 262 28 E.N.E.,andW.N.W.,
422 2014 52 23 with
481 2014 33 20 six
523 2012 44 22 and
572 2020 68 14 seven

52 2044 106 25 fathoms,
168 2043 35 21 for
212 2045 43 19 two
265 2050 25 14 or
299 2042 62 22 three
370 2041 71 28 miles,
453 2039 44 24 and
507 2039 60 28 quite
578 2039 63 21 land-

51 2070 83 22 locked
144 2070 57 21 from
217 2069 37 22 the
264 2076 44 15 sea.
336 2069 67 21 After
417 2069 89 26 passing
515 2066 124 26 Croixilles,

53 2098 53 26 they
116 2104 52 20 may
178 2103 42 14 run
230 2095 76 28 boldly
316 2095 65 22 down
391 2098 23 19 to
424 2095 36 21 the
472 2095 57 21 S.W.
540 2092 79 22 within
629 2100 13 14 a

53 2124 53 21 mile
127 2123 26 22 of
167 2123 38 22 the
223 2122 77 28 shore;
327 2123 67 20 about
417 2121 61 28 eight
499 2119 65 23 miles
582 2120 59 21 from

53 2150 125 28 Croixilles,
186 2150 54 27 they
245 2150 45 21 will
302 2149 65 22 make
378 2149 89 28 Pepin's
476 2146 81 27 Island,
568 2146 73 22 which

52 2177 112 27 however,
182 2177 53 22 does
248 2179 42 18 not
299 2176 60 22 show
370 2183 24 14 as
408 2183 28 14 an
446 2173 79 28 island,
540 2173 41 22 but
595 2180 24 15 as
629 2180 14 14 a

52 2204 71 27 point,
144 2204 52 21 with
215 2203 86 22 several
319 2203 67 22 small
403 2202 66 22 rocks
487 2201 58 21 close
565 2200 34 22 off
616 2201 25 21 it.

53 2233 69 20 From
133 2231 87 26 thence,
239 2230 37 21 the
287 2237 76 14 course
378 2229 19 22 is
407 2227 126 27 something
546 2234 63 14 more
619 2230 23 18 to

53 2260 39 19 the
107 2257 134 26 southward,
260 2257 68 22 about
341 2256 62 27 eight
416 2256 64 21 miles
496 2257 22 19 to
534 2254 36 21 the
581 2261 61 15 com-

50 2288 145 19 mencement
208 2284 25 22 of
240 2284 37 21 the
285 2283 57 27 flats,
354 2283 34 22 off
394 2283 86 22 Nelson
489 2281 92 27 Haven,
598 2281 45 21 and

52 2312 54 21 nine
116 2312 59 21 from
184 2310 38 23 the
231 2314 112 18 entrance.
368 2310 78 21 About
455 2310 49 21 four
513 2307 64 22 miles
584 2307 59 23 from

53 2338 91 28 Pepin's
158 2337 78 27 island,
252 2341 23 18 to
285 2337 38 22 the
338 2336 59 23 S.W.
407 2336 46 22 will
466 2337 28 20 be
503 2342 54 14 seen
572 2342 13 14 a
601 2334 44 28 spit

53 2366 27 21 of
88 2364 87 28 shingle
186 2364 72 23 which
264 2364 111 22 formsthe
384 2363 103 26 harbour,
499 2361 43 22 and
549 2361 94 22 extends

52 2392 36 22 for
107 2392 86 21 several
212 2391 71 22 miles.
320 2391 54 22 This
391 2397 53 20 may
458 2391 28 21 be
502 2388 143 28 approached

52 2418 80 23 within
149 2426 13 14 a
177 2418 59 28 mile,
253 2417 96 27 keeping
365 2417 69 27 along
448 2417 18 21 it
482 2415 32 22 till
528 2415 54 27 they
596 2414 49 22 find

52 2453 69 15 seven
131 2446 97 21 fathoms
240 2448 75 24 water,
325 2445 66 21 when
403 2444 54 27 they
463 2441 79 24 should
551 2441 92 27 anchor,

51 2473 26 22 in
90 2473 68 21 order
174 2476 21 18 to
212 2472 164 21 communicate
387 2471 54 23 with
455 2471 37 21 the
509 2472 58 25 port.
596 2468 49 22 The

53 2507 79 14 course
146 2500 24 21 in
183 2506 52 14 over
248 2498 39 22 the
300 2498 57 27 flats,
369 2497 25 24 is
409 2498 68 21 about
493 2495 21 23 S.
526 2497 11 25 J
548 2495 26 23 E.

53 2527 86 21 Mount
154 2525 93 22 Rintoul
267 2525 24 26 (a
311 2524 139 23 remarkable
464 2523 65 29 peak)
546 2529 60 20 open
622 2526 23 18 to

53 2553 40 22 the
113 2552 116 23 westward
249 2552 26 21 of
294 2559 14 14 a
327 2552 75 26 clump
417 2551 26 22 of
464 2556 63 20 trees,
543 2550 69 21 about
633 2556 13 14 a

53 2580 55 21 mile
116 2580 59 22 from
187 2579 37 22 the
234 2578 79 23 beach.
327 2578 48 22 The
386 2580 153 20 westernmost
547 2576 68 26 buoy,
626 2576 19 21 is

54 2608 26 21 in
100 2606 79 23 eleven
189 2606 45 22 feet
247 2610 24 17 at
284 2606 43 21 low
341 2609 75 23 water,
431 2611 30 15 on
474 2603 38 23 the
527 2603 55 27 edge
593 2600 28 24 of
633 2610 14 14 a

53 2634 69 26 bank,
140 2633 74 22 which
228 2640 55 14 runs
300 2632 70 22 about
388 2631 74 22 S.S.E.
483 2629 44 24 and
545 2629 100 22 N.N.W.

54 2660 47 22 and
116 2660 82 22 should
214 2660 27 21 be
257 2659 42 22 left
307 2665 30 15 on
347 2658 38 22 the
396 2656 113 24 starboard
523 2656 68 27 hand,
607 2655 39 23 the

54 2690 149 19 easternmost
211 2686 61 27 buoy
281 2686 19 21 is
313 2686 24 21 in
351 2690 43 17 two
404 2685 102 25 fathoms,
516 2683 44 22 low
568 2686 77 23 water,

55 2721 31 15 on
100 2714 39 21 the
154 2714 64 27 point
227 2713 72 22 which
314 2712 69 22 forms
397 2712 38 22 the
452 2716 106 17 entrance
569 2710 26 22 of
608 2709 39 23 the

55 2741 107 22 harbour.

84 2768 67 27 Ships
161 2766 72 22 which
243 2769 83 19 cannot
331 2768 39 26 get
377 2766 49 21 into
433 2765 38 22 the
477 2764 105 27 harbour,
593 2770 54 20 may

57 2795 85 22 anchor
158 2794 25 21 in
193 2794 34 21 six
243 2793 45 22 and
300 2800 67 15 seven
377 2792 103 27 fathoms,
496 2793 48 20 two'
550 2798 25 14 or
584 2790 64 22 three

57 2822 75 22 cables
147 2820 86 27 length,
252 2824 22 18 to
294 2820 37 21 the
348 2819 114 22 westward
473 2818 24 23 of
513 2817 38 22 the
567 2817 81 22 Arrow

56 2848 72 27 Rock,
140 2848 54 21 with
203 2848 18 21 it
237 2847 51 22 well
295 2854 29 15 on
334 2846 52 22 with
394 2853 13 14 a
416 2846 81 21 hollow
504 2845 64 27 place
575 2844 23 21 in
610 2843 38 22 the

58 2876 51 26 cliff,
121 2874 54 23 with
186 2874 36 21 the
233 2878 105 18 entrance
350 2873 26 22 of
381 2872 38 22 the
430 2872 100 23 Waimea
540 2878 66 21 open.

85 2902 87 22 Should
187 2901 37 22 the
239 2900 96 23 weather
347 2900 102 21 threaten
459 2900 58 21 from
532 2898 39 21 the
581 2897 67 23 N.W.

57 2936 62 20 upon
137 2928 103 27 entering
260 2927 39 22 the
318 2927 55 27 gulf,
394 2926 111 22 excellent
522 2924 128 28 anchorage

57 2956 46 21 will
116 2956 30 21 be
156 2955 70 22 found
240 2955 24 21 in
274 2954 119 22 Astrolabe
403 2953 82 27 Roads,
502 2959 28 14 on
545 2951 38 22 the
594 2959 56 14 wes-

58 2986 49 18 tern
118 2982 65 22 shore
192 2991 4 18 ;
211 2981 46 22 and
266 2980 123 27 Croixilles,
401 2987 30 14 on
441 2980 37 21 the
488 2982 94 19 eastern.
612 2979 38 20 No

57 3009 106 27 weather,
179 3008 109 26 however,
306 3008 42 21 has
362 3008 60 21 been
436 3010 39 24 yet
490 3005 119 24 witnessed
625 3005 25 21 in

58 3036 73 21 which
141 3043 14 14 a
170 3035 47 27 ship
228 3034 66 23 could
307 3038 42 18 not
356 3034 52 21 beat
423 3038 39 18 out
471 3034 27 21 of
508 3032 36 22 the
554 3032 56 27 gulf,
626 3039 25 14 or

58 3063 37 27 lay
102 3063 30 26 by
142 3063 24 21 in
176 3062 18 21 it
203 3062 92 21 without
303 3061 185 22 inconvenience.

86 3090 47 21 The
148 3088 45 23 rise
204 3088 44 22 and
257 3088 40 22 fall
307 3088 26 21 of
343 3087 39 22 the
391 3087 46 22 tide
448 3091 23 18 at
480 3087 36 22 the
527 3086 94 28 springs,
631 3086 21 21 is

59 3116 80 21 twelve
156 3116 52 26 feet,
227 3115 44 21 and
284 3115 37 22 the
339 3115 54 22 time
408 3114 26 21 of
447 3110 56 31 high'
515 3116 67 19 water
596 3113 55 21 nine

60 3142 94 27 o'clock,
167 3142 41 21 but
217 3142 37 21 the
263 3142 50 21 best
323 3141 55 22 tides
387 3148 39 15 are
435 3139 147 27 several'days
592 3139 58 22 after

60 3170 38 21 the
108 3169 42 22 full
165 3168 45 23 and
220 3168 93 27 change,
329 3168 45 21 and
383 3168 65 21 when
462 3168 18 21 it
492 3168 19 21 is
521 3166 55 27 high
582 3170 70 18 water

60 3200 23 19 at
93 3196 80 21 twelve
184 3195 92 22 o'clock.

87 3224 47 21 The
150 3222 47 22 tide
213 3221 72 26 signal
294 3220 45 23 will
354 3221 28 21 he
396 3228 14 14 a
422 3220 41 23 red
471 3220 45 27 flag
525 3227 25 14 or
565 3222 85 24 cornet,

60 3250 60 23 close
135 3257 32 19 up
177 3249 34 21 for
223 3248 55 27 high
287 3252 76 22 water,
373 3247 46 22 and
428 3247 50 22 half
489 3250 59 19 mast
556 3246 35 22 for
604 3246 52 22 half

61 3277 45 22 tide
114 3285 6 19 ;
142 3283 32 15 no
190 3275 45 27 flag
250 3274 45 22 will
311 3274 28 22 be
360 3273 86 22 hoisted
461 3275 34 20 for
512 3273 44 22 less
574 3276 77 19 water.

61 3304 65 27 Ships
133 3310 53 20 may
194 3300 164 24 communicate
367 3300 29 28 by
406 3300 78 28 signal,
492 3307 24 15 as
525 3300 127 27 Marryatt's

60 3330 84 27 signals
161 3337 39 14 are
214 3329 23 21 in
252 3328 37 21 the
304 3327 125 27 possession
440 3326 26 22 of
478 3327 37 22 the
526 3327 124 27 Company,

61 3357 45 22 and
114 3356 46 23 will
168 3356 30 22 be
207 3355 77 22 shewn
294 3361 29 15 on
338 3354 37 21 the
385 3354 73 26 signal
464 3356 50 25 post
522 3360 30 15 on
565 3353 38 22 the
612 3353 42 22 lull

62 3391 52 16 over
126 3384 77 22 Green
214 3382 72 22 Point.

205 3408 104 23 Latitude
318 3408 40 21 41°
368 3408 33 20 14'
412 3406 76 23 South.

207 3434 125 28 Longitude
342 3435 53 21 173°
405 3435 34 19 15'
448 3433 70 22 East-

288 3480 139 20 .
584 3488 16 11 <„

64 3507 188 30 /CHATHAM
267 3505 133 23 ISLANDS
420 3503 165 27 POTATOES,
604 3504 51 21 best

64 3535 42 23 Vy
136 3535 93 28 quality,
245 3534 35 21 for
294 3533 46 21 sale
350 3535 23 18 at
382 3531 39 22 the
438 3531 75 22 Stores
527 3530 26 21 of
565 3530 37 22 the
612 3537 43 15 un-

65 3561 127 28 dersigned.

282 3586 36 22 W.
334 3586 91 26 Allenj,
436 3584 195 23 Manners-street.

90 3615 104 26 January
208 3615 18 25 8,
239 3615 60 20 1842.
337 3618 4 4 '

228 3658 87 20 Boots
330 3657 54 21 and
400 3657 93 19 Shoes.

66 3686 94 49 JUST
173 3683 168 27 RECEIVED,
357 3690 28 15 ex
398 3683 123 26 Mandarin,
538 3680 45 22 and
593 3681 64 25 other,

129 3713 46 21 late
185 3711 93 22 arrivals
285 3718 5 14 :
295 3721 25 5 —

93 3739 156 22 Gentlemen's
281 3736 146 27 Wellington,
437 3742 5 3 ■
461 3735 113 26 Clarence,
611 3734 46 22 and

37 3769 3 7 '
66 3766 98 23 Blucher
173 3765 72 24 boots,

93 3792 78 23 Men's
186 3794 76 23 strong
276 3791 65 21 boots
356 3789 45 22 and
411 3788 73 27 shoes,

93 3819 90 22 Ladies'
199 3817 61 22 dress
276 3817 56 22 ditto
349 3816 63 26 ditto,

93 3844 127 24 Childrens'
234 3843 58 28 light
306 3843 45 23 and
364 3847 78 22 strong
455 3841 72 23 shoes.

95 3873 62 26 Also,
177 3879 14 14 a
204 3871 103 28 quantity
327 3871 26 21 of
372 3869 54 27 sole,
443 3868 44 28 kip,
504 3867 45 23 and
563 3868 94 22 harness

66 3899 94 26 leather,

95 3926 124 25 Kangaroo
233 3923 69 28 skins,
313 3923 41 22 &c.
364 3924 41 21 &c.
416 3922 41 22 &c.

355 3949 30 23 D.
401 3950 22 22 S.
440 3949 76 23 Durib
531 3948 46 24 and
590 3948 39 22 Co.
647 3967 5 3 .

1985 661 124 21 AGENTS
2121 663 58 20 FOR
2194 664 72 20 THIS
2279 665 107 22 PAPER.

1913 686 38 17 Mr.
1962 686 129 19 BUaCHAM
2099 701 5 4 .
2108 700 4 5 .
2120 701 5 8 ,
2182 689 75 19 Petoni.

1913 706 39 18 Mr.
1965 707 18 17 F.
1996 707 23 17 G.
2032 708 87 18 MOORE
2184 711 71 18 Nelson
2263 712 73 17 Haven.
2410 727 3 4 .
2437 719 2 5 -

1913 727 39 18 Mr.
1963 727 23 18 R.
1998 728 115 19 BARRim'
2188 732 46 17 New
2242 733 107 22 Plymouth,
2356 733 102 19 Taranaki.

1913 748 38 17 Mr.
1963 749 25 17 H.
2000 750 122 19 CHURTON
2186 753 113 18 Wamranui.

1913 769 38 17 Mr.
1963 769 29 18 W.
2005 771 99 18 WILSON
2185 774 41 21 Bay
2232 775 22 17 of
2263 775 82 18 Islands.

2063 818 122 22 LATEST
2200 821 108 21 DATES.

1903 842 78 18 London
2068 845 49 22 Aug.
2142 847 27 16 15.
2197 846 41 22 Bay
2246 848 20 17 of
2274 848 95 19 Islands..
2374 849 50 18 Nov.
2441 849 27 19 17.

1892 863 87 23 gSydney
2071 865 46 19 Dec.
2142 868 27 16 11.
2196 868 82 18 Thames
2370 870 48 18 Nov.
2440 872 30 17 29.

1903 885 43 17 Van
1969 885 99 18 JDieman's
2198 888 45 18 Port
2251 889 69 22 Phillip
2334 891 89 19 ....Nov.
2451 893 17 15 3.

1923 905 53 18 Land
2070 907 49 19 Nov.
2141 909 28 17 29.
2197 910 106 19 Adelaide..
2340 912 76 18 ...Oct.
2451 914 17 17 9.

1913 951 41 18 The
1960 952 99 22 following:
2064 957 34 14 are
2105 953 33 18 the
2145 956 79 20 quarter
2234 956 47 22 days
2289 957 22 17 of
2319 957 40 17 tlifs
2366 961 59 17 paper
2431 963 29 11 :—

1998 973 68 19 March
2305 973 71 22 ..3lstl

1998 994 52 18 June

1998 1015 113 22 September
2327 1020 50 17 30th.

1998 1037 107 18 December
2115 1051 14 5 ..
2178 1051 15 5 ..
2221 1039 2 6 '
2242 1053 15 5 ..
2306 1042 68 17 ..3lst.

1914 1057 81 18 Persons
2002 1058 111 22 previously
2119 1060 20 17 to
2152 1059 146 25 discontinuing
2308 1062 52 18 their
2366 1067 69 17 paper?
2442 1062 37 18 and

1893 1079 165 22 advertisements,
2066 1081 54 17 must
2126 1082 59 18 settle
2191 1082 33 18 the
2235 1084 92 17 accounts
2335 1083 37 18 due
2378 1088 26 13 ud
2416 1086 20 16 to
2446 1084 36 17 the

1894 1100 51 17 date.
2392 1095 12 12 *

1894 1154 98 21 Notice
1999 1156 31 19 to
2037 1155 80 22 those
2126 1157 132 22 indebted
2267 1161 29 19 to
2306 1159 44 21 the
2356 1160 123 21 Gazette.

1898 1209 37 20 We
1945 1214 35 14 are
1989 1214 46 15 now
2044 1209 85 26 sending
2144 1213 37 18 out
2189 1218 38 13 our
2237 1213 47 19 bills
2301 1214 19 20 to
2339 1214 34 20 the
2390 1214 52 21 close
2457 1214 29 26 of

1922 1243 35 20 the
1962 1245 52 23 past
2021 1249 59 19 year,
2092 1245 41 19 and
2139 1246 51 24 find
2204 1253 73 19 among
2287 1248 54 20 them
2351 1255 13 13 a
2377 1249 103 20 consider-

1922 1277 46 20 able
1978 1279 126 24 proportion
2112 1279 69 21 which
2190 1281 50 19 have
2257 1281 48 20 been
2314 1282 47 25 long
2374 1288 47 15 over
2433 1282 46 23 due.

1922 1310 60 21 Some
1998 1312 28 24 of
2040 1317 40 15 our
2099 1315 121 24 supporters
2240 1315 52 20 have
2310 1322 61 14 never
2389 1317 56 25 paid
2466 1322 14 15 a

1922 1345 85 26 shilling
2022 1344 67 22 since'
2094 1353 38 14 our
2145 1354 67 20 paper
2226 1355 44 14 was
2284 1351 129 22 established.
2444 1352 37 19 We

1923 1386 60 15 warn
1997 1381 58 20 those
2070 1381 46 20 who
2131 1383 95 20 continue
2242 1384 104 25 obdurate,
2364 1386 48 20 tliat
2425 1385 57 26 after

1924 1415 43 19 this
1982 1415 74 26 notice,
2068 1416 50 25 they
2126 1417 45 20 will
2179 1419 78 25 compel
2268 1425 24 14 us
2303 1420 19 19 to
2332 1420 74 27 appeal
2415 1421 20 20 to
2446 1420 35 21 the

1925 1449 63 20 Court
1998 1449 27 26 of
2029 1449 107 27 Requests.

2018 1501 99 21 Notice
2132 1505 28 18 to
2176 1503 179 23 Subscribers.

1896 1555 82 26 Papers
1991 1556 45 20 will
2047 1557 38 19 not
2099 1557 24 20 be
2134 1559 46 19 sent
2197 1560 21 18 to
2228 1565 89 20 persons
2329 1561 64 26 living
2407 1562 35 20 out
2458 1561 28 26 of

1888 1589 2 28 j
1923 1590 55 19 Port
1988 1590 120 25 Nicholson,
2125 1592 68 20 unless
2206 1595 154 24 arrangements
2372 1601 37 15 are
2423 1597 59 20 made

1917 1623 42 25 for
1969 1624 34 20 the
2008 1627 102 23 payment
2119 1626 27 25 of
2151 1627 35 19 the
2195 1633 60 21 same,
2268 1629 89 26 through
2366 1635 27 15 an
2405 1630 79 27 Agent,

1924 1659 24 19 at
1960 1658 133 26 Wellington.

1897 1693 96 27 January
2002 1695 21 24 8,
2036 1695 63 21 1842.
