3422 4317
382 30 2888 47 THE

382 77 1155 319 OXFORD
1730 77 1540 319 OBSERVER

1107 415 181 54 AND
1363 412 586 57 CANTERBURY
2021 412 496 63 DEMOCRAT,

1244 526 521 37 CIKCXJni.A.TIISrGh
1840 527 518 36 THROTJGMIOXJT

1688 695 228 30 Established
1960 696 91 29 1889.

26 845 138 30 VOLUMN
185 844 28 31 V
222 862 42 4 —
264 843 59 32 No.

1240 837 106 32 EAST
1379 836 186 37 OXFORD,
1588 835 243 39 SATURDAY,
1865 836 174 32 AUGUST
2062 839 36 35 4,
2122 839 90 30 1894.

2903 844 137 31 Price—
3041 846 87 30 ONE
3164 847 155 29 PENNY.

2872 995 51 36 G.
2950 995 49 37 E.
3029 996 346 42 WEYLANDT,

2985 1056 112 27 FAMILY
3113 1057 148 27 BUTCHER.

2895 1101 158 38 EAST
3084 1103 264 38 OXFORO.

2934 1163 119 26 Families
3065 1165 89 25 waited
3163 1173 71 24 upon,
3239 1165 76 33 daily.

2961 1280 300 32 ASTOUNDING!

2918 1335 69 25 CAN
3024 1336 81 25 THIS
3134 1336 46 24 BE
3210 1337 112 25 TRUE?
3353 1358 5 5 .

2949 1421 62 25 YES,
3025 1421 21 21 A
3059 1422 135 21 DECIDED
3204 1423 84 21 FACT.

2851 1495 99 31 NEW
2960 1496 139 30 YEAES
3112 1496 274 31 CONCESSION.

2878 1577 481 79 C.H.MAMIN6

2851 1682 80 21 Royal
3063 1686 25 15 a
3116 1686 40 28 <^
3156 1702 7 12 ?
3163 1687 15 22 T
3178 1690 16 11 %y
3194 1689 29 22 nS(
3231 1703 20 6 —
3320 1682 62 21 Vicb

2850 1741 51 16 AND
2957 1733 35 19 E=X
2992 1720 300 47 \^^^^^^^^^=
3292 1742 5 11 !
3297 1736 94 21 'EEGAli

2942 1788 357 30 PHOTOaRAPHEK.

2852 1867 42 21 BY
2931 1867 126 21 SPECIAL
3072 1866 14 21 f
3094 1865 219 22 APPOINTMENT
3350 1866 44 21 Ta

2986 1899 265 21 EARLOFONSLOW.

2853 1962 104 25 TT7TLL,
2973 1962 91 26 During
3079 1962 42 21 the
3145 1962 84 21 Month
3246 1962 24 21 of
3288 1963 103 25 January

2862 1983 29 28 VV
2928 1990 60 25 only,
2999 1990 54 19 1894
3062 1989 65 20 Issue
3137 1989 26 20 to
3172 1989 39 20 the
3221 1989 87 20 Public.

2999 2023 85 29 ONE
3104 2023 147 30 DOZEN

2853 2068 28 21 Of
2890 2070 37 20 his
2941 2069 189 26 Widely-known,
3147 2068 245 28 Superiorly-finished,

3045 2101 47 20 and
3109 2101 90 25 Highly

2853 2134 562 21 E^NAJMEIJ^D,^^CAJBrN^!E^^PJaOSEO-^--

2855 2164 120 21 GRAPHS
2989 2164 261 19 AT-THEJSTOMENAL
3264 2163 125 20 CHARGE

3109 2200 28 14 OB

3092 2232 66 29 15s.

2853 2312 174 22 DUPLICATE
3042 2312 120 21 ORDERS
3177 2312 40 20 AT
3234 2312 63 20 THE
3314 2310 84 21 SAME

3085 2346 86 20 RATE.

2880 2411 49 20 The
2938 2409 81 22 Public
3029 2416 38 14 are
3083 2408 95 22 advised
3195 2409 24 19 to
3238 2408 61 20 avail
3317 2408 75 20 them-

2853 2444 72 21 selves
2945 2442 23 21 of
2986 2443 48 20 this
3051 2441 148 27 opportunity
3218 2440 24 25 pf
3271 2439 121 28 obtaining

2851 2478 125 27 high-class
2985 2478 61 20 work
3055 2477 26 21 at
3090 2477 55 21 such
3153 2482 14 15 a
3175 2475 115 21 moderate
3300 2475 92 27 charge.

2850 2550 175 22 REMEMBER
3036 2549 61 21 FOR
3105 2549 62 20 ONE
3177 2549 110 20 MONTH
3299 2549 93 20 ONLY.

2877 2609 49 21 The
2933 2610 52 20 vast
2994 2608 131 26 experience
3141 2606 108 22 obtained
3260 2606 32 26 by
3305 2606 86 21 C.H.M

2850 2645 26 20 in
2884 2644 43 23 the.
2933 2643 156 21 innumerable
3097 2642 113 21 branches
3223 2642 24 20 of
3255 2642 41 20 the
3306 2641 83 26 photo-

2850 2678 95 27 graphic
2954 2677 38 21 art
3001 2677 85 25 during
3097 2676 36 20 his
3142 2675 85 20 Indian
3236 2674 46 21 and
3291 2674 99 21 Austral-

2850 2713 39 20 ian
2908 2712 92 24 travels,
3014 2710 47 21 and
3079 2710 39 21 the
3140 2709 115 26 thorough
3274 2709 117 26 apprecia-

2850 2747 50 19 tion
2909 2745 29 26 by
2946 2746 41 19 the
2996 2744 94 27 general
3106 2743 78 26 public
3197 2742 23 20 of
3236 2742 40 20 the
3288 2748 70 18 same,
3366 2743 23 19 is

2850 2779 111 20 sufficient
2976 2778 124 26 guarantee
3109 2776 54 21 that
3182 2776 31 20 all
3231 2775 62 21 work
3310 2775 80 20 issued

2850 2813 60 20 from
2916 2813 36 19 his
2961 2812 87 20 Atelier
3055 2811 44 19 will
3105 2811 29 19 be
3143 2809 24 21 of
3173 2809 40 21 the
3220 2808 94 26 highest
3319 2808 69 21 order

2876 2928 81 21 WILL
2968 2928 41 20 DO
3018 2926 53 21 HIS
3081 2926 72 21 OWN
3163 2923 196 23 OPERATIONS.

2851 2992 108 21 Studio—
2959 2992 42 19 lso
3008 2990 105 21 Colombo
3123 2990 77 23 street,
3219 2986 170 22 Christchurch.

3013 3022 157 25 Telephone—
3168 3020 43 20 No.
3221 3020 47 20 592.

2893 3120 47 32 R.
2987 3117 54 33 H.
3086 3112 259 37 PARISH,

2978 3177 103 29 Easti
3104 3159 160 46 Oxford

2853 3239 47 18 one
2912 3229 27 26 of
2949 3229 43 25 the
3002 3228 93 31 largest
3105 3225 145 28 purchasers
3266 3224 28 23 in
3305 3222 84 24 North

3030 3265 150 30 Canterbury
3198 3262 24 24 of

2853 3307 186 28 EDWABDB,
3062 3302 223 31 BENimTTSJ'
3308 3300 84 25 CO.'S

3054 3345 73 27 Slock
3143 3344 27 25 of

2938 3472 32 25 be
2992 3471 54 25 sold
3068 3470 79 25 below
3170 3467 132 26 wholesale
3327 3465 68 24 cosfc..

2886 3556 212 40 BUERELL
3114 3550 243 42 BROTHERS-

2933 3602 374 36 PHOTOGRAPHEKS

2854 3659 66 22 Have
2923 3658 108 21 removed
3034 3658 24 20 to
3062 3662 61 16 more
3128 3653 150 23 commodious
3282 3651 114 27 premises

2966 3690 165 26 VICTOEIA
3150 3685 134 29 STREET

2856 3743 118 29 Opposite
2996 3742 130 24 Salvation
3154 3738 78 29 Army
3262 3734 134 25 Barracks.

2889 3773 57 25 And
2957 3781 44 17 are
3013 3773 77 30 doing
3107 3768 150 26 Enamelled
3276 3766 119 25 Cabinets

2855 3813 38 25 for
2904 3813 43 33 8/6
2957 3820 45 25 per
3012 3812 88 26 dozen.
3125 3810 76 25 Great
3212 3804 184 34 Photographic

2858 3852 126 31 Surprise-
3027 3851 57 24 One
3112 3850 25 23 of
3158 3847 45 25 the
3225 3846 94 29 largest
3340 3851 59 17 ever

2857 3890 161 24 introduced.'
3055 3890 78 23 From
3156 3886 61 25 Dec.
3239 3885 73 24 11th.
3331 3883 68 24 until

2858 3928 41 24 the
2911 3928 62 24 New
2984 3928 75 24 Year.
3094 3928 55 22 One
3159 3926 89 23 Dozen
3265 3923 70 29 large
3345 3921 53 24 size

2858 3966 148 26 Enamelled
3021 3966 96 26 Photos
3128 3971 39 19 tor
3182 3963 52 33 15/-
3247 3962 74 26 usual
3331 3960 69 32 price

2860 4008 37 24 £1
2910 4008 54 25 10s.
3001 4008 93 25 Securo
3106 4014 18 17 a
3142 4004 97 32 deposit
3260 4002 78 25 ticket
3359 4003 43 23 for

2859 4045 42 32 2/G
2913 4053 57 17 now
2972 4066 2 6 :
2984 4045 85 31 ready.
3187 4043 23 24 is
3220 4064 7 7 ,
3229 4041 40 26 the
3292 4041 111 29 greatest

2860 4081 99 28 wonder
2970 4085 26 23 of
3013 4085 46 24 the
3081 4092 56 24 uge.
3172 4083 78 24 Don't
3266 4079 62 25 miss
3351 4078 54 27 this

2860 4123 101 26 chance.
3081 4135 12 18 .;

2892 4158 373 44 BUEREI^;BiI|[TJBEEcJ

3133 4205 5 8 '
3142 4196 201 38 Btfoi©gr.aphera

2983 4253 112 26 Victoria
3111 4253 89 32 Street,
3218 4252 192 40 Guriitfcli^rcli-

2452 980 116 24 GEEAT
2599 981 87 26 SALE

2557 1025 31 18 OF

2308 1052 208 32 TEWELLBY,
2552 1055 179 29 WATCHES,
2765 1057 73 25 DIA-

2301 1087 22 22 O
2465 1087 99 25 MOND
2583 1088 121 29 GOODS,

2303 1122 129 26 SILVEB
2449 1124 72 25 AND
2543 1125 286 25 ELECTEO-PLATE

2301 1158 48 27 AT
2366 1161 23 24 A
2406 1160 174 26 DISCOUNT
2605 1162 44 25 OF
2665 1164 30 24 4s
2711 1163 39 25 IN
2767 1164 70 25 THE

2401 1200 126 30 POUND,
2540 1202 69 24 FOB
2621 1202 22 24 A
2660 1202 87 26 FEW-

2453 1240 125 25 WEEKS
2587 1241 101 25 ONLY.

2338 1281 115 29 £10,000
2470 1282 74 25 value
2556 1284 26 24 to
2594 1283 77 25 select
2693 1284 66 25 from
2780 1285 26 25 at
2839 1280 2 42 j

2304 1338 67 45 M.
2434 1341 403 49 SANDSTEIN

2315 1415 108 22 DIRECT
2437 1418 154 25 IMPOETEB,
2619 1419 206 22 WATCHMAKER

2449 1454 60 20 AND
2524 1454 164 26 JEWELLER,

2302 1488 115 22 CASHEL
2432 1491 40 19 ST.
2492 1491 88 24 WE3T,
2603 1492 231 22 OELRISTCHURCH

2443 1590 166 26 Established
2621 1593 74 26 1862.

2326 1663 31 19 M.
2369 1663 162 23 SANDSTEIN
2540 1665 41 21 has
2596 1666 116 26 appointed
2721 1667 44 21 Mb.
2775 1668 24 20 R.
2810 1668 29 21 H.

2297 1694 83 22 Pabish
2395 1702 24 15 as
2435 1697 36 20 his
2487 1698 80 21 Oxford
2580 1700 104 24 AGENT,
2699 1701 48 20 who
2763 1701 44 21 will
2815 1703 25 19 at

2298 1733 44 20 any
2350 1727 53 22 time
2411 1734 96 21 procure,
2521 1736 29 14 on
2566 1731 148 28 approbation,
2733 1733 107 25 Watches,

2298 1760 83 25 Clocks,
2391 1762 44 20 and
2444 1763 116 25 Jewellery,
2579 1771 24 13 or
2619 1764 36 20 his
2668 1766 80 20 Oxford
2763 1766 77 21 clients

2299 1793 22 20 to
2332 1793 65 21 select
2410 1794 64 26 from,
2486 1797 23 19 at
2519 1796 37 21 the
2574 1802 59 16 same
2642 1798 58 25 price
2716 1804 25 16 as
2748 1799 92 26 charged

2298 1825 23 19 at
2330 1824 38 21 the
2378 1825 153 22 Christchnrch
2540 1827 180 23 Establishment.

2342 1879 58 39 M,
2446 1879 337 43 SANDSTEIN

2446 1937 112 20 OASHEL
2571 1938 120 25 STREET,

2387 1978 362 29 CHBISTCHU.BCH.

2318 2070 262 45 WALTER
2640 2074 178 45 EYDE.

2405 2163 117 20 TIMBER
2547 2164 177 23 MERCHANT.

2380 2230 118 30 WEST
2573 2231 183 39 OXFOBD.

2298 2293 261 83 robekT
2605 2320 232 70 fisheb,

2333 2393 177 27 GENERAL
2537 2394 266 27 STOREKEEPER

2296 2441 97 47 Teas,
2435 2440 133 48 Coffees,
2606 2441 130 47 Cocoas,
2768 2441 70 39 and

2402 2490 143 37 General
2557 2489 195 38 -Groceries-

2347 2538 147 31 WEST
2558 2538 225 31 OXFORD.

2452 2646 231 45 DRINK

2333 2716 184 38 HYSLOP'
2531 2716 123 38 PURE
2676 2716 101 38 TEA.

2301 2771 65 32 The
2380 2772 93 31 finest
2486 2772 55 30 the
2554 2771 106 30 World
2677 2771 159 40 produces.

2302 2825 76 31 Sold
2387 2825 45 39 by
2461 2823 51 31 Mr
2526 2823 36 31 F.
2578 2827 39 26 A.
2646 2824 190 36 Waterman,

2340 2870 82 29 East
2433 2869 130 33 Oxford.

2302 2921 53 29 Mr
2374 2921 34 29 R.
2423 2921 121 35 Fisher,
2561 2919 91 31 West
2665 2920 131 30 Oxford.

2301 2966 51 30 Mr
2365 2965 111 31 Alfred
2489 2966 72 36 Lee,
2584 2964 128 31 Oxford.

2300 3013 50 30 Mr
2365 3014 37 29 E.
2418 3013 50 29 W.
2498 3011 129 40 Cooper,
2657 3011 88 37 Oust,
2775 3012 61 29 and

2339 3069 96 29 many
2455 3059 111 29 others.

2304 3144 27 45 C
2360 3139 480 76 MANNINBIJJOMPANY

2503 3227 140 23 LIMITED.

2331 3286 272 26 CHBISTCHUBOH
2623 3284 185 27 BBEWEBY.

2536 3344 62 20 THE

2436 3427 132 21 BREWED
2577 3427 41 19 BY
2632 3426 71 20 THIS

2392 3465 371 34 COIMCI^^JSrY

2495 3518 85 21 PROM
2589 3518 62 20 THE

2419 3611 46 21 Are
2475 3610 176 26 acknowledged
2658 3611 26 20 to
2692 3610 29 21 be

2302 3650 149 21 SUPERIOR
2460 3650 36 21 IN
2507 3649 137 22 QUALITY
2654 3649 38 20 TO
2700 3649 65 20 ANY
2771 3648 69 21 PRO-

2369 3679 103 21 DUCED
2485 3679 36 21 IN
2535 3679 74 21 NEW
2623 3679 150 20 ZEALAND.

2329 3716 110 26 Supplied
2444 3716 111 21 toHotels
2561 3716 47 21 and
2615 3716 93 20 Private
2714 3716 126 21 Customers

2302 3743 24 19 in
2335 3742 144 25 Hogsheads,
2489 3743 101 23 Barrels,
2601 3742 140 23 Kilderkins,
2751 3742 46 19 and
2806 3744 34 17 10-

2301 3768 89 26 --gallons
2400 3768 63 26 Kegs
2473 3768 62 26 only.

2303 3819 118 43 PALE
2444 3819 91 43 ALE
2559 3819 96 43 AND
2685 3819 155 43 EXTRA

2497 3871 135 40 STOUT

2387 3919 94 21 Bottled
2503 3921 25 19 in
2538 3921 85 24 Quarts
2633 3921 48 19 and
2689 3921 72 19 Pints.

2336 3977 264 78 SMITH
2628 3977 60 78 &
2713 3979 108 91 Co.,

2315 4074 72 25 THE
2396 4074 159 24 LEADING
2563 4074 120 24 FBAME
2692 4074 142 25 MAKERS

2307 4114 121 21 CORNEB
2448 4113 142 21 COLOMBO
2611 4113 18 20 &
2649 4114 191 23 GLOUCESTER

2361 4145 141 21 STREETS.
2549 4146 242 21 CHRISTCHURCH.

2391 4182 55 24 The
2452 4183 117 30 cheapest
2577 4182 63 31 shop
2646 4182 29 24 in
2682 4183 86 25 Town.

2342 4225 137 32 Importers
2491 4225 27 26 of
2527 4225 152 33 Mouldings,
2699 4226 83 31 Glass,
2794 4227 46 25 En-

2408 4266 116 29 gravings
2547 4266 50 24 and
2626 4266 123 26 Pictures.

1751 1052 80 51 H.
1858 1052 62 53 J.
1939 1053 348 55 LAMING

1986 1174 63 21 AND

1753 1210 289 38 HARNESS
2078 1212 209 38 MAKER

1899 1261 72 24 Neap.
1989 1261 151 30 Saleyakds,

1787 1303 46 40 O
1858 1303 65 40 2£
1948 1304 196 40 FOB
2170 1306 45 38 D
2242 1333 14 11 .

1750 1375 88 25 Orders
1851 1376 51 25 and
1918 1376 106 32 Eepairs
2035 1378 126 31 promptly
2172 1378 115 24 executed

1914 1421 27 23 at
1951 1420 87 24 lowest
2050 1423 75 22 rates.

1854 1484 144 40 HORSE
2022 1484 164 41 COVERS

1751 1535 100 39 made
1864 1534 37 40 to
1918 1536 102 39 Order
2035 1537 69 39 and
2119 1537 168 49 Repaired

1766 1597 22 22 A
1801 1597 77 24 Stock
1890 1597 28 24 of
1927 1598 82 23 Horse
2021 1598 123 24 Medicine
2156 1605 34 17 on
2198 1598 75 29 hand,

1826 1638 162 21 SOLOMON'S
2005 1639 150 21 SOLUTION
2169 1640 36 21 &c.

1770 1701 56 44 E.
1848 1701 58 45 R.
1924 1701 344 45 ALLPEESS

1860 1771 135 26 Consulting
2003 1772 47 20 and
2056 1772 90 27 Family
2151 1772 106 26 Chemist,

1803 1813 3 3 •
1849 1805 3 4 '
1940 1804 57 24 239.
2011 1804 91 24 Cashel
2113 1804 81 24 Street
2208 1805 77 29 West,

2007 1840 277 28 CHEISTCHUBOH.

1857 1879 10 31 (
1875 1879 66 24 Next
1950 1879 107 24 Zetland
2069 1880 75 25 Arms
2156 1880 77 25 Hotel
2240 1882 11 32 )
2284 1898 3 2 ■

1751 1928 42 27 (34
1801 1934 65 20 years
1882 1929 132 25 experience
2027 1929 26 20 at
2061 1929 73 21 Home
2143 1931 47 19 anrd
2205 1936 25 14 in
2246 1930 41 21 the

1961 1960 102 21 Colonies
2068 1961 8 26 )

1776 1992 38 19 Mr
1823 1991 102 25 Allpress
1934 1992 56 25 begs
2005 1992 25 20 to
2039 1993 81 20 tender
2132 1993 37 20 his
2185 1993 102 25 grateful

1751 2023 82 20 thanks
1843 2024 24 18 to
1876 2023 35 19 his
1925 2028 120 16 numerous
2055 2024 81 20 clients
2145 2025 142 25 throughout

1750 2055 142 25 Canterbury
1899 2054 37 21 for
1944 2055 41 21 the
1995 2057 94 25 support
2096 2056 74 21 which
2177 2057 42 19 has
2228 2057 57 20 been

1749 2087 138 22 vouchsafed
1904 2088 24 20 to
1948 2088 50 20 him
2012 2088 84 27 during
2115 2089 41 21 the
2178 2090 107 20 nineteen

1749 2129 65 21 years
1823 2122 29 21 he
1862 2122 41 21 has
1913 2121 104 23 followed
2026 2123 36 21 his
2078 2123 124 27 profession
2212 2124 24 21 in
2246 2124 39 21 the

1750 2157 115 24 Province,
1892 2155 45 21 and
1950 2156 90 27 finding
2062 2157 20 20 it
2105 2157 121 21 incumben
2236 2158 12 20 t
2261 2157 24 20 to

1749 2190 120 21 centralize
1887 2190 37 20 his
1937 2190 104 21 business
2055 2191 25 20 in
2103 2191 65 21 order
2181 2192 25 19 to
2228 2192 57 25 keep

1748 2223 48 20 him
1809 2223 26 21 in
1848 2224 70 20 touch
1932 2224 54 20 with
2003 2225 35 19 his
2058 2225 128 25 supporters
2201 2225 25 19 in
2245 2224 40 20 the

1749 2255 153 26 surrounding
1910 2256 97 25 country
2013 2256 108 23 districtSj
2129 2256 29 20 he
2165 2256 42 19 has
2214 2255 71 21 taken

1748 2288 40 21 the
1798 2288 70 21 above
1877 2289 109 25 premises
1996 2289 73 21 where
2087 2289 29 20 he
2125 2289 50 20 will
2184 2289 28 20 be
2229 2289 55 26 glad

1748 2322 24 20 to
1781 2322 87 21 receive
1878 2322 37 20 his
1924 2322 87 21 friends
2019 2322 131 27 personally
2162 2329 26 14 or
2196 2322 87 21 receive

1748 2354 61 20 their
1818 2354 77 19 orders
1909 2360 42 19 per
1962 2354 59 25 post.
2049 2354 43 20 His
2110 2354 62 19 Well
2189 2354 94 22 Known,

1748 2385 67 20 Tried
1839 2384 46 21 and
1906 2384 122 27 Approved
2050 2383 119 22 Remedies
2195 2385 36 19 for
2252 2385 31 19 all

1748 2412 82 21 classes
1840 2411 24 21 of
1881 2411 105 21 Diseases
1996 2418 39 14 ai*e
2043 2418 51 14 now
2099 2418 28 15 so
2137 2411 51 21 well
2201 2412 82 21 known

1748 2446 25 15 as
1791 2440 25 21 to
1829 2439 59 21 need
1907 2446 30 14 no
1955 2439 90 21 further
2067 2439 102 21 mention
2193 2440 24 20 in
2236 2439 47 21 this

1747 2467 136 26 necessarily
1894 2467 65 21 short
1968 2467 185 20 advertisement.

1774 2494 21 20 A
1803 2494 45 19 full
1855 2494 63 25 price
1927 2494 50 19 list
1986 2494 22 19 of
2017 2494 32 19 all
2058 2493 36 20 his
2103 2494 92 19 various
2212 2494 71 19 Rem-

1747 2519 61 21 edies
1817 2525 42 15 can
1869 2520 28 20 be
1907 2520 46 20 had
1962 2520 55 19 Post
2029 2520 58 19 Free
2096 2524 29 14 on
2138 2519 144 26 application,

1747 2547 46 19 and
1805 2552 83 21 among
1902 2547 64 20 them
1975 2546 89 20 besides
2073 2546 66 20 those
2148 2546 23 20 of
2180 2552 15 14 a
2202 2545 81 26 purely

1747 2573 97 21 Medical
1864 2573 120 21 Character
2002 2573 48 19 will
2066 2572 28 21 be
2112 2571 74 21 found
2200 2572 80 25 Horse,

1748 2601 73 20 Cattle
1836 2600 46 20 and
1898 2601 51 26 Dog
1964 2599 132 22 Medicines,
2111 2599 22 20 of
2147 2599 137 21 .undoubted

1747 2627 89 25 efficacy
1845 2627 103 24 together
1962 2627 55 19 with
2031 2627 21 19 A
2068 2626 59 20 Host
2136 2626 23 20 of
2169 2627 115 19 Domestic

1747 2653 105 21 Utilities
1861 2653 73 21 Toilet
1948 2653 159 26 Preparations
2116 2653 19 19 &
2144 2653 139 24 Perfumery.

1774 2680 42 20 Mr.
1820 2680 102 26 Allpress
1931 2680 86 20 invites
2032 2679 149 26 applications
2196 2679 37 20 for
2247 2678 37 22 his

1746 2707 51 21 List
1806 2707 46 20 and
1868 2707 46 21 will
1927 2707 56 20 send
1992 2707 57 20 Free
2058 2706 24 20 of
2090 2712 97 20 expence
2196 2712 30 14 on
2235 2712 49 14 rec-

1748 2734 48 25 eipt
1805 2733 23 21 of
1838 2734 56 20 Five
1904 2734 105 25 shillings
2019 2733 46 20 and
2075 2733 102 25 upwards
2189 2733 25 19 in
2223 2733 61 25 post-

1747 2760 23 20 al
1779 2761 66 19 notes
1855 2766 25 14 or
1888 2760 66 20 order
1964 2766 46 19 any
2015 2759 80 20 article
2102 2759 83 20 named
2195 2758 89 21 therein

1748 2787 56 20 such
1814 2787 66 20 order
1894 2794 52 19 may
1956 2787 105 19 emanate
2075 2787 56 19 from
2142 2792 42 14 one
2192 2791 90 20 person,

1747 2820 25 14 or
1780 2814 28 20 be
1819 2813 64 21 made
1892 2820 31 19 up
1932 2820 83 19 among
2024 2813 137 25 neighbours
2170 2813 50 19 who
2233 2818 52 20 may

1748 2840 83 26 depute
1850 2846 41 15 one
1905 2840 23 20 of
1943 2840 62 21 their
2017 2839 96 21 number
2123 2840 26 20 to
2164 2840 65 20 make
2245 2839 40 20 the

1747 2867 140 24 remittance,
1896 2867 87 20 receive
1986 2867 40 19 the
2035 2866 70 26 goods
2109 2866 46 20 and
2164 2866 121 20 distribute

1747 2893 41 21 the
1797 2899 62 15 same
1868 2899 29 15 on
1906 2893 92 21 arrival.

1747 2926 78 26 Agent
1833 2926 37 21 for
1880 2926 87 21 Oxford
1975 2926 147 21 and'District
2128 2926 36 20 Mr
2170 2926 28 20 B.
2205 2925 80 22 Keats.

1796 2986 190 53 Money
2000 2987 54 41 to
2076 2985 154 43 Lend.

1803 3070 19 29 I
1836 3070 79 30 have
1944 3080 113 29 money
2085 3074 33 24 to
2146 3070 73 29 lend
2254 3070 30 28 in

1749 3110 85 40 large
1859 3119 35 21 or
1922 3110 92 30 small
2042 3119 85 21 sums
2165 3119 30 21 to
2225 3110 62 30 suit

1748 3152 180 29 Borrowers
1958 3156 34 25 at
2019 3150 109 31 lowest
2161 3155 126 26 current

1748 3196 92 26 rates.

1829 3230 193 32 WILLIAM
2044 3230 156 38 HOBAN,

1924 3271 190 28 SOLICITOE,
2286 3274 2 33 |

1782 3310 50 22 204
1843 3308 122 25 Hereford
1975 3308 40 24 St.
2029 3308 197 24 Chkistchurbh
2237 3309 50 22 and

1959 3345 111 25 Kaiapoi.

1750 3437 13 20 *
1775 3441 127 36 THE
1923 3439 128 38 RED
2065 3440 221 39 HOUSE'

1888 3490 74 21 under
1970 3490 42 21 the
2021 3490 123 21 Verardah

1751 3530 40 19 109
1810 3528 106 21 Colombo
1934 3528 64 21 Sreet
2027 3528 242 21 CHEISTCHUECH.

1800 3564 157 41 JOHN
1996 3564 235 38 WILSON

1751 3617 99 21 General
1857 3616 89 23 Dealer,
1961 3615 126 21 Furniture
2096 3616 90 25 Broker,
2198 3617 18 20 &
2221 3618 66 20 Hotel

1805 3653 117 21 Valuator.
1962 3652 147 21 Established
2119 3654 29 19 20
2155 3653 79 21 Years.

1752 3707 61 23 John
1822 3705 90 21 Wilson
1916 3705 115 21 embraces
2040 3705 39 20 the
2088 3705 93 25 present
2186 3707 101 25 opportu-

1754 3732 49 25 nity
1812 3732 26 20 to
1850 3731 75 20 thank
1934 3731 37 20 his
1982 3732 130 24 supporters
2121 3731 36 20 for
2165 3732 63 20 their
2237 3738 50 14 eus-

1753 3759 47 19 toin
1809 3757 47 20 and
1863 3758 126 25 patronage
2002 3757 46 19 and
2063 3762 90 15 assures
2163 3757 66 20 them
2237 3758 50 20 that

1753 3791 25 14 as
1786 3785 25 19 in
1821 3784 40 20 the
1868 3784 52 25 pwt
1929 3783 29 21 he
1974 3783 21 20 is
2007 3782 109 26 prepared
2124 3783 25 21 to
2158 3784 82 26 supply
2249 3784 38 21 the

1753 3812 52 21 best
1814 3811 124 20 Furniture
1948 3810 44 25 &c,
2007 3809 37 21 kc.
2060 3810 25 20 at
2099 3810 74 26 prices
2188 3811 59 27 fully
2263 3811 24 21 20

1753 3846 40 19 per
1803 3838 53 20 cent
1863 3838 46 20 less
1916 3838 58 20 than
1984 3836 111 21 hitherto.

1808 3875 60 20 John
1890 3874 89 19 Wilson
2005 3873 47 20 ■will
2075 3873 92 20 furnish
2186 3880 15 13 a
2220 3874 67 21 house

1753 3900 137 24 throughout
1896 3900 37 18 for
1942 3900 53 22 i>2o,
2025 3900 62 18 John
2095 3900 89 19 Wilson
2193 3901 48 18 will
2248 3902 39 19 sell

1754 3933 45 19 you
1812 3932 14 15 a
1848 3924 116 21 Duchease
1988 3923 71 22 Chest
2067 3925 112 20 Drawee™
2189 3925 37 21 for
2239 3926 48 27 50/-.

1781 3952 60 21 John
1849 3951 89 22 Wilson
1956 3951 47 21 will
2022 3951 43 21 sell
2083 3956 46 19 you
2144 3957 15 14 a
2177 3952 71 23 Chest
2268 3953 19 20 of

1754 3981 103 20 Druwera
1866 3979 35 20 for
1911 3978 51 25 20/-.
2004 3978 60 21 John
2073 3978 90 21 Wilson
2185 3980 46 19 will
2250 3980 37 21 sell

1754 4013 46 19 you
1827 4005 89 21 Double
1944 4005 54 20 Iron
2021 4005 127 20 Bedtiteads
2179 4006 38 20 for
2240 4007 47 26 25/-.

1756 4033 82 25 Spring
1847 4032 132 20 Mattresses
1988 4031 46 27 25/-
2043 4031 123 20 Palliasses
2176 4038 45 20 any
2229 4034 58 24 price

1755 4065 46 21 you
1813 4058 53 21 lixe.
1904 4057 145 26 Everything
2063 4058 76 25 cheap'
2149 4058 138 28 Everything

1756 4085 58 28 goed
1823 4085 46 20 an*
1878 4090 46 21 you
1932 4090 43 14 can
1989 4085 40 25 get
2039 4085 138 25 everything
2185 4085 60 20 from
2253 4086 34 21 the

1756 4112 74 21 useful
1838 4112 63 20 littl*
1909 4111 80 21 needle
2003 4111 26 20 to
2047 4111 40 20 the
2105 4111 127 26 proverbial
2254 4119 33 14 a*.-

1755 4140 60 20 ch»r.

1755 4166 62 21 THB
1835 4165 62 22 BED
1913 4163 109 22 HOUSE.
2045 4164 41 20 109
2096 4163 104 23 Colombo
2210 4165 77 24 Street.

1919 4191 81 21 JOHN
2015 4191 129 20 WILSON.

1782 4219 106 22 Furmitut
1894 4224 12 14 •
1915 4217 100 27 B»ught,
2030 4217 50 20 sold
2103 4224 24 14 *r
2147 4237 3 2 .
2156 4219 88 21 txcba*
2261 4232 3 10 :

1756 4247 63 22 Sale*
1835 4244 110 23 atttaded
1953 4250 29 15 on
1991 4243 149 22 co«nußßi»n.

1200 978 175 45 JOHN
1447 977 287 54 INGRAM,

1201 1107 106 25 LICENCED
1327 1108 57 24 LAND
1395 1107 93 29 BROKER,
1504 1107 124 28 VALUATOR,
1644 1106 90 29 ESTATE,

1215 1137 132 30 INSURANCE,
1358 1139 15 24 &
1383 1139 100 25 GENERAL
1494 1139 138 25 COMMISSION
1643 1137 80 26 AGENT.

1199 1173 68 25 Agent
1271 1173 37 25 for
1318 1174 34 19 the
1361 1174 103 19 National
1473 1174 113 19 Insurance
1598 1173 103 25 Company
1716 1176 18 20 of

1376 1205 50 19 New
1441 1205 101 19 Zealand.

1223 1236 171 30 OXFORD
1416 1238 28 26 &
1469 1235 252 31 SHEFFIELD.

1420 1299 2 6 :
1452 1289 31 22 +
1581 1303 3 3 .

1200 1329 148 26 Fortnightly
1358 1329 97 21 Auction
1467 1329 63 21 Sales
1539 1328 55 21 held
1603 1329 25 19 in
1631 1328 41 20 the
1680 1329 54 19 Mar-

1200 1364 40 20 ket
1249 1364 75 20 Yards
1334 1363 129 24 OXFORD,
1474 1369 69 19 every
1553 1362 81 21 second
1653 1362 81 20 Thurs-

1201 1396 49 25 day.
1266 1395 108 26 Monthly
1384 1395 64 21 Sales
1458 1395 55 21 held
1523 1395 24 20 at
1556 1395 90 20 Market
1655 1394 79 24 Yards,

1202 1427 178 20 SHEFFIELD.
1443 1427 94 20 Private
1555 1426 100 21 Auction
1674 1425 60 21 Sales

1200 1459 142 20 undertaken
1352 1465 46 19 any
1406 1459 54 26 part
1469 1458 24 20 of
1502 1459 40 20 the
1554 1459 102 25 country.
1683 1458 51 20 Pro-

1199 1492 65 25 perty
1275 1491 100 26 Bought,
1385 1490 59 23 Sold,
1455 1497 26 13 or
1489 1491 48 19 Let.
1550 1489 47 21 and
1603 1489 131 21 Valuations

1200 1525 109 26 carefully
1319 1525 73 21 made.
1422 1524 66 21 Land
1497 1524 105 26 Brought
1611 1524 73 20 under
1697 1524 37 20 the

1200 1560 106 20 Transfer
1314 1560 51 23 Act,
1395 1558 126 25 Transfers,
1536 1558 89 25 Leases,
1639 1558 18 20 &
1662 1558 72 20 Deeds

1200 1592 22 20 of
1231 1592 133 25 Mortgages
1379 1591 77 20 drawn
1466 1597 36 19 up.
1541 1589 84 27 Money
1633 1590 101 20 invested

1200 1623 47 19 and
1255 1623 108 19 obtained
1372 1623 35 18 for
1416 1622 86 19 Clients
1512 1627 29 13 on
1551 1622 129 23 Mortgage.
1699 1619 35 21 In-

1233 1660 95 14 surance
1346 1652 96 22 effected
1459 1659 28 14 on
1497 1652 125 26 Btiildings
1631 1652 24 20 of
1664 1658 45 20 any

1429 1685 47 19 and
1485 1684 62 20 their
1556 1684 110 20 contents.

1201 1722 59 21 HAS
1274 1722 56 21 FOR
1345 1721 71 22 SALE
1433 1720 38 21 BY
1487 1720 124 21 PJiIVATE
1625 1719 109 21 TREATY

1227 1759 21 20 A
1257 1759 56 24 good
1330 1758 157 26 Agricultural
1496 1757 46 20 and
1550 1758 104 19 Pastoral
1669 1757 65 19 Farm

1200 1790 130 24 containing
1340 1790 40 19 522
1389 1795 63 14 acres
1462 1789 113 21 Freehold
1582 1788 17 20 &
1605 1790 41 19 240
1659 1789 75 20 Lease-

1200 1823 53 21 hold
1262 1824 26 20 at
1297 1822 64 22 View
1370 1823 51 20 Hill
1431 1823 96 20 devided
1534 1823 48 19 into
1593 1823 26 19 12
1624 1821 110 27 paddocks

1200 1858 52 21 well
1259 1858 100 21 watered
1367 1857 80 22 within
1457 1856 28 27 4£
1494 1857 65 21 miles
1568 1856 60 21 from
1637 1856 97 26 Railway

1201 1891 98 22 Station,
1314 1889 140 21 substantial
1474 1889 12 20 5
1497 1889 91 20 roomed
1606 1889 74 19 House
1699 1894 35 14 sur

1201 1922 101 23 rounded
1315 1924 32 25 by
1354 1930 15 13 a
1377 1922 51 21 nice
1436 1922 138 26 plantation,
1584 1922 65 26 large
1659 1922 75 20 Stable

1201 1957 46 21 and
1255 1958 40 20 out
1307 1957 56 21 heds
1372 1957 95 21 thereon
1467 1967 28 3 —
1495 1956 66 27 price'
1565 1962 57 20 very
1629 1955 49 21 low.

1228 2006 41 20 150
1285 2005 69 21 Acres
1373 2005 23 20 at
1415 2004 65 21 View
1499 2004 48 20 Hill
1566 2003 44 20 and
1629 2003 105 25 complete

1201 2036 49 20 Saw
1259 2036 50 20 mill
1318 2036 73 26 plant,
1396 2036 92 23 Horses,
1497 2035 108 21 Bullocks
1612 2035 43 20 etc.

1387 2069 64 21 Price
1473 2070 67 21 £750.
1559 2066 4 7 '

1227 2104 41 20 308
1278 2103 69 21 Acres
1358 2103 116 26 adjoining
1485 2102 40 21 the
1535 2102 81 25 above.

1361 2137 64 21 Price
1443 2143 56 19 very
1516 2136 52 21 low.

1296 2191 34 20 On
1340 2190 92 21 account
1441 2190 23 21 of
1473 2190 36 20 Mr
1525 2190 123 21 Allpbess.

1227 2233 42 21 His
1278 2239 51 21 very
1337 2233 174 22 nice'residence
1521 2233 98 27 opposite
1629 2233 39 21 the
1681 2232 53 21 Par-

1199 2270 81 20 sonage
1287 2265 58 21 East
1349 2265 85 21 Oxford
1440 2266 36 20 for
1482 2266 47 20 sale
1538 2272 57 19 vary
1601 2265 77 26 cheap,
1687 2264 47 20 half

1200 2303 50 15 acre
1259 2296 24 22 of
1292 2297 61 25 land,
1364 2297 56 26 good
1430 2297 93 27 garden.

1262 2334 35 21 On
1298 2349 6 8 v
1306 2335 97 20 account
1414 2334 22 21 of
1445 2334 41 20 Mb
1495 2335 78 20 James
1587 2333 94 21 Fisher.

1225 2367 15 19 4
1243 2373 63 14 acres
1316 2367 23 20 of
1357 2367 56 21 land
1431 2366 107 27 dwelling
1556 2367 71 20 house
1640 2367 94 20 thereon

1199 2399 64 27 quite
1272 2406 15 14 a
1295 2399 105 27 bargain.

1225 2438 53 22 Also
1294 2438 26 22 57
1334 2439 69 21 Acres
1413 2438 23 22 of
1446 2437 72 28 really
1527 2438 60 27 good
1594 2437 57 22 land
1657 2437 77 22 fenced

1198 2477 24 19 in
1233 2476 56 25 good
1302 2477 72 23 heart,
1398 2476 44 20 and
1464 2476 26 20 in
1512 2476 60 25 good
1594 2475 65 21 order
1681 2481 53 15 near

1198 2512 159 21 Waimakariri
1358 2524 26 3 —
1384 2513 61 27 price
1463 2512 138 21 reasonable.

1287 2566 37 21 On
1334 2566 97 21 account
1440 2564 24 22 of
1472 2565 38 21 Mr
1519 2564 35 21 W.
1564 2564 79 21 Munn.
1733 2581 2 11 ,

1225 2608 44 20 His
1288 2607 59 27 Shop
1367 2608 46 20 and
1430 2608 34 20 De
1466 2608 92 26 welling
1576 2607 78 21 House
1680 2608 54 20 with

1198 2644 49 21 half
1255 2650 51 15 acre
1315 2645 22 20 of
1345 2644 56 21 land
1410 2650 30 15 on
1457 2644 41 21 the
1507 2644 97 21 Terrace
1612 2645 68 20 West
1690 2634 44 31 Ox-'

1198 2681 57 22 ford.
1283 2682 21 21 A
1314 2682 49 21 real
1371 2681 103 27 bargain.

1262 2727 36 20 On
1307 2727 96 20 account
1412 2726 26 20 of
1447 2727 37 19 Mr
1494 2727 27 20 D.
1535 2726 135 26 Thompson.

1225 2768 11 21 1
1247 2775 51 15 acre
1307 2768 24 21 of
1340 2768 65 21 Land
1414 2768 56 21 with
1489 2768 98 26 Cottage
1596 2768 96 20 thereon
1710 2767 24 20 in

1197 2805 91 20 Church
1299 2805 73 20 Street
1381 2811 50 15 now
1440 2805 25 20 in
1474 2805 134 26 occupation
1619 2805 22 20 of
1650 2805 38 20 Mr
1697 2804 37 21 W.

1198 2842 106 21 Osborne.

1222 2884 134 22 WANTED
1370 2884 25 21 to
1405 2884 71 21 Lease
1485 2890 15 15 a
1509 2884 66 20 small
1584 2884 73 27 Dairy
1666 2884 68 20 Farm

1196 2918 60 20 from
1264 2918 28 19 40
1300 2917 25 21 to
1339 2917 40 19 100
1383 2922 69 15 acres.

1227 2949 46 21 For
1285 2949 137 26 particulars
1437 2948 72 27 apply
1521 2949 25 20 to

1197 3002 194 33 joehst
1422 2999 312 34 i]sro:R.AJvr

1253 3168 262 28 CALEDONIAN
1532 3168 147 26 HOUSE.

1196 3231 220 46 JAMES

1278 3287 83 26 BOOT.
1379 3286 85 26 SHOE.
1481 3287 25 25 &
1521 3284 132 28 SLIPPER-

1330 3317 265 30 Manufacturer.

1299 3363 119 32 WEST
1452 3360 182 33 OXFORD.

1198 3416 48 20 Has
1257 3421 29 15 on
1293 3415 65 21 hand
1367 3420 12 14 a
1389 3413 105 26 splendid
1501 3411 133 21 assortment
1640 3411 24 20 of
1669 3410 65 20 Boots

1198 3448 45 20 and
1253 3446 70 21 Shoes
1332 3444 67 21 made
1418 3450 30 13 on
1457 3444 40 19 the
1505 3443 107 26 premises
1632 3443 26 20 at
1666 3442 68 25 prices

1198 3477 52 20 that
1260 3477 53 25 defy
1321 3475 153 26 competition.
1502 3474 63 25 Boys
1572 3473 81 20 School
1661 3473 73 24 Boots,

1197 3509 58 20 back
1265 3514 72 14 seams
1347 3507 47 20 and
1401 3506 65 20 front
1474 3505 64 20 hand
1545 3510 67 18 sewn,
1620 3503 84 21 cannot
1709 3503 25 20 be

1198 3539 127 26 surpassed.
1356 3538 70 21 Men's
1435 3538 50 19 best
1490 3536 151 26 watertights,
1651 3535 83 26 pegged

1199 3570 49 28 15/-.
1288 3570 100 27 Bespoke
1411 3568 143 27 department
1576 3566 105 25 carefully
1705 3566 29 20 at-

1198 3603 69 21 tende
1297 3603 31 19 to.
1357 3601 40 21 Fit
1415 3601 47 20 and
1480 3598 171 27 Workmanship
1669 3598 65 21 Guar-

1197 3634 88 21 anteed.
1314 3632 93 26 Repairs
1416 3631 79 24 neatly
1504 3630 47 21 and
1558 3629 115 28 promptly
1682 3630 52 21 done

1198 3667 26 19 at
1231 3665 132 21 reasonable
1372 3664 73 26 prices

1210 3718 91 20 Branch
1314 3717 183 21 Establishment
1504 3723 5 12 :
1524 3716 61 19 Near
1603 3715 68 20 Town
1680 3713 54 21 Hall

1387 3743 58 20 Eist
1454 3742 93 19 Oxford.

1205 3982 88 43 ZING,
1315 3980 71 38 TIN,
1410 3980 64 37 AND
1498 3978 116 39 SHEET,
1640 3978 94 38 STEEL

1412 4043 138 22 WORKER

1240 4083 88 40 High
1351 4081 113 38 Street,
1487 4079 81 32 East
1590 4079 127 31 Oxford.

1207 4185 41 25 All
1259 4184 73 25 kinds
1344 4182 28 26 of
1386 4183 96 30 Pumps
1494 4181 78 25 Fixed
1582 4183 23 22 &
1622 4181 112 32 Repaired

1322 4227 27 24 at
1361 4225 44 26 the
1417 4225 110 25 shortest
1538 4224 93 25 notice.

198 1353 107 81 J.
401 1343 618 88 LOUGH,

167 1473 164 28 BUILDEE,
376 1469 246 30 UNDERTAKER,
669 1464 275 29 WHEELWRIGHT
978 1463 75 26 ETC.

266 1548 25 21 to
315 1545 76 30 notify
413 1545 26 23 to
461 1544 41 23 the
518 1542 81 32 public
614 1543 54 24 that
692 1541 32 24 he
744 1541 21 23 is
777 1538 130 33 appointed
926 1538 82 30 Agent
1025 1536 38 24 for
1081 1536 39 24 the

36 1633 260 45 WALTER
315 1633 55 51 A.
393 1630 229 46 WOOD'S
644 1631 241 44 Reapers
902 1627 34 42 &
956 1626 230 45 Binders

264 1731 217 41 Mowers
513 1729 100 42 and
644 1727 183 43 Rakes.

156 1826 60 21 ALL
243 1824 118 22 EXTRAS
389 1823 57 21 FOR
474 1820 98 23 THESE
598 1817 159 23 MACHINES
785 1816 81 21 KEPT
893 1816 35 20 IN
958 1812 100 25 STOCK.

36 1905 51 24 also
100 1904 38 23 W.
152 1903 30 24 A.
196 1902 101 25 Wood's
308 1901 92 24 Binder
411 1900 84 25 Twine
507 1899 51 24 and
568 1898 42 29 oil,
622 1896 139 28 Valvoline,
775 1894 94 28 Castor,
881 1893 89 25 Boiled
977 1893 21 23 &
1007 1892 62 25 Raw
1077 1889 109 26 Linseed

36 1947 48 30 Oil,
101 1946 118 30 Building
236 1943 128 26 Materials
387 1942 50 25 and
458 1942 180 30 Ironmongery
657 1939 27 25 of
701 1946 72 23 every
790 1936 151 31 description
953 1936 27 24 at
990 1934 106 25 -Lowest
1108 1934 77 24 Rates

26 1986 5 25 i
530 1983 81 30 Agent
627 1982 38 24 for

277 2039 63 20 THE
367 2036 205 22 MANCHESTER
599 2033 176 23 INSURANCE
803 2031 152 22 COMPANY.

123 2171 424 87 Infant's
638 2165 456 86 Powders

232 2294 86 33 FOR
338 2289 228 37 CHILDREN
599 2286 202 36 CUTTING
831 2285 154 34 TEETH

74 2340 89 29 Have
178 2339 115 39 proved
309 2347 58 19 one
382 2338 33 28 of
429 2338 53 28 the
497 2338 139 36 greatest
650 2334 98 28 boons
772 2342 72 19 ever
857 2330 187 30 introduced
1071 2333 33 25 to
1132 2329 54 28 the

30 2390 120 42 public.
196 2388 89 41 They
299 2398 53 20 are
368 2387 136 40 charged
519 2385 96 40 solely
634 2383 77 32 with
726 2393 19 20 a
773 2381 116 40 special
923 2379 203 41 preparation
1154 2378 32 29 of

29 2444 83 28 mine
128 2453 68 20 own
217 2441 61 30 and
295 2451 52 20 are
362 2438 191 41 guaranteed
568 2435 153 42 perfectly
745 2433 162 31 harmless.
966 2431 131 31 Fathers
1125 2429 61 41 and;

29 2492 139 31 Mothers
184 2491 35 31 of
229 2491 158 30 hundreds
403 2491 29 28 of
446 2488 136 30 families
596 2485 195 32 recommend
805 2485 86 28 them
916 2484 78 30 with
1008 2482 178 30 confidence

30 2555 34 19 as
79 2544 92 39 being
186 2543 100 39 ample
298 2544 32 27 to
345 2550 122 21 remove
479 2539 42 30 all
533 2539 51 29 the
596 2537 146 38 ordinary
755 2536 238 37 derangements
1007 2533 72 30 that
1093 2542 93 21 occur

32 2586 113 39 during
160 2583 159 31 dentition.

30 2669 124 40 THEY
171 2667 96 41 COOL
281 2665 90 41 THE
391 2663 127 45 GUMS,
763 2701 5 9 ,

116 2718 196 41 COMFORT
332 2717 90 38 THE
460 2715 145 39 CHILD,
647 2711 144 39 CHECK
815 2707 283 45 CONVULSONS,

358 2775 94 38 AND
467 2771 185 41 RENDER
672 2766 223 42 TEETHING
907 2765 129 52 QUITE
1050 2764 130 39 EASY.

71 2841 100 29 These
187 2839 143 29 Genuine
346 2836 146 30 Powders
509 2845 52 19 are
575 2834 33 29 in
623 2843 56 20 use
693 2832 43 38 by
750 2830 42 29 all
808 2828 110 31 classes
933 2828 33 30 of
981 2827 126 40 society,
1124 2827 61 29 and

30 2884 32 29 in
78 2881 42 31 all
135 2882 86 39 parts
236 2879 33 30 of
277 2877 77 31 New
369 2875 147 32 Zealand.

331 2928 61 26 Sold
403 2927 28 24 in
443 2926 81 25 Boxes
536 2922 147 32 containing
695 2922 31 24 12
739 2919 111 33 powders
863 2919 37 33 1/-

110 3002 363 29 G-TJjLia^IJT'X'EEXD
489 3000 309 25 PBEPECTLT
819 2995 302 24 :BLAJB3UEIiESS_

26 3043 61 24 Post
98 3042 52 23 free
161 3042 26 23 to
199 3047 48 23 aay
258 3041 56 28 part
325 3038 28 24 of
361 3038 63 24 New
435 3035 110 25 Zealand
552 3042 33 16 on
597 3033 147 25 remittance
754 3031 28 24 of
792 3030 46 32 1/-.
897 3028 124 30 Prepared
1033 3027 47 24 and
1090 3026 54 25 sold
1151 3026 33 31 by

426 3077 117 33 JOHN
565 3076 29 31 S.
621 3074 147 36 COOKE,

377 3128 146 34 .Registered
558 3124 211 28 Phar-macentical
787 3122 120 28 Chemist,

721 3162 112 28 Cashel
843 3165 8 6 '
860 3162 116 31 Street,

853 3196 280 27 OHRISTCHUROH.

201 3244 613 42 COISTSTJX.T^ITXONS
853 3241 196 35 FRDKID

183 3334 117 84 A.
366 3329 89 86 J.
556 3324 483 96 WHITE,

177 3458 388 50 FURNISHING
580 3469 8 10 •
676 3452 391 48 WAREHOUSE

409 3552 486 51 CHRISTCHURCH.

37 3639 27 25 Is
82 3639 45 25 the
152 3637 80 35 depot
250 3637 88 25 where
361 3643 55 26 you
441 3642 50 18 can
513 3641 44 18 see
577 3634 47 24 the
646 3630 109 35 Largest
784 3629 83 27 Stock
893 3627 31 26 in
956 3627 69 26 New
1070 3625 116 27 Zealand

443 3679 27 26 of
490 3678 38 27 all
549 3677 79 27 kinds
640 3677 28 26 of
677 3684 5 16 :
685 3690 36 5 —

39 3734 279 53 CARPETS,
363 3726 441 52 FLOORCLOTHS,
826 3721 360 45 LINOLEUMS

124 3824 206 52 CHINA,
363 3822 202 52 GLASS,
608 3814 494 53 EARTHENWARE,

384 3913 357 49 FURNITURE
774 3913 82 43 &c.

41 4017 53 43 at
136 4011 53 45 A.
230 4011 41 44 J.
301 4009 127 45 W/S
486 4020 105 35 YOU
643 4017 102 33 CAN
794 4015 213 33 DEPEND
1057 4011 129 32 UPON

42 4100 105 36 THE
179 4097 128 33 BEST
338 4096 163 33 GOODS
533 4095 67 33 AT
632 4092 108 33 THE
772 4090 215 33 LOWEST
1006 4087 180 33 PRICES

95 4167 170 45 Steam
285 4159 211 46 Cabinet
518 4161 100 44 and
637 4156 306 57 Upholstery
961 4152 192 45 Works

360 4242 77 42 St.
475 4238 178 46 Asaph
684 4238 218 43 Street.

6 81 88 32 ■fro
124 68 22 43 g

6 217 14 50 r
65 217 26 50 9
122 204 21 63 1
178 212 24 14 *
240 208 26 46 s

6 249 136 29 IJ*
177 248 24 32 U
240 255 25 18 ©

6 276 5 41 I
64 283 24 28 W
122 285 20 35 £
177 299 22 13 «
239 291 25 20 EH

121 359 21 17 o
176 356 23 26 5
239 357 25 22 H

62 391 26 27 fa
121 396 20 18 o
239 398 25 15 oq

62 422 26 54 ft
119 447 21 29 3
175 443 24 29 «S
236 422 27 46 S

117 619 21 54 1

60 666 25 28 w
116 656 22 43 S
