3540 4520
52 231 70 27 THE
152 226 114 28 CHEAP
291 222 122 26 MONEY
434 220 153 27 SCHEME.

84 320 123 27 Whether
218 325 89 22 money
317 316 23 24 is
352 317 26 23 to
395 314 32 24 be
445 312 146 25 considered

55 375 27 16 as
93 364 94 30 having
197 371 32 16 an
240 360 112 25 intrinsic
374 359 84 25 value,
470 364 28 16 or
509 363 29 16 as
548 354 42 24 be-

55 411 42 29 ing
106 416 14 15 a
132 405 158 29 commodity,
298 411 16 15 a
322 399 125 28 standard,
457 406 15 16 a
481 404 111 17 measure

56 459 29 16 or
102 458 15 15 a
127 448 117 31 pledge—
246 453 28 16 as
286 445 22 23 is
319 442 124 30 variously
460 439 134 31 suggested

58 500 32 24 »y
101 492 123 25 writers—
227 488 50 25 and
287 486 112 26 whether
409 484 42 24 the
472 484 56 22 trne
538 481 55 24 idea

57 536 28 26 of
95 541 120 24 money—
216 540 28 16 as
256 530 94 25 such—
351 528 31 25 be
392 529 46 23 not
457 525 138 31 altogether

58 580 59 25 that
128 578 25 24 of
164 586 16 15 a
191 576 74 25 ticket
274 582 27 17 or
308 571 121 26 counter?

94 620 122 26 Whether
226 619 21 23 it
254 616 62 25 doth
326 616 46 23 not
383 615 63 23 have
458 611 78 24 much
550 611 45 23 im-

60 666 55 31 port
130 666 26 22 to
179 663 62 23 have
263 668 16 16 a
305 658 69 31 right
403 655 147 31 conception
572 652 27 24 of

60 715 90 23 money
159 707 10 24 ?
182 705 50 25 and
241 703 113 25 whether
364 701 32 24 its
408 701 56 23 true
484 697 50 25 and
543 696 54 31 just

61 752 58 23 idea
128 749 31 24 be
170 750 45 23 not
232 747 56 24 that
299 745 26 24 of
335 752 16 16 a
369 742 77 25 ticket
457 748 28 16 or
496 742 102 22 counter

61 794 117 29 entitling
187 794 26 22 to
225 797 88 25 power,
332 786 51 26 and
393 783 74 27 fitted
479 785 24 23 to
515 780 84 27 record

62 838 51 24 and
124 834 107 26 transfer
243 832 93 31 power?

96 877 120 26 Whether
232 881 81 25 power
324 874 26 22 to
361 869 133 27 command
505 868 44 23 the
560 867 37 24 in-

63 923 88 30 dustry
163 921 28 24 of
199 919 85 24 others
306 917 31 25 be
355 912 110 28 not'real
486 910 91 26 wealth
587 910 12 23 ?

63 966 53 24 and
127 963 111 26 whether
253 968 86 22 money
362 959 32 24 be
413 957 45 25 not
479 955 29 25 in
529 952 72 27 truth

63 1007 90 25 tickets
166 1014 27 15 or
202 1004 86 25 tokens
308 1002 39 24 for
356 999 136 30 conveying
503 997 48 23 and
562 1002 37 17 re-

65 1049 104 31 cording
181 1048 59 25 such
253 1053 81 24 power
342 1045 13 24 ?
377 1043 50 25 and
446 1039 112 27 whether
579 1037 21 25 it

65 1095 31 24 be
108 1093 28 24 of
145 1093 69 30 great
226 1094 167 25 consequence
400 1086 68 24 what
475 1080 125 27 materials

65 1136 47 26 the
123 1135 89 25 tickets
223 1140 40 17 are
274 1131 73 25 made
359 1129 44 25 of?

102 1178 121 26 Whether
234 1174 78 29 trade,
325 1172 79 26 either
414 1169 95 31 foreign
521 1175 27 17 or
559 1167 43 23 do-

68 1222 95 29 mestic,
173 1221 31 24 be
214 1221 28 23 in
253 1218 69 25 truth
333 1224 48 21 any
393 1221 67 18 more
478 1212 63 24 than
552 1209 50 26 this

68 1268 141 18 commerce-
214 1260 26 24 of
246 1258 114 29 industry
367 1256 13 23 ?

103 1302 121 25 Whether
233 1305 26 19 to
276 1300 119 30 promote,
420 1293 111 29 transfer,
554 1291 48 25 and

68 1354 85 17 secure
163 1345 50 24 this
223 1349 136 19 commerce
371 1340 49 24 and
428 1337 51 25 this
487 1335 115 32 property

66 1390 28 23 in
110 1389 96 22 human
216 1386 95 26 labour,
324 1392 35 18 or,
371 1382 28 24 in
420 1380 71 24 other
512 1378 90 36 words,

67 1430 53 25 this
132 1436 81 24 power
223 1428 31 24 be
265 1428 44 22 not
320 1426 44 26 the
372 1425 51 24 sole
434 1430 87 17 means
529 1422 25 24 of
561 1427 41 17 en-

67 1472 100 30 riching
179 1479 14 16 a
204 1469 86 33 people
309 1468 48 24 and
369 1467 56 24 how
435 1465 40 24 far
485 1464 49 24 this
545 1469 59 24 may

69 1516 32 23 be
113 1514 61 24 done
186 1511 190 33 independently
388 1509 26 25 of
423 1507 58 32 gold
500 1506 49 25 and
561 1505 41 25 sil-

69 1565 42 17 ver
121 1557 12 23 ?

105 1599 122 26 Whether
238 1606 15 16 a
264 1596 111 25 national
395 1601 119 23 currency
525 1590 80 27 would

70 1646 47 21 not
128 1643 31 23 be
172 1650 69 15 more
263 1639 129 25 beneficial
415 1637 62 24 than
500 1643 62 16 even
590 1642 14 15 a

72 1684 144 32 gold-mine,
229 1682 50 25 and
290 1681 111 24 whether
409 1678 55 25 that
473 1677 30 24 be
510 1679 42 21 not
561 1675 43 25 the

70 1731 56 23 true
138 1726 178 33 philosopher's
333 1726 70 23 stone
425 1722 25 23 in
480 1728 14 17 a
519 1719 70 25 State
598 1726 5 21 ;

70 1772 50 26 and
143 1771 110 25 whether
280 1776 98 23 money,
399 1765 82 26 would
503 1771 56 18 ever
576 1763 29 23 be

68 1815 113 29 •wanting
192 1815 26 22 to
230 1813 42 23 the
283 1810 118 24 demands
413 1808 27 24 of
457 1807 115 30 Industry
585 1806 20 22 if

68 1865 39 18 we
117 1857 64 24 have
193 1864 16 17 a
219 1854 114 25 national
343 1851 66 27 bank
419 1851 12 23 ?

366 1897 97 22 Bishop
477 1893 127 24 Berkley.

1207 65 172 32 OXFORD
1423 63 226 34 OBSERVER
1694 60 240 36 SATURDAY,
1977 52 168 35 AUGUST
2161 52 31 35 4,
2215 49 91 30 1894.

2947 4244 105 26 Printed
3074 4245 52 26 and
3163 4246 139 27 Publisliad
3328 4245 34 36 ty
3396 4244 88 33 I^atjra.

2980 4282 82 26 Annte
3084 4284 103 29 Pabißh,
3211 4287 28 23 at
3260 4286 48 24 her
3337 4287 146 31 Registered

2979 4324 118 34 Printing
3108 4326 86 30 Office,
3216 4327 69 32 High
3310 4327 91 30 Btreet,
3424 4329 60 26 East

2978 4368 103 27 Oxford.
3092 4369 164 35 CskOterbury.

2981 4408 132 28 Saxurdat
3145 4410 104 28 August
3274 4414 16 24 4
3300 4421 41 22 th,
3360 4414 72 28 1894,

2995 179 419 62 A.RTIJTTON,
3480 203 9 11 .

2971 252 232 30 AUCTIONEER,
3246 249 196 27 VALUATOR;

2939 291 108 26 GRAIN
3086 293 72 24 AND
3192 289 164 26 PRODUCE
3392 287 88 27 MER-

2955 330 123 32 CHANT,
3090 333 72 25 AND
3179 331 136 26 ESTATE
3328 329 142 33 AGENT.}

3036 409 192 32 AUCTION
3244 408 132 31 SALES

3198 464 31 17 OF

2940 493 87 25 LIVE
3044 494 110 25 STOCK
3166 496 44 24 AT
3222 494 72 27 THE
3302 493 181 26 RANGIORA

2974 533 145 27 MARKET
3131 535 120 26 EVERY
3272 534 172 27 TUESDAY.

2940 609 99 25 Private
3050 609 67 26 Sales
3126 614 64 21 most
3199 611 130 32 efficiently
3338 610 145 33 conducted,.

2942 687 81 31 Agent
3035 688 41 24 for
3086 688 42 24 the
3145 688 79 25 South
3240 689 93 25 British
3350 689 132 25 Insurance

2942 719 134 33 Company.
3298 728 4 3 -

3091 759 226 32 A.P.TUTTON,

3124 800 153 30 Auctioneer,
3290 802 51 29 &c,
3349 800 131 34 Rangipra.

3487 926 2 9 4

2947 992 57 45 H.
3041 993 50 46 N.
3141 992 309 48 €EDEESAN

2955 1067 3 4 ■
3006 1062 130 24 PAINTER
3148 1066 58 20 AND
3218 1066 179 27 DECORATOR,

2946 1095 127 26 WRITER,
3092 1098 135 24 GBAINER,
3246 1098 110 21 GILDER
3373 1101 37 20 &O
3417 1116 8 8 ,
3435 1100 43 21 AC.

3048 1131 112 32 EAST
3197 1132 180 32 OXFORD.

2947 1439 373 60 JoblMnting!

3121 1519 101 47 Job
3240 1521 245 56 Printing

2990 1601 174 30 OXFORD
3221 1603 223 31 OBSERVER

3030 1651 162 38 Maohine
3222 1652 179 50 Printing-

3128 1700 167 42 WORKS

3014 1752 90 26 MAIN
3116 1749 303 35 StREET/OXFORD.

3014 1829 129 53 TTj^INE
3196 1833 214 51 -f^RINTING

2989 1914 40 30 In
3041 1916 75 39 Any
3144 1915 129 42 Variety
3288 1928 35 21 or
3347 1919 97 39 Style.

3030 2015 165 31 Memorial
3211 2017 115 40 Cards/

3033 2056 53 41 (in
3110 2067 70 22 new
3208 2060 62 30 and
3297 2060 106 33 chaste

3030 2098 125 39 designs
3190 2100 45 39 5/-
3245 2112 57 28 per
3324 2103 89 39 doz.)

3031 2144 178 33 Statement
3225 2147 118 38 Heads,

3032 2185 71 32 Ball
3117 2187 227 40 Programmes.

3032 2227 135 37 Posters,
3179 2227 181 39 Handbills,

3030 2267 171 37 Billheads,
3224 2270 142 38 Cheques

3034 2307 107 32 Letter
3156 2309 59 30 and
3225 2309 82 31 Note
3318 2309 108 33 Heads

3033 2349 168 37 Circulars,
3223 2350 121 36 Menus,

3034 2389 193 40 Catalogues,
3244 2391 141 40 &q.,&c.,
3410 2393 56 29 &c.

2949 2436 89 39 New
3053 2437 122 49 Styles
3188 2448 39 28 in
3241 2438 164 51 Visiting
3417 2439 71 40 and

3067 2528 167 40 Business
3250 2528 120 40 Cards.-

2950 2612 38 29 E.
3010 2612 43 30 H.
3074 2612 120 34 Parish,
3253 2613 187 40 Proprietor.

3034 2664 66 29 The
3118 2662 181 32 NEWEST
3325 2664 161 31 STYLES

2950 2714 33 30 in
2994 2714 136 32 TYPES
3136 2716 62 30 and
3210 2715 276 38 ORNAMENTS,

2950 2754 63 30 and
3034 2755 55 31 the
3122 2756 108 31 Latest
3267 2758 220 39 Typographic

2950 2795 162 31 Novelties
3127 2807 52 19 are
3190 2798 179 38 constantly
3392 2798 95 38 being

2950 2835 100 30 added
3063 2840 35 26 to
3112 2837 55 29 the
3181 2838 104 39 plant,;
3291 2838 102 30 which
3404 2840 27 29 is
3442 2839 43 29 al-

2950 2876 96 40 ready
3060 2887 78 31 very
3152 2880 160 38 complete.

2949 3670 104 66 I-tyish
3064 3671 27 25 to
3100 3670 86 26 inform
3210 3679 41 25 my
3271 3672 91 25 Oxford
3389 3673 92 26 friends

2989 3705 63 24 *and
3073 3705 44 25 the
3137 3706 100 30 general
3254 3705 90 25 Public
3368 3706 58 26 that
3436 3715 44 24 my

2947 3744 125 31 Rangioca
3093 3745 115 25 business
3229 3746 47 24 has
3297 3746 128 24 increased
3453 3749 28 22 to

2947 3784 61 25 such
3020 3793 33 16 an
3064 3787 85 23 extent
3159 3786 54 24 that
3223 3786 14 24 I
3248 3786 67 26 shall
3333 3786 31 26 be
3392 3786 89 26 unable

2947 3826 26 24 to
2995 3825 58 25 visit
3065 3826 88 25 Oxford
3178 3827 76 25 untill
3273 3827 97 25 further
3387 3828 92 26 notice.

2946 3863 43 26 AH
3004 3864 69 25 work
3095 3866 57 24 sent
3167 3864 34 33 by
3213 3865 115 27 Griffiths
3341 3865 66 30 Bro.,
3420 3866 60 25 Car-

2946 3904 70 28 riers,
3039 3904 51 24 will
3110 3905 96 25 receive
3227 3906 101 31 prompt
3346 3906 134 26 attention.

2946 3942 23 25 A
3004 3943 68 32 large
3107 3944 77 26 Stock
3222 3945 32 25 of
3269 3945 119 26 TVatches
3430 3946 51 26 and

2947 3981 129 37 Jewellery
3103 3990 33 18 on
3166 3983 77 26 hand.
3279 3984 125 25 Traveller
3442 3984 40 25 for

2947 4019 82 26 North
3037 4020 156 34 Canterbury
3204 4021 98 27 district
3313 4023 41 24 Mr
3366 4019 24 28 J.
3404 4023 77 26 Gent.

3062 4059 70 26 GUS
3143 4059 119 32 JONES,
3281 4061 135 33 Rangiora.

2430 179 426 49 EUCALYPTUS

2635 251 12 14 ♦

2429 281 60 22 THE
2503 280 73 21 BEST
2590 278 88 22 HOME
2694 276 141 22 BEMEDIE

2488 318 36 15 are
2538 311 37 21 the
2584 310 137 28 preparation
2729 308 27 23 of
2762 308 37 21 the

2373 349 171 23 TASMANIAN
2562 343 77 25 EUOA
2640 342 109 25 fcIPTUS
2762 345 49 22 OIL
2825 344 83 21 COMP.

2402 373 136 40 Uniyeraailj
2548 380 106 25 admitted
2660 383 37 20 the
2705 383 80 24 BEST,
2797 380 114 22 PUREST

2374 423 52 22 and.
2428 422 58 21 most
2495 421 94 20 effective
2599 414 140 30 Ep^aivptus;
2755 417 106 21 Globnln«
2876 414 36 21 Oil

2374 454 34 20 for
2426 446 178 29 IHPLtJENZA;'
2621 449 93 28 Coujjhß,
2732 448 64 22 Coldß
2820 447 45 21 and
2881 447 29 20 ali

2376 475 75 30 Chest'
2457 482 44 22 and
2508 482 64 25 Lang
2588 481 112 21 affections
2714 479 77 28 speedy
2800 479 60 20 relief
2869 477 43 21 and

2376 517 56 20 Cure
2449 515 34 21 for
2498 514 157 23 Bheumatism,
2675 512 122 25 Neuralgia,
2812 510 100 27 Sprains-

2375 543 73 21 Burns
2467 542 35 20 Ac.

2393 574 144 25 'Eucalyptus
2554 573 105 20 Globalns
2675 573 93 20 Extract
2776 571 91 26 sprajed
2879 571 33 20 in-

2377 606 64 22 haled
2456 604 44 23 and
2513 605 66 20 taken
2588 604 116 24 internally
2721 604 34 19 for
2769 602 37 21 the
2823 602 87 26 Throat,

2377 642 98 26 Catarrh,
2491 641 60 26 Hay,
2575 639 98 27 Typhoid
2689 639 43 21 and
2745 639 82 22 Scarlet
2836 639 77 21 Fevers

2378 673 130 22 MEASLES
2518 673 37 20 the
2561 674 55 19 most
2626 672 136 25 satisfactory
2770 671 144 26 preventative

2378 706 43 20 and
2435 706 62 22 Care,
2524 704 57 20 Send
2594 703 51 21 Post
2660 703 56 20 Card
2725 704 23 19 to
2757 703 38 20 the
2804 702 63 20 Office
2879 702 35 20 for

2378 736 97 20 Circular
2488 735 120 24 describing
2625 735 124 19 treatment.
2775 733 139 26 Eucalyptus,

2378 769 112 21 Ointment
2500 768 36 22 the
2545 768 71 26 Magic
2625 768 79 21 Healer
2717 767 23 21 of
2754 768 70 23 Sores,
2837 767 78 25 Barns,

2380 801 102 24 Wounds,
2498 801 60 20 Boils
2576 802 46 22 &0.,
2644 799 134 26 Eucalyptus
2796 799 58 25 Soap
2867 799 43 19 Fra

2379 833 63 23 grant
2451 832 44 20 and
2503 832 125 24 refreshing.
2651 830 133 25 Eucalyptus
2793 830 89 25 Jujubes
2891 835 25 14 or

2379 862 102 21 Pastilles
2490 862 34 20 for
2533 862 37 20 the
2594 862 81 20 Throat
2685 860 43 21 and
2736 860 65 21 Voice
2817 866 29 15 an
2859 860 55 21 anti-

2381 893 67 28 septic
2455 893 45 21 and
2510 893 121 21 stimulant.
2705 901 12 14 :.

2380 928 127 25 Veterinary
2522 927 36 21 Oil
2568 928 43 20 and
2620 926 112 22 Ointment
2741 926 34 20 for
2784 924 37 23 the
2829 924 87 22 stables.

2408 962 30 20 Be
2447 967 49 15 sure
2504 967 44 19 you
2557 961 108 20 Purchase
2679 960 40 20 the
2728 959 105 25 Platypus
2849 958 68 20 brand

2380 992 51 24 only
2441 993 22 18 of
2470 992 30 20 all
2508 992 114 23 Chemists,
2627 991 88 20 Grocers
2721 990 43 20 and
2771 990 146 24 Storekeepers

2381 1023 42 21 and
2437 1024 23 20 at
2474 1022 37 21 the
2521 1022 64 21 Office
2594 1023 13 21 9
2616 1021 115 22 Cathedral
2740 1026 76 20 square
2824 1019 93 23 between

2380 1055 102 20 Morten's
2495 1054 113 26 Buildings
2616 1055 41 19 and
2669 1053 37 21 the
2714 1053 52 22 Post
2775 1052 71 21 Office.
2874 1074 2 2 .

2545 1088 89 21 Oxford
2644 1088 80 26 Agent
2819 1089 4 4 '

2435 1124 27 22 R.
2472 1124 30 21 H.
2515 1124 120 26 PARISH,
2658 1123 77 21 EAST
2749 1123 119 21 OXFORD

2461 1163 143 26 Eucalyptus
2613 1162 38 21 Oil
2664 1161 31 28 1/-
2708 1168 41 21 per
2757 1161 79 21 bottle.

2381 1246 102 21 RONGO
2519 1246 55 20 PAI
2594 1246 95 20 TENEI
2703 1245 56 20 KEI
2773 1244 124 21 KOTJTOTJ

2595 1280 112 20 KATOA.
2757 1283 8 3 '

2423 1316 192 44 MACBEAN
2658 1314 218 41 STEWARTS

2381 1372 75 21 NEW
2470 1373 80 20 CURE
2564 1373 60 20 FOR
2638 1372 127 21 ASTHMA

2435 1406 75 21 NEW
2524 1406 80 21 CURE
2617 1406 60 20 FOR
2690 1405 97 22 CROUP

2495 1441 74 21 NEW
2583 1441 80 21 CURE
2676 1441 59 21 FOR
2748 1440 172 22 DIPHTERIA

2436 1472 74 21 NEW
2524 1472 80 21 CURE
2617 1472 59 21 FOR
2691 1471 132 22 CHRONIC

2559 1509 188 24 BRONCHITIS.

2396 1546 115 27 Prepared
2519 1545 60 21 from
2588 1546 40 20 the
2637 1545 122 21 Mountain
2769 1546 47 20 and
2825 1547 81 21 Forest

2502 1573 81 21 Plants
2597 1572 25 21 of
2634 1572 55 21 New
2704 1572 105 22 Zealand.

2381 1609 30 20 In
2419 1608 98 20 Asthma
2527 1607 42 20 the
2578 1608 54 19 New
2642 1607 59 20 Cure
2710 1606 42 21 has
2761 1606 86 26 proved
2855 1607 66 21 itself

2423 1636 26 18 to
2456 1634 34 23 be.
2495 1634 66 19 Head
2569 1633 46 20 and
2626 1633 123 20 Shoulders
2759 1634 71 19 above
2839 1634 33 19 »»11

2564 1659 72 20 Other
2649 1659 78 19 Cures.

2409 1698 28 20 In
2446 1703 31 15 no
2485 1697 103 21 instance
2596 1697 43 20 has
2648 1703 15 14 a
2670 1697 69 20 death
2748 1697 107 21 occurred
2860 1697 60 21 from

2383 1725 131 27 diphtheria
2531 1725 67 20 when
2616 1724 41 22 the
2877 1725 42 21 has

2381 1753 58 20 been
2448 1752 73 27 freely
2530 1752 58 21 used
2595 1752 61 21 from
2661 1751 41 22 the
2710 1749 52 24 first
2768 1752 77 21 outset
2849 1752 27 21 of
2879 1751 40 22 the

2383 1780 92 24 disease,
2493 1779 47 20 and
2557 1785 26 14 so
2601 1778 124 26 gi-eat'are
2743 1775 183 31 its-prpteciiye'

2381 1811 91 20 powers,
2484 1805 54 20 that
2546 1804 41 21 the
2597 1804 124 26 complaint
2729 1805 44 20 has
2782 1811 71 14 never
2861 1805 58 21 been

2381 1832 81 21 known
2471 1832 25 21 to
2505 1831 83 26 spread
2595 1831 26 21 to
2630 1831 69 21 other
2713 1831 111 22 members
2841 1831 24 22 of
2877 1832 42 21 the

2381 1859 88 26 family.

2409 1893 48 21 The
2465 1893 55 20 New
2529 1893 66 25 Cure,
2604 1894 26 20 3s
2639 1893 40 24 6d;
2691 1893 117 21 Grindelia
2816 1893 104 22 Robusta

2446 1919 136 27 Cigarettes,
2591 1921 25 19 2s
2623 1928 7 16 ;
2640 1919 98 21 Asthma
2750 1921 108 24 Tobacco,

2550 1947 26 19 2s
2590 1947 30 19 6d
2633 1946 46 20 and
2693 1948 31 18 Is.

2407 2003 187 39 HEALTH
2616 2003 42 39 IS
2679 2003 217 39 WEALTH.

2381 2054 38 21 TO
2427 2053 61 21 THE
2498 2053 171 21 SUFFERING
2675 2053 245 22 &UNFORTUNATB

2397 2117 13 23 A
2424 2117 45 24 LL
2489 2116 87 28 Weak,
2587 2117 112 25 Nervous
2715 2117 48 23 and
2775 2116 144 25 Debilitated

2383 2141 42 34 A.
2437 2149 117 26 Sufferers
2562 2150 56 25 who
2626 2150 62 25 have
2695 2150 88 24 wasted
2792 2149 63 24 their
2862 2148 58 24 time

2382 2184 49 24 and
2442 2191 94 21 means,
2548 2184 103 30 sending
2659 2186 26 21 to
2693 2184 69 24 other
2771 2182 113 26 Colonies
2891 2182 28 24 P.

2374 2216 38 25 ;O.
2422 2216 81 24 Boxes
2513 2216 96 25 &c.,for
2617 2215 118 25 so-called
2741 2215 105 24 Electric
2853 2214 68 24 Belts

2383 2249 49 24 and
2451 2248 99 25 Useless
2568 2248 138 28 Nostrums,
2719 2248 87 23 should
2817 2248 44 23 not
2872 2247 48 23 dis-

2381 2281 61 31 pair,
2453 2281 45 23 but
2510 2281 96 23 consult
2616 2280 139 31 personally
2766 2287 28 17 or
2804 2278 33 31 by
2847 2282 64 27 post.

2383 2326 134 48 FREE.
2598 2325 197 47 NOTMANN,J[
2818 2325 48 50 E^
2884 2325 27 47 Q

2383 2387 53 25 The
2448 2388 55 31 only
2515 2387 100 24 Electro
2632 2386 103 25 Medical
2745 2386 125 32 Specialist
2879 2387 41 23 ad-

2383 2420 118 30 vertising
2521 2419 68 31 [with
2606 2420 94 30 twenty
2708 2427 68 23 years
2789 2419 132 31 European

2383 2453 146 30 experience,
2552 2452 50 24 and
2618 2453 67 23 three
2703 2459 68 24 years
2786 2452 83 24 before
2879 2452 43 24 the

2383 2485 59 24 New
2454 2485 107 24 Zealand
2571 2484 96 33 public]
2683 2485 55 24 who
2749 2485 45 24 has
2804 2485 73 23 made
2888 2484 34 25 all

2383 2518 94 24 chronic
2488 2525 67 17 cases
2564 2518 26 24 of
2601 2525 55 17 men
2672 2518 48 23 and
2731 2525 95 17 women
2837 2525 14 16 a
2868 2517 53 25 life-

2383 2551 59 24 time
2455 2550 80 32 etudy,
2548 2550 47 24 and
2612 2551 27 24 to
2665 2550 113 24 convince
2796 2550 43 25 the
2856 2553 66 22 most

2383 2582 122 32 sceptical,
2517 2582 15 24 I
2543 2583 50 24 will
2602 2582 100 25 forward
2714 2582 121 25 electrical
2845 2583 76 31 appli-

2383 2622 72 18 ances
2474 2615 48 23 and
2541 2614 171 25 consentrated
2739 2616 131 24 treatment
2889 2622 33 17 on

2384 2655 58 23 easy
2454 2648 76 25 terms
2543 2647 28 24 of
2576 2648 124 30 payment.

2537 2686 192 28 [testimonial.]

2608 2718 115 25 Dunedin,
2733 2719 56 27 July
2798 2720 35 24 28,
2844 2720 61 20 1893.

2410 2752 25 20 It
2444 2752 65 26 gives
2524 2757 37 14 me
2572 2752 66 25 great
2645 2751 105 26 pleasure
2765 2752 26 20 to
2804 2751 85 25 report,
2897 2756 25 15 so

2382 2778 135 25 favourably
2525 2777 25 21 in
2560 2778 56 20 such
2625 2784 15 14 a
2649 2777 65 21 short
2722 2777 63 24 time,
2800 2777 123 26 especially

2383 2805 61 20 after
2451 2805 71 24 being
2531 2802 91 22 treated
2636 2804 33 25 by
2688 2810 69 14 seven
2773 2803 150 26 professional

2383 2838 52 14 men
2444 2831 38 20 for
2489 2836 30 14 no
2527 2829 89 25 benifit,
2626 2829 46 21 and
2691 2830 12 20 I
2722 2829 60 21 have
2800 2829 123 27 gradually

2383 2864 95 26 gaining
2488 2863 106 26 strength
2608 2862 46 22 and
2663 2868 86 21 energy
2758 2863 62 21 since
2829 2862 93 27 placing

2382 2898 39 20 my
2430 2897 51 16 case
2498 2890 26 21 in
2536 2896 58 20 your
2610 2895 58 19 care,
2688 2890 46 20 and
2751 2890 14 20 I
2774 2890 60 21 shall
2844 2890 79 27 gladly

2381 2915 143 24 recommend
2531 2923 58 21 your
2597 2917 52 20 able
2657 2917 125 20 treatment
2790 2918 25 20 to
2823 2917 84 21 others.

2703 2944 23 20 J.
2736 2944 39 20 Me
2785 2944 108 21 Donald.

2415 2979 61 24 Free
2488 2977 57 26 trial
2557 2977 65 31 daily
2630 2977 60 26 from
2703 2978 30 24 11
2744 2986 58 17 a.m.
2811 2977 40 26 till
2862 2979 60 24 9.30

2381 3020 59 21 p.m.
2450 3012 26 22 of
2485 3012 41 22 the
2536 3012 73 22 latest
2621 3010 56 30 only
2689 3010 108 24 Reliable
2808 3010 48 23 and
2863 3010 58 24 Per-

2383 3045 98 22 manent
2500 3041 62 25 Cure
2582 3042 37 24 for
2636 3042 162 28 rheumatism,
2816 3042 105 28 sciatica,

2381 3075 130 31 neuralgia,
2515 3074 60 25 liver
2583 3074 183 30 derangement,
2775 3073 145 32 indigestion

2382 3108 104 31 buzzing
2496 3109 28 23 in
2535 3107 40 25 the
2584 3107 61 25 head
2658 3106 49 26 and
2715 3115 61 21 ears,
2790 3106 129 30 dizziness,

2381 3141 71 24 weak
2457 3140 69 30 back,
2532 3141 62 23 tired
2597 3140 99 31 feeling,-
2702 3140 85 31 specks
2793 3139 129 28 beforejhe

2382 3181 61 22 eyes,
2467 3173 115 23 neivious
2602 3172 145 29 irritability,
2769 3173 150 27 exhaustion,

2381 3204 55 25 lack
2448 3205 26 23 of
2485 3212 95 24 energy,
2594 3203 95 25 bladder
2698 3203 47 25 and
2754 3203 90 32 kidney
2852 3204 67 25 trou-

2381 3238 59 29 bles,
2464 3237 105 24 varicose
2592 3237 74 30 veins,
2689 3236 47 24 aod
2748 3236 33 25 all
2801 3236 118 25 weakness

2381 3271 99 31 pecular
2488 3272 26 22 to
2525 3278 66 16 men.

2415 3308 135 24 Numerous
2573 3308 106 29 grafeful
2689 3308 84 23 letters
2785 3308 64 23 from
2861 3308 59 23 both

2371 3348 79 16 -sexes
2462 3348 44 15 can
2515 3339 32 24 be
2562 3339 132 31 inspected.

2423 3377 63 42 W.
2510 3375 228 47 WOTMAM,
2771 3375 130 41 M.E.C.

2459 3425 100 25 Market
2575 3426 83 28 Place,
2689 3424 180 26 Christchurch.

2430 3501 190 56 Money
2638 3502 55 42 to
2715 3499 154 45 Lend.

2422 3565 19 30 I
2475 3564 80 30 bave
2570 3574 119 29 money
2723 3567 34 27 to
2778 3563 73 31 lend
2885 3563 34 30 in

2381 3606 87 37 large
2496 3614 35 19 or
2553 3605 90 28 small
2677 3614 85 19 sums
2787 3608 35 25 to
2857 3605 63 28 suit

2381 3644 176 31 Borrowers
2595 3647 33 27 at
2655 3644 109 31 lowest
2793 3644 127 30 current

2381 3690 91 26 rates.

2439 3726 62 38 W.
2528 3726 45 38 H.
2599 3727 259 40 SPACEMAN

2557 3772 191 30 SOLICITOR,

2449 3811 192 25 Chkistchuboh
2653 3812 50 25 and
2714 3812 135 26 Rangioea.

2383 3882 214 38 MONEY
2627 3884 82 38 TO
2733 3885 181 38 LEND.

2401 3934 17 30 I
2432 3936 80 30 have
2524 3936 120 34 several
2659 3947 87 22 sums
2761 3939 33 30 of
2806 3948 113 31 money

2381 3981 34 23 to
2428 3976 83 36 lendj
2527 3980 34 27 at
2588 3977 109 32 lowest
2710 3982 85 28 rates
2809 3979 33 30 of
2869 3980 50 29 in-

2380 4017 101 30 terest.

2463 4056 63 40 W.
2545 4057 38 41 E,
2602 4057 39 40 D.
2664 4057 168 43 BISHOP.

2555 4103 192 33 SOLICITOR,

2413 4145 49 26 205
2481 4145 123 27 Hereford
2625 4146 39 27 St.
2684 4148 202 27 Christohuroh.

2401 4218 73 33 W.
2517 4219 367 40 WOODWARD

2378 4274 155 27 PAINTER
2550 4275 71 26 AND
2637 4278 273 33 PAPERHANGER,
2924 4277 2 41 ]

2481 4324 113 31 EAST
2637 4327 183 34 OXFOED.

2427 4418 43 27 All
2480 4419 82 26 •rders
2572 4423 122 31 promptly
2705 4425 115 26 attended
2831 4428 36 28 to,

1309 210 71 55 H.
1411 208 63 55 E.
1505 198 444 65 BOARDMAN
1989 194 54 58 &
2072 188 148 63 CO.,

1215 289 141 23 BAILIFFS
1370 289 64 19 AND
1450 282 184 26 COMMISSION
1651 278 128 23 AGENTS.
1825 275 101 23 HOTEL
1938 268 139 25 BROKERS
2090 266 65 22 AND
2167 260 150 24 VALUERS.

1312 338 61 29 222
1396 329 234 36 HEREFORD
1653 324 171 37 STREET,
1867 310 343 42 CHRISTOHURCH.

1501 392 390 24 »♦♦♦♦♦♦♦♦♦♦♦♦♦♦♦♦♦♦♦♦♦♦♦♦♦♦•
1897 392 51 19 ***f
1952 391 25 31 •?
1975 385 16 33 j
1995 390 10 15 •
2010 389 8 14 '
2024 389 8 14 •
2036 388 43 16 ***

1258 439 45 24 We
1319 438 151 32 respectfully
1482 437 41 29 be,
1540 439 22 19 to
1573 434 127 23 thanimr
1711 425 191 29 CUenUandthe
1914 423 92 25 MK*
2010 418 125 35 geveralh,
2137 414 94 33 Jorike
2241 453 9 4 _

1190 477 117 31 •Mritt
1317 489 37 20 us,
1365 479 51 25 and
1426 488 46 16 can
1482 484 82 17 assure
1576 484 44 15 our
1623 472 100 36 fiienis
1733 471 54 24 that
1793 477 46 17 our
1846 467 107 26 lusiness

1191 529 163 30 management
1371 532 28 15 as
1407 522 108 26 hitherto,
1525 519 50 26 and
1582 518 51 24 that
1641 514 136 32 everything
1785 509 122 27 entrusted
1915 512 23 20 to
1945 515 30 17 u,
1986 505 52 24 mtt
2045 504 26 24 be
2078 501 80 26 under
2168 498 37 25 the
2216 495 132 26 ,mmed,ate

1547 603 67 34 H.
1638 602 56 33 E.
1719 585 428 46 BOABDMAS

1426 734 18 13 ■•
1457 724 241 39 LOCAL
1731 708 390 46 INDUSTRY

1312 758 612 69 BABLbt'iJrß
1968 755 278 53 PRICE

1488 828 203 42 ■Gpvewtry
1728 823 115 44 Cynle
1888 816 132 37 Works

1363 886 39 29 88
1423 879 201 36 COLOMBO
1648 875 174 35 SIBEET,
1867 860 345 58 CH^ISTOHTJECH.

1195 949 58 29 We
1269 949 118 29 havine
1402 946 94 30 taken
1511 952 75 22 over
1597 941 54 29 the
1665 937 72 33 well
1750 936 117 33 knotm
1874 931 113 34 works,
2001 926 182 36 machinery
2192 919 61 32 and
2262 917 90 33 stock

1195 949 41 69 £
1236 960 17 19 e
1242 949 355 69 t£S^hShS£»
1611 980 56 29 the
1688 976 106 41 public
1807 975 71 29 that
1891 982 47 20 we
1953 979 52 20 are
2019 960 333 72 prepared^under-

1196 1029 73 31 take
1283 1027 104 31 orders
1401 1026 48 30 for
1462 1034 69 21 new
1544 1018 159 36 machines
1718 1016 62 32 and
1794 1015 129 30 execute
1940 1016 120 33 repairs
2081 1008 35 27 at
2136 1003 55 31 the
2215 1003 137 28 shortest

1328 1068 103 30 notice
1445 1065 50 31 for
1515 1064 43 29 all
1571 1062 94 29 kinds
1679 1058 35 31 of
1723 1053 215 43 Engineering
1951 1050 63 31 and
2025 1046 96 41 Cycle
2131 1041 96 33 work.

1360 1119 127 23 SPECIAL
1501 1114 176 24 ATTENTION
1693 1106 95 27 diVJSN
1802 1109 38 20 TO
1854 1103 141 25 COUNTRY
2010 1100 125 23 OBDEES.

1199 1159 119 40 Racing
1332 1157 160 32 Machines
1516 1153 62 32 and
1599 1152 99 39 Light
1719 1147 168 31 Roadsters
1902 1154 21 19 a
1935 1140 158 41 specialty.
2135 1134 217 41 No-unpraferi

1196 1201 158 32 machines
1368 1199 76 37 kept
1457 1197 33 30 in
1505 1194 99 33 stock,
1619 1192 45 31 all
1676 1190 88 32 work
1778 1189 80 29 done
1872 1195 40 20 on
1925 1183 56 31 the
2003 1187 157 35 premises.
2211 1175 32 30 A
2266 1175 86 39 large

1227 1211 90 63 sTock
1331 1239 34 32 of
1375 1239 126 38 Lamps,
1512 1234 96 35 Bells,
1623 1233 62 33 and
1702 1229 128 33 Saddles
1844 1237 41 20 on
1897 1223 85 32 hand
1996 1225 33 28 at
2042 1229 114 22 reduce
2168 1216 131 41 dpnces.

1328 1318 120 86 B.
1511 1316 135 86 H.
1704 1298 513 99 PARISH

1473 1440 198 61 EAST
1717 1432 328 66 OXFORD

1422 1531 78 30 has
1515 1524 189 36 received
1724 1533 26 21 a
1764 1518 294 41 consignment
2074 1515 44 30 of

1197 1584 301 57 Messrs
1557 1576 419 62 Johnsons
2029 1566 68 57 &
2151 1558 201 61 Sons

1371 1657 267 59 GREAT
1700 1643 450 65 YARMOUTH

1261 1750 229 91 OIL
1571 1738 693 94 CLOTHING

1378 1879 338 51 ENORMOUS
1775 1874 389 49 REDUCTIONS

1195 1998 81 29 THE
1295 1994 115 33 question
1420 1994 23 24 is
1454 1991 134 26 natural—
1612 1989 67 32 Why
1691 1987 60 26 send
1766 1989 26 23 to
1804 1985 178 27 Christoliurch
2001 1984 38 25 for
2057 1983 189 44 your^Drapery
2253 1982 14 24 ?
2300 1981 52 25 The

1203 2015 20 42 1
1260 2031 103 27 drapery
1375 2027 54 25 sold
1437 2027 26 23 in
1472 2025 57 25 that
1540 2024 51 31 city
1602 2030 72 23 every
1686 2029 46 18 one
1744 2020 94 30 knows,
1850 2018 22 25 is
1883 2020 46 23 not
1939 2018 73 25 made
2022 2017 77 29 there,
2118 2015 47 26 but
2175 2015 137 43 imported.^
2339 2015 13 23 I

1197 2065 94 28 import
1302 2063 65 24 from
1378 2060 44 25 the
1433 2059 53 25 best
1498 2055 108 33 English
1617 2055 50 25 and
1684 2054 88 26 Scotch
1784 2053 100 25 houses.
1929 2051 72 25 lam
2013 2050 105 25 enabled
2128 2050 26 24 to
2165 2048 123 33 purchase
2305 2048 47 25 low

1197 2098 51 25 and
1256 2096 47 25 sell
1314 2097 27 24 at
1350 2102 15 17 a
1375 2095 54 23 rate
1441 2092 26 24 of
1476 2090 74 32 profit
1564 2089 53 33 (my
1629 2095 118 24 expences
1758 2086 73 32 being
1841 2084 84 33 small)
1935 2085 58 25 that
2004 2083 82 26 would
2097 2083 31 25 be
2145 2081 146 26 considered
2310 2081 42 25 ab-

1197 2130 58 26 surd
1266 2129 33 29 by
1314 2135 49 23 any
1383 2122 180 29 Christchurch
1585 2120 199 25 establishment.
1836 2118 45 31 My
1902 2118 76 25 Stock
1996 2117 22 24 is
2036 2116 45 24 the
2100 2115 94 32 largest
2212 2114 51 25 and
2284 2115 68 24 most

1195 2162 96 29 tvaried
1300 2161 58 28 that
1366 2159 47 26 has
1424 2165 57 19 ever
1490 2157 65 24 been
1564 2154 89 26 shown
1662 2153 28 26 in
1700 2152 45 26 the
1756 2151 103 31 district,
1872 2149 51 26 and
1933 2149 38 26 for
1982 2148 92 34 quality
2094 2149 50 24 and
2162 2147 72 26 value
2250 2148 61 32 puts
2325 2147 27 26 in

1198 2201 32 23 he
1242 2196 78 26 shade
1336 2193 77 33 goods
1424 2190 92 26 offered
1526 2189 33 31 by
1571 2187 103 32 visiting
1684 2185 117 27 hawkere
1812 2186 64 24 from
1887 2184 48 30 the.
1949 2182 181 28 Christchurch
2141 2189 46 25 rag
2198 2183 90 24 marts.

1230 2250 94 25 Dress
1336 2246 166 30 Materials,
1515 2243 88 26 Plain
1613 2242 61 25 and
1684 2241 104 31 Fancy
1799 2240 80 25 from
1891 2238 51 26 3d.
1954 2243 55 26 per
2017 2237 85 31 yard.

1230 2307 27 27 A
1274 2307 109 28 Strong
1399 2304 89 27 Stout
1503 2302 133 27 Durable
1653 2300 127 32 Kaiapoi
1796 2299 114 27 TWeed
1925 2299 52 32 2/6
1989 2303 54 27 per
2054 2298 77 30 yard

1827 2342 108 26 Makes
1946 2343 157 24 first-class
2119 2340 91 31 Boys'
2229 2339 90 26 Suits.

1230 2402 60 25 Art
1305 2401 140 31 Muslins,
1464 2398 156 31 Cretones,
1639 2397 80 26 Lace
1737 2395 137 27 Curtains
1893 2393 54 26 &c.

1230 2469 27 32 A
1274 2467 109 27 Choice
1402 2465 168 27 Collection
1587 2464 33 26 of
1634 2462 122 31 Gloves,
1782 2462 78 30 Ties,
1889 2460 129 32 Aprons,
2048 2458 166 25 Insertions
2232 2457 54 26 &c.

1231 2523 121 31 Striped
1369 2521 124 26 Galatea
1509 2518 55 34 4/6
1576 2524 55 26 per
1641 2518 107 30 dozen,
1777 2515 104 26 worth
1891 2514 50 26 9d.
1959 2518 55 27 per
2030 2512 85 31 yard.

1230 2586 104 26 Prints
1345 2586 81 24 from
1437 2584 53 25 4d.
1502 2587 55 27 per
1568 2582 85 31 yard.
1665 2580 139 31 Muslins,
1817 2579 139 30 Selesias,
1970 2577 125 29 Calicos,
2109 2575 56 26 &c.

1816 2620 88 27 With
1920 2620 88 25 other
2025 2619 192 24 Manchester
2234 2618 87 28 lines.

1231 2678 88 34 Hats,
1338 2680 103 30 Fancy
1458 2678 61 25 and
1535 2677 106 31 Sailor,
1659 2677 32 23 in
1707 2674 104 26 White
1829 2673 60 25 and
1906 2672 116 25 Colors.

1775 2718 126 26 Newest
1918 2716 123 31 Shapes.
2076 2714 96 31 Large
2189 2713 132 33 Variety,

1230 2777 149 30 Flowers,
1397 2775 155 28 Feathers,
1570 2772 148 29 Ribbons,
1737 2770 106 30 Laces,
1861 2768 76 31 Jets,
1956 2768 55 25 &c.

1702 2810 90 24 With
1808 2810 41 23 all
1865 2808 185 24 necessaries
2066 2807 48 23 for
2129 2805 192 29 Trimmings.

1229 2866 104 29 Fancy
1349 2864 141 29 Frillings
1507 2862 78 32 3yds
1596 2862 48 25 for
1653 2860 37 34 1/-
1707 2859 102 26 worth
1820 2858 50 30 9d,
1888 2861 56 27 per
1954 2856 83 32 yard,

1766 2902 183 31 Umbrellas,
1966 2901 152 31 Parasols,
2137 2901 182 31 Sunshades,

1376 2970 57 12 ••m^
1443 2968 47 14 -m*
1509 2967 41 14 **
1572 2967 37 13 *»
1881 2964 45 13 w^
2067 2963 17 12 *
2090 2963 13 12 w
2175 2962 4 6 '

1345 3019 333 43 SPECIAL
1764 3015 423 40 PURCHASE

1197 3091 111 34 BOYS
1340 3089 89 32 AND
1459 3086 173 33 YOUTHS
1671 3083 217 34 COLONIAL
1919 3082 155 33 TWEED
2101 3082 251 34 OVERCOATS

1680 3148 78 30 with
1780 3146 97 40 Capes

1473 3208 93 30 From
1590 3207 65 31 17s.
1700 3205 51 30 6d.
1795 3204 102 32 worth
1939 3204 66 31 255.
2053 3203 49 30 6d.

1349 3274 197 34 Mexx's
1589 3271 227 33 Twee<l
1858 3270 350 33 Overcoats

1672 3323 96 29 From
1790 3323 65 30 15s.

1196 3523 134 42 English
1343 3522 129 41 Witney
1481 3522 149 31 Blankets
1644 3525 33 27 to
1693 3522 37 31 be
1745 3522 68 31 sold
1828 3526 32 27 at
1870 3522 60 31 less
1938 3522 78 31 than
2030 3521 181 32 Melbourne
2224 3520 128 33 Whole-

1230 3588 29 19 ..e
1280 3576 128 40 price—
1407 3574 121 32 Double
1542 3574 69 29 Bed
1628 3574 69 31 Size
1719 3575 65 29 12s.
1810 3575 48 29 6d.
1909 3574 102 30 worth
2027 3575 65 28 16s.
2130 3574 49 29 6d.
2201 3583 56 29 per
2271 3574 77 40 pair.

1198 3604 46 29 sal
1330 3620 4 3 -
2032 3622 4 4 •

1364 3642 131 40 cheaper
1507 3642 78 29 than
1601 3640 221 33 CTiriitchurcli
1842 3640 113 31 houses
1968 3640 66 31 will
2047 3640 58 29 sell
2119 3640 94 31 them.

1197 3736 417 93 MANTLES,
1634 3735 251 77 CAFES
1910 3735 60 77 &
1990 3735 359 80 JACKETS

1208 3910 297 56 tes%^^o)
1637 3898 173 42 3MCS2T
1832 3898 167 42 AUD
2024 3897 201 44 SOTS

1191 3972 290 163 JUS
1511 3998 335 101 ARDIGAN
1923 4000 350 104 JACKETS

1208 4144 323 113 flllipl^
1746 4183 224 45 FBOU
2010 4183 93 42 4/-

1260 4331 2 1 --■
1295 4311 3 3 '
1543 4332 1 1 ■
1552 4332 2 1 ■
1577 4320 2 3 '
1591 4336 1 2 .
1610 4329 1 2 ■
1646 4324 30 4 —
1676 4318 2 2 *
1688 4319 65 13 •^»
1764 4320 11 12 ■
1848 4328 2 1 -
1859 4335 1 1 .
1883 4311 2 2 '
1905 4330 2 1 .
1998 4330 3 2 .
2155 4329 2 2 .
2182 4332 2 2 .
2351 4317 2 9 :

1247 4360 72 34 R.
1345 4357 78 34 H.
1460 4355 314 43 PARISH,
1830 4355 155 35 East
2031 4356 259 41 Oxford.

621 211 206 44 BURKE
867 211 131 44 AND
1040 208 117 46 SON

755 289 134 23 INQUIRY
925 287 124 21 AGENCY

678 333 131 20 Chanceet
822 331 72 24 liAns,
909 331 187 21 Christchubch.

621 367 74 46 Next
710 366 25 21 of
750 365 56 24 Kin,
816 365 99 25 Missing
923 364 118 21 Relatives
1050 363 45 23 &c;
1114 362 47 20 Ad-

681 392 113 25 vertising
804 392 24 19 in
838 397 46 19 any
892 392 55 24 pai*t
955 390 24 21 of
989 390 41 20 the
1039 389 77 20 world.

648 421 91 25 100,006
747 423 85 19 Names
841 422 100 20 indexed
949 427 40 20 up,
1004 427 63 19 upon
1085 420 76 20 which

621 454 149 21 information
782 454 76 25 given;
878 453 122 23 Solicitors,
1020 452 88 22 Courts,
1127 451 35 20 in-

622 488 88 26 quirers
716 485 109 23 relatives
834 487 45 24 &c,
887 486 108 21 Searches
1002 486 25 19 in
1034 485 74 20 Home
1116 484 47 20 and

622 520 67 20 other
697 519 137 23 Directions,
846 519 76 24 Aiiny,
933 518 73 25 Navy,
1013 518 59 23 Law,
1079 517 84 25 Clergy

623 552 106 24 Medical,
735 550 60 21 Civil
802 550 98 24 Service,
909 550 133 25 University
1048 548 46 21 and
1098 548 65 21 other

623 584 64 20 Lists
708 583 45 20 Old
758 583 99 19 Records
862 583 26 19 in
891 582 157 20 Government
1056 580 108 20 Gazettes

623 617 56 20 N.Z.
691 616 47 21 and
747 615 68 21 other
827 621 94 20 papers;
940 615 102 25 Country
1056 613 107 23 families,

625 650 129 26 Pedigrees,
775 649 91 20 Letters
875 648 99 24 written,
993 647 107 26 Register
1109 646 55 26 kept

625 684 23 20 of
667 682 99 23 Medical
790 682 47 20 and
862 681 65 21 other
942 679 154 28 professional
1123 685 38 15 me

625 716 92 20 wanted
726 715 25 20 in
759 714 33 20 all
800 714 41 20 the
850 713 111 20 Colonies.

653 750 73 25 Forty
734 754 67 20 years
809 747 139 26 experience,
955 745 96 26 enquiry
1060 743 38 21 fee
1114 743 38 28 2/6

811 784 80 27 Stamp
903 782 71 27 reply.

732 980 215 29 Established
971 976 89 28 1862.

677 1042 125 29 FLOUE,
813 1042 57 25 best
879 1041 82 25 brand
971 1039 61 32 only
1042 1039 68 31 kept.

631 1085 144 29 SHAEPS,
811 1082 206 29 OATMEAL,
1052 1081 110 25 BEAN

666 1150 3 4 .
720 1125 293 29 CHIOKENWHEAT,
1030 1126 43 23 &o.

655 1172 41 20 AT
724 1169 123 23 LOWEST
875 1168 141 21 CURRENT
1044 1166 105 25 RATES,

720 1279 53 43 F.
806 1275 262 53 B.LANE.

736 1351 91 39 (Late
841 1350 40 30 E.
900 1345 161 42 Butcher.)

633 1410 250 33 Watchmaker,
913 1407 183 32 Jeweller,
1113 1404 52 30 &c.

631 1460 124 30 Importer
788 1458 28 23 of
855 1455 107 26 Musical
996 1455 171 24 Instruments

731 1495 110 26 Victoria
863 1494 38 25 St.
931 1493 135 31 Eangiora.

634 1584 99 32 Special
744 1583 71 25 value
837 1582 28 24 in
888 1580 80 26 Extra
990 1580 87 30 strong
1088 1577 80 26 Cased

632 1628 88 30 highly
728 1626 109 25 finished
850 1624 109 31 English
976 1624 80 24 Lever
1065 1621 103 25 Watch-

632 1677 35 16 es.
713 1665 191 27 Manufactured
921 1667 26 22 to
969 1672 44 23 my
1041 1663 71 25 order
1134 1662 34 30 by

634 1709 54 25 best
699 1707 105 26 London
823 1705 106 25 makers.
964 1702 158 33 Unequalled
1129 1701 39 25 for

634 1752 122 25 excellent
769 1747 178 33 Timekeeping
962 1747 50 25 and
1023 1745 143 32 durability.

665 1796 30 22 F.
713 1795 31 23 B.
757 1792 96 25 LANE
865 1790 140 32 personally
1026 1789 72 25 visits
1118 1789 48 23 Ox-

634 1838 53 24 ford
707 1835 124 32 monthly,
856 1833 114 32 carrying
989 1840 15 16 a
1027 1832 68 30 large
1117 1830 51 25 and

634 1881 84 24 choice
752 1878 70 26 stock
850 1877 27 25 of
909 1876 127 28 Watches,
1064 1874 102 28 Chains,

633 1923 133 26 Brooches,
777 1921 87 30 Eings,
876 1919 85 27 Studs,
979 1918 128 24 Pendants
1120 1918 46 27 etc,

635 1965 140 30 Spectacles
797 1962 124 31 (Pebbles,
937 1961 169 28 Pantoscopsc
1117 1959 50 23 and

633 2006 109 32 Crystal)
755 2003 96 29 Clocks,
870 2001 108 35 (Marble
997 2001 52 24 and
1065 1999 101 33 Wood,)

732 2046 156 26 Accordeons
900 2045 50 24 and
961 2044 107 25 Violins.

665 2092 82 24 Exact
758 2090 58 24 date
828 2090 27 24 of
865 2088 62 26 each
938 2088 60 25 visit
1020 2087 22 25 is
1054 2085 106 26 notified

780 2133 28 24 in

632 2179 148 25 Eepaiks.—
783 2176 41 26 All
835 2175 94 33 repairs
947 2182 42 17 are
1006 2173 119 26 executed
1135 2172 33 33 by

631 2222 92 32 myself
744 2229 28 16 or
788 2220 80 24 under
884 2226 43 24 my
947 2217 222 32 superintendence

632 2274 42 16 so.
681 2266 57 22 that
757 2265 103 27 patrons
872 2269 48 17 can
941 2262 53 29 rely
1016 2269 33 16 on
1072 2260 97 30 getting

634 2304 154 24 satisfaction
797 2305 26 21 at
835 2302 44 24 the
890 2309 59 24 very
960 2301 86 24 lowest
1055 2300 112 32 charges.

667 2347 104 30 Eepairs
783 2354 28 16 or
820 2346 83 24 orders
912 2352 59 23 may
982 2344 30 24 be
1020 2344 45 24 left
1076 2344 27 24 at
1103 2357 34 4 —

634 2394 26 24 J.
668 2393 144 29 -Weeper's,
847 2393 65 24 East
936 2391 100 25 Oxford,

634 2438 26 23 at
682 2436 40 25 W.
747 2435 36 24 M.
808 2434 37 28 0.,
869 2435 64 24 East
957 2434 101 25 Oxiord.

634 2479 24 25 J.
675 2479 101 28 Brown,
788 2477 160 29 Bootmaker,
972 2477 71 24 West
1067 2476 101 25 Oxford.

634 2522 40 26 W.
688 2523 24 24 J.
726 2521 117 26 Crothers
853 2521 19 25 &
884 2520 45 26 Co.
937 2538 6 12 ,
966 2520 69 26 Oust.

667 2566 49 24 and
732 2565 52 25 will
791 2564 30 25 be
832 2564 127 32 promptly
970 2563 118 26 attended
1100 2565 35 24 to.

635 2610 55 28 All
701 2609 98 30 Work
811 2610 77 28 done
900 2619 40 19 on
954 2609 54 29 the
1018 2608 151 29 Premises

757 2660 61 28 and
834 2659 198 38 guaranteed.

672 2800 92 41 ■W.
812 2798 312 43 STOCKS,

630 2858 343 33 MONUMENTAL
995 2857 173 36 MASON,

752 2909 134 31 Madras
909 2909 127 36 Street,

670 2960 456 34 CHRISTCHURCH.

630 3052 162 61 WISHES
809 3054 27 22 to
853 3052 88 24 inform
952 3059 101 23 persons
1071 3051 25 23 in
1105 3052 64 22 want

719 3086 27 24 of
760 3085 168 24 Monumental
951 3084 77 24 Work
1055 3083 55 23 that
1137 3083 32 23 he

627 3120 97 24 intends
743 3120 26 22 to
792 3117 89 26 SELL
909 3116 63 26 HIS
1006 3115 162 26 PRESENT

627 3152 118 25 LAEGrE
766 3150 119 29 STOCK,
903 3150 133 30 consisting
1053 3149 26 24 of
1091 3148 77 24 Gran-

627 3186 34 22 ite
679 3183 102 29 Marble,
807 3183 48 22 and
881 3183 69 22 other
977 3181 76 25 Stone
1081 3181 88 22 Monu-

628 3219 86 26 ments,
744 3217 26 22 at
799 3214 162 31 considerably
997 3212 171 26 EEDUCED

628 3247 132 28 PEICES.
795 3247 57 26 Iron
870 3247 101 29 Fences,
986 3245 118 31 .Concrete
1121 3245 47 24 and

630 3283 75 26 Stone
721 3281 127 31 Kerbings,
865 3280 103 25 reduced
976 3280 27 23 in
1020 3280 72 31 price.
1126 3278 42 24 In-

628 3316 127 29 scriptions
774 3314 48 23 and
840 3313 34 24 all
890 3312 67 24 work
974 3313 25 22 in
1028 3311 141 24 connection

630 3348 56 22 with
704 3348 41 22 the
762 3346 69 23 trade
842 3346 62 22 done
915 3344 25 23 in
952 3343 133 24 first-class
1098 3343 70 29 style.

629 3379 76 31 Early
722 3377 134 32 inspection
874 3377 100 24 invited.
1012 3374 97 28 Several
1117 3382 52 18 new

630 3412 60 24 lines
707 3412 75 30 lately
811 3410 101 25 arrived.
947 3409 55 31 Any
1030 3407 138 26 reasonable

631 3445 58 24 offer
706 3445 37 23 for
759 3444 42 23 the
818 3446 94 27 present
930 3442 69 24 stock
1015 3441 51 25 will
1091 3440 78 26 result

630 3477 25 23 in
672 3485 14 14 a
704 3477 58 24 sale.
798 3475 77 23 Want
898 3475 26 23 to
941 3475 93 23 realise.

634 3586 91 37 MR
745 3584 65 40 W.
835 3585 51 39 N.
910 3582 258 44 CATHRO,

674 3654 182 22 BARBISTEK
870 3653 68 22 AND
954 3651 174 23 SOLICITOR.

782 3694 234 33 BANGIORA.

630 3748 133 30 Attends
778 3748 124 29 Oxford
915 3756 40 20 on
966 3746 98 30 Court
1071 3744 97 39 Days.

630 3819 168 26 Instructions
806 3817 34 33 by
850 3819 57 31 post
918 3816 52 26 will
981 3816 93 26 receive
1085 3823 83 24 prom-

794 3858 29 30 pt
852 3855 133 26 attention.

752 3904 108 21 MONEY
888 3903 38 20 TO
954 3902 89 21 LEND.

679 4024 46 55 S.
758 4023 51 46 B.
832 4019 307 55 SEYMOUK,

830 4088 139 27 DENTIST,

672 4134 42 20 215
728 4131 106 23 Colonibo
849 4131 82 22 Street,
954 4127 169 23 Christchtirch.

799 4200 180 22 CHAEGES:—

672 4253 3 3 ■
698 4244 95 26 Pi]ling,
807 4242 25 21 se
839 4251 9 17 ;
881 4240 134 23 Extraction
1024 4240 26 21 2a
1063 4237 38 23 63.

656 4308 96 21 Nitrous
761 4305 61 22 Oxid
830 4305 47 20 Gas
886 4303 169 22 Administered
1059 4302 37 20 for
1102 4301 67 21 Pain-

629 4348 46 21 less
684 4345 135 24 Extraction
828 4344 25 22 of
861 4343 81 22 Teeth.
976 4343 46 21 Fee
1030 4342 37 22 for
1076 4340 93 22 Admin-

630 4386 110 21 istration
750 4384 32 21 6s.

68 1999 63 43 R.
169 1997 80 42 W.
266 1990 337 52 ENGLAND,

66 2063 141 39 Timber
223 2061 70 39 and
315 2060 75 39 Coal
419 2054 185 42 Merchant

66 2145 161 68 LAKGE
249 2143 106 26 STOCK
374 2141 43 25 OF
430 2137 173 27 BUILDING

242 2173 209 29 MATEEIALS.

134 2223 34 23 Of
190 2229 71 24 every
293 2218 158 31 description,
484 2214 119 27 seasoned

167 2260 75 29 ready
249 2259 38 23 for
294 2265 53 20 use,
355 2256 91 30 always
454 2262 31 16 on
491 2253 78 24 hand.

103 2298 68 27 Also,
202 2296 153 25 Galvanised
362 2307 7 2 -
379 2291 74 30 -iron,
460 2308 7 1 -
484 2292 118 23 Portland

71 2338 104 24 Cement
185 2336 49 23 and
244 2334 124 24 Builders'
381 2333 190 28 Ironmongery.

105 2387 111 29 Country
232 2383 90 25 Orders
346 2381 126 30 Carefully
494 2378 110 27 Selected

237 2423 50 25 and
294 2420 144 26 forwarded.

71 2462 98 26 TUAM
178 2460 142 28 STKEET,
334 2455 272 28 CHRISTCHURCH

100 2559 217 48 PUBLIC
366 2556 237 47 NOTICE.

102 2633 173 34 Telegraphic
287 2632 130 33 Messages
437 2638 50 17 can
498 2637 61 18 now
570 2629 34 26 be

66 2672 62 23 sent
151 2669 53 25 and
223 2667 120 26 received
362 2669 30 23 at
416 2665 65 25 East
503 2663 101 26 Oxford

65 2703 116 33 Station,
199 2703 52 26 and
268 2701 93 27 Postal
380 2700 87 27 Notes
486 2707 60 28 may
569 2699 34 27 be

65 2739 155 34 purchased.

121 2862 107 26 CHILD
240 2861 109 25 BIRTH
362 2859 95 30 SAFE,
470 2859 75 24 AND

172 2904 136 25 ALMOST
318 2902 172 26 PAINLESS

61 2948 95 67 BY
201 2948 74 31 using
310 2947 49 24 DR
404 2943 195 26 FAWCETT'S

166 2981 130 25 Medicine.

96 3024 71 24 MRS
190 3022 165 25 BUKRELL
378 3022 59 30 begs
460 3022 27 22 to
509 3020 90 23 inform

63 3062 44 23 the
119 3060 90 24 Ladies
221 3060 56 24 that
286 3059 44 24 she
339 3059 46 24 has
395 3058 62 23 been
466 3055 131 33 appointed

63 3100 57 25 Sole
140 3100 73 31 agent
235 3099 28 24 in
287 3096 177 27 Christchurch
491 3096 37 24 for
555 3095 44 24 the

64 3138 76 25 above
152 3137 123 24 Medicine
287 3138 27 23 to
329 3136 117 24 facilitate
460 3133 138 25 Accouche-

63 3178 87 22 ments.
184 3176 91 23 Ladies
286 3183 47 15 can
355 3175 32 23 be
407 3173 114 30 supplied
539 3173 61 23 with

63 3213 42 23 the
127 3213 74 24 above
223 3211 33 32 by
280 3211 107 31 sending
408 3218 29 17 or
458 3210 92 31 calling
573 3210 26 22 at

63 3252 42 25 Mr
126 3252 120 25 Burrell's
269 3251 182 32 Photographic
474 3250 70 32 place
574 3248 28 26 of

63 3292 124 25 business,
200 3291 104 25 Gould's
326 3291 133 30 Buildings
461 3308 6 11 s
488 3290 113 24 Victoria

66 3330 89 27 Street,
169 3329 179 28 Christchurch,
368 3328 83 24 where
470 3327 34 23 all
523 3328 77 22 infor-

65 3368 96 23 mation
189 3375 45 16 can
261 3366 31 25 be
320 3365 117 26 obtained
464 3365 58 27 free,
551 3364 50 25 and

65 3406 116 31 perfectly
224 3405 156 31 satisfactory
411 3403 49 25 and
494 3403 107 31 genuine

66 3443 166 25 testimonials
243 3451 47 16 can
300 3442 31 24 be
343 3450 66 16 seen.

67 3608 80 42 W.
167 3606 303 45 JOHNSON
476 3608 41 42 &
531 3608 71 43 Co

178 3673 56 27 (late
243 3672 88 21 Hainill
340 3672 17 19 &
367 3672 112 25 Johnson)

121 3716 83 19 LAND
218 3715 63 21 AND
291 3715 115 20 ESTATE
420 3714 127 28 AGENTS,

211 3756 26 21 71
247 3756 123 21 Cathedral
380 3756 92 25 Square,

110 3792 451 32 CHRISTCHURCH.

94 3860 49 21 The
152 3860 102 21 Farmers
261 3860 23 21 of
291 3860 92 25 Oxford,
395 3859 57 21 Gust
460 3858 46 21 and
515 3866 87 14 surrou-

68 3897 72 26 nding
149 3897 107 21 Districts
263 3898 49 20 who
322 3897 56 21 wish
387 3897 24 21 to
418 3896 88 26 dispose
515 3897 25 20 of
541 3897 62 21 their

69 3933 71 21 farms
153 3935 46 19 will
208 3934 48 20 find
272 3934 19 20 it
308 3935 25 19 to
352 3934 62 20 their
431 3933 129 26 advantage
578 3935 24 19 to

68 3971 63 26 place
140 3971 62 21 them
211 3972 26 19 in
246 3978 40 14 our
299 3971 81 21 hands.
416 3970 44 21 We
478 3971 65 21 make
561 3971 41 21 the

70 4008 50 19 Sale
134 4008 24 20 of
176 4009 64 20 Land
257 4008 40 21 the
315 4008 94 26 leading
423 4008 87 21 branch
523 4008 25 20 of
560 4015 42 14 our

69 4045 108 21 Business
187 4046 45 20 and
242 4052 32 15 we
284 4052 64 20 spare
355 4046 92 21 neither
451 4046 56 20 time
513 4046 89 20 trouble

68 4088 42 14 nor
119 4088 95 21 expence
223 4083 25 21 in
253 4083 219 28 bringingproperty
477 4083 78 21 before
561 4083 41 21 the

66 4119 76 21 notice
155 4120 24 20 of
187 4121 40 21 the
240 4121 82 26 public.

162 4156 58 21 FOR
234 4156 74 22 SALE
321 4157 41 20 AT
376 4156 120 21 OXFORD

96 4197 20 18 A
125 4196 67 20 Farm
200 4198 25 19 of
232 4199 28 18 40
270 4203 61 14 acres
336 4198 59 25 good
402 4190 56 27 land
465 4196 53 20 well
521 4196 83 20 fenced

69 4232 48 21 and
125 4233 139 25 subdivided,
272 4234 53 21 Two
334 4234 108 26 dwelling
460 4233 83 21 houses
556 4231 47 23 and

69 4269 171 28 outbuildings,
274 4271 63 21 Price
350 4272 54 27 only
413 4271 61 21 JJSOO
488 4277 46 20 any
542 4276 59 15 reas-

69 4306 81 21 onable
159 4307 68 21 terms
237 4308 75 25 given.

98 4348 49 32 psf
155 4352 50 21 List
218 4353 24 21 of
252 4353 78 22 Farms
339 4353 35 22 for
384 4354 52 22 Sale
451 4354 52 21 sent
510 4353 49 22 free
573 4358 30 16 on

70 4385 144 32 application.
