2590 4039
105 83 460 137 NEW
671 93 879 140 ZEALAND
1657 108 856 142 GAZETTE

1286 264 100 32 AND

135 599 65 31 No.
224 598 96 42 242.]

2303 624 92 42 [Vol.
2418 629 53 30 IV.

690 604 111 31 PORT
824 605 259 41 NICHOLSON,
1107 609 266 33 WEDNESDAY
1393 612 330 38 MORNING/MAY
1744 621 29 31 3,
1799 622 89 27 1843.

629 487 223 38 PUBLISHED
897 490 134 38 EVERY
1075 492 257 38 WEDNESDAY
1376 494 86 38 AND
1508 497 230 39 SATURDAY
1781 500 206 39 MORNING.

1942 713 96 22 Public
2061 716 122 21 Auction
2199 718 30 21 of
2246 719 162 28 Company's
2423 723 101 21 Stores.

1943 747 159 48 MESSRS.
2118 749 93 28 HORT,
2228 751 157 30 MOCATTA,
2406 762 46 14 and
2467 756 55 27 CO.,

2033 776 56 21 have
2113 777 103 22 received
2239 778 142 24 instructions
2390 788 3 6 '
2405 781 58 24 frdnj
2468 793 4 6 -
2481 782 43 24 the

1941 800 112 27 Principal
2063 802 75 26 Agent
2147 804 26 20 of
2179 804 37 22 the
2227 804 57 23 New
2292 805 99 23 Zealand
2402 808 120 27 Company,

1941 829 22 18 to
1973 831 102 18 continue
2086 829 57 21 their
2154 830 50 22 Sale
2214 831 26 21 of
2247 831 37 22 the
2292 834 145 26 unexpended
2452 837 73 20 Stores

1940 854 26 20 of
1974 854 36 21 the
2021 854 56 23 New
2092 856 101 22 Zealand
2208 858 118 29 Company,
2338 863 23 18 at
2368 861 58 21 their
2440 862 82 27 Stores,

2161 884 32 21 Te
2207 885 54 27 Aro,
2273 892 30 16 on

2001 914 201 25 WEDNESDAY
2216 918 92 28 NEXT,
2322 922 45 19 3rd
2382 921 79 22 MAY.

2153 946 23 19 at
2186 946 24 19 11
2222 945 91 27 o'clock,

1939 967 47 21 The
2005 968 68 25 goods
2088 969 83 22 offered
2186 971 34 20 for
2240 972 49 21 Sale
2308 974 108 26 comprise
2435 981 30 16 an
2484 983 39 14 ex-

1939 993 87 22 tensive
2047 995 61 21 stock
2128 997 26 20 of
2172 997 164 28 ironmongery,
2357 1001 120 27 consisting
2487 1008 4 5 '
2501 1003 27 21 of

1939 1021 104 25 mason's,
2060 1023 105 26 cooper's,
2183 1024 44 21 and
2241 1028 123 24 carpenters
2379 1028 69 26 tools,-
2459 1028 64 28 nails,

1939 1053 86 20 screws,
2036 1047 56 27 lead,
2106 1049 87 28 bullets;
2205 1050 56 28 shot,
2277 1053 144 28 gunpowder,'
2436 1062 13 14 a
2464 1055 61 27 large

1939 1077 131 19 assortment
2086 1075 25 21 of
2126 1083 64 20 guns,
2207 1076 64 28 rifles,
2282 1079 42 21 and
2334 1080 91 28 fowling
2433 1081 75 27 pieces
2518 1091 6 13 :

1939 1101 52 19 boat
2003 1101 99 22 hatchets
2113 1103 45 21 and
2169 1104 141 28 tomahawks,
2319 1106 109 28 breaking
2436 1115 30 19 up
2476 1109 46 22 and

1937 1127 112 26 grubbing
2070 1128 60 28 hoes,
2153 1131 112 27 crockery,
2289 1132 52 21 boat
2364 1134 43 21 and
2431 1134 90 23 bullock

1939 1153 83 27 chains,

1965 1181 14 19 2
1991 1181 100 26 portable
2102 1190 79 14 cranes
2191 1185 114 27 complete,

1967 1208 8 19 1
1991 1208 98 26 portable
2104 1209 150 24 blacksmith's
2269 1212 70 27 forge,
2359 1213 53 22 with
2429 1214 89 23 bellows

1937 1233 46 21 and
1994 1234 56 22 tools
2059 1235 118 28 complete,

1966 1260 55 21 And
2031 1268 14 14 a
2055 1263 84 26 variety
2150 1263 26 21 of
2182 1263 63 22 other
2254 1265 77 26 goods.

2025 1295 74 15 TERMS
2114 1296 105 16 LIBERAL.
2221 1301 28 5 —
2251 1299 185 16 REFRESHMENTS.

1967 1320 30 21 Te
2009 1321 53 27 Aro,
2074 1322 65 26 April
2148 1324 35 26 28,
2195 1325 60 21 1843.

1979 1365 98 21 Notice
2092 1368 29 19 to
2136 1368 116 22 Debtors
2267 1371 53 20 and
2336 1372 144 22 Creditors.

1937 1399 93 47 ALL
2054 1400 136 23 PERSONS
2211 1402 81 29 having
2311 1404 75 22 claims
2404 1413 27 15 on
2451 1407 24 21 P.
2488 1407 32 23 H.

2019 1426 94 27 Gowan,
2125 1428 26 21 of
2157 1428 118 30 Aglionby,
2288 1439 28 13 on
2326 1432 37 21 the
2372 1432 68 23 River
2454 1433 66 28 Hutt,

1937 1458 39 15 are
1985 1454 117 26 requested
2113 1458 20 17 to
2144 1456 57 21 send
2209 1456 24 22 in
2244 1458 36 21 the
2289 1459 129 26 particulars
2434 1459 89 23 thereof

1937 1479 70 35 to^;
2018 1480 26 34 £:
2056 1480 89 23 Rhodes
2162 1482 20 21 &
2197 1483 46 27 Co.,
2259 1491 25 15 or
2300 1485 95 22 Edward
2411 1486 111 27 Johnson,

1937 1506 27 20 of
1977 1506 143 28 Wellington,
2136 1516 29 14 on
2185 1516 25 15 or
2228 1510 74 22 befere
2319 1512 38 22 the
2374 1513 51 21 10th
2440 1513 45 28 day
2499 1515 27 21 of

1937 1532 56 27 May
2002 1537 60 23 next,
2070 1534 45 22 and
2124 1535 29 22 all
2163 1543 90 20 persons
2261 1538 105 22 indebted
2373 1541 23 19 to
2404 1539 36 22 the
2451 1548 69 19 same,

1936 1585 29 12 w
1962 1566 11 13 e
1991 1566 12 14 *
2005 1567 19 14 ec
2024 1567 6 19 l
2032 1561 77 22 ucste(i
2127 1565 23 18 t0
2169 1571 15 19 P
2186 1571 12 13 a
2198 1571 15 19 y
2227 1564 37 21 the
2280 1569 92 17 amount
2387 1569 22 18 to
2420 1567 38 21 the
2472 1568 50 22 said

1936 1586 35 20 W.
1983 1586 26 21 B.
2021 1586 89 23 Rhodes
2125 1592 24 18 ot
2164 1590 26 21 E.
2202 1590 106 28 Johnson,
2320 1599 28 14 on
2358 1599 25 15 or
2397 1593 75 23 before
2482 1594 38 22 the

1936 1612 48 22 said
1995 1613 59 23 date.

1964 1666 27 9 „.
2308 1645 26 22 P.
2349 1646 31 21 H.
2397 1647 95 22 Gowan.

1964 1666 68 23 Rivor
2042 1668 64 27 Hutt,
2120 1669 64 27 April
2194 1671 34 25 28,
2240 1672 59 21 1843.

2013 1712 145 22 ANTED
2187 1715 22 21 A
2238 1715 118 23 COOK.
2398 1718 76 28 Apply
2497 1723 23 18 at

2031 1738 38 22 the
2109 1740 95 22 Gazette
2242 1743 76 22 Office.

1962 1771 66 27 April
2038 1774 33 25 28,
2084 1774 60 21 1843.
2410 1788 2 4 .

1990 1817 40 20 To
2047 1819 81 20 stand
2144 1821 29 19 to
2190 1826 80 16 cover
2289 1822 54 21 this
2358 1829 107 21 season,

2094 1853 31 20 At
2134 1854 141 26 Berhampore
2285 1857 71 27 Fatm,

1935 1886 93 21 HHHE
2054 1886 50 22 well
2131 1887 81 24 known
2240 1890 109 29 thorough
2371 1893 55 20 bred
2453 1894 65 22 horse

1941 1913 30 21 _L
1998 1913 98 27 Figaro,
2108 1915 37 21 the
2155 1920 105 23 property
2270 1917 24 22 of
2301 1918 77 22 James
2388 1919 68 28 Watt,
2465 1920 53 25 Esq.

1962 1940 80 25 Figaro
2052 1947 43 14 was
2104 1941 77 23 foaled
2190 1943 23 21 in
2223 1943 131 28 December,
2370 1947 60 24 1837,
2440 1951 39 22 got
2490 1948 31 25 by

1934 1965 117 27 Operator,
2063 1967 52 21 dam
2128 1968 107 22 Adelaide
2245 1969 31 27 by
2284 1971 102 22 Teorum.

1962 1992 110 26 Operator
2081 2000 44 18 wag
2136 1995 75 22 foaled
2219 1996 24 21 in
2258 1999 57 24 1832,
2327 2002 39 22 got
2375 1999 30 26 by
2415 1999 101 28 Emilius,

1933 2018 52 21 dam
1995 2018 123 24 Worthless
2127 2021 31 27 by
2169 2021 95 29 Walton,
2277 2027 37 18 out
2324 2025 25 21 of
2357 2025 121 23 Altisidora
2487 2027 31 24 by

1932 2045 61 21 Dick
2003 2046 116 23 Andrews.

1960 2076 75 28 Every
2042 2077 106 24 attention
2158 2080 46 21 will
2217 2080 28 23 be
2261 2082 50 26 paid
2322 2086 22 18 to
2353 2091 72 14 mares
2435 2087 50 19 sent
2494 2088 23 19 to

1930 2102 56 22 him.

1960 2130 103 28 Charges,
2089 2129 54 25 with
2165 2138 127 24 guarantee,
2318 2143 67 16 seven
2409 2138 106 28 guineas;

1930 2158 95 22 without
2040 2162 127 26 guarantee,
2186 2161 43 22 five
2244 2162 99 28 guineas,
2355 2171 117 21 groomage
2482 2166 33 22 in-

1930 2184 90 23 cluded.

1958 2218 144 29 Wellington.
2115 2221 97 23 October
2219 2223 35 26 25,
2266 2225 60 21 1832.

2153 2273 54 20 For
2222 2274 67 20 Sale.

1929 2303 73 49 A-
2010 2303 289 26 DWELLING-HOUSE
2327 2315 29 15 on
2380 2308 136 30 Wellington

2009 2331 101 27 Terrace,
2123 2331 97 29 adapted'
2229 2332 35 23 for
2271 2341 14 14 a
2294 2336 64 21 small
2367 2335 85 29 family.

1957 2357 45 21 For
2010 2358 139 28 particulars,
2158 2360 93 27 enquire
2261 2364 23 18 at
2293 2362 37 21 the
2341 2363 61 22 Store
2412 2364 26 21 of

2078 2392 32 22 H.
2126 2394 97 22 Taylor
2237 2395 21 21 &
2272 2395 46 28 Co.,
2329 2396 165 25 Willis-street..

1957 2425 113 28 February
2079 2427 21 27 3,
2113 2428 59 22 1843.
2463 2442 3 5 .
2484 2432 4 7 '

2073 2479 80 22 Zinc!
2178 2481 78 22 Zinc!
2284 2482 79 22 Zinc!

1930 2510 84 49 ON'
2031 2512 86 27 SALE,
2141 2517 24 18 at
2183 2513 38 22 the
2241 2515 72 22 Stores
2334 2517 25 21 of
2375 2517 37 22 the
2431 2518 82 23 under-

2008 2538 92 28 signed..
2117 2547 139 20 •■',•■,
2349 2549 20 13 ••,
2440 2552 11 18 /.

2054 2573 129 22 SAMUEL
2201 2575 68 22 AND
2288 2576 124 30 JOSEPH,

2194 2609 159 24 Wellington
2371 2612 88 29 House,

2291 2638 53 22 Port
2353 2638 131 24 Nicholson.

1956 2661 166 27 Aprill,lB43.

2050 2714 119 21 Wanted
2183 2716 29 19 to
2228 2715 157 29 Exchange,
2475 2710 16 28 \.

1943 2744 19 22 A
1993 2744 147 23 COUNTRY
2162 2746 139 29 SECTION,
2317 2749 43 24 No.
2379 2750 28 22 37
2424 2758 30 14 on
2473 2750 40 23 the

1926 2770 51 28 A
2007 2771 128 28 Surveyor's
2154 2773 64 28 Plan,
2235 2774 80 22 chosen
2335 2775 30 27 by
2381 2776 45 23 Mr.
2446 2777 66 23 Child

1925 2801 23 17 at
1965 2797 37 22 the
2018 2798 136 28 Manawatu,
2170 2801 35 21 for
2219 2808 30 14 an
2268 2801 129 24 uriselected
2411 2804 101 28 Country

1925 2824 91 22 Section
2025 2825 25 21 in
2060 2825 37 22 the
2108 2826 59 22 First
2176 2828 139 22 Settlement.
2345 2830 75 28 Apply
2430 2834 23 19 to
2474 2837 11 19 .'

1951 2884 18 3 _
2023 2872 4 5 •
2082 2856 3 3 '
2211 2861 34 22 W.
2262 2862 28 21 V.
2306 2862 106 29 Brewer,
2429 2860 59 32 Esqj

1951 2884 115 28 February
2077 2886 32 27 17,
2123 2888 61 21 1843.
2205 2900 23 10 _
2444 2902 42 10 ...

2071 2935 40 21 To
2126 2936 34 20 be
2175 2936 65 21 Sold
2260 2943 30 15 or
2301 2938 59 21 let.
2454 2945 5 3 ■

1921 2967 10 13 r
2028 2966 101 23 Wooden
2139 2968 97 28 Houses,
2247 2976 29 14 on
2282 2969 38 22 the
2325 2968 185 33 Tinakore-roa'd,

1930 2991 25 23 A
1998 2994 39 21 the
2056 2994 83 22 second
2157 3001 52 15 acre
2228 2996 57 21 from
2306 2997 92 27 Captain
2416 2997 94 25 Smith's

1917 3035 2 6 .
1942 3046 5 5 #
1966 3021 130 27 containing
2108 3022 52 21 four
2168 3029 75 15 rooms
2252 3022 46 22 and
2311 3031 14 14 a
2338 3031 98 22 passage,
2452 3027 58 23 each

1921 3046 53 23 with
1991 3048 52 21 zinc
2060 3048 67 26 roofs,
2154 3049 46 21 and
2221 3050 24 20 in
2270 3057 67 21 e^ery
2353 3057 87 22 respect
2458 3054 52 22 well

1919 3074 103 22 finished.
2051 3075 106 21 Terms—
2157 3076 25 20 lf
2189 3076 55 27 sold,
2254 3076 60 23 £150
2325 3078 35 22 for
2365 3079 55 22 each
2425 3079 70 24 house
2501 3090 7 19 ;

1918 3101 20 22 if
1949 3099 39 29 let,
1999 3102 32 22 £1
2042 3109 40 21 per
2092 3102 62 22 week
2164 3103 35 21 for
2207 3103 56 22 each
2271 3104 79 24 house.
2376 3106 77 32 Apply
2463 3110 22 20 to

1930 3163 18 6 „
1971 3163 26 6 „.
2033 3160 4 4 .
2311 3140 75 23 James
2400 3140 80 24 Watt.

1930 3163 145 27 Wellington,
2084 3163 59 24 Nov.
2153 3164 34 26 27,
2196 3166 61 22 1841.

1918 3214 132 26 Country,
2056 3214 124 22 Sections
2200 3215 42 21 for
2262 3217 59 20 Sale
2331 3224 47 19 ,on
2397 3219 108 22 Liberal

2163 3242 102 22 Terms.

1918 3272 166 49 SEVERAL
2119 3272 101 24 Sections
2247 3275 27 22 of
2305 3277 100 28 Country
2431 3278 72 28 Land,

1983 3298 90 28 already
2084 3298 82 24 chosen
2176 3300 24 22 in
2211 3301 36 22 the
2261 3302 94 24 Pbrirua
2367 3304 92 29 district,
2470 3305 36 22 for

1917 3326 58 27 Sale,
1987 3333 74 15 TERMS
2071 3333 107 16 LIBERAL.
2191 3328 93 29 -Apply
2291 3328 24 23 to

2002 3353 36 22 .iFi
2054 3353 28 22 A.
2096 3354 102 22 MoLEsw
2197 3368 3 14 (
2200 3363 69 19 oaTH,
2284 3356 221 30 Murphy-street,<'or

2014 3380 35 21 W.
2063 3380 28 27 y.
2106 3381 108 28 Brewer,
2226 3383 192 24 Manners-street.

1943 3432 43 21 Ex
2215 3434 55 21 and
2290 3429 182 28 "NeSw'York

2305 3456 6 22 I

1919 3490 103 37 QflA
2038 3486 102 29 b6xes
2156 3493 39 22 of
2211 3493 147 27 candles,

2052 3519 104 28 Superior
2167 3520 95 22 Manilla
2272 3521 76 26 cigars,
2421 3537 29 7 ..
2463 3528 7 17 j

2052 3546 103 28 Superior
2167 3547 94 22 London
2274 3547 65 22 made
2352 3547 146 28 gentlemen's

1915 3571 109 28 clothing.
2139 3593 3 7 ,
2303 3570 167 26 ,''.-''''

1941 3599 80 23 AUhe
2031 3600 73 22 Stores
2115 3600 27 23 of
2146 3595 3 4 '
2228 3605 5 3 '
2258 3607 3 4 •
2289 3598 2 6 '
2295 3596 47 14 :<i:>
2338 3607 15 17 \
2463 3597 5 7 '

2156 3622 4 19 J
2178 3634 12 9 .'
2209 3636 11 6 -
2233 3624 199 30 fflTi-'M.'TAYioki'J
2447 3631 19 13 '■'

1961 3661 16 13 'j
1998 3655 17 21 .'
2038 3671 3 3 .
2102 3653 17 26 ,J
2137 3653 34 23 .i/
2204 3653 125 23 'jj<ii:<:i,rtt')
2348 3653 119 24 o,Te-'Aro.

1941 3679 124 28 March.2l,
2066 3697 11 11 tl
2078 3681 70 28 lB4^r;
2178 3694 19 14 -_
2216 3694 9 10 t
2229 3693 9 14 O
2239 3686 9 21 I
2261 3694 17 16 •,•
2288 3697 3 10 s
2317 3686 71 23 ;jjL;<)
2404 3679 10 31 ,',

1913 3729 75 49 ON
1988 3728 4 6 1
2002 3723 85 33 SALE',
2096 3731 24 20 at
2127 3729 38 22 the
2175 3726 73 30 Stor?6
2249 3727 4 13 ;
2257 3726 25 24 lir
2289 3728 36 23 the
2333 3729 162 30 lindersigned,

1991 3764 30 14 cx
2025 3766 3 6 1
2031 3757 72 20 Scotia
2103 3766 26 5 —
2132 3761 15 12 ■'■>
2178 3757 2 9 '
2209 3759 23 14 tn
2252 3766 5 7 >
2293 3754 40 20 ,•..',
2363 3760 28 14 ■,\
2416 3762 3 10 \
2439 3763 5 10 r
2460 3756 7 22 [
2487 3768 7 7 ,

1958 3787 138 27 ..v'Elour,
2124 3790 3 5 '
2153 3788 3 6 '
2205 3779 48 30 ■;*■
2344 3796 4 3 ■
2416 3788 42 29 '>,

1932 3837 3 3 .
1958 3826 19 13 -.
1997 3815 88 26 --Bice,
2152 3827 10 11 •,
2233 3827 4 6 »
2240 3826 11 13 i;
2281 3817 32 24 T,.
2350 3835 3 6 .
2416 3821 45 19 ,»;•:

1964 3859 2 3 .
2010 3841 87 27 /Sugar,
2207 3859 2 5 
2238 3846 33 23 ;,r
2319 3853 3 6 ,
2334 3863 1 7 y
2371 3858 3 7 ,

1979 3869 9 3 ~
2257 3870 14 22 '.

2019 3893 89 22 Bottled
2118 3892 35 23 a^e
2163 3893 44 22 and

2153 3927 98 24 Thomas
2266 3928 26 23 M
2299 3944 6 7 .
2316 3930 151 25 Machattie.

1936 3953 65 29 April
2010 3954 20 26 ?,
2043 3955 60 21 1843.
2249 3961 26 12 !-.

916 701 69 21 Rifle
1001 702 79 21 Club.

705 731 229 49 GENTLEMEN
949 734 100 23 desirous
1069 736 26 21 of
1109 736 96 28 forming
1220 738 72 21 them-

785 758 72 22 selves
867 760 47 21 into
925 767 13 15 a
954 760 58 23 Rifle
1024 762 57 21 Club
1095 769 38 15 are
1143 764 118 27 requested
1271 767 21 19 to

702 787 61 18 meet
772 788 23 18 at
806 785 108 23 Barrett's
923 787 70 22 Hotel
1002 795 30 14 on
1043 788 88 28 Friday,
1141 790 37 22 the
1185 791 39 21 sth
1232 791 58 27 inst.,

702 813 23 19 at
734 812 13 20 8
759 811 87 23 o'clock
855 820 56 20 p.m.

730 842 145 30 Wellington,
888 846 56 28 May
954 848 19 26 1,
985 848 63 21 1843.

853 896 87 21 Town
956 896 31 21 of
1003 898 139 21 Moreton.

702 927 89 48 FOR
805 928 87 28 SALE,
907 929 37 22 the
961 930 52 22 land
1029 931 96 22 situated
1141 935 23 19 at
1179 933 37 21 the
1229 933 63 28 point

784 955 87 22 formed
891 957 29 26 by
938 956 39 22 the
998 957 130 23 confluence
1145 960 26 20 of
1185 960 38 21 the
1243 960 49 21 four

700 981 70 21 rivers
781 990 4 13 :
796 993 29 4 —
836 983 65 27 Hutt,
926 983 115 28 Oukoutu,
1066 985 57 22 Awa
1147 987 73 26 Motu,
1246 986 44 22 and

788 1009 112 22 Waiwatu
910 1011 52 21 with
973 1011 37 21 the
1022 1018 43 20 sea,
1077 1012 45 22 laid
1133 1016 38 18 out
1180 1020 25 14 as

701 1042 22 21 A
751 1042 100 27 TOWN,
883 1042 36 23 IN
954 1044 211 23 ALLOTMENTS
1199 1046 40 22 OF
1268 1046 22 21 A

756 1069 150 23 QUARTER
926 1070 42 22 OF
980 1071 46 21 AN
1041 1072 83 21 ACRE
1142 1072 92 28 EACH,

887 1103 53 22 with
951 1105 153 21 commodious

700 1135 141 27 STREETS,
879 1136 113 22 PUBLIC
1026 1138 95 26 QUAY,
1154 1139 135 23 MARKET

727 1162 109 27 PLACE,
852 1162 138 28 CHURCH,
1007 1164 155 28 CEMETRY,
1173 1167 87 22 &c.&c.

698 1195 54 21 This
763 1198 49 24 spot
820 1195 19 21 is
850 1195 49 22 well
910 1196 82 22 known
1002 1204 25 15 as
1038 1197 37 22 the
1085 1198 54 27 only
1146 1199 63 27 place
1219 1201 22 21 in
1252 1201 36 21 the

699 1222 70 21 River
785 1222 61 22 Hutt
861 1223 74 21 where
945 1230 14 14 a
967 1224 74 22 vessel
1058 1225 25 21 of
1095 1232 60 15 more
1172 1227 52 21 than
1240 1228 49 21 four

698 1251 49 19 tons
764 1249 46 21 and
824 1249 102 27 upwards
943 1254 23 17 to
977 1250 76 28 eighty
1064 1258 42 15 can
1121 1253 67 21 reach
1198 1255 43 20 and
1251 1255 37 26 lay

697 1275 24 21 in
741 1275 72 28 safety
822 1275 24 21 in
865 1283 44 20 any
925 1277 105 27 weather,
1046 1278 46 21 and
1106 1279 24 21 in
1147 1279 55 28 deep
1220 1285 68 18 water

698 1303 60 20 close
768 1306 21 18 to
799 1302 39 22 the
848 1302 73 23 shore.
951 1303 22 22 It
982 1304 19 21 is
1010 1304 92 27 pointed
1116 1309 38 19 out
1168 1307 30 27 by
1208 1311 79 18 nature

959 1338 25 14 as
994 1331 38 21 the

698 1364 105 22 DEPOT
822 1364 64 22 FOR
905 1365 65 22 THE
994 1365 146 24 PRODUCE
1160 1368 39 22 OF
1223 1368 64 22 THE

867 1392 86 22 HUTT
967 1392 154 23 DISTRICT.

697 1422 48 22 The
756 1422 122 22 advertiser
887 1423 74 23 leaves
971 1424 18 21 it
998 1427 23 19 to
1031 1424 38 22 the
1079 1425 58 26 good
1147 1433 65 15 sense
1221 1427 27 22 of
1253 1427 34 21 his

698 1449 73 22 fellow
781 1449 105 23 colonists
901 1454 22 18 to
937 1451 71 27 judge
1025 1451 27 21 of
1064 1451 36 22 the
1111 1452 99 23 ultimate
1222 1454 64 21 value

698 1476 25 22 of
729 1484 14 14 a
753 1479 90 24 quarter
859 1477 26 21 of
897 1484 28 14 an
942 1485 57 19 acre,
1015 1478 74 22 which
1105 1482 23 18 at
1143 1479 37 22 the
1197 1484 91 23 present

697 1507 100 17 moment
805 1503 19 21 is
836 1503 83 22 offered
929 1507 23 19 at
961 1504 38 22 the
1008 1504 44 23 low
1060 1505 60 28 price
1132 1506 25 21 of
1167 1507 54 28 jglO,
1233 1507 54 22 with

698 1537 13 14 a
719 1530 61 27 right
794 1530 26 22 of
832 1531 93 26 priority
940 1532 26 21 of
979 1531 84 28 choice,
1080 1533 114 26 regulated
1205 1535 30 26 by
1249 1535 37 21 the

696 1557 92 28 priority
808 1557 26 21 of
850 1557 116 26 purchase.
995 1558 49 22 The
1062 1563 45 18 rest
1126 1559 26 22 of
1167 1561 38 21 the
1224 1561 60 27 land,

697 1583 107 28 reaching
813 1583 59 23 from
882 1585 41 21 Dr.
934 1585 95 27 Healy's
1039 1585 37 22 old
1086 1593 68 15 warre
1163 1590 24 19 to
1206 1588 47 21 that
1263 1589 26 20 of

697 1611 38 21 the
758 1611 147 26 advertiser's,
925 1612 69 27 being
1012 1611 46 23 laid
1078 1615 38 19 out
1134 1613 24 22 in
1175 1614 111 22 suburban

697 1637 129 22 allotments
842 1638 25 21 of
880 1641 43 19 two
944 1646 61 14 acres
1024 1639 62 22 each.
1116 1640 134 23 Purchasers
1263 1642 26 21 of

696 1667 60 19 town
765 1664 56 22 land
831 1664 57 22 have
898 1672 14 14 a
923 1665 82 22 chance
1016 1665 25 22 of
1056 1667 102 27 securing
1168 1675 13 14 a
1189 1668 63 27 piece
1262 1669 26 20 of

695 1691 86 26 garden
805 1691 55 22 land
884 1692 25 21 in
933 1691 37 23 the
994 1692 131 23 immediate
1147 1695 94 27 vicinity
1264 1696 25 21 of

696 1719 115 21 Moreton.

723 1752 83 27 Apply,
822 1759 29 15 on
869 1753 111 27 Tuesday,
992 1753 150 28 Wednesday,
1159 1754 124 29 Thursday,

696 1778 89 28 Friday,
797 1779 45 21 and
855 1780 111 27 Saturday
981 1780 122 28 mornings,
1114 1785 25 17 at
1151 1781 38 22 the
1207 1782 78 22 adver-

695 1805 73 22 tiser's
791 1806 71 27 oflice,
872 1808 6 3 '
888 1811 56 17 next
966 1806 55 23 door
1044 1811 23 18 to
1090 1808 38 21 the
1146 1808 138 28 Wellington

695 1832 96 28 Tavern,
803 1832 73 23 where
886 1833 38 22 the
933 1833 54 28 plan
1003 1834 50 26 lays
1063 1834 35 21 for
1106 1834 124 28 inspection
1238 1844 6 19 ;
1260 1844 25 14 or

694 1862 24 19 at
727 1867 46 19 any
786 1859 61 27 time,
859 1860 59 21 from
934 1860 111 28 Saturday
1053 1861 35 22 till
1105 1862 101 28 Monday
1217 1870 68 14 even-

693 1886 45 27 ing,
751 1890 23 18 at
782 1885 36 23 his
828 1886 123 28 residence,
965 1895 30 14 on
1004 1887 39 22 the
1054 1888 66 22 Hutt.

905 1919 108 21 Charles
1029 1919 26 21 E.
1071 1919 53 23 Yon
1138 1920 117 23 Alzdorf.

720 1951 116 27 February
846 1952 35 26 24,
895 1953 60 20 1843.

801 2003 54 21 For
875 2003 70 25 Sale,
965 2009 36 14 ex

698 2041 18 33 1
784 2040 106 34 OHO
920 2041 122 27 SLATES,

698 2067 192 30 IUjVVv
918 2069 28 21 40
973 2069 84 21 barrels
1079 2068 60 23 fresh
1161 2069 121 23 American

891 2094 64 27 flour,

697 2140 3 4 .
719 2119 15 19 4
748 2117 65 22 hhds.
824 2118 115 30 Barclay's
949 2124 66 25 stout,

721 2147 27 19 10
763 2145 78 21 firkins
853 2146 59 23 Cork
922 2148 80 27 butter,

720 2173 10 19 1
747 2171 68 22 tierce
825 2173 77 28 coffee,

720 2200 10 19 1
747 2198 54 22 hhd.
810 2199 87 24 refined
907 2209 72 20 sugar,

719 2226 11 20 1
746 2225 72 22 barrel
829 2226 64 24 West
902 2229 66 21 India
978 2236 74 21 sugar,

719 2253 54 21 1000
787 2253 115 28 Rodney's
911 2260 78 23 patent
998 2256 66 22 horse
1074 2256 63 23 shoes
1145 2257 45 22 and
1200 2258 64 26 nails,

718 2280 13 20 3
747 2286 61 15 cases
822 2281 157 29 gentlemen's,
996 2283 85 28 ladies',
1098 2284 45 22 and
1157 2284 122 23 children's

691 2305 65 22 shoes
765 2306 24 22 in
800 2307 31 21 all
842 2309 110 28 varieties,

718 2335 13 19 2
747 2340 61 15 cases
819 2334 81 23 double
912 2337 97 22 Glo'ster
1018 2337 88 27 cheese,

719 2361 26 20 15
761 2368 62 14 caser
833 2362 102 23 oilman's
952 2368 70 18 stores
1032 2365 26 20 of
1071 2365 38 22 the
1119 2372 54 20 very
1181 2366 50 21 best
1242 2366 37 22 de-

691 2387 115 28 scription,
818 2389 47 21 and
875 2397 14 14 a
898 2394 63 23 great
968 2391 94 27 variety,

718 2415 13 20 2
745 2421 62 15 cases
818 2416 80 22 sedlitz
907 2418 100 27 powders
1018 2418 25 22 in
1052 2418 77 28 bottle,

718 2442 13 20 6
745 2448 63 16 cases
822 2443 102 28 brushes,
942 2445 83 27 combs,
1038 2445 45 22 and
1099 2446 133 28 perfumery,
1245 2447 34 22 in-

691 2467 91 28 cluding
791 2469 51 22 Eau
851 2470 29 23 de
891 2472 105 27 Cologne,
1008 2473 41 21 &c.
1060 2473 48 26 &c,

716 2496 14 20 3
745 2502 61 16 cases
816 2497 87 22 bottled
912 2498 65 23 fruits
987 2499 46 22 and
1041 2507 118 20 preserves,
1175 2507 6 3 '

718 2523 10 19 1
745 2522 63 22 chest
817 2526 101 25 superior
927 2526 77 27 Congo
1017 2530 43 23 tea,

718 2550 10 20 1
745 2556 50 15 case
805 2552 128 28 stationery,

716 2575 170 31 Ironmongery,
898 2579 114 28 crockery,
1022 2580 46 22 fine
1076 2580 66 27 glass,

717 2603 149 29 Gunpowder,
876 2609 80 24 patent
965 2607 57 27 shot,
1033 2608 88 27 powder
1130 2608 74 28 flasks,

717 2630 92 22 Garden
820 2632 71 27 seeds,
904 2633 75 22 choice
989 2641 63 19 grass
1062 2634 70 28 seeds,

689 2667 3 8 •
716 2657 57 22 Seed
782 2658 80 28 wheat,
874 2660 83 28 barley,
969 2662 44 20 and
1024 2665 55 23 oats,

716 2684 60 21 Slate
787 2685 102 28 cisterns,
900 2686 80 25 hearth
989 2692 82 23 stones,
1081 2688 104 29 chimney
1194 2690 80 28 pieces,

688 2710 45 22 and
742 2712 85 27 paving
838 2713 74 27 slates,

714 2738 107 23 National
847 2740 81 23 School
949 2742 75 27 slates,
1048 2742 51 23 well
1122 2743 95 29 adapted
1241 2744 35 22 for

688 2765 82 22 Native
782 2767 70 25 trade,

714 2792 120 28 Cutlasses,
843 2794 42 21 bill
894 2794 78 28 hooks,
982 2795 45 23 flsh
1036 2796 78 28 hooks,
1126 2798 45 21 and
1184 2805 91 15 numer-

686 2825 40 15 ous
736 2819 65 22 other
811 2821 94 22 articles.

740 2852 77 27 Apply
826 2857 24 17 at
858 2853 40 23 the
909 2855 75 21 Stores
995 2855 26 21 of

969 2886 36 22 W.
1022 2887 26 22 B.
1064 2887 94 24 Rhodes
1173 2888 21 23 &
1208 2889 38 22 Co.

712 2911 65 28 April
787 2913 35 26 22,
835 2914 61 21 1843.

683 2966 91 50 FOR
787 2966 87 28 SALE,
891 2974 29 15 ex
933 2968 119 26 Margaret,
1064 2969 48 27 &c,

755 2994 27 21 25
796 2994 80 22 tierces
885 2994 58 29 beef,

708 3022 13 20 3
736 3023 49 20 tans
796 3021 97 22 colonial
905 3021 51 29 hay,

708 3049 13 20 3
735 3050 51 20 tons
798 3049 61 22 Siam
869 3056 79 20 sugar,-

707 3076 28 20 30
749 3075 85 22 barrels
843 3076 87 23 bottled
940 3076 42 28 ale,

707 3102 28 21 50
748 3102 70 22 boxes
827 3105 44 21 tea,

706 3128 28 21 50
748 3128 40 22 ash
802 3137 57 19 oars,

694 3164 3 3 -
706 3156 28 20 30
748 3157 50 20 tons
808 3156 57 27 coal,

707 3180 59 28 Port,
778 3182 84 28 sherry,
874 3184 45 22 and
933 3185 106 23 Madiera
1048 3186 24 22 in
1086 3186 76 28 bottle,
1173 3186 96 22 Ruther-

678 3208 51 21 ford
738 3208 46 22 and
793 3209 97 28 Drury's
898 3211 79 27 brand,

705 3234 103 30 Liquers,
817 3236 26 22 in
853 3242 73 18 dozen
936 3245 68 20 cases,

706 3261 152 29 Champagne,

705 3288 98 28 Brandy,
814 3297 58 20 rum,
884 3291 44 22 and
937 3291 38 28 gin
985 3292 24 22 in
1020 3292 73 29 hhds.,

704 3316 27 21 30
747 3319 48 18 tons
805 3316 50 23 best
865 3318 93 28 Sydney
970 3319 65 27 flour,

705 3343 28 20 50
747 3345 51 19 tons
810 3344 88 23 Chilian
908 3346 65 27 flour,
987 3354 28 14 ex
1027 3347 106 25 Cheerful.

677 3412 6 1 _
946 3391 3 5 r
996 3383 85 24 Waitt
1095 3384 45 23 and
1153 3385 86 23 Tyser.

901 3434 53 21 For
968 3435 71 21 Sale.

676 3463 94 23 HTIHE
790 3465 108 23 CARGO
914 3467 40 22 OF
969 3468 106 23 MAIZE
1088 3477 42 20 per
1142 3471 69 21 Ariel.

682 3500 30 12 -*•
1052 3496 77 23 Levin
1144 3498 45 22 and
1199 3498 40 22 Co.

702 3521 102 29 January
815 3523 35 28 27,
862 3526 62 22 1843.

914 3579 113 22 Cheese.

671 3608 52 48 A
733 3608 120 24 SUPPLY
861 3612 105 22 received
973 3613 88 28 weekly
1069 3614 25 22 of
1100 3614 57 23 New
1163 3615 102 22 Zealand
1274 3631 2 7 ,

751 3636 67 21 made
826 3636 95 30 Cheese,
928 3639 59 22 from
996 3640 39 22 the
1043 3641 142 28 Cowpasture
1192 3641 69 28 dairy,

670 3663 46 20 and
725 3663 34 20 for
768 3663 47 22 sale
825 3667 23 18 at
864 3664 38 23 the
912 3666 107 28 premises
1030 3668 27 21 of
1069 3668 38 22 the
1123 3669 64 21 Meat
1197 3669 66 21 Com-

669 3695 68 20 pany.

952 3725 35 23 W.
998 3727 104 29 Flyger,
1114 3728 118 28 Manager.

696 3755 159 29 Willis-street,
867 3758 129 24 December
1003 3762 36 26 20,
1052 3763 61 21 1842.

855 3811 67 21 Just
935 3812 135 21 received.

666 3840 130 49 PLANS
820 3842 26 20 of
867 3842 38 22 the
926 3843 72 22 Town
1017 3843 28 22 of
1062 3844 170 24 Wehinoton.

740 3867 57 22 Plan
818 3868 27 21 of
851 3868 38 22 feha
898 3869 109 22 Harbour
1015 3869 27 23 of
1055 3870 54 22 Port
1125 3871 125 23 Niokoison

702 3915 57 22 UST
773 3915 135 27 OPENED,
916 3916 44 22 and
971 3924 29 15 on
1007 3917 55 22 Sale
1072 3921 24 19 at
1107 3918 37 23 the
1155 3919 71 23 Office
1237 3920 26 22 of

728 3941 45 23 this
783 3942 78 30 Paper,
872 3942 40 23 ink
922 3944 77 22 stands
1009 3944 27 23 of
1043 3945 90 23 various
1143 3946 64 23 sizes.
1274 3952 2 23 j

280 693 54 20 For
355 693 114 21 Nelson.

236 726 92 25 HHHE
344 729 72 21 cuttqr
431 728 113 26 LEVEN,
562 727 60 28 daily
633 736 38 15 ex-

99 750 109 40 jKp^Bfc
243 750 29 24 X
309 753 88 27 pected,
408 753 108 28 Dunning
526 758 89 18 master.

282 797 25 14 Or
332 797 23 14 re
356 790 23 27 fe
382 797 12 14 Q
396 793 9 18 *
420 797 25 15 or
459 798 99 21 passage,
570 791 67 28 apply
647 795 22 21 tq

79 836 151 33 iSSeSS&P
400 844 94 22 Samuel
510 844 21 22 &
547 845 95 23 Joseph.

266 879 70 29 April'
340 882 34 26 2l,
386 882 62 21 1543.

120 933 53 20 For
187 933 115 25 Nelson,
317 934 69 20 New
400 934 158 26 Plymouth,
574 936 54 21 and

293 960 158 28 Hokianga.

233 993 91 35 rpHE
353 994 44 22 fine
431 995 43 21 fast
507 995 81 28 sailing
619 997 50 26 brig

86 1016 124 37 jjKm
239 1016 29 25 _L
399 1022 150 27 LUNAR,

244 1047 42 20 200
301 1049 56 23 tons,
378 1047 36 21 W.
434 1049 56 21 Ellis
515 1050 152 27 commander,

78 1070 149 36 wS&gSmm
246 1072 7 26 (
255 1072 43 22 tnis
317 1073 72 21 vessel
413 1074 65 22 offers
503 1083 13 13 a
535 1077 132 21 favourable

78 1098 146 28 smtsßmS&
245 1100 142 25 opportunity
397 1100 36 21 for
447 1101 83 27 parties
542 1103 93 25 wishing
647 1107 21 17 to

245 1126 51 21 visit
306 1125 38 22 the
355 1127 71 21 above
443 1127 75 28 places
530 1136 24 14 or
565 1129 38 22 the
620 1131 47 26 Bay

79 1153 24 22 of
111 1153 106 27 Islands,)
229 1152 44 23 will
283 1152 40 22 sail
332 1153 24 21 in
366 1160 14 14 a
387 1153 44 22 few
443 1153 61 28 days.

103 1185 45 21 For
162 1185 83 26 freight
259 1192 25 13 or
300 1192 100 19 passage,
411 1185 84 28 having
509 1186 113 23 excellent
631 1195 36 14 ac-

77 1211 166 22 commodation
271 1211 33 21 for
326 1218 140 21 passengers,
490 1214 69 26 apply
583 1216 23 19 to
629 1214 38 21 the

75 1238 160 27 undersigned.

359 1265 37 22 TV.
411 1266 27 21 B.
453 1266 97 23 Rhodes
566 1268 21 21 &
601 1268 37 21 Co.

102 1291 65 26 April
176 1292 36 25 25,
225 1292 62 23 1843,

76 1338 52 19 For
156 1337 118 25 Sydney,
309 1338 104 26 calling
451 1339 28 20 at
517 1339 149 21 Auckland

187 1364 56 21 and
257 1364 45 21 the
317 1365 58 25 Bay
389 1364 32 21 of
438 1366 118 21 Islands.

116 1395 77 35 \l£oL
244 1400 92 30 npHE
354 1401 44 22 fine
408 1402 46 21 fast
464 1402 80 26 sailing
557 1403 110 22 schooner

104 1423 117 39 i&SOJ^v
250 1423 30 26 JL
367 1430 79 19 WILL
473 1430 114 27 WATCH,

97 1449 139 40 jfcjyi^iSt
255 1454 78 22 James
350 1455 105 28 Harding
470 1459 89 25 master,
571 1458 45 21 will
626 1458 40 22 sail

79 1479 157 38 gpEig^ggC
255 1481 35 22 for
307 1482 39 21 the
361 1482 70 22 above
449 1487 59 23 ports
521 1491 29 14 on
565 1485 101 27 Monday

79 1505 160 28 %&*&*&&&&
254 1512 61 23 next,
326 1508 38 23 the
376 1511 32 20 Ist
419 1510 62 27 May.

103 1547 46 22 For
165 1546 83 28 freight
261 1555 25 14 or
300 1555 100 21 passage,
415 1550 85 26 having
516 1551 99 27 superior
629 1559 37 14 ac-

77 1574 183 28 commodations,
273 1575 66 27 apply
354 1578 23 19 to
388 1576 39 22 the
445 1577 94 27 Captain
549 1585 30 14 on
588 1578 76 28 board,

77 1608 23 14 or
109 1603 22 19 to

383 1630 51 22 Mr.
450 1630 106 27 Suisted,

441 1657 106 22 Barrett's
558 1658 78 22 Hotel.

104 1686 69 27 Early
184 1686 137 28 application
330 1687 20 23 is
359 1695 125 21 necessary,
500 1696 25 15 as
534 1693 52 24 part
593 1691 26 21 of
624 1691 40 21 her

75 1713 74 21 cabins
159 1720 38 15 are
210 1713 74 23 taken.

99 1745 144 26 Wellington,
252 1746 66 27 April
326 1748 35 25 28,
373 1747 62 21 1843.

182 1790 113 26 Storage
312 1796 30 15 or
357 1791 77 20 Store
450 1793 28 18 to
497 1792 59 21 Let.

75 1824 90 48 MR.
180 1823 86 22 JOHN
281 1824 96 22 WADE
391 1832 43 15 can
449 1826 55 21 offer
523 1827 92 27 Storage
629 1828 34 21 for

165 1858 45 19 any
218 1851 102 28 quantity
330 1852 26 21 of
363 1852 85 27 Goods,
456 1860 28 14 on
494 1853 80 22 liberal
584 1857 77 24 terms;

75 1884 22 14 or
106 1877 27 21 he
145 1877 44 21 will
199 1878 30 21 be
240 1877 104 28 disposed
353 1881 23 19 to
385 1879 33 21 let
427 1886 14 15 a
452 1880 70 27 Stoic,
535 1880 72 21 which
619 1882 43 21 will

72 1903 53 22 hold
134 1906 41 20 600
186 1908 50 18 tons
247 1905 25 21 of
285 1905 83 27 Goods,
381 1908 22 19 to
420 1913 46 20 any
474 1910 66 24 party
548 1907 114 28 requiring

72 1930 37 21 the
119 1938 68 14 same.

100 1962 30 20 Te
139 1962 54 26 Aro,
206 1962 81 22 March
296 1964 34 25 22,
344 1964 60 21 1843.

245 2018 76 20 Land
337 2020 30 19 at
380 2019 107 21 Karori.

73 2049 66 48 TO
154 2049 40 22 BE
209 2051 87 26 SOLD,
313 2054 43 19 two
375 2052 12 20 5
407 2060 52 14 acre
473 2053 134 28 allotments,
627 2056 34 19 to-

145 2077 79 26 gether
233 2085 24 13 or
273 2081 107 24 separate,
392 2086 30 14 on
438 2079 86 22 Yule's
535 2081 87 21 Section
638 2084 23 18 at

73 2103 91 26 Karori;
184 2104 24 21 in
227 2111 42 15 one
288 2105 124 27 allotment,
434 2105 37 23 the
490 2107 71 21 whole
582 2108 26 21 of
624 2107 36 22 the

72 2130 89 21 inferior
169 2130 81 22 timber
260 2131 45 21 and
316 2132 132 22 brushwood
460 2133 19 21 is
496 2137 50 23 cut;
561 2134 42 22 has
617 2137 43 19 two

71 2157 57 26 good
142 2160 94 18 streams
251 2158 99 27 running
365 2159 104 27 through,
481 2160 46 21 and
544 2161 19 20 is
578 2168 38 15 an-
622 2169 39 14 ex-

72 2183 81 21 cellent
168 2183 105 23 situation
292 2185 34 21 for
345 2192 44 21 any
408 2193 80 20 person
514 2187 101 22 desirous
638 2188 23 21 of

71 2210 100 27 building
181 2211 22 21 in
215 2211 47 21 that
271 2212 193 27 neighbourhood.
495 2214 77 27 Apply
583 2218 23 18 to

290 2245 27 22 R.
333 2246 82 26 Davis,
433 2246 89 22 Aurora
537 2247 94 23 Tavern.

297 2298 53 20 For
364 2298 71 24 Sale,

72 2329 90 49 THE
178 2330 144 22 COTTAGE
338 2331 95 22 situated
444 2332 24 22 in
485 2332 101 23 Oriental
603 2334 55 27 Bay,

144 2356 45 22 and
204 2357 69 28 lately
281 2358 108 27 occupied
403 2359 31 26 by
446 2359 35 21 the
500 2360 158 27 undersigned.

71 2383 20 21 A
93 2384 3 10 1
106 2383 52 28 long
175 2383 61 23 lease
254 2384 26 22 of
297 2384 37 22 the
350 2385 85 22 section
450 2393 58 21 upon
529 2387 74 22 which
621 2388 38 21 the

70 2409 67 23 house
147 2411 77 21 stands
233 2411 45 22 will
286 2411 28 22 be
323 2412 105 27 granted.

95 2437 68 22 Town
172 2437 56 22 land
237 2438 44 22 will
290 2439 28 21 be
327 2439 69 21 taken
405 2439 25 22 in
441 2440 122 28 exchange.

96 2464 42 22 For
146 2464 86 22 further
240 2465 137 28 particulars,
387 2467 69 28 apply
466 2469 22 20 to

389 2505 98 23 George
502 2506 91 28 Duppa,
608 2515 23 14 or

193 2554 1 6 ,
388 2531 37 22 W.
442 2533 29 21 V.
486 2533 103 22 Brewer

71 2579 64 48 TO
153 2579 40 22 BE
213 2581 87 26 SOLD,
315 2582 25 21 in
354 2582 43 22 lots
412 2585 24 19 to
457 2583 44 22 suit
518 2584 139 27 purchasers

132 2606 38 22 the
186 2607 70 22 whole
274 2609 26 21 of
310 2611 60 19 town
386 2617 51 15 acre
454 2610 45 22 No.
509 2613 48 24 134,
575 2618 29 15 on
619 2611 37 22 the

68 2632 49 26 plan
128 2634 26 21 of
157 2633 37 22 the
199 2634 67 22 Town
274 2636 25 20 of
302 2636 145 27 Wellington,
453 2637 86 27 having
543 2638 114 28 frontages

69 2662 20 17 to
97 2660 191 23 Taranaki-street
297 2662 46 22 and
354 2663 197 28 Ingestrie-street.
580 2667 76 21 Terms

66 2685 83 24 liberal.
177 2688 76 28 Apply
262 2692 24 18 to

402 2717 38 22 W.
452 2717 28 22 V.
492 2718 109 29 Brewer,

186 2750 3 3 '
462 2745 193 25 Mariners-street.

172 2799 10 17 r.
215 2812 4 4 .
255 2793 28 20 J.
299 2794 38 19 M.
353 2794 110 26 Taylor,

80 2824 152 24 LICENSED
255 2827 244 24 CUSTOM-HOUSE
523 2830 115 29 AGENT,

312 2867 27 14 TE
354 2867 52 15 ARO.

168 2917 10 19 ,'
228 2909 90 22 Beach
335 2910 148 28 Frontage.

67 2940 62 49 TO
144 2942 40 22 BE
198 2942 65 28 LET,
278 2943 73 23 beach
360 2945 104 27 frontage
477 2946 44 22 lots
532 2947 24 22 in
567 2950 85 22 section

97 2990 4 4 
133 2970 44 24 49Q
186 2977 29 13 on
231 2970 38 22 the
279 2971 57 22 Plan
346 2972 27 24 of
380 2971 38 23 the
428 2973 69 23 Town
511 2975 28 21 of
544 2974 108 29 Welling-

63 2995 43 25 ton,
118 2995 35 27 adj
156 2996 78 29 oping
242 2997 44 21 Mr.
295 2998 89 22 Taine's
391 3002 70 24 store;
474 3001 48 21 and
532 3001 24 22 in
566 3003 84 22 section

62 3022 44 26 616,
114 3022 114 29 between,
228 3022 72 29 Major
307 3025 92 23 Baker's
408 3026 47 22 and
463 3027 44 22 Mr.
516 3028 134 24 Swainson's

62 3053 116 23 nouses^}
190 3064 10 6 ,-
211 3058 4 17 ;

86 3074 56 22 Also
151 3074 40 22 the
195 3075 118 29 .following
321 3077 98 23 sections
429 3086 30 15 on
468 3079 104 25 the~Plan
580 3083 26 22 of
612 3083 37 22 the

63 3107 73 21 *own,
146 3108 47 15 viz:
195 3113 29 4 —

162 3128 36 27 55,
325 3131 43 21 319
518 3135 42 21 922

149 3154 42 22 240
245 3154 4 3 '
326 3156 41 23 718
505 3161 54 21 1079

85 3180 76 28 Apply
171 3187 27 16 to

235 3209 25 22 E.
276 3209 23 23 J.
314 3209 153 30 Wak;efield,
482 3220 26 14 or
603 3220 3 5 •
641 3213 3 2 '

213 3236 2 4 '
234 3236 35 21 W.
284 3237 29 22 V.
328 3237 110 28 Brewer,
452 3240 195 24 Manners-street.

151 3285 6 10 '
215 3278 4 6 '
245 3306 3 8 ,
286 3288 42 20 On
343 3288 70 26 Sale,

62 3316 87 48 THE
178 3316 75 25 NEW
274 3319 155 27 ZEALAND
459 3322 185 29 PORTFOLIO,

62 3367 58 10 ._.,,
130 3345 127 26 conducted
274 3347 31 28 by
323 3349 71 22 H.S.
414 3350 124 28 Chapman,
560 3351 36 26 (of
608 3352 37 22 the

62 3372 81 21 Middle
150 3372 110 32 Temple,)
272 3374 215 25 Barrister-at-Law.

86 3397 49 22 N0.,
140 3399 48 21 1.—
189 3400 23 21 A
227 3400 76 24 Letter
317 3404 24 20 to
360 3402 36 22 the
415 3403 70 28 Right
502 3404 63 23 Hon.
584 3406 61 22 Lord

62 3425 92 27 Stanley,
173 3427 118 28 Secretary
310 3429 26 21 of
352 3430 60 21 State
432 3431 36 21 for
486 3431 38 22 the
545 3432 99 23 Colonial

62 3452 148 27 department,
245 3454 34 22 On
286 3455 38 22 the
330 3456 191 24 Administration
527 3459 26 21 of
557 3459 86 23 Justice

61 3480 21 16 in
92 3476 52 24 New

62 3526 22 16 tw
93 3511 34 31 t>°'
140 3505 63 37 **;—
203 3507 77 22 Letter
294 3511 23 19 t0
333 3509 13 21 J
349 3509 44 22 ohn
408 3511 61 22 Abel
483 3512 80 28 Smith,
580 3513 61 28 Esq.,

59 3556 10 12 4
118 3547 7 11 j
137 3533 40 35 i-?
177 3540 16 14 n
230 3542 11 14 c
248 3535 20 21 A
271 3535 14 32 4
286 3538 68 19 vanta
354 3543 14 20 S
369 3543 23 15 es
399 3537 72 22 which
478 3539 75 22 would
562 3547 79 15 accrue

59 3560 22 15 *o
90 3560 91 25 English
192 3560 124 28 Capitalists
325 3562 57 22 from
390 3563 41 22 the
443 3566 168 23 establishment
619 3568 26 21 of

62 3585 74 20 ax,oa»
147 3586 102 28 Company
257 3588 36 22 for
301 3590 53 20 Netb
363 3591 100 27 Zealand,
474 3592 86 23 similar
570 3597 23 18 to
604 3594 36 22 the

61 3611 120 23 Australian
191 3614 66 23 Trust

85 3636 40 24 No.
135 3639 76 23 IIL—
234 3642 37 22 An
283 3643 98 22 Address
391 3646 22 19 to
424 3645 38 22 the
472 3645 58 23 New
539 3646 101 23 Zealand

128 3667 137 27 Proprietors
274 3669 99 23 resident
385 3671 25 21 in
419 3671 38 22 the
467 3672 86 23 United
567 3674 73 27 King-

60 3692 53 24 aom,
125 3699 28 15 on
167 3695 85 22 several
266 3700 93 18 matters
368 3698 26 21 of
401 3698 138 27 importance
549 3704 23 19 to
582 3701 58 22 their

59 3764 31 18 Nn
83 3741 19 22 N
104 3751 32 31 °V
139 3745 12 21 I
237 3749 35 22 On
292 3749 38 23 the
350 3751 117 22 Financial
485 3754 115 23 condition
615 3755 26 22 of

59 3791 164 27 psa'
248 3776 30 27 by
288 3777 92 22 charles
388 3778 56 22 Ten<
444 3785 16 21 y
460 3795 6 10 j
478 3779 37 22 Est
515 3787 23 21 i->
547 3782 88 24 f.r-s.,

238 3836 68 16 PRICE
324 3838 120 15 SIXPENCE.

57 3853 108 37 _J*azeti<t
175 3859 77 27 Office,
263 3861 88 28 March,
363 3864 61 21 1843.

58 3901 42 44 O
103 3903 20 22 N
127 3931 16 11 «
137 3906 60 39 s^i
195 3908 26 25 E>
236 3916 13 15 ast)thisa
249 3935 5 10 s
250 3912 8 19 t
255 3936 6 9 )
267 3911 46 22 this
323 3912 64 21 office
389 3928 6 11 »
406 3912 71 24 blank
487 3915 59 22 BILI
557 3916 76 22 BoOKs

150 3931 92 27 Gazette
276 3937 71 29 office,
359 3938 55 24 De«.
424 3938 29 25 4.'

1531 707 75 22 THIS
1622 708 75 22 DAY.

1324 739 39 20 At
1385 740 112 22 Messrs.
1520 742 93 20 Hort's
1638 743 88 26 Store,
1750 744 108 22 instead
1883 745 30 21 of

1384 771 131 23 Barrett's
1528 774 95 25 Hotel,
1638 780 32 15 as
1684 776 164 25 advertised,

1323 804 148 24 BEFORE
1489 807 74 23 THE
1583 808 213 24 COMPANY'S
1811 811 97 22 SALE.

1323 838 92 48 MR.
1431 839 86 23 JOHN
1530 841 96 22 WADE
1636 841 19 22 is
1665 842 121 23 instructed
1798 847 22 18 to
1831 844 40 22 sell
1881 845 28 27 by

1414 865 76 23 Public
1507 868 106 26 Auction,
1631 873 23 16 at
1669 869 90 22 Messrs.
1777 870 84 28 Hort's,
1880 879 28 14 on

1324 891 146 29 Wednesday,
1482 893 38 22 the
1538 894 40 22 3rd
1598 895 63 27 May,
1678 898 60 25 1843,
1755 900 23 18 at
1794 899 10 20 1
1824 898 84 22 o'clock

1425 921 114 26 precisely,
1551 921 24 22 in
1587 925 41 18 two
1639 922 51 28 lots,
1702 923 30 22 all
1742 924 63 21 those

1389 952 68 22 TWO
1473 954 367 26 SUBSTANTIALLY-BUILT

1469 980 139 23 WOODEN
1629 983 129 28 HOUSES,

1320 1009 79 23 situate
1410 1018 27 14 on
1446 1011 75 27 Major
1527 1013 156 24 Hornbrook's
1693 1023 58 20 acre,
1760 1016 147 28 inMulgrave

1321 1036 77 26 Street,
1410 1045 42 14 one
1463 1039 99 22 whereof
1568 1041 20 20 is
1598 1048 50 15 now
1658 1042 23 21 in
1692 1042 39 22 the
1742 1044 133 26 occupation
1886 1045 24 20 of

1319 1063 45 21 Mr.
1376 1063 79 28 Wylie,
1466 1068 24 18 at
1499 1073 13 13 a
1526 1070 52 18 rent
1594 1067 24 21 of
1629 1068 47 21 £25
1696 1076 40 18 per
1752 1077 82 14 annum
1843 1079 5 18 ;
1869 1070 37 22 the

1319 1091 64 21 other
1400 1098 18 14 is
1439 1093 148 21 untenanted.
1621 1095 48 21 The
1688 1095 89 23 Houses
1798 1104 36 14 are
1853 1097 53 22 held

1319 1123 59 20 upon
1394 1117 71 23 leases
1481 1118 35 22 for
1530 1121 27 20 21
1577 1127 71 21 years,
1660 1124 23 18 at
1692 1122 38 21 the
1741 1122 64 23 small
1820 1124 86 24 giound

1319 1147 51 17 rent
1380 1143 26 22 of
1412 1145 34 21 £6
1456 1145 63 21 each.

1522 1185 74 17 AFT.ER
1615 1187 86 19 WHICH,

1345 1208 47 22 The
1409 1209 70 22 Lease
1498 1210 26 22 of
1537 1211 40 21 Dr.
1597 1211 98 23 Garatt's
1715 1213 88 22 Section
1822 1221 27 14 on
1869 1215 37 22 the

1318 1234 65 28 Hutt,
1395 1235 88 23 divided
1493 1236 47 23 into
1549 1238 43 21 lots
1602 1242 22 18 to
1634 1239 45 21 suit
1688 1240 138 27 purchasers.

1344 1265 44 23 For
1401 1268 137 28 particulars,
1551 1269 66 27 apply
1632 1273 23 18 to
1671 1271 38 21 the
1724 1272 145 28 Auctioneer,
1881 1281 24 14 or

1317 1295 23 18 to
1349 1293 90 23 Messrs.
1451 1295 89 22 Brewer
1549 1296 44 21 and
1606 1296 135 29 Blathwayt.

1514 1335 75 14 TERMS
1604 1335 29 15 AT
1649 1336 63 15 SALE.

1344 1352 65 27 April
1417 1354 34 25 28,
1463 1354 61 21 1843.

1544 1400 54 20 For
1611 1401 71 25 Sale,

1316 1430 135 49 ABOUT
1465 1432 27 21 16
1508 1435 51 19 tons
1577 1433 26 21 of
1613 1434 47 21 fine
1676 1434 82 28 picked
1777 1436 129 23 Manawatu

1395 1458 112 23 Potatoes.
1536 1460 77 27 Apply
1624 1463 22 19 to

1544 1493 102 23 Messrs.
1658 1494 83 23 Waitt
1756 1496 21 21 &
1791 1496 86 23 Tyser.

1322 1545 9 7 „
1345 1522 143 30 Wellington,
1500 1525 66 27 April
1576 1527 32 25 18,
1621 1528 60 20 1843.

1317 1573 91 36 fpHE
1438 1575 147 23 BUSINESS
1611 1576 70 28 lately
1705 1579 85 22 carried
1815 1587 35 19 on,
1879 1580 25 22 in

1321 1599 31 23 'X
1390 1601 143 29 Wellington,
1546 1603 72 22 under
1627 1604 38 22 the
1673 1604 51 22 firm
1735 1606 25 21 of
1767 1606 29 22 D.
1805 1607 20 21 S.
1833 1607 71 22 Durie

1316 1627 46 22 and
1372 1628 45 26 Co.,
1434 1629 66 27 being
1519 1637 51 15 now
1580 1630 112 23 dissolved
1711 1632 31 28 by
1750 1634 86 21 mutual
1850 1641 55 15 con-

1316 1658 56 23 sent,
1387 1655 30 22 all
1434 1656 63 22 debts
1512 1656 44 22 due
1571 1660 22 18 to
1608 1658 45 21 and
1668 1658 74 28 owing
1758 1660 29 27 by
1803 1660 37 22 the
1856 1662 48 21 said

1316 1681 67 27 Firm,
1394 1682 44 21 will
1448 1683 28 21 be
1491 1684 80 21 settled
1589 1684 30 27 by
1629 1685 30 21 D.
1671 1686 22 21 S.
1704 1686 78 27 Durie,
1792 1687 50 22 who
1859 1688 45 22 still

1316 1709 106 21 conducts
1431 1709 37 22 the
1477 1710 112 23 business.

1684 1739 65 22 John
1765 1740 109 29 Tinxine,

1316 1788 20 2 _
1681 1766 31 22 D.
1729 1768 22 21 S.
1766 1767 86 23 Durie.

1316 1789 95 22 Witness
1417 1792 23 19 to
1450 1790 59 23 John
1519 1791 108 22 Tinline's
1638 1792 121 26 signature,

1397 1817 22 22 J.
1434 1818 29 21 D.
1479 1818 141 28 M'Farlane,

1315 1849 96 23 Witness
1422 1854 21 18 to
1453 1851 30 23 D.
1495 1852 22 21 S.
1527 1853 91 22 Durie's
1627 1854 120 25 signature,

1396 1877 84 23 Robert
1490 1879 77 23 Waitt.
1683 1877 5 4 *

1342 1910 142 29 Wellington,
1495 1913 66 28 April
1571 1916 33 24 19,
1617 1916 61 21 1843.

1476 1963 158 26 Wanganui
1650 1965 93 21 Hams.

1313 1994 95 48 JUST
1426 1995 168 29 RECEIVED,
1612 1998 29 21 50
1654 1998 70 28 finely
1742 2000 67 22 cured
1829 2001 71 23 Hams

1377 2022 58 21 from
1444 2022 133 28 Wanganui.

1347 2074 7 7 ,
1389 2075 13 4 „
1672 2051 110 24 William
1798 2054 74 23 Lyon.

1340 2074 64 28 April
1412 2077 34 25 21,
1458 2077 61 21 1843.

1424 2121 85 28 SALE,
1525 2130 14 14 a
1558 2123 105 22 first-rate
1683 2125 71 22 Bull.
1782 2126 76 28 Apply
1878 2131 22 18 to

1347 2201 5 6 ,
1388 2201 14 6 
1653 2178 51 23 Mr.
1720 2179 149 24 Maciiattie.

1338 2201 65 27 April
1411 2203 35 26 21,
1457 2204 61 21 1843.

1513 2257 39 19 To
1571 2257 127 21 Packers.

1310 2286 174 49 WANTED,
1496 2295 13 13 a
1517 2295 78 19 person
1604 2290 127 26 acquainted
1739 2292 50 20 with,
1798 2293 100 26 packing,

1391 2317 23 18 to
1424 2315 48 20 take
1482 2316 75 26 charge
1568 2317 24 20 of
1603 2324 12 13 a
1625 2318 51 20 Flax
1687 2318 69 21 Press.

1611 2356 2 6 1
1626 2350 85 21 Waitt
1723 2358 48 14 and
1782 2352 87 23 Tyser.

1310 2372 75 22 March
1394 2375 35 20 31.

1496 2421 35 22 W.
1548 2422 33 23 M.
1598 2424 107 27 SMITH,

1310 2459 58 16 LATE
1379 2461 236 17 SURVEYOR-GENERAL
1626 2464 29 14 TO
1667 2465 45 14 THE
1728 2465 49 16 NEW
1792 2467 105 14 ZEALAND

1545 2490 116 21 COMPANY,

1337 2517 142 27 Surveyor,
1495 2519 214 28 Draughtsman,
1724 2524 53 20 and
1791 2524 78 21 Land

1554 2547 101 26 Agent.

1309 2575 176 30 Tinakori-road,
1497 2578 101 28 January
1610 2581 21 25 4,
1644 2582 61 21 1843.

1483 2631 108 22 Heifers
1606 2632 29 21 in
1651 2633 68 21 Calf.

1309 2660 89 49 FOR
1411 2662 86 26 SALE,
1508 2663 69 22 about
1591 2665 27 21 50
1627 2666 103 26 superior
1738 2666 56 22 bred
1806 2667 89 28 heifers,

1368 2692 57 18 most
1442 2690 25 21 of
1478 2690 62 21 them
1555 2691 73 27 heavy
1642 2692 24 21 in
1683 2692 52 27 calf,
1752 2694 45 21 and
1812 2694 85 29 having

1308 2714 58 22 been
1385 2723 60 14 some
1460 2716 54 22 time
1528 2718 24 21 in
1566 2718 38 22 the
1625 2718 92 28 Colony,
1735 2724 39 18 not
1788 2721 67 22 liable
1872 2726 23 18 to

1308 2742 67 21 suffer
1384 2742 56 22 from
1450 2743 37 22 the
1497 2744 76 22 effects
1583 2746 25 20 of
1620 2745 38 22 the
1674 2746 63 22 Toot.
1765 2747 48 22 The
1825 2749 70 22 above

1309 2768 66 23 cattle
1391 2777 43 14 can
1448 2770 28 21 be
1493 2772 99 27 strongly
1604 2773 181 28 recommended,
1804 2782 23 14 as
1841 2775 54 28 they

1307 2795 57 22 have
1381 2796 56 22 been
1454 2797 97 23 selected
1566 2799 58 21 from
1639 2799 39 22 the
1693 2807 120 16 numerous
1827 2803 67 21 cattle

1307 2822 60 27 ships
1377 2823 71 22 which
1457 2824 58 22 have
1531 2826 88 22 arrived
1632 2826 61 22 here.
1723 2827 75 30 Apply
1812 2831 22 19 to
1847 2829 45 23 Mr.

1307 2848 96 29 Revans,
1417 2852 87 21 Gazette
1512 2851 70 28 office,
1596 2860 23 14 or
1629 2857 22 17 to
1662 2854 45 21 Mr.
1718 2847 84 34 Hufke,
1811 2855 82 23 Evans'

1305 2876 56 28 Bay.
1453 2885 4 7 -
1490 2892 3 6 ,

1331 2911 63 27 Also,
1405 2911 61 22 three
1477 2913 116 22 well-bred
1602 2921 72 14 mares
1680 2914 25 21 in
1714 2915 56 27 foal,
1778 2919 23 18 to
1811 2916 81 27 impor-

1304 2937 38 22 ted
1351 2937 83 23 horses.

1330 2972 119 29 February,
1460 2974 63 22 1843.

1486 3020 115 20 Gazette
1616 3021 89 21 Office.

1302 3052 199 23 STATIONERY
1516 3053 196 24 WHOLESALE
1727 3056 20 22 &
1763 3057 124 23 RETAIL.

1300 3087 87 48 WE
1411 3087 44 27 beg
1476 3090 22 19 to
1523 3095 115 16 announce
1658 3089 38 22 the
1718 3090 87 28 arrival,
1829 3092 59 22 from

1395 3114 110 27 England,
1518 3115 25 22 of
1551 3115 38 22 the
1604 3116 48 21 first
1661 3121 50 23 part
1719 3118 26 21 of
1754 3125 40 15 our
1810 3122 78 19 exten-

1299 3139 46 22 sive
1354 3140 76 23 orders
1438 3142 24 21 in
1472 3142 45 21 this
1526 3142 143 28 department
1678 3144 26 21 of
1710 3144 108 23 business.
1840 3146 48 22 Our

1299 3167 64 21 stock
1372 3168 90 28 already
1472 3170 92 21 consists
1579 3170 27 21 of
1617 3178 67 20 every
1693 3172 77 21 article
1784 3173 104 28 required

1299 3194 34 20 for
1348 3194 96 28 Schools,
1461 3196 82 27 Banks,
1561 3197 85 27 Courts,
1663 3198 57 22 Law
1736 3199 86 25 Offices,
1841 3200 46 22 ai:d

1299 3220 89 28 Artists,
1399 3222 40 21 &c.
1448 3230 5 19 ;
1469 3222 75 23 whilst
1552 3224 39 22 the
1606 3226 140 21 ornamental
1756 3226 43 22 and
1816 3227 70 22 draw-

1298 3248 38 25 ing
1349 3254 62 16 room
1427 3250 122 28 stationery
1564 3251 40 22 has
1618 3255 42 18 not
1671 3252 59 22 been
1746 3253 139 22 overlooked.

1298 3274 48 22 The
1356 3274 126 27 difficulties
1492 3277 117 28 attending
1617 3278 39 21 the
1665 3278 48 22 first
1721 3280 166 22 establishment

1298 3301 82 28 having
1389 3304 57 21 been
1462 3311 122 21 overcome,
1596 3304 46 23 and
1652 3313 68 21 every
1735 3307 80 21 arrival
1829 3307 57 22 from

1298 3328 105 28 England
1420 3330 85 28 adding
1520 3332 60 21 fresh
1596 3332 111 22 additions
1722 3335 23 19 to
1760 3341 39 13 our
1815 3334 69 27 stock,

1298 3356 44 21 will
1359 3356 78 23 enable
1451 3365 27 14 us
1486 3361 30 18 to-
1526 3358 82 22 reduce
1625 3366 41 15 our
1680 3360 93 27 charges
1782 3368 30 14 on
1827 3365 59 18 most

1297 3383 87 22 articles
1394 3388 24 18 at
1425 3384 58 23 least
1491 3386 28 21 50
1526 3392 41 20 per
1576 3389 58 18 cent.
1712 3399 2 4 ■
1745 3391 2 5 '
1876 3397 2 6 •

1324 3410 155 29 Storekeepers
1497 3419 43 15 ana
1559 3412 119 23 wholesale
1697 3413 85 23 dealers
1801 3422 41 14 can
1856 3415 29 21 be

1297 3437 101 27 supplied
1413 3441 23 19 to
1451 3445 44 21 any
1505 3441 85 24 extent,
1607 3439 44 22 and
1668 3447 29 14 on
1714 3445 66 17 terms
1796 3441 89 28 equally

1297 3462 163 29 advantageous
1469 3469 24 18 to
1504 3473 43 19 any
1555 3466 107 22 obtained
1670 3467 23 21 in
1705 3467 96 28 Sydney,

1324 3490 88 23 Ladies'
1422 3492 45 22 and
1476 3492 148 28 gentlemen's
1634 3494 53 21 card
1697 3501 68 20 cases,

1324 3516 63 23 Ditto
1456 3519 35 22 do.
1547 3519 74 22 tinted
1630 3520 48 21 and
1687 3521 118 22 embossed
1811 3521 72 28 cards,

1324 3544 93 28 Sponge,
1429 3544 78 23 wafers
1516 3546 22 21 in
1547 3548 16 19 2
1571 3553 34 15 oz.
1615 3546 76 28 boxes,

1322 3570 81 31 Ebony
1410 3572 123 28 inkstands,
1544 3572 55 23 -with
1608 3573 103 27 drawers,

1322 3597 73 24 Broad
1407 3598 43 23 and
1458 3607 87 14 narrow
1554 3607 70 20 green
1632 3600 43 22 silk
1686 3601 87 28 ribbon,

1322 3624 64 22 Brief
1393 3626 46 21 and
1449 3626 58 22 deed
1515 3633 75 21 paper,

1321 3651 74 22 Ruled
1404 3659 68 21 paper
1481 3653 35 22 for
1525 3653 39 22 bill
1573 3654 77 27 heads,
1748 3665 3 4 ■
1780 3659 3 5 ■
1888 3653 2 21 '.

1321 3678 72 27 Royal
1408 3680 69 27 hand,
1490 3679 81 23 double
1589 3680 61 23 hand
1665 3682 85 27 brown,
1767 3682 45 22 and
1820 3683 62 28 royal

1293 3703 76 23 brown
1378 3706 115 28 wrapping
1500 3714 75 21 paper,

1320 3730 99 29 Ledgers
1429 3733 44 22 and
1483 3738 95 18 account
1587 3734 78 28 books,
1676 3735 161 27 various~sizes,

1319 3758 84 22 Pocket
1410 3759 88 28 ledgers
1507 3760 45 22 and
1561 3762 172 22 memorandum
1742 3763 76 26 books,

1319 3784 120 28 Engraved
1448 3794 57 20 copy
1512 3787 54 27 slips
1574 3788 46 22 and
1629 3788 78 27 books,

1319 3811 54 23 Best
1380 3812 79 22 Welch
1469 3814 66 21 slates
1552 3814 61 27 large
1622 3815 45 21 and
1675 3814 72 28 small,
1756 3831 3 4 .

1476 3864 94 21 House
1584 3866 29 19 to
1630 3866 70 20 Lest.-.
1745 3876 4 4 -
1758 3877 4 5 •
1796 3884 5 6 ,
1863 3869 4 13 <

1290 3897 52 49 A
1370 3896 86 22 GOOD
1477 3897 131 22 substantial
1627 3897 76 28 house,
1719 3899 53 22 with
1785 3899 93 24 kitchen

1370 3923 42 22 and
1422 3923 135 29 ou^-houses,
1568 3927 24 19 to
1601 3925 33 21 let
1642 3925 25 21 in

1290 3951 43 21 For
1348 3950 137 28 particulars,
1497 3950 66 28 apply
1574 3954 22 19 to
1608 3951 46 23 Mr.
1665 3952 121 24 Brewer's
1798 3954 80 23 Office.
1892 3958 1 18 I
