4240 5820
1856 678 150 15 Mount
2036 678 180 15 Benger
2246 678 150 15 Mail.

1950 693 94 44 JUST
2067 693 71 44 AND
2161 693 94 44 FEAR

1905 740 166 26 THURSDAY,
2085 738 155 22 DECEMBER
2249 737 33 27 31,
2294 737 55 22 1896.

1967 819 144 44 Current
2141 817 255 52 Topics.

1844 907 59 30 The
1926 906 124 29 member
2067 905 45 28 for
2135 904 143 38 Tuapeka,
2304 904 30 30 in
2359 904 41 30 his

2084 944 180 38 pre-election
2289 944 111 30 address

1892 996 70 20 land
1985 995 51 20 FOR
2082 988 30 26 at
2144 984 166 41 Roxburgh,
2347 984 55 30 laid

1875 1038 54 19 the
1948 1036 108 21 people.
2066 1057 5 2 .
2086 1025 152 39 particular
2263 1026 139 38 emphasis

2084 1076 36 17 on
2132 1076 16 16 a
2161 1065 110 37 subject
2283 1067 30 27 of
2336 1066 67 28 vital

1847 1107 113 29 interest
1976 1108 27 26 to
2017 1104 47 30 the
2077 1104 135 30 residents
2221 1104 30 30 of
2270 1104 55 30 this
2347 1104 42 31 dis-

1849 1148 71 33 trict,
1947 1147 62 29 viz..
2029 1146 47 28 the
2099 1144 173 39 resumption
2291 1145 38 38 by
2348 1145 38 30 Go-

1850 1193 141 22 vernment
2014 1186 30 28 «>f
2063 1185 45 29 the
2136 1185 66 29 Moa
2228 1185 63 29 Flat
2316 1189 88 26 estate

1849 1227 52 27 awl
1913 1228 46 26 th<'
1974 1226 56 28 >a!e
2043 1226 27 25 <>f
2088 1226 20 25 it
2123 1225 27 27 in
2163 1225 79 27 small
2262 1235 77 18 areas
2360 1226 45 28 for

1854 1266 42 29 .-lie
1902 1275 117 30 purpose
2029 1266 29 27 of
2063 1264 162 40 promoting
2233 1264 167 30 settlement.

1852 1307 50 28 Rut
1919 1318 13 16 a
1947 1308 52 26 few
2021 1316 77 27 years
2111 1315 54 27 ago
2188 1315 17 18 a
2226 1305 179 38 numerously

1849 1346 97 34 signed
1963 1346 112 35 petition
2097 1355 33 19 on
2146 1344 56 28 this
2221 1344 111 38 subject
2348 1355 57 18 was

1851 1384 153 30 forwarded
2031 1389 46 25 fccr
2081 1384 168 28 Parliament
2268 1384 39 37 by
2335 1383 69 29 local

1851 1426 145 33 roidenh,
2008 1416 121 51 qjjAbe
2142 1424 87 29 result
2242 1423 61 29 that
2315 1423 91 36 might

1851 1466 69 28 h«ve
1936 1456 299 51 hepN^Hpted—the
2246 1463 110 37 cutting
2366 1473 38 28 up

1852 1507 27 25 ..f
1894 1505 47 27 the
1954 1497 183 35 estarlßwas
2157 1503 135 29 rendered
2303 1503 85 28 abhor-

1852 1551 56 20 tve
1943 1544 36 36 by
2016 1542 62 28 them
2087 1546 94 34 report
2205 1542 30 29 of
2259 1542 49 30 the
2329 1552 57 19 com-

1854 1583 127 27 rnii-ioner
2007 1589 71 21 penr
2094 1582 36 36 by
2162 1582 190 28 Government
2376 1585 30 25 to

1854 1623 105 36 inspect
1986 1621 47 29 the
2055 1621 74 29 land.
2169 1621 52 29 His
2241 1624 102 36 report,
2369 1633 35 17 an

1852 1661 115 37 entirely
1983 1657 160 40 ntijnsffind
2167 1661 162 29 unfounded
2353 1671 52 19 one

1853 1703 42 26 for
1909 1701 99 33 which,
2030 1700 132 35 however,
2183 1700 78 29 there
2280 1701 24 28 is
2329 1711 77 19 some

1852 1752 110 24 cxuise,
1984 1740 100 36 seeing
2104 1740 61 29 that
2187 1740 34 29 he
2247 1743 73 26 went
2340 1751 67 19 over

1854 1782 45 28 the
1913 1786 117 33 country
2044 1780 87 30 nntlie
2146 1791 65 27 very
2233 1784 85 25 worst
2340 1781 66 29 time

1852 1824 28 26 of
1895 1822 46 28 the
1954 1831 74 29 year,
2043 1821 86 28 infthe
2144 1821 102 29 middle
2256 1820 30 29 of
2298 1821 107 35 winter,

1853 1873 53 16 was
1920 1866 28 23 to
1963 1862 46 27 the
2023 1858 80 39 effeft
2117 1861 60 27 that
2186 1861 47 28 the
2246 1864 89 25 estate
2348 1871 56 18 was

1852 1906 48 23 not
1927 1901 29 28 fit
1970 1901 44 28 for
2047 1899 99 39 sps-cial
2179 1899 169 36 settlement,
2374 1910 31 18 as

1851 1944 71 26 most
1936 1941 29 28 of
1978 1941 47 28 the
2045 1933 114 44 country
2180 1950 56 19 was
2256 1939 69 40 high
2350 1939 54 30 and

1850 1981 116 34 broken,
1980 1980 55 28 and
2050 1980 45 29 the
2119 1981 65 27 land
2207 1980 30 29 of
2260 1983 50 26 not
2330 1980 63 29 suffi-

1849 2021 102 37 ciently
1966 2019 71 38 good
2053 2019 103 39 quality
2171 2023 28 25 to
2212 2023 121 25 warrant
2355 2019 48 28 the

1850 2061 141 37 purchase,
2007 2059 86 28 whicTi
2108 2060 44 35 he,
2167 2059 146 34 therefore,
2323 2059 81 29 could

1849 2106 48 22 not.
1925 2097 185 32 recommend.
2150 2099 34 28 In
2219 2099 48 28 the
2289 2099 61 28 face
2376 2099 30 28 of

1847 2140 55 31 this
1917 2139 46 28 the
1979 2138 125 31 Minister
2117 2139 53 28 had
2189 2149 35 18 no
2237 2138 97 38 option
2353 2138 52 29 but

1847 2184 28 23 to
1897 2179 84 37 reject
2002 2178 47 29 the
2072 2183 95 30 estate,
2191 2177 88 29 which
2299 2178 36 29 he
2359 2188 45 19 ac-p

1846 2217 147 39 cordingly
2029 2213 64 39 did.j
2125 2217 79 34 Now,
2240 2228 40 17 we
2312 2217 92 30 would

1847 2268 69 26 urge
1950 2257 60 28 that
2045 2257 56 28 tluSf
2120 2257 109 37 subject
2259 2257 35 28 be
2320 2257 84 37 again

1845 2297 105 37 opened
1966 2306 46 28 up,
2026 2296 52 28 and
2092 2307 34 17 an
2147 2296 144 29 authentic
2309 2300 95 34 report

1845 2338 34 28 be
1891 2335 52 31 laid
1956 2336 33 29 be
1993 2337 57 28 fore
2056 2335 45 30 the
2111 2336 127 29 Minister
2246 2336 45 29 for
2298 2336 105 36 Lands,

1845 2390 29 17 as
1890 2388 38 18 we
1941 2388 47 17 are
1998 2376 131 38 firmlyjof
2137 2378 112 37 opinion
2263 2377 62 28 that
2335 2378 69 28 such

1845 2421 93 34 report
1952 2416 88 29 would
2190 2416 130 29 different
2331 2417 73 31 from

1845 2458 47 27 the
1927 2456 104 28 former
2061 2466 51 18 one
2148 2456 55 28 and
2234 2456 170 38 thoroughly

1844 2496 184 36 satisfactory.
2068 2494 53 30 We
2170 2506 46 18 are
2263 2496 141 28 confident

1844 2537 62 28 that
1918 2536 22 29 if
1953 2536 47 28 the
2016 2536 61 28 Moa
2092 2534 63 31 Flat
2167 2539 89 26 estate
2274 2546 56 18 was
2356 2540 48 25 cut

1846 2588 36 27 up
1908 2576 59 29 into
1992 2574 118 31 suitable
2143 2576 86 29 farms
2263 2575 23 30 it
2311 2576 92 29 would

1845 2617 104 36 readily
1963 2617 35 27 be
2010 2615 84 29 taken
2105 2625 46 28 up,
2165 2626 31 18 as
2209 2616 22 28 it
2244 2616 23 27 is
2276 2616 48 28 the
2337 2616 66 37 only

1848 2656 63 29 land
1925 2656 28 29 in
1967 2655 49 30 the
2026 2654 110 30 district
2145 2654 119 31 suitable
2277 2654 45 31 for
2331 2655 73 30 close

1847 2696 168 29 settlement.
2056 2695 28 29 It
2104 2691 42 33 )is
2179 2706 17 18 a
2217 2699 98 34 patent
2335 2696 68 35 fact,

1849 2737 100 28 known
1970 2740 30 24 to
2023 2746 143 25 everyone,
2192 2735 62 29 that
2279 2735 80 29 there
2379 2735 25 29 is

1848 2787 67 27 very
1937 2776 72 28 little
2031 2776 120 37 pastoral
2173 2786 32 18 or
2224 2774 179 39 agricultural

1849 2816 62 28 land
1927 2816 133 29 available
2074 2815 43 29 fdr
2134 2814 78 30 small
2231 2814 131 38 holdings
2374 2815 27 28 in

1849 2856 55 29 this
1936 2859 64 35 part
2031 2855 30 29 of
2092 2850 47 34 tlie
2164 2854 158 33 electorate,
2348 2854 55 29 and

1849 2895 198 41 consequently
2061 2905 50 19 our
2124 2905 95 28 young
2237 2894 99 39 people
2358 2904 46 20 are

1850 2937 107 32 driven,
1971 2939 29 25 at
2019 2936 47 28 the
2219 2934 36 28 all
2278 2934 127 39 personal

1849 2976 271 32 inconvenience,;KJ
2137 2983 37 27 go
2187 2973 109 27 further
2314 2974 91 34 afield,

1850 3016 64 27 with
1931 3015 45 27 the
1988 3013 149 29 inevitable
2148 3021 190 28 consequence
2346 3013 61 27 that

1850 3066 80 27 many
1945 3054 31 30 of
1989 3054 73 28 them
2086 3063 48 19 are
2157 3051 93 30 bound
2277 3054 29 26 to
2332 3051 75 29 swell

1850 3097 47 27 the
1911 3096 85 27 ranks
2005 3094 30 28 of
2047 3094 47 28 the
2104 3091 199 38 [unemployed.
2341 3091 67 29 This

1850 3139 72 25 state
1947 3134 30 30 of
2002 3132 104 46 things]
2130 3130 99 31 should
2256 3134 49 26 not
2335 3131 73 30 exist

1851 3176 80 29 while
1944 3174 72 31 their
2028 3174 24 28 is
2066 3173 69 40 sufh
2148 3184 16 18 a
2185 3173 55 29 fiue
2264 3175 89 26 estate
2378 3181 30 20 as

1851 3217 62 28 Moa
1929 3216 61 28 Flat
2005 3214 96 28 locked
2113 3224 47 27 up,
2171 3212 89 29 which
2274 3213 134 36 certainly

1850 3256 21 28 is
1885 3255 134 29 available
2033 3254 21 28 if
2074 3254 48 29 the
2141 3253 184 38 Department
2348 3261 59 20 sees

1850 3297 35 28 its
1900 3307 58 27 way
1976 3299 28 24 to
2025 3294 65 28 take
2111 3293 23 29 it
2156 3303 73 19 over.
2273 3292 46 28 Mr
2341 3292 50 28 Lar-

1849 3337 70 29 nach
1955 3333 158 33 mentioned
2146 3345 16 18 a
2186 3332 134 40 probable
2343 3332 65 30 visit

1849 3378 37 34 by
1906 3378 48 26 the
1968 3376 137 37 Minister;
2120 3374 43 28 for
2188 3374 94 28 Lands
2301 3376 30 25 to
2353 3373 55 27 this

1849 3416 110 29 district
1972 3416 26 29 in
2012 3414 47 29 the
2073 3424 67 18 near
2153 3414 103 35 future,
2278 3412 55 30 and
2359 3414 49 27 not

1850 3456 46 28 the
1932 3456 70 28 hast
2024 3453 92 29 useful
2140 3453 92 39 object
2257 3454 30 28 of
2305 3452 67 29 such
2392 3462 16 18 a

1849 3497 64 29 visit,
1927 3496 90 28 would
2032 3495 34 28 be
2080 3505 16 17 a
2112 3493 128 40 personal
2254 3492 153 39 inspection

1849 3537 36 39 by
1897 3537 47 29 the
1965 3535 140 29 Minister:
2117 3534 31 29 of
2172 3534 47 28 the
2240 3536 97 33 estate,
2347 3533 61 28 that

1849 3578 33 28 he
1897 3577 90 38 might
2007 3574 99 40 satisfy
2128 3574 112 29 himself
2259 3585 31 17 as
2310 3576 30 26 to
2360 3573 48 29 the

1849 3621 96 25 nature
1970 3615 54 29 and
2052 3613 105 40 quality
2191 3613 30 29 of
2252 3613 47 29 the
2332 3612 74 29 land.

1849 3656 103 30 Should
1968 3656 35 28 he
2014 3655 97 29 decide
2132 3658 29 24 to
2181 3663 87 25 come,
2278 3663 42 18 we
2333 3663 74 28 may,

1847 3698 27 28 iu
1887 3708 55 27 any
1957 3706 61 20 case
2031 3704 96 20 assure
2150 3693 57 29 him
2221 3693 30 30 of
2273 3703 16 19 a
2308 3692 98 39 hearty

1847 3738 148 36 reception.

1848 3816 109 38 During
1979 3816 47 27 the
2048 3813 111 37 holiday
2184 3822 96 19 season
2294 3812 109 38 politics

2109 3852 78 35 have,
2201 3852 136 38 perforce,
2351 3851 52 30 had

1874 3904 54 21 the
1943 3903 133 21 PROIHBLK
2108 3895 29 25 to
2170 3892 64 37 give
2275 3902 61 28 way
2376 3895 27 26 to

1848 3945 80 20 statk
1937 3944 33 21 OF
1981 3943 116 21 parties,
2109 3932 104 39 lighter
2241 3931 56 30 and
2330 3942 73 19 more

2108 3972 145 38 agreeable
2271 3972 132 38 pursuits,

1847 4016 55 28 and
1926 4014 44 31 for
1991 4014 47 29 the
2060 4022 87 20 nonce
2167 4012 48 28 the
2227 4011 128 40 question
2375 4011 28 29 of

1849 4056 65 28 with
1929 4054 88 30 which
2033 4054 58 28 side
2105 4052 49 29 lies
2175 4052 48 30 the
2242 4051 114 29 balance
2375 4051 28 29 of

1848 4105 92 27 power
1955 4095 48 29 has
2017 4095 69 28 been
2107 4094 28 27 in
2156 4092 149 38 abeyance.
2345 4091 58 30 The

1849 4134 190 31 Government
2053 4141 70 23 weye
2145 4131 131 30 returned
2300 4131 68 30 with
2387 4141 16 20 a

1849 4175 128 38 majority
2012 4174 30 29 of
2077 4172 98 30 twelve
2199 4171 150 39 according
2375 4174 28 26 to

1849 4219 79 34 party
1942 4213 142 36 divisions,
2099 4211 53 29 <md
2170 4221 40 19 we
2223 4221 46 19 are
2282 4211 121 29 inclined

1848 4259 28 23 to
1890 4254 81 29 think
1986 4254 79 28 when
2080 4253 22 29 it
2124 4262 93 18 comes
2239 4254 29 26 to
2287 4252 49 28 the
2348 4254 55 26 test

1847 4305 35 19 ou
1896 4306 16 17 a
1952 4303 35 19 no
2001 4293 160 29 confidence
2204 4291 127 40 question
2342 4291 61 30 that

1848 4335 71 29 their
1943 4333 127 38 majority
2094 4331 53 29 will
2172 4332 34 28 be
2218 4341 70 19 even
2302 4332 100 38 larger,

1847 4375 44 29 for
1903 4374 49 29 the
1966 4383 64 27 very
2048 4371 74 39 good
2135 4381 97 19 reason
2246 4372 61 28 that
2319 4381 83 28 many

1842 4409 1 40 *
1847 4413 138 29 members
2006 4412 61 26 who
2079 4418 47 27 a}-e
2138 4410 114 29 dubbed
2264 4411 122 38 Indepen-

1846 4452 78 35 dent,
1937 4451 78 29 when
2030 4451 22 28 it
2074 4455 93 40 conies
2189 4453 30 25 to
2238 4460 17 17 a
2275 4449 128 36 division,

1846 4491 155 34 invariably
2028 4490 59 27 side
2097 4518 5 9 (
2112 4489 68 28 with
2206 4489 48 27 the
2279 4489 107 28 Govern-

1846 4534 87 27 ment.
1972 4530 40 29 Be
2145 4529 23 30 it
2180 4539 73 28 may,
2265 4528 137 35 however,

1905 4571 112 28 Seddon
2032 4571 49 27 has
2094 4580 18 17 a
2124 4569 129 37 working
2274 4570 129 36 majority

1844 4612 29 25 at
1886 4609 43 28 his
1943 4608 82 36 back,
2039 4607 55 30 and
2108 4607 79 30 there
2199 4606 25 30 is
2236 4616 83 30 every
2333 4607 56 30 like-

1844 4649 93 30 lihood
1958 4649 62 29 that
2038 4648 68 30 such
2128 4658 35 19 an
2184 4647 64 30 able
2271 4647 131 30 tactician

1844 4699 30 18 as
1897 4689 34 28 he
1955 4689 24 28 is
1999 4687 136 30 admitted
2158 4691 29 24 to
2213 4687 45 36 be,
2283 4687 66 37 and,
2373 4688 30 28 in

1844 4728 67 35 fact,
1925 4738 31 19 as
1970 4727 35 29 he
2018 4727 50 29 has
2094 4726 103 40 proved
2211 4727 122 37 himself,
2347 4727 56 29 will

1845 4767 165 39 strengthen
2030 4767 44 30 his
2095 4767 118 39 position
2227 4767 96 30 rather
2334 4767 69 32 than

1844 4809 153 28 otherwise.
2025 4807 27 28 It
2061 4810 74 25 must
2143 4811 49 24 not
2204 4808 35 28 be
2250 4807 153 39 forgotten,

1845 4847 136 35 however,
2001 4847 61 28 that
2082 4847 47 28 the
2155 4846 166 40 Opposition
2342 4847 60 30 also

1844 4886 126 31 received
1993 4896 34 18 an
2053 4886 132 31 immense
2211 4887 141 31 accession
2371 4887 30 30 of

1844 4927 130 37 strength
1996 4926 28 29 in
2048 4926 134 38 debating
2201 4937 93 28 power
2312 4931 30 26 at
2354 4929 47 28 the

1844 4966 127 29 election.
2011 4965 80 29 With
2109 4966 68 29 such
2196 4977 17 17 a
2231 4966 122 41 phalanx
2371 4967 31 30 of

1845 5006 132 39 speakers
2025 5004 94 40 facing
2166 5006 49 29 the
2265 5006 136 38 Treasury

1846 5046 120 28 benches
1980 5054 30 19 as
2019 5044 182 37 Richardson,
2211 5045 100 30 Pcobie
2323 5046 59 29 Mac-

1845 5084 109 35 kenzie,
1968 5084 76 30 Fish,
2057 5084 91 35 Stout,
2161 5084 118 35 Russell,
2295 5086 91 29 Rolles-

1846 5127 47 26 ton
1909 5123 53 29 and
1978 5122 33 30 G.
2026 5122 167 37 Hutchison,
2206 5124 49 30 the
2267 5124 135 40 Ministry

1846 5163 54 29 will
1914 5162 134 38 certainly
2070 5163 35 29 be
2126 5164 110 38 subject
2254 5167 30 27 to
2307 5174 95 21 severe

1845 5202 142 34 criticism,
1997 5202 56 28 and
2062 5202 22 28 it
2097 5202 54 29 will
2161 5203 64 38 only
2236 5203 34 29 be
2281 5214 17 18 a
2311 5204 89 30 sonnd

1846 5241 101 39 policy,
1959 5240 55 30 and
2034 5244 50 27 not
2105 5252 35 19 an
2160 5241 189 32 adventurous
2370 5254 33 20 or

1846 5280 152 30 hazardous
2011 5291 53 19 one
2083 5282 61 29 that
2157 5282 54 30 will
2231 5293 80 28 carry
2324 5284 77 30 them

1846 5321 132 38 through.
2029 5321 59 31 The
2112 5322 124 29 Premier
2260 5324 56 28 will
2340 5333 45 20 cer-

1845 5360 87 37 tainly
1957 5363 50 24 not
2031 5361 37 27 be
2095 5361 156 36 altogether
2275 5365 30 24 at
2328 5362 74 28 their

1846 5409 102 30 mercy,
1961 5407 31 21 as
2005 5398 36 31 he
2052 5399 55 31 will
2119 5399 57 31 still
2195 5400 70 30 have
2279 5400 48 31 the
2338 5400 63 32 able

1845 5439 150 29 assistance
2005 5440 31 28 of
2041 5440 43 29 his
2092 5441 200 36 colleague,the
2302 5441 83 33 Minis-

1846 5483 43 25 ter
1907 5479 45 29 for
1976 5477 103 37 Lands,
2091 5479 55 30 and
2170 5479 59 31 also
2253 5480 30 29 of
2296 5480 105 32 Messrs

1846 5518 125 29 Larnach
1985 5519 55 27 and
2055 5519 104 35 Fisher,
2173 5520 51 27 but
2237 5520 78 28 there
2327 5521 24 27 is
2364 5530 37 22 no

1845 5557 89 30 doubt
1953 5557 34 29 he
2006 5557 55 29 will
2082 5559 65 29 miss
2166 5557 97 39 Ward,
2283 5557 116 39 Reeves,

1845 5598 54 29 and
1921 5597 45 30 Sir
1985 5597 111 31 Patrick
2116 5598 134 38 Buckley.
2290 5599 43 29 On
2352 5600 49 29 the

1846 5636 97 38 whole,
1974 5636 146 39 therefore,
2152 5638 49 29 the
2225 5638 103 38 parties
2352 5648 47 19 are

1844 5680 93 39 pretty
1950 5677 99 37 eyenlv
2062 5677 136 37 matched,
2211 5677 55 29 and
2279 5686 42 21 we
2333 5676 65 34 look

2425 180 121 30 forward
2567 180 68 30 with
2659 180 117 30 interest
2800 184 30 26 to
2851 179 48 31 the
2920 189 48 29 pro-

2425 219 133 41 ceedings
2570 219 31 31 of
2612 224 70 27 next
2700 219 115 32 session.
2854 219 60 31 The
2928 223 42 27 sta-

2427 264 44 26 tus
2484 260 31 30 of
2526 260 49 30 the
2588 260 98 30 House
2699 262 49 28 has
2762 262 70 28 been
2843 261 91 29 raised
2947 261 37 37 by

2427 309 84 27 many
2524 299 116 38 degrees
2652 310 67 19 over
2731 300 55 28 last
2806 299 178 35 Parliament,

2427 338 55 30 and
2495 338 22 30 it
2529 337 24 31 is
2565 338 98 41 highly
2677 339 176 40 satisfactory
2864 339 62 31 that
2939 337 45 33 Sir

2430 379 122 30 Maurice
2565 379 131 31 O'Korke
2708 381 56 28 will
2783 381 82 32 ajrain
2879 380 105 30 control

2427 422 37 26 its
2482 419 193 38 proceedings.
2715 420 73 28 That
2813 421 20 28 it
2863 420 54 28 will
2943 431 28 17 re-

2429 459 77 37 quire
2519 469 17 17 a
2548 462 99 35 strong
2670 459 75 29 hand
2772 464 28 25 to
2825 459 86 40 guide
2938 460 46 29 the

2430 498 62 39 ship
2505 497 29 31 of
2547 501 72 27 state
2631 499 24 30 is
2668 511 75 18 more
2757 500 66 30 than
2838 500 143 39 probable,

2428 539 66 35 and,
2506 539 141 29 whatever
2665 540 47 28 the
2731 539 82 36 issue,
2826 539 22 29 it
2865 540 25 29 is
2903 544 30 25 to
2950 541 34 27 be

2430 579 90 34 hoped
2533 579 48 29 the
2594 579 112 40 dignity
2725 580 30 30 of
2769 580 47 30 the
2836 580 148 38 Assembly

2430 619 55 30 will
2498 622 50 28 not
2560 619 36 31 be
2613 620 143 39 forgotten
2770 621 29 29 in
2818 620 48 32 the
2880 620 63 31 heat
2955 620 29 31 of

2430 663 80 36 party
2523 660 117 39 politics.

2454 732 49 23 THE
2511 732 113 26 Roxburgh
2637 733 59 21 Brass
2714 733 58 21 Band
2782 733 41 21 will
2835 733 45 27 give
2889 740 26 14 an
2925 740 49 20 open-

2430 760 30 20 air
2468 760 141 27 performance
2618 760 41 21 this
2672 761 85 26 evening
2773 762 23 20 at
2813 761 36 21 the
2869 763 46 24 post
2927 760 59 22 office

2430 793 78 14 corner.

2456 819 148 21 Phylloxera
2622 819 18 21 is
2656 819 109 27 spreading
2781 819 21 22 in
2832 820 36 21 the
2896 819 91 26 Bendigo

2430 845 81 24 district
2520 845 117 28 (Victoria),
2649 847 65 21 which
2724 847 40 21 will
2774 847 24 22 be
2807 847 92 21 declared
2910 847 73 21 infect.

2431 874 25 21 Ed
2465 873 41 22 and
2517 874 36 21 the
2562 874 108 26 vineyards
2678 874 118 28 destroyed.

2456 914 81 21 Heavy
2546 913 85 21 arrivals
2642 914 23 20 of
2682 913 52 21 New
2753 914 90 21 Zealand
2858 913 59 22 hares
2934 913 53 21 have

2431 940 77 27 spoiled
2517 940 36 21 the
2562 940 85 21 London
2657 941 86 24 market,
2754 941 41 21 and
2806 941 59 20 there
2881 941 17 22 is
2906 947 13 14 a
2937 940 49 21 slow

2430 968 42 23 sale
2480 970 23 19 at
2513 968 22 21 2s
2544 968 33 21 91.
2605 968 87 21 Rabbits
2705 975 34 14 are
2749 967 37 22 flit
2794 972 22 17 at
2825 968 35 22 9J.

2459 1007 49 23 You
2518 1007 53 22 have
2581 1007 71 22 ruined
2660 1014 53 20 your
2721 1007 134 22 constitution
2866 1007 124 27 sufficiently

2433 1035 27 27 by
2471 1035 98 27 drinking
2582 1036 84 21 inferior
2679 1040 41 17 tea.
2748 1035 85 22 Recruit
2847 1035 26 24 by
2890 1035 98 25 drinkiug

2432 1062 50 26 only
2492 1063 64 19 Kozie
2567 1065 40 18 tea.
2634 1063 22 19 It
2664 1062 18 20 is
2691 1069 51 18 pure
2753 1062 229 20 andreliable.—Adrt.

2461 1100 38 21 Mb
2514 1100 24 22 J.
2556 1101 27 20 A.
2604 1101 61 19 Boyd
2684 1100 36 20 Las
2734 1099 96 21 obtained
2845 1105 13 15 a
2866 1098 122 22 conditional

2435 1127 75 22 license
2528 1130 22 19 to
2565 1128 87 21 conduct
2671 1134 11 14 a
2701 1127 111 26 publican's
2831 1127 62 21 booth
2913 1128 23 19 at
2953 1127 36 21 the

2436 1155 114 26 Roxburgh
2572 1155 79 26 Jockey
2670 1155 69 21 Club's
2758 1155 90 24 meeting
2865 1156 125 24 to-morrow,

2435 1182 41 22 and
2486 1182 37 22 has
2532 1182 51 23 been
2593 1182 117 22 authorised
2720 1184 23 19 to
2752 1182 27 21 do
2788 1189 22 14 so
2819 1182 26 26 by
2855 1181 36 22 the
2899 1181 55 22 club.

2461 1222 42 20 We
2522 1221 66 21 desire
2605 1222 23 19 to
2644 1221 90 25 heartily
2748 1220 124 25 reciprocate
2887 1220 35 20 the
2938 1220 53 25 good

2435 1248 74 21 wishes
2518 1248 23 21 of
2553 1248 37 21 the
2598 1248 60 21 staffs
2672 1247 22 21 of
2702 1247 37 21 the
2771 1247 64 21 Bruce
2949 1246 40 21 and

2458 1275 78 22 Clutha
2666 1274 76 27 having
2754 1274 93 21 received
2861 1274 72 21 chaste
2950 1273 41 22 and

2434 1302 125 27 beautifully
2568 1302 97 26 designed
2670 1302 57 21 cards
2734 1302 54 20 from
2795 1302 57 25 each,
2862 1301 82 26 bearing
2953 1301 37 20 the

2433 1330 89 21 season's
2530 1330 109 26 greetings.

2459 1363 42 21 We
2512 1363 54 21 have
2575 1364 51 20 been
2635 1362 108 27 requested
2753 1363 21 19 to
2783 1368 106 14 announce
2899 1361 47 21 that
2956 1361 37 21 the

2435 1391 117 21 Beaumont
2562 1391 74 24 sports,
2647 1389 66 21 which
2724 1396 52 14 were
2790 1391 22 18 to
2820 1389 53 20 hive
2882 1389 52 20 been
2944 1388 48 21 held

2434 1419 21 18 at
2466 1417 117 21 Beaumont
2596 1415 117 27 yesterday,
2724 1422 52 13 were
2788 1414 138 21 unavoidably
2938 1415 43 25 post-

2435 1443 74 28 poned,
2534 1450 26 14 oa
2582 1443 88 21 account
2690 1442 22 22 of
2733 1442 85 21 adverse
2842 1440 98 28 weather,
2962 1440 31 22 till

2433 1472 103 25 Saturday
2545 1471 50 21 next
2604 1470 36 22 the
2653 1469 41 21 2nd
2704 1476 58 19 prox.

2461 1509 49 21 The
2532 1508 105 26 following
2658 1514 35 14 are
2715 1507 37 20 the
2769 1506 223 28 Punstan-Wakatipu

2436 1536 82 20 district
2535 1537 60 19 court
2611 1535 155 27 appointments
2779 1534 33 21 for
2828 1534 37 21 the
2882 1534 73 21 month
2969 1535 23 20 of

2435 1563 102 26 January,
2558 1561 213 26 1897:—Roxburgh,
2794 1561 48 21 15th
2869 1561 41 21 and
2929 1562 49 20 16th
2987 1569 5 17 ;

2435 1589 74 28 Clyde,
2521 1589 48 22 18th
2578 1596 5 18 ;
2597 1588 125 27 Alexandra,
2740 1589 22 20 10
2775 1589 11 19 h
2797 1588 39 21 and
2846 1588 49 21 20th
2904 1595 6 17 ;
2924 1588 55 22 Crom-

2437 1617 52 26 well,
2510 1617 45 21 21st
2575 1617 41 21 and
2633 1616 68 26 22nd;
2724 1616 146 26 Queenstown,
2886 1616 50 22 25th
2953 1616 39 21 and

2435 1645 63 24 26th;
2513 1645 80 25 Arrow,
2605 1643 57 22 28th.

2462 1682 36 21 Ok
2507 1682 115 21 Christmas
2632 1682 41 19 Eve
2683 1681 36 20 the
2728 1680 113 26 Roxburgh
2858 1681 61 20 Brass
2934 1681 58 20 Band

2437 1708 89 28 paraded
2539 1712 24 18 at
2578 1708 36 22 the
2628 1710 47 24 post
2690 1709 57 20 office
2760 1715 80 19 corner,
2857 1708 41 21 and
2913 1715 51 19 gave
2981 1715 11 14 a

2435 1736 77 27 capital
2532 1743 135 19 programme,
2684 1743 10 13 a
2709 1736 55 25 large
2778 1731 69 25 crowd
2862 1735 130 25 assembling.

2435 1763 44 23 The
2489 1763 54 22 band
2553 1764 17 21 is
2580 1763 20 22 in
2607 1763 51 25 good
2666 1763 87 25 practice
2764 1770 52 19 now,
2823 1763 40 21 and
2873 1762 86 28 judging
2966 1763 26 26 by

2435 1791 37 21 the
2482 1798 93 20 progress
2585 1791 49 26 they
2643 1798 35 13 are
2688 1790 82 26 making
2780 1790 50 24 they
2844 1786 75 25 should
2929 1790 46 26 give
2981 1797 11 13 a

2435 1817 149 27 good-account
2592 1818 22 20 of
2627 1817 123 23 themselves
2764 1820 22 18 at
2801 1817 36 21 the
2853 1817 138 26 forthcoming

2433 1847 87 19 contest.

2458 1880 50 20 THE
2517 1879 5 9 '
2530 1880 60 20 Post'
2599 1881 64 19 states
2673 1879 46 20 that
2728 1879 20 20 in
2757 1885 140 20 consequence
2915 1878 22 21 of
2953 1879 36 21 the

2434 1905 116 28 possibility
2570 1906 22 21 of
2606 1906 36 21 the
2661 1906 45 20 din!
2725 1905 71 26 votiog
2812 1905 59 25 being
2885 1905 66 27 likely
2967 1906 23 21 t-i

2433 1935 63 20 affect
2505 1934 37 20 the
2551 1933 65 22 result
2624 1933 21 21 of
2659 1933 37 20 the
2706 1933 127 26 Wellington
2842 1933 49 25 City
2903 1933 87 21 election

2433 1968 23 14 as
2470 1961 92 21 between
2582 1961 74 21 Messrs
2668 1960 72 22 Fisher
2755 1961 40 19 and
2821 1960 111 25 Atkinson,
2956 1960 36 21 the

2433 1988 63 21 latter
2514 1988 22 20 of
2551 1989 68 19 whom
2638 1988 17 20 is
2678 1988 49 25 only
2755 1987 25 20 28
2798 1990 57 17 votes
2875 1987 85 26 behind,
2979 1994 13 13 a

2433 2015 87 23 petition
2531 2014 41 21 will
2581 2014 99 27 probably
2689 2014 26 20 be
2728 2014 71 22 lodged
2810 2013 20 21 in
2840 2013 36 21 the
2889 2014 101 27 Supiemo

2433 2042 66 22 Court
2507 2041 32 22 for
2548 2048 12 14 a
2569 2041 40 21 full
2617 2040 154 27 investigation.

2460 2081 14 11 •*
2484 2081 101 21 Wanted
2593 2088 12 13 a
2615 2080 82 26 general
2713 2079 90 26 ■errant;
2823 2086 26 14 no
2868 2079 54 22 Irish
2941 2079 51 21 need

2433 2108 71 27 apply-
2511 2107 93 28 —Apply
2630 2108 80 25 George
2739 2105 92 28 Wa'ker,
2865 2106 127 25 bootmaker,

2433 2135 70 22 North
2515 2136 50 21 East
2574 2133 162 28 Valley.—Vide
2771 2132 59 27 Daily
2941 2133 49 22 Dec.

2433 2163 57 25 24th,
2518 2163 55 21 18%.
2610 2162 44 20 The
2680 2163 60 18 outer
2767 2161 116 25 wrappings
2908 2161 23 20 of
2955 2161 36 21 the

2434 2189 127 24 mummified
2593 2188 141 21 antideluvian
2766 2187 46 23 who
2842 2187 82 21 worded
2951 2188 42 20 this

2433 2217 164 23 advertisement
2622 2215 75 21 should
2719 2215 38 21 not
2778 2213 26 24 bo
2826 2214 63 20 taken
2908 2215 30 21 off
2958 2216 36 19 too

2433 2243 92 28 quicklv,
2536 2250 22 14 as
2564 2243 17 21 if
2586 2242 102 25 suddenly
2697 2240 90 28 exposed
2793 2242 23 19 to
2825 2240 36 22 the
2871 2241 122 23 nineteenth

2433 2272 87 25 centnry
2529 2270 31 21 air
2569 2269 27 21 he
2605 2269 66 26 might
2681 2269 36 20 fall
2727 2271 22 18 to
2758 2268 73 25 pieces.

2459 2309 100 22 PEBFFOT
2569 2308 88 26 Queen's
2668 2307 90 22 weather
2762 2306 38 22 has
2806 2306 104 26 prevailed
2918 2306 75 27 during

2433 2336 37 22 the
2476 2335 113 28 holidays—
2595 2334 52 21 calm
2653 2341 68 20 sunny
2732 2334 51 27 days
2791 2333 49 21 with
2848 2333 101 22 cloudless
2955 2335 39 27 sky

2433 2363 110 24 overhead.
2571 2363 89 25 Monday
2682 2363 40 21 and
2744 2361 95 26 Tuesday
2863 2361 40 21 last
2929 2370 60 17 were,

2433 2392 103 25 however,
2546 2393 42 19 two
2597 2390 23 21 of
2635 2391 36 20 the
2691 2391 81 20 hottest
2790 2389 50 26 days
2859 2389 134 25 experienced

2433 2418 42 22 this
2484 2424 78 20 season,
2573 2417 37 22 the
2618 2417 103 21 excessive
2729 2417 49 21 heat
2786 2422 26 14 on
2823 2415 95 26 Tuesday
2928 2415 62 23 bein?

2433 2445 144 26 accompanied
2588 2444 26 26 by
2623 2443 121 26 distressing
2757 2443 39 21 hot
2811 2443 71 21 winds.
2911 2443 80 26 During

2433 2472 51 21 both
2493 2472 51 26 days
2560 2471 37 21 the
2610 2470 53 27 glass
2672 2470 111 26 registered
2797 2476 22 14 as
2828 2470 50 25 high
2894 2477 23 14 as
2933 2471 25 20 93
2972 2471 21 20 in

2432 2499 36 21 the
2477 2498 71 23 shade.
2576 2497 116 28 Yesterday
2700 2497 62 21 much
2776 2496 80 22 wanted
2867 2497 44 21 rain
2921 2496 37 22 fell
2968 2497 21 21 in

2431 2527 68 26 heavy
2508 2525 98 27 showers,
2623 2525 41 22 and
2678 2524 37 22 the
2730 2525 63 21 effect
2806 2531 27 15 on
2842 2524 37 22 the
2887 2532 56 20 grass
2951 2523 43 23 and

2431 2560 60 20 crops
2501 2553 42 21 will
2552 2553 106 21 doubtless
2668 2553 24 20 bo
2703 2559 51 19 very
2763 2551 113 22 beneficial.

2463 2593 18 20 A
2496 2596 151 17 WELL-KNOWN
2661 2591 127 27 Magistrate,
2805 2590 61 22 while
2881 2591 72 26 sitting
2970 2591 21 21 in

2434 2619 123 27 judgement
2565 2625 27 14 on
2602 2625 11 14 a
2623 2618 88 22 number
2719 2619 22 21 of
2750 2618 81 26 cyclists
2837 2617 47 21 who
2894 2617 40 22 had
2941 2618 52 21 been

2435 2646 66 27 riding
2511 2652 26 15 on
2547 2645 37 22 the
2601 2645 103 27 footpath,
2724 2645 79 22 related
2821 2644 33 22 his
2873 2645 120 26 experience

2434 2673 51 22 with
2501 2680 13 14 a
2532 2673 139 25 "scorcher.';
2706 2673 35 21 He
2758 2673 51 26 said,
2869 2673 50 21 took
2937 2679 54 20 upon

2434 2700 76 27 myself
2518 2707 39 14 one
2566 2700 87 27 evening
2663 2702 22 18 to
2694 2702 47 25 stop
2750 2707 12 13 a
2769 2700 117 26 gentleman
2894 2700 45 21 who
2950 2706 41 14 was

2433 2728 68 26 riding
2510 2734 27 15 on
2546 2728 37 21 the
2593 2727 103 27 footpath.
2731 2727 69 22 When
2818 2727 27 22 he
2862 2729 36 24 got
2915 2728 31 21 off
2960 2727 32 20 his

2434 2754 102 27 machine,
2546 2755 104 26 however,
2660 2754 12 21 I
2678 2754 65 22 found
2762 2754 47 21 that
2825 2754 27 21 he
2871 2761 40 14 was
2927 2754 65 21 about

2431 2782 33 20 6ft
2485 2781 34 21 6in
2536 2782 58 26 high,
2610 2782 40 20 and
2666 2781 180 27 correspondingly
2863 2782 66 26 stout,
2939 2788 23 14 so
2979 2780 13 21 I

2431 2808 112 27 discreetly
2551 2809 50 21 took
2609 2808 36 21 the
2651 2808 77 22 middle
2733 2808 23 22 of
2763 2808 36 21 the
2810 2808 56 26 road,
2875 2808 117 25 remarking

2431 2835 49 21 that
2489 2835 19 21 it
2522 2843 41 13 was
2578 2842 13 14 a
2610 2842 50 20 very
2677 2836 48 21 fine-
2735 2836 93 25 evening,
2851 2836 41 21 and
2910 2836 48 20 that
2974 2835 18 20 it

2433 2862 68 21 would
2511 2862 100 27 probably
2621 2862 25 21 be
2655 2862 44 21 still
2712 2863 52 21 finer
2779 2862 22 22 in
2821 2862 38 23 the

2462 2902 134 21 Accohding
2606 2903 23 20 to
2638 2902 36 22 the
2706 2901 84 23 London
2800 2901 63 27 Daily
2962 2901 29 22 M.

2435 2928 175 28 Kildischewsky,
2624 2937 14 14 a
2653 2930 89 21 Russian
2756 2928 123 26 electrician,
2895 2928 37 21 has
2950 2928 30 22 dis-

2434 2956 88 22 covered
2530 2962 27 18 an
2569 2956 152 27 improvement
2734 2956 20 21 in
2773 2956 36 21 the
2828 2955 117 27 telephone,
2964 2955 28 27 by

2435 2984 36 19 the
2482 2989 35 14 use
2525 2983 23 20 of
2558 2983 65 19 which
2640 2983 91 20 distance
2743 2982 36 20 has
2788 2989 27 12 no
2821 2983 63 19 effect
2892 2988 55 19 upon
2957 2982 36 19 the

2436 3009 93 24 hearing.
2583 3009 26 20 In
2624 3015 13 14 a
2656 3010 69 19 recent
2747 3008 129 25 experiment
2900 3007 92 21 between

2438 3035 89 22 Moscow
2534 3034 41 23 and
2581 3035 90 26 Kostoff,
2682 3042 26 14 on
2724 3034 36 22 the
2772 3034 52 27 Don,
2833 3041 13 14 a
2863 3033 92 23 distance
2972 3034 21 21 of

2437 3062 40 21 890
2499 3062 66 23 miles,
2590 3062 88 28 talking,
2697 3063 70 22 music,
2785 3062 41 21 and
2844 3061 80 27 singing
2941 3069 53 14 were

2437 3090 65 21 heard
2511 3090 51 21 with
2577 3091 80 25 perfect
2849 3090 33 19 An
2898 3090 96 24 ordinary

2438 3116 106 26 telegraph
2556 3118 48 20 wire
2613 3124 40 14 was
2663 3117 57 22 used.
2767 3116 21 20 It
2803 3117 17 20 is
2837 3116 43 21 said
2899 3116 47 21 that
2964 3116 29 21 M.

2438 3144 167 26 Kildischewsky
2622 3144 41 22 will
2684 3151 26 20 go
2726 3144 23 21 to
2767 3143 85 22 London
2875 3144 23 21 to
2916 3151 23 13 ex
2943 3143 42 27 peri

2439 3173 57 20 ir.ent
2518 3172 49 22 with
2587 3172 32 23 his
2635 3172 150 27 improvement
2802 3178 26 15 on
2847 3171 36 22 the
2901 3171 93 22 Atlantic

2437 3200 67 21 cables
2514 3200 92 21 between
2616 3200 85 21 London
2710 3200 41 21 and
2762 3199 52 21 New
2827 3198 65 23 York.

2470 3238 20 21 A
2502 3242 101 18 NOTABLE
2618 3238 77 27 bicycle
2703 3237 42 26 trip
2754 3243 41 14 wag
2803 3236 60 21 made
2872 3236 41 21 last
2921 3236 75 22 Fridav

2444 3264 27 26 by
2483 3264 35 22 Mr
2526 3266 71 21 James
2609 3264 66 25 Pratt,
2685 3272 36 14 son
2731 3264 21 21 of
2761 3264 110 21 Constable
2889 3264 67 25 Pratt,
2975 3264 22 21 of

2444 3292 73 26 Clyde,
2527 3299 13 13 a
2549 3292 66 27 youth
2624 3293 23 20 of
2656 3293 24 20 19
2690 3299 66 19 years,
2772 3292 45 19 who
2827 3292 16 20 is
2852 3297 47 15 now
2907 3291 90 21 resident

2443 3321 21 20 at
2474 3319 143 27 Invercargill,
2644 3319 34 22 He
2696 3318 77 23 startrd
2791 3318 54 23 from
2863 3318 131 28 Invercargill

2442 3349 23 20 at
2474 3347 47 22 7.15
2530 3355 49 15 a.m.
2589 3355 26 14 on
2625 3348 114 21 Christina*
2752 3347 54 26 Day,
2820 3347 40 21 and
2878 3347 80 21 arrived
2975 3348 22 19 at

2443 3374 50 21 Coal
2509 3375 64 20 Creek
2594 3376 23 19 at
2634 3374 13 21 8
2665 3381 60 19 p.m.,
2743 3374 76 24 bavins;
2835 3374 42 21 had
2885 3374 73 20 dinner
2975 3375 22 18 at

2442 3400 67 22 Kelso
2518 3402 22 20 at
2549 3401 26 21 12
2583 3408 60 16 noon.
2670 3401 44 21 The
2726 3402 60 20 route
2797 3400 26 21 he
2840 3400 48 22 took
2905 3407 40 15 was
2963 3400 31 22 via

2443 3429 54 20 Raes
2507 3429 110 25 Junction,
2629 3429 40 20 and
2683 3429 20 20 in
2719 3429 35 20 the
2761 3427 57 27 day's
2827 3428 43 20 ride
2877 3428 26 20 he
2913 3428 83 21 covered

2441 3462 14 14 a
2464 3455 95 21 distance
2568 3456 23 20 of
2598 3456 52 26 fully
2660 3456 39 20 110
2707 3455 64 21 mibs.
2805 3454 44 21 The
2858 3454 44 21 feat
2911 3461 40 14 was
2961 3455 36 20 thp

2444 3490 58 14 more
2511 3482 132 27 noteworthy
2652 3490 22 14 as
2690 3490 68 18 young
2777 3482 59 21 Pratt
2853 3482 49 21 rode
2919 3489 25 14 an
2963 3482 33 21 old

2443 3510 103 27 machine,
2556 3510 36 21 the
2602 3516 60 15 name
2671 3510 23 21 of
2703 3509 74 27 which,
2787 3516 21 14 at
2817 3509 27 21 he
2852 3509 81 26 naively
2943 3516 52 20 says,

2443 3537 17 21 is
2470 3537 79 22 rubbed
2559 3539 46 24 out,
2622 3544 23 14 so
2654 3537 46 21 that
2710 3537 17 21 it
2735 3537 17 21 is
2762 3536 84 22 evident
2855 3536 26 21 he
2899 3543 40 14 was
2956 3539 37 19 not

2443 3565 84 21 assisted
2538 3565 28 27 by
2572 3572 40 16 any
2622 3565 23 21 of
2650 3565 35 21 the
2693 3565 60 21 latest
2759 3566 89 24 patents.
2872 3563 43 21 The
2921 3565 75 26 plucky

2443 3592 54 21 ri''er
2508 3599 42 13 was
2558 3592 20 21 in
2589 3599 27 15 no
2626 3599 44 19 way
2676 3592 137 20 duconcerted
2823 3591 28 27 by
2859 3591 33 21 his
2899 3591 48 23 long
2956 3591 40 21 and

2442 3619 86 26 quickly
2537 3619 60 21 made
2606 3619 95 26 journey,
2712 3619 40 21 and
2759 3619 54 21 after
2819 3625 11 14 a
2836 3617 57 27 day's
2900 3619 42 21 rest
2947 3617 49 23 here

2441 3646 26 22 he
2478 3646 95 22 resumed
2582 3646 32 22 his
2623 3646 42 27 trip
2677 3646 128 21 homewards
2816 3647 22 19 to
2845 3641 64 30 Clyde

2548 3685 69 26 Duck,
2628 3687 41 19 two
2683 3684 101 27 Ganders,
2799 3685 42 21 two
2858 3683 80 28 Storks,
2956 3685 38 19 five

2439 3713 79 27 Swans,
2528 3713 59 22 three
2599 3713 86 27 Robins,
2696 3713 39 21 fire
2742 3713 111 26 Sparrows,
2862 3713 40 21 five
2915 3711 77 25 Swifts,

2441 3741 38 19 five
2498 3741 113 25 Swallows,
2627 3747 39 14 one
2695 3740 99 25 Buraard,
2812 3741 42 19 two
2872 3739 79 26 Eagles,
2970 3739 24 20 25

2439 3766 66 27 Bulls,
2516 3766 59 21 three
2585 3767 74 23 Mares,
2674 3774 61 13 seven
2755 3769 71 23 Rams,
2845 3766 59 21 three
2921 3765 72 25 Vines,

2439 3793 59 22 three
2509 3793 79 27 Alders,
2596 3795 42 18 two
2646 3793 97 26 Beeches,
2752 3800 39 14 one
2796 3793 53 25 Oak,
2857 3800 39 14 one
2905 3792 87 26 Cherry,

2438 3821 47 21 four
2492 3820 96 27 Peaches,
2598 3821 24 21 12
2629 3821 71 26 Roses,
2707 3827 38 13 one
2755 3820 107 25 Primrose,
2869 3826 38 13 one

2438 3849 40 20 etc.
2504 3847 50 21 This
2567 3847 17 21 is
2596 3849 38 19 not
2653 3854 25 14 an
2697 3846 134 22 auctioneer's
2848 3845 106 27 catalogue
2972 3846 22 20 of

2438 3875 107 25 zoological
2556 3875 42 21 and
2608 3874 144 22 horticultural
2764 3875 79 24 effects,
2860 3873 39 21 hut
2907 3875 46 24 part
2971 3874 22 20 of

2437 3909 12 13 a
2460 3901 132 27 compilation
2602 3902 22 20 of
2712 3908 70 14 names
2795 3901 53 21 from
2868 3900 37 21 the
2924 3900 68 25 clergy

2437 3929 35 22 list
2481 3929 28 27 by
2518 3929 36 22 the
2563 3929 88 22 Rocket.
2678 3929 43 21 The
2734 3928 35 22 list
2778 3928 42 21 also
2838 3927 153 26 appropriately

2436 3957 93 20 includes
2537 3957 43 20 two
2590 3957 88 26 Abbots,
2688 3956 58 21 three
2759 3955 80 23 Monks,
2851 3955 26 21 20
2896 3955 95 26 Bishops,

2436 3983 57 26 eight
2503 3984 117 25 Chaplains,
2632 3990 38 14 o~e
2684 3983 74 25 Priest,
2773 3984 42 19 two
2834 3981 91 27 Abbeys,
2944 3981 47 21 nine

2435 4010 114 27 Churches,
2567 4010 40 21 and
2624 4010 58 21 three
2699 4010 80 21 Clerks.
2812 4009 67 21 Time
2898 4015 35 14 are
2948 4008 44 21 also

2434 4044 61 14 seven
2507 4037 73 22 Hoods
2589 4038 40 19 and
2648 4037 23 21 It
2690 4037 73 26 Copes,
2781 4037 39 20 but
2838 4038 35 18 not
2892 4042 12 14 a
2924 4035 64 24 single

2433 4064 112 28 Chasuble,
2590 4064 74 27 Yonng
2681 4064 63 21 ladies
2763 4063 46 21 who
2832 4063 42 21 like
2894 4064 22 19 to
2935 4063 56 21 work

2433 4092 86 26 slippers
2528 4099 55 19 may,
2602 4092 102 26 however,
2723 4091 26 21 be
2766 4091 47 26 g'ad
2831 4092 22 19 to
2872 4091 51 21 hear
2942 4091 47 20 that

2432 4119 58 21 there
2498 4125 35 14 are
2546 4119 43 21 still
2599 4120 48 20 nine
2657 4118 95 26 Darlings
2761 4125 26 13 on
2797 4118 37 20 the
2843 4117 43 22 list.

2457 4157 41 22 We
2516 4159 66 23 regret
2594 4158 24 20 to
2629 4158 51 20 have
2698 4158 23 20 to
2744 4157 101 26 omplain
2859 4157 22 21 of
2901 4164 12 14 a
2934 4157 55 20 most

2431 4186 87 22 flagrant
2526 4184 272 21 actoflarrikini*mhnvin<r
2866 4183 121 21 committed

2431 4212 20 21 in
2462 4211 37 22 the
2507 4211 103 24 township
2619 4218 26 13 on
2655 4211 115 20 Christmas
2782 4211 50 22 Eve,
2847 4210 37 21 the
2901 4210 88 21 sufferer

2431 4238 61 28 being
2512 4238 32 22 Mr
2568 4238 75 23 Albert
2665 4238 70 26 Birch,
2752 4238 23 21 of
2788 4237 50 22 Coal
2853 4237 74 22 Ciek.
2956 4237 33 21 Mr

2432 4264 60 24 Birch
2502 4266 63 21 drove
2578 4266 32 21 his
2616 4265 71 24 family
2696 4265 44 21 into
2747 4265 37 21 the
2790 4264 102 26 township
2902 4271 26 14 on
2939 4264 47 20 that

2431 4293 94 27 evening,
2549 4293 82 26 leaving
2652 4292 31 21 htt
2707 4292 59 21 horse
2792 4292 41 21 and
2857 4292 47 27 trap
2923 4291 22 22 in
2957 4291 33 21 Mr

2431 4320 109 23 Ormond's
2549 4320 58 27 yard,
2614 4320 76 26 where,
2699 4326 28 14 no
2735 4319 74 26 doubt,
2826 4318 27 22 he
2863 4318 91 27 thought
2972 4318 17 21 it

2432 4348 68 21 would
2513 4347 26 22 be
2547 4348 59 26 quite
2620 4347 50 23 safe.
2697 4346 109 26 However,
2821 4346 55 21 after
2890 4346 100 26 spending

2431 4375 38 22 the
2478 4374 87 27 evening
2570 4374 21 21 in
2601 4374 36 21 the
2646 4375 63 25 town,
2725 4374 33 21 Mr
2773 4372 61 23 Birch
2852 4372 99 23 returned
2967 4373 24 20 to

2431 4403 37 21 the
2476 4402 52 27 yard
2537 4404 22 19 to
2568 4402 85 21 harness
2671 4407 29 21 up
2718 4401 32 21 for
2768 4400 36 21 the
2819 4400 61 22 home
2892 4401 95 26 journey,

2431 4430 41 21 and
2490 4436 38 15 one
2544 4436 38 15 can
2597 4428 89 23 imagine
2707 4428 33 21 his
2757 4428 176 26 disappointment
2948 4427 41 21 and

2431 4457 80 25 disgust
2519 4457 23 21 at
2558 4456 79 26 finding
2655 4454 32 23 his
2702 4455 84 21 harness
2803 4456 36 20 cut
2857 4454 92 24 through
2967 4454 21 21 in

2431 4482 78 21 several
2519 4484 119 24 places—an
2647 4484 33 19 act
2688 4482 24 21 of
2718 4482 95 20 mischief
2820 4482 66 21 which
2893 4481 18 20 it
2920 4481 68 20 wonld

2432 4510 37 19 not
2482 4508 26 21 be
2519 4514 47 22 easy
2580 4509 23 20 to
2612 4514 81 21 surpass
2702 4508 20 21 in
2733 4514 39 15 one
2780 4508 23 21 of
2812 4507 36 22 the
2857 4507 55 27 large
2920 4507 66 22 cities.

2432 4536 33 23 Mr
2480 4536 61 23 Birch
2558 4535 38 24 has
2609 4536 56 22 since
2679 4536 60 27 given
2750 4535 37 22 the
2804 4536 76 21 matter
2895 4535 45 22 into
2953 4534 37 23 the

2432 4564 67 21 hands
2511 4564 24 21 of
2547 4564 37 21 the
2603 4564 73 26 police,
2689 4564 42 20 and
2742 4563 111 21 Constable
2867 4563 73 25 Fouhy
2953 4563 38 20 has

2432 4590 119 21 discovered
2561 4590 47 19 who
2616 4590 36 19 the
2664 4590 104 19 offenders
2776 4595 40 14 are.
2845 4590 56 23 Th#y
2908 4595 34 14 are
2949 4590 42 18 two

2432 4623 69 21 young
2509 4615 91 24 men—if
2615 4623 83 19 persons
2711 4614 45 23 who
2773 4614 68 23 would
2855 4614 26 23 he
2889 4614 69 29 guilty
2967 4614 23 22 of

2432 4644 52 23 •uch
2502 4645 82 22 wanton
2600 4644 94 22 mischief
2706 4651 38 15 can
2758 4642 26 24 be
2798 4642 65 24 called
2879 4650 47 16 men

2432 4672 61 26 being
2500 4679 13 13 a
2523 4679 70 20 young
2599 4672 117 21 tradesman
2733 4672 21 20 in
2772 4670 36 22 the
2826 4671 104 25 township
2946 4671 40 20 and

2432 4699 37 20 the
2478 4698 61 22 other
2552 4699 38 21 the
2599 4705 37 14 son
2646 4699 21 20 of
2676 4705 12 14 a
2710 4698 130 21 well-known
2857 4698 50 21 Coal
2919 4697 68 22 Creek

2432 4725 100 23 resident.
2558 4726 40 21 We
2604 4732 48 19 may
2665 4725 50 21 take
2730 4725 17 21 it
2756 4725 48 21 that
2817 4724 19 22 it
2843 4725 18 21 is
2874 4724 74 26 chiefly
2954 4726 38 19 out

2431 4753 23 21 of
2462 4753 81 27 respect
2552 4753 33 21 for
2594 4753 37 21 the
2645 4760 69 20 wrong
2728 4752 66 22 doer's
2809 4753 84 24 parents
2902 4752 47 22 that
2959 4752 33 22 Mr

2432 4781 61 22 Birch
2502 4780 92 22 declines
2608 4781 23 21 to
2650 4781 114 26 prosecute.
2791 4780 40 22 We
2843 4779 85 28 be'ieve,
2941 4780 49 26 also,

2432 4808 48 20 that
2488 4808 52 31 they
2548 4808 53 20 have
2610 4809 74 25 agreed
2693 4809 23 19 to
2723 4808 60 23 make
2792 4807 51 27 good
2856 4807 27 21 all
2898 4808 91 24 damage.

2432 4833 58 25 This,
2526 4835 104 26 however,
2663 4835 76 21 cannot
2772 4834 26 21 be
2820 4834 44 21 said
2879 4835 23 19 to
2918 4834 74 25 satisfy

2429 4862 85 29 justice.
2540 4862 45 21 The
2599 4862 136 27 punishment
2752 4861 34 22 for
2798 4861 50 21 such
2866 4862 89 20 offences
2974 4861 17 21 is

2432 4896 51 21 very
2496 4896 79 20 severe,
2594 4896 23 14 so
2636 4889 61 23 much
2715 4896 23 15 so
2754 4889 48 21 that
2819 4888 41 22 had
2878 4889 34 21 Mr
2929 4887 61 23 Birch

2431 4917 122 25 prosecuted
2563 4917 17 21 it
2589 4917 17 22 is
2617 4924 56 15 more
2683 4917 50 22 than
2743 4917 64 26 likely
2824 4917 48 21 that
2885 4917 36 21 the
2939 4917 52 21 New

2430 4945 55 20 Year
2494 4945 70 20 would
2570 4945 61 20 dawn
2641 4951 56 19 upon
2715 4946 43 18 tw«
2766 4945 23 19 of
2805 4951 38 13 our
2859 4950 71 21 young
2944 4950 46 14 men

2431 4970 68 22 where
2509 4971 51 24 they
2570 4971 68 21 would
2648 4972 37 20 not
2694 4971 61 21 much
2765 4971 62 26 enjoy
2836 4971 24 22 it.
2888 4971 40 21 We
2937 4970 52 22 have

2431 4997 102 23 refrained
2543 4998 54 22 from
2606 4998 71 27 giving
2686 4999 36 21 the
2732 5006 77 19 names,
2823 5006 23 14 as
2861 5005 31 14 we
2903 4998 28 22 do
2946 4999 43 25 not,

2430 5026 23 20 at
2461 5025 44 21 this
2514 5025 73 21 festive
2593 5032 79 19 season,
2680 5025 50 21 wish
2740 5026 23 20 to
2776 5025 74 21 wound
2858 5025 36 21 the
2904 5025 86 25 feelings

2429 5051 24 21 of
2460 5051 37 21 the
2509 5051 78 22 friends
2596 5052 23 21 of
2625 5052 36 21 the
2672 5059 69 20 young
2754 5059 47 14 men
2813 5052 46 21 who
2872 5052 53 21 have
2935 5051 51 22 been

2430 5085 23 14 so
2461 5078 75 22 foolish
2545 5086 7 18 ;
2564 5079 42 21 and
2615 5079 43 21 also
2667 5079 22 21 in
2699 5079 36 21 the
2744 5079 54 26 hope
2807 5079 56 24 that,
2881 5079 33 21 for
2932 5079 55 21 their

2429 5111 47 15 own
2485 5105 67 28 sakes,
2562 5105 37 21 the
2608 5106 103 20 offenders
2719 5112 48 20 may
2777 5106 57 21 learn
2848 5106 70 21 better
2931 5112 60 14 senso

2429 5132 41 21 and
2488 5131 70 22 better
2573 5132 112 23 manhood.
2714 5132 58 27 They
2790 5140 48 20 may
2855 5134 38 21 not
2908 5133 78 27 always

2430 5160 56 21 meet
2494 5165 13 16 a
2516 5166 48 15 man
2574 5166 23 15 so
2611 5159 109 26 indulgent
2730 5167 23 14 as
2763 5160 33 21 Mr
2805 5160 69 23 Birch.

2488 5226 183 43 Lawrence
2699 5228 99 41 News
2825 5227 113 42 Notes.

2566 5311 64 26 (Own
2643 5310 207 28 Correspondent.)

2455 5344 45 21 The
2509 5343 115 23 Christmas
2629 5345 93 24 holidays
2728 5345 71 25 passed
2805 5345 31 20 off
2841 5345 66 24 quiet!
2911 5352 10 12 v
2927 5345 57 24 here,

2430 5369 80 26 though
2519 5370 37 21 the
2565 5371 60 21 usual
2638 5371 139 21 amusements
2791 5370 99 27 provided
2905 5370 34 21 for
2953 5371 34 19 th»

2431 5396 70 29 public
2519 5404 53 16 were
2589 5397 54 29 fully
2662 5397 62 23 taken
2742 5397 116 27 advantage
2875 5397 22 23 of
2940 5396 48 23 Last

2432 5425 57 21 week
2498 5425 35 26 (on
2546 5425 138 27 Wednesday)
2693 5432 31 14 we
2733 5425 41 21 had
2789 5425 37 21 the
2836 5425 152 21 Horticultural

2431 5451 99 32 Society's
2539 5452 109 21 show—an
2658 5454 61 19 event
2732 5451 67 21 which
2818 5451 77 22 always
2910 5451 77 21 excites

2431 5479 59 26 great
2497 5479 87 22 interest
2592 5479 22 22 in
2624 5480 116 21 Lawienee.
2767 5477 45 23 The
2820 5477 87 23 number
2920 5478 22 22 of
2949 5485 39 14 onr

2431 5507 94 20 amateur
2533 5506 75 22 florists
2626 5506 100 21 increases
2743 5504 79 27 yearly,
2837 5509 25 16 as
2878 5505 50 21 does
2944 5504 44 21 also

2432 5531 56 21 their
2495 5532 136 27 enthusiasm,
2639 5531 41 21 and
2690 5531 36 21 the
2744 5531 57 21 show
2815 5531 23 21 of
2850 5531 80 21 flowers
2946 5531 41 21 tbi*

2431 5565 51 20 year
2498 5559 69 22 would
2585 5559 53 22 have
2655 5558 54 22 done
2725 5557 65 22 credit
2799 5559 23 20 to
2829 5564 14 15 a
2850 5558 63 21 much
2921 5557 67 27 larger

2432 5587 65 21 town.
2522 5586 45 22 The
2585 5587 77 26 society
2681 5585 44 22 also
2744 5585 71 27 wisely
2832 5592 122 19 encourages
2975 5592 12 14 a

2431 5613 55 21 taste
2494 5613 34 21 for
2535 5613 79 21 flowers
2627 5613 94 21 amongst
2736 5612 36 21 the
2787 5618 70 20 young
2873 5612 73 27 people
2959 5612 28 27 by

2432 5639 86 26 offering
2528 5639 64 25 prizes
2602 5639 32 22 for
2641 5640 37 20 cut
2683 5639 86 25 flowers,
2777 5638 109 27 bouquets,
2896 5638 90 26 baskets,

2431 5667 48 23 etc.,
2488 5665 42 21 and
2539 5665 43 21 this
2591 5666 51 21 class
2655 5665 66 22 called
2735 5665 57 21 forth
2807 5672 13 14 a
2834 5659 52 32 good
2904 5665 45 21 deal
2964 5665 22 21 of

2430 5691 143 28 competition,
2599 5692 123 27 Altogether
2728 5691 37 23 the
2770 5691 56 23 show
2834 5699 40 15 was
2883 5700 12 14 a
2900 5692 84 22 decided

3016 186 79 16 suocest
3102 179 40 22 and
3149 179 37 22 the
3193 179 64 22 result
3263 179 74 22 should
3346 178 26 23 be
3377 185 50 21 very
3436 180 134 26 encouraging

3016 209 22 21 to
3048 207 36 22 the
3093 206 84 27 society.

3040 235 45 22 The
3094 234 66 22 Chris*
3165 241 42 14 mas
3219 233 88 23 services
3320 234 24 22 at
3357 233 37 22 the
3402 233 99 24 churches
3518 241 53 16 were

3016 272 11 13 a
3045 263 82 22 feature
3143 262 23 21 of
3186 262 37 21 the
3246 262 88 21 season's
3356 261 135 22 celebrations
3515 262 56 22 here.

3015 290 80 26 Special
3104 289 87 20 services
3202 294 53 14 were
3264 287 49 21 held
3322 290 22 18 at
3360 287 36 21 the
3412 288 101 25 Anglican
3530 288 42 21 and

3017 316 80 21 Roman
3112 314 95 22 Catholic
3221 314 107 26 churches,
3345 313 41 22 and
3402 315 24 20 at
3440 314 36 21 the
3495 314 77 21 former

3015 342 78 24 church
3102 349 12 15 a
3123 343 59 27 great
3190 343 87 21 amount
3285 340 23 23 of
3317 340 51 23 time
3375 340 42 24 and
3426 340 81 24 trouble
3517 342 56 21 must

3015 372 53 22 have
3080 371 50 22 been
3142 369 107 28 expended
3267 377 27 14 on
3314 369 35 22 the
3367 370 134 22 decorations.
3528 369 44 22 The

3015 399 66 21 result
3100 405 41 13 was
3164 397 67 21 worth
3251 396 24 27 it,
3291 403 22 14 as
3332 397 36 21 the
3387 398 60 19 effect
3466 403 40 14 was
3523 403 49 19 very

3016 424 108 22 beautiful.
3153 424 31 21 At
3193 424 36 21 the
3238 424 94 21 Catholic
3336 424 77 21 church
3419 430 27 15 on
3459 424 113 20 Christmas

3017 453 46 25 D«y
3073 452 35 21 the
3117 451 57 22 choir
3188 450 66 22 under
3269 450 33 21 Mr
3312 450 23 22 J.
3353 450 22 23 J.
3394 450 75 22 Woods
3485 450 56 26 (who
3555 450 17 21 is

3018 479 45 22 well
3073 479 76 21 known
3170 484 23 15 as
3210 484 38 15 one
3266 477 23 22 of
3308 477 36 22 the
3363 479 54 20 most
3435 477 137 22 enthusiastic

3017 507 110 21 musicians
3132 506 20 21 in
3160 504 116 33 Lawrenc-j
3283 513 51 19 sang
3339 513 43 13 som
3390 504 4 33 *
3405 512 50 20 very
3462 506 40 20 fine
3508 506 66 20 music

3017 534 122 26 appropiate
3149 535 23 19 to
3183 533 35 20 the
3228 532 88 25 festival,
3325 533 40 20 and
3376 532 36 22 the
3420 532 152 26 congregation*

3017 561 22 23 in
3048 561 29 22 all
3087 561 36 21 the
3132 560 99 22 churches
3239 566 28 15 on
3277 559 47 22 that
3338 560 40 27 day
3389 566 51 14 were
3450 566 49 20 very
3510 560 60 24 large.

3045 590 17 20 A
3073 588 87 22 number
3172 587 22 21 of
3203 587 108 21 Ltwrence
3323 587 73 27 p'ople
3411 588 56 20 weut
3475 593 57 20 away
3541 586 33 22 for

3017 615 37 23 the
3061 615 99 27 holidays,
3170 614 40 22 and
3221 622 21 14 as
3250 621 13 15 a
3277 615 92 25 personal
3379 614 50 24 item
3440 614 10 22 I
3461 621 45 21 may
3516 620 42 16 men-

3017 645 44 21 tion
3070 644 48 21 that
3128 644 32 20 Mr
3170 643 119 26 M'Donald,
3299 643 53 21 from
3361 642 103 27 Dunedin,
3475 643 36 20 has
3521 643 50 20 been

3018 670 131 27 temporarily
3160 670 97 25 relieving
3268 674 22 16 at
3304 670 37 20 the
3349 669 51 21 loail
3417 669 55 21 bank
3487 669 48 21 here
3551 669 21 21 in

3017 699 36 21 the
3069 697 85 22 absence
3172 697 22 21 of
3214 697 31 21 Mr
3265 697 79 26 Hilton,
3365 697 45 21 who
3429 697 11 21 I
3459 696 78 22 believe
3555 696 17 22 is

3016 725 102 21 stationed
3137 724 31 22 for
3184 724 37 22 the
3235 727 81 24 present
3334 725 19 21 in
3370 730 52 21 your
3440 725 63 21 town.
3541 725 32 21 Mr

3017 754 17 20 B
3040 753 52 24 inks,
3104 752 46 20 who
3160 758 40 14 was
3209 752 95 24 formerly
3316 752 99 26 relieving
3428 751 68 21 officer
3504 753 23 19 at
3537 752 36 20 the

3016 780 53 20 S.M.
3092 779 66 21 Court
3179 779 56 24 here,
3254 779 17 19 U
3291 779 44 25 just
3358 785 45 13 now
3426 778 103 21 stationed
3551 779 19 19 in

3017 806 105 25 Dunedin,
3142 805 39 21 and
3201 805 27 20 he
3245 805 48 26 paid
3309 812 24 14 us
3351 812 12 13 a
3382 805 47 20 vicit
3446 804 74 27 during
3538 805 36 21 the

3016 833 100 27 holidays.
3145 833 32 21 He
3188 831 17 23 is
3218 831 83 28 looking
3313 839 22 14 as
3344 831 46 22 well
3400 840 21 13 as
3433 838 49 16 ever
3491 833 40 21 and
3542 832 32 22 his

3017 860 48 22 visit
3076 868 39 14 wa«
3125 867 49 18 very
3185 860 95 21 welcome
3287 862 22 19 to
3318 866 12 15 a
3337 860 54 27 large
3400 860 50 21 cicle
3457 859 22 22 of
3488 860 83 22 friends.

3041 889 44 21 Th-!
3099 888 123 21 Caledonian
3239 887 71 26 Sports
3325 887 48 20 here
3389 894 26 14 on
3431 888 80 25 Boxing
3528 888 45 26 Day

3017 923 41 13 was
3071 923 13 13 a
3099 923 48 12 verv
3162 915 86 25 popular
3263 916 67 20 event,
3348 920 26 15 an
3389 914 99 20 immense
3503 915 67 20 crowd

3017 943 85 25 turning
3118 944 38 20 out
3173 942 33 21 for
3222 941 63 22 them.
3318 941 45 21 The
3377 941 70 26 manly
3461 947 75 21 games,
3552 949 22 13 as

3017 970 66 24 u«ual,
3094 970 65 21 called
3168 968 56 23 forth
3235 969 51 21 keen
3300 968 142 26 competition,
3454 962 46 32 but,
3515 975 22 14 as
3547 975 27 15 n-*

3017 998 80 22 records
3107 1004 53 15 were
3169 996 85 28 broken,
3273 996 10 22 I
3297 995 75 22 refrain
3389 995 53 22 from
3459 995 64 28 filling
3539 1002 35 22 my

3017 1026 63 21 letter
3089 1026 50 21 with
3148 1033 26 14 an
3184 1024 150 26 uninteresting
3348 1024 35 21 list
3391 1024 23 20 of
3423 1029 13 15 n
3439 1029 61 16 -mes.
3527 1024 45 21 The

3017 1053 77 24 bicye'e
3116 1055 73 18 events
3212 1051 76 25 proved
3311 1052 36 19 the
3367 1052 53 18 most
3442 1050 131 26 interesting.

3018 1079 86 25 Cycling
3112 1079 37 20 has
3182 1077 77 25 caught
3316 1076 95 25 properly
3421 1076 21 19 in
3452 1076 65 19 Liwn
3525 1083 45 16 nc-\

3020 1105 41 22 and
3074 1111 54 21 now,
3147 1104 80 23 besides
3243 1108 109 17 numerous
3370 1102 112 22 accessions
3501 1105 22 19 to
3542 1102 35 23 the

3021 1133 87 22 number
3116 1134 23 20 of
3151 1132 117 27 gentlemen
3281 1132 71 25 riders,
3368 1130 76 22 several
3455 1129 64 24 lui-s
3529 1138 48 20 may

3021 1161 24 21 be
3055 1167 47 15 seen
3113 1160 87 24 bowling
3205 1158 61 27 along
3281 1165 26 14 on
3322 1158 55 21 their
3393 1158 111 23 machines.
3532 1159 44 21 Tie

3019 1188 90 22 exercise
3115 1188 17 20 is
3150 1187 63 27 likely
3229 1188 23 20 to
3267 1186 82 22 become
3359 1192 49 20 very
3422 1186 88 25 popu'ar
3520 1186 57 26 here,

3021 1215 109 25 espfcially
3143 1216 95 24 amongst
3252 1214 35 19 the
3300 1214 40 19 fair
3352 1219 44 14 sex.
3422 1212 29 20 Of
3461 1219 71 14 course
3541 1213 37 21 the

3020 1242 67 26 sports
3095 1240 112 22 conc'uded
3217 1240 49 21 with
3276 1240 37 20 the
3318 1238 111 22 inevitable
3435 1238 64 22 dance
3509 1239 21 22 in
3541 1238 37 22 the

3021 1268 93 26 evening.
3141 1268 12 22 I
3163 1275 41 13 was
3218 1268 36 20 not
3263 1268 91 25 present,
3370 1266 37 21 but
3414 1266 18 21 it
3443 1273 40 14 was
3492 1266 63 22 voted
3564 1273 13 14 a

3021 1295 100 27 thorough
3132 1302 79 14 succ-ss
3219 1295 28 26 by
3257 1294 59 22 those
3326 1290 46 24 who
3382 1301 60 14 were.

3047 1323 10 21 I
3068 1325 55 18 must
3130 1329 37 19 say
3176 1322 59 20 there
3245 1322 16 20 is
3276 1328 13 13 a
3297 1320 84 21 terrible
3392 1320 44 21 lack
3447 1321 22 21 of
3478 1324 47 17 anv<
3530 1321 49 25 hing

3021 1349 42 21 like
3072 1348 114 26 enterprise
3196 1355 23 14 or
3299 1348 64 20 about
3372 1354 38 13 our
3419 1348 80 26 people,
3511 1355 69 17 young

3021 1382 24 14 or
3053 1375 34 21 old
3102 1375 59 21 down
3181 1375 55 21 here.
3262 1374 45 22 The
3325 1374 52 21 Blue
3393 1374 54 26 Spur
3462 1375 97 25 supports
3568 1380 11 14 a

3022 1402 57 20 bAss
3097 1402 55 20 band
3161 1402 32 19 for
3207 1408 33 18 us,
3250 1408 30 17 or,
3299 1401 11 20 1
3320 1407 94 19 suppose,
3432 1407 30 13 we
3477 1399 104 21 shouldn't

3023 1428 52 21 hive
3085 1434 38 15 one
3132 1429 22 19 at
3169 1428 36 24 all,
3215 1428 40 21 We
3269 1433 35 15 are
3313 1426 75 21 unable
3403 1429 23 18 to
3435 1426 52 26 keep
3497 1433 12 14 a
3518 1426 63 27 single

3024 1455 84 21 music*!
3132 1453 221 28 society—orchestral,
3371 1454 97 26 operatic,
3490 1460 25 15 or
3533 1453 34 22 har-

3024 1483 67 21 monic
3100 1482 49 22 club
3158 1482 68 26 going,
3236 1482 40 21 and
3286 1481 36 21 the
3331 1481 50 26 only
3390 1481 111 21 recreation
3511 1480 20 22 in
3542 1481 37 21 the

3023 1510 60 26 place
3090 1508 84 23 -tennis
3183 1509 41 21 and
3234 1508 155 26 bowling—'bis
3402 1515 48 19 year
3459 1508 57 21 show
3525 1507 54 27 signs

3024 1536 21 22 of
3059 1544 10 13 a
3086 1536 73 27 falling
3175 1536 37 22 off.
3238 1536 46 21 Our
3299 1535 133 27 Ath*Dteum,
3447 1542 39 14 one
3504 1535 23 20 of
3544 1534 36 22 the

3023 1565 46 21 best
3078 1564 129 21 institutions
3221 1563 22 21 of
3256 1563 36 21 the
3306 1562 49 21 kind
3369 1562 21 20 in
3404 1569 41 19 any
3454 1563 125 26 up-country

3024 1593 54 19 town
3089 1591 20 21 in
3121 1591 50 21 New
3185 1589 97 27 Zealand,
3295 1589 42 21 and
3351 1589 65 21 which
3426 1589 17 21 is
3456 1589 52 26 kept
3516 1595 30 20 up
3555 1589 23 21 at

3023 1621 57 24 great
3097 1625 96 20 expense,
3208 1618 18 21 is
3240 1624 56 15 more
3311 1623 24 15 or
3344 1617 40 21 less
3400 1616 84 27 wasted,
3499 1623 22 14 as
3538 1616 36 21 the

3023 1646 70 25 public
3101 1646 22 20 of
3133 1645 108 21 Lawrence
3254 1645 18 20 is
3281 1646 37 19 not
3327 1651 12 13 a
3352 1644 83 25 reading
3443 1643 136 25 community.

3023 1672 50 21 This
3082 1673 17 19 is
3108 1673 38 19 not
3154 1678 22 14 as
3185 1672 16 20 it
3210 1671 75 21 should
3298 1671 32 25 b°,
3342 1670 40 21 and
3391 1671 11 20 I
3415 1670 79 20 believe
3503 1670 17 20 it
3529 1671 48 21 only

3024 1699 90 26 requires
3126 1706 12 13 a
3152 1699 40 20 few
3201 1698 82 27 lending
3301 1697 71 27 spirits
3386 1697 21 21 of
3416 1696 36 22 kbe
3466 1696 56 27 right
3537 1698 43 19 sort

3023 1728 22 19 to
3055 1726 39 22 call
3103 1726 57 22 forth
3174 1726 36 21 the
3224 1725 67 22 latent
3303 1724 65 22 talent
3377 1724 21 22 in
3407 1724 98 22 different
3515 1723 52 23 direc-

3023 1754 60 27 tions,
3095 1753 48 28 and,
3154 1753 20 23 in
3183 1753 41 22 this
3234 1760 68 17 respec
3304 1755 8 12 f
3315 1770 5 9 ,
3330 1752 11 22 I
3351 1752 77 22 believe
3440 1758 29 15 we
3478 1758 37 16 can
3525 1758 39 16 com-

3022 1784 48 23 pete
3080 1781 50 21 with
3140 1788 40 19 any
3189 1783 54 19 town
3254 1780 22 22 of
3284 1787 38 14 our
3331 1780 47 22 size.

3048 1809 74 20 Before
3133 1808 75 23 closing
3217 1808 59 20 allow
3285 1814 31 14 me
3325 1809 23 18 to
3358 1807 49 20 wish
3417 1813 53 20 your
3478 1807 50 20 staff
3537 1806 40 21 and

3022 1836 81 21 readers
3111 1835 35 22 the
3154 1835 150 25 Compliments
3313 1833 22 22 of
3347 1833 35 22 the
3391 1834 83 26 Season,

3142 1915 180 44 Cromwell
3349 1915 114 44 Notes.

3161 2001 61 25 (Own
3236 1999 207 26 Correspondent.)

3048 2036 45 21 The
3114 2036 45 22 first
3182 2035 140 27 performance
3340 2034 20 23 cf
3382 2034 36 21 the
3435 2041 61 19 opera
3521 2033 60 22 ''Lea

3025 2063 88 22 Cloohes
3123 2064 26 20 de
3311 2062 50 21 took
3376 2061 57 26 place
3443 2068 26 13 on
3480 2061 102 27 Saturday

3024 2091 67 26 night.
3118 2090 66 21 There
3196 2096 40 14 wag
3245 2096 13 14 a
3267 2096 48 20 very
3327 2089 49 25 Rood
3386 2088 72 25 house,
3473 2088 108 26 composed

3024 2118 75 26 mostly
3109 2117 23 20 of
3141 2116 50 21 l«>cal
3201 2116 80 27 people,
3290 2111 101 27 although
3404 2114 8 21 I
3428 2111 36 24 did
3476 2114 50 21 hear
3535 2114 23 22 of
3570 2121 12 14 a

3025 2144 87 21 number
3121 2144 22 20 of
3156 2143 82 21 visitors
3258 2144 53 20 from
3330 2142 64 26 Clyde
3413 2141 61 26 being
3493 2144 87 22 present.

3024 2171 43 21 The
3079 2171 94 25 proceed-
3185 2170 112 21 amounted
3307 2171 23 20 to
3344 2175 50 16 over
3411 2167 48 28 £2O,
3478 2168 39 21 but
3532 2168 49 25 they

3024 2199 75 23 expect
3107 2199 23 18 to
3139 2197 26 22 do
3174 2196 54 24 fully
3241 2197 59 21 twice
3309 2203 22 15 as
3340 2196 46 21 well
3396 2202 25 15 on
3440 2195 88 25 Monday
3542 2195 39 20 and

3024 2224 102 26 Tuesday,
3137 2224 58 20 when
3206 2224 59 20 there
3271 2223 41 21 will
3320 2224 25 21 be
3354 2230 12 13 a
3373 2221 88 24 number
3469 2222 23 20 of
3501 2221 81 22 visitors

3024 2252 20 20 in
3055 2251 37 20 the
3111 2251 80 20 district
3206 2252 23 19 to
3246 2257 34 14 see
3297 2250 35 21 the
3349 2256 63 15 races.
3441 2249 25 21 In
3475 2255 35 18 my
3520 2248 40 21 last.
3572 2248 10 21 I

3024 2277 122 26 prophesied
3155 2283 25 14 an
3193 2276 108 27 enjoyable
3309 2277 52 22 time
3371 2277 23 19 to
3403 2275 28 22 all
3441 2275 46 24 who
3496 2276 56 19 went
3561 2276 22 18 to

3023 2311 34 16 see
3066 2304 43 21 this
3118 2310 69 19 opera,
3198 2304 41 20 and
3253 2310 35 18 my
3306 2302 103 27 prophecy
3428 2309 41 14 was
3487 2301 95 22 fulfilled.

3023 2331 44 21 The
3078 2330 73 22 second
3161 2331 35 20 act
3210 2330 10 21 I
3231 2330 91 27 thought
3330 2329 110 28 especially
3455 2330 79 26 pretty,
3547 2327 36 22 the

3024 2358 42 22 hall
3078 2358 66 28 lamps
3159 2358 61 26 being
3229 2357 151 28 extinguished,
3393 2357 66 25 whiph
3469 2356 84 22 showed
3562 2357 21 20 to

3023 2387 115 26 advantage
3152 2386 37 20 the
3206 2392 63 19 many
3278 2385 95 24 coloured
3383 2385 91 20 lanterns
3490 2384 40 20 and
3546 2384 36 19 the

3023 2413 81 21 torches
3113 2412 49 22 held
3170 2412 28 26 by
3215 2412 37 25 the
3264 2412 50 27 girls
3331 2411 41 22 and
3390 2418 47 16 men
3457 2410 57 23 when
3533 2409 49 27 they

3024 2441 55 21 went
3091 2441 23 19 to
3123 2439 83 27 explore
3224 2439 38 21 the
3281 2439 6 10 4
3288 2438 6 15 '
3304 2438 92 22 haunted
3539 2437 44 21 The

3022 2467 64 21 dance
3096 2467 23 20 at
3130 2466 36 20 the
3177 2467 96 21 entrance
3281 2466 22 20 of
3313 2466 36 20 the
3363 2465 56 21 third
3438 2466 34 19 act
3487 2471 40 14 was
3540 2464 43 19 also

3023 2500 50 21 very
3092 2494 76 26 pretty.
3205 2492 45 22 The
3267 2492 112 27 principals
3396 2499 54 16 were
3468 2498 50 18 very
3531 2490 51 26 good

3023 2520 144 27 throughout;
3192 2519 41 23 and
3255 2519 38 23 the
3309 2519 99 23 audience
3426 2518 81 23 showed
3529 2517 54 22 their

3022 2547 141 28 appreciation
3172 2547 29 27 by
3213 2547 99 27 applause
3330 2547 41 21 and
3389 2547 37 21 the
3444 2545 104 27 throwing
3560 2545 22 21 of

3024 2582 55 15 some
3088 2574 65 26 really
3165 2576 71 26 pretty
3246 2574 103 27 bouquets
3358 2573 22 23 of
3389 2574 84 22 flowers.

3048 2603 45 21 Our
3111 2602 109 21 cricketers
3244 2601 114 27 journeyed
3385 2603 22 18 to
3431 2600 103 21 Lowburn
3555 2606 27 14 on

3022 2629 77 26 Friday
3109 2629 40 21 last
3158 2630 22 20 to
3190 2628 49 27 play
3248 2635 12 14 a
3270 2627 69 22 match
3347 2627 80 26 against
3437 2627 36 21 the
3479 2626 103 22 Lowburn

3022 2655 84 23 Ciicket
3115 2655 62 23 Club.
3205 2655 22 22 It
3236 2662 41 15 was
3290 2662 12 15 a
3321 2662 51 19 very
3388 2653 111 28 en'oya'r-le
3516 2660 64 20 game,

3021 2683 41 22 and
3079 2683 37 22 the
3140 2683 126 22 excitement
3289 2682 90 22 towards
3402 2681 39 22 the
3462 2681 60 21 finish
3541 2688 41 14 was

3020 2711 88 24 intense,
3120 2710 37 22 the
3172 2709 143 23 Lowburnites
3511 2708 71 26 loudly

3021 2738 32 21 for
3062 2738 56 21 their
3128 2744 54 20 men,
3192 2744 23 14 as
3224 2737 52 25 they
3288 2737 49 23 only
3356 2736 41 21 had
3417 2736 68 25 thirty
3494 2735 89 21 minutes

3021 2766 23 20 to
3052 2764 67 22 knock
3127 2771 29 18 up
3165 2765 87 25 seventy
3260 2763 48 22 four
3314 2770 57 19 runs,
3382 2762 70 22 which
3460 2762 51 26 they
3520 2761 62 23 failed

3021 2793 21 19 to
3054 2791 35 26 do,
3099 2791 37 22 the
3144 2791 109 22 Cromwell
3267 2791 49 26 boys
3329 2790 51 22 thus
3393 2789 64 28 going
3473 2789 61 23 home
3542 2788 30 24 vic-

3022 2819 80 21 torious
3111 2819 28 26 by
3147 2819 72 21 fifteen
3233 2824 55 15 runs.

3196 2895 211 43 Piscatorial.

3192 2981 53 34 (By
3265 2977 145 38 Minnow.)

3050 3026 33 21 Mr
3092 3024 106 23 Fairbairn
3216 3024 42 21 had
3270 3031 12 15 a
3298 3024 74 27 capital
3389 3024 59 27 day's
3464 3024 75 27 fishing
3556 3031 25 14 on

3025 3054 81 25 Boxing
3114 3052 47 27 Day
3179 3051 41 22 and
3229 3052 85 21 secured
3323 3059 11 14 a
3349 3051 113 23 well-filled
3475 3051 74 22 basket
3561 3052 20 21 of

3025 3081 45 20 niee
3079 3081 65 20 trout.

3050 3108 32 20 On
3093 3107 35 20 the
3135 3106 50 21 28th
3194 3106 76 21 Messrs
3278 3106 132 21 Winchester
3421 3105 41 22 and
3472 3106 55 21 Cock
3530 3106 52 21 burn

3026 3141 53 15 were
3088 3135 44 26 out,
3142 3133 42 21 and
3194 3132 41 22 had
3245 3133 50 27 good
3303 3133 96 27 sport,24
3412 3133 40 21 fine
3462 3132 57 22 fish-
3526 3132 27 22 all
3562 3132 20 22 of

3025 3161 57 22 them
3101 3161 65 22 above
3183 3167 86 21 average
3284 3161 129 27 siee—being
3431 3160 89 28 grassed.
3550 3160 32 22 Mr

3026 3189 130 21 Winchester
3179 3189 16 21 is
3218 3195 13 14 a
3252 3188 106 22 fortunate
3379 3189 78 26 angler,
3480 3188 41 21 and
3546 3188 36 22 the

3025 3217 93 20 heaviest
3128 3217 58 19 trout
3195 3215 37 21 fell
3241 3217 23 19 to
3271 3215 32 21 his
3313 3216 43 21 rod.

3051 3243 11 22 I
3073 3243 60 21 heard
3144 3242 70 22 rather
3231 3249 13 14 a
3257 3243 52 25 good
3326 3242 74 27 fish'rg
3413 3249 52 20 yarn
3480 3241 36 22 the
3525 3242 60 22 other

3025 3270 48 27 day,
3083 3269 66 23 which
3159 3269 37 22 has
3205 3269 36 22 the
3251 3270 60 21 merit
3320 3269 22 22 of
3351 3269 61 27 being
3422 3269 36 22 the
3469 3269 70 22 actual
3551 3277 21 14 ex-

3026 3298 93 27 perience
3136 3297 22 21 of
3166 3304 13 14 a
3194 3297 50 21 local
3259 3297 77 26 angler.
3364 3297 34 21 He
3415 3304 41 14 was
3476 3298 38 20 out
3533 3297 51 21 with

3025 3333 56 15 some
3091 3325 69 22 others
3168 3324 105 28 whipping
3284 3324 36 22 the
3328 3324 73 23 Teviot
3412 3327 85 26 stream,
3507 3325 40 22 and
3558 3332 26 15 on

3025 3355 84 23 making
3117 3360 10 13 a
3139 3355 43 19 cast
3190 3353 27 20 he
3223 3360 40 13 was
3274 3353 106 20 fortunate
3387 3353 80 24 enough
3478 3357 21 15 to
3509 3353 53 20 hook
3572 3360 12 12 a

3026 3380 75 21 twelve
3111 3379 101 26 pounder.
3240 3379 62 21 After
3308 3379 83 26 playing
3401 3379 37 21 the
3447 3379 37 21 fish
3495 3379 32 21 for
3532 3379 53 25 fully

3026 3407 45 21 half
3079 3414 27 14 ao
3116 3406 52 22 hour
3178 3405 36 22 the
3223 3405 41 23 line
3272 3413 51 20 gave
3338 3413 53 20 way,
3402 3405 39 23 and
3452 3406 58 22 there
3519 3410 22 18 at
3548 3405 36 23 the

3025 3435 79 19 bottom
3114 3434 23 20 of
3146 3434 36 20 the
3196 3434 76 20 stream
3287 3433 34 26 lay
3330 3433 37 21 the
3384 3433 96 27 speckled
3501 3434 83 25 beauty,

3024 3461 69 27 partly
3102 3460 98 27 disabled,
3209 3460 51 21 with
3269 3467 13 14 a
3295 3461 59 21 three
3366 3461 51 26 yard
3427 3462 44 20 cast
3479 3460 105 26 attached,

3024 3489 29 20 To
3066 3489 67 20 divest
3143 3488 82 20 himself
3234 3488 23 21 of
3266 3490 47 24 part
3321 3488 23 21 of
3351 3488 33 21 his
3396 3488 93 26 clothing
3499 3495 40 14 was
3549 3487 36 21 the

3026 3515 54 22 work
3089 3515 22 20 of
3119 3522 12 13 a
3141 3515 39 20 few
3190 3515 84 21 seconds
3286 3515 33 20 for
3327 3522 38 14 onr
3380 3515 117 27 fisherranu,
3507 3516 41 20 and
3559 3514 26 21 he

3024 3549 41 16 was
3073 3543 45 27 just
3126 3542 20 22 in
3153 3542 36 21 the
3199 3543 33 20 act
3244 3542 22 22 of
3277 3542 101 23 raakinza
3390 3542 55 28 dive,
3457 3542 128 22 determined

3024 3572 22 19 to
3055 3577 70 14 secure
3133 3570 47 21 that
3188 3570 38 21 fish
3234 3572 23 19 at
3264 3570 28 21 all
3301 3570 100 25 hazards;
3412 3570 67 26 when,
3489 3570 21 21 lo
3519 3572 5 19 !
3536 3570 49 21 with

3023 3604 12 13 a
3045 3598 69 20 gentle
3123 3599 118 18 movement
3258 3597 22 20 of
3299 3598 28 20 fin
3349 3598 41 19 and
3408 3597 46 27 tail,
3473 3597 37 20 the
3528 3598 57 19 trout

3024 3624 99 21 vanished
3133 3624 46 21 into
3185 3631 10 13 a
3202 3623 52 26 deep
3264 3624 53 26 pool.
3346 3624 54 21 Such
3408 3631 36 14 are
3455 3624 37 21 the
3497 3631 39 18 ups
3544 3623 41 22 and

3024 3651 71 21 downs
3102 3651 23 21 of
3133 3657 26 15 an
3175 3650 87 26 angler's
3277 3651 149 22 career—from
3445 3650 36 21 the
3496 3651 60 25 hight
3565 3650 20 21 of

3023 3680 127 25 expectancy
3166 3679 23 20 to
3199 3678 36 21 the
3248 3678 67 28 depth
3328 3678 23 21 of
3367 3678 180 28 disnapointment,
3557 3677 27 22 all

3023 3706 20 20 in
3052 3713 13 13 a
3075 3707 91 19 moment

3024 3786 198 44 Orchestral
3253 3786 175 51 Society's
3452 3786 131 42 Sacred

3219 3842 159 42 Concert.

3057 3929 58 29 The
3128 3929 96 30 sacred
3236 3933 123 32 concert,
3384 3930 85 38 given
3495 3930 88 30 under

3020 3971 49 29 the
3106 3970 126 38 auspices
3269 3970 30 27 of
3336 3970 48 28 the
3424 3970 159 29 Orchestral

3023 4010 111 38 Society
3156 4012 30 26 at
3198 4009 47 29 the
3269 4009 167 29 Athenaeum
3461 4010 67 28 Hall
3546 4021 35 19 on

3022 4050 153 29 Christmas
3196 4049 91 38 night,
3302 4059 56 19 was
3381 4049 152 30 somewhat
3553 4049 30 30 of

3020 4101 35 17 an
3067 4089 172 34 innovation,
3253 4099 30 17 as
3299 4089 43 28 far
3360 4100 31 18 as
3410 4089 70 29 local
3495 4090 68 28 musi-

3019 4129 41 31 cal
3074 4128 172 30 institutions
3269 4138 47 20 are
3337 4129 167 36 concerned,
3528 4129 54 29 but

3020 4170 60 29 that
3099 4169 22 28 it
3140 4178 56 19 was
3215 4179 36 17 an
3270 4170 161 36 acceptable
3452 4179 54 18 one
3520 4180 55 17 was

3019 4208 104 40 proved
3149 4208 38 38 by
3212 4207 49 30 the
3288 4218 110 19 success
3422 4208 90 29 which
3535 4211 44 27 atr

3019 4249 101 29 tended
3142 4249 46 28 the
3207 4252 120 25 concert.
3376 4249 90 28 There
3486 4259 55 18 was
3561 4258 17 17 a

3018 4290 53 29 fair
3095 4287 176 36 attendance,
3295 4288 55 29 and
3372 4288 118 37 though,
3504 4298 31 19 as
3556 4289 23 28 is

3019 4332 158 33 customery
3198 4330 31 26 at
3252 4327 66 30 such
3341 4330 136 33 concerts,
3499 4327 80 30 there

3019 4379 55 19 was
3095 4378 35 19 an
3150 4367 118 30 absence
3287 4367 30 29 ot
3335 4377 113 23 encores
3466 4377 32 20 or
3516 4370 63 28 out?

3019 4408 75 30 ward
3108 4407 217 30 demonstration
3336 4407 30 28 of
3374 4407 142 38 approval,
3531 4407 48 29 the

3018 4449 133 29 audience
3172 4456 70 20 were
3261 4446 100 38 highly
3380 4447 197 37 appreciative,

3019 4489 47 27 the
3078 4495 177 31 programme
3269 4486 86 38 being
3367 4485 128 29 followed
3510 4486 67 31 with

3017 4527 144 38 flattering
3206 4525 138 30 attention
3392 4525 182 35 throughout.

3017 4569 61 28 The
3107 4567 141 28 orchestra
3279 4565 91 28 under
3401 4565 47 28 Mr
3479 4565 32 27 T.
3544 4564 31 28 L.

3019 4605 147 35 Morrison,
3186 4604 161 36 conductor,
3367 4602 210 32 sostainecLthe

3019 4646 89 40 major
3126 4645 111 39 portion
3258 4644 30 30 of
3308 4645 48 30 the
3378 4644 87 38 work,
3478 4645 99 40 giving

3020 4688 54 28 five
3093 4685 146 30 selections
3252 4685 27 28 in
3300 4685 47 35 all,
3360 4684 55 29 and
3435 4685 142 39 acquitted

3020 4725 165 32 themselves
3217 4725 28 28 in
3276 4736 16 18 a
3324 4736 69 27 very
3422 4725 153 30 creditable

3019 4777 123 20 manner.
3195 4764 113 31 Several
3333 4765 31 30 of
3389 4765 73 30 their
3485 4766 92 36 items,

3019 4807 67 30 such
3108 4817 31 18 as
3152 4806 47 27 the

3018 4847 56 30 and
3137 4845 100 30 Stabat
3420 4845 155 37 selections,

3019 4896 72 22 were
3103 4885 101 31 indeed
3214 4885 152 31 somewhat
3373 4886 148 30 ambitious
3532 4885 45 32 for

3019 4939 31 18 so
3064 4938 97 27 young
3172 4937 17 17 a
3209 4937 135 27 company
3367 4927 31 29 of
3419 4927 156 35 musicians,

3020 4968 52 29 but
3085 4977 35 19 on
3134 4965 48 30 the
3194 4965 89 30 whole
3303 4966 48 29 the
3363 4965 211 41 interpretation

3020 5008 83 39 given
3125 5016 57 19 was
3203 5018 17 17 a
3241 5017 68 27 very
3329 5007 159 37 intelligent
3513 5016 61 26 one,

3019 5046 55 31 and
3087 5047 48 29 the
3147 5045 82 30 effort
3241 5049 30 27 to
3285 5045 115 30 educate
3408 5046 47 29 the
3468 5046 90 37 perfor-

3019 5097 72 19 mers
3105 5089 28 26 to
3146 5096 17 18 a
3177 5086 100 38 higher
3290 5085 132 29 standard
3434 5085 31 30 of
3478 5085 96 34 music,

3018 5126 54 31 and
3086 5129 30 26 at
3132 5126 47 30 the
3201 5135 75 20 same
3297 5126 68 29 time
3385 5129 29 26 to
3439 5125 65 38 give
3527 5125 47 28 the

3018 5167 134 29 audience
3162 5178 17 17 a
3191 5166 103 29 chance
3313 5166 31 28 of
3355 5166 84 37 again
3459 5164 116 38 hearing

3019 5207 48 29 the
3104 5206 123 28 classical
3274 5204 204 39 masterpieces,
3517 5213 55 18 was

3018 5246 108 38 worthy
3151 5245 31 30 of
3212 5245 47 28 the
3291 5254 110 19 success
3431 5242 141 31 achieved.

3018 5286 114 30 Besides
3153 5286 48 29 the
3225 5285 81 28 items
3332 5283 168 34 mentioned,
3523 5282 48 30 the

3017 5326 142 29 orchestra
3177 5324 59 29 also
3258 5324 100 37 played
3378 5334 17 17 a
3417 5322 93 30 mnrch
3529 5332 29 17 ar-

3018 5364 104 38 ranged
3143 5364 38 36 by
3206 5362 46 28 Mr
3274 5362 147 33 Morrison,
3437 5360 55 28 and
3514 5359 58 28 also

3015 5415 37 18 an
3064 5406 138 33 overture,
3217 5401 48 30 the
3306 5400 104 30 Sacred

3015 5444 91 28 These
3118 5452 72 18 were
3211 5440 164 34 excellently
3394 5440 109 39 played;,
3517 5439 53 28 and

3014 5484 29 28 in
3057 5483 68 34 fact,
3138 5481 47 29 the
3205 5480 88 30 whole
3314 5480 30 28 of
3356 5480 47 29 the
3422 5478 148 30 orchestral

3014 5529 176 31 programme
3221 5519 124 28 afforded
3380 5519 132 29 evidence
3542 5518 31 27 of

3014 5559 148 33 continued
3172 5559 203 39 improvement
3393 5558 55 30 and
3462 5557 30 31 of
3503 5567 48 20 con-

3015 5600 136 31 siderable
3165 5599 120 38 promise
3296 5599 28 27 in
3338 5599 48 29 the
3400 5599 92 28 future
3504 5597 66 28 with

3013 5639 144 31 assiduous
3170 5637 130 39 practice.
3338 5637 67 28 Two
3419 5637 151 28 Christmas

3013 5679 89 29 carols
3137 5677 15 24 ■'
3164 5677 79 30 Hark
3276 5677 48 41 she
3358 5675 94 30 herald
3475 5675 94 32 angrls

3706 179 57 29 and
3814 179 83 29 Jesus
3919 180 22 28 is
4084 185 74 20 were

3601 230 72 30 sung
3698 220 39 41 by
3760 230 17 20 a
3787 219 81 31 small
3892 220 110 35 chorus,
4026 216 58 32 and
4109 215 50 31 the

3600 260 133 30 audience
3753 260 92 29 would
3868 260 95 38 gladly
3980 260 70 28 have
4073 256 87 32 heard

3601 308 75 19 more
3689 299 72 28 carol
3781 299 123 38 singing.
3944 299 58 27 The
4021 297 139 29 favourite

3601 337 67 31 duet
3710 337 139 33 Pulaski's
4022 337 85 40 given
4120 335 39 40 by

3602 379 103 29 Messrs
3719 379 135 29 Bennetts
3871 380 55 29 and
3940 382 36 28 A.
3990 379 168 32 Robertson,

3602 422 55 25 met
3692 419 67 28 with
3791 419 197 38 appreciation,
4023 417 55 30 and
4111 416 47 29 the

3601 458 103 29 former
3734 459 159 38 gentleman
3920 469 56 19 was
4007 457 58 29 also
4090 464 75 29 very

3601 498 150 30 successful
3763 499 30 29 in
3805 500 19 16 **
3833 502 56 27 Too
3909 499 98 36 Late/'
4023 497 87 30 which
4124 496 34 30 he

3602 548 70 29 sang
3684 539 28 27 iu
3726 539 48 27 the
3786 539 101 29 second
3903 545 71 32 part,
4014 535 144 38 Rodney's

3603 578 134 29 beautiful
3757 589 70 28 song
3840 580 19 15 <f
4030 587 54 19 was
4096 575 62 30 well

3602 619 91 29 suited
3713 624 28 24 to
3768 619 67 29 Miss
3859 617 104 32 Uren's
3994 617 86 35 voice,
4103 616 56 31 and

3602 660 49 28 she
3676 668 70 27 gave
3767 660 22 27 it
3816 659 66 28 with
3907 659 55 28 due
3987 658 170 37 expression.

3602 699 85 29 '•The
3702 698 67 30 Lost
3927 696 162 39 (Sullivan's
4103 699 42 26 set-

3603 739 71 38 ting)
3692 749 54 19 was
3765 748 73 27 sung
3859 739 36 37 by
3910 738 48 29 Mr
3977 738 102 28 Dunne
4092 734 68 31 with

3601 787 118 26 success,
3732 777 56 29 and
3805 777 68 28 Miss
3892 779 127 32 Tubman,
4033 777 47 27 the
4093 775 65 37 only

3602 818 81 29 other
3695 817 96 30 soloist
3810 817 31 28 in
3855 817 47 29 the
3922 817 62 28 first
4003 820 72 35 part,
4089 824 71 30 sang

3709 857 70 29 Gate
3807 857 29 28 of
3972 855 78 37 (with
4075 855 85 30 violin

3602 897 167 37 obligatoby
3778 895 46 30 Mr
3835 897 146 33 Morrison)
3995 895 163 37 admirably.

3605 937 33 28 In
3652 937 49 28 the
3717 935 102 30 second
3839 940 64 34 part
3916 935 46 29 Mr
3981 935 105 35 Gillies,
4099 935 63 28 who

3605 987 55 18 was
3673 976 28 28 in
3716 976 73 39 good
3803 976 79 29 voice
3901 986 72 29 gave
4015 975 58 28 The
4087 974 76 40 Holy

3715 1027 17 18 a
3751 1026 72 28 song
3842 1019 29 26 to
3885 1015 90 29 which
3995 1015 35 30 he
4049 1014 49 29 did
4111 1014 51 29 full

3601 1056 111 36 justice.
3751 1055 71 27 Miss
3833 1055 121 33 Waters,
3964 1065 17 16 a
3990 1064 95 27 young

3605 1094 61 29 who
3681 1092 80 31 made
3770 1093 51 29 her
3833 1093 87 29 debut
3932 1096 30 26 at
3972 1093 56 29 this
4041 1095 121 32 concert,

3605 1135 82 29 chose
3701 1134 48 29 the
3765 1134 150 29 somewhat
3937 1134 131 38 exacting
4090 1143 73 27 song

3635 1174 112 29 Eternal
3861 1174 44 29 for
3913 1174 49 29 her
3973 1174 60 29 first
4046 1174 119 28 number

3607 1215 28 26 in
3647 1214 104 38 public,
3764 1213 55 28 and
3828 1214 22 27 it
3862 1215 23 26 is
3899 1217 28 24 to
3940 1215 46 26 her
4002 1213 90 28 credit
4104 1214 62 27 that

3607 1255 49 28 she
3683 1263 57 19 was
3772 1257 51 25 not
3852 1252 217 39 overweighted.
4110 1250 57 31 She

3610 1303 140 32 possesses
3762 1303 17 18 a
3792 1293 112 29 flexible
3914 1302 119 28 soprano
4046 1291 78 30 voice
4137 1290 30 30 of

3609 1332 190 33 considerable
3810 1342 86 27 range
3907 1332 55 28 and
3973 1331 74 39 good
4061 1330 107 38 quality

3609 1374 54 29 and
3685 1371 67 29 with
3773 1372 138 27 attention
3931 1375 29 24 to
3980 1370 187 36 enunciation,

3609 1412 55 31 and
3678 1411 80 30 other
3772 1410 135 29 technical
3929 1410 112 29 musical
4062 1409 101 40 points,

3610 1455 47 28 she
3680 1452 50 28 has
3751 1461 18 17 a
3795 1450 154 38 promising
3974 1452 94 30 future
4092 1460 32 20 as
4148 1461 17 18 a

3609 1492 116 31 vocalist
3773 1490 69 28 Miss
3861 1490 112 28 Manuel
3993 1500 70 28 gave
4105 1490 61 32 Thft

3609 1534 67 29 Last
3874 1530 65 32 with
3955 1530 80 32 much
4048 1530 113 39 feeling,

3608 1574 49 28 her
3669 1570 185 39 sympathetic
3872 1570 78 29 voice
3962 1570 120 38 entirely
4094 1570 68 30 suit*

3608 1614 49 37 ing
3670 1612 46 29 the
3734 1621 80 28 song,
3827 1609 55 33 and
3903 1609 60 29 Mrs
3983 1609 111 30 Waters
4107 1620 56 18 was

3607 1652 110 40 equally
3740 1650 92 37 happy
3860 1649 28 29 in
3911 1650 51 31 her
3984 1649 132 30 selection
4136 1649 31 30 of

3607 1696 9 16 f
3635 1692 58 28 The
3704 1690 66 32 Last
3958 1688 69 33 Miss
4043 1688 122 30 Ormond

3609 1730 127 43 presided
3763 1733 30 27 at
3817 1730 49 28 the
3889 1729 91 39 piano,
4012 1728 58 33 and
4100 1729 65 39 ably

3607 1771 118 32 assisted
3737 1771 67 30 both
3815 1770 47 29 the
3871 1770 108 39 singers
3989 1770 54 32 and
4053 1770 109 28 orches*

3609 1818 51 28 tra,
3701 1812 40 29 As
3753 1821 17 18 a
3783 1810 80 30 finale
3875 1810 48 29 the
3935 1809 121 36 anthem,
4071 1811 18 17 (f
4101 1808 62 30 God

3609 1863 64 20 save
3697 1852 47 31 the
3913 1858 53 22 was
3980 1859 71 27 sung
4065 1849 37 38 by
4115 1849 48 28 the

3610 1900 144 30 company,

3648 1930 124 35 Mention
3783 1929 30 30 of
3821 1929 47 33 the
3881 1929 181 35 decorations,
4074 1928 88 30 which

3610 1983 70 18 were
3694 1970 97 39 highly
3812 1969 115 36 artistic,
3952 1973 74 24 must
4047 1969 57 28 also
4127 1969 35 28 bo

3610 2011 87 34 made,
3738 2009 74 31 Over
3830 2009 47 31 the
3890 2009 172 38 proscenium
4078 2018 54 19 was
4147 2018 17 19 a

3610 2051 153 33 Christmas
3773 2049 138 39 greeting,
3921 2049 46 28 the
3976 2048 95 31 letters
4080 2048 84 37 being

3609 2089 148 41 composed
3778 2089 30 32 of
3830 2089 46 36 ivy
3901 2089 99 34 leaves,
4023 2087 80 29 while
4125 2089 39 27 toi

3610 2131 63 34 tois,
3687 2129 83 33 nifcau
3786 2128 97 37 palms,
3897 2128 94 33 ferms,
4003 2126 56 29 and
4073 2127 91 28 wheat

3610 2171 114 27 sheaves
3748 2177 72 20 were
3833 2167 112 38 pressed
3967 2166 59 29 into
4039 2165 48 30 the
4107 2176 57 19 ser»

3610 2209 61 30 vice
3703 2211 28 26 to
3759 2207 136 38 complete
3920 2207 47 28 the
3992 2205 172 29 decorations

3610 2249 86 28 about
3709 2247 47 32 the
3772 2250 88 35 stage.
3901 2245 116 32 Fortius
4030 2245 76 28 work
4117 2245 47 27 the

3610 2296 136 29 company
3788 2295 71 20 were
3897 2284 131 29 indebted
4060 2287 29 25 to
4120 2284 47 29 Mr

3615 2325 112 35 PenneU
3739 2324 55 31 and
3808 2334 75 21 some
3897 2324 102 38 willing
4011 2323 154 34 assistants,

3651 2367 169 37 Financially
3841 2367 46 28 the
3901 2369 111 25 concert
4031 2374 54 22 was
4099 2374 66 23 very

3614 2406 160 35 successful,
3788 2405 55 29 and
3863 2405 48 29 the
3923 2403 131 39 proceeds
4068 2402 99 32 should

3614 2447 71 29 form
3704 2457 17 17 a
3741 2445 165 32 substantial
3925 2443 125 32 addition
4069 2445 29 28 to
4119 2442 47 32 tho

3614 2485 129 38 society's
3759 2484 93 30 funds.

3755 2568 128 53 Mining
3915 2567 113 45 Notes.

3652 2653 112 35 Several
3795 2653 31 30 of
3857 2652 48 30 the
3939 2650 121 39 dredges
4082 2649 85 39 being

3614 2695 93 33 closed
3727 2695 80 29 down
3822 2694 30 33 in
3870 2700 189 32 consequence
4077 2690 31 30 of
4120 2690 47 29 tho

3613 2737 134 36 holidays,
3773 2733 48 30 the
3842 2736 111 27 returns
3977 2735 30 25 to
4032 2731 64 29 date
4120 2740 48 20 are

3611 2775 152 31 somewhat
3775 2775 88 30 scant.

3649 2815 59 29 The
3720 2812 154 38 Roxburgh
3887 2810 131 38 dredge's
4030 2812 96 28 return
4138 2811 31 26 to

3612 2858 29 27 to
3654 2854 48 31 the
3714 2854 70 29 24th
3803 2852 65 29 inst.
3887 2851 45 34 for
3949 2850 64 33 four
4022 2850 70 42 days
4111 2858 56 20 was

3611 2896 51 29 4oa
3678 2894 116 33 Udwts,

3647 2940 14 23 'I
3670 2935 36 29 he
3718 2933 134 30 Ettrick's
3862 2932 99 29 rhturn
3975 2930 44 29 for
4032 2929 47 32 the
4092 2939 75 21 samo

3609 2975 97 38 period
3718 2983 56 20 was
3789 2974 68 31 18op
3871 2972 125 29 13d-wtß».
4114 2996 21 9 «.
4146 2972 13 5 ~

3648 3013 60 29 The
3721 3012 106 29 Golden
3841 3010 158 32 Treasure's
4014 3014 95 26 return
4122 3010 44 29 for

3611 3053 48 29 the
3683 3052 77 31 week
3779 3051 106 37 ending
3902 3050 124 39 Monday
4045 3050 120 39 evening

3612 3092 120 39 evening
3746 3091 54 29 hist
3812 3101 54 19 was
3878 3092 46 28 270
3924 3092 32 28 a.

3647 3132 61 29 The
3730 3130 106 31 Golden
3859 3130 63 30 Run
3949 3129 118 39 sluicing
4087 3128 81 31 claim

3613 3173 109 29 washed
3732 3183 38 28 up
3782 3183 35 18 on
3839 3171 120 37 Monday
3981 3171 42 28 for
4042 3170 124 32 170z12~

3613 3214 71 27 dwts
3699 3212 74 39 7grß.
3812 3212 89 28 There
3920 3212 50 27 has
3982 3211 70 27 been
4066 3220 16 18 a
4095 3220 55 18 scar-

3614 3253 56 37 city
3685 3253 29 29 of
3734 3254 87 27 water
3840 3251 28 30 in
3889 3251 55 29 this
3967 3249 79 33 claim
4073 3249 92 38 lately,

3614 3292 54 30 and
3682 3292 55 30 had
3749 3292 24 29 it
3791 3295 50 26 not
3859 3292 69 28 been
3948 3291 45 28 for
4011 3289 55 29 this
4085 3299 82 19 cause

3615 3334 23 29 it
3649 3334 24 29 is
3687 3332 133 40 expected
3834 3332 47 30 the
3889 3335 94 26 return
3993 3329 90 30 would
4095 3328 70 30 have

3614 3374 69 28 been
3697 3372 103 30 double
3812 3372 61 29 that
3886 3374 122 29 amount,
4048 3372 3 31 .

3650 3414 59 28 The
3723 3412 106 30 Golden
3841 3411 69 29 Gate
3923 3408 148 40 Dredging
4091 3407 78 31 Co.'a

3612 3456 96 29 return
3740 3452 44 30 for
3815 3452 49 29 the
3895 3449 139 39 fortnight
4062 3447 105 39 ending

3616 3493 123 38 Monday
3753 3502 55 19 was
3821 3492 69 29 87oz
3904 3490 89 30 6dwts
4006 3489 93 38 18grs.

3651 3533 27 32 A
3690 3532 131 30 dividend
3835 3532 30 30 of
3878 3532 32 29 2s
3923 3530 37 30 6d
3975 3530 49 30 has
4037 3529 69 30 been
4121 3528 32 32 de-

3614 3574 91 29 clared
3718 3573 29 29 in
3761 3572 48 29 the
3819 3572 107 30 Golden
3937 3570 71 30 Gate
4020 3569 148 38 Dredging

3614 3613 61 36 Co,
3687 3612 56 30 and
3756 3613 32 29 2s
3801 3612 29 29 in
3843 3612 48 28 the
3902 3610 107 30 Golden
4023 3609 144 36 Treasure,

3613 3652 117 40 payable
3743 3662 36 20 on
3796 3651 121 38 Monday
3927 3650 48 30 the
3988 3649 50 30 4th
4051 3659 78 29 prox.

3650 3692 59 31 The
3744 3692 133 31 directors
3914 3690 30 30 of
3977 3690 47 31 the
4059 3689 110 34 Ettrick

3614 3733 149 38 Dredging
3782 3729 49 33 Co.
3854 3732 64 29 held
3936 3742 17 17 a
3972 3730 123 37 meeting
4115 3729 55 29 last

3614 3772 147 38 Thursday
3769 3772 130 37 evening,
3908 3774 29 26 at
3952 3770 46 29 the
4007 3769 163 37 secretary's

3614 3812 88 34 office,
3729 3810 164 38 Roxburgh,
3916 3810 81 28 when
4022 3809 68 36 they
4122 3808 32 28 de-

3616 3850 92 31 clared
3722 3861 18 19 a
3758 3849 131 29 dividend
3909 3848 31 29 of
3963 3849 28 27 Is
4003 3847 119 38 payable
4134 3857 35 18 on

3614 3892 47 28 the
3671 3890 49 29 6th
3729 3889 132 37 January.
3901 3887 59 29 The
3969 3886 133 29 directors
4110 3886 59 29 also

3614 3929 127 36 decided,
3748 3939 31 18 as
3791 3926 158 31 authorised
3960 3926 37 37 by
4006 3925 47 29 the
4065 3925 100 28 annual

3614 3970 133 38 meeting,
3778 3971 29 26 to
3832 3967 77 38 place
3932 3965 47 30 the
4008 3964 159 38 company's

3613 4012 131 37 property
3767 4007 88 31 under
3875 4006 60 34 firm
3958 4004 77 34 offer,
4059 4003 43 28 for
4123 4002 43 29 six

3611 4049 121 34 months,
3746 4050 29 27 to
3794 4047 47 30 the
3862 4042 196 33 Christchurch
4071 4040 78 40 syndi-

3609 4092 71 32 cate,
3693 4088 63 29 who
3769 4087 69 30 have
3860 4086 69 28 been
3953 4083 113 37 making
4086 4091 62 20 over-

3609 4131 75 27 tures
3703 4130 30 27 to
3754 4127 77 29 them
3847 4125 43 30 for
3911 4124 47 30 the
3979 4122 134 40 purchase
4134 4120 30 30 of

3608 4168 73 29 their
3710 4167 81 29 claim
3822 4169 30 28 at
3882 4176 17 18 a
3930 4164 65 33 pash
4026 4161 76 39 price
4132 4160 30 30 of

3607 4207 133 36 £15,000.

3769 4294 238 52 Cablegrams.

3608 4374 167 36 WEALTH
3784 4372 49 30 OF
3844 4371 77 29 THE
3931 4369 100 34 IjATE
4042 4366 118 32 SHAH.

3754 4414 148 33 TEHEfiAN,
3911 4408 155 31 December
4078 4407 44 29 25.

3643 4455 59 33 Th©
3733 4454 57 30 late
3817 4451 74 29 Shah
3917 4449 52 29 left
3995 4447 36 30 40
4057 4446 104 36 mjllion

3605 4493 119 39 sterling
3773 4491 53 28 His
3836 4497 140 22 successor
3984 4487 50 28 has
4045 4485 116 30 decided

3605 4537 29 27 to
3647 4534 100 29 devote
3760 4529 146 33 one-tenth
3919 4527 31 36 of
3968 4527 23 30 it
4014 4529 28 30 to
4065 4525 94 44 public

3606 4581 142 29 purposes,
4000 4584 75 18 y-~—
4076 4583 30 7 —

3730 4664 162 35 Capetown,
3911 4663 153 28 December
4075 4663 45 28 27.

3636 4705 58 31 The
3702 4704 89 41 police
3798 4703 56 29 and
3863 4702 157 30 volunteers
4028 4701 130 30 attacked

3607 4746 84 37 5,000
3702 4745 106 31 natives
3822 4743 30 30 of
3861 4741 223 38 Bechuanaland,
4095 4741 61 30 who

3604 4798 48 18 are
3664 4787 28 28 in
3710 4785 89 30 revolt
3811 4784 92 37 owing
3916 4786 29 26 to
3958 4782 47 30 the
4026 4782 130 36 shooting

3604 4827 30 29 of
3646 4826 73 30 their
3731 4825 83 31 cattle
3826 4826 29 27 to
3868 4825 116 36 prevent
3996 4821 47 30 the
4056 4821 99 39 spread

3604 4867 30 30 of
3668 4861 164 44 rinderpest!
3871 4862 58 30 The
3965 4862 82 29 latter
4085 4870 70 20 wero

3603 4906 94 31 armed
3709 4906 68 29 with
3796 4904 72 30 rifles
3888 4902 54 30 and
3955 4901 131 38 assegais,
4098 4900 56 30 and

3603 4945 180 31 commanded
3801 4945 39 37 by
3852 4943 48 29 the
3911 4941 75 30 chief
4009 4941 145 30 Galishwe.

3603 4986 59 30 The
3674 4986 61 29 first
3753 4983 118 40 position
3885 4985 28 26 at
3932 4979 147 32 Pakawani
4099 4990 54 19 was

3603 5025 115 36 carried,
3730 5023 55 31 and
3798 5024 29 28 in
3841 5023 86 38 doing
3939 5031 31 19 so
3982 5024 56 25 two
4048 5019 105 30 officers

3603 5075 71 20 were
3687 5063 144 33 wounded.

3603 5117 28 31 A
3640 5110 307 35 RUSSO-CHINESE
3958 5108 193 37 RAILWAY,

3652 5155 44 29 St.
3710 5154 185 32 Petersburg,
3906 5150 152 33 December
4071 5149 43 29 25.

3640 5195 59 28 The
3730 5192 71 29 Czar
3831 5191 49 32 has
3913 5188 160 33 sanctioned
4105 5187 47 29 the

3601 5232 189 31 construction
3801 5230 30 29 of
3843 5230 46 29 the
3903 5228 115 30 Eastern
4032 5226 119 30 Chineso

3601 5273 111 38 railway
3725 5272 28 29 in
3767 5271 47 29 the
3827 5269 133 29 Province
3972 5267 29 30 of
4010 5266 98 37 Kerin,
4121 5269 28 26 to

3600 5315 117 32 ponnect
3732 5311 62 32 frith
3814 5310 47 28 the
3883 5308 124 30 Siberian
4029 5306 120 38 railway.

3601 5352 101 28 Shares
3714 5358 46 22 are
3774 5352 28 24 to
3816 5349 36 30 be
3864 5346 105 28 limited
3979 5349 28 24 to
4018 5345 131 31 Russians

3602 5390 52 33 and
3671 5388 125 35 Chinese.

3767 5428 122 34 London,
3900 5424 153 30 December
4066 5424 44 29 26.

3636 5468 59 32 The
3704 5468 17 24 '•'
3732 5466 91 30 Times
3861 5463 139 32 considers
4008 5463 24 28 it
4040 5463 24 28 is
4072 5462 76 39 quito

3600 5509 71 29 clear
3680 5508 62 28 that
3750 5505 99 33 Russia
3857 5505 49 29 has
3918 5501 114 35 sepured
4042 5512 17 22 a
4071 5507 77 24 snort

3600 5552 47 28 cut
3659 5545 121 39 through
3801 5541 170 39 Manchuria,
3993 5540 55 34 and
4073 5551 55 19 com-

3598 5587 110 34 mercial
3721 5586 167 37 advantages
3899 5581 130 32 overland
4040 5585 107 32 contra,,

3598 5636 70 22 vene
3702 5625 47 29 the
3784 5627 72 29 mpst
3889 5621 132 30 favoured
4053 5621 95 37 nation,

3598 5668 139 30 interests.

1609 85 200 41 MOUNT
1895 88 229 43 BENQER
2209 86 154 42 MAIL.

3351 86 237 51 Tharsday,
3612 86 218 44 December
3871 85 55 47 31,
3952 85 118 44 1898.

93 185 224 37 THURSDAY,
341 186 53 30 7ra
418 184 198 38 JANUARY,

208 226 36 27 At
254 233 50 21 one
315 225 94 29 o'clock
422 225 81 37 sharp,

128 303 187 29 TUAPEKA
336 303 126 29 STOCK
481 303 104 29 FAIR.

82 348 65 22 FIBST
159 352 48 18 AND
215 348 72 21 THIBD
296 348 134 23 TSUBSDAYS
439 353 24 16 IK
472 353 57 19 EACg
543 347 91 24 VOKTB.

140 418 120 31 OHN
340 416 297 32 THOMPSON

155 458 51 28 will
230 457 58 28 hold
314 457 38 27 bis
379 462 60 22 n«xt
463 456 57 27 Sale
544 461 27 22 at
595 456 42 27 the

84 495 118 38 Tuapeka
213 494 57 28 Sale
288 493 91 34 Yards,
394 493 141 35 Lawrence,
548 502 33 19 on
595 493 42 28 the

84 533 78 29 above
174 533 57 31 date
239 538 24 24 at
275 541 48 22 one
335 531 93 29 o'clock
440 531 83 37 sharp.

124 625 96 29 Parties
244 623 112 36 desiring
380 626 25 23 to
428 621 62 28 offer
514 618 77 31 Stock
613 628 28 19 or

88 663 164 38 Implements
263 668 26 22 at
301 661 79 28 above
393 660 56 27 Sale
465 658 130 39 requested
615 663 26 22 to

88 701 63 28 send
169 700 146 38 particulars
336 703 26 22 to
380 698 42 27 the
444 698 153 27 Auctioneer
614 704 28 18 as

86 738 69 36 early
168 748 27 18 as
207 737 114 37 possible.

80 800 212 32 THURSDAY,
305 802 55 26 7th
369 798 186 33 JANUARY,
566 799 75 27 1897'

259 839 36 27 At
307 846 47 19 one
366 837 98 28 o'clock.

135 916 39 27 At
187 915 42 28 tbe
241 917 99 27 auction
354 925 89 23 rooms,
454 915 141 28 Lawrence.

100 989 149 50 JOHN
329 989 315 36 THOMPSON,

89 1023 31 26 **
150 1030 136 29 instructed
297 1031 31 35 by
331 1032 43 27 Mr
383 1031 136 29 Lachlan
529 1031 95 27 M'Mil-

95 1077 65 24 lar,
173 1068 50 26 will
237 1068 42 28 pell
293 1069 33 35 by
338 1070 99 26 auction
456 1074 26 21 at
503 1068 44 28 the
567 1068 78 28 above

90 1105 61 28 time
162 1104 49 26 and
222 1106 105 26 nlace—

160 1142 51 28 His
223 1141 121 30 Freehold
358 1142 74 29 Farm
445 1141 29 29 of
482 1141 51 30 248
543 1152 68 19 acres
620 1141 26 28 of

228 1181 142 27 First-daps
395 1180 80 33 Land,
503 1181 92 27 situate
618 1180 25 27 in

226 1218 80 28 Block
314 1218 46 33 11,
369 1218 118 33 Tuappka
492 1219 82 30 West,
583 1217 61 27 with

228 1255 129 33 Dwelling-
389 1255 48 27 and
467 1255 52 27 Out
531 1270 10 6 -
555 1255 89 27 offices.

227 1291 57 28 The
313 1298 117 29 property
451 1293 21 27 is
498 1290 146 30 subdivided

228 1329 55 28 into
300 1329 50 28 five
370 1329 196 35 paddocks—so
578 1338 68 19 acres

148 1366 4 36 i
227 1366 80 28 under
330 1366 79 29 Grain
435 1367 75 35 Crop,
535 1366 16 28 8
578 1375 68 19 acres

226 1403 119 35 Turnips,
359 1404 42 26 tbe
419 1404 103 28 balance
533 1404 27 28 in
573 1403 55 36 Eng-

228 1440 49 28 lish
289 1441 51 28 and
354 1441 104 28 Natural
472 1441 113 29 Grasses.

172 1509 95 28 Terms
292 1509 121 29 Liberal
432 1519 35 20 at
491 1510 80 29 Sale.

128 1574 45 26 Mr
195 1573 128 28 M'Millan
350 1575 50 26 will
425 1576 70 26 show
512 1575 134 34 intending

90 1609 144 37 purchasers
248 1620 58 17 ovpr
319 1611 41 26 the
373 1618 125 28 property.

192 1670 111 28 FOR
378 1671 162 29 RALE.

145 1740 120 28 AKERI
282 1740 47 29 and
343 1741 175 28 GENERAL
530 1741 112 28 STORE

169 1779 26 27 in
207 1787 13 18 a
231 1780 76 30 rising
307 1779 3 36 l
319 1779 231 36 district—present
559 1789 83 18 owner

89 1816 107 33 retiring
209 1816 61 27 from
286 1815 118 29 business.

124 1852 56 28 Full
194 1853 146 35 particulars
353 1864 30 17 on
398 1855 148 33 application
561 1859 26 22 to

185 1900 104 31 JOHN
308 1903 220 36 THOMPSON,

293 1944 156 27 Auctionepr.
465 1943 141 29 Lawrence.

86 2013 52 63 P
144 2058 11 13 #
221 2018 44 37 A.
341 2015 299 44 BUCHANAN,

166 2095 73 22 boot
267 2093 59 23 and
352 2091 75 22 shoe
453 2087 112 27 maker,

131 2141 143 29 Scotland
285 2156 9 6 -
307 2145 106 25 street,
432 2135 164 29 Roxburgh.

195 2230 94 36 Every
309 2225 169 38 description
500 2223 30 30 of

87 2284 89 28 Boots
188 2290 56 21 and
258 2281 90 28 Shoes
362 2278 134 27 Supplied
508 2283 37 21 oe
556 2274 85 29 Made

263 2328 33 21 to
315 2318 146 33 Measure.

87 2375 46 30 Fit
141 2370 184 33 Guaranteed.
401 2368 48 30 Fit
455 2364 185 34 Guaranteed.

137 2452 123 29 REPAIRS
285 2450 115 22 NEATLY
432 2446 157 23 EXECUTED.

205 2517 25 28 A
252 2515 87 30 Trial
362 2512 155 31 SoLicirED.

256 2625 227 33 NOVELTIES.

127 2669 139 40 (Suitable
278 2668 46 30 for
339 2667 106 38 Young
456 2663 56 31 and
526 2662 77 39 Old).

197 2751 27 29 A
237 2749 136 37 complete
385 2745 108 39 display
505 2743 31 30 of

89 2796 132 31 FANCY
250 2793 135 33 GOODS,
420 2786 222 35 CHRISTMAS

139 2835 136 35 CABDS,
314 2832 108 34 TOYS,
460 2828 137 38 BOOKS,

209 2871 238 38 MAGAZINES,
467 2870 50 35 &p.

87 2953 147 26 BARGAINS
251 2953 41 22 ON
310 2952 58 21 THE
385 2947 140 25 SHILLING
541 2945 101 25 TABLE.

211 3017 162 31 Inspection
392 3014 126 28 Invited.

146 3107 55 57 F.
285 3098 307 63 EFFEKY.

88 3178 191 26 BOOKSELLER,
293 3175 132 27 CHEMIST,
438 3173 83 23 NEWS
538 3171 104 30 AGENT,

252 3204 168 28 STATIONER,
433 3203 39 21 &C.

155 3245 141 30 TEVIOT
322 3240 257 34 DISPENSARY.

87 3318 65 50 *y
245 3316 45 29 T.
358 3307 285 37 BOWDEN,

164 3391 177 26 CARPENTER,
367 3386 117 26 JOINER,
510 3384 62 22 AND

265 3424 207 29 UNDFRTAKEF,

89 3483 101 27 Desires
215 3485 26 22 to
266 3478 78 28 thank
369 3476 42 29 the
442 3473 88 29 Public
553 3472 25 28 of
603 3471 41 27 the

92 3520 105 28 District
211 3518 38 26 for
266 3521 56 32 past
339 3518 113 31 support,
470 3510 50 29 and
539 3509 62 36 beprs
619 3514 25 21 to

90 3558 91 27 inform
211 3556 66 26 them
313 3554 52 27 that
397 3551 31 26 he
457 3549 44 28 has
531 3545 113 30 resumed

91 3595 123 28 Business
225 3594 26 26 in
264 3589 151 35 Roxburgh.

90 3681 135 34 Estimates
236 3678 74 34 given
321 3675 48 29 and
380 3673 122 35 Building
512 3671 132 28 Contracts

189 3728 29 27 of
232 3725 32 30 all
284 3724 75 29 kinds
375 3720 164 31 undertaken.

88 3963 130 24 GROCERS
231 3962 64 22 AND
311 3957 139 24 GENERAL
463 3953 181 26 MERCHANTS,

225 4008 161 31 MILLERS
404 4005 101 31 FLAT.

125 4091 60 31 The
222 4090 105 38 largest
357 4085 56 31 and
444 4082 201 32 best-assorted

91 4132 87 31 Stock
190 4131 31 29 of
233 4127 118 31 General
363 4125 95 30 Goods
475 4125 30 28 in
525 4134 56 28 any
593 4132 34 30 up-

90 4175 118 34 country
220 4172 75 28 store
306 4167 29 30 in
348 4165 101 38 Otago.

126 4210 144 31 Groceries
294 4207 56 29 and
369 4205 158 29 Provisions
545 4203 31 29 of
596 4203 49 29 the

89 4252 64 30 best
162 4250 84 30 kinds
259 4250 29 28 at
296 4248 75 29 most
377 4243 160 32 reasonable
545 4243 98 39 prices.

125 4290 152 37 Crockery,
308 4286 164 34 Glassware,
497 4283 128 30 Ironmon-

86 4343 80 29 gery,
179 4331 96 34 Boots,
288 4327 97 34 Shoes,
398 4324 51 35 4&o.

124 4371 161 30 Customers
297 4366 100 31 waited
410 4375 36 20 on
459 4364 29 30 in
507 4362 36 32 all
565 4365 77 40 parts

86 4412 28 30 of
126 4412 48 29 the
189 4409 118 32 district.

282 4495 154 21 AGENCIES:

85 4533 256 37 ManchesrorJFire
351 4532 150 32 Insurance
515 4529 49 32 Co.

86 4577 159 30 Australian
254 4575 109 32 Mutual
370 4572 150 31 Provident
527 4571 113 38 Society

144 4763 104 26 BOOTB
263 4766 38 23 for
315 4761 41 26 the
372 4760 84 30 Grfa>.

173 4808 74 26 Boots
266 4807 37 25 for
323 4806 44 26 the
380 4804 91 29 Small;

143 4851 73 24 Boots
230 4849 38 25 for
286 4848 42 25 the
344 4846 81 30 Short,

175 4895 72 24 Boots
263 4893 39 25 for
317 4892 42 25 the
376 4890 55 25 Tall
447 4898 5 21 ;

144 4939 74 27 Boots
231 4938 38 28 for
286 4937 42 26 the
344 4935 98 31 Young,

172 4977 76 25 Boots
263 4975 38 25 for
315 4974 41 29 the
374 4972 49 30 010
435 4972 4 31 ;

176 5039 55 25 And
247 5036 103 26 BOOTS
366 5035 46 27 and
430 5034 104 24 SHOES

293 5091 37 25 for
344 5089 32 25 all
398 5093 25 21 at

188 5155 40 36 K
279 5154 121 34 Bail
413 5149 124 44 lie's,

92 5217 115 32 Opposite
221 5212 159 30 Commercial
398 5210 84 33 Hotel,
501 5209 136 32 Roxburgh

174 5321 73 26 Come
262 5318 49 28 and
327 5319 92 31 inspect
430 5317 41 27 the
487 5316 80 26 Stock.

85 5512 59 38 Try
156 5510 49 29 the
216 5508 52 34 2s;
287 5504 47 31 'tis
346 5508 103 35 superb
460 5504 7 28 I

181 5620 158 38 sustaining
350 5628 53 29 cup
416 5618 29 29 in
456 5627 122 20 summer
586 5617 54 29 and

88 5668 111 30 winter,
235 5659 28 37 P
265 5682 7 15 t
285 5658 143 36 Comici,
440 5656 106 40 Agent,
565 5655 75 32 Rox=

717 416 191 31 OXBURGH
938 416 153 31 JOCKEY
1114 414 112 30 CLUB.

670 493 164 32 ANNUAL
884 493 103 31 RACE
1039 489 188 38 MEETING,

841 534 38 28 To
897 534 31 27 be
945 533 57 28 held
1021 541 34 19 on

686 576 151 35 FRIDAY,
861 577 47 28 Ist
929 574 186 33 JANUARY,
1135 573 74 28 1897.

724 656 179 28 President:
926 655 43 27 Mr
981 654 44 26 W.
1038 654 30 26 A.
1083 651 93 37 Reilly.

672 698 263 28 Vice-President
947 707 6 18 :
975 698 43 26 Mr
1036 698 31 25 T.
1084 695 143 36 Thompson

728 743 100 29 Judge
837 754 7 18 :
863 743 44 28 Mr
921 741 111 30 Louden.

868 787 136 26 Starter
1016 795 6 16 :
1041 784 43 26 Mr
1097 781 72 28 Bain.

690 830 103 28 Clerk
801 839 35 19 of
846 830 115 28 Course
972 839 7 17 :
997 829 44 27 Mr
1050 828 37 26 M.
1098 825 111 29 Gordon.

673 873 105 29 Clerk
795 882 35 19 of
849 873 119 29 Scales:
986 872 43 28 Mr
1041 872 30 26 B.
1089 870 29 29 V.
1140 867 88 38 Reilly.

702 919 219 27 Handicapper
932 928 6 17 :
951 918 43 26 Mr
1005 918 31 26 T.
1049 915 152 35 Thompson.

760 962 203 29 Timekeeper
976 972 5 17 :
1000 962 42 26 Mr
1054 959 91 36 Selipe.

674 1011 156 30 Stewards
840 1021 6 18 :
853 1012 96 28 Messrs
959 1010 113 33 Louden,
1083 1006 147 31 A.Gordon,

745 1049 74 30 Bain.
844 1049 153 36 Thompson,
1023 1046 81 33 Boyd,
1129 1046 101 29 Dunne,

743 1086 30 26 E.
798 1086 76 33 Hart,
895 1086 27 27 J.
945 1086 30 26 F.
997 1084 133 33 Kitching,
1143 1081 49 27 and
1205 1082 25 26 J.

744 1121 90 30 Peake.

834 1201 255 31 PROGRAMME.

673 1242 149 36 (Approved
830 1242 31 34 by
869 1242 42 26 the
921 1241 118 27 Dunedin
1049 1239 96 36 Jockey
1155 1237 77 35 Club)

809 1290 171 30 I—Maiden
1001 1289 99 29 Plate.

675 1331 35 28 Of
719 1331 83 28 ssovs.
839 1329 51 28 For
900 1330 96 27 district
1008 1328 85 28 horses
1104 1328 55 27 that
1169 1326 63 28 have

743 1376 76 18 never
828 1376 56 18 won
896 1366 83 32 public
989 1373 99 27 money*
1127 1363 105 35 Weight

744 1404 39 28 for
800 1413 54 26 ape.
893 1402 128 32 Distance,
1035 1401 68 28 three
1117 1407 115 31 quarters

744 1441 29 27 of
781 1451 14 18 a
808 1441 66 28 mile.
910 1439 138 33 Tsntiance,
1061 1440 37 27 ss.

739 1492 203 27 2—Handicap
957 1489 115 28 Maiden
1085 1488 82 27 Tfot.

676 1529 126 28 Uf6sovs.
840 1528 49 27 For
902 1528 86 26 horses
1006 1526 57 26 that
1075 1524 63 27 have
1157 1533 75 18 never

743 1574 56 17 won
813 1573 14 18 a
840 1563 83 34 public
945 1568 49 21 trot
1039 1561 97 27 Second
1159 1561 73 26 horse

743 1608 26 19 lo
794 1601 94 27 receive
912 1600 38 27 £1
983 1599 62 26 from
1072 1597 42 27 the
1139 1596 83 27 stakes

743 1637 128 32 Distance,
893 1646 47 17 one
962 1635 48 28 and
1036 1646 13 16 a
1075 1634 54 28 half
1151 1632 71 28 miles

742 1675 41 27 No
804 1674 96 28 wpig'ht
921 1672 80 27 under
1014 1672 29 26 11
1059 1677 80 21 stone.
1177 1669 34 27 En-

741 1717 93 25 trance,
848 1711 34 25 6s.

672 1763 55 29 3—
727 1761 154 29 Roxburgh
886 1759 108 30 Jockey
1000 1757 75 31 Club
1084 1756 146 30 Handicap

670 1801 38 28 Of
718 1801 96 28 lOsovs.
852 1799 96 28 Secomi
962 1799 73 26 horse
1046 1803 25 21 to
1082 1797 95 27 receive
1190 1795 39 28 £2

738 1839 63 27 from
827 1837 42 27 the
898 1836 85 28 stakes
1028 1836 129 30 Distance,
1182 1843 47 17 one

738 1876 65 27 mile.
843 1874 134 27 Entrance.
992 1873 52 26 10s.

757 1926 54 28 4—
813 1923 146 31 Handicap
971 1921 83 29 Hack
1067 1919 85 30 Race.

670 1964 37 30 Of
727 1965 82 27 ssovs.
846 1964 51 26 For
921 1961 97 28 district
1044 1961 85 26 horses
1158 1959 67 37 only.

742 2002 60 27 Post
813 2008 80 28 entry.
933 2000 128 30 Distance,
1074 1998 68 25 three
1152 2006 59 28 quar-

740 2046 48 20 ters
801 2038 28 27 of
839 2047 13 18 a
866 2037 66 28 mile.
971 2036 134 31 Entrance,
1119 2035 35 26 ss.

706 2088 139 29 s—Fibst
858 2087 147 29 Handicap
1020 2084 78 29 Open
1110 2083 76 29 Trot

670 2128 35 28 Of
716 2128 95 28 lOsov*.
849 2125 97 28 Second
961 2125 71 27 horse
1043 2130 25 20 to
1081 2123 94 27 receive
1187 2123 38 26 £2

739 2165 62 27 from
827 2164 41 26 the
893 2163 92 26 stakes.
1022 2162 128 28 Distance,
1176 2165 51 20 two

738 2202 71 27 miles
855 2200 41 27 No
904 2199 93 36 weight
1011 2197 80 28 under
1102 2197 28 27 11
1144 2203 79 20 stone.

739 2240 135 30 Entrance,
888 2237 52 27 10s.

780 2289 55 27 6—
836 2286 107 29 Flying
964 2284 155 28 Handicap.

668 2327 33 27 Of
714 2327 98 36 Tfsovs.
849 2324 96 28 Second
959 2323 72 27 horse
1044 2328 26 21 to
1080 2322 95 27 receive
1185 2321 36 26 £1

740 2364 43 29 10s
807 2363 62 29 from
901 2361 42 29 the
967 2359 91 30 stakes.
1097 2359 126 32 Distance,

737 2404 38 25 six
788 2402 120 32 furlongs.
948 2400 134 30 Entrance,
1095 2398 27 26 7s
1136 2396 41 28 6d.

689 2451 165 31 7—Second
873 2449 145 29 Handicap
1031 2446 77 30 Open
1121 2446 83 28 Trot.

668 2491 37 27 Of
714 2491 98 35 6£sovs.
848 2488 96 28 Second
959 2487 71 27 horse
1041 2491 26 21 to
1077 2486 94 26 receive
1183 2484 22 30 £
1211 2485 9 25 I

740 2528 44 28 10s
807 2526 63 28 from
895 2525 43 27 the
965 2523 91 28 stakes.
1095 2521 128 33 Distance,

738 2574 47 18 one
805 2565 49 27 and
867 2572 14 19 a
894 2562 56 29 half
959 2561 78 28 miles.
1075 2559 40 28 No
1128 2559 95 33 weight

738 2603 80 26 under
831 2602 29 26 11
875 2608 80 20 stone.
992 2598 134 31 Entrance,
1140 2596 29 29 6s
1182 2596 40 28 6d.

669 2676 126 32 RULES
824 2674 83 31 AND
939 2669 284 34 REGULATIONS.

705 2729 23 27 1.
748 2726 176 31 Nominations
948 2724 38 28 for
1010 2723 42 27 the
1084 2721 138 36 Roxburgh

669 2764 96 37 Jockoy
779 2764 65 27 Hub
860 2763 138 34 Handicap,
1012 2761 94 36 Flying
1125 2759 80 27 Handi-

669 2811 53 28 cap,
736 2801 48 28 and
800 2801 42 27 the
854 2799 68 29 First
936 2798 132 35 Handicap
1080 2797 69 35 Open
1163 2797 61 26 Trot

670 2845 67 22 must
749 2839 30 26 be
791 2844 56 21 sent
860 2843 25 20 to
899 2836 42 27 the
962 2836 130 34 Secretary
1106 2839 43 21 not
1162 2832 63 28 later

670 2876 60 28 than
753 2876 42 27 the
817 2874 66 28 22nd
906 2871 146 34 December,
1066 2876 26 22 at
1113 2870 34 28 10
1165 2879 58 27 p.m.

672 2913 145 36 Handicap*
836 2919 25 20 to
885 2920 90 26 appear
998 2910 26 27 in
1047 2909 42 27 the
1115 2908 109 27 Mount

671 2952 117 28 Benger
800 2950 81 27 Mail
894 2948 28 29 of
930 2948 42 27 the
984 2946 63 29 24th
1062 2944 144 30 December.

706 2990 23 25 2.
749 2987 100 27 Entries
860 2986 37 26 for
907 2985 42 26 the
962 2984 70 27 Hack
1046 2982 178 31 Race.Maiden

671 3024 69 30 Trot,
754 3023 48 27 and
815 3021 97 28 Second
937 3019 136 35 Handicap
1085 3020 61 25 Trot
1159 3023 66 25 must

673 3060 29 28 be
716 3059 97 29 handed
828 3060 24 26 in
875 3063 26 22 to
925 3057 43 27 »be
991 3057 131 34 Secretary
1143 3053 82 28 before

673 3098 41 26 the
726 3097 136 36 preceding
875 3105 55 17 race
943 3095 20 26 i*
977 3104 55 22 run,
1043 3104 27 16 so
1080 3103 26 17 as
1118 3098 25 21 to
1152 3091 72 27 allow

672 3137 59 25 time
745 3135 37 26 for
793 3133 129 33 declaring
936 3131 41 27 the
990 3131 142 39 handicaps.

707 3173 23 30 3.
750 3171 105 29 District
868 3171 84 28 horses
974 3168 49 28 and
1049 3176 95 20 owners
1158 3171 26 23 to
1196 3164 28 30 bf

671 3210 109 27 resident
793 3210 25 26 in
839 3209 41 27 the
901 3208 97 26 district
1021 3207 68 27 three
1110 3204 117 28 calendar

673 3247 101 27 months
795 3246 67 33 prior
886 3251 25 20 to
934 3245 113 32 January
1076 3244 49 31 Ist,
1153 3241 71 28 1897.

673 3283 106 29 District
798 3283 32 26 25
844 3282 71 27 miles
927 3281 31 36 by
973 3281 65 27 main
1053 3280 67 28 road.

707 3322 23 27 4.
749 3320 55 28 The
816 3319 67 28 rules
897 3319 27 26 of
934 3319 87 35 racing
1033 3317 28 28 of
1075 3318 42 27 the
1130 3317 79 27 Metro-

673 3359 94 35 politan
781 3358 96 34 Jockey
892 3356 66 28 Club
969 3356 28 28 of
1007 3356 41 28 the
1066 3356 97 28 district
1177 3355 49 26 will

671 3396 30 27 be
713 3395 97 34 strictly
823 3394 106 28 adhered
943 3398 33 22 to.

707 3434 42 26 4a.
767 3432 54 27 The
845 3432 96 26 winner
970 3430 28 27 of
1019 3429 41 28 the
1085 3428 140 35 Roxburgh

671 3469 98 36 Jockey
800 3468 66 28 Club
906 3467 132 35 Handicap
1068 3473 25 20 to
1118 3476 70 24 c»rry
1214 3476 12 17 a

672 3507 102 37 penaltv
784 3506 27 27 of
821 3505 70 28 lOlbs
901 3506 25 26 in
937 3505 42 27 the
989 3505 94 35 Flying
1097 3504 131 34 Handicap

707 3545 25 28 5.
750 3545 54 26 The
815 3544 121 35 Trotting
956 3551 68 19 races
1049 3541 50 27 will
1124 3541 30 27 be
1179 3550 45 18 run

673 3583 79 27 under
775 3582 43 27 the
849 3580 65 28 rules
946 3580 28 26 of
994 3580 118 35 Trotting
1136 3579 29 27 of
1186 3578 40 27 the

674 3620 117 27 Dunedin
805 3618 97 35 Jockey
918 3617 72 28 Club.

708 3657 24 28 6.
746 3656 42 27 All
800 3655 169 28 nominations
979 3659 25 22 to
1012 3653 30 30 be
1052 3652 173 37 accompanied

675 3694 31 33 by
720 3693 59 33 fees,
793 3692 49 29 and
863 3697 26 22 to
911 3698 63 21 state
998 3700 56 27 age,
1080 3690 75 34 color,
1177 3690 48 28 and

674 3731 117 36 pedigree
809 3730 24 28 of
853 3730 80 31 horse,
947 3739 72 17 name
1031 3728 30 28 of
1075 3737 85 19 owner
1177 3728 49 27 and

673 3768 80 28 colors
765 3768 29 26 of
803 3766 82 34 rider;
904 3766 49 27 and
972 3766 25 26 in
1012 3766 42 26 the
1066 3770 63 22 trots
1150 3774 15 18 a
1186 3765 40 26 list

674 3805 28 27 of
711 3804 182 36 performances
916 3808 68 21 must
1009 3801 29 28 be
1062 3802 86 35 given.
1184 3801 41 27 All

674 3841 84 28 horses
771 3846 67 22 roust
857 3839 30 28 be
908 3839 87 27 ridden
1021 3839 25 27 in
1068 3838 88 33 colors,
1177 3838 49 26 and

674 3888 49 26 any
748 3878 92 37 jockey
871 3876 84 35 riding
984 3881 90 31 except
1097 3876 26 26 in
1147 3874 80 30 colors

673 3914 101 29 entered
787 3924 58 26 may
858 3913 30 28 be
901 3912 76 28 fined.

708 3953 22 27 7.
751 3952 42 28 All
817 3952 120 37 disputes,
958 3949 94 35 claims,
1075 3950 48 28 and
1144 3951 68 35 objec-

674 3991 64 26 tions
751 3990 96 34 arising
859 3994 43 21 out
915 3988 28 27 of
958 3988 41 27 the
1022 3996 70 19 races
1115 3987 63 28 shall
1198 3987 30 27 be

672 4026 102 28 decided
794 4026 32 36 by
845 4026 43 27 the
900 4024 128 34 stewards,
1042 4024 64 28 their
1118 4024 108 28 decision

673 4069 26 22 to
711 4063 30 28 be
753 4063 69 29 final.
860 4062 100 28 Entries
970 4067 26 22 to
1006 4062 29 28 be
1046 4062 110 28 received
1167 4062 58 37 only

672 4111 32 19 on
718 4101 69 27 these
799 4100 149 28 conditions.

707 4137 24 30 N
742 4136 109 30 B.—No
868 4143 72 31 entry
962 4146 27 19 or
1010 4141 148 32 acceptance
1176 4136 50 29 will

673 4175 29 28 be
725 4174 112 30 received
855 4184 32 18 on
913 4184 49 25 any
981 4180 99 29 pretext
1101 4174 126 28 whatever

671 4212 64 29 after
747 4212 42 28 the
802 4212 60 28 time
874 4211 124 37 specified.

864 4260 33 30 P.
918 4260 28 30 J.
967 4259 146 36 DUNNE,

896 4306 67 29 Hon.
977 4306 54 28 Sec.
1045 4306 48 28 and
1107 4306 82 27 Treas.

723 4448 261 37 ScOTLAND-STBEET,
1004 4448 166 35 ROXBURGH,

680 4501 160 20 MERCHANT
857 4501 115 26 TAILOR,
986 4500 151 25 CLOTHIER,
1151 4499 63 21 AND

755 4527 200 24 GENTLEMEN'S
971 4526 166 25 OUTFITTER.

706 4584 28 27 A
765 4583 94 28 choice
891 4582 132 28 selection
1050 4582 30 26 of
1102 4580 125 32 Tweeds,

670 4619 144 40 Coatings,
828 4620 111 39 Serges,
960 4619 50 29 &c.
1035 4617 79 38 (both
1136 4615 92 31 Home

669 4660 56 30 and
740 4660 135 38 Colonial)
889 4660 102 37 always
1003 4668 37 24 on
1052 4657 86 31 hand.

708 4701 27 28 A
747 4701 95 29 varied
855 4700 131 29 selection
998 4698 30 29 of
1036 4695 192 39 Beady-made

671 4739 94 32 Goods
774 4740 56 29 and
840 4739 83 40 Boys'
932 4738 56 29 and
998 4737 121 30 Youths'
1130 4735 82 31 Cloth-

671 4780 51 41 ing
746 4781 103 39 always
880 4790 36 20 on
944 4777 85 31 hand.
1080 4777 59 30 The
1162 4775 66 40 only

670 4821 79 38 place
762 4821 29 28 in
804 4824 74 26 town
893 4823 29 25 to
935 4828 116 30 procure
1058 4817 100 38 stylish
1172 4816 54 28 and

670 4859 162 40 uprto-date
854 4859 82 36 Hats,
950 4857 73 37 Ties,
1035 4857 56 30 and
1114 4855 97 31 Gentle-

670 4899 90 34 men's
772 4899 181 35 TJnderwear.

731 5034 140 32 ILLERS
934 5033 100 32 FLAT
1091 5031 137 36 HOTEL,

833 5154 122 22 MILLIES
981 5152 80 24 FLAT.

708 5416 33 33 P.
763 5414 109 31 Laffey
931 5439 31 6 ...
1021 5412 170 42 Proprietor.

759 5612 88 30 Kozie
859 5609 58 30 Tea
934 5610 24 28 is
980 5610 38 38 by
1039 5609 45 29 far
1101 5609 49 29 the
1167 5608 63 29 beet

677 5654 78 29 value
766 5649 167 32 obtainable.
953 5649 90 28 Johns
1053 5647 177 35 &M'Combe,

673 5694 120 38 Agents,
805 5689 108 37 Mijlefs
925 5688 72 32 Flat.

1290 252 91 32 NEW
1413 252 182 34 SEASON'S
1628 252 145 34 GOODS!

1422 475 226 31 ROXBURGH.

1256 578 70 31 Now
1353 578 133 40 Showing
1504 590 18 18 a
1545 578 135 40 Splendid
1699 579 98 28 Assort-

1473 635 78 28 ment
1569 632 31 29 of

1303 701 101 37 New
1435 700 143 39 Goods
1597 701 8 35 I

1470 771 102 35 New
1604 769 142 37 Goods
1763 771 8 33 I

1435 839 162 38 Consisting
1616 838 30 30 of

1259 903 104 36 Prints,
1394 904 28 29 in
1455 904 114 29 Newest
1601 903 128 29 Patterns
1760 902 55 29 and

1334 943 234 40 Colourings—at
1581 943 36 29 5d
1631 953 49 28 per
1691 941 69 40 yard

1261 995 53 30 Lot
1325 996 31 31 of
1364 997 134 38 Zephyrs,
1509 995 163 39 Ginghams,
1683 995 129 28 Satteens

1336 1037 167 38 Corduroys,
1535 1037 55 29 and
1632 1036 124 37 Crepons
1788 1035 27 28 in

1336 1077 113 28 Newest
1463 1077 114 28 Colours
1590 1075 54 28 and
1659 1075 120 36 Designs

1258 1124 143 35 Beautiful
1433 1127 41 31 lot
1504 1127 30 30 of
1566 1126 103 39 Fancy,
1696 1125 121 39 Striped,

1335 1169 56 29 and
1398 1169 119 38 Figured
1525 1168 117 29 Muslins
1651 1167 44 28 for
1704 1166 113 29 Blouso

1334 1209 110 29 -~from
1459 1209 54 35 s|d
1527 1219 50 27 per
1588 1207 68 38 yard

1411 1286 134 41 Splendid
1565 1286 41 30 lot
1631 1285 31 29 of

1261 1327 182 30 TRIMMED
1469 1326 102 30 HATS
1597 1326 25 29 &
1642 1324 174 30 BONNETS

1311 1367 27 28 in
1352 1366 116 29 Newest
1478 1366 106 38 Shapes
1597 1365 55 29 and
1667 1364 101 38 Style.*.

1261 1418 41 31 To
1326 1418 36 30 be
1397 1418 106 31 cleared
1536 1421 30 27 at
1596 1418 97 29 lowest
1721 1417 89 39 prices

1385 1498 123 30 DRESS
1542 1498 154 30 feTCFFS.

1264 1543 53 28 We
1331 1542 71 29 hove
1414 1555 17 16 a
1444 1544 77 38 large
1534 1547 168 27 assortment
1724 1544 29 27 of
1775 1541 42 28 the

1282 1592 66 27 very
1362 1588 106 23 newest
1490 1585 93 28 Goods
1596 1585 27 28 in
1647 1583 86 29 Black
1748 1580 52 30 mid

1320 1620 117 31 Colored
1451 1622 125 38 Lustres,
1586 1625 70 29 from
1673 1625 45 28 12s
1729 1623 36 30 9d

1467 1663 48 28 the
1528 1665 86 26 dress.

1265 1709 87 30 Black
1378 1711 55 29 and
1458 1711 83 40 Navy
1568 1714 112 39 Serges,
1708 1712 112 30 Sicilian

1448 1752 107 38 Cloths,
1585 1754 49 29 &c.

1300 1830 90 31 NEW
1425 1832 161 38 GLOVES,
1616 1834 169 29 RIBBO.nS

1513 1893 56 19 AND

1444 1935 195 31 VEILINGS.

1259 2014 201 30 TRIMMING
1476 2015 113 29 SILKS
1602 2016 84 28 AND
1700 2016 118 29 GIMPS

1399 2066 35 29 In
1454 2067 71 29 New
1546 2068 138 29 Patterns.

1380 2145 69 30 Nice
1469 2147 180 28 Assortment
1667 2147 29 28 of

1305 2197 108 28 NEW
1461 2198 319 35 UMBRELLAS,

1360 2248 71 29 from
1446 2250 32 27 4s
1494 2250 54 28 lid
1561 2253 29 26 to
1605 2250 49 29 10s
1669 2249 45 34 6d,

1360 2331 75 30 FOR
1474 2332 234 31 CHRISTMAS.

1256 2385 26 29 A
1296 2384 40 29 lot
1349 2385 30 28 of
1392 2385 93 28 Men's
1499 2385 187 30 Tailor-made
1700 2386 76 28 Suits
1787 2385 30 30 of

1305 2424 175 39 exceptional
1494 2425 117 38 quality,
1625 2429 29 24 at
1668 2426 49 28 52s
1731 2425 47 29 Gd.

1255 2475 67 29 Also
1335 2485 17 18 a
1369 2476 75 37 good
1456 2479 169 26 assortment
1637 2476 31 28 of
1685 2477 130 37 ordinary

1358 2514 101 31 Tweed
1474 2514 88 38 Suits,
1576 2516 73 29 from
1663 2517 58 29 21s.

1254 2601 120 31 MEN'S
1416 2603 209 36 CLOTHING,
1668 2604 148 34 SHIRTS,

1360 2653 134 39 PANTS,
1523 2654 185 38 SCARVES,

1415 2707 161 37 BRACES,
1596 2708 62 37 &c,

1285 2758 41 29 At
1348 2758 94 29 Prices
1465 2762 30 26 to
1515 2759 66 39 defy
1602 2760 190 39 competition.

1258 2872 84 58 W.
1365 2876 61 57 T.
1460 2876 360 70 TALBOYS,

1397 2968 291 30 ROXBURGH.

1278 3112 216 34 ROXBURGH
1516 3114 154 30 JOCKEY
1691 3115 111 29 CLUB.

1277 3191 22 34 \
1326 3190 104 31 RACE
1454 3192 100 30 BALL
1575 3193 54 29 will
1653 3194 35 27 be
1707 3194 63 28 held
1794 3193 25 27 in

1286 3221 25 23 *-
1350 3233 48 27 the
1414 3232 167 30 Athenaeum
1597 3234 63 27 Hall
1675 3243 34 19 on
1731 3233 88 29 NEW

1258 3271 138 29 YEAR'S
1432 3272 134 30 MGHT.
1606 3273 95 29 Grand
1723 3273 96 29 March

1260 3316 29 24 at
1302 3312 17 28 9
1333 3321 66 30 p.m.

1298 3390 155 28 Admission
1508 3412 25 7 ...
1620 3414 29 6 ...
1692 3391 32 28 2s
1738 3392 45 28 6d.

1440 3429 99 30 Ladies
1561 3431 78 29 Free.

1296 3500 103 32 Choice
1411 3502 210 30 Refreshments
1630 3507 30 26 at
1681 3504 139 29 moderate

1258 3546 69 26 cost.

1456 3584 31 28 P.
1510 3584 28 29 J.
1560 3584 147 30 DUNNE.

1630 3624 73 28 Hon.
1719 3624 62 29 Sec.

1324 4393 181 33 TENDERS
1531 4395 77 30 FOR
1634 4395 110 31 COAL.

1267 4501 16 24 1
1338 4510 170 36 undersigned
1519 4519 34 27 up
1563 4516 26 21 to
1602 4506 214 34 THURSDAY,'

1258 4547 56 28 7th
1328 4547 188 33 JANUARY,
1530 4548 76 32 189?,
1620 4548 38 27 for
1672 4547 42 27 the
1726 4547 89 35 supply

1258 4584 38 24 for
1307 4583 38 26 six
1359 4584 102 24 months
1471 4584 28 24 of
1508 4584 67 33 good
1594 4584 133 32 Steaming
1746 4583 69 30 Coal,

1258 4617 123 28 delivered
1394 4618 26 27 in
1435 4617 62 37 bags
1522 4622 26 23 at
1573 4619 42 26 the
1641 4617 99 28 Golden
1755 4617 60 28 Run

1260 4653 134 38 Dredging
1408 4655 64 27 Co.'s
1488 4654 110 38 Dredge,
1611 4665 61 18 near
1690 4655 107 28 Ettrick.

1389 4703 121 30 JABEZ
1535 4704 169 36 BUR'ION,

1629 4743 151 34 Roxburgh.

1343 4803 178 30 TENDERS
1534 4805 76 29 FOtt
1622 4804 104 30 RACE

1448 4844 181 31 CUTTING.

1266 4971 25 20 ■*
1344 4974 48 29 the
1406 4974 131 31 Pleasant
1559 4975 99 40 Valley
1672 4975 145 40 Compauy

1258 5024 39 30 up
1319 5017 30 26 to
1372 5015 57 29 2nd
1453 5016 125 39 January
1606 5016 81 36 1897,
1712 5016 45 28 for
1782 5015 35 28 60

1258 5054 97 29 chains
1375 5054 33 29 of
1418 5064 62 21 race
1503 5056 130 39 cutting;
1658 5055 59 30 also
1729 5055 88 28 about

1264 5095 8 27 1
1279 5094 14 35 \
1309 5094 78 29 miles
1399 5094 32 29 of
1439 5095 46 29 old
1494 5106 63 19 race
1569 5099 29 25 to
1611 5095 100 38 repair.
1751 5094 50 29 Par-

1259 5132 114 32 ticulars
1394 5137 30 26 at
1438 5134 46 30 Mr
1505 5134 100 31 Hart's
1626 5135 79 38 shop,
1728 5143 32 20 or
1782 5132 34 29 R.

1260 5172 160 38 Cockburn,
1437 5174 155 40 Secretary.

1357 5237 114 31 FOR
1547 5235 176 33 SALE.

1291 5332 6 14 i
1336 5317 201 30 FREEHOLD
1566 5316 115 33 FARM,
1712 5315 28 26 of
1767 5313 50 28 M
1816 5313 1 36 9

1262 5375 11 3 -
1291 5357 20 17 »-
1347 5364 76 23 acres,
1433 5364 60 17 near
1504 5353 97 27 Millers
1611 5353 65 30 Flat,
1687 5351 130 34 adjoining

1259 5391 144 29 Beaumont
1438 5391 109 29 Station.
1594 5388 48 29 For
1672 5389 65 36 price
1768 5385 49 29 and

1258 5429 156 35 particulars,
1428 5428 74 36 apply

1293 5466 62 28 MT.
1369 5465 150 32 BENGEJI
1538 5463 94 28 MAIL
1644 5460 137 31 OFFICE

1419 5548 55 31 you
1488 5536 71 31 tried
1573 5536 88 31 Kozie
1674 5535 56 28 Tea
1739 5534 12 29 ?
1789 5534 28 28 If

1262 5565 57 37 •£*•
1358 5583 59 34 not,
1443 5578 37 31 do
1511 5587 32 23 80
1573 5579 30 28 Bt
1627 5584 87 28 once;
1747 5574 23 29 it
1794 5573 23 30 is

1260 5621 143 30 delicious.
1460 5618 36 30 D.
1530 5617 141 33 Cobmack,
1711 5615 106 38 Agent,

1258 5659 167 39 Roxburgh.

1841 185 216 31 BEAUMONT
2100 184 145 31 SPORTS
2284 180 111 32 CLUB.

1873 311 7 5 •
1925 306 30 26 to
1967 303 71 28 have
2050 304 70 27 been
2133 301 66 28 held
2209 304 30 24 at
2248 300 49 27 the
2309 299 72 27 Beau-

1841 344 78 29 mont
1932 352 35 20 on
1990 340 188 40 Wednesday,
2193 339 69 30 30th
2281 337 98 30 Decem-

1841 383 59 35 ber,
1939 384 70 29 have
2058 384 72 28 been
2172 377 226 33 POSTPONED

1841 423 124 36 throngh
2005 425 86 27 stress
2131 420 30 30 of
2201 419 122 28 weather
2355 415 43 29 till

1843 461 220 36 SATURDAY,
2088 461 56 29 2m>
2165 453 196 35 JANUARY.
