4240 5820
69 215 124 54 Sports
227 217 82 43 Club
344 214 278 42 Entertainment.

110 309 38 27 As
170 305 23 28 is
220 303 76 28 usual
332 301 64 27 with
428 300 48 26 the
504 298 121 27 Athletic

73 348 97 39 Sports
191 344 70 30 Club
283 342 64 37 they
367 338 118 30 finished
506 337 46 29 the
572 337 53 37 day

71 399 35 17 on
129 386 110 35 Boxing
261 382 59 36 Day
342 380 68 28 with
433 378 71 28 their
524 377 100 29 annual

70 425 214 31 entertainment
315 423 28 25 at
375 420 47 28 the
457 418 166 28 Atheme.im

71 466 75 34 Hall,
160 465 78 27 when
254 462 65 36 they
339 468 71 18 were
430 456 115 39 greeted
560 457 36 35 by
610 467 15 16 a

68 505 109 40 packed
208 503 93 28 house.
353 498 57 29 The
449 507 175 28 programme

69 557 54 19 was
137 542 155 36 essentially
309 551 15 17 a
337 538 119 40 popular
475 547 61 24 one,
558 547 49 18 con-

68 587 100 28 fcistitT*
186 584 28 28 of
227 593 15 17 a
261 581 104 35 christy
386 577 124 30 minstrel
530 581 77 23 enter-

67 627 230 33 tainment,songs
308 620 55 29 and
375 619 101 37 nigger
484 616 139 37 sketches,

68 667 47 27 the
146 664 87 28 whole
266 660 167 35 concluding
469 658 66 25 with
575 658 46 25 the

68 703 98 39 highly
179 700 139 37 diverting
331 698 73 28 farce
556 695 64 27 with

68 743 149 32 Kindness.
221 740 17 15 0
278 741 33 27 in
337 738 46 29 the
560 743 61 30 part

66 787 47 26 Mr
125 783 44 30 W.
185 782 137 28 Kinaston
337 777 79 29 acted
429 787 30 17 as
474 775 131 27 interlocu-

68 828 52 32 tor,
146 822 53 29 and
225 820 103 29 Messrs
362 818 52 27 Cor
418 815 86 34 mack,
532 813 88 35 Scott,

68 863 86 39 Boyd,
186 861 53 30 and
267 858 107 30 Howell
407 865 70 19 were
509 864 36 18 on
572 854 47 28 the

67 914 118 19 corners.
224 902 57 27 The
301 898 121 38 opening
442 896 100 28 chorus
563 902 55 19 was

353 936 88 28 which
461 944 54 19 was
537 933 81 37 given

65 984 65 28 with
141 980 200 31 characteristic
351 978 88 37 vigor,
449 975 72 28 after
530 973 88 29 which

65 1024 46 29 Mr
124 1024 135 27 Bennetts
275 1029 69 25 sang
364 1018 46 27 the
459 1015 52 28 Old
534 1014 84 27 Folks

66 1067 27 24 at
236 1058 65 36 and,
315 1056 106 39 despite
431 1055 47 28 the
490 1055 53 26 fact
559 1053 58 27 that

66 1105 46 26 the
125 1112 71 26 song
215 1102 23 27 is
262 1099 92 29 rather
379 1093 170 39 hackneyed,
576 1093 42 28 Mr

65 1143 134 27 Bennetts
214 1148 49 29 got
276 1149 16 17 a
311 1136 142 36 flattering
468 1133 148 37 reception.

66 1183 46 27 Mr
126 1182 77 28 Scott
223 1189 69 25 sang
344 1175 141 29 Goodness
509 1173 61 29 how
586 1173 32 28 he

222 1230 16 17 a
270 1215 152 40 plantation
461 1223 71 28 song
565 1213 53 27 and

66 1262 95 32 dance,
177 1259 88 28 which
286 1257 65 29 took
371 1266 30 18 so
424 1254 56 29 well
503 1254 60 28 that
585 1253 34 28 he

66 1311 55 17 was
141 1299 111 38 obliged
273 1304 27 20 to
320 1300 102 33 repeat,
442 1294 55 27 and
518 1293 33 27 he
565 1304 54 15 was

66 1339 126 29 followed
217 1339 37 36 by
289 1337 43 27 Mr
351 1325 39 38 'j.
416 1333 107 38 George
553 1332 64 27 with

97 1378 163 39 Mississippi
436 1385 65 26 very
528 1372 88 39 nicely

68 1432 72 26 sung
153 1420 54 28 and
226 1418 89 29 which
337 1415 99 39 gained
457 1424 36 19 an
513 1423 107 20 encore.

28 1455 4 40 -
67 1460 48 28 Me
139 1460 84 35 Boyd,
247 1459 26 27 in
297 1457 47 26 the
370 1467 14 16 c
395 1455 61 26 >mic
482 1463 71 25 song
610 1455 11 24 i

67 1498 92 28 didn't
289 1495 41 28 till
567 1500 54 16 was

67 1537 181 36 exceedingly
280 1533 127 35 amusing
445 1530 54 29 and
539 1529 82 37 fairly

68 1578 121 37 brought
205 1577 79 27 down
300 1574 46 28 the
367 1573 93 31 house,
480 1570 55 27 and
549 1568 72 28 after

66 1618 56 28 him
137 1625 76 19 came
228 1615 41 28 Mr
291 1613 34 27 D.
351 1611 152 27 Robertson
519 1608 65 26 with
604 1618 15 16 a

67 1655 173 31 sentimental
250 1651 100 32 ballad,

66 1711 16 16 a
95 1697 98 35 taking
206 1705 70 25 song
290 1697 27 24 to
332 1690 89 29 which
445 1690 40 27 Mr
501 1688 102 28 Robert-

66 1748 50 19 son
142 1735 47 30 did
215 1733 47 30 full
287 1732 110 38 justice.
438 1729 46 28 Mr
511 1726 106 30 Howell

67 1788 69 27 sang
248 1775 23 27 G
283 1771 70 30 >lden
478 1768 28 27 in
521 1767 68 28 such
603 1777 16 17 a

67 1827 114 19 manner
193 1825 29 18 as
236 1819 28 24 to
276 1813 50 29 call
342 1810 75 29 forth
431 1820 34 16 an
480 1806 137 39 emphatic

68 1856 157 35 redemand,
239 1854 53 29 and
308 1853 43 27 Mr
365 1851 110 32 Dunne,
489 1848 60 27 who
565 1857 54 17 was

68 1901 67 24 next
172 1905 35 18 on
245 1895 46 27 the
329 1897 183 31 programme,
548 1896 71 28 gave

99 1938 95 32 Pretty
207 1933 74 40 pond
301 1932 77 28 lilies.
417 1927 47 30 Mr
476 1926 100 38 Iteilly,
589 1925 28 29 in

68 1977 47 28 the
128 1975 120 39 pathetic
268 1971 91 30 ballad
403 1968 82 28 Some
506 1966 52 37 day
575 1965 42 28 I'll

67 2017 112 28 wander
215 2013 72 30 back
470 2005 95 30 scored
603 2016 15 17 a

67 2066 117 24 success,
210 2053 54 28 and
289 2052 45 27 Mr
357 2046 142 34 Cormack,
526 2046 91 27 whose

66 2095 66 30 item
165 2093 120 37 brought
308 2090 54 28 this
387 2086 106 40 portion
516 2085 32 28 of
570 2085 46 27 the

66 2144 174 31 programme
241 2119 9 13 s
254 2137 28 24 to
292 2143 15 16 a
318 2131 80 33 close,
409 2137 69 29 gave
521 2125 95 29 That's

65 2177 48 29 the
142 2175 67 30 time
240 2177 28 25 to
301 2181 35 27 go
367 2170 22 27 it
415 2168 80 27 while
520 2166 94 37 you're

214 2226 16 16 a
255 2208 171 33 serio-comic
456 2207 73 36 ditty
555 2206 61 28 that

64 2256 108 28 elicited
184 2264 36 17 an
239 2250 160 39 imperative
412 2257 106 18 encore.
558 2246 57 27 The

64 2295 99 29 chorus
177 2293 113 38 singing
306 2290 28 28 in
356 2288 55 28 this
433 2289 63 35 part
518 2285 30 28 of
568 2285 48 28 the

64 2335 212 30 entertainment
290 2341 54 18 was
358 2328 46 29 the
430 2325 78 29 weak
529 2328 85 33 point,

62 2375 164 38 apparently
257 2369 164 36 evidencing
451 2366 165 28 insufficient

64 2404 153 41 rehearsal/
248 2412 68 29 Miss
340 2406 131 35 Ormoud,
488 2406 58 27 who
562 2415 54 18 was

62 2453 195 39 accompanist,
272 2461 53 18 was
340 2449 28 29 of
388 2446 120 29 material
520 2445 81 28 assist-

63 2505 67 18 ance
144 2498 29 25 to
186 2493 47 29 the
246 2490 86 30 whole
342 2488 30 30 of
383 2488 46 28 the
441 2485 172 38 performers.

62 2533 59 29 The
146 2535 155 26 characters
320 2531 28 26 in
374 2527 47 27 the
449 2526 70 27 farce
546 2533 70 19 were

62 2573 140 29 sustained
212 2572 38 36 by
261 2570 45 28 Mr
315 2568 79 30 Scott
403 2565 187 36 (hotelkeeper
592 2565 4 43 1
596 2568 16 27 ),

61 2614 48 29 Mr
128 2610 217 33 M'Grirkinshaw
372 2607 127 38 (visitor),
516 2603 45 29 Mr
585 2603 27 30 J.

61 2658 36 25 A.
131 2654 78 36 Boyd
245 2653 109 34 (stout),
397 2648 45 27 Mr
482 2645 132 29 Cormack

64 2685 116 43 (mild)/
203 2690 183 37 Throughout
400 2688 46 26 the
456 2685 97 28 sketch
569 2685 45 27 the
624 2685 1 43 j

59 2732 52 29 fun
125 2742 55 18 was
195 2730 168 37 uproarious,
384 2727 46 27 the
453 2724 87 28 antics
560 2723 54 28 and

60 2772 176 30 comicalities
261 2771 30 29 of
325 2768 101 30 Messrs
453 2764 78 37 Bryd
560 2763 53 30 and

61 2813 135 29 Cormack
219 2810 148 38 especially
391 2807 85 35 being
499 2805 99 28 exceed-

59 2848 79 43 ingly
150 2852 137 35 amusing.
332 2848 42 28 Mr
388 2846 87 38 Boyd,
488 2845 77 28 while
579 2855 35 18 on

59 2893 48 28 the
120 2896 88 31 stage,
221 2892 67 36 kept
301 2901 16 17 a
327 2889 112 28 simmer
449 2886 29 28 of
489 2885 127 38 laughter

61 2931 87 39 going
161 2931 33 27 all
211 2930 45 28 the
269 2930 75 33 time,
358 2927 54 28 and
435 2927 34 27 he
483 2935 54 18 was
551 2925 64 36 ably

60 2971 152 43 supported
224 2971 38 36 by
275 2970 47 28 the
335 2965 234 42 otherjuetnbers,
580 2975 36 19 an

21 3015 156 33 .''unusual
573 3005 28 28 in-

60 3055 82 28 fused
154 3055 59 26 into
233 3052 48 28 the
303 3049 88 29 whole
412 3047 107 28 sketch.
558 3046 58 27 The

61 3095 191 39 performance
276 3101 57 19 was
358 3086 153 32 concluded
542 3092 28 21 at
602 3095 15 18 a

61 3132 212 37 commendably
315 3128 74 37 early
429 3127 79 33 hour,
548 3125 71 28 after

62 3174 89 29 which
176 3173 78 27 those
280 3170 61 28 who
367 3166 106 29 wished
497 3168 30 26 to
556 3168 61 34 stay

62 3222 72 21 were
145 3210 107 30 invited
264 3210 38 36 by
315 3209 48 29 the
376 3207 64 29 club
450 3209 28 25 to
492 3215 16 18 a
522 3204 95 35 dance,

61 3256 30 26 at
102 3252 91 30 which
206 3250 69 30 Miss
289 3247 123 31 Ormond
434 3244 129 39 presided
589 3247 28 25 at

60 3293 48 28 the
125 3292 82 38 piano
219 3290 56 29 and
288 3290 46 28 Mr
348 3287 148 30 KinasttfL
501 3283 116 34 capably

60 3332 116 28 fulfilled
191 3332 47 27 the
252 3330 90 28 duties
356 3328 30 28 of
398 3326 75 29 M.C.

97 3372 58 28 The
168 3370 84 29 funds
266 3369 29 29 of
308 3369 47 28 the
374 3367 64 28 club
459 3376 71 19 were
551 3365 49 28 sub-

60 3412 142 37 stantially
222 3407 170 41 augmented
417 3407 39 38 by
480 3407 48 28 the
555 3416 47 28 pro-

61 3452 80 28 ceeds
155 3451 29 27 of
197 3452 46 27 the
257 3452 120 30 concert,
395 3447 48 28 the
456 3447 114 35 takings
589 3449 30 24 at

61 3491 48 28 the
122 3490 68 29 door
203 3488 164 35 amounting
381 3491 28 24 to
423 3487 66 28 l2.

121 3587 193 42 Christmas
349 3586 68 48 Day
446 3588 33 38 at
508 3583 56 41 the

249 3645 188 41 Churches.

100 3725 43 29 An
155 3725 129 35 ordinary
303 3723 105 27 service
428 3734 56 17 was
505 3723 64 28 held
590 3726 29 25 at.

63 3765 42 29 St.
119 3767 94 26 Jaines
228 3762 112 29 Church
354 3762 28 28 of
397 3762 130 38 England
543 3766 29 24 at
586 3763 26 26 11

61 3805 106 31 o'clock
183 3814 35 19 on
230 3803 153 30 Christmas
394 3802 137 38 morning.
559 3806 14 23 '!
585 3801 32 30 he

61 3846 105 28 service
190 3854 57 17 was
270 3847 49 24 not
352 3843 102 33 choral,
490 3843 51 27 but
568 3843 47 27 the

61 3884 126 30 organist
213 3882 57 34 (Mr
296 3881 130 35 Burton),
457 3881 63 28 who
562 3892 56 17 was

61 3926 122 37 present,
197 3921 101 39 played
311 3930 75 19 some
400 3920 101 39 special
522 3920 80 29 volun-

61 3964 94 30 taries.

100 4003 39 28 At
159 4000 41 29 St.
227 3999 106 38 Mary's
358 3999 107 29 Roman
494 3999 4 38 i
517 3999 101 29 atholic

61 4041 121 35 Church,
197 4050 72 19 mass
282 4048 56 20 was
348 4039 156 29 celebrated
514 4040 38 36 by
566 4040 47 28 the

60 4083 70 28 Rev.
152 4081 102 28 Father
265 4078 96 39 Coffey
371 4083 28 25 at
409 4080 15 28 7
434 4078 55 30 and
508 4081 27 26 11
552 4090 64 18 a.m.

60 4120 59 31 The
132 4121 70 37 high
214 4123 71 25 altar
298 4130 55 17 was
375 4119 161 36 artistically
565 4119 32 27 de-

60 4161 113 31 corated
208 4160 44 29 for
294 4159 49 30 the
385 4159 126 30 occasion
550 4158 67 30 with

63 4203 153 28 Christmas
230 4201 69 27 lilies
312 4200 56 27 and
385 4200 120 27 wreaths
518 4199 30 27 of
561 4200 56 35 ivy,

63 4242 80 37 hung
156 4240 28 28 in
197 4238 123 40 graceful
331 4238 134 35 festoons,
477 4238 47 28 the
535 4238 83 28 effect

62 4280 87 37 being
161 4290 68 25 very
242 4282 101 33 pretty.
365 4278 39 28 At
418 4278 67 37 high
502 4287 74 17 mass
589 4281 29 23 at

65 4320 31 27 11
114 4318 107 29 o'clock
241 4318 47 27 the
301 4317 68 27 Rev.
396 4316 105 28 Father
526 4315 93 38 Coffey

63 4357 140 31 delivered
214 4368 33 18 an
265 4356 161 39 impressive
448 4365 109 20 sermon
583 4367 35 17 on

63 4400 49 28 the
122 4398 119 30 festival.
281 4397 60 29 The
360 4397 85 34 choir,
455 4396 89 29 under
570 4396 48 29 the

63 4438 215 37 conductorship
291 4437 30 28 of
333 4435 47 29 Mr
392 4436 28 28 J.
434 4436 36 28 H.
490 4435 127 36 Waigth,

63 4488 71 27 sang
159 4478 48 28 the
550 4475 51 36 (No-

60 4518 97 29 veHo's
182 4516 206 38 arrangement)
414 4515 55 28 and
496 4515 118 31 Webb's

60 4568 74 19 mass
144 4554 260 36 inG.,Cherubini's

61 4598 85 37 being
246 4600 30 27 at
291 4596 48 30 the
356 4596 139 37 offertory.
547 4594 69 30 Miss

61 4682 47 28 the
331 4685 29 20 *s
398 4686 13 18 a
447 4676 169 37 concluding

58 4720 157 35 voluntary.
275 4717 98 29 Before
410 4716 48 28 the
498 4724 118 24 sermon,

59 4760 103 28 Father
176 4757 94 38 Coffey
284 4755 66 29 took
366 4755 47 27 the
435 4753 180 38 opportunity

60 4803 28 26 to
113 4798 88 30 thank
224 4797 48 29 the
307 4795 101 29 Misses
436 4792 102 29 Mullin
562 4791 56 29 and

58 4840 141 38 Finnigan
211 4838 45 27 for
269 4836 47 27 the
338 4832 137 30 beautiful
505 4831 97 28 decora-

58 4880 84 34 tions,
151 4878 56 28 and
216 4877 44 28 for
282 4874 73 30 their
376 4873 131 28 constant
527 4873 76 26 atten-

59 4920 60 28 tiou
131 4921 29 26 to
173 4917 48 28 the
230 4915 85 29 needs
328 4913 31 29 of
385 4912 47 29 the
458 4911 80 33 altar,
564 4909 55 28 and

60 4960 37 28 all
134 4959 80 28 those
253 4956 62 28 who
350 4953 55 28 had
443 4949 177 30 contributed

60 4999 118 31 flowers,
189 4999 45 24 etc
246 5016 8 12 ,
277 4993 56 28 and
357 4993 36 26 he
411 4991 58 27 also
495 4988 125 28 thauked

60 5037 48 29 the
124 5034 77 31 choir
211 5034 44 29 for
267 5031 73 31 their
357 5030 94 29 efforts
470 5031 28 25 to
520 5026 101 29 render

61 5078 48 27 the
122 5075 105 30 church
244 5072 119 31 services
377 5080 76 19 more
474 5066 146 31 beautiful.

678 213 183 48 Supposed
890 213 128 41 Double
1045 211 146 43 Suicide.

683 298 18 19 A
713 298 90 26 singular
812 298 59 21 affair
886 306 40 12 was
938 298 95 25 reported
1050 299 22 18 to
1091 297 35 19 the
1137 296 65 25 inspec-

657 325 33 20 tor
749 325 63 24 ro'ic-e
829 327 22 18 at
868 325 127 24 Wellington
1020 331 25 14 on
1068 323 90 25 Sunday,
1178 321 34 20 t!io

656 352 42 20 dic
706 359 54 13 ivrv
770 352 61 25 being;
837 352 59 22 made
904 353 21 20 in
936 352 34 21 the
981 352 52 21 bush
1040 352 20 19 at
1068 350 140 21 PHmmerton.

656 385 10 12 a
678 379 8 20 f
699 379 81 20 vourifo
796 380 77 20 snside
891 380 66 19 resort
970 386 49 13 near
1040 378 131 24 Wellington,
1190 375 22 20 of

656 406 34 20 Vi*
701 407 88 20 remains
795 406 22 21 of
826 413 12 12 a
850 413 47 14 man
904 406 40 21 and
955 413 12 13 a
976 412 85 13 woman.

680 432 43 21 The
733 433 102 20 skeletons
842 433 41 20 had
890 433 49 20 been
950 431 139 24 cnsiderably
1096 428 113 25 disturbed,

654 459 123 27 ai>pare:tlj
784 460 28 25 by
821 460 92 22 roan.in?
919 467 10 12 c
942 459 47 25 ttle,
998 458 37 20 hut
1042 458 35 19 the
1084 456 65 20 skulls
1159 461 51 14 were

655 487 72 25 inr.ic',
747 486 39 21 and
803 487 20 20 in
838 486 49 21 each
901 493 40 13 was
950 493 11 13 a
971 485 65 20 bullet
1045 482 82 26 wound,
1156 481 54 20 Neir

656 514 24 24 by
693 515 40 18 two
744 514 101 20 revolvers
856 520 52 13 were
917 513 71 22 found,
999 512 42 19 also
1051 519 11 12 a
1082 509 72 22 bottle,
1169 508 40 21 and

656 540 34 22 the
707 540 62 22 Jat:er
785 541 108 21 contained
911 547 12 14 a
937 541 47 19 note
1002 538 77 25 statins;
1098 536 45 21 that
1160 536 47 20 thev

655 576 50 12 were
716 569 52 20 tired
778 569 21 19 of
809 569 35 19 life
854 568 39 20 and
906 568 39 19 had
958 564 127 24 determined
1094 566 21 18 to
1125 564 82 21 destrov

654 594 135 25 themselves;
803 594 91 27 further,
904 594 47 21 that
961 593 45 20 who
1016 592 50 25 they
1077 597 51 14 were
1138 596 39 14 was
1187 589 21 20 of

652 630 26 14 no
687 630 10 14 c
704 629 127 20 )r.sequenc.
862 622 23 21 In
901 622 35 20 the
953 620 66 22 bottle
1035 625 51 15 were
1102 625 62 14 seven
1179 616 26 23 1

652 653 57 16 n-.ttes
720 649 37 21 left
765 651 31 18 for
806 650 36 19 the
852 649 64 19 burial
927 649 21 19 of
958 649 36 18 the
1005 646 74 21 bodies.

680 677 12 18 A
708 677 142 22 p:>rn.nnte,)ii
861 674 64 20 found
934 674 19 19 in
964 674 34 19 the
1007 672 84 24 vicinity
1097 670 109 21 contained

650 709 10 12 a
696 702 50 21 New
756 702 16 19 Z
784 701 61 21 aland
962 698 62 22 dated
1043 698 88 21 October
1148 697 24 20 24
1184 696 21 21 h.

653 729 55 26 1894,
719 736 24 13 hu
752 729 32 20 lit
795 729 16 20 is
821 728 101 26 supposed
932 728 47 20 that
988 728 16 19 is
1014 726 63 21 about
1087 725 34 20 the
1129 724 26 21 da
1158 724 3 31 f
1162 731 15 14 .e
1186 724 21 21 of

652 757 33 20 the
696 757 63 24 tngic
769 755 97 21 incident-.

675 784 64 19 Thf-re
751 785 15 17 is
776 783 87 23 nothing
872 783 22 18 to
903 782 89 19 indicate
1007 781 35 19 the
1058 787 69 12 names
1140 779 22 20 of
1172 779 35 20 the

650 810 87 25 victims,
746 809 38 21 hut
795 809 16 20 it
821 809 16 20 is
848 804 91 25 believed
950 808 49 25 they
1005 807 54 20 went
1069 809 37 18 out
1117 807 25 23 by
1152 806 54 20 train

649 837 38 20 and
706 844 10 13 c
730 836 96 20 mmitted
844 836 36 19 the
898 835 46 20 rash
962 837 40 18 act.
1030 834 43 20 The
1092 839 13 21 p
1111 832 47 23 die
1170 839 35 15 are

649 863 102 28 inquirirr*
762 870 20 13 as
794 866 21 17 to
824 863 83 25 missing
917 869 83 19 p-rsons
1014 860 63 21 about
1091 861 46 20 that
1148 860 57 21 time.

676 893 27 19 At
715 892 35 19 ihe
851 891 36 19 the
898 889 84 20 medical
1002 889 111 25 testimony
1123 888 80 20 showed

650 918 122 21 ih-woman
783 919 22 19 to
815 917 25 21 be
849 916 66 22 under
923 916 25 20 21
963 916 39 20 and
1022 916 35 19 the
1077 923 46 12 man
1141 916 64 19 about

649 945 41 21 mid
699 946 26 20 lie
734 951 43 19 agf.
808 945 16 19 A
838 944 76 20 verdict
928 943 22 21 of
961 943 76 21 suicide
1049 949 38 15 was
1097 942 108 22 returned.

836 1013 197 39 Beaumont.

790 1100 61 24 (Own*
865 1099 101 20 Corrksp
976 1098 97 25 xden't.)

676 1138 110 25 (Received
798 1140 33 18 too
842 1138 41 20 late
893 1137 32 20 f'.r
935 1137 124 24 publication
1067 1136 20 20 in
1097 1142 37 14 our
1144 1135 40 20 last

897 1164 70 25 issue.)

687 1194 76 27 Even
780 1203 62 17 now
861 1192 216 35 electioneering
1087 1190 23 28 is
1125 1190 54 27 still
1195 1200 14 16 a

650 1234 73 38 topic
750 1233 28 28 of
806 1232 192 29 conversation
1030 1241 101 26 among
1159 1239 50 18 our

650 1274 170 36 community
843 1273 79 27 when
950 1272 65 35 they
1045 1272 110 36 happen
1182 1272 28 25 to

649 1317 73 24 meet
735 1313 27 27 in
778 1312 102 37 parties
897 1312 29 27 of
939 1321 66 18 over
1018 1310 62 28 four
1101 1319 31 18 or
1146 1309 62 33 five,

650 1352 53 30 and
718 1356 56 25 two
788 1355 47 25 out
856 1350 29 30 of
904 1361 83 26 every
1007 1350 78 28 three
1101 1358 45 19 are
1161 1351 48 25 not

652 1392 147 30 backward
832 1392 28 28 in
892 1391 99 36 saying
1024 1390 59 28 that
1116 1389 22 28 if
1164 1389 46 28 the

652 1434 116 28 election
783 1444 54 16 was
852 1432 101 35 fought
971 1442 66 16 over
1049 1430 82 35 ngain
1144 1429 66 36 they

653 1472 90 26 would
763 1475 63 23 vote
846 1470 44 27 for
910 1470 45 27 Mr
976 1469 137 27 Rawlins.'
1146 1468 48 25 Evi-

652 1509 97 39 dently
763 1509 45 28 Mr
821 1507 131 31 Larmach
968 1511 49 31 got
1027 1507 80 28 home
1121 1506 27 27 in
1164 1505 46 28 the

651 1551 64 26 nick
730 1551 29 26 of
773 1550 76 32 time,
870 1549 63 33 and,
948 1547 133 37 although
1097 1547 34 26 he
1154 1545 52 28 had

650 1600 16 17 a
680 1589 67 28 hard
772 1599 59 23 run,
847 1587 14 28 I
883 1598 42 17 am
941 1587 139 28 confident
1101 1585 34 27 he
1157 1584 53 27 will

650 1632 49 24 not
714 1628 36 28 let
764 1627 61 28 that
838 1626 131 28 interfere
984 1625 66 27 with
1065 1625 41 28 his
1121 1624 86 36 doing

650 1669 43 27 his
707 1669 62 27 best
784 1667 43 28 for
845 1666 42 28 his
909 1665 192 36 constituency
1121 1668 29 24 to
1164 1664 46 28 the

650 1712 96 24 extent
760 1707 31 28 of
811 1707 41 27 his
873 1705 162 28 undoubted
1058 1705 107 37 ability,
1180 1715 30 18 so

649 1748 43 28 for
715 1748 47 27 the
790 1751 66 24 next
884 1747 76 27 three
986 1755 79 29 years
1093 1756 39 16 we
1159 1754 50 18 can

650 1788 101 27 reckon
767 1798 35 17 on
817 1787 86 37 being
917 1785 60 29 well
993 1784 187 39 represented.

680 1827 58 28 The
747 1827 53 28 last
811 1826 57 29 rain
879 1836 87 18 seems
977 1829 28 24 to
1014 1825 70 28 have
1096 1824 109 29 revived

649 1878 50 17 our
712 1867 112 28 cereals.
864 1866 28 28 It
904 1865 58 37 just
977 1876 76 17 came
1063 1865 26 28 in
1101 1865 66 28 time
1181 1867 29 25 to

649 1917 64 17 save
715 1906 59 28 if
795 1912 47 21 not
856 1916 15 17 a
892 1905 102 28 famine
996 1915 53 17 a
1063 1914 66 28 very
1143 1914 67 27 poor

649 1957 105 17 senson.
797 1945 58 29 The
865 1944 150 29 continued
1025 1944 58 28 dull
1091 1944 119 28 weather

647 1986 54 28 and
723 1986 47 28 the
798 1985 87 39 slight
906 1984 153 29 occasional
1085 1984 121 28 showers

647 2036 45 18 are
717 2026 125 37 keeping
868 2025 47 27 the
949 2025 131 27 moisture
1106 2024 29 27 in
1161 2024 47 27 the

646 2065 119 38 ground,
782 2064 56 28 and
854 2064 72 38 good
941 2074 81 27 crops
1037 2074 62 27 may
1112 2067 47 33 yet
1173 2063 34 27 be

646 2106 46 27 the
707 2105 95 28 result.

683 2146 58 28 Our
762 2156 76 18 races
861 2146 55 27 and
937 2147 91 35 sports
1049 2144 156 28 committee

645 2186 49 28 has
708 2186 134 38 provided
864 2196 31 17 us
912 2186 65 27 with
992 2195 16 17 a
1028 2193 175 29 programme

646 2227 88 27 which
748 2226 97 28 should
857 2236 84 27 prove
952 2236 16 17 a
977 2224 74 38 good
1061 2224 67 37 days
1142 2227 47 25 out-

643 2267 49 35 ing
706 2266 43 27 for
762 2266 43 26 all.
848 2266 65 27 Two
934 2268 70 24 trots
1024 2264 55 27 and
1099 2274 16 16 a
1131 2262 71 28 hack

645 2314 68 26 race,
736 2304 108 30 besides
866 2305 47 28 the
933 2303 78 30 usual
1033 2302 169 30 Caledonian

644 2356 104 28 games,
759 2356 46 18 are
815 2356 34 18 on
860 2346 46 28 the
917 2354 186 29 programme.
1143 2343 58 28 The

643 2389 82 24 event
739 2385 78 28 takes
832 2386 77 36 place
923 2395 34 18 on
972 2384 47 28 the
1040 2393 160 19 racecourse

643 2436 35 17 on
694 2424 176 38 Wednesday
884 2426 47 27 the
952 2424 76 35 30th,
1043 2423 64 34 and,
1122 2433 29 18 as
1164 2422 36 28 all

643 2469 96 23 events
763 2476 44 17 are
830 2468 61 34 p>st
911 2468 91 34 entry,
1024 2464 47 28 the
1093 2462 64 30 field
1177 2462 23 29 is

644 2505 84 36 likely
741 2508 27 25 to
778 2506 34 27 be
827 2515 15 18 a
852 2505 75 37 large
948 2514 60 19 one.
1049 2503 58 28 The
1121 2513 63 19 sanc-

644 2546 57 26 tion
724 2545 29 27 of
775 2546 45 26 the
848 2544 124 28 Dunedin
996 2543 108 37 Jockey
1127 2542 71 29 Club

644 2584 47 28 has
708 2584 69 29 been
797 2584 139 35 obtained,
950 2582 55 30 and
1026 2583 82 39 given
1123 2582 74 39 good

645 2626 125 33 weather,
785 2626 54 28 ami
853 2636 50 22 our
920 2624 76 30 usual
1011 2624 73 38 good
1096 2623 74 36 luck,
1184 2634 16 18 a

645 2666 83 36 really
752 2666 143 35 enjoyable
916 2666 54 35 day
993 2666 23 26 is
1040 2664 95 28 before
1158 2674 40 17 us.

643 2704 53 28 We
715 2705 55 27 will
784 2706 34 26 be
838 2705 65 37 glad
917 2708 30 24 to
969 2714 45 17 see
1034 2714 70 27 your
1124 2702 74 37 good

643 2747 73 25 town
744 2744 178 38 represented
949 2743 28 29 in
1008 2743 47 28 the
1087 2741 113 30 athletic

643 2795 91 19 arena.
779 2785 113 38 [Owing
913 2789 28 25 to
962 2785 46 28 the
1029 2784 171 37 inclemency

643 2825 30 27 of
685 2825 47 27 the
746 2826 120 28 weather
897 2825 48 27 the
983 2824 87 28 above
1106 2828 93 33 sports

644 2874 72 18 were
739 2864 141 38 posponed
903 2864 41 29 till
973 2863 147 39 Saturday,
1144 2862 57 29 2nd

643 2904 146 38 January.]

646 2982 184 49 Roxburgh
875 2982 146 40 Athletic
1066 2981 134 48 Sports.

710 3066 166 30 ANNUAL
897 3064 239 31 GATHERING.

711 3144 26 28 A
769 3142 102 31 MOST
905 3141 244 31 SUCCESSFUL

837 3194 186 27 MEETING.

645 3262 114 26 President,
796 3261 33 20 Mr
880 3260 126 25 Kirkwood;
1028 3260 177 26 vice-presidents,

695 3289 75 21 Messrs
780 3287 24 22 L.
824 3288 23 21 E.
870 3288 84 26 Haines,
973 3287 50 21 Jno.
1043 3288 109 25 Bennetts,
1171 3286 33 22 W.

695 3316 59 25 Bain,
764 3316 45 21 Jas.
820 3315 82 26 Elliott,
912 3314 40 21 and
962 3314 27 21 R.
1007 3314 92 26 George;
1116 3314 89 25 running

695 3343 156 25 han'dicappers,
861 3342 75 21 Messrs
943 3342 25 21 E.
977 3342 26 20 A.
1012 3341 61 25 Hart,
1081 3342 26 20 R.
1116 3340 89 26 George,

695 3370 49 21 Jno.
771 3370 116 24 Bennetts;
912 3370 82 24 starter,
1016 3368 33 20 Mr
1077 3367 32 22 W.
1138 3367 51 20 Bain
1201 3367 4 27 ;

695 3398 73 26 judges
778 3396 21 22 of
809 3396 96 28 running,
913 3396 76 21 Messrs
997 3396 32 21 W.
1039 3396 22 26 J,
1073 3394 83 23 Manual
1165 3394 40 22 and

695 3426 43 21 Jms.
750 3426 86 24 Elliott;
851 3424 94 27 quoiting
955 3424 155 26 handicappers,
1130 3424 73 20 Messrs

696 3453 103 20 Kinaston
823 3452 41 21 and
877 3452 93 24 O'Leary
982 3459 6 17 ;
1003 3451 102 24 wrestling
1123 3450 82 26 judges,

700 3479 72 20 Messrs
795 3478 119 24 Kirkwood,
941 3478 107 24 Bennetts,
1068 3473 41 25 and
1131 3476 57 27 Boyd
1199 3483 5 18 ;

696 3506 72 27 judges
776 3506 92 20 hammer
874 3505 40 21 and
921 3506 67 24 stone,
998 3502 72 23 Messrs
1079 3504 35 21 W.
1124 3504 81 26 Goorge

696 3533 40 21 and
750 3533 26 21 R.
793 3533 143 23 Woodhouse;
951 3532 78 25 bicycle
1044 3532 159 24 handicappers,

696 3560 74 21 Messrs
791 3560 137 24 Winchester,
950 3559 61 24 Hart,
1029 3559 41 21 and
1099 3557 84 22 Michell
1196 3565 5 17 ;

696 3587 93 26 quoiting
809 3587 80 26 judges,
903 3586 73 21 Messrs
990 3586 23 21 J.
1032 3586 73 21 Elliott
1121 3585 41 22 and
1176 3585 29 22 R.

697 3615 91 25 George;
815 3615 144 24 management
979 3613 128 26 committee,
1129 3613 76 20 Messrs

698 3642 25 20 R.
734 3642 65 24 Scott,
811 3641 28 20 H.
850 3641 25 19 A.
890 3640 109 25 Tamblyn,
1009 3640 22 20 J.
1049 3639 116 25 Camohell,
1178 3639 26 20 B.

697 3669 27 21 V.
736 3668 75 26 Reilly,
822 3668 24 21 P.
855 3667 101 25 O'Reilly,
964 3667 28 20 H.
1003 3667 68 26 Craig,
1083 3661 23 27 F.'
1114 3666 90 26 Palmer,

697 3696 25 21 O.
746 3695 68 22 Grave
825 3702 5 16 ;
852 3694 134 26 timekeeper,
1014 3694 33 20 Mr
1067 3696 26 19 A.
1111 3694 74 26 Young
1197 3701 6 18 ;

698 3723 99 23 secretary
804 3721 40 20 and
856 3723 110 23 treasurer,
978 3721 30 19 Mr
1015 3721 21 20 J.
1050 3721 24 21 A.
1088 3721 64 25 Boyd.

686 3753 142 30 Favoured
839 3753 37 36 by
886 3753 178 37 magnificent
1076 3753 127 36 weather,

648 3795 55 29 and
718 3794 65 29 with
797 3793 35 29 all
847 3793 47 29 the
915 3802 144 29 necessary
1073 3794 131 29 elements

648 3837 43 27 for
722 3847 16 16 a
778 3837 71 25 most
887 3833 152 29 successful
1072 3834 131 36 meeting,

648 3876 47 28 the
744 3872 102 30 annuil
889 3873 149 35 gathering
1086 3874 30 28 of
1154 3873 46 29 the

648 3913 156 36 Roxburgh
838 3911 122 28 Athletic
995 3911 98 39 Sports
1121 3913 81 33 Club,

648 3954 87 29 which
756 3963 55 18 was
833 3951 65 29 held
921 3961 35 19 on
978 3952 47 28 the
1052 3953 150 29 recreation

645 4002 110 20 reserve
767 4002 35 18 on
824 3991 147 37 Saturday,
989 3991 123 40 (Boxing
1127 3992 72 37 Day)

646 4033 99 38 passed
771 4031 40 30 off
834 4030 116 29 without
975 4041 16 18 a
1016 4032 87 29 hitch.
1155 4033 46 28 An

646 4072 146 30 ambitious
813 4081 176 29 programme
1008 4082 55 19 was
1086 4075 50 36 put
1155 4072 33 29 be-

646 4115 59 26 fore
724 4113 47 28 the
791 4111 104 38 public,
908 4111 55 27 and
985 4113 49 28 the
1055 4113 66 33 fact,
1143 4112 60 28 that

647 4153 46 29 the
724 4152 64 29 club
814 4150 55 30 had
891 4150 193 41 considerably
1114 4162 72 29 augu-

646 4193 111 29 mented
771 4193 46 28 the
831 4192 74 37 prize
914 4191 79 35 fund,
1006 4193 158 36 increasing
1177 4193 22 27 it

647 4233 70 28 from
731 4232 127 37 previous
878 4240 79 28 years
980 4232 38 37 by
1035 4233 84 28 about
1134 4231 69 35 lO,

648 4272 116 37 making
775 4282 16 17 a
804 4271 68 28 total
892 4270 32 29 of
935 4271 60 30 SO
1013 4272 74 37 prize
1101 4282 100 25 money

646 4310 102 29 offered
768 4310 55 28 this
843 4320 74 25 year,
939 4310 134 29 rendered
1097 4319 104 27 energy

646 4361 35 19 on
695 4349 48 30 the
755 4353 63 36 part
828 4348 29 29 of
870 4348 48 29 the
937 4349 158 30 committee
1107 4359 81 19 neces-

647 4402 71 27 sary,
737 4394 219 26 commensurate
975 4391 67 28 with
1062 4390 73 29 their
1152 4400 33 18 en-

647 4431 123 38 terprise.
823 4429 58 28 The
907 4431 173 37 experiment
1105 4429 30 29 of
1159 4429 28 27 in-

647 4471 126 38 creasing
787 4470 47 29 the
844 4469 74 39 prize
929 4480 98 30 money
1037 4480 55 17 was
1102 4468 101 29 looked

646 4520 36 20 on
695 4521 31 18 as
738 4522 16 17 a
767 4508 150 31 somewhat
930 4507 130 32 doubtful
1069 4518 61 25 one,
1140 4518 30 18 as
1180 4508 23 28 it

645 4549 121 31 entailed
780 4549 47 28 the
846 4548 126 29 absolute
992 4548 136 36 certainty
1143 4547 32 27 of
1187 4557 16 17 a

644 4589 52 31 full
710 4599 124 20 measure
847 4588 30 29 of
895 4588 95 38 public
1009 4589 129 35 support,
1150 4586 53 28 but

646 4631 47 28 the
725 4629 116 28 wisdom
874 4628 30 28 of
934 4628 49 28 the
1020 4624 183 32 committee's

645 4669 91 29 action
764 4678 57 18 was
846 4666 105 38 proved
983 4666 39 35 by
1047 4665 49 27 the
1126 4664 78 35 large

646 4709 118 28 number
776 4708 30 28 of
818 4707 103 29 entries
929 4706 45 29 for
983 4705 37 28 all
1029 4706 107 30 events,
1147 4701 56 28 and

646 4748 48 28 the
706 4748 53 36 big
769 4746 166 28 attendance
954 4743 111 29 showed
1082 4742 61 27 that
1157 4741 47 26 the

646 4786 95 38 public
766 4785 71 38 fully
869 4782 137 31 endorsed
1036 4781 47 29 the
1109 4788 97 21 course

647 4825 129 37 adopted.
825 4824 131 27 Between
980 4822 64 27 four
1070 4819 55 28 and
1150 4819 54 27 five

648 4863 127 29 hundred
789 4861 98 40 people
900 4870 73 19 were
985 4870 37 18 on
1037 4859 47 30 the
1094 4857 110 40 ground

648 4903 56 28 and
722 4903 49 27 the
785 4911 66 27 very
872 4899 177 37 satisfactory
1068 4903 95 23 return
1176 4897 30 28 of

648 4943 58 29 l9
720 4951 55 19 was
789 4939 96 30 netted
907 4943 29 24 at
950 4939 49 28 the
1019 4941 88 36 gates.
1147 4937 62 30 The

649 4991 86 19 scene,
746 4991 36 18 on
805 4980 48 27 the
879 4978 125 38 grounds
1026 4988 56 17 was
1102 4988 16 17 a
1139 4988 68 26 very

648 5019 141 29 animated
814 5026 53 20 one
889 5017 105 38 during
1013 5017 49 28 the
1081 5016 63 36 day,
1166 5025 41 25 as,

649 5060 96 30 beside
770 5059 50 30 the
831 5060 153 36 spectators
1001 5057 61 30 who
1072 5056 76 30 lined
1158 5056 48 29 the

649 5109 105 23 course,
768 5098 52 27 full
836 5098 157 36 advantage
1003 5105 54 19 was
1070 5097 83 27 taken
1168 5097 37 34 by

649 5138 93 40 picnic
762 5136 103 40 parties
869 5157 8 13 f
898 5135 56 29 and
975 5135 103 36 others,
1103 5134 30 30 of
1158 5134 48 28 the

649 5177 111 30 natural
792 5175 186 41 grand-stand
1019 5174 189 38 surrounding

649 5219 48 28 the
711 5227 105 25 course,
827 5217 48 28 the
884 5215 81 29 rocks
975 5216 55 28 and
1041 5211 167 43 profections

650 5258 105 31 shaded
766 5258 35 37 by
813 5257 49 28 the
869 5256 64 28 hills
942 5255 122 38 forming
1072 5253 136 30 excellent

650 5299 97 39 coigns
760 5298 30 29 of
809 5299 129 35 vantage,
959 5296 72 29 from
1051 5294 90 30 which
1161 5294 48 28 the

650 5341 93 35 sports
761 5336 81 30 could
856 5337 35 28 be
910 5335 145 35 observed,
1072 5334 94 34 .while,
1180 5336 30 25 at

653 5378 47 28 the
714 5386 75 19 same
806 5376 76 33 time,
896 5376 49 28 the
964 5374 77 29 dolce
1061 5373 44 29 far
1118 5372 92 28 niente

651 5418 92 38 might
761 5417 36 28 be
818 5414 136 37 indulged
978 5414 118 29 without
1119 5412 38 29 let
1178 5422 32 18 or

649 5456 160 30 hindrance.
861 5453 59 29 The
945 5452 158 39 Roxburgh
1124 5452 85 28 Brass

651 5497 80 28 Band
743 5496 90 28 under
848 5495 103 28 Messrs
963 5489 48 33 W.
1025 5491 115 31 Telford
1152 5490 56 29 and

652 5537 19 28 A
679 5555 10 11 .
707 5535 96 30 Peters
820 5531 71 40 (who
916 5532 99 30 shared
1029 5532 47 30 the
1096 5531 71 38 duty
1180 5529 30 29 of

649 5576 133 38 weilding
806 5574 49 30 the
879 5574 108 35 baton),
1002 5582 72 19 were
1098 5581 37 20 on
1161 5570 49 29 the

649 5615 122 39 ground,
794 5613 55 31 and
869 5612 109 39 greatly
998 5609 144 32 enhanced
1161 5609 49 30 the

649 5652 164 32 attraction's
830 5651 30 31 of
878 5652 49 30 the
946 5652 132 38 meeting,
1090 5649 120 40 playing

651 5706 16 18 a
679 5703 68 30 vetfy
759 5692 96 33 varied
879 5701 177 31 programme
1077 5691 31 31 of
1121 5689 73 31 selec-

1234 201 84 47 ftions
1339 205 167 39 splendidly.
1547 202 111 37 Daring
1685 201 47 28 the
1753 199 53 38 day

1234 233 1 53 |
1247 247 43 28 Mr
1304 246 84 29 Robfc.
1409 244 87 28 Adair
1510 243 57 28 also
1592 239 146 31 enlivened
1758 240 48 27 the

1244 284 182 39 proceedings
1447 282 66 28 with
1534 281 41 27 his
1597 281 135 36 bagpipes
1749 279 56 27 and

1242 326 42 27 his
1312 324 86 28 music
1425 333 56 17 was
1506 320 84 28 much
1617 317 186 39 appreciated.

1242 366 45 26 Mr
1333 364 34 28 R.
1416 361 137 29 Kinaston
1602 357 111 30 catered
1760 356 44 29 for

1240 404 47 28 the
1322 402 93 40 public
1462 404 29 24 at
1531 399 47 28 the
1618 397 184 28 refreshment

1239 444 94 34 booth,
1367 441 54 27 and
1455 441 43 26 his
1531 437 101 38 supply
1666 436 30 28 of
1727 435 74 37 good

1238 483 96 31 things
1348 491 56 17 was
1424 477 154 31 exhausted
1600 475 106 30 several
1720 475 80 28 times

1238 515 79 37 oveiC
1367 521 38 28 At
1430 521 47 27 the
1509 519 68 28 fruit
1604 516 62 29 stall
1699 514 47 29 Mr
1771 514 28 29 J.

1238 562 138 37 Tamblyn
1393 572 56 16 was
1468 561 57 27 also
1547 559 68 36 kept
1635 567 68 27 very
1719 556 80 36 busy,

1239 602 40 30 bis
1292 602 96 30 choice
1410 601 66 28 fruit
1498 599 85 39 being
1598 608 67 29 very
1689 599 94 35 accept-

1236 644 61 26 able
1337 643 102 32 during
1480 641 47 27 the
1579 641 49 26 hot
1667 637 130 28 weather.

1240 681 101 29 Messrs
1361 681 32 27 G.
1416 678 123 29 Oniond
1561 677 55 28 and
1637 677 30 27 T.
1691 675 107 28 Howell

1236 719 156 32 conducted
1406 731 15 18 a
1436 719 132 38 shooting
1587 717 107 38 gallery
1710 715 88 28 which

1238 773 53 17 was
1305 762 61 28 well
1381 759 169 41 pitronised.
1592 760 24 26 A
1637 757 119 28 number
1769 755 30 29 of

1237 802 47 28 the
1696 796 101 36 always

1236 841 28 29 in
1278 842 131 29 evidence
1424 849 28 20 at
1468 839 135 38 meetings
1616 837 28 28 of
1658 837 47 28 the
1718 835 79 35 kind,

1238 893 70 17 were
1322 893 33 18 on
1379 882 49 27 the
1451 879 119 37 ground,
1594 878 55 29 and
1673 880 72 25 most
1767 875 30 29 of

1237 923 74 28 them
1327 923 47 27 did
1389 932 15 17 a
1424 919 77 30 brisk
1522 919 136 33 business
1672 928 16 17 a
1701 915 80 29 black-

1238 963 87 28 board
1346 964 15 13 ''
1475 960 108 37 finding
1607 961 72 26 rao.st
1699 956 99 29 favour

1238 1015 29 16 as
1281 1015 16 16 a
1311 1003 119 29 medium
1446 1001 43 28 for
1504 999 180 38 speculation.

1275 1043 59 27 The
1347 1050 175 30 programme
1536 1039 83 33 itself,
1639 1047 29 18 as
1691 1035 106 29 carried

1239 1087 57 30 out,
1311 1093 51 18 can
1376 1081 64 37 only
1455 1081 36 37 by
1506 1079 106 38 spoken
1627 1077 29 28 of
1669 1076 28 28 in
1712 1079 85 24 terms

1240 1123 28 27 of
1307 1119 146 32 commend
1462 1120 76 28 ition.
1597 1116 201 34 Praiseworthy

1239 1162 173 38 punctuality
1427 1169 54 19 was
1491 1169 17 18 a
1516 1158 106 30 feature
1633 1156 30 28 of
1677 1156 47 27 the
1733 1154 64 37 day,

1240 1212 81 26 every
1336 1204 82 25 event
1434 1199 84 36 being
1539 1201 50 34 got
1612 1196 40 27 off
1671 1199 28 24 to
1720 1195 77 32 time,

1240 1241 54 28 and
1309 1241 46 28 the
1369 1241 44 27 wh
1425 1240 32 28 >le
1469 1248 32 28 pr
1513 1245 131 31 'gramme
1664 1244 55 18 was
1733 1243 49 19 con-

1240 1281 99 28 cluded
1362 1280 96 29 bef-re
1495 1279 15 27 0
1545 1287 67 27 p.m.
1665 1274 35 28 In
1743 1272 56 29 this

1240 1320 164 29 connection
1415 1319 48 28 the
1472 1321 123 34 greatest
1612 1314 88 29 credit
1708 1313 24 28 is
1746 1312 54 28 due

1241 1364 27 25 to
1284 1360 45 28 Mr
1342 1357 88 40 Boyd,
1446 1359 60 27 who
1521 1357 22 28 is
1567 1355 59 29 well
1641 1354 104 29 known
1768 1361 30 20 as

1240 1399 181 40 auenergetic
1431 1398 55 29 and
1496 1401 145 26 courteous
1651 1396 149 35 secretary,

1241 1442 55 27 and
1310 1446 28 23 to
1352 1441 48 27 the
1414 1440 136 27 members
1564 1438 29 27 ot
1611 1436 48 28 the
1672 1434 109 29 commit-

1242 1484 50 28 tee,
1305 1480 71 31 who,
1386 1488 52 17 one
1447 1479 54 24 ami
1512 1477 44 32 all,
1568 1484 69 18 were
1646 1474 154 35 unsparing

1240 1517 30 28 of
1284 1517 71 29 their
1375 1517 108 29 trouble
1498 1519 27 25 to
1541 1514 81 29 make
1636 1512 47 30 the
1706 1515 93 34 sports

1240 1568 15 16 a
1269 1566 118 19 success.
1428 1556 57 28 The
1496 1558 71 25 most
1579 1553 115 38 popular
1703 1554 97 26 events

1241 1607 70 17 were
1348 1594 192 37 undoubtedly
1579 1594 47 27 the
1680 1591 120 37 cycling,

1242 1635 149 35 wrestling,
1407 1634 52 29 and
1477 1634 121 36 running
1619 1635 105 31 events,
1746 1629 54 29 and

1240 1677 29 27 of
1282 1676 47 28 the
1343 1676 60 28 first
1417 1674 110 33 named,
1548 1675 89 34 Scott,
1661 1672 62 28 who
1746 1681 54 17 was

1240 1717 27 27 in
1283 1717 126 37 splendid
1424 1718 78 29 form,
1527 1725 57 16 won
1611 1714 76 27 three
1708 1714 48 26 out
1771 1711 30 28 of

1241 1757 62 28 four
1327 1766 84 19 races.
1452 1756 57 28 The
1541 1754 144 36 wrestling
1707 1751 93 29 match

1240 1807 55 18 was
1317 1806 68 28 very
1408 1796 98 36 evenly
1530 1793 152 35 contested,
1705 1791 95 38 nearly

1240 1848 82 26 every
1337 1837 64 27 heat
1416 1836 144 38 requiring
1574 1836 78 26 three
1674 1831 74 35 falls,
1760 1834 40 29 .to

1240 1888 84 26 prove
1338 1877 47 27 the
1400 1877 61 27 best
1477 1886 72 17 man.
1571 1874 58 28 The
1641 1873 59 28 foot
1723 1881 76 18 races

1240 1916 111 28 showed
1376 1916 45 27 the
1447 1914 210 37 handicapping
1680 1915 28 25 to
1730 1911 70 29 have

1239 1957 69 27 been
1325 1956 59 28 well
1399 1955 106 38 judged
1519 1965 30 17 as
1573 1956 47 25 the
1642 1952 112 27 finishes
1772 1951 27 26 in

1239 1996 36 28 all
1287 1996 46 28 the
1348 2005 75 19 races
1445 2005 70 19 were
1537 2004 65 27 very
1630 1992 81 29 close.
1752 1988 47 31 W.

1238 2036 93 33 Toms,
1365 2046 16 16 a
1414 2045 68 26 very
1515 2033 153 38 promising
1705 2040 96 28 young

1238 2085 112 24 runner,
1399 2073 128 29 annexed
1575 2072 48 28 the
1677 2070 124 34 Maiden,

1238 2114 117 35 Hurdle,
1381 2114 55 29 and
1461 2114 46 28 the
1537 2111 147 31 Half-mile
1701 2109 83 30 handi-

1237 2165 74 28 caps,
1332 2154 56 29 and
1411 2155 42 27 his
1480 2154 68 28 wins
1568 2163 71 18 were
1665 2150 135 38 certainly

1235 2195 62 28 well
1311 2195 145 29 deserved.
1500 2194 51 28 We
1564 2192 111 39 append
1698 2191 102 29 results

1234 2235 29 27 in
1280 2235 47 27 the
1341 2235 110 27 various
1465 2238 98 24 events
1576 2245 5 15 :

1233 2283 84 29 Boys'
1329 2283 75 29 Race
1425 2283 99 35 (under
1538 2282 30 29 13
1579 2282 103 37 years),
1693 2279 53 39 100
1746 2279 54 39 yds

1308 2365 27 27 J.
1352 2365 73 26 Kirk
1434 2363 77 29 wood
1636 2385 29 5 ...
1709 2363 13 26 1

1309 2405 33 29 It.
1359 2404 75 28 Kirk
1441 2403 78 29 wood
1636 2424 29 7 ...
1709 2402 15 27 2

1267 2444 34 28 In
1316 2445 55 27 this
1387 2447 87 25 event
1490 2443 99 28 twelve
1603 2441 116 35 started,
1740 2440 57 29 and

1229 2485 47 27 the
1291 2484 106 28 winner
1414 2493 50 18 ran
1477 2493 16 18 a
1507 2482 75 39 good
1596 2491 72 18 race.

1229 2535 145 28 Handicap
1408 2534 90 36 Quoit
1531 2533 112 34 Match,
1678 2532 33 27 18
1738 2531 56 28 and

1284 2574 89 38 21yds
1410 2574 82 37 (each
1525 2573 95 39 player
1641 2575 29 25 to
1694 2571 101 29 choose

1284 2615 43 30 his
1341 2625 62 19 own
1418 2614 139 37 distance)
1563 2613 81 29 Ist
1657 2612 85 40 prize,
1754 2612 37 29 1

1286 2657 30 27 7s
1332 2656 53 32 6d;
1408 2655 69 34 2nd,
1496 2656 56 27 15s.

1310 2694 44 29 VV.
1372 2693 144 38 Donnelly
1634 2716 29 5 ...
1707 2692 12 27 1

1306 2733 128 39 J.Kelly
1703 2732 15 27 2

1267 2775 89 29 There
1366 2785 71 19 were
1451 2774 54 30 five
1516 2773 80 30 other
1604 2772 190 40 competitors.

1232 2831 118 28 Bicycle
1364 2829 79 29 Race
1460 2828 103 38 'open),
1575 2826 137 29 half-mile
1724 2826 70 28 dash

1288 2909 80 29 value
1388 2909 58 28 15s.

1309 2949 33 28 R.
1359 2948 89 36 Scott,
1463 2958 44 19 scr
1634 2970 30 6 ...
1707 2944 13 28 1

1309 2989 47 28 W.
1371 2989 120 37 George,
1505 2987 90 28 44vds
1633 3007 30 7 ...
1704 2984 16 27 2

1310 3029 33 27 E.
1357 3027 129 35 Watson,
1499 3027 90 36 24yds
1631 3048 30 5 ...
1704 3024 15 28 3

1273 3067 69 30 Also
1356 3066 104 30 started
1473 3077 6 18 :
1500 3064 47 31 W.
1556 3064 105 38 Young
1672 3061 124 39 (46yds),

1237 3109 34 28 A.
1286 3107 118 29 M'Lean
1420 3106 125 38 (51yds).
1585 3105 81 29 Scott
1675 3103 56 28 had
1739 3102 57 28 this

1237 3158 63 19 race
1313 3146 60 29 well
1387 3146 29 28 in
1429 3145 74 29 hand
1523 3147 29 27 at
1574 3154 55 25 any
1648 3142 76 35 time,
1744 3142 54 28 but

1237 3189 47 27 the
1298 3187 82 28 finish
1402 3196 54 18 was
1477 3196 17 17 a
1512 3184 74 29 close
1607 3193 62 19 one.
1709 3181 89 35 Time,

1241 3227 73 30 lmin
1333 3227 30 28 14
1378 3226 105 29 l-ssec.

1239 3279 113 28 Maiden
1378 3278 85 33 Race,
1492 3274 193 39 100yds1st
1712 3273 86 38 prize,

1409 3317 35 28 1
1458 3328 8 23 ;
1487 3316 67 35 2nd,
1570 3314 60 29 10s.

1310 3356 146 30 W.Toms
1483 3379 29 5 ...
1632 3375 31 7 ...
1705 3352 11 29 1

1311 3398 28 30 J.
1354 3396 96 38 Fagan
1484 3419 30 7 ...
1634 3417 30 7 ...
1707 3393 16 29 2

1310 3438 29 29 J.
1354 3437 141 29 Pelatchie
1706 3434 17 28 3

1274 3478 90 28 There
1377 3487 71 18 were
1462 3476 54 28 five
1529 3475 81 28 other
1631 3476 116 25 starters
1766 3473 30 27 in

1239 3518 54 29 this
1317 3527 71 24 race,
1403 3516 90 29 which
1514 3513 91 31 ended
1629 3513 30 28 in
1684 3522 16 19 a
1723 3511 74 30 close

1239 3558 90 28 finish.
1369 3556 89 35 Time,
1474 3556 30 27 11
1525 3555 104 28 l-ssec.

1241 3607 121 31 Youths'
1378 3608 75 28 Race
1470 3605 100 35 (under
1584 3605 34 28 16
1629 3604 102 37 years),
1743 3602 54 29 100

1292 3647 177 40 yardslst,
1485 3647 48 27 15s
1545 3656 7 24 ;
1575 3643 65 36 2nd,
1655 3643 31 29 7s
1700 3642 45 29 6d.

1312 3688 33 27 A.
1363 3687 52 29 Orr
1482 3710 30 4 ...
1632 3707 30 6 ...
1705 3683 12 28 1

1311 3726 47 29 W.
1375 3725 155 38 Hanghton
1633 3746 29 5 ...
1705 3722 16 27 2

1273 3767 91 28 There
1377 3775 70 18 were
1467 3763 78 39 eight
1567 3762 180 38 competitors
1766 3760 30 28 in

1237 3807 57 29 this
1307 3817 62 18 race
1392 3805 56 29 and
1471 3804 48 29 the
1545 3802 82 30 finish
1648 3812 57 19 was
1728 3810 69 28 very

1236 3849 83 32 close,
1335 3847 47 26 the
1395 3845 105 27 winner
1514 3843 143 37 breasting
1671 3843 48 27 the
1731 3845 66 33 tape

1237 3887 65 35 only
1316 3896 16 17 a
1354 3885 53 28 few
1429 3883 95 29 inches
1548 3883 29 27 in
1598 3882 78 28 front
1697 3880 29 29 of
1749 3880 48 29 the

1237 3925 104 30 second
1355 3934 73 19 man.
1467 3922 87 35 Time,
1572 3922 88 28 I2sec.

1239 3977 134 26 Running
1386 3976 78 27 High
1476 3974 170 31 Leaplst,
1655 3972 55 33 1;
1731 3970 66 35 2nd,

1491 4014 58 28 10s.

1313 4057 43 29 VV.
1371 4054 152 29 Nicholson
1632 4075 32 6 ...
1705 4052 14 28 1

1309 4098 28 29 J.
1359 4095 155 37 Hanghton
1632 4116 30 5 ...
1704 4092 15 28 2

1270 4137 117 39 Despite
1401 4135 48 28 the
1462 4133 59 29 fact
1535 4133 61 28 that
1618 4132 48 28 the
1688 4132 107 28 winner

1235 4191 55 17 was
1314 4175 151 33 somewhat
1487 4174 72 29 lame
1582 4174 35 28 he
1639 4182 63 21 won
1726 4171 68 31 with

1234 4229 73 23 ease,
1321 4217 43 27 his
1375 4216 79 36 jump
1465 4214 87 36 being
1566 4213 44 27 sft
1628 4213 53 34 \'\n.

1232 4269 117 29 Bicycle
1371 4267 85 34 Rack,
1482 4266 11 27 1
1511 4264 64 29 mile
1601 4261 193 40 (open)-Ist,

1286 4308 80 28 value
1378 4307 56 30 2;
1455 4304 66 34 2nd,
1541 4304 55 32 1;
1618 4302 60 33 3rd,
1696 4302 30 27 7s
1745 4301 46 28 6d.

1305 4346 34 29 R.
1355 4344 88 34 Scott,
1458 4352 44 20 scr
1628 4363 30 7 ...
1700 4340 13 28 1

1304 4386 48 29 W.
1368 4384 118 37 George,
1501 4381 89 38 83yds
1626 4405 30 5 ...
1698 4380 16 28 2

1305 4426 39 28 H.
1359 4424 113 32 Grover,
1492 4421 103 36 ll2yds
1625 4443 30 6 ...
1697 4419 17 28 3

1269 4466 68 29 Also
1362 4461 122 31 started:
1519 4460 125 36 O'Leary
1676 4457 111 39 (60yds)

1231 4507 55 29 and
1300 4505 118 29 Watson
1441 4501 122 38 (ti3yds.)
1605 4498 67 30 This
1695 4508 56 19 was
1773 4508 16 18 a

1231 4541 221 33 well-contested
1500 4549 64 18 race
1604 4537 183 36 throughout.

1232 4584 118 37 George,
1374 4580 62 28 who
1461 4578 67 29 rode
1555 4576 70 35 well,
1651 4574 101 30 looked
1773 4584 17 19 a

1231 4623 86 36 likely
1342 4619 106 30 winner
1481 4616 105 31 several
1617 4615 90 34 times,
1738 4614 53 28 but

1233 4661 104 29 Scott's
1358 4657 113 37 staying
1490 4664 106 30 powers
1618 4652 106 39 proved
1742 4656 47 25 too

1232 4700 84 29 much
1328 4699 44 28 for
1385 4697 66 28 him.

1233 4751 152 28 Roxburgh
1411 4747 157 32 Handicap,
1591 4743 201 38 150yds1st,

1316 4790 57 33 2;
1394 4786 66 36 2nd,
1474 4787 57 34 1;
1552 4784 61 37 3rd,
1629 4784 58 29 10s.

1307 4830 29 27 J.
1351 4828 94 33 Craig,
1459 4826 70 37 syds
1628 4846 30 8 ...
1702 4823 10 28 1

1309 4867 46 30 W.
1371 4866 115 38 M'Kay,
1500 4864 71 38 4yds
1628 4887 34 7 ..,
1699 4863 20 29 2

1309 4909 29 28 J.
1352 4908 33 28 R.
1401 4906 108 35 Cairns,
1522 4904 71 39 4yds
1628 4926 32 6 ...
1700 4903 19 28 3

1270 4950 90 29 There
1374 4957 72 19 were
1461 4946 34 28 14
1507 4944 103 30 entries
1622 4942 169 40 altogether,

1235 4990 55 28 and
1312 4990 55 26 five
1390 4988 195 26 non-starters.
1625 4983 87 36 Craig
1729 4991 62 19 won

1235 5029 56 30 this
1300 5028 84 29 event
1396 5035 29 19 as
1440 5024 35 29 he
1485 5022 85 36 liked,
1580 5021 56 29 and
1646 5021 100 29 should
1757 5021 35 29 ht

1235 5069 131 30 continue
1380 5064 160 40 competing
1547 5064 35 29 he
1590 5061 56 31 will
1654 5061 137 40 probably

1236 5110 36 27 be
1284 5106 86 30 heard
1383 5106 29 28 of
1425 5106 28 26 in
1473 5103 114 29 athletic
1604 5102 98 29 circles
1725 5111 31 19 as
1775 5111 17 18 a

1237 5157 113 20 runner.
1389 5144 88 35 Time,
1492 5144 93 28 l(>sec.

1239 5197 168 33 Wrestling
1430 5197 49 36 (12
1490 5198 82 26 stone
1588 5193 57 30 and
1657 5191 142 39 under)

1295 5240 53 33 Ist,
1362 5238 57 34 2;
1438 5235 67 36 2nd,
1525 5235 35 28 1
1574 5242 11 26 ;
1603 5232 62 36 3rd,
1683 5231 60 30 10s.

1314 5277 111 30 Hesson
1485 5299 31 5 ...
1634 5295 30 6 ...
1708 5272 11 27 1

1314 5317 47 30 W.
1375 5315 108 38 M'Kay
1636 5335 29 6 ...
1705 5311 18 28 2

1314 5357 29 28 J.
1358 5355 107 37 M'Kay
1636 5352 24 42 \
1707 5370 18 14 o

1316 5394 132 31 W,Edie
1638 5395 18 33 X

1278 5437 59 29 The
1350 5444 71 19 were
1436 5434 80 28 three
1528 5431 80 29 other
1620 5428 178 40 competitors

1242 5473 29 32 in
1281 5472 57 34 this
1351 5476 92 32 event,
1462 5472 91 29 which
1571 5468 107 40 proved
1697 5477 54 21 one
1769 5468 30 30 of

1243 5516 48 29 the
1316 5517 74 26 most
1420 5510 167 38 interesting
1616 5508 105 38 during
1751 5506 49 30 the

1244 5556 63 37 day.
1347 5553 58 28 The
1437 5560 65 21 men
1533 5558 73 20 were
1637 5547 35 30 all
1699 5546 99 37 evenly

1244 5592 129 33 matched
1392 5591 67 30 with
1472 5590 56 31 the.
1533 5587 148 40 exception
1702 5586 31 31 of
1749 5585 49 31 W.

1231 5622 1 47 I
1243 5633 120 36 M'Kay,
1388 5632 63 29 who
1478 5639 57 19 was
1565 5628 180 29 unfortunate
1769 5626 31 28 in

156 117 236 53 Thursday,
417 119 221 40 December
663 118 56 42 31,
748 118 119 41 1836;

1900 108 198 38 MOUNT
2185 110 228 40 BSKGER

1353 5698 129 28 (Continue*
1491 5704 30 16 o
1531 5696 80 24 Fotrth
1625 5695 56 28 Pag*

93 5165 71 23 fWta
167 5163 5 15 ;
174 5162 40 29 nly
233 5162 40 22 the
301 5160 53 23 best
368 5157 115 24 medicin*
497 5155 70 23 kno<*
570 5163 14 15 n
601 5153 20 23 ia

88 5197 68 23 .nder
167 5197 17 22 k
200 5196 62 21 Sons
285 5192 64 22 Euca
360 5190 52 30 y|ti
425 5188 107 24 Extra.-t.
565 5187 56 22 Test

80 5221 1 36 r
83 5240 10 14 5
107 5227 134 30 uninently
255 5223 114 33 powerful
385 5221 81 24 effects
483 5221 22 22 ia
522 5221 97 28 couphs,

87 5259 187 31 .ids,ir.fl..enza;
286 5257 39 23 the
335 5253 72 27 relief
415 5253 20 25 h
447 5254 164 23 instataneeus

104 5294 92 25 serious
207 5298 66 18 cases
283 5298 6 14 )
297 5289 32 24 nd
343 5287 119 25 accidents
476 5287 24 23 of
509 5285 29 24 all
550 5284 71 25 kinds

80 5336 11 18 ie
102 5329 59 29 they
173 5324 107 28 wounds,
290 5322 82 30 hum?,
385 5319 130 29 scaldings',
528 5317 81 31 sprain

96 5361 19 22 is
132 5359 42 24 the
182 5357 75 24 safest
280 5355 107 28 remedy-
396 5359 45 16 -no
455 5350 163 30 swellingin

94 5392 14 24 fl
126 5390 125 26 romation.
285 5385 60 25 L-ke
356 5383 134 31 surprising
504 5381 83 25 effe.ts
598 5381 21 25 in

95 5432 56 22 oup,
177 5421 123 32 diptheria
337 5416 131 25 bronchitis
485 5414 136 26 ir.flamma*

103 5458 50 22 no'
164 5455 42 24 the
219 5454 76 30 lungs,
307 5450 121 29 swellings
442 5453 48 21 etc;
502 5447 119 24 diarrhoea

113 5494 78 23 entry,
207 5487 113 23 dese?ses
333 5482 28 25 of
370 5482 103 29 kidneys
485 5479 47 25 and
558 5478 51 25 urin-

121 5526 98 24 orpans.
252 5517 29 24 In
294 5523 42 17 use
348 5519 25 20 at
389 5514 32 24 all
434 5510 119 33 hospitals
574 5510 46 24 and

184 5551 83 25 clinics
280 5548 31 25 all
323 5555 56 17 over
390 5546 41 25 the
443 5545 79 31 globe,
535 5548 84 25 patron

104 5587 14 19 rl
133 5587 31 27 by
177 5585 37 23 his
233 5580 105 33 Majesty
365 5580 42 24 the
421 5577 66 30 King
515 5575 25 25 of
558 5575 63 30 Italy

132 5618 46 24 ned
196 5616 57 24 with
264 5613 80 26 medal
355 5611 49 26 and
419 5610 106 30 diploma
537 5613 23 19 at
581 5607 39 25 the

113 5640 4 34 .
128 5648 120 26 rnational
262 5645 139 25 Exhibiion
420 5647 25 20 at
466 5640 153 25 Amsterdam

80 5671 1 39 .
106 5688 36 19 -st
158 5683 24 23 in
200 5681 41 25 the
256 5678 123 32 approved
393 5675 84 26 aiticle
494 5672 45 26 and
549 5671 73 32 reject

1837 198 290 55 JJAMILTON
2188 201 37 37 &
2294 200 95 42 CO.,

1904 267 174 38 TAILORS,
2101 270 224 35 CLOTHIERS,

2088 329 55 19 AND

1846 374 272 35 GENTLEMEN'S
2140 379 237 30 OUTFITTERS

1835 427 87 36 (Next
1963 428 100 31 Mount
2076 431 106 37 Benger
2291 431 93 37 Office)

1919 490 204 37 ScOTLAND-ST.,
2138 492 159 32 KOXBUKGH.

1869 597 88 40 Style,
1978 598 54 37 Fit,
2054 599 54 29 and
2133 599 215 41 Workmanship

2019 642 182 27 Guaranteed.

1936 689 149 30 Overcoats
2102 694 29 25 to
2146 691 133 28 Measure.

1865 792 266 30 MODERATE
2162 794 112 29 TRIG
2293 794 59 30 ES.

1827 905 24 28 A
1872 904 94 29 choice
1985 905 38 28 lot
2044 905 28 28 of
2091 903 123 40 Samples
2228 905 29 28 of
2269 905 114 29 Tweeds

1977 956 102 31 always
2095 956 26 27 in
2145 956 93 28 :-.t<>ck.

1827 1043 55 53 F.
1954 1042 30 34 A

2176 1042 25 34 L
2231 1043 26 33 L
2283 1042 26 34 E
2340 1043 40 41 R,

1825 1115 136 25 BUILDER,
1975 1115 107 20 JOINER
2097 1115 59 20 ANi>
2177 1115 206 24 UNDERTAKEN,

1922 1165 71 28 Ross
2015 1164 97 35 Place,
2133 1164 164 29 Lawrence.

1830 1263 124 28 PLANS
1969 1262 80 29 AND
2064 1260 318 31 SPECIFICATIONS

1974 1315 26 27 A
2021 1313 161 29 SPECIAL
2208 1313 35 28 Y.

1831 1407 154 37 Quantities
2001 1405 170 39 Prepared/::
2177 1405 37 27 nd
2236 1403 151 29 Estimates

1858 1448 88 28 Given
1960 1447 43 27 for
2016 1446 35 27 all
2065 1446 94 30 eM*
2159 1449 14 18 6
2173 1444 32 23 **
2210 1445 33 22 ''*
2246 1442 110 25 Oldens'

1857 1634 201 23 WHITEHAVEN
2072 1632 108 23 STREET.
2195 1629 169 24 LAWRENCE.

1832 1723 130 29 BOARD
1986 1722 83 28 AND
2098 1719 218 30 RESIDENCE
2339 1719 48 28 AT

2154 1770 188 29 CHARGES.

1942 1861 95 29 MKALS
2058 1869 31 19 AT
2108 1867 48 22 AIL
2176 1860 105 27 iiOURS.

1850 1953 58 28 The
1922 1953 63 28 best
2000 1950 243 30 Accommodation
2265 1949 44 29 for
2323 1949 47 29 the

1971 1991 159 39 Travelling
2143 1990 107 29 Public.

1830 2077 105 30 GOOD
1950 2076 200 31 STABLTNG.
2190 2074 96 29 OATS
2305 2074 82 28 AND

1943 2117 129 31 CHAFF
2093 2117 45 28 ON
2168 2115 106 30 SALE.

1876 2189 2 38 i
1902 2192 212 30 ERBERT
2134 2189 2 38 I
2159 2190 101 28 AND
2310 2189 75 35 CO.,

1876 2220 12 30 I,
2133 2220 3 30 !

2022 2257 168 22 LAWRENCE.

1987 2348 152 29 Importers
2158 2354 32 20 of

1827 2403 202 38 Ironmongery

1913 2447 192 38 Agricultural
2128 2445 182 38 Implements

2089 2490 188 34 Agricultural
2297 2490 88 29 beeds

2001 2548 215 30 GROCERIES

1844 2607 97 31 TEAS
2058 2607 96 29 TEAS
2267 2602 98 30 TEAS

1828 2655 128 37 (Ceylon)
2049 2653 120 36 (Indian)
2259 2650 121 36 (China.)

1824 2820 284 29 WATCHMAKER
2123 2814 26 33 &
2165 2817 210 28 JEWELLS!*

1916 2871 71 29 Ross
2008 2871 98 35 Place,
2124 2868 166 36 ;Lawiience.

1827 2961 139 36 Watches,
1988 2961 100 30 Clocks;
2109 2959 55 42 aajl
2186 2959 146 35 Jewellery
2352 2958 29 29 of

1870 3001 37 28 all
1919 3001 181 37 description-
2197 2999 28 28 in
2241 2998 96 29 Stock.

1842 3052 72 28 Nice
1928 3050 138 29 Selection
2079 3062 5 14 <
2093 3050 11 30 4
2125 3044 80 39 JGem,
2219 3048 144 37 Wedding

1957 3091 56 29 and
2027 3090 57 29 Kee
2091 3099 47 24 :.*;
2150 3089 98 38 Rings.

1825 3170 20 21 A
1858 3169 107 22 CHOICE
1986 3169 133 21 ASSORTS
2121 3165 49 35 fjSt
2190 3168 35 20 OF
2245 3167 137 20 ARTICLES

1847 3201 140 22 SUITABLE
1997 3201 56 21 FOR
2065 3201 21 19 W
2095 3200 110 20 Kni'lNG
2215 3199 149 21 PRESENTS.

1884 3269 157 39 Spectacles
2054 3273 29 25 to
2097 3268 61 29 Suit
2171 3267 37 29 all
2223 3267 106 38 Sights.

1846 3348 106 29 Watch
1983 3356 56 20 and
2072 3347 89 29 Clod-;
2199 3346 118 28 Repairs
2350 3354 17 18 a

2030 3391 159 24 {Specialty.

1827 3479 115 39 Repairs
1955 3489 31 19 or
1999 3478 101 29 Orders
2120 3478 71 30 fmm
2206 3478 46 28 the
2267 3480 115 33 country

1876 3520 37 37 by
1935 3522 63 34 post
2021 3518 54 29 will
2100 3518 104 29 receive
2227 3522 111 33 prompt

2030 3558 146 30 attention.

1942 3636 22 28 Y
1985 3636 99 28 Ladies
2107 3635 137 38 complain
2260 3636 59 26 that
2335 3635 43 28 the

1955 3687 21 18 :a
1989 3677 65 36 they
2069 3676 149 28 have-been
2234 3675 82 39 using
2331 3674 47 29 has

1823 3717 108 29 neither
1940 3717 129 35 strength
2083 3725 47 17 nor
2142 3715 111 27 iiivour.
2276 3716 26 26 It
2314 3717 64 34 they

1823 3760 45 35 try
1881 3755 87 29 Kozie
1982 3754 55 29 Tea
2050 3755 65 36 they
2131 3754 52 27 will
2199 3755 31 27 be
2246 3753 131 30 satisfied.

1822 3796 92 30 Johns
1931 3795 24 30 &
1974 3792 148 37 WGo&m,
2140 3796 117 36 Agents,
2275 3793 104 30 Millers

1825 3838 71 28 Flat.

1929 4002 108 32 Surgical
2057 4002 45 22 and
2136 3998 101 29 {echani
2253 3998 21 25 -il

2051 4033 60 25 Dent

2019 4078 43 29 (B>
2094 4077 92 28 cxon.)

1905 4255 9 16 r
1935 4247 86 25 XlDl)
2048 4247 55 22 w'o
2125 4251 13 17 a
2149 4250 17 18 w
2190 4242 48 24 had
2263 4249 108 18 pntneoii

1931 4294 68 21 year*
2016 4290 132 21 rxfwnttiHte
2170 4282 55 21 with
2249 4282 33 20 Mr
2310 4284 13 17 S

1822 4322 80 27 Myers
1929 4325 54 21 may
2014 4323 24 13 '
2067 4313 125 24 consulted
2221 4316 22 18 *t
2275 4311 100 24 Herns

1821 4348 132 28 Uomrnerci
1962 4353 15 19 U
2004 4342 68 34 *<>rcl
2089 4342 136 31 Rosburvh,
2241 4342 59 26 Nov.
2312 4344 63 26 27th,

1820 4386 48 23 and
1884 4384 25 25 in
1923 4382 77 24 future
2012 4388 69 21 etrery
2093 4376 76 27 fourth
2185 4375 90 32 Friday.

1853 4433 31 20 As
1907 4435 33 18 WS
1969 4426 80 23 intend
2074 4424 93 25 viititfi,'
2202 4428 47 15 tnm
2280 4423 91 22 dn'nct

1821 4461 107 29 monthly
1939 4459 18 25 it
1969 4454 45 28 will
2032 4463 55 17 save
2107 4450 99 35 ji-uta*?*
2218 4456 40 21 the
2272 4459 99 18 etneii*-

1820 4495 25 24 of
1858 4494 73 31 going
1943 4498 23 18 to
1981 4489 77 27 Town,
2086 4487 45 24 aiJ
2147 4481 27 30 fi-
2195 4494 31 14 we
2246 4493 28 17 ><u
2284 4492 73 18 ir*nt

1821 4528 30 21 all
1863 4526 63 22 work
1943 4523 104 29 patients
2059 4528 51 19 roy
2134 4515 44 33 tftj
2251 4527 12 20 rf
2267 4528 12 13 c
2293 4525 15 15 ll

1821 4556 127 25 first-class
1961 4551 90 26 article.

1850 4602 76 24 Teeth
1948 4596 123 28 extracted
2100 4595 48 24 and
2180 4596 108 28 rep:.v-eJ
2319 4597 54 21 witd

1821 4639 135 25 temporary
1968 4629 110 26 artificial
2087 4636 58 16 one*
2161 4628 83 24 witum
2259 4631 25 20 48
2300 4628 73 24 houi*

1851 4680 107 24 Painless
1969 4676 143 26 txtarction*
2125 4675 56 23 with
2194 4675 95 24 Nitrous
2300 4677 75 22 Oxide

1821 4714 48 24 Gas
1884 4711 118 26 Cocoaine
2018 4708 73 25 Ktber
2107 4715 26 17 or
2147 4707 163 25 Chlorol.jnn.

1837 4756 118 31 Stopping
1962 4754 58 25 with
2030 4752 63 24 Gold
2103 4751 125 30 Auulgant
2239 4758 27 16 or

1850 4801 83 31 Single
1943 4799 78 25 Tooth
2035 4798 47 25 10*.
2099 4798 53 23 Seu
2164 4795 94 33 equvly
2274 4797 82 24 moder-

1821 4842 56 16 ate..
1923 4832 187 29 Arrangements
2127 4828 45 24 wdl
2186 4830 28 23 be
2230 4830 70 24 made
2316 4830 57 25 with

1821 4867 66 24 these
1907 4864 53 25 who
1976 4868 87 21 cannot
2091 4868 45 26 p*J
2161 4861 42 24 full
2227 4866 99 21 amount
2348 4865 26 22 at

1821 4906 65 17 once.
1930 4896 74 24 Teeth
2025 4896 70 22 male
2121 4895 30 29 by
2178 4894 69 23 other
2270 4897 105 21 dentists

1823 4931 99 31 proving
1932 4927 184 31 unsatisfactory
2124 4933 53 24 may
2188 4925 28 26 be
2226 4926 148 32 rcrrwdel[ed

1822 4969 23 20 at
1856 4964 70 24 small
1936 4965 62 22 cost.

2056 5009 27 22 2s
2098 5007 40 25 6i,
2169 5007 108 26 Gas7a
2291 5007 45 24 6d

1856 5157 148 30 Uolloway's
2035 5155 128 25 Ointment
2197 5155 49 25 and
2280 5156 99 25 Pills.

1828 5190 86 25 Whilst
1945 5189 41 25 the
2012 5188 148 25 inhabitants
2181 5188 25 23 of
2234 5195 41 18 .mr
2311 5192 67 28 great

1825 5224 69 23 cities
1917 5221 72 25 suffer
2019 5220 62 25 from
2105 5220 42 24 the
2167 5220 86 25 effects
2270 5221 30 23 of
2317 5229 58 17 over

1826 5254 125 30 crowding
1959 5252 49 25 and
2019 5253 32 24 alt
2063 5253 31 22 i*.s
2103 5251 127 26 attendant
2241 5253 69 26 evils,
2320 5254 58 24 both

1836 5288 109 32 physical
1958 5286 47 24 and
2018 5284 83 32 moral,
2112 5284 40 24 the
2164 5293 64 17 more
2246 5288 82 23 robust
2348 5294 31 17 an

1826 5320 121 30 energetic
1964 5320 121 28 emigrant
2102 5317 47 24 will
2166 5317 24 23 in
2214 5318 39 24 hi*
2280 5324 55 19 turn
2351 5320 28 23 be

1828 5352 61 24 iabte
1901 5355 25 20 to
1941 5350 72 25 suffer
2025 5351 23 22 in
2063 5350 36 23 his
2113 5357 49 16 new
2178 5350 71 25 home
2263 5350 59 25 from
2338 5351 41 25 the

1828 5387 61 21 want
1899 5382 24 26 of
1938 5382 73 31 ready
2022 5381 55 25 skill
2087 5381 48 25 and
2148 5381 40 23 the
2198 5385 68 26 great
2278 5382 102 26 medical

1828 5423 123 18 resources
1972 5414 28 25 of
2016 5415 38 24 his
2071 5415 81 24 native
2171 5414 55 24 laud
2244 5413 90 33 always
2355 5420 25 20 at

1827 5447 138 26 command.
1998 5447 50 23 The
2061 5446 53 25 best
2126 5445 84 26 advice
2221 5454 15 16 a
2247 5447 78 25 friend
2336 5454 44 18 can

1827 5480 56 32 give
1900 5479 22 26 is
1933 5480 36 25 for
1978 5479 50 25 him
2039 5482 25 21 to
2077 5477 55 26 take
2148 5486 13 16 a
2174 5479 89 32 suppiy
2273 5480 27 24 of
2315 5479 67 26 these

1828 5512 52 25 well
1892 5511 89 25 known
1992 5511 114 24 remedies
2121 5517 26 17 as
2160 5515 52 25 part
2222 5512 25 23 of
2258 5512 38 24 his
2310 5510 72 26 outfit

1828 5543 37 26 for
1888 5544 33 32 by
1938 5543 118 27 attention
2091 5545 41 23 the
2141 5542 75 31 easily
2237 5543 146 26 understood

1828 5576 49 26 and
1889 5581 41 27 yet
1952 5578 81 29 ample
2054 5575 129 25 directions
2194 5575 78 26 which
2289 5582 79 19 accom-

1830 5616 62 25 pany
1904 5608 58 26 each
1977 5608 44 26 box
2036 5608 48 26 and
2097 5611 41 28 pot
2152 5606 30 24 he
2200 5608 49 24 will
2268 5615 75 20 never
2353 5609 30 25 be

1829 5646 25 20 at
1863 5639 65 28 fault
1955 5641 70 24 when
2046 5640 72 25 taken
2134 5638 25 25 ill
2180 5647 28 16 or
2232 5642 76 23 under
2334 5648 49 25 any

1831 5672 101 28 adverse
1948 5673 109 27 sanitary
2070 5670 136 28 venditions
2221 5672 28 26 ef
2270 5672 50 28 life.

2410 4366 28 56 ,J
2524 4365 50 39 H.
2636 4359 328 45 PEARSON,

2509 4429 68 21 ROSS
2590 4428 99 25 PLACE,
2703 4425 168 26 LAWRENCE,

2452 4471 267 34 CONTRACTOR,
2739 4467 182 37 BUILDER,

2661 4530 56 20 AND

2546 4569 279 36 UNDERTAKER.

2409 4650 146 27 Contracts
2569 4646 87 29 taken
2665 4646 47 29 for
2722 4642 138 32 Builders'
2879 4643 85 29 Work

2527 4686 30 30 of
2569 4696 84 29 every
2667 4683 177 41 description.

2470 4756 200 24 E3TIMATES
2700 4754 200 23 PREPARED,

2444 4817 27 29 A
2484 4815 197 31 well-assorted
2707 4813 87 30 Stock
2814 4813 30 30 of
2864 4812 84 29 Furni-

2407 4860 61 27 ture
2481 4857 102 38 always
2595 4866 36 20 on
2644 4853 85 32 hand.

2444 4897 134 31 Puuerals
2588 4894 157 31 conducted
2757 4894 29 27 in
2797 4892 36 29 all
2845 4895 76 36 parts
2935 4892 30 29 of

2407 4937 47 29 the
2479 4937 126 28 District.
2645 4934 107 31 Hearse
2778 4932 135 41 provided
2941 4931 23 30 if

2407 4976 136 32 required.

2409 5106 137 25 PAINTER,
2567 5092 134 38 GLAZIER,
2722 5102 94 22 PAPER
2835 5101 131 25 HANGER,

2482 5132 71 22 SIGN
2572 5130 117 23 WRITER
2710 5130 64 21 AND
2795 5128 99 23 HOUSE

2597 5157 180 26 DECORATOR,

2500 5198 73 30 Ross
2591 5198 101 36 Place,
2711 5196 164 30 Lawkence.

2446 5278 45 31 On
2503 5278 64 30 Sale
2580 5288 16 19 a
2605 5277 78 39 large
2693 5276 55 30 and
2756 5274 95 32 varied
2860 5275 107 29 assort'

2408 5322 77 27 ment
2498 5318 29 30 of
2540 5318 73 36 Oils>
2623 5317 108 36 Paints,
2751 5315 99 35 Scrim,
2874 5314 90 33 Glass,

2408 5358 232 38 Paperhanginga
2661 5356 56 29 and
2736 5354 136 30 Painters'
2892 5352 54 29 Sun-

2407 5398 85 31 dries.

2446 5437 71 30 New
2524 5436 56 30 and
2587 5434 173 32 fashionable
2767 5433 75 29 Wall
2852 5431 113 38 Papers,

2409 5477 74 30 from
2495 5476 38 30 5d
2553 5486 51 29 per
2624 5475 77 39 piece
2724 5472 137 41 upwards.
2900 5471 49 28 Pat-

2409 5520 78 26 terns
2500 5519 64 27 sent
2575 5525 36 20 on
2630 5513 178 40 application,
2821 5514 64 35 post
2897 5508 67 29 free.

2447 5556 152 30 Estimates
2609 5554 85 39 given
2705 5552 45 30 for
2772 5548 118 33 General
2911 5548 37 29 Re-

2410 5596 85 40 pairs.

2449 5633 165 32 Celebrated
2627 5631 133 31 Lustrass
2777 5629 91 36 Paint,
2882 5628 84 38 ready

2411 5673 103 36 mixed,
2526 5673 38 30 all
2577 5673 128 31 Colourav

2650 199 61 55 E.
2765 196 149 56 DIM
2922 196 149 56 ANT
3132 192 204 56 WILL

2437 273 20 27 A
2476 270 146 29 DDRE6S
2643 280 29 18 as
2686 279 83 27 many
2782 268 29 28 of
2824 268 46 27 the
2883 268 124 28 Electors
3019 278 30 18 as
3062 277 64 27 may
3141 266 36 28 be
3190 263 106 37 willing
3310 266 27 25 to
3351 263 78 28 listen
3447 265 28 25 to
3489 261 56 28 him

2510 320 35 19 on
2559 320 53 25 any
2626 310 54 36 day
2693 318 30 19 or
2736 308 70 28 hour
2819 307 61 28 that
2889 307 47 27 the
2951 306 75 39 Shop
3037 307 104 36 maybe
3154 314 72 28 open
3240 303 43 27 for
3297 301 134 30 business.
3473 300 54 29 Sub-

2417 351 56 37 ject
2488 350 30 29 of
2537 350 123 28 Address
2673 360 5 16 :
2741 347 57 29 The
2812 346 181 37 Advantages
3006 346 29 30 of
3048 342 222 39 Fair-trading/'
3313 341 172 37 (Illustrated
3507 341 34 37 by

2417 390 174 29 scissor-cuts
2605 389 54 28 and
2673 388 80 28 other
2765 387 102 36 items.)
2910 386 159 29 Customers
3082 385 65 29 take
3161 385 47 28 the
3223 382 98 29 chairs.

2490 430 40 27 At
2544 430 46 27 the
2603 428 158 29 conclusion
2775 426 29 28 of
2822 426 65 28 each
2910 426 131 35 Address,
3065 424 120 33 GIFTS,
3208 431 148 20 numerous
3379 421 54 28 and
3457 419 70 29 hand-

2415 479 84 24 some,
2515 468 54 28 will
2584 469 33 28 be
2631 468 83 37 given
2727 470 29 24 to
2770 466 35 28 all
2819 466 62 28 who
2899 475 63 28 may
2984 466 69 27 have
3076 466 114 27 become
3213 459 145 41 possessed
3379 460 28 29 of
3428 459 116 37 Twenty

2417 509 134 33 Shillings
2566 508 88 28 worth
2668 507 29 29 of
2710 506 42 28 his
2767 505 102 29 Goods.
2908 506 65 28 This
2989 505 107 39 Special
3110 503 75 30 Offer
3198 501 118 30 remains
3330 510 71 28 open
3412 500 70 28 until
3496 500 48 27 the

2417 550 50 28 9th
2480 550 29 28 of
2523 538 132 48 January,
2676 548 67 28 1897

2492 588 100 30 Orders
2606 588 37 39 by
2657 587 75 35 Post,
2749 585 85 37 Wire,
2850 586 94 35 Cable,
2965 585 71 35 Rail,
3060 585 171 36 Messenger,
3255 581 100 33 Coach,
3379 590 30 19 or
3431 580 37 38 by
3491 589 53 28 any

2416 630 79 28 other
2517 640 103 23 means,
2638 627 134 38 carefully
2785 627 143 29 executed.
2967 626 189 28 Remittances
3170 621 141 40 promptly
3323 621 55 29 and
3391 620 153 39 gracefully

2415 668 229 35 acknowledged.

2866 705 90 29 Yours
2977 702 187 40 expectantly,

2562 861 102 30 CASH
2684 860 164 35 DRAPER,
2871 858 203 36 CLOTHIER,
3095 856 82 31 AND
3198 854 210 32 IMPORTER.

2799 911 70 28 Ross
2891 910 96 36 Place,
3008 910 164 28 Lawrence.

2624 1011 6 21 >
2917 1008 233 35 WHAT'S
3217 1006 184 35 THIS?

2770 1107 28 40 r
2798 1105 142 24 COLONIAL
2953 1105 99 21 Tweecl
3052 1104 93 27 Mosgiel,
3159 1105 95 25 Kiiapoi,
3264 1104 40 21 and
3314 1102 202 27 RosrynTrousers
3527 1102 21 20 to

2798 1136 13 23 J
2838 1138 100 19 measure,
2947 1132 54 20 from
3012 1132 39 20 15s.

2818 1166 93 22 Colonial
2920 1166 40 20 and
2969 1166 84 26 English
3064 1165 73 21 Tweed
3146 1166 37 20 Sac
3193 1165 56 20 Suits
3259 1166 21 19 to
3289 1170 99 20 measure,
3407 1163 54 20 fiom
3476 1162 27 21 3
3519 1162 30 21 3s.

3029 1232 71 28 WE
3156 1230 144 30 WANT

2769 1273 44 21 Our
2822 1279 61 19 many
2893 1272 85 21 Friends
2987 1272 41 19 and
3037 1272 36 19 the
3082 1270 69 27 public
3160 1274 19 16 to
3189 1271 60 20 know
3259 1270 47 20 that
3313 1276 29 13 we
3349 1269 51 20 have
3407 1269 44 26 just
3460 1268 86 27 opened,

2919 1306 26 13 ex
2954 1306 33 12 s.s.
3000 1298 113 25 Kaikoura,
3123 1304 38 13 our
3170 1297 92 20 Season's
3271 1296 104 25 shipment
3384 1296 22 19 of

2770 1351 96 24 GENTS'
2881 1352 75 20 HATS
2970 1350 54 26 (best
3036 1350 85 26 makes),
3138 1349 69 26 TIES,
3222 1348 134 22 COLLARS.
3370 1347 103 22 SHIRTS
3484 1347 70 26 (ready

2820 1380 58 19 made
2887 1385 22 14 or
2919 1383 20 16 to
2949 1378 74 25 order),
3034 1377 126 21 CSTOLING
3168 1376 151 20 SWEATERS
3328 1375 41 20 and
3379 1375 126 20 CYCLIC

3081 1402 165 21 STOCKINGS.

2822 1455 71 21 Assent
2911 1455 32 20 for
2961 1455 98 25 Tuapeka
3076 1453 110 21 forNew
3209 1451 67 26 Rapid
3425 1451 49 25 also,
3494 1451 60 26 Cycle

2772 1482 83 27 Lamps,
2864 1481 63 26 Bells,
2939 1481 85 21 Outside
3034 1481 82 21 Covers,
3128 1479 40 21 and
3175 1478 29 22 all
3214 1476 134 28 Cycleatities.

2913 1700 96 29 ROSS
3030 1698 133 36 PLACE,
3184 1696 228 30 LAWRENCE.

3154 1856 392 83 WOOL.

2570 2056 221 56 WOOL
2844 2051 282 58 SEASON
3182 2048 226 61 1898-7.

2642 2223 82 29 AND
2747 2221 196 35 COMPANY,
2964 2220 127 36 Limited,
3111 2221 56 37 beg
3187 2223 29 25 to
3236 2218 89 38 notify
3343 2216 203 40 Woolgrowers

2415 2302 54 29 and
2484 2301 126 30 Farmers
2623 2299 60 30 that
2697 2299 66 39 they
2777 2298 54 29 will
2845 2297 64 29 hold
2924 2297 72 28 thei>*
3017 2295 129 40 Opening
3161 2295 61 29 Sale
3236 2295 44 29 for
3292 2295 47 28 the
3353 2293 106 30 Season
3472 2303 36 20 on

2687 2375 223 35 THURSDAY,
2952 2375 70 28 17th
3062 2372 219 31 DECEMBER.

2486 2533 47 26 All
2548 2532 85 37 Clips,
2648 2531 126 28 however
2786 2529 90 34 small,
2892 2528 54 28 will
2959 2528 35 28 be
3008 2527 95 28 shown
3118 2530 28 24 to
3168 2527 63 27 best
3250 2526 164 37 advantage.
3454 2524 92 38 Every

2412 2571 39 29 lot
2472 2571 99 28 valued
2594 2571 74 37 prior
2689 2574 27 24 to
2739 2571 64 33 sale,
2826 2568 55 28 and
2902 2577 106 19 owners
3029 2566 129 28 interests
3177 2565 70 38 fully
3261 2565 153 38 protected.
3466 2563 80 30 Wool

2416 2611 86 30 I'acks
2515 2610 126 40 supplied
2654 2614 29 25 at
2697 2610 95 29 lowest
2805 2611 113 26 current
2932 2611 83 25 rates.

2489 2687 193 39 Specification
2696 2686 97 28 Forms
2806 2685 55 28 and
2876 2684 99 28 Labels
2988 2684 99 37 posted
3100 2693 36 19 on
3149 2683 178 38 application.

2729 2839 125 30 Address
2873 2848 70 29 your
2963 2837 216 39 Consignments
3198 2839 33 26 to

3067 2935 77 91 0.
3187 2932 231 92 LIMIT,

2766 3101 288 30 DUNBI>
3088 3100 16 29 I
3142 3100 28 30 N
3190 3120 10 9 .

2616 3396 261 59 COACH
2937 3392 418 66 BUILDERS;

2651 3494 336 37 WHEELWRIGHTS,
3027 3492 289 38 BLACKSMITHS,

2496 3622 307 33 AGRICULTURAL
2839 3619 231 32 IMPLEMENT
3109 3617 357 37 MANUFACTURERS,

2775 3697 73 28 Ross
2888 3696 102 34 Place,
3026 3694 168 29 Lawbencb.

2449 3791 75 30 ALL
2561 3789 123 31 KINDS
2725 3789 48 30 OF
2813 3783 147 35 MINING
2999 3782 238 32 MACHINERY
3276 3782 114 31 MADE
3425 3781 86 31 AND

2884 3836 206 30 REPAIRED.

2874 3929 111 28 Agents
3005 3934 50 22 for

2415 3998 225 42 Massey-Hirris
2662 3998 120 38 Reapers
2804 3995 56 29 and
2885 3993 126 34 Binders,
3033 3991 178 35 Cultivators,
3237 3990 140 37 ScuSbrs,
3404 3990 133 38 Plough?,

2879 4034 91 29 Horse
2983 4032 101 35 Rakes,

2721 4099 123 30 i'eerless
2865 4096 52 35 Oil,
2938 4095 105 29 Binder
3061 4093 105 36 Twine,
3185 4092 51 31 &c.

2469 4183 47 27 Aft
2546 4179 90 31 Work
2666 4177 152 32 Entrusted
2841 4179 29 26 to
2894 4174 42 31 Us
2962 4174 55 29 will
3043 4172 117 30 Receive
3185 4171 116 41 Prompt
3328 4172 157 31 Attention.

2743 4252 134 23 CHARGES
2902 4250 136 23 STRICTLY
3063 4249 157 24 MODERATE

3018 4387 112 26 FANCY
3156 4386 111 26 GOODS
3283 4386 72 26 AND
3373 4387 166 25 DRAPERY.

3086 4483 25 26 J.
3146 4481 137 26 WATERS
3308 4481 90 26 desires
3424 4485 25 22 to
3473 4481 76 31 notify

3025 4517 7 19 .'
3048 4532 7 7 .
3085 4516 54 24 that
3152 4516 44 24 she
3206 4515 73 29 keeps
3288 4514 24 25 in
3321 4514 68 25 stuck
3404 4514 86 24 Ladies
3500 4518 46 19 and

3000 4547 135 25 Children's
3152 4546 198 31 Underclothing,
3365 4545 48 25 and
3424 4546 31 23 all
3473 4544 74 26 kinds

3001 4581 24 26 ef
3039 4582 117 30 Drapery.

3032 4625 79 30 Fancy
3125 4623 81 26 Goods
3217 4631 15 17 a
3245 4622 138 33 Specialty.

3036 4667 135 25 Christmas
3179 4666 48 26 and
3238 4666 55 24 Nevr
3306 4665 64 25 Year
3380 4667 138 30 presents

3123 4708 14 16 a
3151 4704 66 26 great
3229 4699 89 30 variety
3328 4703 25 20 to
3365 4699 74 23 hand\

3120 4732 137 29 Inspection
3267 4731 96 24 Invited

3024 4764 113 31 Painting
3149 4763 46 25 and
3205 4768 37 19 art
3265 4760 155 27 needlework
3429 4761 87 30 taught

3091 4800 110 22 ijuuuner
3213 4794 83 27 Goods
3311 4803 53 18 now
3377 4803 30 17 on
3424 4794 62 26 hand

3004 4840 266 27 AddressOrmond's
3277 4839 117 31 Building-
3402 4838 145 31 Roxburgh.

3065 4989 31 25 H.
3144 4987 172 25 BAIN

3123 5057 27 26 Is
3168 5055 116 35 prepared
3306 5058 27 23 to
3357 5053 78 34 repair

3124 5124 108 26 BOOTS
3258 5129 54 19 a*
3338 5120 100 28 SBOES

3123 5200 25 21 at
3174 5193 123 26 moderate
3325 5192 108 32 charges.

3034 5265 59 27 Also
3114 5264 146 26 iccordeons
3284 5261 49 26 and
3359 5259 166 28 Concertinas*

2999 5402 103 31 TVTR
3159 5397 392 40 FINLAYSON,

3080 5450 161 25 BARRISTER
3253 5450 67 22 ANI>
3329 5450 157 26 SOLICITOR,

3194 5491 165 34 Laweencb,

2999 5549 68 32 Will
3091 5546 98 33 attend
3212 5546 48 31 the
3278 5546 156 40 Roxburgh
3454 5544 96 32 Court.

3001 5650 102 38 Money
3111 5652 29 28 to
3149 5649 78 30 Lend
3235 5657 36 21 on
3279 5643 138 36 Freehold
3427 5647 125 38 Security

3586 198 339 54 (JOMMERCIAL
3972 198 166 36 HOTEL,

3777 251 169 22 ROXBURGH.

3649 343 36 28 H.
3708 343 36 29 H.
3766 343 109 35 Heron,
3897 340 169 39 Proprietor.

3614 445 59 28 One
3686 445 28 28 of
3728 445 47 28 the
3788 445 63 28 best
3863 445 102 27 known
3986 442 56 29 and
4061 444 75 26 most

3576 484 180 29 comfortable
3778 484 154 29 Hostelries
3954 483 28 28 in
4004 482 48 29 the
4072 479 40 40 Up-

3577 527 117 35 country
3708 524 139 30 Districts.

3616 575 79 30 Cobb
3708 576 55 28 and
3778 576 74 28 Co/s
3865 576 88 37 Royal
3975 574 67 29 Mail
4065 573 69 27 Liu3

3578 616 29 29 of
3630 615 121 30 Coaches
3764 616 123 35 running
3906 616 127 29 between
4056 613 59 29 Law-

3580 665 80 18 rence
3684 656 55 27 and
3761 656 185 35 Qneenstown
3970 663 89 19 arrive
4078 663 56 17 una

3580 694 97 39 depart
3691 694 83 38 daily.

3581 786 116 39 Liquors
3711 786 29 30 of
3752 786 47 29 the
3813 787 63 28 best
3883 785 103 29 brands
3995 785 65 38 only
4069 785 70 36 kept

3795 826 28 28 in
3837 826 88 28 stock.

3581 927 125 34 Buggies
3719 927 56 29 and
3789 927 102 29 Saddle
3901 926 104 29 Horses
4014 936 36 19 on
4061 926 78 27 Hire.

3604 1000 260 53 RAILWAY
3941 999 198 35 HOTEL,

3674 1066 68 21 ROSS
3760 1066 98 25 PLACE,
3880 1065 170 21 LAWRENCE.

3582 1133 110 36 John
3720 1132 151 44 Laffey,
3902 1131 237 45 Proprietor

3659 1190 80 37 (Late
3753 1190 29 28 of
3795 1189 146 29 Havelock
3954 1188 108 37 Hotel.)

3618 1268 62 30 J.L.
3695 1269 70 38 begs
3786 1272 28 26 to
3826 1268 128 28 intimate
3967 1267 61 29 that
4042 1267 34 28 he
4090 1267 51 28 has

3581 1308 156 37 purchased
3767 1308 48 27 the
3847 1308 87 28 above
3961 1307 181 27 well-known

3583 1347 142 37 Hostelry,
3734 1347 55 27 and
3955 1344 79 30 strict
4049 1348 77 24 atten-

3585 1387 58 26 tion
3655 1388 29 25 to
3697 1386 48 26 the
3755 1385 118 30 comfort
3883 1386 28 26 of
3924 1384 154 30 Travelers
4088 1381 56 33 lityi

3586 1424 48 27 the
3645 1423 94 37 public
3753 1422 151 38 generally,
3917 1427 30 24 to
4129 1432 15 19 a

3584 1462 54 27 fair
3650 1461 82 28 share
3743 1461 31 28 of
3784 1463 162 35 patronage.
4031 1470 16 27 7

3622 1500 59 30 The
3705 1499 123 41 Railway
3849 1500 24 30 is
3895 1510 52 20 one
3961 1498 30 30 of
4003 1498 47 31 the
4064 1499 61 30 best-

3584 1542 150 38 appointed
3745 1541 99 29 Hotels
3852 1540 147 29 outside-of
4011 1541 130 28 Dunedin

3585 1581 98 30 Under
3694 1581 87 29 J.L.'s
3795 1583 203 36 management,
4008 1580 47 28 the
4066 1590 55 19 com-

3583 1621 57 29 fort
3652 1620 29 29 of
3689 1623 113 36 patrons
3811 1620 55 29 will
3875 1621 36 28 be
3922 1620 79 29 made
4012 1629 16 19 a
4038 1620 101 38 special

3582 1661 115 36 feature,
3711 1661 55 28 and
3779 1671 35 19 no
3828 1660 81 30 effort
3920 1660 54 31 will
3990 1660 34 29 be
4038 1660 99 40 spared

3582 1706 28 25 to
3624 1702 64 39 give
3701 1711 85 29 every
3798 1701 181 29 satisfaction.

3582 1775 58 28 The
3652 1775 63 28 best
3728 1775 103 27 brands
3844 1774 30 29 of
3894 1773 106 37 Wines,
4024 1773 113 39 Spirits,

3617 1815 56 28 and
3687 1815 66 29 Ales
3765 1815 102 38 always
3886 1814 68 39 kept
3966 1815 29 27 in
4008 1813 89 30 stock.

3582 1887 129 38 Simpson
3723 1887 56 28 and
3793 1887 96 27 Hart's
3902 1886 67 29 Ales
3982 1886 102 37 always
4098 1895 36 19 on

3829 1926 68 38 Tap.

3580 1998 158 30 First-class
3750 1997 130 40 Stabling
3890 1996 249 31 Accommodation

3587 2061 282 55 MASONIC
3915 2061 221 42 HOTEL,

3674 2121 69 22 ROSS
3756 2120 97 26 PLACE,
3868 2119 169 23 LAWRENCE.

3579 2189 33 29 R.
3633 2188 113 30 WEBB

3917 2189 4 27 .
3953 2189 180 27 Proprietor.

3615 2268 59 28 The
3906 2267 102 28 affords
4031 2266 36 28 all
4087 2267 47 27 the

3579 2306 131 30 comforts
3723 2307 29 29 of
3764 2318 16 18 a
3793 2307 89 36 home,
3892 2305 56 31 and
3961 2306 23 29 is
3998 2305 132 40 provided

3579 2348 66 28 with
3659 2347 47 29 the
3727 2357 67 28 very
3813 2348 62 28 best
3888 2346 246 30 Accommodation

3579 2387 43 29 for
3648 2387 160 29 Travellers.
3848 2386 158 29 First-class
4038 2385 94 29 Table.

3580 2427 67 28 Best
3666 2426 97 30 Wines
3785 2427 55 28 and
3861 2427 101 38 Spirits
3984 2425 102 38 always
4106 2425 30 28 in

3579 2466 90 29 stock.

3701 2533 134 20 CHARGES
3853 2531 161 22 MODERATE.

3615 2585 59 30 The
3698 2586 159 39 Proprietor
3882 2585 100 30 wishes
4007 2587 29 27 to
4059 2584 78 29 draw

3580 2626 109 39 Special
3713 2627 137 29 attention
3874 2630 29 25 to
3931 2626 46 29 the
4004 2625 130 39 Stabling

3579 2667 247 28 Accommodation
3844 2666 143 38 provided,
4000 2666 90 27 which
4109 2666 24 26 is

3580 2706 154 33 unlimited,
3747 2706 55 27 and
3815 2705 29 28 of
3857 2707 45 26 the
3916 2705 63 27 best
3991 2705 78 27 kind.

3584 2768 292 54 yiCTORIA
3950 2766 180 37 HOTiUL,

3665 2834 70 21 PEEL
3748 2834 111 26 STREET,
3874 2832 170 23 LAWRENCE.

3598 2924 169 37 Ronald
3796 2921 318 43 Montgomery,,

3767 2979 188 28 Proprietor'.-

3576 3069 58 31 One
3657 3068 30 30 of
3706 3067 47 31 the
3773 3070 72 27 most
3869 3066 181 31 comfortable
4069 3067 58 30 and

3598 3108 233 30 best-conducted
3843 3107 155 29 Hostelries
4007 3117 36 20 on
4052 3107 49 29 the

3723 3147 91 38 Otago
3828 3145 160 31 Goldfields.

3677 3238 57 22 HOT
3755 3237 62 22 AND
3838 3236 73 22 COLD
3929 3236 100 22 BATHS.

3603 3305 112 30 Sample
3732 3304 97 29 Rooms
3848 3312 52 20 for
3917 3302 182 31 Travellers.

3577 3385 169 40 Passengers
3753 3382 87 32 called
3848 3382 44 31 for
3900 3382 46 31 the
3954 3383 75 41 early
4036 3382 83 31 Train
4127 3400 12 12 .

3586 3530 63 58 D.
3692 3528 65 60 M

3789 3527 167 25 ITCH
3990 3526 22 25 E
4041 3526 20 25 L
4090 3526 21 25 L

3640 3669 69 26 THE
3754 3667 159 28 POPULAR
3948 3665 125 33 HOUSE,

3760 3728 198 28 LAWRENCE.

3593 3813 12 18 s
3617 3812 51 17 now
3686 3801 103 34 opening
3808 3808 30 25 up
3857 3798 40 26 his
3918 3797 63 27 First
4004 3797 136 33 Shipment'

3597 3848 25 23 of
3638 3847 143 24 SUMMER
3797 3842 169 29 DRAPERY,
3982 3841 131 26 consisting

3594 3890 25 25 of
3626 3890 31 24 all
3668 3891 40 23 the
3716 3890 70 24 latest
3796 3885 118 27 novelties
3922 3886 35 24 for
3968 3884 40 26 the
4015 3883 94 31 coming

3663 3935 92 21 season,
3772 3925 48 26 and
3833 3925 77 32 prices
3923 3926 23 21 to
3963 3922 90 25 match/

3700 3965 121 28 Millinery
3835 3972 15 15 a
3872 3961 137 31 Speciality.

3659 4104 61 25 tf.B.
3737 4097 111 30 Via.ts
3882 4099 93 25 MiHerfr
3998 4097 43 25 Pla
4092 4096 35 25 nl

3581 4141 128 32 Roxburgh
3721 4147 73 24 every
3808 4139 36 25 six
3861 4137 87 26 week*.

3586 4367 71 59 m

3593 4513 161 22 WAfWANT
4014 4513 50 20 the
4074 4507 84 30 Queen

3838 4594 71 19 ma
3920 4595 62 23 *?w>
4079 4582 20 28 ft
4110 4584 58 30 is?**!

3690 4941 61 22 :rr-<
3776 4941 28 26 /..,

3640 5578 158 36 TOtHIM*
3817 5578 143 32 WATSON
3981 5584 20 25 &
4020 5581 62 40 Ogfr,

3679 5627 144 28 Esk.street,
3843 5628 165 31 InVareargill,

3598 5667 54 26 So'e
3664 5668 89 30 Ageata
3766 5666 38 27 for
3817 5668 80 30 OtMp
3910 5668 47 25 nd
3970 5668 135 27 Southland
