3520 4590
2360 2884 77 98 The
2463 2884 153 98 Oxford
2642 2884 230 98 Observer.

2360 2982 271 98 PUBLISHED
2661 2982 211 98 WEEKLY.

2365 3080 165 22 SATURDAY
2553 3081 166 22 FEBRUARY
2734 3085 12 19 Bth,8
2756 3090 36 17 th,
2814 3085 58 19 1896.

2395 3203 92 30 THE
2509 3203 220 31 WEATHER
2765 3205 85 29 AND

2499 3250 89 29 THE
2605 3250 147 30 CROPS.

2395 3341 90 31 After
2498 3341 76 31 such
2603 3353 19 19 a
2651 3341 78 41 spell
2756 3343 31 29 of
2814 3342 78 31 Nor*

2355 3387 128 27 westers
2527 3383 62 29 and
2624 3384 157 30 excessive
2805 3384 87 33 .heat

2356 3434 33 21 as
2398 3434 64 21 was
2473 3424 202 38 experienced
2683 3424 60 30 last
2756 3424 137 41 Sunday^

2356 3476 19 19 a
2385 3469 82 26 most
2480 3464 177 40 refreshing
2673 3464 123 42 change
2809 3476 85 19 came

2355 3507 31 30 m
2396 3507 54 29 the
2462 3506 147 40 evening;
2626 3506 78 30 dark
2714 3507 107 30 clouds
2833 3507 59 30 and

2356 3547 147 40 whirling
2517 3550 113 27 storms
2657 3558 80 20 were
2766 3558 72 19 seen
2854 3555 38 22 od

2356 3588 54 31 the
2433 3587 184 38 mountains,
2641 3588 61 30 and
2715 3588 177 40 everybody

2356 3629 159 39 fervently
2523 3629 101 38 hoped
2635 3629 69 30 that
2715 3629 53 30 the
2794 3629 99 30 threa-

2356 3671 110 38 tening
2480 3670 106 31 clouds
2615 3669 104 32 would
2741 3680 50 21 ere
2821 3670 80 41 long,

2357 3712 200 31 overshadow
2566 3711 53 30 the
2627 3710 110 40 plains,
2748 3711 60 30 and
2817 3720 78 31 pour

2358 3753 89 29 down
2475 3753 83 29 their
2586 3754 81 28 *nost
2701 3752 119 30 wished
2848 3752 48 31 for

2357 3794 159 30 moisture.
2545 3793 80 34 And.
2642 3793 76 40 they
2744 3803 80 21 were
2839 3797 56 27 not

2358 3834 224 40 disappointed,
2610 3833 51 31 for
2689 3843 41 22 on
2758 3833 139 42 Monday

2356 3874 158 43 morning;
2516 3875 51 29 the
2567 3874 86 30 Train
2672 3875 119 37 poiirecl
2806 3875 90 41 dq^n

2356 3915 193 40 beautifully,
2555 3915 62 31 and
2624 3913 164 35 freshened
2793 3927 44 29 up
2844 3909 53 41 iUe

2358 3961 68 26 root
2441 3967 91 29 crops
2555 3956 62 30 and
2654 3957 65 39 dry,

2358 3993 12 16 k
2402 3994 161 34 The^Buik
2574 3995 33 32 of
2621 3997 52 31 tlie
2688 3993 53 34 oa£
2753 3988 141 51 'Srojv'at

2358 4039 80 29 least
2465 4038 86 30 what
2573 4048 63 20 was
2664 4037 57 31 left
2743 4039 34 30 of
2781 4044 5 3 *
2811 4040 36 36 it,
2869 4040 28 31 is

2360 4079 97 30 either
2471 4078 33 30 m
2519 4078 90 30 stack
2623 4087 36 21 or
2673 4079 32 30 m
2729 4079 54 30 the
2797 4080 100 36 stook,

2360 4123 110 35 except
2497 4118 54 30 the
2577 4119 61 30 late
2667 4130 98 30 crops,
2777 4125 7 2 '
2797 4121 104 31 which-

2359 4160 54 30 bid
2428 4160 61 30 fair
2501 4165 32 25 to
2542 4161 70 39 give
2641 4171 18 20 a
2679 4162 107 33 .better
2810 4162 88 40 yield

2360 4201 144 36 thanthe,
2518 4202 109 31 earlier
2646 4212 84 23 ones.
2756 4231 4 4 .
2767 4203 132 32 JBut-as

2360 4246 32 25 to
2451 4242 53 30 the
2568 4243 171 39 inglorious
2790 4245 107 30 effects

2361 4284 30 28 oi
2410 4283 54 30 the
2487 4282 203 35 Npr'westers
2713 4284 63 31 and
2804 4285 96 32 drou-

2361 4324 81 38 ghtSi
2457 4323 155 42 although
2642 4329 105 38 pretty
2782 4336 115 30 severe,

2360 4365 76 40 they
2450 4375 52 21 are
2536 4370 57 27 Dot
2619 4377 77 21 near
2719 4377 34 21 as
2774 4367 61 31 bad
2869 4377 32 22 as

2361 4416 81 20 were
2456 4407 203 40 anticipated.

2402 4445 66 33 The
2482 4448 63 30 Oat
2559 4449 84 40 yield
2656 4459 75 31 may
2753 4450 39 30 be
2806 4449 95 41 fairly

2362 4492 57 36 put
2433 4492 33 28 at
2478 4489 44 31 10
2539 4490 130 33 bushels
2690 4494 35 29 to
2748 4490 55 33 the
2822 4501 79 28 aare,

2906 191 60 29 and
2981 191 52 30 the
3057 190 101 30 wheat
3173 193 32 26 at
3229 190 49 34 25,
3295 195 147 30 averages

2907 232 99 29 which
3022 242 51 19 are
3096 230 136 40 possibly
3257 230 93 29 lower
3365 231 74 26 than

2906 283 61 28 any
2996 273 68 29 that
3088 272 78 29 have
3189 281 71 20 ever
3289 271 77 29 been
3397 278 43 20 re-

2907 313 111 30 corded
3074 312 186 32 herebefore,
3292 311 60 30 and
3396 310 46 28 in-

2905 354 136 30 dividual
3069 354 95 30 losses
3193 355 32 28 m
3248 363 83 20 some
3354 360 85 21 cases

2905 398 84 26 must
3025 397 37 27 be
3096 397 105 36 pretty
3236 394 110 38 heavy;
3386 393 55 28 but

2904 435 110 40 taking
3027 435 54 30 the
3095 435 62 30 loss
3187 435 31 29 m
3238 434 75 30 bulk
3328 435 26 28 it
3369 443 70 19 can-

2905 481 54 25 not
2987 478 37 28 be
3048 476 118 30 termed
3182 485 171 26 enormous,,
3379 475 55 28 be=

2904 527 91 20 cause
3051 516 53 30 the
3139 526 70 20 area
3267 515 173 39 altogether

2904 558 73 30 does
3000 561 55 26 not
3085 558 112 29 exceed
3229 558 89 34 1,500
3342 565 96 25 acres,

2904 598 61 30 and
2980 599 68 29 that
3063 599 32 29 of
3124 599 100 29 wheat
3246 598 72 38 only
3345 598 94 28 about

2906 638 102 35 1,000.
3051 639 114 39 Barley
3194 640 24 28 is
3245 643 55 25 not
3328 648 111 29 grown

2904 680 71 30 here
2990 684 32 26 at
3048 680 41 30 all
3118 684 32 25 to
3176 690 62 29 any
3260 682 116 32 extent,
3405 688 33 19 so

2904 720 53 30 the
2971 722 93 29 losses
3078 721 31 29 iv
3126 720 68 30 that
3222 721 148 29 direction
3385 729 54 19 are

2904 761 54 28 nil.

2945 800 133 40 Turnips
3128 802 61 29 and
3238 811 73 28 rape
3345 811 94 19 never

2906 841 108 30 looked
3044 842 108 34 better,
3189 841 115 30 thanks
3333 844 32 26 to
3390 851 49 19 oc-

2905 882 134 30 casional
3055 882 143 35 showers,
3214 882 62 29 and
3291 880 52 30 the
3354 881 85 29 stim-

2905 922 120 40 ulating
3039 922 106 31 effects
3160 923 33 30 of
3208 922 52 30 the
3274 922 164 35 bonedust,

2905 964 61 29 and
3003 964 189 40 fortunately
3229 973 75 29 very
3353 963 86 39 large

2905 1014 88 20 areas
3022 1004 78 31 have
3130 1006 75 29 been
3249 1014 95 24 sown,
3380 1004 59 29 and

2905 1045 62 30 this
2982 1046 135 30 reminds
3144 1056 35 19 us
3208 1045 87 30 when
3319 1056 39 19 on
3387 1046 54 28 the

2905 1086 120 41 subject
3041 1087 33 30 of
3086 1086 80 42 feed,
3189 1087 71 28 that
3287 1087 53 28 the
3356 1086 85 29 stub-

2905 1127 66 30 bles
2986 1127 100 31 where
3102 1129 51 30 the
3178 1127 88 39 grain
3293 1127 56 29 hns
3364 1127 76 30 been

2912 1168 85 36 shed,
3013 1169 64 29 will
3091 1168 82 41 yield
3189 1178 18 19 a
3235 1169 44 29 lot
3293 1169 33 29 of
3355 1169 87 28 Aut-

2908 1219 73 19 umn
2995 1209 79 33 feed,
3097 1210 25 30 if
3137 1210 73 38 they
3224 1214 54 33 get
3292 1220 18 18 a
3335 1210 107 39 timely

3013 1261 74 21 over
3115 1251 74 30 with
3229 1251 50 29 the
3307 1251 134 29 barrows

2907 1291 58 29 and
2982 1302 17 18 a
3016 1303 94 19 warm
3135 1293 118 29 shower
3268 1294 44 28 or'
3328 1296 69 26 two.

2948 1331 64 30 The
3041 1333 72 40 long
3138 1333 135 36 drought
3302 1344 21 18 v»
3322 1344 8 9 m
3332 1343 32 19 s
3387 1336 54 26 not

2909 1372 40 29 all
2962 1371 69 37 loss,
3055 1386 33 19 as
3103 1375 106 32 lambs,
3233 1374 144 30 intended
3392 1375 50 29 for

2909 1412 142 33 freezers,
3067 1417 101 29 which
3185 1415 61 30 had
3260 1416 77 28 been
3354 1416 87 29 chec-

2909 1452 59 30 ked
2997 1456 40 40 by
3074 1458 109 38 slushy
3213 1456 80 34 food,
3317 1456 127 39 quickly

2909 1494 153 34 hardened
3080 1509 41 29 up
3135 1498 59 29 and
3215 1501 78 26 went
3309 1498 51 29 the
3375 1508 69 26 way

2910 1535 32 30 of
2958 1537 38 29 all
3013 1543 132 29 mutton,
3168 1539 85 32 flesh,
3283 1539 62 30 and
3361 1549 83 20 more

2909 1576 67 29 will
3002 1580 126 40 quickly
3155 1580 107 30 follow
3286 1592 67 19 now
3376 1581 69 29 that

2910 1618 51 29 the
2978 1628 139 30 pastures
3140 1632 51 20 are
3211 1622 165 30 freshened
3390 1632 53 28 rip.

2909 1658 48 30 No
2973 1660 94 33 doubt
3081 1663 53 31 the
3150 1673 86 29 grass
3266 1663 72 31 seed
3352 1663 91 38 strip-

2910 1710 69 29 pers
3015 1708 62 26 met
3109 1705 74 29 with
3218 1708 89 35 great
3488 1717 8 4 -

2911 1745 181 36 pointment,
3123 1746 60 29 and
3211 1746 54 30 the
3298 1746 145 38 shortage

2912 1786 63 29 will
2989 1790 127 27 amount
3145 1791 31 25 to
3199 1797 18 19 a
3243 1787 80 38 good
3352 1796 94 27 many

2912 1826 140 35 liund_red
3080 1828 136 35 bushels,
3238 1828 57 29 but
3323 1827 124 38 against

2912 1869 52 30 the
2980 1868 178 31 drawbacks
3187 1868 157 30 indicated
3359 1868 87 30 there

2911 1920 52 20 are
2985 1914 63 26 sets
3077 1909 47 30 off
3147 1910 33 29 m
3208 1909 55 30 tho
3293 1910 94 38 shape
3417 1908 34 29 of

2910 1952 81 36 good
3012 1950 99 40 prices
3139 1950 50 29 for
3203 1951 88 36 wool,
3315 1952 132 32 mutton,

2912 1992 54 35 &c,
3002 2002 35 19 so
3072 1991 68 29 that
3174 2001 41 20 on
3250 1992 53 28 the
3340 1990 106 33 whole,

2910 2035 128 29 matters
3074 2032 100 40 might
3208 2032 82 30 have
3321 2032 78 29 been
3429 2040 18 20 a

2910 2073 82 40 good
3007 2072 69 32 deal
3100 2082 106 23 worse.
3260 2073 59 30 We
3334 2073 39 30 do
3396 2076 53 25 not

2910 2120 110 35 exfect
3050 2118 31 27 to
3111 2125 50 20 see
3189 2119 68 26 oats
3279 2124 41 30 go
3345 2124 41 28 up
3415 2112 64 30 to*

2910 2157 116 30 famine
3049 2156 100 39 prices
3178 2166 33 20 as
3240 2166 83 20 some
3347 2154 102 31 fervid

2910 2197 188 31 individuals
3148 2197 79 31 have
3277 2195 171 41 predicted,

2912 2239 130 30 because
3058 2247 18 20 a
3098 2239 80 28 little
3208 2238 68 29 bird
3298 2237 150 38 whispers
3458 2253 23 9 ~

2911 2280 15 29 f
2927 2279 66 31 rbm
3008 2278 52 31 the
3083 2279 99 29 South
3203 2278 79 35 that,
3298 2277 78 30 from
3395 2279 53 26 toe
3448 2293 48 6 —

2912 2320 120 30 Ilakaia
3046 2323 32 26 to
3102 2319 52 29 the
3183 2319 86 29 Bluff
3291 2318 53 30 tho
3359 2326 89 29 craps

2913 2372 51 20 are
2980 2360 225 39 exceptionally
3217 2359 92 41 good,
3324 2358 61 30 and
3397 2367 51 20 are

2912 2402 92 37 being
3033 2401 166 31 harvested
3238 2401 33 29 m
3297 2400 152 30 excellent

2914 2442 165 32 condition.
3119 2441 134 31 Neither
3269 2441 64 30 will
3348 2450 44 20 we
3410 2449 40 30 go

2915 2484 86 31 short
3016 2484 33 30 of
3060 2494 19 19 a
3093 2483 81 38 good
3187 2483 104 39 mealy
3316 2484 134 36 potatoe,

2916 2536 32 20 as
2977 2526 52 29 the
3058 2524 84 40 tight
3170 2524 81 30 little
3286 2522 108 31 Island
3423 2520 33 32 of

2916 2566 130 39 Kaiapoi
3074 2569 127 36 expects
3232 2569 30 26 to
3290 2568 74 26 turn
3399 2566 55 27 out

2914 2608 40 29 its
2982 2606 87 31 usual
3105 2606 157 40 quantity,
3291 2605 61 29 and
3381 2604 69 30 that

2917 2653 51 26 too
2983 2649 33 30 of
3044 2648 66 29 first
3136 2647 80 30 class
3242 2646 129 41 quality.

2957 2689 58 31 We
3030 2698 51 21 are
3096 2688 74 40 glad
3194 2693 33 25 to
3243 2697 49 21 see
3317 2688 70 29 that
3402 2687 53 28 the

2917 2730 144 39 dairying
3076 2729 145 39 industry
3236 2728 161 32 continues
3422 2730 32 26 to

2916 2780 120 31 occupy
3060 2769 54 31 the
3140 2770 153 29 attention
3315 2768 33 30 of
3375 2770 80 27 most

2917 2811 33 31 of
2970 2811 52 30 the
3048 2810 89 31 small
3162 2809 121 32 settlers
3309 2809 69 30 who
3403 2817 52 21 are

2917 2856 53 26 too
2984 2852 50 29 far
3047 2851 81 30 from
3143 2851 53 30 the
3211 2860 169 29 creamery,
3400 2850 58 29 but

2919 2904 45 20 we
2979 2892 111 31 should
3105 2891 62 31 like
3189 2891 95 31 much
3308 2891 102 30 better
3424 2893 33 26 to

2920 2935 37 30 be
2966 2949 9 15 k
2985 2935 69 29 able
3091 2937 30 27 to
3150 2933 111 32 record
3300 2942 19 20 a
3347 2932 111 39 higher

2921 2975 82 41 price
3019 2975 46 31 for
3080 2975 53 29 the
3147 2975 145 40 produce.

2962 3016 44 31 To
3027 3027 67 19 sum
3130 3025 52 29 up,
3227 3015 150 39 although
3417 3024 43 18 we

2921 3058 78 30 have
3022 3060 32 27 to
3076 3056 98 31 admit
3194 3056 71 30 that
3280 3056 52 30 the
3352 3065 109 21 season
3490 3073 6 6 >

2921 3098 55 30 has
3005 3103 55 25 not
3096 3098 77 30 been
3210 3095 183 31 favourable
3430 3099 30 25 to

2921 3140 138 38 farming
3082 3137 187 40 operations,
3291 3136 65 31 still
3383 3136 79 30 after

2923 3180 119 30 careful
3063 3179 141 39 enquiry,
3227 3189 47 19 we
3297 3178 64 29 find
3392 3178 70 30 that

2924 3224 128 26 matters
3069 3220 99 36 might
3187 3219 79 30 have
3281 3219 78 30 been
3371 3218 92 30 much,

2925 3271 105 25 worse,
3069 3260 62 30 and
3161 3260 104 29 where
3295 3259 52 30 the
3370 3269 92 20 coun-

2925 3301 214 37 terbalancing
3190 3300 171 29 influences
3412 3308 52 20 are

2925 3341 95 30 taken
3055 3341 64 29 into
3142 3339 236 35 consideration,
3411 3338 53 31 the

2925 3383 97 30 losses
3033 3413 5 2 .
3051 3392 52 19 are
3124 3384 56 27 not
3211 3390 74 21 near
3307 3390 35 21 so
3363 3381 101 37 heavy

2925 3434 34 19 as
2981 3423 75 39 they
3077 3418 80 35 have
3173 3422 80 31 been
3267 3420 198 42 represented

2925 3467 33 26 to
2997 3464 61 29 be.,

2995 3640 69 23 THE
3083 3640 151 23 NATIONS
3263 3641 132 22 MONEY.

3091 3684 70 22 ■The
3185 3684 99 26 People.

2960 3725 82 25 Those
3054 3724 28 25 of
3091 3732 45 17 our
3155 3725 101 26 readers
3274 3725 55 25 who
3348 3725 62 25 have
3422 3723 43 25 fol-

2926 3763 92 30 lowed.
3023 3770 35 24 up
3069 3770 46 17 our
3138 3762 101 26 articles
3262 3772 33 17 on
3319 3765 42 24 the

2926 3801 115 33 question
3048 3800 57 28 .will
3124 3800 65 27 have
3210 3809 60 18 seen
3291 3801 58 26 that
3359 3808 37 19 we
3408 3801 59 24 have

2927 3838 134 28 advocated
3072 3838 45 26 the
3129 3839 193 26 establishment
3335 3840 27 24 of
3371 3847 15 17 a
3398 3839 70 25 State

2929 3880 75 24 Bank
3023 3878 51 26 and
3092 3878 44 26 the
3147 3879 69 25 issue
3235 3880 29 24 of
3279 3887 89 25 money
3388 3881 26 23 to
3426 3878 43 24 the

2928 3918 86 32 people
3025 3916 110 33 through
3146 3916 50 26 the-
3210 3916 105 28 farmers
3333 3920 25 22 at
3369 3919 48 24 two
3429 3923 40 25 per

2923 3955 72 31 *cerit,
3013 3956 84 26 which
3115 3957 89 25 would'
3220 3961 80 23 cdver
3313 3959 44 25 the
3374 3958 53 24 cost
3447 3956 25 25 of

2929 3994 208 29 adminfsti'atiori;
3149 3997 5 7 '
3173 3996 64 27 This
3245 4007 100 24 money,
3357 3998 22 24 if
3388 3996 82 27 issued

2929 4038 26 24 to
2973 4061 3 5 ,
2995 4044 45 24 say
3070 4035 53 24 half
3226 4037 75 25 value
3336 4037 44 25 the
3420 4034 48 26 and

2929 4075 25 25 of
2975 4074 43 25 the
3044 4073 134 26 farmers.'
3211 4074 92 26 Would
3332 4075 65 25 have
3425 4073 42 25 be-

2929 4113 63 26 hind
3012 4114 21 25 it
3055 4113 43 25 the
3115 4121 60 25 very
3199 4114 57 26 best
3267 4114 28 25 of
3314 4114 157 32 redemption

2931 4153 117 31 security;
3083 4152 64 25 The.
3159 4153 107 26 fanners
3286 4154 108 32 produce
3411 4153 59 25 thir-

2931 4192 210 25 teen-sixteenths
3159 4193 35 27 of.
3207 4193 44 26 the
3263 4196 101 30 exports
3382 4194 27 25 of
3420 4193 51 24 -this

2931 4231 97 31 colony,
3041 4234 7 17 i
3051 4230 57 25 ■and
3137 4238 32 18 on
3198 4231 70 26 them
3295 4232 111 31 depends
3432 4231 41 24 the

2931 4268 97 26 welfare
3040 4268 26 26 of
3077 4268 45 25 the
3132 4269 109 25 nation.-
3250 4269 70 33 They
3331 4278 43 16 are
3392 4270 80 25 there-

2931 4309 53 25 fore
2995 4309 43 25 the
3060 4308 58 26 first
3140 4310 27 24 to
3189 4309 33 25 be
3242 4309 107 26 entitled
3371 4311 27 24 to
3417 4316 56 18 con-

2934 4346 141 31 sideration,
3087 4346 46 26 but
3142 4349 72 30 apart
3225 4348 64 26 from
3301 4348 58 26 that
3371 4356 35 17 we
3418 4348 57 25 look

2933 4391 34 19 en
2978 4384 71 26 them
3061 4393 28 17 as
3100 4385 45 25 the
3164 4386 57 25 best
3232 4386 113 28 medium
3366 4386 108 31 through

2933 4422 88 27 which*
3028 4422 52 27 this
3093 4422 71 27 State
3183 4431 92 25 money
3295 4425 74 24 could
3388 4425 31 25 be
3430 4426 46 30 put

2933 4461 55 25 into
3000 4461 150 26 circulation
3168 4465 27 23 to
3217 4462 42 27 the
3279 4462 95 26 benefit
3392 4463 26 25 of
3434 4462 42 26 t**e

2934 4501 81 28 whole
3027 4502 163 33 community.
3224 4502 23 27 A
3256 4501 94 27 farmer
3361 4502 59 27 does
3431 4504 45 26 moifc

1143 63 169 30 OXFORD
1350 62 230 32 OBSERVER
1646 60 240 35 SATURDAY,
1929 54 229 34 FEBRUARY
2191 55 29 34 8,
2286 53 80 29 1896

2380 192 54 43 T.
2472 190 357 53 KENNEDY,

2459 253 287 31 BLACKSMITH.

2336 308 84 40 Begs
2434 312 33 27 to
2482 310 142 30 ultimate
2650 313 33 26 to
2698 308 53 30 the
2767 308 107 39 public

2337 350 33 29 of
2399 350 118 30 Oxford
2562 350 62 30 and
2664 349 209 39 surrounding

2335 389 132 32 District
2481 391 69 30 that
2562 390 39 30 he
2613 391 54 30 has
2678 390 195 31 commenced

2335 431 142 30 business
2514 442 32 19 as
2593 431 135 30 General
2765 430 108 30 Black-

2335 472 101 38 smith,
2487 477 76 25 next
2595 475 33 27 to
2657 471 51 30 Mr
2735 472 137 39 Lough's

2336 511 83 30 Near
2435 512 71 31 Sale
2520 513 110 35 Yards,
2645 513 78 29 East
2737 512 133 35 Oxford,

2337 552 61 29 and
2425 552 95 40 hopes
2551 553 40 39 by
2606 553 88 30 strict
2720 553 151 29 attention

2337 595 31 27 to
2402 593 149 35 business,
2580 597 32 26 to
2648 595 38 29 be
2721 594 151 30 favoured

2337 633 75 29 with
2426 634 83 29 their
2523 638 141 35 support.

2378 672 37 31 N.
2438 672 35 31 B.
2499 674 135 41 Shoeing
2662 686 18 19 a
2700 675 169 40 speciality.

2479 820 248 44 found.

2378 923 27 30 A
2426 936 69 28 rug,
2518 936 104 21 owner
2637 937 56 20 can
2723 927 81 30 have
2819 927 53 30 the

2338 978 82 21 same
2448 971 43 38 by
2526 973 151 38 applying
2708 976 32 27 to
2770 973 102 30 Police

2339 1015 129 32 Station.

2368 1161 240 47 CANCEK
2640 1165 204 45 CURED

2517 1237 150 23 WITHOUT

2338 1288 27 31 A
2389 1290 213 32 SURGICAL
2633 1293 240 31 OPERATION

2371 1338 51 23 For
2432 1339 102 29 further
2548 1342 153 28 particulars
2717 1342 74 29 apply
2811 1347 22 19 to
2847 1343 23 22 th

2391 1390 123 26 OFFICE
2533 1392 44 25 OF
2601 1393 82 25 THIS
2700 1394 122 24 PAPER.

2479 1575 116 33 Copies
2617 1587 38 21 of
2676 1587 62 21 the

2392 1637 175 32 OXFORD
2600 1640 222 31 OBSERVER

2447 1712 47 18 can
2518 1705 31 25 be
2572 1707 119 25 obtained
2714 1710 26 22 at

2358 1749 157 25 ARGILL'S
2528 1759 88 16 comer
2638 1752 28 25 of
2681 1752 136 26 CASHEL
2831 1755 48 24 and

2442 1789 164 26 COLOMBO
2626 1791 154 27 STREETS

2516 1830 187 27 Christchurch.
2805 1859 10 3 _

2457 2010 299 46 WANTED.
2886 1996 2 67 |

2343 2077 41 79 A
2404 2076 229 33 SITUATION
2662 2090 39 19 on
2738 2089 18 19 a
2786 2079 92 32 Farm

2403 2119 123 30 wanted
2558 2119 41 41 by
2627 2131 19 19 a
2674 2120 99 41 youth
2801 2120 78 39 aged

2344 2159 39 30 16
2405 2170 98 28 years,
2539 2172 59 19 can
2612 2161 76 30 milk
2714 2161 62 30 and
2791 2161 88 31 make

2344 2199 124 32 himself
2488 2202 160 40 generally
2669 2202 112 30 useful.

2467 2251 105 41 Apply
2586 2255 33 28 to
2633 2253 54 30 the
2703 2253 95 30 Office

2591 2293 33 30 of
2646 2293 62 30 this
2730 2294 109 38 Paper.

2459 2467 315 47 WANTED.

2347 2539 186 30 WANTED
2563 2540 150 30 situation
2742 2551 33 19 as
2805 2544 77 26 mot-

2346 2587 71 30 hers
2439 2587 79 40 help,
2542 2598 37 20 or
2593 2596 93 23 nurse
2716 2588 61 39 girl
2793 2588 91 39 (aged

2349 2632 63 41 14).
2736 2665 3 2 .
2808 2662 40 4 ...

2471 2682 106 41 Apply
2589 2681 153 33 Observer
2758 2682 103 31 Office.
2874 2705 3 11 ;

1909 213 126 22 DOUBLE
2057 211 111 21 WIDTH

1785 275 196 46 DRESS
2037 270 256 47 TWEEDS

1949 345 79 39 (half
2043 342 96 41 price)

1826 405 185 37 Homespun
2026 403 35 28 65
2078 399 102 35 worth
2196 398 59 40 10J

1784 456 102 30 better
1910 453 90 31 v?lue
2025 451 76 31 than
2126 449 169 39 travelling

1846 509 128 38 drapers
1988 505 65 31 will
2068 505 71 39 give
2153 514 71 29 you.

1784 574 210 42 ii&DIES
2036 570 256 45 JACKETS

1875 627 77 30 New
1978 626 79 29 This
2079 623 125 32 Season

1771 676 35 29 8s
1829 675 41 29 6d
1912 672 147 31 Eeduced
2074 672 80 29 from
2212 671 55 28 12s
2289 670 18 29 6

1771 736 39 28 15
1833 735 41 30 6d
1999 756 19 13 „
2103 755 17 15 „
2212 731 54 29 20s
2288 731 19 29 0

1787 832 238 39 MANCHESTER
2043 830 247 25 DEPARTMENT.

1771 904 115 36 Prints,
1908 903 114 32 checks
2037 902 62 31 and
2121 900 115 40 stripes

1771 958 96 30 Table
1891 956 160 36 Damasks,
2074 953 193 32 unbleached
2267 969 37 6 —
2304 968 2 7 ■

1853 1008 115 40 special
1990 1006 93 31 value
2100 1004 81 32 from
2198 1003 46 39 1/-

1770 1065 117 30 Brown
1923 1061 139 31 Holland
2097 1070 78 30 very
2212 1058 97 40 cheap

1771 1115 194 32 Flannelette
1980 1112 60 31 and
2056 1111 150 39 Shirting,
2229 1110 80 40 good

1852 1166 92 31 value
1964 1165 79 30 from
2067 1164 51 30 4d.

1770 1217 95 31 Floor
1886 1216 92 31 Cloth
1999 1215 82 40 good
2104 1218 32 26 at
2159 1213 50 31 9d.

1770 1269 89 31 Wide
1881 1268 113 30 Forfar
2017 1270 32 26 at
2072 1267 49 29 6d.

1905 1334 17 5 _
2024 1324 29 19 «>

1810 1368 118 31 BOTS
1960 1364 308 33 DEPARTMENT.

1825 1463 81 30 Vsm}
1954 1463 23 23 T
1992 1469 57 17 now
2059 1462 116 24 continue
2187 1463 25 20 to
2224 1460 88 24 devote

1820 1484 95 50 JfcjhL
1954 1484 23 37 A
2013 1494 99 32 Special
2130 1493 133 26 Attention
2285 1495 27 21 to

1791 1525 140 42 /hMffah,
1953 1528 52 25 this
2020 1528 172 31 Department,
2205 1526 50 24 and
2273 1533 38 17 am

1775 1564 167 61 (gj|fu|||
1999 1587 73 20 NOW
2101 1584 156 22 OFFERING

1846 1644 16 38 1
1891 1660 28 22 V
2039 1662 103 21 LARGE
2157 1664 75 19 LINE

1813 1730 36 45 y
1867 1719 38 41 W
2010 1739 142 21 KNICKER
2172 1740 86 21 SUITS

1815 1771 30 39 Jtf
1857 1760 124 50 J]L=|at
1996 1773 40 21 the
2056 1773 119 27 following
2188 1773 126 21 SPECIAL

1795 1794 151 50 <JSl^^P
1958 1810 107 21 PRICES
2076 1819 34 12 :—

1832 1855 33 21 To
1875 1855 27 21 fit
1912 1855 61 26 Boys
1983 1855 13 19 3
2006 1853 72 21 Tears
2088 1853 36 26 5/6
2152 1855 14 19 5
2177 1853 70 21 Tears
2262 1854 36 26 5/6

1841 1949 56 47 R,
1938 1949 59 45 H.
2029 1947 217 48 PARISH

1903 2025 102 51 £$$t
2036 2024 164 50 Oxford

1773 2232 47 44 J.
1843 2232 55 44 T.
1926 2232 202 53 Brown,
2151 2233 41 43 &
2213 2233 98 44 Son

1829 2298 111 21 TIMBER
1951 2298 17 20 &
1979 2297 73 22 COAL
2066 2298 184 23 MERCHANTS.

1951 2335 167 21 IMPORTERS

1776 2372 35 27 Of
1841 2372 141 27 TIMBER
2013 2373 54 26 and
2097 2373 49 27 All
2176 2374 89 27 Kinds
2289 2374 29 27 of

1830 2419 189 27 BUILDING
2044 2419 224 29 MATERIALS.

1968 2465 153 27 CORNER

1778 2507 165 26 COLOMBO
1984 2507 19 24 &
2032 2506 98 26 TUAM
2161 2507 157 25 STREETB

1937 2551 196 26 CHRtSTfIHCTBCH

1779 2732 226 27 PREVENTION
2023 2732 32 25 IS
2073 2732 139 25 BETTER
2224 2732 94 25 THAN

2013 2772 105 25 CURE.

1780 2845 96 59 riV
1895 2846 54 24 that
1961 2845 44 24 the
2016 2844 132 25 Influenza
2159 2845 129 30 Epidemic
2299 2845 21 23 is

1855 2878 76 25 about
1951 2878 41 24 the
2011 2876 183 33 neighbouring
2212 2877 109 25 districts

1781 2920 33 16 no
1826 2911 74 25 home
1912 2910 89 26 should
2013 2910 30 25 be
2053 2910 106 25 without
2170 2910 44 25 the
2234 2910 86 32 Platy-

1782 2952 47 24 pus
1833 2944 86 25 Brand
1931 2944 26 25 of
1968 2944 155 31 Eucalyptus
2133 2943 124 25 Globulus
2269 2943 51 25 Ex-

1782 2979 64 23 tract
1858 2979 27 23 to
1897 2977 29 25 be
1939 2976 76 25 taken
2027 2984 68 24 upon
2111 2984 82 24 .sugar,
2215 2984 28 17 or
2260 2976 26 24 m
2307 2983 14 17 a

1782 3010 66 25 little
1858 3010 73 24 milk.
1966 3010 52 23 The
2029 3012 67 21 most
2110 3009 149 25 convenient
2272 3008 51 25 and

1783 3043 112 31 pleasant
1907 3050 54 24 way
1973 3046 26 21 to
2012 3042 57 25 take
2092 3041 156 32 Eucalyptus
2260 3042 22 24 is
2294 3042 28 24 m

1783 3076 32 24 he
1827 3076 120 32 Platypus
1958 3074 88 25 Brand
2065 3074 28 25 of
2110 3074 146 32 Euacyptus
2276 3074 45 28 Jur

1780 3108 83 32 jubesy
1874 3109 59 30 they
1945 3115 42 17 are
1994 3108 28 23 m
2031 3107 62 25 such
2103 3115 16 19 a
2125 3107 125 30 palatable
2257 3108 66 24 form

1783 3142 113 32 pleasant
1938 3141 27 24 to
1998 3141 71 26 taste,
2110 3139 133 31 antiseptic
2273 3141 50 23 and

1784 3172 140 26 stimulant.
1969 3172 116 31 Sprinkle
2107 3180 65 23 your
2197 3172 114 26 handker
2312 3180 6 11 4
2318 3186 4 4 -

1785 3206 67 25 chief
1860 3206 51 24 and
1929 3212 84 18 rooms
2025 3204 60 25 with
2104 3206 43 23 the
2165 3205 42 24 oil.
2313 3210 5 18 \

1786 3258 27 24 BE
1823 3257 59 25 SURE
1890 3257 42 25 YOU
1943 3256 118 26 PURCHASE
2070 3256 46 25 THE
2126 3257 115 25 PLATYPUS
2250 3254 74 28 BRAND

1863 3302 31 23 R.
1907 3300 92 25 Parish
2010 3301 83 30 Agent
2104 3300 39 24 for
2155 3300 102 25 Oxford.

1787 3344 73 26 Office
1869 3344 39 25 No
1918 3345 14 23 9
1946 3342 175 32 Cathedralsq.
2142 3342 184 26 Christchurch

1924 3570 270 46 NOTICE.

1789 3665 22 57 I
1829 3666 56 30 beg-
1893 3665 27 24 to
1937 3662 92 25 inform
2037 3677 4 5 •
2058 3662 44 25 the
2125 3661 156 25 inhabitants
2304 3659 27 26 of

1830 3697 93 26 Oxford
1935 3696 50 26 and
1994 3695 43 25 the
2045 3695 85 32 public
2139 3692 124 35 generally
2272 3693 57 25 that

1789 3736 21 26 I.
1814 3736 64 24 have
1888 3735 84 25 -taken
1972 3750 7 11 r
1983 3741 59 17 over
2060 3733 44 25 the
2114 3732 115 25 business
2252 3731 76 31 lately

1790 3774 95 25 carried
1897 3782 33 17 on
1938 3774 34 31 by
1982 3772 137 26 MESSRS
2137 3770 191 27 GRIFFITHS

1790 3811 97 28 BROS.
1901 3812 104 26 General
2014 3812 111 26 Carriers
2147 3811 51 25 and
2214 3812 65 24 trust
2297 3810 28 32 by.

1791 3851 123 25 attention
1923 3852 27 23 to
1961 3850 115 25 business
2088 3852 26 23 to
2126 3850 74 24 merit
2220 3857 14 16 a
2257 3848 72 25 share

1790 3890 28 25 of
1823 3889 84 31 public
1919 3890 112 30 support.
2311 3915 2 2 .
2323 3889 3 14 '

1824 3937 110 26 Covered
1944 3937 74 25 Vans
2028 3937 51 25 will
2090 3944 49 17 run
2160 3936 66 25 from
2237 3935 93 26 Oxford

1793 3982 25 24 to
1830 3980 128 32 Rangiora
1980 3979 51 25 and
2053 3979 181 25 Christchurch
2258 3986 72 24 every

1792 4023 155 33 MO-NDAt,
1958 4013 233 41 Wednesday,
2201 4024 129 26 Friday

1985 4063 150 31 Returning.

1994 4102 208 25 'THURSDAY
2259 4101 72 26 AND

1794 4151 31 11 .:.
1862 4146 14 11 -^
1954 4139 211 26 SATURDAY'S

1791 4207 3 2 .
1826 4184 135 24 Furniture
1973 4184 50 23 and
2035 4184 84 24 Goods
2142 4184 28 24 of
2189 4191 73 24 every
2282 4183 49 24 dis-

1785 4222 121 32 -cription,
1918 4221 92 33 pa6ked
2022 4221 50 25 and
2083 4221 116 26 removed
2212 4223 26 23 at
2250 4221 81 25 short-

1793 4264 37 23 est
1840 4262 92 25 notice.
1992 4283 3 1 .
2019 4278 4 6 >
2037 4277 2 4 •
2203 4278 14 6 ■,
2236 4260 37 27 :,-•'

1827 4306 142 26 ORDERS
1989 4306 129 26 entrusted
2129 4308 27 24 to
2168 4307 42 24 Mr
2220 4306 33 25 L.
2266 4306 66 25 Grif-

1793 4346 48 26 fith
1853 4346 100 30 Oxford,
1971 4347 53 24 who
2034 4346 57 26 will-
2104 4346 40 26 act
2156 4354 28 18 as
2194 4354 44 24 my
2250 4347 82 31 agent,

1794 4393 28 19 or
1833 4388 27 23 to
1871 4386 27 25 C.
1911 4386 30 25 A.
1954 4386 75 32 Tyler
2036 4386 135 33 Rangiora,
2180 4386 51 26 will
2239 4386 94 26 receive

1793 4425 101 31 prompt
1914 4425 134 26 attention.

1980 4464 29 26 C.
2029 4465 30 25 A.
2078 4465 121 26 TYLER

2179 4498 154 34 Proprietor.

1200 206 248 48 EIIIPOI
1488 204 252 49 TWIBBS.

1201 284 83 22 SUITS
1294 284 87 20 MADE
1391 284 38 21 TO
1439 282 144 22 MEASURE
1597 282 82 20 FROM
1695 284 45 19 50s.

1201 341 122 78 FULL
1340 341 143 30 RANGE
1496 341 34 29 of
1537 340 64 29 this
1615 339 125 30 Season'

1280 381 145 30 Patterns
1445 385 34 25 to
1508 381 93 28 hand.

1303 474 36 32 X,
1366 474 42 29 .H
1430 473 199 31 PARISH'S

1346 533 91 26 EAST
1455 533 147 25 OXFORD.

1316 585 134 21 INTENDS
1482 585 37 20 TO
1549 583 73 21 SELL

1201 623 177 30 seasonable
1389 623 95 38 goods
1495 626 33 25 at
1533 623 100 38 prices
1643 621 99 30 below

1202 673 69 29 that
1291 672 33 29 of
1338 683 62 29 any
1424 672 223 29 Christchurch
1672 672 68 29 firm

1455 738 29 19 ♦

1246 785 169 31 ALL
1451 783 247 33 WOOL

1201 912 132 38 cheaper
1346 912 78 30 than
1439 922 58 21 can
1517 914 39 29 be
1568 913 173 40 purchased

1201 966 31 28 at
1262 964 125 30 auction
1416 973 35 20 or
1469 964 83 30 from
1591 964 150 30 itinerant

1386 1011 138 40 drapers:

1457 1091 35 19 ♦
1615 1105 2 2 .

1301 1155 345 39 PARISH'S

1216 1216 183 546 §
1449 1434 262 36 YOUTHS'

1479 1531 65 35 All
1574 1531 105 35 Wool

1408 1614 179 25 COLONIAL
1613 1615 129 24 TWEED

1455 1687 219 34 SUITS

1244 1775 129 33 From
1396 1773 90 41 12/6
1509 1781 72 32 per
1604 1774 94 36 suit.

1273 1834 79 33 (three
1362 1834 138 32 garments,
1518 1831 80 27 worth
1611 1831 65 33 255.)

1208 1879 92 25 Cannot
1312 1881 26 23 le
1345 1879 138 32 purcha§&i
1493 1882 25 20 at
1535 1876 170 27 Christchurch
1718 1884 27 15 or

1206 2170 27 29 A
1249 2171 101 39 Large
1366 2171 61 29 Lot
1442 2170 33 30 of
1498 2168 107 31 Gents'
1632 2168 113 40 Heavy-

1206 2220 111 31 Tweed
1356 2222 170 30 Overcoats
1558 2219 100 31 below
1678 2222 68 26 cost

1206 2262 94 39 price.

1390 2321 40 3 —
1430 2316 92 14 >-■♦»<
1523 2321 38 3 —

1236 2359 144 47 UCX
1431 2355 286 51 €BBTAIHg

1209 2469 94 47 inn
1333 2459 66 50 D^
1399 2467 72 30 IRS
1488 2467 32 30 of
1535 2464 212 33 OXJBTAINS

1217 2497 86 51 lUU
1334 2518 23 29 1
1413 2507 110 31 Latest
1547 2506 136 40 Designs

1305 2556 82 30 from
1417 2556 44 29 2s.
1474 2564 57 30 per
1559 2553 79 40 pair.

1211 2743 120 31 Ladies'
1356 2743 87 30 Eock
1458 2742 103 31 Straw
1576 2742 133 29 Boaters

1253 2817 18 14 „
1356 2794 108 40 Fancy
1486 2793 96 30 Sailoi

1211 2845 95 40 Boys'
1321 2846 64 28 and
1398 2844 102 30 Maids
1516 2843 144 31 Galateas

1213 2937 101 33 Black
1329 2939 121 30 French
1467 2938 183 30 Cashmeres

1213 2990 99 31 Black
1328 2991 28 29 &
1369 2989 65 32 Col.
1453 2989 125 31 French
1597 2988 157 31 Merinoes

1247 3096 255 25 FLANNELETTS
1515 3097 19 23 &
1547 3094 191 29 GALATEAS,

1215 3156 31 25 la
1268 3156 124 31 quantity
1416 3155 50 25 and
1486 3155 117 31 qualities
1622 3161 73 17 never
1713 3155 43 30 yet

1215 3193 87 33 placed
1313 3193 83 26 before
1407 3193 93 25 Oxford
1511 3193 99 31 buyers.
1621 3191 69 26 Such
1701 3188 53 34 pat-

1217 3231 76 30 terns,
1307 3231 61 25 such
1378 3231 107 28 colours,
1498 3231 63 24 such
1573 3231 119 26 textures,
1702 3230 54 24 that

1217 3277 51 17 one
1276 3269 126 30 naturally
1413 3269 60 25 asks
1483 3269 55 24 how
1550 3268 60 30 they
1622 3275 42 17 are
1684 3266 73 25 made

1217 3309 38 25 for
1277 3309 44 24 the
1342 3309 76 30 price.
1461 3308 44 31 My
1529 3308 116 29 Glasgow
1667 3306 91 31 buyers

1217 3346 114 33 pounced
1348 3354 68 24 upon
1436 3354 15 16 a
1474 3345 51 25 line
1547 3344 68 26 fresh
1634 3344 64 25 from
1714 3343 44 26 the

1218 3385 87 30 looms,
1317 3385 73 24 made
1401 3384 123 25 excelleat
1536 3385 75 24 terms
1632 3381 61 26 with
1714 3381 44 26 the

1218 3422 95 30 maker,
1322 3422 104 32 shipped
1437 3423 26 24 at
1474 3429 62 18 once
1548 3423 26 24 to
1582 3428 50 21 me,
1642 3420 51 25 and
1699 3420 59 25 here

1219 3463 59 32 they
1290 3471 49 22 are,
1352 3470 67 18 some
1432 3463 49 24 100
1492 3462 90 32 pieces,
1590 3460 49 25 and
1646 3459 14 26 I
1671 3460 87 25 intend

1219 3505 26 24 to
1257 3503 73 26 make
1342 3511 14 17 a
1368 3502 69 27 noiie
1458 3501 82 29 about
1559 3501 70 26 them
1639 3508 6 22 ;
1659 3508 32 17 no
1711 3508 47 17 one

1220 3543 49 25 else
1280 3542 47 25 has
1339 3542 40 25 the
1391 3543 114 31 patterns
1511 3549 6 22 ;
1530 3549 34 18 no
1586 3548 48 17 one
1657 3540 52 25 else
1731 3540 28 24 m

1220 3581 44 24 the
1276 3580 70 25 trade
1355 3588 47 17 can
1415 3580 61 25 offer
1493 3579 63 25 such
1567 3579 81 25 value.

1233 3630 6 4 -
1246 3619 260 25 -FLANNELETTE
1523 3619 32 24 2s-
1567 3619 51 23 lid
1626 3617 79 26 do&en
1712 3617 48 32 yds

1221 3668 27 17 or
1260 3667 47 24 any
1318 3658 88 32 length
1417 3659 43 24 cut
1472 3659 26 24 at
1519 3658 33 25 3d
1570 3666 44 24 per
1633 3657 70 32 yard.
1738 3657 22 25 A

1221 3697 121 33 splendid-
1350 3704 78 25 range
1432 3696 39 25 -of
1485 3697 121 32 patterns.
1630 3710 4 3 -

1446 3809 68 24 NEW.
1537 3830 19 3 ..
1571 3830 14 7 
1646 3831 3 3 .
1672 3822 16 11 ;.
1702 3822 54 14 „..-.

1223 3857 267 44 SUMMER
1507 3834 71 13 "'■'■
1636 3840 17 49 ■'■
1693 3840 6 38 ;
1703 3883 6 4 -

1465 3932 298 44 DRAPERY
1768 3919 2 41 1

1345 4032 123 33 NOW
1498 4032 135 32 OPEN
1768 4022 2 55 |

1335 4117 3 2 ■
1359 4124 21 3 ...
1390 4118 6 4 ••
1435 4103 13 24 !.
1468 4124 3 3 .
1486 4120 4 5 .
1580 4116 9 8 -•
1745 4118 3 2 ■
1768 4111 2 9 •

1225 4160 117 25 PRINTS,
1358 4158 311 27 GINJP^MSjDJ&LLS,.
1690 4162 64 21 ..*;;,.
1768 4143 1 38 1

1220 4252 5 9 ,
1257 4237 144 25 ZEPHYRS,
1415 4236 108 25 >TULLS,
1538 4227 228 33 FLANNELETTSJ

1225 4313 94 22 DRESS
1332 4313 136 25 TWEEDS,
1531 4331 4 3 .
1585 4336 6 3 .
1768 4332 1 6 ,

1364 4353 26 19 4s
1405 4351 43 21 lid
1474 4351 55 21 Full
1542 4351 71 20 Dross
1625 4349 58 22 with
1691 4349 75 27 lining
1768 4348 1 12 1

1227 4419 115 22 COTTON
1356 4418 92 22 DBESS
1461 4416 140 26 MUSLINS,

1392 4496 136 23 OSBORNE
1543 4495 98 22 CRAPE
1659 4494 99 23 CLOTH

634 371 233 26 CANTERBURY
889 371 93 23 LAND
1001 370 169 24 DISTRICT.

652 404 114 24 SMALL
790 403 155 25 GRAZING
973 403 70 24 RUN
1062 402 91 25 OPEN
1197 409 2 10 '

750 436 68 24 FOR
852 435 201 25 SELECTION.

667 468 25 25 It
712 468 22 25 is
764 469 90 31 hereby
870 468 103 24 notified
999 468 27 23 m
1044 470 78 21 terms
1147 467 27 24 of

637 501 61 24 'The
710 501 72 24 Land
801 502 48 24 Act
870 502 72 22 1892'
955 501 48 23 and
1025 500 61 23 'The
1098 499 73 24 Land

635 533 37 23 for
696 533 146 24 Settlement
865 533 54 28 Act,
951 533 72 23 1894'
1046 532 56 23 that
1128 531 43 24 the

635 565 223 25 undermentioned
887 565 72 24 lauds
976 573 40 15 are
1034 572 56 16 now
1107 571 63 23 open

635 598 37 24 for
684 599 148 30 application
856 599 26 23 at
895 597 49 24 this
956 597 69 24 office
1037 597 79 23 under
1130 597 40 24 the

638 630 81 26 Small
732 631 110 30 Grazing
854 630 57 24 Run
933 631 105 29 System.
1197 634 2 18 i

669 663 97 25 Section
787 665 15 22 2
818 663 89 30 Ashley
928 662 82 31 Gorgs
1024 661 147 25 Settlement

636 695 50 25 and
699 696 99 24 Section
812 696 88 25 36589.
937 695 64 24 Area
1014 695 46 23 915
1069 701 35 16 ac.
1118 694 52 23 2ro.

636 728 41 30 2p.
701 728 98 24 Annual
817 729 56 23 rent
907 728 67 22 £101
998 728 51 21 11s.
1093 726 78 23 Plans

635 767 58 23 may
705 759 30 24 be
747 768 58 16 seen
824 761 27 23 at
862 759 111 30 Railway
992 758 111 25 Stations
1123 757 47 24 and

636 792 60 23 Post
724 792 96 28 Offices,
846 791 49 24 and
923 790 116 25 obtained
1067 797 33 17 on
1126 797 44 23 ap-

636 823 119 30 plication
767 826 26 21 at
802 824 50 23 this
864 823 76 23 office.

801 855 21 24 I.
843 855 38 24 W.
906 854 30 23 A.
956 852 198 25 MARCHANT.

636 887 103 24 District
750 888 74 23 Land
844 886 51 24 and
908 886 95 31 Survey
1014 886 68 23 office
1098 884 73 25 Com-

635 919 126 24 missioner
773 921 25 22 of
810 920 88 24 Crown
914 918 90 24 Lands.

917 949 187 26 Christchurch.

651 1072 513 47 DRESSMAKING.

717 1184 96 30 MISS
837 1184 33 29 E.
888 1182 200 35 HAWKER,

637 1241 11 38 (
660 1241 90 38 Pupil
766 1241 33 28 of
818 1239 74 30 Miss
907 1239 137 38 Keating
1067 1237 104 31 Scien-

635 1281 63 30 tific
710 1281 209 35 Dressmaker,
934 1278 236 39 Christchurch)

676 1333 81 38 Begs
780 1335 32 27 to
848 1332 114 29 inform
997 1331 56 29 her
1083 1330 89 40 Lady

635 1373 131 30 Friends
825 1373 53 30 she
893 1373 26 30 is
936 1380 71 21 now
1022 1371 150 40 prepared

636 1417 32 26 to
682 1413 91 30 make
790 1414 119 29 dresses
922 1413 33 28 m
970 1411 203 30 Fashionable

636 1455 60 29 and
702 1454 109 30 Latest
822 1453 106 40 styles,
941 1457 32 25 at
984 1452 189 31 Reasonable

637 1495 134 40 charges.

688 1545 48 25 She
775 1546 47 25 has
851 1545 122 32 arranged
1010 1544 36 25 for
1074 1545 99 30 present

639 1585 197 26 WORKROOM
860 1587 26 23 at
916 1584 69 25 MRS
1006 1584 167 26 ESKETT'S

637 1624 118 31 Opposite
767 1624 74 24 Bank
852 1623 27 25 of
888 1624 63 24 New
961 1622 111 26 Zealand
1081 1622 93 25 Oxford

762 1667 54 31 Bay
828 1665 69 26 Itoad
912 1665 134 26 Entrance.

693 1803 196 41 USUAL
929 1801 187 42 TUITION-

637 1870 140 37 PIANO,
808 1870 187 37 SINGING,
1018 1869 157 36 VIOLIN,

679 1911 148 31 ORGAN
893 1910 85 31 ETC.
1041 1911 93 31 ETC.

742 1984 63 29 MR
842 1984 31 30 S.
905 1983 172 31 MAYSON
1135 1985 63 50 #^j

639 2046 66 31 Has
741 2047 161 29 vacancies
916 2038 270 55 Jo^cr^^M^r^

628 2328 201 33 Trianos
853 2316 99 42 and
978 2315 197 55 Organs

771 2382 77 24 tuned
866 2382 49 24 and
933 2381 120 32 repaired,

641 2442 115 25 AGENT
776 2442 66 25 FOR
861 2441 136 24 MILNER
1009 2440 167 26 THOMSON

790 2528 83 42 FOi
918 2528 114 40 SALE

675 2594 47 23 AN
739 2593 156 24 UPRIGHT
908 2592 119 25 GRAND
1040 2591 105 25 PIANO

675 2667 170 26 Instruments
857 2674 45 18 cau
914 2666 31 25 be
963 2666 120 32 procured
1094 2674 32 17 on
1138 2666 42 25 the

642 2712 57 23 time
716 2714 120 29 payment
848 2712 97 30 system.

786 2756 75 24 From
874 2756 33 23 £1
926 2762 15 17 a
954 2754 94 25 month.

712 2843 116 24 SHEET
841 2841 108 25 MUSIC
959 2841 37 24 IN
1007 2841 108 25 STOCK
1123 2855 3 11 ,
1156 2861 3 1 

645 2889 144 37 SONGS,
1013 2887 169 32 DUETTS

795 2936 119 26 VIOLIN
928 2935 115 26 SOLOS.

645 2988 116 24 Addrass.
764 3001 32 5 —
799 2986 118 33 Opposite
947 2985 73 25 Bank
1037 2985 27 25 of
1091 2985 35 25 N..
1154 2985 29 25 Z.

841 3039 148 25 OXFORD.

783 3178 264 46 NOTICE.
1126 3188 4 13 •
1181 3179 4 3 •

681 3262 82 26 MISS
785 3262 103 25 TRITT
900 3262 60 30 hegs
980 3263 26 22 to
1019 3268 130 17 announce
1161 3262 27 23 to

648 3306 41 23 the
712 3305 83 31 public
807 3304 26 25 of
852 3304 95 24 Oxford
957 3304 57 24 that
1035 3303 44 24 she
1091 3303 22 24 is
1132 3310 57 17 now

649 3349 74 31 agent
746 3348 38 24 for
806 3346 116 26 Powell's
946 3345 130 26 Columbia
1098 3345 82 25 Fitter
1182 3357 5 18 $

649 3391 51 25 and
710 3391 22 24 is
750 3390 115 32 prepared
877 3391 26 24 to
923 3389 58 25 take
992 3389 83 32 pupils
1096 3388 37 33 for,
1146 3388 44 26 the

649 3434 86 25 above.
759 3434 50 24 For
830 3435 75 23 terms
917 3432 50 25 and
985 3432 35 25 all
1041 3432 149 32 particulars

649 3478 75 32 apply
744 3480 33 26 to,
797 3476 81 26 MISS
896 3476 112 30 TRITT,
1021 3482 2 15 :

818 3521 87 30 Queen
930 3518 92 31 street,

881 3563 63 25 East
973 3562 101 25 Oxford.

789 3697 266 48 NOTICE.

653 3777 96 28 LOST,
777 3773 142 32 STOEEN,
949 3773 45 25 OK
1021 3772 170 26 STEAYED.

687 3873 33 24 40
736 3872 98 24 merino
856 3877 65 17 ewes
943 3870 66 24 from
1025 3877 96 16 reserve
1144 3869 48 23 462

655 3914 92 27 VIEW
766 3912 94 30 HILL,
882 3911 76 33 lately
969 3911 117 32 occupied
1102 3911 33 32 by
1153 3910 41 25 Mr

655 3956 161 27 CHARLES
837 3954 147 30 GORTON,
1001 3961 97 24 anyone
1112 3954 83 30 giving

655 4000 162 25 information
833 3998 58 25 that
914 3997 51 24 will
975 3997 62 24 lead
1059 3997 34 24 to*
1102 3996 43 25 the
1157 4004 37 16 re-

655 4049 85 25 covery
757 4042 28 25 of
799 4042 42 24 the
860 4047 68 18 same
946 4040 52 24 will
1013 4040 31 24 be
1059 4038 134 26 rewarded.

754 4077 88 40 Apply'
1043 4075 141 43 ."■.'■!

823 4127 32 25 R.
867 4125 130 26 PARISH

989 4167 85 31 View.
1081 4166 64 25 Hill.

821 4234 87 27 Bratid
925 4233 49 33 pg
992 4232 63 26 Red.
1111 4224 4 9 '
1138 4256 4 16 (
1183 4234 5 3 '

686 4334 2 2 ■

716 4367 34 46 C
808 4364 334 53 CLEAVER,

855 4446 144 25 CABKIEB

640 4471 9 40 1
673 4492 132 42 OXFORD
836 4491 44 40 TO
916 4485 279 46 CHRISTCHURCH.

478 214 125 26 WATER

24 246 43 29 M*
157 251 132 25 SUPPLY
325 254 176 28 DISTRICT.

24 322 27 44 T
124 345 171 28 coopers
323 350 116 24 creek
459 350 77 24 sub-

241 390 171 28 division.
632 376 2 17 (

198 444 18 28 f
258 437 2 2 ■
270 447 60 5 —
330 448 67 5 —
397 449 6 5 •

93 475 21 23 A
133 475 100 33 Special
254 477 102 25 Annual
382 477 139 32 Recurring
541 478 65 25 Rate

57 513 29 25 of
103 513 185 32 Five-Eighths
312 515 27 24 of
365 522 15 17 a
409 523 82 24 penny
515 516 26 23 m
565 515 41 24 the
632 507 2 8 '

60 550 100 32 Pounds
178 552 75 24 -made
272 552 80 24 under
373 553 41 24 the
434 552 137 31 provisions
583 554 26 24 of
632 552 2 34 \

62 592 83 26 "The'
259 595 94 32 Supply
376 595 54 29 Act,
555 596 51 24 and
632 607 2 15 ;

60 637 182 30 amendments,
261 639 50 23 and
437 639 93 31 Rating
554 639 52 31 Act,

184 681 32 31 by
239 681 54 25 The
322 681 286 32 Waimakariri-Ashley

65 725 88 24 Water
166 724 94 32 Supply
272 725 90 29 Board,
382 733 33 16 on
427 725 41 24 the
481 724 60 24 20tb
556 725 45 31 day
632 732 2 19 :

65 768 27 24 of
113 768 67 24 June
211 769 72 28 1895,
303 768 172 31 commencing
498 775 32 17 on
561 767 43 24 the
632 768 2 15 :

68 813 49 22 Ist.
139 810 48 31 day
211 811 25 24 of
255 811 68 23 June
344 811 75 27 1895,
438 809 50 25 and
507 809 101 31 payable

67 854 28 23 m
108 853 71 31 equal
190 853 160 24 instalments
362 851 149 32 half-yearly
522 859 33 17 on
567 851 41 25 the

68 896 48 24 Ist.
141 895 71 24 DAY
231 895 43 24 OF
293 894 113 30 APRIL,
425 893 49 25 and
494 893 43 24 the
561 894 46 23 Ist.

68 938 71 24 DAY
160 938 44 24 OF
223 937 169 28 OCTOBER,
411 938 26 23 m
450 944 71 23 yvery
540 943 66 24 year,
632 928 2 15 :

69 981 67 25 until
159 980 43 25 the
223 988 56 17 sum
300 980 28 24 of
353 981 93 27 £1700,
468 979 74 31 being
564 979 42 24 the

66 1023 128 26 borrowed
211 1031 104 24 moneys
333 1023 26 25 m
371 1025 95 30 respect
483 1023 27 23 of
526 1021 81 25 which

67 1067 64 25 such
150 1066 64 25 Rate
226 1067 22 24 is
260 1066 81 28 made,
359 1066 66 25 shall
446 1065 29 26 be
495 1065 58 31 paid
564 1065 42 25 off.

67 1151 145 26 XTGTICE
233 1152 21 24 is
274 1151 93 32 hereby
390 1151 79 32 given,
489 1150 54 25 that
564 1150 42 25 the

67 1176 33 33 JLI
125 1185 63 24 Rate
200 1184 70 25 Book
281 1185 28 23 m
321 1184 146 24 connection
481 1183 61 24 with
563 1183 43 25 the

67 1218 79 25 above
166 1217 63 24 Rate
241 1217 21 24 is
283 1224 63 24 open
368 1218 38 23 for
417 1216 137 31 inspection
574 1216 32 30 by

68 1251 35 24 all
126 1250 158 30 Ratepayers,
303 1251 26 22 at
355 1250 42 23 the
420 1250 70 23 office
514 1248 26 24 of
562 1248 43 24 the

68 1283 84 25 Board
164 1284 25 23 at
209 1282 99 28 Oxford,
328 1281 88 32 during
428 1281 76 25 Office
522 1281 82 24 hours,
632 1291 2 18 i

135 1336 32 25 G.
189 1335 180 26 JOHNSTON
395 1335 178 24 WEBSTER.

234 1390 128 30 Secretary
381 1390 24 23 to
423 1388 42 24 the
484 1388 88 23 Board.

103 1436 101 30 Oxford,
228 1436 53 25 Gth.
300 1436 123 32 February
453 1436 71 25 1896.

203 1573 260 46 NOTICE.

89 1637 175 32 OXFORD
287 1638 114 31 ROAD
427 1637 156 31 BOARD.

69 1729 172 81 HOTICE
256 1731 26 30 is
296 1730 120 40 hereby
432 1731 92 39 given
539 1730 69 29 that

134 1772 41 29 all
200 1775 82 26 rates
313 1775 53 26 not
396 1772 72 38 paid
492 1780 39 20 on
574 1780 35 20 or

70 1813 105 30 before
199 1813 53 30 the
272 1811 85 32 27th.
389 1812 33 29 of
447 1812 161 40 February

69 1853 65 32 will
157 1853 37 30 be
209 1854 75 29 sued
309 1853 46 30 for
379 1853 131 30 without
540 1853 66 29 fur-

74 1896 71 29 ther
167 1895 108 29 notice.

202 1943 117 25 JAMES
337 1944 35 23 H.
392 1944 149 24 SHARPE.

40 1987 31 19 IS
235 1983 80 29 Clerk,
329 1983 92 25 Oxford
434 1983 71 25 Road
517 1983 91 25 Board.

24 2112 73 87 !|
216 2126 265 46 NOTICE.

24 2183 242 65 ||pOTICEis
289 2201 115 41 hereby
434 2184 199 69 gi^gg|l|s

24 2234 102 37 %Mha
142 2243 116 38 Bridge
273 2236 348 55 injiigJrgtfeet^^

24 2284 103 50 jjjgfrhf
143 2279 229 40 PpJ?ggHsrain
394 2290 26 29 is
442 2281 179 52 close<f|§|

25 2325 42 48 4f
69 2330 100 29 traffic
185 2331 115 39 during
315 2332 127 38 repairs.
542 2321 79 51 'os*'

24 2361 37 58 gf
176 2380 111 26 JAMES
307 2381 34 24 H.
362 2381 145 29 SHARPE,

24 2419 27 33 j£
267 2424 72 26 Clerk
355 2426 26 24 to
400 2425 42 25 the
454 2424 89 25 Board.

24 2450 20 44 I

207 2558 269 45 NOTICE.

115 2635 214 31 TRACTION
371 2634 198 32 ENGINES.

73 2716 154 31 NOTICE
251 2718 26 29 is
300 2718 115 38 hereby
431 2718 93 38 given
545 2716 70 31 that

75 2759 41 29 all
151 2758 183 29 BRIDGES
371 2758 61 29 and
469 2757 144 30 Culverts

74 2800 32 28 m
122 2798 53 30 the
192 2798 120 30 Oxford
334 2798 130 30 District
481 2808 52 19 are
558 2809 55 18 un-

77 2840 66 29 safe
166 2840 47 29 for
231 2839 142 29 Traction
388 2838 124 40 Engine
526 2838 88 29 Traf-

75 2880 47 31 fic.

117 2921 71 33 Any
218 2931 110 30 person
344 2921 94 39 using
467 2920 84 30 them
566 2920 50 30 for

76 2963 71 30 that
175 2972 135 29 purpose
338 2962 65 29 will
440 2962 37 30 do
514 2970 35 21 so
586 2966 31 25 at

75 3004 82 29 their
183 3014 69 19 owu
281 3003 73 37 risk,
401 3003 61 29 and
487 3003 63 29 will
578 3003 38 29 be

75 3045 72 30 held
163 3044 189 40 responsible
380 3043 42 39 by
444 3044 54 29 the
513 3043 103 30 Board

76 3087 51 29 for
156 3085 41 30 all
226 3085 129 38 damage
391 3085 81 28 done
501 3087 32 26 to
563 3083 53 30 the

77 3127 68 29 said
180 3124 189 32 BRIDGES
420 3125 61 29 and
517 3124 100 30 CUL-

78 3166 148 30 VERTS.

162 3207 49 40 By
235 3207 92 29 order

206 3247 142 30 JAMES
362 3248 44 28 H.
437 3246 181 34 SHARPE,

148 3287 100 35 Clerk,
268 3287 116 29 Oxford
399 3287 90 28 Road
505 3286 113 29 Board.

225 3422 260 46 NOTICE.

155 3541 89 25 EAST
274 3540 141 25 OXFORD
435 3540 137 25 SCHOOL

246 3577 217 26 COMMITTEE.

84 3673 120 59 Parents
216 3680 42 17 are
268 3671 122 25 informed
413 3671 55 25 that
481 3678 26 17 as
528 3671 43 25 the
582 3673 40 22 at-

140 3706 120 24 tendance
271 3706 26 23 of
316 3705 111 24 children
439 3708 26 21 at
488 3704 41 25 the
541 3704 83 25 school

84 3740 67 23 since
163 3736 43 27 the
217 3738 111 31 holidays
352 3737 45 25 has
401 3738 3 9 :
416 3737 62 25 been
501 3737 39 24 far
559 3737 64 24 from

84 3771 173 31 satisfactory,'
265 3771 50 24 and
333 3770 81 25 unless
436 3770 59 31 they
515 3777 41 17 are
569 3772 55 22 sent

86 3812 71 17 more
178 3803 123 32 regularly
324 3803 64 25 from
411 3803 52 24 this
488 3802 65 28 date,
566 3813 3 8 ■
580 3802 43 25 the

87 3836 146 25 Committee
244 3844 42 17 are
297 3835 155 25 determined
465 3838 25 21 to
503 3834 56 25 take
571 3842 53 23 pro-

86 3869 116 30 ceedings
214 3870 98 29 against
331 3869 67 23 them
411 3868 106 24 without
529 3867 96 25 further

85 3906 91 25 notice.
388 3928 3 2 .
631 3906 2 5 '

284 3944 148 25 WALTER
454 3944 117 27 RYDE,,

168 3998 15 10 ■■-
224 3995 43 13 ■-■:-
404 3987 142 25 Chairman.
595 4010 21 6 .

91 4119 217 47 SHEEP
356 4118 271 46 WORRY-

288 4183 137 45 ING.

91 4279 92 79 This
204 4280 27 30 is
245 4282 32 28 to
293 4280 71 38 give
386 4277 156 33 NOTICE
562 4278 65 30 that

155 4319 135 39 through
313 4331 53 29 niy
388 4320 95 39 sheep
510 4318 119 40 having

91 4361 77 29 been
183 4361 129 29 worried
327 4361 75 29 with
414 4360 87 40 dogs,
517 4358 109 42 poison

92 4402 27 32 is
135 4401 182 30 henceforth
339 4401 63 30 laid
424 4412 41 19 on
478 4411 54 30 my
547 4400 81 30 land.

213 4441 121 30 THOS.
357 4438 184 40 BEATEN,

167 4505 20 13 M
190 4509 2 1 .
254 4482 88 31 West
371 4482 129 31 Oxford.
