3520 4590
87 186 77 24 hoard
176 186 39 23 his
228 193 97 23 money.
362 185 40 24 He
414 187 90 29 spends
521 188 28 28 it,
569 190 57 30 puts

85 226 20 23 it
116 227 53 23 into
181 225 153 29 circulation,
353 227 81 24 where
457 227 20 25 it
497 228 79 32 ought
600 230 25 24 to

85 263 37 25 he.

196 323 14 13 *
297 325 14 13 #
397 326 14 14 *
497 327 14 16 *

119 355 52 25 The
184 356 70 25 effect
267 357 27 24 of
303 357 43 24 the
358 359 81 31 policy
459 367 34 18 we
506 361 117 26 advocate

83 396 79 24 would
186 396 31 25 be
240 399 66 22 most
334 398 130 26 beneficial
492 402 26 25 to
551 411 72 23 every

82 443 87 22 person
192 437 27 23 m
248 437 41 24 the
316 441 164 31 community.
550 442 71 25 With

80 482 88 23 money
206 477 25 23 at
242 477 48 24 two
318 486 44 22 per
393 481 57 23 cent
479 481 42 24 the
545 481 75 25 farm-

80 521 36 15 ers
140 514 77 24 would
238 515 90 32 largely
351 517 110 25 increase
482 519 65 24 their
564 528 55 24 pro-
628 528 2 18 I

80 553 109 29 dnction,
209 555 49 23 and
282 556 25 24 to
331 556 30 24 do
379 557 50 24 this
453 558 60 31 they
537 560 83 23 would

80 592 97 30 employ
198 601 30 15 an
242 594 122 26 immense
377 598 105 23 amount
503 597 26 25 of
549 597 70 26 labor

32 630 15 11 *
80 630 25 24 m
118 631 115 32 effecting
246 632 202 31 improvements.
468 635 62 25 This
538 636 80 24 would

80 672 80 24 preftv
200 672 56 24 well
294 672 68 26 solve
384 674 44 24 the
456 675 161 32 unemployed

80 708 120 32 di^culty
223 711 26 24 m
272 711 76 25 itself.
384 712 51 24 But
456 714 71 24 when
549 714 68 32 large

80 750 99 23 returns
196 757 40 16 are
255 749 117 26 obtained
396 751 39 24 for
452 752 44 24 the
508 752 109 32 colony's

80 790 106 26 exports,
206 789 41 24 the
268 790 85 30 people
372 799 27 16 as
411 799 15 16 a
438 792 53 24 rule
503 801 40 15 are
562 800 54 23 pro-

82 835 107 18 onerous,
221 836 27 17 so
271 828 56 25 that
354 829 96 26 besides
473 831 144 31 employing

78 866 78 25 labor,
175 866 42 24 the
231 869 91 27 system
342 876 35 16 we
398 870 115 23 advocate
534 870 82 23 would

80 907 76 22 vps'ilt
169 907 26 22 m
216 908 97 29 general
334 908 156 24 commercial
503 916 111 23 prosper-

79 946 43 29 ity.
159 947 25 23 If
193 947 90 24 farmer
285 955 5 9 5
290 955 5 16 ?
313 947 70 25 could
397 949 41 30 get
450 956 91 24 money
553 949 62 24 from

80 987 43 23 the
137 988 70 23 State
220 989 26 22 at
258 989 48 22 two
318 996 44 22 per
381 990 64 26 cent,
464 989 60 31 they
536 989 78 24 would

82 1027 44 21 not
149 1033 47 20 pay
216 1025 96 30 private
334 1026 97 24 lenders
451 1034 69 16 more
531 1034 5 20 ;
567 1027 49 23 and

80 1065 136 30 capitalists
238 1065 80 25 would
341 1065 64 25 have
428 1067 26 23 to
474 1066 56 25 seek
551 1074 65 17 more

80 1106 179 23 rpmnnerative
288 1107 169 29 employment
485 1107 38 24 for
551 1107 65 23 their

80 1154 95 20 money.
212 1146 68 30 They
292 1147 80 24 would
384 1147 63 24 havp
459 1148 24 23 to
495 1147 52 24 find
560 1147 56 24 that

78 1185 25 22 m
118 1185 127 24 industrial
268 1185 47 24 and
340 1185 98 31 mining
461 1186 153 25 enterprises.

80 1223 61 24 This
157 1223 81 24 would
256 1223 54 30 give
322 1232 31 16 an
366 1224 119 24 immense
499 1225 117 23 stimulus!

80 1265 25 20 to
117 1263 62 23 Vcn,l
192 1263 73 24 indus
268 1266 7 10 l
278 1272 28 20 ry
318 1263 49 24 and
379 1263 174 25 manufacture
565 1264 49 24 and

80 1305 61 21 won]
150 1304 6 22 1
172 1311 87 16 ensure
270 1303 48 24 full
330 1303 168 30 employment
510 1305 26 23 to
544 1312 72 22 every

79 1342 93 23 arM-an
184 1349 54 17 now
256 1341 90 24 unable
369 1343 26 22 to
418 1343 41 29 get
471 1342 75 23 work.

193 1400 13 13 *
292 1399 14 14 #
391 1399 14 14 *
491 1399 13 13 *

114 1434 73 22 9i'iie
203 1432 27 24 of
240 1440 43 16 our
294 1432 109 28 banking
414 1432 92 24 friends
530 1431 85 29 kindly

81 1475 41 25 tell
136 1483 29 15 us
177 1473 55 25 that
245 1473 41 24 the
299 1472 97 25 scheme
410 1481 35 16 we
456 1474 45 27 put
513 1472 101 25 forward

79 1517 21 22 is
115 1516 31 22 nil
167 1514 62 24 bosh
252 1513 49 24 and
319 1514 67 24 wont
409 1513 74 25 work.
531 1513 83 24 When

80 1563 33 14 wo
126 1554 44 23 ask
182 1553 69 24 them
263 1552 56 30 why
330 1552 22 24 it
363 1554 70 27 wont,
447 1552 59 29 they
520 1552 41 24 tell
586 1560 29 16 ur

78 1592 56 24 tint
146 1599 74 23 paper
231 1598 89 22 money
327 1590 111 25 schemes
450 1590 63 24 have
523 1590 92 30 always

78 1632 62 25 be?n
154 1641 14 15 a
185 1632 95 24 failure.
316 1631 81 24 When
423 1639 36 16 we
477 1631 45 24 ask
546 1631 68 24 them

78 1672 38 23 for
128 1679 30 15 an
167 1671 113 23 instance
292 1669 59 31 they
363 1677 52 23 say,
445 1669 71 24 Look
536 1670 26 23 at
574 1669 41 23 the

32 1705 28 19 •^
80 1709 134 29 Argentine
226 1709 5 23 !
260 1707 65 26 Such
356 1715 33 16 an
416 1708 113 23 instance
558 1707 58 29 only

80 1749 81 23 shows
174 1747 55 24 that
238 1754 45 17 our
294 1745 156 25 combatants
461 1745 73 25 know
543 1745 72 25 noth-

79 1787 44 26 ing
135 1785 75 25 about
228 1784 42 25 the
288 1784 81 28 thing.
405 1784 52 24 The
480 1784 136 29 Argentine

80 1825 92 28 system
199 1822 129 25 contained
351 1822 32 24 all
412 1822 44 24 the
497 1822 119 24 elements

80 1863 26 24 of
116 1861 78 25 fraud,
212 1861 21 24 it
245 1867 47 18 was
314 1860 83 24 issued
421 1867 31 18 on
466 1867 31 18 no
508 1860 67 25 basis
592 1860 27 24 of

79 1897 80 24 value,
172 1895 20 23 it
203 1902 47 16 was
262 1893 110 31 wanting
391 1893 26 24 m
441 1893 65 30 legal
530 1893 87 25 tender

78 1933 124 31 qualities,
215 1931 47 25 and
274 1931 20 25 it
306 1938 50 18 was
367 1932 45 23 not
421 1931 42 25 the
471 1931 66 24 work
548 1931 28 25 of
585 1939 29 16 an

79 1971 151 25 established
243 1970 174 25 Government.
444 1970 25 24 It
478 1970 59 24 thus
549 1970 66 24 lack-

79 2012 28 24 ed
138 2013 31 23 all
188 2012 43 24 the
260 2011 119 24 elements
400 2010 26 24 of
452 2017 15 17 a
496 2010 121 24 scientific

81 2050 173 31 State-?noney
410 2043 122 36 AifteTaTi,
535 2055 82 19 JTif»«f-

80 2098 62 20 ever,
160 2091 21 23 it
191 2090 48 24 has
262 2090 61 24 been
336 2097 31 17 an
379 2090 120 24 immense
516 2090 64 24 boon
593 2091 26 23 to

54 2128 66 24 ■♦the
132 2128 87 30 people
231 2128 28 24 of
268 2128 57 23 that
334 2128 113 30 country,
461 2136 26 16 as
497 2128 122 30 although

78 2166 43 23 the
141 2166 124 30 premium
278 2166 98 30 against
396 2165 58 29 gold
476 2173 51 16 was
544 2165 75 25 about

78 2205 48 22 240
144 2211 45 23 per
212 2204 65 27 cent,
307 2203 56 24 that
386 2203 153 31 depreciated
556 2211 62 17 cur-

76 2249 77 20 rency
170 2241 79 30 really
267 2240 117 31 operated
404 2248 28 17 as
444 2248 15 16 a
482 2241 136 30 protective

76 2279 69 23 tariff
156 2279 26 23 to
196 2278 42 24 the
260 2278 136 29 Argentine
419 2278 89 24 farmer
519 2278 99 31 against

32 2312 4 6 1
78 2318 42 24 the
134 2318 104 23 farmers
256 2316 27 25 of
293 2316 58 31 gold
369 2323 91 24 money
483 2318 133 30 countries.

78 2361 39 24 As'
137 2368 30 16 an
192 2359 152 25 illustration
367 2359 57 25 take
446 2359 42 25 the
516 2366 56 19 case
593 2361 25 25 of

78 2401 86 26 wheat,
184 2399 80 25 which
288 2401 26 22 at
325 2400 93 30 twenty
430 2399 116 32 shillings
557 2408 33 17 on
603 2408 14 16 a

78 2438 58 31 gold
156 2438 67 25 basis
235 2438 27 24 m
274 2437 107 25 London
401 2438 92 24 cannot
513 2446 49 23 pay
574 2438 43 25 the

79 2476 145 25 Australian
247 2484 28 16 or
299 2476 60 24 New
383 2476 112 25 Zealand
516 2476 100 26 farmer.

79 2517 66 24 That
156 2517 20 23 is
195 2516 41 24 the
258 2517 79 23 secret
357 2516 28 24 of
402 2516 44 25 the
466 2516 109 25 advance
592 2517 25 24 of

78 2554 138 32 Argentina
227 2554 27 24 m
266 2555 42 23 the
319 2554 62 25 wool
393 2554 49 25 and
460 2556 69 23 meat
541 2555 75 29 trade,

77 2595 27 23 m
130 2593 80 24 which
240 2592 56 25 that
320 2594 104 28 country
445 2592 47 25 has
515 2593 102 25 become

78 2631 61 26 such
151 2639 15 16 a
188 2629 144 25 formidable
355 2631 61 24 rival
441 2631 26 24 to
490 2630 128 26 Australia

77 2669 50 25 and
146 2668 61 25 New
227 2667 121 25 Zealand.

190 2728 13 14 *
290 2727 15 15 #
390 2728 15 15 #
490 2728 14 14 #

111 2762 49 24 We
183 2769 43 23 say
244 2761 68 28 here,
342 2760 50 25 and
420 2768 37 17 we
477 2760 74 26 make
574 2761 43 25 the

77 2800 128 31 challenge
228 2798 168 32 deliberately,
426 2798 57 25 that
504 2805 35 19 no
555 2805 62 18 man

77 2847 48 18 can
148 2839 69 32 point
235 2840 26 24 to
270 2840 46 23 'us
328 2845 34 18 an
384 2838 112 26 instance
508 2838 82 25 where
602 2845 15 17 a

77 2880 120 25 domestic
215 2886 126 25 currency,
367 2879 27 24 m
406 2878 84 25 which
509 2878 42 25 the
569 2878 47 25 ele-

76 2920 85 24 ments
173 2918 27 24 of
220 2917 49 25 full
290 2918 65 31 legal
377 2917 94 28 tender,
490 2916 49 25 and
551 2916 65 25 limi-

75 2958 95 23 tations
182 2958 25 22 to
221 2955 78 26 sound
309 2954 67 26 basis
388 2955 26 24 of
426 2955 108 31 security
542 2954 72 30 exist,

76 2994 47 25 has
135 3002 56 17 ever
214 2993 90 31 proved
325 3001 15 16 a
363 2993 98 24 failure.
498 2993 76 25 Some
591 2992 27 25 of

76 3041 45 16 our
133 3032 91 25 friends
237 3040 58 22 may
306 3031 71 31 point
389 3032 27 24 to
428 3031 41 24 the
481 3030 131 25 American

76 3071 139 32 greenback
223 3082 6 17 ;
250 3071 44 24 but
305 3071 44 24 the
372 3070 50 25 fact
433 3071 21 24 is
475 3070 56 25 that
541 3070 75 25 while

45 3110 14 11 *
77 3113 43 24 the
149 3112 53 24 first
224 3112 64 24 issue
320 3111 33 31 by
381 3111 108 24 Lincoln
513 3118 51 17 was
588 3118 28 17 as

77 3153 64 26 crood
165 3152 49 24 and
238 3151 78 25 pound
333 3158 90 22 money
446 3158 28 17 as
497 3151 44 24 the
562 3151 54 24 best

76 3190 108 31 English
197 3189 65 32 gold,
280 3189 104 24 because
396 3189 21 23 it
428 3188 128 31 possessed
573 3188 43 24 the

76 3229 132 25 attributes
221 3236 34 16 we
269 3229 63 23 have
344 3228 143 31 stipulated,
506 3228 43 24 the
559 3228 57 24 sub-

75 3268 104 31 sequent
191 3268 79 23 issues
282 3266 74 25 failed
369 3267 103 24 because
490 3266 125 31 Congress

76 3314 51 18 was
138 3305 87 25 bribed
247 3304 32 31 by
291 3304 43 26 the
355 3306 68 29 great
440 3304 137 29 capitalists
590 3305 26 23 to

41 3341 21 25 ♦
76 3351 96 18 remove
184 3343 70 24 these
271 3343 131 24 attributes
413 3351 6 21 ;
438 3342 47 24 and
508 3349 38 18 we
566 3342 49 24 had

76 3383 45 24 the
134 3381 126 29 absurdity
272 3381 26 24 of
315 3382 41 23 the
369 3381 170 24 Government
551 3388 65 23 pay-

76 3420 45 30 ing
144 3419 37 24 for
193 3419 104 24 services
309 3419 25 24 m
355 3419 49 24 this
428 3425 75 25 paper
513 3425 101 24 money,

76 3459 82 25 which
181 3458 44 24 the
249 3465 68 17 same
337 3457 172 25 Government
531 3457 85 25 would

75 3501 46 21 not
140 3497 92 23 receive
252 3496 63 24 back
326 3496 74 30 again
411 3496 27 23 m
459 3497 120 29 payment
591 3495 27 25 of

77 3537 114 25 services.
210 3535 26 24 It
247 3542 48 18 was
308 3535 50 25 like
369 3542 15 18 a
395 3542 61 18 man
468 3534 145 26 dishonour-

77 3576 46 27 ing
134 3574 41 24 his
187 3580 55 17 own
255 3573 101 31 cheque,
369 3572 50 25 and
430 3573 142 32 destroying
583 3574 33 24 its

78 3612 80 24 value.
194 3610 37 25 On
244 3610 40 28 the
295 3610 82 25 other,
388 3610 66 25 hand
473 3617 36 18 we
527 3610 88 25 under-

77 3652 57 25 take
146 3652 26 23 to
184 3650 71 32 point
267 3651 25 23 to
304 3657 16 17 a
332 3657 69 18 score
412 3649 27 26 of
454 3650 125 25 instances
590 3650 26 24 m

78 3690 82 27 which
182 3689 44 25 the
249 3691 93 29 system
370 3697 35 18 we
433 3689 116 26 advocate
569 3689 47 26 has

77 3732 62 23 been
152 3737 31 16 an
196 3727 113 27 absolute
320 3727 50 25 and
389 3729 153 31 unqualified
562 3736 53 17 sue-

35 3781 6 4 -
50 3777 9 4 -
78 3775 64 20 cess,
160 3766 49 24 and
220 3765 48 26 has
284 3765 107 31 brought
414 3767 26 24 to
459 3765 44 26 the
515 3766 101 25 nations

78 3807 120 33 adopting
220 3805 20 25 it
257 3805 34 25 all
313 3805 43 26 the
378 3805 105 26 benefits
506 3806 57 25 that
579 3813 37 18 we

77 3849 85 24 claim.
207 3845 53 25 The
282 3845 50 25 last
355 3848 131 29 argument
508 3847 108 31 brought

77 3885 100 32 against
189 3890 30 18 us
231 3883 21 24 is
271 3882 57 25 that
344 3883 44 25 the
400 3885 94 30 system
505 3891 38 17 we
554 3891 62 22 urge

76 3927 24 23 is
112 3922 154 28 condemned
278 3922 32 32 by
327 3923 34 25 all
381 3923 153 25 authorities.
569 3923 47 25 We

77 3963 91 25 reckon
181 3968 37 17 we
242 3960 72 24 know
337 3962 65 23 most
424 3961 147 25 authorities
583 3968 33 18 on

78 4001 44 25 the
135 3998 115 33 question
262 3997 51 25 and
323 4005 37 17 we
380 3997 63 25 shall
463 3998 60 25 here
540 3999 76 31 quote

77 4045 69 19 some
165 4036 28 25 of
210 4035 79 29 them,
308 4036 25 23 to
346 4035 65 25 show
434 4035 57 26 ttiat
513 4044 47 17 our
571 4043 44 24 op-

76 4076 108 32 ponents
196 4081 40 16 err
252 4073 64 24 from
327 4072 44 25 the
392 4073 71 24 truth
473 4073 28 25 In
513 4073 104 31 making

76 4113 65 26 such
162 4111 156 25 statements.

115 4207 37 24 Dr
175 4204 126 31 Frmklyn
322 4203 56 25 who
400 4204 147 25 introduced
575 4203 41 25 the

76 4249 61 32 plan
160 4246 27 25 m
208 4244 206 31 Pennyselvania,
437 4245 86 28 wrote,

76 4286 145 34 experience
233 4284 28 25 of
280 4291 57 17 now
349 4283 84 32 nearly
455 4284 54 24 half
530 4291 15 18 a
557 4291 55 18 cen-

75 4332 57 26 tury
151 4327 28 23 m
196 4324 44 26 the
259 4323 97 25 middle
368 4323 107 25 colonies
497 4324 47 25 has
556 4330 58 19 con-

78 4366 88 28 vinced
177 4365 70 25 them
259 4362 26 26 of
302 4363 29 28 it,
349 4370 90 25 among
456 4363 158 29 themselves,

77 4410 32 23 by
122 4405 43 25 the
188 4403 108 24 increase
317 4398 27 27 of
362 4400 65 25 their
450 4402 164 28 settlements,

77 4444 125 28 numbers,
221 4439 101 33 general
342 4438 137 30 buildings,-
495 4440 121 29 improve-

77 4483 91 27 ments,
188 4477 159 33 agriculture,
360 4476 116 32 shipping
487 4477 50 25 and
548 4484 67 19 com-

80 4527 90 20 merce,
189 4517 49 25 and
261 4516 43 25 the
316 4522 67 18 same
403 4515 143 31 experience
568 4515 48 25 has

655 194 110 26 satisfied
793 195 43 26 the
848 197 96 25 British
969 199 153 30 merchants,
1141 200 56 25 who

654 237 69 26 trade
736 238 104 30 thither,
859 240 55 25 that
925 241 21 24 it
972 242 45 25 has
1030 243 59 24 been
1101 245 95 30 greatly

654 277 80 24 useful
759 279 25 24 to
806 279 78 30 them,
904 280 50 25 and
976 283 47 23 not
1045 282 25 24 m
1089 291 15 16 a
1116 283 79 31 single

654 314 113 26 instance

686 352 130 27 Governor
827 355 113 25 Pownall
952 357 53 24 said
1067 359 51 24 will
1130 367 63 16 ven-

652 393 56 25 ture
732 395 25 23 to
770 402 44 23 say
837 395 69 25 there
925 404 75 17 never
1021 406 51 15 was
1097 406 14 15 a
1123 399 70 24 wiser

652 438 26 16 or
696 431 80 25 better
796 441 121 22 measure,
948 443 72 15 never
1047 443 47 16 one
1115 437 76 23 better

651 470 137 24 calculated
808 472 26 23 to
847 479 68 17 serve
939 472 42 24 the
995 480 56 16 uses
1063 473 24 23 of
1108 481 33 16 an
1152 474 37 24 in-

649 509 113 31 creasing

682 546 80 26 David
786 547 91 29 Hume,
908 548 42 25 the
974 549 131 30 historian,
1136 552 53 23 said

757 595 50 16 was
849 588 43 25 the
921 590 129 31 monetary
1096 592 91 29 system

650 625 77 23 under
744 625 83 24 which
849 626 43 24 the
916 627 133 24 American
1072 628 116 25 colonists

647 663 131 31 prospered
790 665 26 23 to
829 663 62 25 such
914 672 32 16 an
958 666 86 23 extent
1068 665 56 24 that
1136 665 50 24 Ed-

647 703 77 24 mund
737 703 84 25 Burke
840 704 54 24 said
917 705 24 23 ot
965 705 70 24 them
1049 712 5 17 :
1074 705 113 32 Nothing

645 743 26 21 m
684 742 41 23 the
737 742 96 31 history
841 742 25 24 of
878 743 42 24 the
933 743 78 25 world
1018 743 22 24 is
1057 743 51 24 like
1120 743 66 25 their

645 783 133 28 progress.'
814 782 24 24 It
859 789 51 17 was
922 790 15 16 a
960 783 56 23 wise
1030 782 48 24 and
1091 782 93 24 benefi-

645 818 63 25 cient
719 820 98 31 system,
837 820 47 24 and
897 820 33 25 its
943 820 85 25 effects
1040 828 62 17 were
1119 823 66 23 most

644 858 145 25 conductive
813 860 26 23 to
863 859 43 25 the
940 860 133 31 happiness
1093 860 27 24 of
1141 860 43 25 the

680 942 82 26 Adam
793 942 91 30 Smith,
920 944 27 24 m
969 943 41 25 his
1036 943 102 26 Wealth
1161 945 27 24 of

644 981 116 28 Nations,
781 989 57 23 says
850 990 4 15 :
979 982 159 25 substitution
1162 983 26 23 of

645 1027 75 23 paper
732 1027 118 23 currency
874 1020 25 24 m
924 1020 44 24 the
991 1029 69 16 room
1079 1021 27 24 of
1126 1022 59 30 gold

645 1060 48 22 and
706 1059 73 24 silver
803 1067 99 24 money,
921 1060 110 31 replaces
1056 1060 128 31 expensive

643 1098 150 25 instrument
817 1099 26 24 of
875 1107 141 17 commerce
1047 1100 61 24 with
1138 1108 46 16 one

643 1138 77 25 much
743 1138 48 25 less
805 1139 87 32 costly.
930 1139 154 25 Circulation
1102 1147 82 17 comes

644 1179 26 24 to
681 1180 30 23 be
724 1178 95 25 carried
831 1187 33 16 on
877 1179 33 32 by
922 1187 15 16 a
950 1187 53 17 new
1014 1179 79 25 wheel
1103 1180 81 24 which

644 1218 66 23 costs
722 1218 48 24 less
783 1218 26 23 to
832 1219 65 23 erect
910 1218 50 24 and
983 1218 118 25 maintain
1122 1218 62 25 than

643 1256 44 25 the
697 1256 42 25 old
751 1265 56 16 one.
842 1256 39 32 By
892 1265 75 23 paper
979 1258 58 31 gold
1049 1258 49 24 and
1111 1258 73 25 silver

643 1301 47 16 can
702 1294 31 25 be
746 1295 94 30 spared,
860 1295 50 24 and
922 1303 47 16 can
981 1295 30 24 be
1023 1297 56 23 sent
1091 1295 93 25 abroad

643 1336 26 21 to
682 1334 127 30 exchange
831 1334 36 24 for
890 1335 96 30 foreign
1010 1335 72 31 good,
1101 1335 50 24 and
1162 1336 21 23 it

643 1372 114 25 becomes
768 1382 13 14 a
798 1381 53 16 new
874 1373 61 24 fund
957 1375 27 23 to
1004 1375 113 24 increase
1141 1375 43 24 the

643 1412 90 31 capital
753 1412 27 25 of
795 1412 43 25 the

677 1451 67 26 Lord
772 1452 106 25 Sinclair
898 1461 53 23 says
962 1461 5 16 :
1092 1454 91 24 advan-

644 1493 69 30 tages
725 1492 27 25 of
772 1500 76 23 paper
870 1493 149 25 circulation
1031 1502 42 17 are
1097 1494 86 31 hardly

644 1534 26 23 to
698 1533 31 24 be

678 1570 40 24 Mr
738 1570 38 25 St.
795 1571 77 28 John,
890 1571 44 25 the
958 1571 129 25 American
1111 1571 73 25 Bank

644 1608 147 31 President^
808 1609 27 23 m
858 1609 86 31 giving
964 1609 116 25 evidence
1101 1609 82 25 before

644 1647 40 24 the
696 1646 118 32 Banking
827 1646 177 31 Commission,
1018 1647 53 25 said
1082 1655 5 16 :
1107 1647 13 24 I
1134 1647 50 25 will

644 1686 107 24 describe
769 1685 93 31 perfect
884 1693 98 24 money,
1001 1687 26 23 to
1050 1686 43 24 wit
1103 1693 5 16 :
1127 1685 56 31 Any

645 1726 146 23 convenient
804 1725 132 24 substance
954 1725 28 24 of
1003 1725 76 24 about
1091 1725 43 24 the
1146 1725 36 24 in-

645 1764 86 24 trinsic
751 1764 134 30 properties
899 1763 28 24 of
944 1763 144 24 silk-ribbed
1099 1771 83 23 paper,

645 1802 119 31 prepared
792 1803 26 24 to
842 1802 56 30 defy
935 1802 42 25 the
1001 1802 180 29 counterfeiter,

644 1840 84 24 issued
745 1839 32 32 by
803 1839 126 32 authority
952 1839 27 25 of
1000 1840 42 24 the
1064 1839 47 25 law
1134 1841 50 23 and

645 1880 105 31 promise
762 1887 32 17 no
815 1879 154 32 redemption
990 1879 132 30 whatever,
1142 1888 41 17 ex-

645 1919 56 30 cept
713 1919 144 30 acceptance
875 1918 38 24 for
925 1918 32 25 all
977 1918 61 24 dues
1051 1918 50 24 and
1112 1918 71 26 debts

644 1956 84 31 public
757 1956 48 24 and
832 1956 104 31 private.

679 1994 66 25 John
759 1994 86 26 Stuart
857 1994 58 26 Mill
937 2002 56 24 says
1007 2004 6 14 :
1103 1995 79 25 there-

645 2034 68 33 fore,,
723 2035 51 29 the.
776 2035 73 30 issue
861 2036 28 24 of.
907 2035 180 25 inconvertible
1107 2043 76 24 paper

647 2085 62 16 Wv.re
722 2076 124 32 subjected
870 2072 197 30 to~!HiricHeu!es
1084 2075 64 27 such
1169 2084 14 16 a

647 2122 117 23 currency
776 2114 81 25 would
868 2116 46 23 not
936 2115 31 25 be
979 2115 96 32 subject
1086 2117 27 23 to
1136 2124 48 23 any

647 2154 27 24 of
683 2154 43 25 the
746 2154 61 24 evils
828 2154 96 32 usually
944 2156 105 23 deemed
1068 2156 116 24 inherent

647 2197 26 24 m
681 2205 33 17 an
725 2197 177 25 inconvertible

682 2235 40 25 Sir
740 2235 135 25 Archibald
897 2235 91 25 Alison
1012 2243 58 24 says
1084 2245 5 15 :
1162 2236 22 24 is

645 2275 25 24 m
683 2274 70 25 these
765 2276 122 23 moments
898 2274 27 25 of
934 2274 84 32 public
1030 2275 48 24 and
1089 2276 95 30 private

647 2312 118 31 suffering
793 2312 56 23 that
877 2312 43 24 tho
942 2319 75 24 paper
1040 2312 144 25 circulation

647 2351 66 30 steps
725 2351 27 24 m
764 2352 26 23 to
803 2351 96 24 sustain
922 2350 83 31 public
1017 2351 51 24 and
1089 2351 95 30 private

646 2389 77 25 credit
746 2389 91 32 during
859 2390 44 25 the
914 2390 107 25 interval
1044 2390 71 25 when
1128 2392 56 23 nat-

645 2429 68 26 ional
729 2429 114 32 industry
862 2430 46 25 has
926 2431 64 24 been

680 2473 40 25 Mr
732 2473 122 30 Calhoun,
873 2473 27 25 m
920 2473 40 25 his
983 2473 94 33 Money
1089 2473 26 25 of
1136 2473 48 25 Na-

646 2512 65 25 tions
720 2519 55 23 says
785 2519 5 16 :
849 2519 57 17 now
915 2511 139 25 undertake
1066 2513 26 24 to
1104 2513 79 24 affirm

645 2551 138 32 positively,
802 2551 51 25 and
875 2551 106 26 without
993 2551 42 25 the
1057 2551 65 26 least
1132 2553 54 24 fear

645 2591 55 24 that
711 2590 14 25 I
737 2597 46 18 can
801 2589 30 25 be
842 2589 125 26 answered
1002 2608 6 6 .
1045 2608 6 7 .
1088 2608 6 7 .
1129 2590 56 25 that

646 2637 13 15 a
676 2636 77 23 paper
763 2627 85 25 issued
870 2628 33 31 by
927 2627 177 30 Government,
1124 2628 61 25 with

646 2676 15 16 a
673 2668 88 31 simple
772 2667 106 32 promise
890 2669 26 23 to
927 2668 93 25 receive
1031 2668 27 24 m
1067 2668 34 25 all
1113 2668 70 29 dues,

646 2708 88 29 would,
753 2709 26 23 to
790 2707 44 25 the
845 2709 84 23 extent
941 2711 25 21 to
978 2707 81 25 which
1070 2707 21 25 it
1103 2708 82 24 would

646 2747 124 28 circulate,
797 2746 63 25 form
880 2754 15 16 a
925 2746 92 31 perfect
1038 2753 77 24 paper
1138 2747 45 25 cir-

645 2784 110 25 culation
766 2784 83 25 which
861 2784 72 24 could
944 2785 44 23 not
999 2784 30 24 be
1041 2784 91 25 abused
1151 2784 33 33 by

645 2824 44 25 the
711 2824 180 28 Government,
918 2824 57 24 that
997 2824 84 24 would
1103 2824 31 25 be
1157 2833 27 16 as

645 2863 86 31 steady
754 2863 49 24 and
824 2863 110 25 uniform
957 2863 27 24 m
1002 2862 71 26 value
1092 2871 28 17 as
1140 2863 44 25 the

644 2903 90 25 metals
762 2902 170 27 themselves.''

679 2968 126 25 Professor
817 2967 94 26 Jevons
931 2970 77 24 wrote
1019 2978 6 15 :
1164 2969 20 25 is

644 3008 85 33 plenty
750 3008 27 25 of
797 3008 115 25 evidence
935 3011 26 22 to
981 3017 75 23 prove
1075 3010 54 24 that
1145 3010 38 23 in-

644 3047 152 26 convertible
818 3054 77 24 paper
910 3055 99 25 money,
1027 3048 21 24 if
1066 3048 118 32 carefully

644 3087 97 26 limited
751 3087 26 24 m
800 3088 107 30 volume,
926 3095 48 17 can
993 3088 81 25 retain
1093 3088 33 25 its
1138 3088 46 25 full

678 3168 42 23 Mr
738 3167 106 24 Ricardo
863 3168 77 24 wrote
953 3175 5 16 :
1040 3168 21 24 is
1082 3175 33 17 on
1134 3167 49 24 this

643 3207 121 31 principle
776 3206 56 25 that
854 3214 75 24 paper
940 3214 91 24 money
1044 3207 138 24 circulates.

645 3246 106 32 Though
773 3246 21 24 it
805 3245 47 25 has
863 3254 33 16 no
907 3246 116 25 intrinsic
1034 3245 82 30 valup,
1134 3248 48 30 yet,

643 3287 32 31 by
693 3287 109 30 limiting
823 3287 34 24 its
869 3287 124 31 quantity,
1019 3287 33 24 its
1065 3287 73 24 value
1157 3287 26 24 m

644 3325 126 31 exchange
781 3325 23 24 is
816 3332 28 17 as
855 3328 69 28 great
936 3333 27 16 as
975 3332 33 17 an
1021 3325 71 31 equal
1105 3332 78 24 quan-

644 3364 47 31 tity
714 3363 27 26 of

677 3408 126 25 Professor
831 3407 146 25 McCulloch
1011 3414 55 24 says
1077 3415 5 16 :

643 3447 65 24 have
720 3453 59 18 seen
801 3445 55 25 that
878 3445 115 25 intrinsic
1004 3445 82 25 worth
1108 3446 21 25 is
1141 3447 42 23 not

643 3491 132 24 necessary
797 3484 27 24 to
836 3490 15 17 a
863 3490 127 25 currency,
1010 3483 49 25 and
1078 3483 56 25 that
1150 3483 34 32 by

643 3522 115 31 properly
769 3521 111 31 limiting
890 3521 42 25 the
944 3521 91 32 supply
1056 3520 28 26 of
1093 3529 90 24 money

643 3559 114 26 declared
778 3560 27 24 to
823 3560 30 24 be
875 3559 66 31 legal
963 3560 86 24 tender
1065 3560 34 24 its
1110 3559 73 25 value

643 3608 58 23 may
711 3600 31 24 be
762 3598 129 25 sustained
908 3607 33 16 on
952 3607 16 16 a
988 3607 45 22 par
1052 3598 63 25 with
1126 3598 57 31 gold

643 3645 28 18 or
690 3645 50 24 any
758 3636 70 26 other

677 3682 125 26 Professor
810 3681 115 32 Bonamy
936 3682 72 24 Price
1020 3687 57 25 says
1087 3688 5 18 :
1113 3681 70 25 •'Ex-

643 3721 112 32 perience
766 3720 48 25 has
831 3720 93 31 proved
943 3720 57 24 that
1012 3720 21 24 it
1045 3720 137 31 (inconver-

643 3760 62 26 tible
715 3767 76 25 paper
802 3760 99 32 money)
913 3759 64 25 need
988 3760 45 23 not
1046 3758 77 26 suffer
1134 3765 50 25 any

643 3800 166 33 depreciation
843 3800 28 24 m
902 3799 82 25 value.
1020 3816 6 7 .
1063 3816 7 7 .
1104 3798 80 32 Paper

643 3847 90 23 money
754 3838 48 24 lias
824 3845 16 16 a
862 3837 97 25 further
982 3836 152 31 superiority
1160 3835 27 26 of

643 3878 70 30 great
724 3876 154 30 importance
889 3882 58 17 over
954 3874 81 32 specie
1036 3887 32 5 —
1068 3873 35 25 its
1115 3880 67 17 com-

643 3915 112 31 parative
777 3913 143 34 cheapness,
958 3911 131 26 combined
1122 3910 62 25 with

644 3953 74 30 equal

677 4000 130 25 Professor
818 3999 111 29 Walker,
942 3998 44 25 the
997 3997 102 32 highest
1106 3997 78 31 living

645 4038 127 31 authority
800 4044 33 18 on
859 4044 101 24 money,
1000 4042 56 25 says
1076 4044 6 15 :

645 4078 179 28 Government,
843 4077 27 23 m
894 4077 59 27 fact,
984 4082 86 18 secure
1092 4075 41 24 for
1151 4073 33 25 its

644 4125 76 25 paper
730 4117 78 24 issues
821 4115 60 25 such
904 4121 127 24 currency,
1049 4112 64 26 such
1135 4111 49 26 free

645 4157 50 25 and
714 4154 100 34 general
838 4155 146 29 acceptance
997 4153 54 24 that
1061 4151 61 32 they
1134 4150 50 25 will

645 4198 33 25 do
689 4197 43 26 the
743 4202 92 23 money
843 4193 77 30 work,
937 4192 50 26 and
997 4192 77 25 hence
1085 4191 99 25 hecome

645 4238 44 26 the
701 4242 91 25 money
809 4233 75 32 thing
891 4233 12 25 ?
921 4232 39 26 On
972 4231 51 27 this
1035 4231 71 32 point
1115 4230 69 26 there

646 4284 45 17 can
716 4275 31 24 be
772 4280 35 18 no

680 4317 31 24 In
723 4312 144 29 conclusion
879 4318 36 18 we
931 4310 65 25 need
1012 4310 59 31 only
1091 4308 94 25 remind

646 4364 46 19 our
706 4353 98 27 readers
824 4351 57 25 that
899 4350 44 25 the
961 4348 181 33 proclamation
1162 4346 26 26 of

647 4397 43 24 the
701 4393 75 27 Bank
787 4392 26 24 of
830 4391 61 25 New
911 4388 112 26 Zealand
1035 4389 77 27 notes,
1131 4387 55 24 dur-

646 4436 45 30 ing
716 4433 44 25 the
782 4430 79 26 crisis,
901 4427 104 31 making
1027 4426 71 25 them
1120 4424 68 32 legal

647 4473 96 27 tender,
760 4469 52 25 had
821 4468 43 25 the
877 4466 72 26 effect
961 4466 27 24 of
1004 4464 104 31 making
1119 4463 69 24 them

646 4520 28 18 as
686 4509 64 33 good
766 4515 29 18 as
929 4503 46 27 We
995 4502 83 33 might
1094 4501 49 33 pile
1155 4509 33 24 up

1225 211 14 16 a
1251 203 92 25 bushel
1358 204 27 25 of
1405 205 142 32 quotations
1560 205 49 24 and
1621 205 143 27 authorities

1223 242 27 25 m
1262 246 103 29 support
1376 245 27 24 of
1413 253 45 16 our
1470 245 153 30 contention,
1637 245 45 25 but
1694 246 68 24 what

1222 291 36 16 we
1270 283 64 25 have
1345 285 99 25 written
1456 284 79 31 ought
1548 287 23 21 to
1593 284 30 24 be
1635 284 125 26 sufficient

1221 324 26 21 to
1276 322 69 25 show
1374 329 71 24 every
1474 322 119 31 thinking
1622 330 56 16 man
1712 322 49 25 and

1221 368 98 17 woman
1340 361 41 25 the
1395 361 92 31 justice
1506 362 49 23 and
1579 361 138 25 soundness
1736 362 27 24 of

1220 398 43 24 the
1275 399 98 24 scheme
1391 407 35 16 we
1445 400 101 29 suggest
1548 413 31 3 —
1581 399 44 24 the
1644 399 67 24 issue
1734 399 28 24 of

1221 437 70 24 State
1308 446 90 23 money
1423 439 25 22 to
1465 437 102 24 farmers
1591 439 26 22 at
1640 445 53 17 two
1711 446 48 15 pee

1218 482 71 15 cent.

1294 617 397 28 CORRESPONDENCE.

1218 666 66 19 While
1294 671 38 14 our
1339 666 93 20 columns
1441 671 37 14 are
1484 671 52 19 open
1546 668 21 18 to
1576 666 33 19 all
1627 671 30 15 we
1676 666 26 20 do
1720 668 36 17 not

1227 703 93 25 identify
1325 703 107 19 ourselves
1437 703 53 19 with
1494 708 43 20 any
1543 703 214 25 opinionsexpressed

1228 740 89 19 therein.

1281 785 34 24 To
1327 785 37 24 the
1375 787 89 22 Editor
1475 787 31 27 of
1512 786 37 23 the
1569 789 5 11 '
1588 785 131 24 Observer:

1215 837 84 25 Sir.—

1246 881 25 24 It
1291 889 58 23 may
1372 883 45 22 not
1439 882 29 23 be
1482 881 90 24 known
1585 882 25 23 to
1631 881 44 24 the
1687 881 65 24 Gov-

1212 924 114 24 ernment
1349 923 50 24 and
1422 922 43 25 the
1485 922 88 25 Public
1597 922 26 24 m
1654 922 99 32 general

1213 966 56 24 that
1287 966 44 25 the
1348 966 84 24 native
1450 966 64 24 bush
1531 966 111 31 growing
1659 974 33 16 on
1710 966 43 24 the

1212 1017 98 16 reserve
1328 1011 26 21 at
1380 1008 43 25 the
1450 1008 94 32 Ashley
1571 1008 82 31 Gorge
1670 1008 81 25 which

1204 1051 54 25 ■has
1284 1051 109 32 recently
1428 1052 61 24 been
1518 1053 37 23 set
1585 1053 71 29 apart
1684 1058 28 18 as
1738 1058 15 17 a

1212 1095 86 24 Picnic
1320 1096 79 23 resort
1423 1095 21 24 is
1462 1095 74 31 being
1553 1095 134 31 ruthlessly
1710 1095 42 24 de-

1212 1138 108 33 stroyed.
1372 1138 14 25 I
1411 1146 50 17 was
1479 1138 73 25 much
1578 1138 113 32 annojed
1719 1146 32 17 on

1212 1183 103 31 visiting
1332 1182 50 25 this
1400 1182 134 31 delightful
1546 1183 56 30 spot
1619 1182 52 24 this
1686 1181 66 25 week

1212 1228 26 23 to
1257 1226 101 24 witness
1387 1225 44 25 the
1449 1225 131 25 wholesale
1597 1225 153 25 devastation

1212 1269 27 24 of
1261 1277 85 23 young
1364 1269 91 24 timber
1484 1269 55 24 that
1555 1269 21 23 is
1606 1269 76 31 going
1710 1276 40 17 on.

1212 1312 21 24 A
1251 1314 70 28 great
1350 1311 104 25 number
1482 1311 26 24 of
1535 1319 84 23 young
1642 1310 108 32 saplings

1211 1354 64 25 have
1304 1354 59 31 only
1391 1354 110 31 recently
1530 1353 63 25 been
1621 1353 73 24 felled
1724 1361 27 16 as

1212 1405 46 17 can
1282 1397 30 24 be
1338 1404 59 18 seen
1419 1396 65 25 from
1507 1396 43 25 the
1567 1396 67 24 fresh
1651 1396 101 31 looking

1212 1448 45 17 axe
1274 1439 83 25 marks
1375 1448 33 16 on
1435 1439 44 24 the
1496 1439 119 31 standing
1644 1439 105 31 stumps.

1211 1484 14 24 I
1242 1491 42 17 am
1301 1485 45 23 not
1364 1491 81 17 aware
1462 1483 27 24 m
1506 1483 84 24 whose
1610 1482 81 24 hands
1709 1482 41 24 the

1211 1528 100 29 custody
1345 1527 27 25 of
1404 1527 52 25 this
1485 1535 96 16 reserve
1614 1526 46 24 has
1688 1525 62 25 been

1211 1570 94 32 placed,
1323 1571 45 23 but
1391 1570 145 31 presuming
1564 1570 21 23 it
1607 1570 26 23 to
1660 1568 31 24 be
1708 1568 42 25 the

1212 1613 92 25 Oxford
1322 1613 70 24 Road
1409 1612 83 25 Board
1517 1612 14 24 I
1548 1611 87 30 would,
1662 1611 28 24 m
1708 1611 42 25 the

1211 1658 114 24 interests
1347 1657 27 24 of
1389 1657 41 24 the
1448 1656 103 28 district,
1580 1655 109 31 strongly
1707 1654 42 25 ad-

1211 1700 50 25 vise
1279 1700 53 23 that
1344 1707 69 16 some
1423 1700 101 30 prompt
1543 1699 67 29 steps
1621 1697 31 24 be
1675 1697 75 24 taken

1211 1738 26 25 to
1250 1745 114 23 preserve
1386 1737 44 24 the
1453 1737 90 30 beauty
1572 1735 48 24 and
1648 1735 102 24 natural

1211 1775 99 25 charms
1322 1775 28 24 of
1365 1775 40 24 the
1417 1775 76 30 place.
1529 1773 64 31 Why
1616 1775 45 23 not
1684 1774 66 24 erect

1211 1814 186 25 Notice-boards
1409 1815 24 23 to
1446 1813 56 25 that
1514 1812 48 26 end
1571 1815 10 22 ?
1626 1812 14 24 I
1661 1812 88 25 under-

1211 1858 74 25 stand
1302 1857 56 25 that
1375 1857 21 25 it
1419 1864 51 17 was
1487 1857 46 24 not
1558 1855 106 26 without
1681 1863 69 16 some

1211 1900 121 32 difficulty
1354 1901 57 24 that
1434 1908 46 17 our
1505 1898 95 32 worthy
1624 1906 123 24 represen-

1211 1945 73 25 tative
1318 1944 41 24 Mr
1393 1943 126 25 Meredith
1553 1942 136 25 succeeded
1722 1942 27 24 m

1212 1989 113 30 securing
1345 1991 26 22 to
1388 1987 44 25 the
1456 1986 105 25 District
1579 1985 70 25 these
1666 1985 83 25 eleven

1211 2039 68 18 acres
1291 2032 38 24 for
1346 2038 15 17 a
1381 2029 99 32 specific
1497 2036 104 24 purpose
1612 2028 51 25 and
1680 2029 70 23 must

1193 2085 1 21 ;
1211 2083 45 24 say
1273 2075 56 23 that
1346 2074 44 24 the
1410 2081 53 23 way
1480 2081 37 16 we
1534 2073 74 24 allow
1619 2072 44 25 the
1680 2079 69 17 same

1213 2123 25 23 to
1265 2117 32 28 fee
1325 2128 30 17 sa
1379 2116 157 35 r&ib!esaly_
1538 2114 91 25 robbed
1662 2115 27 24 of
1716 2115 34 24 its

1212 2164 98 29 timber,
1329 2163 78 31 really
1424 2163 34 24 its
1469 2161 121 32 principal
1607 2162 143 27 attraction;

1212 2207 21 24 is
1251 2215 15 16 a
1294 2214 61 24 poor
1372 2214 51 23 way
1452 2205 28 24 of
1506 2204 113 31 showing
1644 2212 45 17 our
1709 2212 43 23 ap-

1212 2246 134 32 preciation
1364 2245 28 25 of
1418 2244 125 32 gratitude
1571 2244 38 24 for
1626 2243 43 25 the
1686 2243 65 24 boon

1212 2288 133 24 conferred.
1409 2287 14 24 I
1458 2286 120 31 sincerely
1611 2286 64 23 trust
1708 2285 44 24 the

1212 2330 145 26 authorities
1393 2330 113 24 whoever
1534 2329 58 31 they
1626 2335 57 24 may
1722 2327 30 25 be

1214 2374 49 25 will
1292 2373 78 25 bestir
1386 2372 151 26 themselves
1553 2372 27 23 m
1604 2372 40 23 the
1663 2372 89 23 matter

1212 2425 27 17 as
1256 2417 20 24 if
1292 2418 85 29 strong
1393 2415 155 31 prohibitory
1576 2420 128 18 measures
1720 2412 31 25 be

1212 2462 44 24 not
1289 2459 169 31 immediately
1492 2457 76 25 taken
1597 2456 44 25 the
1673 2455 79 25 whole

1212 2511 97 17 reserve
1331 2502 87 25 stands
1443 2502 26 23 m
1498 2500 92 32 danger
1607 2499 27 25 of
1661 2499 90 31 degen-

1213 2546 96 32 erating
1334 2546 54 24 into
1405 2552 59 24 very
1492 2544 66 24 little
1583 2542 82 26 better
1690 2542 62 24 than

1212 2598 14 15 a
1244 2589 88 25 barren
1349 2587 82 26 rabbit
1447 2594 102 18 warren.

1246 2633 117 30 Trusting
1380 2632 55 25 that
1452 2631 51 24 this
1520 2629 89 32 appeal
1620 2628 51 25 will
1687 2628 65 25 have

1212 2676 44 25 the
1273 2676 96 25 desired
1386 2675 79 25 effect.

1411 2718 15 24 I
1443 2725 41 17 am
1503 2717 40 26 Sir

1512 2760 81 24 Yours
1612 2759 46 24 &c.

1368 2935 225 26 CORRECTION.

1214 3002 87 27 Sir.—

1245 3047 32 24 In
1297 3054 63 25 your
1377 3047 84 25 Police
1479 3047 94 31 Report
1590 3045 27 26 of
1632 3044 121 32 Kennedy

1212 3099 23 17 v.
1263 3090 136 31 McCarthy
1424 3090 28 24 m
1480 3097 64 24 your
1568 3089 67 24 issue
1661 3088 27 25 of
1710 3087 44 26 the

1214 3133 70 26 18th.
1308 3141 50 24 you
1376 3134 64 24 state
1459 3132 90 31 ''Jerry
1575 3132 51 24 and
1650 3132 41 24 his
1708 3138 45 18 son

1212 3176 103 32 Johnny
1341 3175 138 32 McCarthy
1506 3182 64 18 were
1596 3174 62 25 each
1684 3174 67 24 fined

1213 3219 38 24 £2
1270 3219 50 24 and
1346 3219 67 24 costs
1439 3218 37 24 for
1494 3217 93 25 violent

1211 3261 14 25 I
1242 3261 47 32 beg
1314 3262 27 24 to
1358 3262 66 24 state
1447 3260 58 25 that
1522 3259 43 25 the
1582 3267 55 17 case
1654 3259 99 32 against

1212 3302 72 25 John
1301 3309 52 18 was
1370 3300 132 25 dismissed
1520 3307 28 18 as
1564 3299 42 25 his
1621 3300 60 31 only
1698 3301 55 30 part

1211 3346 27 24 m
1267 3344 43 26 the
1334 3344 72 25 affair
1430 3351 51 18 was
1508 3344 26 23 to
1558 3342 143 25 endeavour
1726 3343 27 24 to

1211 3389 57 30 part
1293 3388 43 24 the
1362 3387 150 31 disputants.
1564 3386 40 30 By
1629 3386 124 30 inserting

1211 3431 50 25 this
1281 3429 138 26 correction
1444 3436 50 25 you
1519 3428 52 26 will
1595 3427 89 32 oblige,

1415 3471 91 30 Yours,
1541 3471 42 25 &c.

1278 3689 146 27 OXFORD
1442 3688 92 27 ROAD
1559 3686 124 27 BOARD.

1245 3762 60 24 This
1340 3760 83 26 Board
1456 3759 58 25 held
1547 3758 67 25 their
1635 3757 116 32 ordinary

1211 3805 111 32 meeting
1355 3812 33 17 on
1421 3801 159 32 Wednesday
1614 3800 54 30 sth,
1689 3800 61 26 inst.

1211 3848 114 27 Present,
1346 3847 42 24 Mr
1407 3845 77 25 Thos.
1503 3844 87 35 Harle,
1604 3843 146 28 Chairman,

1212 3890 51 25 and
1291 3890 34 24 all
1352 3887 124 26 members
1509 3887 110 31 present.

1245 3933 42 25 Mr
1298 3932 114 26 Webster
1423 3930 90 26 waited
1535 3937 69 25 upon
1615 3930 44 25 the
1670 3929 82 25 Board

1211 3977 28 24 m
1256 3976 122 24 reference
1398 3976 27 23 to
1436 3974 131 24 Diversion
1578 3972 27 26 of
1621 3973 130 24 Pearson's

1213 4017 71 26 Road
1305 4017 49 25 and
1371 4016 132 32 requested
1524 4016 56 24 that
1591 4015 44 25 the
1654 4015 98 32 portion

1212 4062 27 24 of
1267 4059 120 33 proposed
1421 4058 84 25 closed
1537 4057 60 26 road
1642 4057 109 32 through

1212 4103 82 25 which
1316 4102 44 25 the
1393 4101 86 26 Water
1512 4101 69 24 Race
1612 4108 86 24 passes
1722 4100 30 25 be

1212 4144 150 26 transferred
1393 4145 26 24 to
1448 4143 44 25 the
1526 4143 90 26 Water
1659 4143 94 31 Supply

1212 4188 92 29 Board,
1325 4186 51 26 and
1398 4187 53 24 also
1473 4186 58 25 that
1553 4186 148 32 permission
1721 4186 32 25 be

1212 4232 74 32 given
1305 4231 26 25 to
1353 4229 45 26 the
1428 4228 86 26 Water
1543 4230 97 32 Supply
1670 4229 83 26 Board

1212 4277 26 23 to
1271 4282 67 17 cross
1372 4273 43 25 the
1458 4272 96 25 formed
1586 4273 72 24 Road
1692 4273 61 25 with

1212 4315 67 23 their
1312 4313 77 25 Race.

1247 4357 54 25 The
1324 4355 83 26 Board
1432 4355 90 31 agreed
1545 4357 26 23 to
1593 4355 108 26 transfer
1712 4356 42 25 the

1214 4402 68 31 piece
1305 4400 26 24 of
1353 4398 82 26 closed
1465 4398 61 25 road
1560 4398 76 26 asked
1669 4399 39 25 for
1728 4400 26 24 to

1215 4445 41 25 the
1282 4443 83 26 Water
1388 4440 94 33 Supply
1510 4441 82 25 Board
1615 4450 34 17 on
1671 4442 82 25 condi-

1215 4488 54 26 tion
1291 4485 65 31 that,
1379 4484 58 26 that
1460 4484 83 25 Board
1565 4492 60 24 pays
1649 4485 42 26 tlie
1703 4489 52 21 cost

1793 207 28 25 of
1841 209 112 25 transfer.
2001 210 68 29 Also,
2094 211 56 25 that
2174 212 51 25 this
2249 213 82 24 Board

1791 257 67 30 gives
1881 258 147 31 permission
2051 260 26 23 to
2094 259 44 25 the
2155 260 87 24 Water
2265 261 65 25 Race

1790 298 82 25 Board
1906 301 26 23 to
1966 308 67 17 cross
2068 301 43 24 the
2142 302 95 25 formed
2270 304 59 23 road

1789 341 60 24 with
1872 350 15 15 a
1910 343 102 29 culvert,
2037 343 117 31 provided
2177 344 43 24 the
2243 345 85 24 Water

1790 383 93 33 Supply
1913 385 82 25 Board
2024 388 126 23 construct
2171 387 43 25 the
2234 388 93 25 culvert

1786 427 51 22 and
1870 428 123 24 maintain
2027 429 21 24 it
2080 430 28 23 m
2143 430 64 30 good
2239 431 85 30 repair.

1818 470 43 23 Mr
1884 470 99 25 Bassett
2007 472 75 24 asked
2105 473 56 23 that
2185 474 141 30 something

1785 510 31 24 be
1835 512 63 24 done
1918 514 25 24 to
1966 514 43 24 the
2030 515 71 25 View
2117 515 55 25 Hill
2195 517 75 24 Creek
2293 525 32 16 on

1787 554 149 26 Woodstock
1973 557 78 24 Road.
2108 560 118 23 Besolved
2268 561 56 24 that

1785 604 66 17 some
1874 598 95 31 shingle
1992 599 29 24 be
2044 601 47 29 put
2114 609 32 16 on
2180 602 44 25 the
2247 603 74 24 Ford.

1817 641 42 23 Mr
1893 641 72 24 Weld
1997 642 74 24 asked
2104 643 22 23 if
2165 646 41 22 the
2241 645 82 24 Board

1783 684 82 23 would
1887 686 45 29 put
1954 684 27 24 m
2002 693 15 15 a
2038 685 94 25 culvert
2152 688 26 23 at
2201 687 41 24 Mr
2254 688 67 32 Mey-

1784 734 39 16 ers
1845 728 120 30 gateway.
2000 728 52 25 Not
2064 730 163 25 entertained.
2263 732 58 25 Also

1783 768 56 24 that
1861 769 40 23 Mr
1924 769 100 32 Wright
2055 773 99 23 wanted
2187 774 43 25 the
2254 776 67 25 Race

1782 811 94 24 carried
1898 813 81 24 round
2010 813 32 33 by
2077 815 41 26 his
2149 816 78 26 house
2250 819 69 25 when

1782 854 41 25 the
1846 855 70 24 other
1940 865 55 16 race
2025 858 22 24 is
2079 860 99 29 opened,
2290 863 29 24 be

1781 897 142 24 considered
1953 899 74 24 when
2058 901 42 23 the
2123 902 73 24 other
2218 911 56 17 race
2297 907 21 22 is

1814 983 70 25 Road
1896 985 83 24 Board
1992 986 222 32 Correspondence.

1814 1026 75 25 From
1934 1028 190 27 Commissioner
2164 1032 26 23 of
2231 1032 86 25 Crown

1780 1069 85 26 Lands
1886 1079 26 16 re
1936 1071 118 32 Occupier
2077 1073 26 24 of
2113 1074 89 25 Crown
2222 1076 94 24 Lands,

1814 1113 40 24 Mr
1877 1114 73 24 Weld
1969 1116 89 24 moved
2070 1116 55 25 that
2147 1116 40 25 Mr
2207 1117 25 25 J.
2244 1118 72 25 Pear-

1780 1157 64 24 son's
1856 1164 73 18 naniG
1952 1157 31 25 be
2002 1161 45 28 put
2065 1167 34 16 on
2116 1160 43 25 the
2182 1161 135 26 Valuation

1779 1199 58 25 Roll
1849 1200 38 25 for
1910 1201 83 25 Burnt
2016 1201 55 26 Hill
2091 1203 66 30 Run,
2177 1204 46 25 151
2248 1213 69 17 acres

1779 1243 49 24 and
1840 1243 56 25 that
1913 1244 73 25 Clara
1998 1245 117 29 Vincent,
2134 1246 68 25 John
2215 1248 100 28 Baxter,

1779 1286 75 24 Chas.
1868 1286 101 30 Powell,
1983 1288 85 25 Bessie
2091 1290 124 30 Fenwick,
2229 1291 88 32 Henry

1779 1329 73 31 Bing,
1871 1330 68 24 John
1957 1331 30 23 T.
2011 1331 97 30 Brown,
2130 1332 68 25 Wm.
2211 1333 104 32 Higgin-

1779 1380 54 19 son,
1868 1372 94 25 Robert
1995 1373 109 31 Corbett,
2145 1375 68 24 John
2247 1377 68 33 Burt,

1779 1414 104 25 Andrew
1905 1416 95 30 Foster,
2021 1417 108 25 Isabella
2149 1418 167 33 Thompson's

1778 1464 88 19 names
1877 1457 31 26 be
1930 1460 46 30 put
1992 1467 33 17 on
2036 1460 44 25 the
2103 1461 136 27 Valuation
2261 1463 55 27 List

1778 1500 38 24 for
1839 1501 42 25 the
1913 1502 72 25 lands
2009 1505 159 32 respectively
2199 1508 116 31 occupied

1778 1544 32 31 by
1827 1544 79 26 them.
1943 1547 129 24 Seconded
2094 1548 33 31 by
2146 1549 41 24 Mr
2207 1550 109 26 Hawker

1778 1586 48 24 and
1838 1587 101 26 carried.
1974 1589 77 25 From
2063 1590 72 25 Land
2153 1592 47 24 and
2213 1592 102 27 Income

1778 1629 54 25 Tax
1866 1631 159 31 department
2067 1634 123 33 notifying
2222 1636 94 33 having

1777 1673 135 25 forwarded
1931 1676 26 23 to
1979 1676 133 25 Treasurer
2142 1677 115 27 Voucher
2277 1681 38 24 for

1778 1717 69 25 £187
1877 1719 40 23 10.

1811 1759 76 25 From
1911 1761 41 24 Mr
1986 1762 131 32 Weylandt
2140 1766 117 32 agreeing
2290 1770 25 22 to

1778 1810 64 24 open
1853 1811 34 24 up
1900 1805 48 24 and
1970 1806 119 25 maintain
2110 1808 80 25 Drain
2209 1810 106 32 through

1777 1845 39 25 his
1845 1851 124 28 property.
2004 1850 76 24 Meed.

1811 1889 75 26 From
1922 1891 41 25 Mr
1997 1892 31 25 G.
2060 1894 93 32 Savage
2176 1897 140 31 requesting

1777 1933 54 25 that
1843 1933 39 25 Mr
1902 1934 30 25 F.
1957 1935 86 27 Tritt's
2061 1945 76 18 name
2161 1938 30 26 be
2213 1942 46 29 put
2282 1948 33 18 on

1776 1977 43 24 the
1831 1977 58 26 Roll
1900 1978 37 25 for
1950 1987 24 23 p.
1994 1987 48 18 sec.
2058 1982 56 30 201,
2127 1984 58 28 ,33£
2195 1983 50 25 and
2267 1984 48 30 19£

1778 2027 69 18 acres
1870 2022 26 23 to
1920 2022 78 31 Hugh
2018 2022 141 28 Hamilton!

1811 2064 109 31 Request
1948 2067 120 30 complied
2095 2069 69 24 with.

1811 2106 76 26 From
1908 2107 40 25 Mr
1971 2108 102 32 Ingram
2094 2112 141 32 requesting
2258 2112 57 26 that

1772 2149 202 36 -Mrs^lngram's
1997 2159 74 17 name
2093 2152 31 25 be
2153 2156 44 29 put
2218 2163 31 16 on
2274 2156 41 24 the

1779 2196 60 26 Roll
1851 2197 38 25 for
1909 2198 95 25 section
2016 2199 85 25 owned

1779 2239 60 25 Also
1859 2239 56 27 that
1938 2241 111 25 Richard
2073 2243 107 25 Twose's
2192 2252 75 17 name
2286 2246 31 25 be

1779 2285 46 27 put
1841 2290 33 16 on
1886 2283 43 24 the
1941 2283 58 24 Roll
2018 2284 38 24 for
2072 2288 116 29 property
2200 2287 117 32 standing

1778 2325 26 24 m
1816 2325 44 25 the
1870 2333 76 18 name
1964 2326 27 25 of
2011 2327 109 26 Isabella
2142 2330 93 24 Petrie.
2270 2332 47 23 Re-

1779 2370 81 23 solved
1882 2369 56 25 that
1960 2370 45 25 the
2028 2372 147 25 alterations
2195 2372 30 26 be
2245 2375 73 23 made

1779 2420 28 17 as
1842 2413 139 31 requested.

1812 2457 77 24 From
1898 2456 42 25 Mr
1946 2456 30 26 C.
1989 2457 116 26 Johnson
2115 2460 141 31 requesting
2262 2460 57 26 that

1779 2500 38 24 his
1840 2508 74 17 name
1937 2500 30 26 be
1996 2503 46 30 put
2072 2509 34 17 on
2128 2502 44 25 the
2200 2503 60 26 Roll
2282 2504 38 26 for

1779 2541 58 30 part
1861 2540 32 25 R.
1932 2540 26 25 S.
1988 2542 74 26 1947.
2115 2542 120 26 Resolved
2264 2544 56 26 that

1781 2583 42 25 the
1854 2583 134 26 alteration
2016 2584 31 26 be
2069 2585 81 25 made.

1814 2626 42 25 Mr
1876 2626 102 33 Wright
2000 2629 90 24 waited
2119 2637 30 17 on
2173 2631 41 25 the
2237 2631 84 26 Board

1781 2666 51 24 and
1860 2666 82 26 stated
1970 2667 57 25 that
2054 2667 44 26 the
2132 2668 87 26 Water
2249 2669 70 26 Race

1781 2717 48 17 was
1854 2711 45 24 not
1927 2711 112 32 running
2061 2712 52 25 also
2147 2711 74 26 asked
2249 2713 21 24 if
2289 2713 32 24 he

1781 2753 73 24 could
1876 2754 43 30 get
1946 2754 44 25 the
2021 2757 77 22 water
2120 2756 27 24 to
2170 2756 41 24 his
2233 2756 86 30 house,

1781 2795 101 33 already
1910 2797 68 25 dealt
2002 2798 69 24 with.

1814 2840 119 26 Besolved
1966 2840 55 26 that
2055 2842 43 25 the
2130 2842 57 26 Seal
2222 2843 27 25 of
2278 2843 44 26 the

1782 2884 83 25 Boatd
1875 2884 30 26 be
1917 2885 90 25 affixed
2018 2888 27 23 to
2065 2885 40 26 Mr
2121 2887 101 26 Stubb's
2234 2887 86 26 Lease.

1816 2928 54 26 The
1892 2929 147 32 particulars
2061 2930 29 26 of
2107 2930 116 33 Cooper's
2244 2932 78 26 Creek

1781 2972 66 27 Race
1867 2982 63 18 were
1953 2974 113 27 received
2086 2975 66 25 from
2174 2974 42 26 the
2234 2975 88 26 Water

1783 3017 95 33 Supply
1901 3018 92 26 Board.

1814 3061 40 24 Mr
1866 3062 155 25 O'Halloran
2039 3063 88 25 waited
2138 3071 34 18 on
2183 3064 44 25 the
2239 3064 83 26 Board

1781 3104 49 24 and
1842 3104 76 26 asked
1936 3106 67 24 them
2022 3108 26 23 to
2068 3107 66 24 clear
2153 3108 99 31 cutting
2272 3109 48 24 and

1781 3148 90 24 relieve
1882 3148 44 25 the
1937 3150 77 23 water
2025 3156 34 18 on
2079 3150 42 24 the
2142 3150 74 31 Ford,
2241 3158 80 24 upper

1783 3191 92 31 Ashley
1898 3191 66 24 Flat.

1814 3233 126 26 Accounts
1963 3236 25 22 to
2012 3235 42 24 the
2075 3236 105 25 amount
2202 3235 28 25 of
2251 3236 68 25 £122

1785 3278 50 25 17s.
1860 3277 40 25 Bd.
1924 3285 63 17 were
2007 3278 91 31 passed
2131 3278 39 26 for
2192 3280 127 31 payment,

1781 3322 49 24 and
1849 3321 44 25 the
1912 3321 83 25 Board
2013 3322 143 31 adjourned.

1848 3513 123 26 CREAM
1990 3514 44 25 OF
2051 3515 73 24 THE
2143 3515 109 25 NEWS.

1960 3581 61 31 {The
2037 3581 109 32 People.)

1815 3623 171 26 Government
2014 3623 103 26 decided
2145 3626 27 24 to
2200 3624 121 32 purchase

1781 3663 113 24 Woburn
1905 3663 90 25 Estate
2013 3664 40 24 for
2066 3664 153 25 settlement.

1813 3703 62 25 Man
1891 3703 97 26 burned
1999 3705 26 24 to
2042 3704 75 25 death
2129 3706 27 24 at
2174 3705 147 32 Mulligan's

1779 3746 77 25 Hotel
1875 3748 26 22 at
1917 3746 146 32 Longburn.

1813 3789 110 31 Anglian
1941 3797 47 17 ran
2007 3790 114 32 aground
2150 3798 33 17 on
2206 3791 67 24 bank
2294 3791 25 24 m

1779 3832 120 25 Dunedin
1917 3832 125 26 Harbour.

1813 3875 124 31 Reported
1955 3875 57 25 that
2033 3876 34 24 all
2087 3876 82 25 round
2190 3877 130 25 reduction

1779 3915 28 26 of
1816 3915 49 24 five
1881 3917 27 23 to
1920 3917 44 23 ten
1984 3923 45 24 per
2040 3918 58 23 cent
2117 3917 28 24 to
2164 3916 31 26 be
2207 3917 73 24 made
2291 3917 28 24 m

1779 3958 101 25 salaries
1898 3958 27 24 of
1939 3958 58 25 civil
2014 3960 122 23 servants.

1813 4000 97 25 British
1920 4000 68 25 force
1998 4000 48 25 has
2057 4000 118 32 occupied
2190 4000 129 30 Kumassi,

1779 4044 107 25 without
1902 4043 150 32 opposition.

1813 4086 70 25 John
1928 4085 146 31 M'Donald,
2120 4093 16 18 a
2180 4086 140 25 Southland

1779 4129 100 29 farmer,
1910 4128 51 25 had
1983 4129 40 24 his
2044 4129 77 24 house
2141 4128 103 30 burned,
2270 4129 51 24 and

1781 4172 68 26 £195
1866 4172 28 24 m
1910 4172 73 24 notes
1999 4170 83 26 which
2100 4170 33 26 he
2148 4179 51 17 was
2219 4172 40 25 too
2270 4171 51 26 late

1781 4216 26 23 to
1828 4214 77 25 bank.

1814 4257 55 26 The
1886 4257 163 33 Gannymede
2077 4257 47 25 has
2150 4257 79 26 sailed
2256 4258 66 26 from

1782 4298 155 32 Greymouth
1962 4297 62 25 with
2047 4304 16 18 a
2086 4304 74 26 cargo
2183 4297 27 25 of
2232 4298 90 26 timber

1781 4337 38 24 for
1840 4337 79 24 South
1941 4337 92 24 Africa.

1817 4381 173 26 Government
2000 4380 47 25 has
2067 4380 140 31 purchased
2227 4381 95 26 Rakaia

1785 4418 96 24 Estate.

1816 4456 83 32 Large
1920 4456 120 25 numbers
2060 4456 27 25 of
2113 4464 58 18 men
2193 4457 131 32 returning

1783 4496 127 32 penniless
1927 4496 65 26 from
2019 4495 154 33 Coolgardie.

2360 206 190 60 LOCAL
2567 210 27 56 and
2626 210 270 59 GENERAL

2392 305 96 26 School
2530 309 155 27 Committee.
2687 327 32 4 —
2720 314 21 23 A
2784 316 110 30 meeting

2356 346 28 25 of
2393 347 42 25 the
2452 349 65 25 East
2528 351 93 25 Oxford
2633 353 89 26 School
2743 355 150 28 Committee

2355 397 50 17 was
2433 392 58 24 held
2533 401 33 17 on
2590 395 155 33 Wednesday
2767 399 57 29 last,
2858 401 34 24 all

2355 433 118 24 members
2496 434 75 33 being
2590 440 107 27 present,
2733 440 40 23 Mr
2797 441 94 25 Walter

2354 473 106 32 Bydein
2479 476 43 25 the
2542 479 74 24 chair.
2652 480 53 25 The
2728 482 111 26 minutes
2864 484 28 24 of

2353 515 43 25 the
2414 519 114 29 previous
2551 522 111 32 meeting
2678 531 60 18 were
2758 526 59 24 read
2840 527 49 25 and

2353 556 143 26 confirmed.
2555 560 166 32 Applications
2753 572 61 17 were
2848 574 36 16 re-

2352 598 83 25 ceived
2456 600 62 26 from
2539 603 68 30 eight
2627 605 141 26 candidates
2791 609 39 23 for
2842 609 44 25 the

2351 641 107 29 position
2481 643 27 24 of
2538 644 74 32 Pupil
2647 647 115 26 Teacher.
2816 651 71 25 After

2351 682 59 33 duly
2432 686 156 33 considering
2622 689 42 25 the
2701 693 89 24 matter
2824 693 61 26 Miss

2350 726 29 24 A.
2404 726 99 33 Wright
2523 738 48 17 was
2594 733 138 29 appointed.

2383 789 90 26 Races.
2475 805 33 4 —
2508 791 22 25 A
2558 794 111 33 meeting
2698 796 28 24 of
2753 797 43 25 the
2819 798 63 26 Race

2349 828 148 27 Committee
2517 841 47 15 was
2581 833 59 25 held
2666 837 26 23 at
2715 837 40 23 the
2780 837 102 33 Library

2348 876 30 15 on
2391 869 161 33 Wednesday,
2566 872 114 33 Evening
2693 875 55 25 last.
2769 877 112 29 Present,

2347 912 40 24 Mr
2409 913 110 32 Ingram,
2545 916 156 35 (Chairman)
2720 920 50 24 and
2790 921 80 25 Messr
2871 935 11 17 s

2348 958 120 32 Webster,
2492 961 107 31 Bassett,
2637 964 103 32 Sharpe,
2766 967 114 30 Watson,

2346 996 49 24 and
2412 996 93 32 Lugar.
2551 999 52 24 The
2637 1001 113 26 business
2781 1012 51 17 was
2856 1008 26 20 to

2346 1034 110 24 consider
2468 1036 49 22 and
2535 1044 103 25 arrange
2661 1039 43 24 the
2727 1048 155 24 programme

2346 1070 40 25 for
2407 1071 42 24 the
2468 1072 108 32 Coming
2593 1075 89 25 Races.

2379 1125 54 25 The
2451 1127 148 27 Lyceum.—
2602 1130 39 25 On
2655 1131 98 32 Sunday
2762 1133 57 30 last,
2839 1136 42 24 the

2346 1169 56 24 2nd.
2415 1170 57 29 inst,
2492 1172 41 23 Mr
2552 1173 39 24 W.
2605 1173 39 25 W.
2664 1175 95 25 Collins
2776 1177 104 26 M.H.R.

2345 1213 108 24 lectured
2475 1222 33 17 on
2670 1218 141 26 Literature
2832 1222 48 23 and

2345 1255 41 24 the
2399 1255 84 33 Decay
2495 1257 27 24 of
2672 1260 116 26 Previous
2801 1266 26 21 to
2839 1264 42 24 the

2345 1297 99 26 address
2462 1300 106 24 musical
2585 1302 129 25 selections
2726 1311 63 17 were
2810 1306 71 30 given

2345 1339 32 30 by
2395 1347 14 17 a
2426 1340 47 24 full
2490 1342 75 24 choir.

2377 1399 194 31 Watchmaker,:
2573 1416 33 3 —
2606 1403 44 24 Mr
2669 1404 29 24 F.
2717 1404 30 25 B.
2765 1406 70 25 Lane
2858 1407 26 25 of

2344 1442 124 31 Rangiora
2480 1444 53 24 will
2542 1446 73 24 make
2626 1446 41 25 his
2680 1449 73 24 usual
2774 1449 59 26 visit
2855 1452 26 23 to

2345 1485 92 25 Oxford
2466 1494 32 17 on
2528 1487 136 33 Thursday,
2703 1491 99 31 Friday,
2833 1494 48 24 and

2346 1527 132 33 Saturday.
2493 1530 60 25 Feb.
2567 1532 80 30 13th.,
2662 1534 68 28 Uth,
2745 1536 49 23 and
2811 1537 69 23 15th.

2377 1571 41 25 Mr
2429 1573 71 24 Lane
2520 1574 49 25 will
2597 1583 70 24 carry
2696 1584 15 16 a
2737 1577 66 32 large
2833 1580 47 23 and

2342 1615 85 25 varied
2439 1616 70 24 stock
2521 1618 25 24 of
2559 1617 118 27 Watches
2689 1620 49 24 and
2755 1620 126 34 Jewellery

2343 1658 42 24 the
2408 1660 96 31 quality
2532 1660 28 24 of
2585 1661 82 25 which
2695 1663 22 24 is
2735 1665 145 24 unrivalled.

2345 1701 96 32 Special
2461 1702 117 25 Watches
2600 1703 31 31 by
2655 1705 155 26 Eotherham
2833 1708 48 23 aiid

2343 1744 70 25 other
2423 1746 131 24 renowned
2582 1747 107 25 makers.
2723 1748 45 25 All
2788 1750 93 31 repairs

2344 1788 128 24 entrusted
2483 1790 26 23 to
2521 1788 40 25 Mr
2572 1789 71 25 Lane
2655 1798 42 16 are
2714 1793 119 23 executed
2854 1793 27 25 m

2343 1827 44 24 the
2398 1829 67 23 most
2476 1828 94 24 careful
2581 1837 107 17 manner
2701 1831 49 24 and
2774 1840 106 23 guaran-

2344 1865 62 25 teed.
2441 1865 84 26 Prices
2541 1867 44 24 the
2608 1875 59 24 very
2687 1868 95 26 lowest.

2376 1924 90 26 Lunab
2494 1926 125 26 Raixbow.
2621 1942 34 5 —
2656 1927 39 26 On
2725 1929 156 33 Wednesday

2342 1968 82 32 night,
2454 1969 109 33 January
2587 1971 69 25 29th.
2692 1972 75 26 about
2795 1975 32 24 10
2851 1974 28 25 0'

2343 2011 77 29 clock,
2448 2020 47 17 one
2514 2013 26 24 of
2557 2013 70 25 these
2650 2022 55 17 rare
2723 2016 158 30 phenomena

2342 2063 51 16 was
2417 2056 86 25 visible
2526 2057 27 24 m
2575 2057 44 25 the
2648 2059 74 25 south
2751 2062 69 24 west.
2857 2061 24 25 It

2343 2098 100 25 showed
2466 2107 15 16 a
2505 2100 92 31 perfect
2622 2109 48 22 arc,
2709 2103 50 25 and
2779 2104 41 25 the
2843 2113 37 16 re-

2344 2141 85 25 versed
2466 2142 97 26 colours
2591 2152 64 17 were
2692 2146 69 30 quite
2790 2148 93 31 clearly

2343 2183 216 32 distinguishable.

2414 2307 407 28 WAIMAKARIRI-ASHLEY

2396 2350 125 26 WATER
2547 2352 132 25 SUPPLY
2708 2354 117 23 BOARD.

2383 2428 54 25 The
2457 2429 114 31 ordinary
2590 2430 117 33 monthly
2733 2432 111 33 meeting
2862 2432 25 26 of

2347 2466 43 25 the
2402 2466 78 25 above
2493 2467 83 25 Board
2585 2476 50 17 was
2647 2469 60 24 held
2715 2477 33 17 on
2760 2470 127 32 Thursday

2347 2505 54 24 6th.
2425 2505 59 24 inst.
2528 2505 116 29 Present,
2663 2507 41 24 Mr
2727 2508 159 30 O'Halloran,

2348 2542 145 31 Chairman,
2512 2543 49 25 and
2573 2544 94 25 Messrs
2687 2545 137 26 Dickinson
2838 2547 49 24 and

2348 2581 92 24 Dixon.

2381 2621 54 25 The
2446 2622 109 25 minutes
2568 2623 27 25 of
2610 2623 44 25 the
2662 2625 132 32 preceding
2812 2627 75 24 meet-

2347 2661 45 30 ing
2404 2669 61 17 were
2482 2661 60 25 read
2562 2663 50 23 and
2630 2664 141 25 confirmed.

2382 2700 102 24 Letters
2502 2700 112 25 outward
2636 2708 64 18 were
2722 2702 66 24 read.

2381 2736 26 27 It
2417 2746 51 17 was
2480 2738 112 27 resolved
2602 2740 57 26 that
2676 2750 14 15 a
2701 2740 74 26 letter
2786 2742 26 24 of
2823 2749 65 25 sym-

2348 2776 79 33 pathy
2438 2777 30 24 be
2480 2778 137 25 forwarded
2639 2780 26 24 to
2691 2779 54 25 Mrs
2756 2780 57 32 Hey
2815 2781 73 25 wood,

2349 2815 144 31 expressing
2503 2818 82 29 regret
2608 2818 26 23 at
2656 2818 42 24 the
2710 2818 75 26 death
2802 2818 27 26 of
2849 2819 40 24 Mr

2349 2854 57 32 Hey
2407 2854 68 25 wood
2481 2874 5 5 .

2382 2895 109 26 Tenders
2509 2903 63 19 were
2583 2899 97 30 opened
2700 2900 38 25 for
2760 2900 70 26 Eoad
2852 2901 35 25 di-

2349 2936 105 31 version,
2468 2936 118 32 Cooper's
2595 2938 78 26 Creek
2688 2940 84 26 Water
2785 2940 102 34 Supply,

2349 2975 46 27 but
2406 2984 63 18 were
2477 2980 44 22 not
2533 2979 149 30 acceptable.

2383 3017 69 25 After
2462 3019 102 31 passing
2576 3022 113 24 accounts
2700 3022 26 24 to
2737 3022 43 24 the
2788 3024 102 24 amount

2348 3056 28 26 of
2411 3058 81 24 £395.
2530 3058 53 24 12s.
2614 3058 41 31 9d,
2704 3060 43 25 the
2782 3062 109 31 meeting

2349 3097 160 24 terminated.

2350 3189 113 24 STATE
2492 3189 97 24 BANK
2618 3190 115 25 NOTES
2764 3190 23 25 A
2809 3191 78 24 FAL-

2571 3227 99 24 LACY.

2550 3293 130 23 Standard.

2381 3330 31 24 In
2425 3330 97 31 writing
2544 3337 33 17 on
2594 3331 51 24 this
2659 3331 105 32 subject,
2783 3340 16 16 a
2820 3332 67 25 Wel-

2348 3367 98 32 lington
2468 3368 192 31 correspondent
2684 3377 64 24 says:
2753 3385 31 4 —
2786 3366 102 29 Certain

2348 3407 133 25 reformers
2505 3408 28 24 m
2557 3408 45 25 the
2636 3410 90 31 colony
2749 3417 43 17 are
2815 3410 71 31 again

2348 3445 149 32 advocating
2519 3453 15 17 a
2570 3448 86 23 return
2686 3449 26 23 to
2753 3448 135 31 prosperity

2348 3483 110 32 through
2468 3491 32 17 an
2511 3484 68 25 issue
2591 3484 28 25 of
2630 3484 71 26 State
2713 3486 85 24 Notes.
2834 3485 54 25 The

2348 3523 51 25 late
2411 3523 41 25 Mr
2474 3523 52 30 Mac
2526 3523 122 30 Andrew,
2677 3524 59 25 with
2757 3524 40 26 his
2819 3524 69 25 bales

2348 3563 26 25 of
2390 3571 77 24 paper
2487 3563 49 25 and
2557 3572 16 17 a
2592 3564 201 32 printing-press,
2811 3565 21 24 i
2838 3565 15 24 9
2850 3573 37 17 re-

2348 3606 124 31 sponsible
2494 3607 39 25 for
2544 3615 15 16 a
2579 3608 63 30 good
2655 3607 55 25 deal
2722 3608 27 24 of
2768 3608 50 24 this
2830 3608 57 24 rub-

2347 3643 65 26 bish.
2447 3644 26 25 It
2484 3644 20 25 is
2524 3645 45 25 not
2588 3652 15 17 a
2620 3645 113 31 question
2753 3644 27 27 of
2789 3645 99 32 politics

2347 3690 29 18 or
2387 3684 73 30 party
2472 3684 27 24 at
2510 3683 43 25 all.
2588 3683 25 25 It
2625 3683 21 25 is
2657 3690 47 19 one
2724 3683 27 26 of
2769 3690 119 24 currency

2348 3731 61 24 pure
2417 3723 51 24 and
2480 3723 96 31 simple.
2606 3723 83 32 Every
2701 3731 55 18 now
2768 3723 50 25 and
2828 3723 60 25 then

2348 3768 15 17 a
2374 3761 199 31 philantrophist
2584 3761 63 24 bobs
2658 3770 35 22 up
2705 3761 112 31 serenely
2828 3761 60 24 with

2347 3806 16 18 a
2374 3798 91 32 speech
2476 3806 27 18 or
2514 3808 14 15 a
2540 3806 144 25 newspaper
2701 3799 87 26 article
2799 3807 33 17 on
2844 3799 44 25 the

2347 3837 81 25 virtue
2435 3837 27 24 of
2472 3837 175 31 shinplasters,
2660 3838 48 24 and
2719 3846 89 23 argues
2815 3838 71 24 thus:

2348 3875 112 30 Suppose
2472 3882 44 17 our
2527 3875 114 25 national
2658 3875 59 25 debt
2735 3876 22 24 is
2771 3875 114 30 £40,000

2348 3915 48 24 000
2404 3914 103 25 andiour
2518 3916 80 23 assets
2608 3914 174 31 £60,000,000
2792 3914 68 25 what
2866 3915 22 24 is

2347 3954 26 24 to
2392 3954 104 30 prevent
2514 3960 31 17 us
2568 3952 93 32 having
2683 3961 14 16 a
2714 3954 60 24 note
2785 3952 66 25 issue
2862 3953 26 24 of

2347 3991 156 29 £5,000,000
2534 3990 101 31 against
2667 3990 44 25 the
2735 3990 104 24 balance
2862 3990 26 24 of

2347 4032 172 29 £20,000,000
2533 4034 10 23 ?
2567 4032 58 25 And
2643 4032 61 25 then
2724 4032 44 25 the
2786 4031 101 32 speaker

2347 4071 73 24 waits
2430 4070 39 25 for
2480 4069 126 33 applause,
2625 4070 49 24 and
2694 4069 127 32 generally
2834 4070 53 30 gets

2347 4107 29 29 it,
2410 4107 107 25 because
2550 4107 44 25 the
2625 4107 154 32 proposition
2807 4107 23 23 is
2859 4112 27 19 so

2348 4149 96 33 simple.
2489 4149 53 26 But
2564 4149 75 26 when
2661 4149 21 25 it
2703 4149 23 24 is
2754 4147 87 26 looked
2860 4149 28 24 at

2348 4187 93 33 closely
2460 4187 71 26 there
2554 4194 43 18 are
2619 4188 50 24 two
2691 4185 111 26 fallacies
2829 4192 58 20 con-

2348 4227 84 26 tained
2442 4228 26 24 ia
2488 4227 29 26 it.
2552 4226 103 36 Firstly,
2674 4226 41 26 the
2737 4224 102 27 balance
2863 4225 26 27 of

2349 4266 173 31 £20,000,000
2539 4266 22 24 is
2572 4266 46 24 not
2636 4272 15 17 a
2674 4264 51 24 free
2744 4266 68 23 asset
2835 4264 52 24 and

2349 4303 123 26 therefore
2481 4302 122 32 anything
2613 4302 45 25 but
2667 4310 14 16 a
2693 4302 64 31 good
2768 4302 107 32 security
2881 4309 7 24 ;

2349 4342 28 24 m
2399 4341 59 29 fact,
2487 4341 76 24 about
2585 4339 45 26 the
2648 4341 76 24 worst
2746 4339 61 26 kind
2829 4340 28 26 of
2875 4348 16 17 a

2351 4380 91 26 second
2461 4380 129 32 mortgage
2613 4379 28 25 m
2662 4386 17 18 a
2697 4379 114 26 banker's
2823 4387 68 25 eyes.

2351 4419 58 25 And
2436 4417 126 31 secondly,
2592 4417 43 25 the
2661 4417 91 32 people
2782 4418 25 24 of
2830 4418 62 26 New

2352 4457 110 28 Zealand
2484 4459 92 24 cannot
2609 4464 46 18 use
2678 4464 49 19 one
2746 4457 100 26 million
2869 4458 27 26 of

2351 4498 160 27 bank-notes.
2546 4497 42 31 Up
2599 4497 42 26 till
2653 4498 73 30 1891,
2739 4497 75 27 when
2825 4498 71 27 trade

2931 220 50 18 was
2999 214 72 33 fairly
3092 211 68 36 good
3181 210 51 26 arid
3253 219 55 18 men
3327 221 63 17 were
3416 221 52 17 em-

2929 251 85 31 ployed
3035 253 31 31 by
3084 249 165 31 landholders
3261 249 24 26 m
3306 250 63 25 bush
3390 251 75 30 work,

2928 284 50 24 and
2988 284 100 33 fencing
3099 284 51 26 and
3167 282 126 33 draining,
3318 284 43 25 the
3379 276 109 41 peopZejJ

2927 322 25 24 of
2960 323 43 25 the
3015 324 89 31 colony
3120 324 50 24 had
3186 324 47 24 tl?e
3245 323 110 30 capacity
3366 325 26 23 to
3404 324 61 24 hold

2925 359 51 25 and
2996 369 42 17 use
3057 361 142 31 something
3221 366 61 20 o^ver
3302 368 15 17 a
3335 360 93 26 million
3440 362 28 24 of
3484 376 4 5 >

2923 400 72 22 notes
3005 407 6 20 ;
3030 399 45 24 but
3098 399 60 25 with
3188 399 42 25 the
3242 397 93 27 txlvent
3355 399 26 24 of
3403 399 58 25 Sed-

2923 434 105 29 donism,
3070 436 165 31 co-operative
3257 435 85 27 yvorks
3365 437 49 23 and
3448 445 16 16 a

2921 472 88 31 falling
3020 473 36 24 off
3071 473 27 25 of
3106 474 96 31 private
3219 476 178 33 employment,
3417 475 43 24 the

2920 510 59 24 note
2997 510 66 25 issue
3074 512 27 23 of
3117 512 33 24 all
3162 512 42 25 the
3225 514 78 25 banks
3319 512 43 24 has
3382 512 78 26 fallen

2921 549 25 24 to
2969 550 117 29 900,000,
3112 559 27 16 or
3161 552 175 32 thereabouts,,
3369 554 49 23 and
3438 554 22 24 is

2920 587 126 31 gradually
3058 588 150 33 decreasing.
3235 592 81 25 There
3328 597 47 19 a\re
3387 590 73 25 thou-

2920 625 74 24 sands
3014 627 26 23 of
3061 630 84 29 people
3164 630 57 24 who
3243 630 93 26 believe
3350 627 70 32 *$hat
3442 639 15 16 a

2917 661 62 25 freer
2990 664 117 25 emission
3119 666 27 24 of
3164 666 64 25 bank
3247 676 27 16 or
3385 670 72 23 notes

2918 702 79 24 would
3009 705 116 29 generate
3137 705 79 25 better
3233 707 113 26 business
3359 711 39 23 for
3414 708 44 25 the

2917 741 101 29 traders,
3037 743 50 23 and
3107 752 69 17 more
3196 746 129 26 abundant
3347 750 111 30 employ-

2916 781 70 23 ment
2997 780 38 25 for
3058 783 40 24 the
3110 784 115 30 workers,
3244 786 72 24 while
3337 788 41 23 the
3400 788 66 25 facff-

2915 818 22 24 is
2949 818 55 25 that
3014 820 43 25 the
3066 821 105 26 number
3182 827 27 21 of
3223 827 72 22 notes
3306 827 145 32 circulating

2915 855 59 24 with
2986 856 42 24 the
3039 858 83 30 public
3133 860 21 23 is
3166 860 151 26 determined
3330 864 76 31 solely
3418 865 32 30 by

2915 892 42 23 the
2969 895 109 31 capacity
3095 896 27 23 of
3142 897 42 24 the
3207 899 83 29 public
3302 901 26 23 to
3349 902 99 31 employ

2915 931 43 24 the
2969 934 79 28 notes,
3066 935 50 23 and
3125 935 56 25 that
3192 938 113 31 capacity
3316 943 91 21 cannot
3418 940 31 26 be

2914 971 51 24 mci
2970 973 70 23 eased
3052 981 27 16 or
3099 974 157 30 diminished,
3275 978 111 25 whether
3409 981 41 23 the

2914 1011 71 23 notes
2997 1019 40 16 are
3057 1012 83 25 issued
3163 1014 31 30 by
3214 1016 37 23 six
3273 1016 78 25 banks
3371 1026 27 16 as
3421 1022 27 22 at

2914 1053 106 26 present,
3047 1055 26 20 at
3093 1052 43 24 the
3159 1055 53 22 rate
3230 1055 26 24 of
3280 1056 133 29 £900,000
3433 1067 16 16 a

2914 1095 58 22 year
2985 1095 26 17 or
3031 1088 32 31 by
3082 1089 42 25 the
3145 1091 77 24 State.
3257 1093 26 24 It
3303 1095 82 30 might
3397 1096 52 31 just

2915 1131 28 17 as
2960 1126 146 33 reasonably
3124 1128 29 24 be
3173 1130 93 31 argued
3287 1131 55 25 that
3365 1133 20 24 if
3401 1137 48 22 two

2914 1171 97 22 grocers
3023 1164 73 31 shops
3113 1174 64 16 were
3195 1169 94 29 opened
3310 1170 78 25 where
3400 1180 49 17 one

2913 1209 57 17 now
2981 1203 21 24 is
3019 1204 54 25 that
3094 1206 70 24 twice
3183 1215 28 17 as
3224 1208 73 24 much
3317 1211 38 23 tea
3367 1212 83 25 would

2915 1241 30 24 be
2963 1243 62 22 sold.

3030 1378 160 26 POULTRY
3208 1381 113 26 NOTES.

3046 1443 76 25 From
3146 1446 47 24 The
3220 1448 97 30 People.

2947 1481 41 24 Mr
3005 1482 31 24 N.
3055 1483 138 33 Dodgshun
3211 1487 57 25 who
3279 1487 47 26 has
3337 1489 110 25 deserve-

2914 1520 42 32 dly
2982 1524 88 24 earned
3097 1532 14 16 a
3134 1525 60 32 high,
3222 1529 142 30 reputation
3382 1537 26 16 as
3433 1538 16 16 a

2913 1560 100 30 poultry
3023 1560 99 30 fancier,
3140 1562 101 26 informs
3254 1573 29 16 us
3295 1566 54 24 that
3361 1567 30 23 he
3403 1567 47 25 has

2912 1602 49 23 had
2975 1610 14 16 a
3000 1611 56 24 very
3073 1607 132 23 successful
3223 1607 116 34 breeding
3351 1618 98 19 season.

2914 1642 52 24 The
2983 1644 112 24 varieties
3116 1645 30 25 he
3157 1654 58 23 goes
3227 1647 27 25 m
3266 1649 36 24 for
3313 1658 41 17 are
3365 1651 86 32 Lang-

2914 1682 184 26 shan-Polands
3133 1686 50 24 and
3217 1687 78 25 Black
3317 1690 51 23 and
3395 1692 63 23 Red.

2914 1724 101 24 Games.
3051 1726 40 24 He
3102 1728 45 24 has
3159 1736 68 17 some
3243 1739 55 23 very
3315 1726 135 39 promising

2914 1765 66 29 early
3001 1765 117 25 chickens
3147 1767 55 25 that
3230 1769 33 24 he
3284 1771 86 24 thinks
3396 1773 52 25 will

2914 1806 54 31 defy
2980 1809 168 30 competition,
3166 1811 49 24 and
3225 1813 81 24 which
3319 1814 49 25 will
3380 1823 66 17 com-

2914 1849 55 27 pete
2980 1846 37 24 for
3036 1847 42 25 the
3097 1848 119 27 Ballance
3236 1853 98 31 trophy.
3370 1854 79 26 These

2914 1891 42 17 are
2975 1884 63 25 from
3060 1886 69 24 stock
3149 1887 80 25 which
3248 1890 41 23 Mr
3312 1891 30 24 F.
3360 1892 89 31 Kogan

2914 1922 108 33 brought
3033 1929 43 19 out
3095 1925 64 25 from
3179 1927 119 33 England
3316 1931 57 24 with
3385 1932 62 25 him.

2949 1967 94 25 Master
3065 1969 54 30 Orr,
3149 1971 27 23 of
3195 1971 180 32 Johnsonville,
3403 1975 48 26 has

2914 2005 82 31 joined
3006 2006 43 24 the
3060 2007 85 32 Fancy
3166 2009 49 24 and
3234 2010 46 25 has
3292 2013 95 24 erected
3398 2013 52 26 fine

2914 2048 99 32 poultry
3023 2050 81 30 yards.
3139 2051 41 25 He
3196 2053 47 24 has
3261 2056 136 29 purchased
3409 2057 42 25 Mr

2915 2091 160 31 Dodgshun's
3114 2094 116 30 Polands,
3262 2096 57 33 [and
3349 2099 102 27 intends

2916 2134 75 32 going
3008 2136 27 23 m
3046 2143 33 17 on
3097 2145 15 15 a
3133 2138 73 31 fairly
3224 2139 67 32 large
3312 2143 71 24 scale.

2950 2176 40 25 Mr
3002 2178 95 31 Taylor,
3110 2180 44 24 the
3165 2180 107 33 English
3284 2183 103 26 Fancier
3398 2186 55 26 who

2917 2220 46 24 has
2985 2220 63 25 been
3068 2229 33 17 on
3123 2230 15 17 a
3161 2224 57 24 visit
3241 2227 26 22 to
3293 2226 158 32 Wellington,

2908 2262 305 42 r-Skgngly^recommends
3233 2267 44 24 the
3297 2276 43 17 use
3360 2270 27 24 of
3404 2271 48 24 sal-

2920 2307 140 25 ammoniac
3078 2314 38 19 lor
3135 2308 106 33 poultry.
3238 2313 3 9 1
3276 2310 24 26 it
3307 2319 34 18 ■a,
3354 2312 109 35 useS-fcy-

2919 2350 101 31 putting
3037 2359 15 16 a
3072 2351 65 25 little
3160 2352 27 24 m
3208 2353 42 25 the
3269 2357 84 23 water.
3389 2356 24 25 It
3435 2358 22 25 is

2921 2394 130 31 especially
3071 2395 112 25 valuable
3203 2397 27 23 m
3248 2397 103 33 keeping
3369 2407 34 23 up
3415 2401 43 25 the

2920 2437 59 24 tone
2991 2437 27 24 of
3035 2437 70 26 fowls
3123 2437 91 33 during
3225 2441 131 32 moulting.

2955 2479 41 24 Mr
3014 2480 89 32 Taylor
3123 2481 85 26 thinks
3229 2482 55 26 that
3303 2484 101 33 poultry
3421 2486 38 26 for

2921 2524 87 29 export
3030 2524 26 24 to
3079 2523 61 25 New
3174 2525 112 25 Zealand
3314 2528 90 25 should
3426 2529 31 26 be

2921 2564 108 26 hatched
3046 2566 27 25 m
3091 2567 97 32 August
3208 2569 48 24 and
3273 2569 149 33 despatched
3429 2573 28 26 m

2922 2608 112 26 October.
3069 2609 34 25 At
3123 2611 56 24 that
3199 2620 45 23 age
3264 2613 60 32 they
3343 2615 50 25 will
3404 2615 54 26 find

2922 2652 74 24 stand
3007 2653 42 24 the
3060 2661 92 24 voyage
3163 2655 57 24 well
3231 2656 50 24 and
3298 2664 67 24 grow
3376 2659 82 31 rapid-

2922 2695 32 31 iy.

2956 2737 54 25 The
3027 2746 68 18 same
3115 2741 125 32 authority
3260 2743 137 26 condemns
3415 2745 43 24 the

2923 2789 44 17 use
2976 2782 27 25 of
3012 2782 79 25 maize
3102 2783 38 25 for
3150 2786 104 30 poultry,
3273 2785 50 25 and
3335 2787 124 26 considers

2923 2833 109 24 cayenne
3051 2834 92 24 pepper
3162 2828 123 32 injurious
3303 2837 27 17 as
3341 2830 21 24 it
3373 2830 87 26 breeds

2922 2868 63 26 liver
3019 2869 140 32 complaint.

2956 2913 46 27 We
3014 2922 39 19 are
3065 2914 51 28 also
3127 2914 117 28 indebted
3263 2918 27 25 to
3309 2917 39 26 Mr
3368 2919 90 33 Taylor

2922 2958 38 25 for
2971 2959 42 26 the
3030 2960 145 32 suggestion
3194 2961 55 27 that
3265 2961 122 27 cockerels
3407 2964 51 25 and

2922 3002 91 32 pullets
3026 3004 88 25 should
3131 3005 30 25 be
3179 3006 59 32 kept
3249 3009 117 30 separate.
3401 3008 56 24 The

2923 3047 123 25 cockerels
3058 3048 89 25 should
3166 3049 31 25 be
3208 3050 94 31 pushed
3314 3059 32 17 on
3357 3051 46 25 but
3413 3053 46 23 not

2923 3089 42 25 the
2986 3091 100 29 pullets.

2957 3133 39 24 Mr
3016 3135 91 30 Taylor
3129 3136 125 25 considers
3275 3137 43 24 the
3340 3137 118 32 Patridge

2923 3176 97 25 Cohens
3032 3185 42 16 are
3087 3178 41 24 the
3140 3179 51 24 best
3206 3179 69 24 fowls
3286 3180 40 23 for
3337 3187 59 24 eggs
3408 3180 50 24 and

2922 3218 74 25 table.
3036 3220 70 31 They
3126 3222 50 23 will
3196 3222 41 30 lay
3256 3223 27 23 m
3302 3223 45 24 the
3364 3223 94 25 coldest

2921 3263 107 23 weather,

2954 3305 40 26 He
3025 3307 53 25 also
3107 3310 113 30 suggests
3255 3308 56 26 that
3340 3309 115 26 chickens

2921 3344 88 24 should
3020 3344 31 25 be
3070 3345 40 25 fed
3121 3354 34 16 on
3166 3346 80 25 wheat
3262 3347 44 24 the
3325 3347 67 24 third
3409 3347 49 33 day

2921 3382 64 24 after
3004 3382 61 29 they
3076 3391 41 16 are
3136 3383 117 30 hatched,
3272 3392 28 16 as
3319 3385 60 30 they
3397 3386 60 24 tlien

2919 3420 64 26 have
3003 3421 92 32 always
3114 3422 59 26 food
3192 3423 28 24 m
3237 3423 68 25 their
3320 3432 70 24 crops
3392 3439 32 4 —
3425 3432 33 18 an

2919 3459 136 31 important
3089 3461 124 30 provision
3251 3462 60 24 with
3345 3463 113 32 growing

2919 3497 93 23 chicks.

2954 3535 39 26 Mr
3010 3536 39 25 W.
3062 3537 99 29 Aitken,
3180 3538 27 25 of
3217 3538 125 30 Dnnedin,
3359 3542 96 29 reports

2919 3584 15 14 a
2952 3574 45 24 bad
3015 3582 88 17 season
3121 3576 59 23 with
3199 3576 122 23 chickens.

2953 3611 40 25 Mr
3009 3611 68 26 John
3089 3613 93 29 Tonar,
3199 3613 27 24 of
3241 3613 138 30 Auckland,
3397 3615 58 24 Pre-

2920 3651 82 25 sident
3013 3651 28 25 of
3048 3652 44 24 the
3108 3653 117 31 Leghorn
3237 3653 72 29 Club,
3326 3653 48 26 has
3394 3654 62 25 been

2919 3702 33 17 an
2962 3693 123 27 exhibitor
3096 3695 26 25 of
3139 3695 69 33 dogs,
3225 3695 98 33 poultry
3340 3697 50 24 and
3401 3698 54 32 pig-

2919 3741 60 18 eons
2990 3735 27 24 m
3029 3735 117 31 England
3156 3735 114 31 previous
3282 3737 27 24 to
3321 3738 73 23 1886.
3414 3738 41 25 He

2919 3771 47 25 has
2985 3771 77 33 lately
3079 3773 122 31 imported
3223 3780 16 18 a
3258 3773 49 25 trio
3324 3773 28 25 of
3371 3775 84 26 brown

2919 3809 137 34 Leghorns,
3086 3811 49 25 and
3154 3818 15 18 a
3185 3811 55 32 pair
3256 3811 28 26 of
3298 3811 75 27 white
3390 3812 65 34 Leg-

2919 3849 76 25 horns
3016 3849 61 24 from
3102 3849 30 23 L.
3157 3848 28 26 C.
3208 3849 102 32 Verrey.
3334 3850 72 33 Esq.,
3429 3853 28 24 of

2920 3887 99 31 Surrey.
3054 3886 72 32 They
3136 3886 35 25 all
3187 3886 96 26 arrived
3293 3888 28 24 m
3341 3890 114 31 splendid

2918 3923 69 27 fettle
2999 3923 50 25 and
3068 3923 41 25 Mr
3129 3923 91 26 Monar
3239 3925 22 25 is
3281 3926 56 25 well
3355 3927 102 32 pleased

2919 3963 61 26 with
2991 3963 78 24 them.
3103 3963 63 25 This
3177 3972 87 17 season
3281 3965 34 26 he
3331 3966 47 25 has
3396 3968 61 25 bred

2918 4000 76 25 about
3004 4001 49 24 800
3072 3999 129 33 Leghorns
3220 4003 27 24 of
3265 4002 45 26 the
3329 4003 128 35 following

2918 4038 137 25 colours:—
3055 4037 97 31 -White,
3164 4039 101 31 Brown,
3275 4041 51 25 and
3335 4041 122 28 Cuckoos.

2980 4234 138 24 EVENTS
3136 4234 44 24 OF
3197 4234 72 24 THE
3286 4234 115 24 WEEK.

2924 4281 122 32 Tuesday,
3065 4281 61 25 Feb.
3140 4283 40 23 11.
3192 4281 106 33 Library
3309 4291 73 23 open,
3399 4285 63 29 from

2990 4322 14 24 6
3025 4322 38 24 15.
3076 4328 24 24 p.
3112 4328 39 18 m.
3163 4322 27 24 to
3208 4323 24 24 8.
3253 4330 26 25 p.
3291 4332 33 17 m.

2923 4357 140 34 Thursday,
3082 4358 61 26 Feb.
3157 4360 40 24 13.
3210 4360 73 26 Bank
3299 4369 72 24 open.
3408 4365 57 26 Sale

2990 4398 57 32 day.
3082 4398 107 33 Library
3206 4407 66 25 open
3295 4401 92 34 during
3408 4403 57 34 day,

2926 4438 134 35 Saturday,
3073 4439 62 26 Feb.
3149 4442 40 24 15.
3207 4440 104 33 Library
3328 4450 64 25 open
3401 4445 71 30 from.

2997 4491 66 26 6.15.
3076 4497 25 26 p>
3112 4497 36 23 ?n.
3161 4492 26 25 to
3199 4491 23 25 8.
3234 4498 26 25 p,
3272 4498 36 20 m.

1144 53 175 33 OXFOED
1365 56 228 33 OBSERVER
1638 57 239 42 SATURDAY,
1922 64 238 31 FEBRUARY
2224 65 29 34 8,
2312 65 90 29 1896.
