3530 4468
55 167 55 59 WHAT
110 167 29 59 THE
139 167 409 59 GOVERN-

57 226 121 34 MENT
207 224 79 30 HAS
318 224 123 34 DONE
472 229 84 30 FOR

72 271 87 31 THE
198 270 215 32 WORKING
442 273 101 29 MEN.

36 339 136 30 Pubil-itu'd
194 341 32 31 by
238 344 103 28 request
363 343 41 24 for
420 343 45 24 the
475 339 105 28 inlorai-

38 384 68 23 ation
136 381 25 24 of
188 379 129 26 rnerabe/s
345 381 28 24 of
399 381 43 24 the
485 381 95 25 Oxford

37 419 101 26 Branch
155 418 26 25 of
202 417 43 25 the
414 419 164 25 Association.

70 482 85 31 (From
183 480 40 24 Mr
259 480 147 25 Meredith's
430 480 117 31 Speech.)

38 560 173 25 Government
246 558 49 25 had
318 558 90 31 helped
442 558 44 24 the
513 564 67 17 com-

38 603 95 24 mercial
159 603 94 25 classes
280 602 49 24 and
357 601 111 24 business
494 600 86 31 people

38 644 127 33 generally
181 645 52 23 and
249 643 89 25 indeed
355 643 44 24 the
415 642 81 24 whole
513 649 65 17 com-

39 690 109 30 munity,
173 688 33 31 by
231 687 100 30 coming
357 687 26 23 to
410 685 41 25 the
468 684 73 24 relief
555 683 27 24 of

41 734 45 24 the
105 732 73 24 Bank
195 731 26 24 of
237 730 31 24 N.
288 730 29 23 Z.
331 729 50 24 and
398 727 102 31 thereby
510 734 69 17 aver-

42 777 55 30 ting
131 783 15 15 a
171 774 68 31 great
273 770 159 27 commercial
456 769 123 31 calamity.

43 819 52 25 The
114 818 62 24 Gov.
194 816 51 24 had
268 823 72 17 come
357 816 26 23 to
407 814 43 24 the
468 812 72 25 relief
555 812 26 23 of

44 863 104 24 farmers
165 861 26 24 m
208 859 141 32 particular,
385 864 28 18 as
434 856 57 24 well
508 863 28 17 as
554 857 26 22 to

44 906 43 25 the
105 903 68 26 relief
188 903 25 24 of
230 901 43 24 the
298 900 83 32 public
407 898 124 33 generally
548 898 32 31 by

42 950 162 29 formulating
228 946 49 25 and
303 946 114 31 carrying
440 945 45 24 out
511 949 25 19 to
566 951 14 16 a

42 995 118 33 practical
181 994 75 28 issue,
288 992 125 25 advances
439 993 26 22 to
482 989 98 25 settlers

43 1039 25 21 at
87 1035 60 24 such
166 1042 15 16 a
197 1033 48 25 low
261 1033 54 23 rate
327 1031 27 24 of
369 1031 104 24 interest
491 1037 26 16 as
529 1036 51 16 was

44 1078 111 25 hitherto
189 1076 127 24 unknown
350 1075 27 23 m
411 1073 42 24 the
482 1071 97 31 colony,

44 1118 76 30 cheap
155 1123 91 24 money
274 1114 50 24 and
357 1113 78 30 cheap
453 1111 59 25 land
529 1111 50 24 had

43 1163 103 30 directly
164 1161 50 24 and
241 1158 130 31 indirectly
396 1156 121 25 benefited
537 1155 42 24 rhe

43 1205 77 25 whole
138 1203 157 29 community.
329 1201 64 24 Now
413 1200 26 23 m
457 1199 122 24 reference

43 1254 25 20 to
94 1247 99 28 Oxford,
219 1247 27 23 m
271 1245 42 25 the
338 1244 55 24 first
419 1242 70 32 place
514 1241 64 25 Gov-

44 1297 114 25 ernment
192 1294 44 24 has
271 1291 119 32 arranged
409 1292 24 23 to
467 1290 54 32 give
538 1289 42 24 the

43 1345 95 25 settlers
155 1345 26 23 at
224 1339 147 28 Woodstock
409 1347 32 16 an
475 1338 104 24 additio-

44 1388 45 25 nal
112 1389 30 23 50
167 1393 66 18 acres
250 1385 67 27 each,
336 1385 27 22 at
387 1383 45 31 1/-.
461 1390 44 22 per
524 1388 55 17 acre

45 1440 27 17 so
91 1432 54 24 that
172 1431 60 23 each
266 1426 86 26 settler
378 1425 48 25 will
443 1432 56 17 now
517 1423 63 24 have

47 1479 47 23 100
120 1483 76 18 acres.
240 1473 52 25 The
326 1473 49 23 late
410 1470 170 25 Government

45 1520 144 27 considered
207 1521 31 24 50
273 1526 68 17 acres
367 1516 26 26 of
409 1515 91 26 second
517 1513 63 26 class

45 1566 59 24 land
122 1566 26 22 at
165 1562 148 26 Woodstock
339 1560 123 25 sufficient
482 1558 38 24 for
537 1557 44 24 the

46 1609 86 31 people
149 1609 25 23 to
200 1607 41 30 get
274 1605 36 24 fat
329 1604 48 24 and
403 1610 60 17 even
480 1602 27 24 to
524 1608 57 17 save

45 1661 91 24 money
153 1659 40 18 on.
228 1651 56 24 The
294 1649 101 32 present
413 1646 168 26 Government

47 1699 113 26 consider
171 1698 71 24 those
254 1694 85 32 people
352 1692 90 27 should
457 1692 63 24 have
533 1691 47 23 150

46 1750 68 18 acres
135 1750 27 16 or
191 1740 49 24 200
260 1745 67 18 acres
357 1736 68 27 each,
466 1741 28 17 as
515 1732 66 25 little

47 1786 99 31 enough
164 1786 24 23 to
199 1783 73 30 bring
287 1788 33 24 up
344 1780 63 24 their
418 1777 105 25 families
539 1783 41 21 on,

47 1831 49 23 and
120 1828 50 25 this
193 1825 114 33 quantity
333 1822 80 26 would
433 1821 64 24 have
519 1820 62 24 been

47 1873 72 32 given
131 1872 70 23 them
223 1869 21 24 if
265 1867 169 26 Government
457 1863 51 24 had
531 1862 50 25 suf-

46 1917 84 24 ficient
150 1914 59 25 land
231 1910 118 27 available
373 1910 25 24 at
421 1905 159 28 Woodstock.

47 1958 169 26 Government
255 1952 105 28 reduced
393 1952 43 24 the
470 1950 112 30 Eailway

45 2002 92 31 freight
160 2007 33 18 on
215 1998 116 25 firewood
353 1998 27 22 to
402 1992 180 27 Christchurch

45 2047 65 24 from
122 2046 45 22 28s
176 2047 24 21 to
213 2043 44 23 22s
271 2040 40 25 Bd.
329 2039 44 24 the
385 2037 80 28 truck,
479 2035 102 30 thereby

46 2089 84 32 giving
158 2087 43 24 the
235 2084 110 30 working
373 2088 60 17 man
452 2087 33 16 an
513 2081 69 22 extra

46 2131 74 33 profit
136 2139 33 15 on
192 2137 15 16 a
230 2127 56 25 cord
306 2126 27 24 of
356 2122 124 27 firewood.
516 2121 65 25 Gov-

46 2178 114 24 ernment
171 2172 103 26 reduced
285 2171 44 24 the
340 2169 96 32 royalty
448 2176 29 16 on
491 2165 91 25 timber

137 2211 321 31 -iue-^rfiwcHrtr^r
470 2204 68 37 25~p.
558 2217 13 17 c

40 2263 47 25 anil
97 2270 29 16 on
137 2261 68 23 birch
214 2260 33 31 by
257 2260 30 22 33
300 2256 49 25 and
357 2264 47 17 one
417 2254 67 25 third
491 2261 48 23 p.c.
548 2261 32 16 on

41 2307 65 30 pine,
119 2312 53 16 now
184 2311 27 16 as
221 2309 50 17 saw
284 2300 100 30 milling
396 2300 21 23 is
439 2305 46 17 one
498 2297 26 24 of
534 2296 44 24 the

41 2345 67 26 chief
118 2342 134 27 industries
264 2341 27 24 m
301 2338 93 26 Oxford
402 2338 43 24 the
454 2336 126 30 working-

42 2397 57 17 man
109 2386 88 27 should
203 2386 65 24 have
275 2385 41 24 the
326 2382 92 26 benefit
427 2381 26 25 of
461 2380 51 25 this
521 2387 58 17 con-

40 2432 103 26 cession,
157 2430 20 24 if
186 2430 20 24 it
214 2429 59 24 does
285 2429 53 27 not,
348 2426 21 24 it
380 2426 22 23 is
411 2428 43 21 not
467 2425 41 23 the
516 2423 63 24 fault

40 2475 26 25 of
82 2475 41 24 the
136 2472 180 26 Government.
339 2469 82 24 Under
444 2467 43 24 the
500 2465 78 25 work-

39 2515 80 25 man's
143 2520 79 23 wages
243 2512 47 23 Act
316 2517 68 17 more
418 2507 63 25 than
507 2507 72 23 300

39 2559 64 24 have
116 2555 104 26 reached
233 2555 43 24 the
287 2553 101 32 pockets
398 2552 25 23 of
432 2552 40 23 the
486 2549 93 25 Oxford

39 2601 178 30 workingmen,
237 2596 82 25 which
331 2596 28 23 m
382 2595 43 24 the
437 2594 105 24 absence
555 2592 26 24 of

37 2646 51 24 this
101 2642 122 34 provision
232 2641 57 30 they
300 2639 81 31 might
390 2637 64 25 have
462 2635 116 27 whistled

37 2689 38 24 for
86 2699 5 18 ;
106 2687 168 25 Government
285 2682 95 32 bought
392 2680 91 31 Ashley
496 2679 82 31 Gorge

37 2729 146 28 subdivided
206 2729 20 23 it
254 2728 54 23 into
333 2727 30 22 13
390 2724 116 26 sections,
540 2722 38 24 for

37 2773 81 28 which
132 2773 68 24 there
212 2777 63 19 were
297 2769 75 24 about
382 2768 48 23 348
449 2765 128 31 applicati-

36 2827 53 21 ons,
100 2815 150 31 fortunately
259 2814 66 23 most
334 2812 27 24 of
367 2811 44 25 the
422 2809 106 25 sections
536 2808 42 24 fell

36 2862 26 22 to
84 2858 43 24 the
151 2857 35 24 lot
199 2855 27 24 of
242 2853 89 24 Oxford
344 2851 177 30 workingmen,
541 2849 37 23 for

36 2903 69 23 what
118 2908 42 16 are
178 2898 93 25 Messrs
284 2896 102 27 Baxter,
405 2894 100 27 Brown,
516 2891 60 25 Vin-

35 2947 66 26 cent,
131 2942 92 25 Powell
259 2941 42 23 &c.
331 2938 46 25 but
399 2936 177 30 workingmen.

35 2987 171 26 Government
225 2982 97 26 erected
346 2979 100 26 schools
467 2978 50 24 and
529 2985 47 24 pay

36 3032 112 23 teachers
160 3028 37 24 for
215 3027 43 24 the
281 3024 168 31 workingnien
470 3022 26 24 of
506 3022 70 24 View

36 3074 56 25 Hill
120 3072 88 25 Plains
234 3070 52 25 and
313 3065 161 28 Woodstock.
522 3064 54 24 The

39 3116 168 26 Government
237 3113 42 24 did
301 3111 66 26 their
389 3109 65 26 level
476 3108 54 25 best
550 3109 26 23 to

38 3161 120 30 purchase
184 3158 64 23 from
271 3156 43 24 the
342 3152 114 26 Midland
468 3151 108 31 Railway

39 3204 129 30 Company
181 3201 41 25 the
235 3206 62 25 open
308 3197 61 25 land
394 3198 26 24 at
432 3196 43 26 the
495 3195 81 32 Gorge

37 3246 87 31 bridge
137 3244 49 25 and
209 3243 42 24 the
263 3243 61 24 bush
348 3241 80 24 Block
440 3250 6 20 ;
475 3240 45 25 but
533 3239 43 25 the

39 3285 128 29 Company
180 3281 97 26 wanted
298 3282 53 26 355,
365 3287 32 17 an
409 3286 56 17 acre
481 3278 39 24 for
533 3277 43 25 the

37 3335 64 24 open
111 3326 68 28 land,
198 3326 45 24 not
264 3323 81 26 worth
365 3329 69 18 more
464 3321 67 33 12/0.
544 3328 33 16 an

44 3378 56 17 acre
113 3370 48 24 and
175 3371 52 23 17s.
249 3368 39 24 6d.
310 3374 32 17 an
362 3373 55 18 acre
437 3365 37 25 for
486 3365 90 28 15,000

40 3415 27 23 m
80 3413 42 25 the
134 3413 72 24 Bush
226 3410 130 31 including
377 3410 43 24 the
430 3409 90 24 barren
531 3408 46 24 hill

37 3458 62 30 tops,
134 3456 83 25 would
251 3455 41 24 the
325 3452 109 31 working
463 3460 63 16 men
553 3451 27 25 of

37 3500 94 25 Oxford
153 3500 28 23 be
211 3497 96 31 willing
334 3497 55 24 that
407 3495 170 25 Government

35 3543 92 25 should
139 3542 122 33 purchase
277 3542 49 24 this
339 3540 59 25 land
410 3541 25 23 at
448 3539 49 24 this
510 3538 66 32 price

36 3587 48 24 and
105 3587 60 24 then
192 3587 55 23 rent
276 3585 20 24 it
320 3585 26 23 at
364 3585 14 23 0
403 3591 23 23 p.
444 3591 21 16 c.
485 3591 31 15 on
534 3582 42 24 the

37 3630 89 31 capital
137 3631 82 24 value,
238 3628 121 31 certainly
376 3631 54 24 not,
460 3634 34 16 no
517 3634 59 16 man

37 3672 73 25 could
119 3672 87 25 obtain
228 3680 16 15 a
254 3671 79 31 living
351 3672 44 23 out
407 3670 27 24 of
444 3669 63 24 such
517 3669 60 26 Jand

38 3719 26 23 at
75 3716 61 24 such
152 3725 15 15 a
194 3717 65 23 rent.
294 3716 68 23 Here
383 3722 37 17 we
430 3714 63 24 have
505 3722 15 15 a
531 3713 46 24 few

37 3757 82 31 things
148 3757 66 24 done
246 3756 33 32 by
315 3756 184 28 Government,
528 3754 49 23 and

39 3804 41 28 yet
98 3801 102 31 carping
230 3801 89 30 critics,
359 3801 52 24 will
438 3800 45 24 ask
511 3801 66 23 what

39 3845 45 23 has
98 3845 170 24 Government
281 3845 64 23 done
364 3844 38 24 for
413 3845 43 22 the
468 3844 109 29 working

39 3888 80 23 man?
149 3886 53 25 The
224 3888 97 30 present
345 3886 169 25 Government
532 3886 44 23 has

39 3927 62 25 done
128 3935 69 16 more
225 3927 38 24 for
289 3928 40 22 the
357 3926 171 30 workingmen
551 3925 25 24 of

39 3969 91 25 Oxford
146 3970 63 24 than
221 3977 49 24 any
281 3970 114 30 previous
406 3968 170 25 Government

39 4021 55 18 ever
110 4015 49 28 did,
178 4015 50 24 and
247 4015 29 23 he
305 4013 144 32 challenged
478 4015 98 23 contra-

39 4058 99 25 diction,
152 4066 15 16 a
179 4058 154 25 Government
345 4059 92 23 cannct
448 4057 31 25 do
492 4065 82 23 every-

38 4100 72 31 thing
121 4109 5 19 ;
150 4100 61 25 with
235 4109 64 15 some
316 4102 87 29 people
426 4100 21 23 if
463 4100 111 23 Govern-

37 4152 68 18 ment
125 4146 57 25 does
211 4147 60 23 nine
301 4146 84 32 things
405 4147 44 23 out
469 4145 27 25 of
522 4148 52 20 ten.

37 4189 55 31 they
111 4190 30 24 do
164 4191 45 23 not
238 4189 92 25 receive
353 4189 77 24 credit
453 4188 49 24 and
531 4188 43 24 the

32 4233 125 31 gratitude
176 4234 56 30 they
256 4241 42 15 are
315 4233 82 31 stirely
414 4231 106 25 entitled
538 4232 34 23 to!

34 4281 47 25 but
105 4290 40 16 are
164 4281 97 25 blamed
284 4282 49 24 and
352 4290 61 16 even
437 4281 92 25 abused
541 4281 30 31 by

32 4335 70 17 some
114 4327 83 31 people
214 4327 105 24 because
350 4327 60 31 they
438 4327 63 24 have
527 4327 46 22 not

32 4370 182 31 accomplished
227 4370 43 24 the
288 4370 81 24 tenth.

1188 23 173 32 OXFORD
1406 25 225 32 OBSERVER
1662 26 240 35 SATURDAY,
1939 19 228 36 FEBRUARY
2216 19 28 34 8,
2296 16 90 30 1896.

2931 4168 104 26 Printed
3059 4171 52 24 and
3151 4172 140 28 Published
3319 4176 33 33 ly
3388 4176 88 26 Laura

2964 4207 83 26 Annie
3071 4209 104 33 Parish,
3201 4214 27 24 at
3252 4214 47 25 her
3331 4214 145 34 llegistered

2963 4251 120 34 Printing
3094 4254 87 31 Office,
3204 4258 69 31 Hifb
3300 4259 92 26 Street.
3417 4259 63 25 East

2964 4287 102 37 Oxford,
3077 4297 165 36 Canterbury.

2991 4343 133 32 Saturday
3156 4351 139 28 February
3315 4355 24 24 8.
3370 4355 66 26 1896

2926 186 171 52 WATCH
3140 168 156 74 /*%!
3324 184 146 50 CLOCK

2926 243 336 84 Euthir^
3301 276 170 48 filassts

3048 343 301 38 FITTED

3189 405 30 16 AT

2947 440 183 37 Parish's
3158 444 104 36 East
3285 446 161 45 Oxford.

2928 596 319 49 WERTHEIM

3108 693 251 49 SINGER'S

2970 896 206 44 MACHINE
3224 900 201 44 NEEDLES

2940 985 122 51 From
3096 986 72 58 l/~
3197 998 73 51 pt
3307 990 148 50 Uzm.

3185 1721 44 22 AT

2989 1790 421 44 PARISH'S

2929 1868 189 36 EAST
3166 1871 298 37 OXFORD

3071 2432 253 47 NOTICE.

2925 2530 97 45 Job
3041 2530 235 59 Printing
3289 2533 10 44 !

3098 2599 101 45 Job
3222 2601 244 56 Printing

2967 2661 174 32 OXFORD
3199 2663 227 32 OBSERVER

3008 2714 163 39 Machine
3201 2714 183 52 Printing-

3105 2766 169 39 WORKS

2967 2815 90 26 MAIN
3093 2815 145 31 STEEET,
3274 2817 152 26 OXFOKD.

2994 2893 129 30 XTtfNE
3177 2893 214 47 TpRINTING

2999 2968 36 30 In
3049 2968 74 40 Any
3137 2966 129 42 Variety
3281 2977 36 21 or
3334 2967 97 39 Style*

2926 3018 313 43 MEMORIAL
3286 3017 183 41 CARDS

2954 3072 52 41 (m
3022 3082 71 20 new
3108 3071 61 29 and
3185 3070 107 30 chaste
3307 3069 140 40 designs)

3109 3117 44 40 5/-
3165 3128 57 29 per
3246 3118 69 29 doz.
3346 3138 8 18 :

3010 3175 177 30 Statement
3205 3173 118 36 Heads,

3011 3215 70 30 Ball
3096 3215 227 39 Programmes.

3012 3257 136 35 Posters,
3163 3255 179 37 Handbills,

3011 3297 169 36 Billheads,
3205 3297 142 39 Cheques

3013 3339 107 29 Letter
3135 3339 59 29 and
3205 3337 81 31 Note
3300 3339 108 29 Heads

3013 3379 168 36 Circulars,
3205 3377 120 38 Menus,

3013 3420 195 40 Catalogues,
3225 3421 54 29 &c.
3293 3420 75 40 ,&c,
3394 3420 56 31 &c.

2930 3479 88 39 New
3026 3478 128 49 -Styles
3170 3479 38 38 m
3224 3479 165 51 Visiting
3403 3479 68 40 and

3046 3542 169 40 Business
3232 3542 117 41 Cards.

2931 3602 36 29 R.
2991 3601 42 30 H.
3055 3601 122 36 Parish,
3238 3602 189 41 Proprietor.

3014 3664 65 29 The
3098 3664 183 32 NEWEST
3309 3666 161 31 STYLES

2930 3715 32 29 m
2976 3714 135 32 TYPES
3126 3717 63 29 and
3201 3717 266 32 ORNAMENTS

2960 3870 44 44 S.
3046 3871 80 44 W.
3165 3872 277 48 TTTKPm.

2931 3933 455 49 WATCHMAKER/JEWELLER
3413 3944 57 31 &c

3008 4000 88 25 MAIN
3111 4000 137 28 STREET
3267 4004 140 26 OXFORD

3126 4053 62 17 near
3199 4046 84 27 Bank.

2418 154 427 46 EUCALYPTUS

2417 250 60 20 THE
2493 250 73 21 BEST
2580 250 87 21 HOME
2683 250 141 21 REMEDIE

2476 289 36 14 are
2526 282 37 21 the
2572 283 135 26 preparation
2718 282 26 22 of
2750 282 37 21 the

2361 318 170 22 TASMANIAN
2550 319 187 22 EUCALYPTUS
2750 320 49 21 OIL
2813 320 82 21 COUP.

2389 357 136 25 Universally
2535 357 104 20 admitted
2648 357 37 20 the
2694 357 79 24 BUST,
2784 356 114 21 PUREST

2361 393 43 21 and
2414 395 57 19 most
2481 394 94 20 effective
2586 393 135 27 Eucalyptus
2742 393 106 21 Globulus
2864 393 34 21 Oil

2360 425 34 20 for
2413 424 173 26 INFLUENZA,
2607 424 92 27 Coughs,
2719 425 65 20 Colds
2808 425 44 20 and
2868 425 30 20 all

2361 456 65 21 Chest
2443 456 43 21 and
2495 457 62 25 Lung
2573 456 114 21 affections
2701 456 77 27 speedy
2787 457 61 20 relief
2856 456 44 21 and

2361 487 56 21 Cure
2434 488 35 20 for
2484 488 157 25 Rheumatism,
2662 489 122 25 Neuralgia,
2799 489 101 26 Sprains-

2361 515 71 21 Burns
2453 516 34 20 &c.

2387 548 134 26 Eucalyptus
2539 548 105 21 Globu'.us
2662 550 92 20 Extract
2763 549 90 27 sprayed
2867 549 32 20 in-

2360 579 64 21 haled
2440 579 43 21 and
2497 580 66 20 taken
2572 580 118 25 internally
2707 581 33 19 for
2754 581 37 21 the
2809 581 88 25 Throat,

2361 616 97 26 Oatarrh,
2476 615 59 26 Hay,
2559 616 99 26 Typhoid
2674 617 43 20 and
2731 617 82 21 Scarlet
2822 618 77 20 Fevers

2362 647 130 21 MEASLES
2502 648 38 20 the
2544 649 57 19 most
2611 649 136 24 satisfactory
2756 650 144 23 preventative

2361 678 43 21 and
2418 678 62 21 Cure.
2507 679 57 20 Send
2578 679 51 20 Post
2644 679 57 20 Card
2710 681 23 19 to
2743 680 37 20 the
2789 680 64 20 Office
2866 680 34 20 for

2361 708 96 22 Circular
2470 710 121 26 describing
2610 712 123 19 treatment.
2759 711 141 27 Eucalyptus,

2361 743 111 21 Ointment
2482 745 37 20 the
2528 744 71 26 Magic
2608 745 80 20 Healer
2701 745 23 20 of
2738 746 70 23 Sores,
2821 746 79 23 Burns,

2362 774 103 26 Wounds,
2481 776 59 20 Boils
2559 777 45 23 &c,
2627 777 134 25 Eucalyptus
2780 777 59 26 Soap
2852 777 43 20 Fra

2361 807 62 23 grant
2434 806 43 21 and
2485 807 126 26 refreshing.
2635 808 133 25 Eucalyptus
2777 808 90 26 Jujubes
2876 814 24 16 or

2361 835 102 23 Pastilles
2472 839 34 20 for
2516 839 36 21 the
2577 840 81 21 Throat
2668 840 44 20 and
2721 839 63 22 Voice
2801 845 29 16 an
2844 840 55 21 anti-

2362 869 67 25 septic
2439 870 43 20 and
2491 870 122 22 stimulant.

2362 901 126 27 Veterinary
2503 904 37 21 Oil
2549 905 43 20 and
2602 905 112 21 Ointment
2723 906 34 20 for
2766 906 37 21 the
2812 906 86 21 stables.

2389 936 30 20 Be
2428 942 49 15 sure
2486 943 44 19 you
2538 938 110 21 Purchase
2662 939 39 21 the
2711 939 104 26 Platypus
2831 939 69 21 brand

2362 967 51 25 only
2422 967 22 20 of
2451 969 30 19 all
2490 969 113 25 Chemists,
2609 971 88 20 Grocers
2704 971 43 20 and
2754 971 146 27 Storekeepers

2362 998 43 21 and
2418 1000 23 19 at
2455 999 37 21 the
2502 1000 64 22 Office
2575 1003 13 20 9
2597 1002 116 21 Cathedral
2722 1009 76 19 square
2807 1003 92 22 between

2361 1030 101 22 Morten's
2476 1032 113 27 Buildings
2597 1035 41 19 and
2650 1035 36 20 the
2695 1035 52 20 Post
2757 1035 70 21 Office.

2526 1067 89 21 Oxford
2625 1068 79 27 Agent

2416 1101 26 21 E.
2453 1101 29 21 H.
2496 1103 119 27 PARISH,
2639 1105 77 21 EAST
2729 1106 120 21 OXFORD

2442 1139 142 29 Eucalyptus
2594 1142 36 20 Oil
2644 1143 32 27 1/-
2689 1150 41 21 per
2738 1145 77 20 bottle.

2383 1294 117 42 HELP
2516 1296 83 42 FOR
2616 1296 86 43 THE
2726 1297 148 43 WEAK.

2362 1402 179 26 YTERVOUS
2562 1404 70 24 AND
2651 1405 246 30 DEBILITATED,

2363 1429 31 29 li
2420 1434 64 29 who,
2496 1435 110 33 through
2618 1437 60 32 folly
2697 1438 49 24 and
2757 1439 140 31 ignorance,

2361 1467 64 24 have
2438 1468 79 25 trifled
2529 1477 69 23 away
2610 1470 62 24 their
2683 1471 86 31 vigour
2789 1472 26 24 of
2824 1472 72 31 body,

2363 1500 77 27 mind,
2453 1501 50 23 and
2515 1502 134 29 manhood,
2662 1505 101 30 causing
2780 1505 116 24 exhaust-

2362 1532 44 31 ing
2423 1532 83 25 drains
2517 1541 68 24 upon
2596 1536 43 23 the
2662 1536 128 25 fountains
2811 1538 25 24 of
2846 1537 50 30 life,

2363 1565 63 24 Loss
2434 1566 26 22 of
2469 1566 102 32 Energy
2580 1567 49 24 and
2639 1569 126 32 Strength,
2778 1570 119 32 Timidity

2363 1597 163 26 Bashfulness
2561 1599 28 24 m
2624 1601 106 32 Society,
2754 1602 142 30 Headache,

2363 1630 135 31 Backache,
2517 1632 179 31 Nervousness,
2720 1635 135 25 Weakness
2873 1637 28 23 of

2364 1663 120 32 Memory,
2496 1664 111 26 Restless
2617 1666 81 32 Sleep,
2708 1667 116 30 Dreams,
2833 1668 65 26 Loss

2364 1696 75 25 Flesh
2451 1697 51 24 and
2513 1697 69 26 Vital
2601 1698 92 30 Power,
2717 1700 136 33 Eruptions
2865 1710 33 17 on

2363 1729 43 24 the
2415 1729 63 25 Face
2490 1731 50 24 and
2551 1731 79 32 Body,
2643 1732 76 25 Want
2742 1734 27 25 of
2778 1734 119 33 Develop-

2363 1764 78 26 ment,
2462 1762 116 26 Varicose
2594 1764 83 29 Veins,
2700 1766 143 32 Incapacity
2860 1768 38 24 for

2363 1794 112 26 business
2486 1804 30 17 or
2524 1796 120 31 pleasure,
2658 1797 106 33 Urinary
2772 1799 124 31 Diseases,

2364 1827 50 24 and
2432 1827 35 25 all
2489 1828 44 25 the
2556 1829 83 26 effects
2661 1831 100 32 leading
2782 1835 26 22 to
2831 1834 66 31 early

2364 1860 84 31 decay,
2472 1861 106 32 perhaps
2599 1863 183 33 Consumption
2805 1874 29 17 or
2855 1867 43 24 In-

2364 1893 91 29 sanity,
2467 1901 48 17 can
2538 1895 30 24 be
2580 1896 115 25 obtained
2705 1897 32 31 by
2757 1898 142 33 consulting

2363 1926 139 31 personally
2520 1935 29 17 or
2556 1926 31 33 by
2598 1931 64 28 post,
2698 1929 92 26 FREE
2800 1931 97 25 PROF.

2364 1958 178 31 NOTMANN,
2572 1961 201 33 M.E.,E.M.GL,
2826 1964 83 27 Caoi=~

2364 1990 85 32 bridge
2461 1985 384 44 Tenuce^-^i^e^CoTombo
2858 1999 37 26 St.

2363 2025 99 34 BfMgc,
2492 2025 188 30 Christchurch.
2742 2032 54 24 The
2838 2033 59 30 only

2362 2060 227 26 Electrobotanical
2617 2063 96 32 Expert
2747 2065 151 32 advertising

2362 2092 54 25 who
2428 2093 51 25 will
2491 2096 135 29 guarantee
2644 2104 14 17 a
2675 2097 126 32 thorough
2830 2105 66 17 cure.

2364 2125 57 26 Sole
2436 2128 137 29 proprietor
2600 2128 50 25 and
2666 2131 114 29 patentee
2809 2131 28 24 of
2855 2131 43 24 the

2363 2158 59 32 only
2443 2161 149 29 guaranteed
2615 2161 109 26 Electric
2746 2162 72 26 Belts
2848 2163 50 25 and

2363 2191 71 24 other
2446 2192 89 30 special
2559 2194 124 24 electrical
2705 2195 143 31 appliances
2870 2197 27 23 m

2362 2223 42 24 the
2413 2224 115 24 colonies.
2563 2225 98 25 Ladies'
2674 2227 97 24 French
2782 2228 115 24 herbace-

2362 2263 43 18 ous
2416 2255 58 31 pills
2495 2256 38 25 for
2561 2257 176 32 irregularities
2759 2259 65 26 from
2848 2268 49 24 any

2362 2296 81 21 cause,
2469 2290 42 23 10s
2533 2291 94 28 posted.
2662 2291 146 32 Pamphlets
2836 2293 60 24 free.

2363 2321 169 26 Testimonial:
2568 2322 98 32 Napier,
2676 2324 97 32 August
2781 2326 45 24 7th
2832 2327 63 23 1895

2362 2353 65 23 Prof.
2439 2354 131 24 Notmann.
2606 2356 67 24 Dear
2683 2356 47 30 Sir,
2766 2357 14 24 I
2789 2359 108 23 received

2362 2393 60 25 your
2428 2386 74 25 letter
2510 2387 49 24 last
2570 2388 76 29 week,
2665 2390 49 23 and
2726 2390 14 23 I
2756 2397 41 17 am
2806 2390 90 25 thank-

2362 2419 37 24 ful
2421 2422 27 22 to
2470 2420 54 25 find
2545 2429 49 23 you
2606 2430 42 17 are
2659 2423 104 25 anxious
2780 2425 26 23 to
2827 2423 69 26 know

2363 2452 41 24 the
2417 2452 106 25 benefits
2540 2454 14 23 I
2565 2455 64 24 have
2640 2456 98 24 derived
2758 2456 61 25 from
2836 2465 62 23 your

2363 2486 140 24 treatment,
2540 2487 49 29 bir,
2616 2488 21 24 it
2665 2489 68 30 gives
2759 2496 42 17 me
2828 2492 69 29 great

2361 2517 114 32 pleasure
2488 2520 25 23 to
2524 2519 93 25 inform
2626 2528 50 23 you
2684 2521 56 25 that
2750 2529 15 16 a
2777 2523 120 30 complete

2362 2550 50 25 and
2423 2550 93 32 perfect
2527 2559 58 17 cure
2596 2552 47 25 has
2662 2554 62 24 been
2747 2555 101 24 effected
2871 2556 26 23 of

2362 2583 43 25 the
2416 2584 117 25 maladies
2545 2585 14 23 I
2577 2587 157 30 complained
2754 2588 25 23 of
2790 2589 27 23 to
2838 2596 57 23 you.

2362 2616 13 23 I
2387 2623 41 17 am
2440 2617 115 31 enjoying
2565 2618 64 31 good
2646 2620 92 28 health,
2751 2622 48 22 and
2810 2629 42 16 am
2860 2629 36 16 re-

2362 2649 82 24 stored
2464 2651 26 23 to
2510 2651 86 31 manly
2618 2651 95 32 vigour.
2748 2653 58 24 P.S.
2841 2654 56 31 Any

2362 2681 102 25 sufferer
2472 2683 111 25 desirous
2590 2684 28 24 of
2622 2686 210 32 communicating
2836 2687 61 24 with

2362 2723 40 17 me
2410 2723 49 23 you
2471 2724 42 16 are
2525 2718 26 23 at
2568 2716 89 33 liberty
2679 2720 26 23 to
2726 2719 54 31 give
2800 2728 43 22 my
2854 2720 42 24 ad-

2362 2749 75 28 dress,
2450 2748 37 25 for
2498 2749 14 23 I
2528 2749 49 25 like
2588 2757 60 23 your
2664 2752 118 29 practical
2794 2753 103 25 method

2361 2780 26 24 of
2399 2782 141 24 treatment.
2577 2782 28 24 T.
2620 2782 28 24 G.
2662 2784 116 24 Simpson.

2440 2915 365 46 IMPOBTANT

2360 3023 83 30 ALL
2474 3024 121 31 WOOL
2619 3024 171 31 EOSLYN
2811 3024 87 30 AND

2397 3098 296 32 WELLINGTON
2717 3098 152 32 TWEED

2509 3166 255 42 SUITS

2404 3235 67 40 35/-
2490 3235 85 32 Suits
2591 3235 146 31 Reduced
2745 3238 34 27 to
2803 3234 67 41 25/-

2403 3297 69 40 --4-
2812 3295 67 40 35/-

2404 3345 148 31 Trousers
2568 3345 61 30 and
2644 3344 75 31 Vest
2784 3342 75 41 13/6

2599 3405 51 22 AT

2389 3458 198 32 PARISH'S
2613 3459 90 29 East
2726 3458 145 30 Oxford.

2364 3595 175 31 OXFORD
2583 3594 188 30 LIBRARY
2812 3593 89 31 AND

2456 3646 197 30 READING
2675 3645 131 31 ROOM.

2362 3753 54 24 The
2445 3753 93 24 Oxford
2565 3752 105 32 Library
2698 3751 22 25 is
2747 3758 63 25 open
2832 3759 70 24 every

2362 3796 114 31 Tuesday
2487 3796 50 24 and
2559 3796 122 30 Saturday
2710 3794 97 32 nights,
2836 3794 66 25 from

2363 3841 58 23 630
2433 3847 69 24 p.m.,
2524 3840 26 23 to
2571 3840 15 22 8
2597 3847 71 22 p.m.,
2693 3838 51 24 and
2775 3845 33 17 on
2831 3846 71 24 every

2361 3882 120 24 alternate
2494 3881 131 32 Thursday
2650 3881 138 28 afternoon,
2820 3880 81 33 (Sale-

2361 3924 70 32 days)
2455 3923 64 25 from
2532 3924 61 23 230
2604 3931 65 23 p.m..
2686 3925 26 22 to
2725 3925 14 22 5
2752 3931 58 23 p.m.
2849 3924 53 25 The

2552 3974 25 20 L.
2596 3973 125 31 REEVES,

2644 4011 67 25 Hon.
2724 4012 142 26 Librarian.

2412 4054 177 26 Subscription
2602 4055 36 32 2/-
2651 4063 50 16 per
2720 4056 130 29 Quarter.

2423 4163 214 44 HOLLAND
2672 4165 157 43 FINISH

2540 4221 158 43 CALICO

2472 4283 65 33 3d.
2573 4293 73 30 pep
2666 4288 116 37 yard.

2618 4361 33 28 at

2472 4408 38 31 K.
2528 4408 42 32 H.
2592 4408 199 35 PARISH'S

1714 167 406 38 INDUSTRY'

1293 225 402 41 BAELOW
1738 225 167 41 j&JTD
1951 216 276 47 PRICE

1477 276 194 43 Coventry
1709 275 113 44 Cycle
1870 273 131 36 Works

1342 328 38 28 88
1403 326 200 31 COLOMBO
1628 326 174 36 STREET,
1847 320 345 37 CHRISTCHURCH.

1175 383 57 31 We
1246 383 119 40 having
1380 384 95 31 taken
1489 395 75 20 over
1577 384 53 31 the
1644 384 72 31 well
1730 385 115 31 known
1854 384 113 35 works,
1982 382 181 38 machinery
2172 378 62 31 and
2243 376 89 32 stock

1175 425 33 29 m
1221 425 90 29 trade
1326 424 77 30 wish
1417 428 34 26 to
1465 424 112 31 inform
1593 425 53 31 the
1669 426 104 40 public
1787 426 71 30 that
1870 435 47 21 we
1933 435 52 20 are
1999 422 152 42 prepared
2164 424 34 26 to
2218 418 113 31 under-

1175 465 73 31 take
1263 465 103 31 orders
1380 466 49 30 for
1442 476 70 20 new
1525 466 158 30 machines
1698 467 63 29 and
1775 470 128 26 execute
1921 465 119 41 repairs
2062 466 33 27 at
2118 463 53 29 the
2196 463 137 27 shortest

1307 506 102 31 notice
1423 507 49 30 for
1495 507 41 29 all
1551 507 92 30 kinds
1658 506 35 30 of
1703 506 214 40 Engineering
1930 507 63 29 and
2005 504 93 40 Cycle
2111 501 95 33 work.

1338 560 128 21 SPECIAL
1479 560 178 21 ATTENTION
1673 561 95 20 GlYjfiT
1782 560 38 21 TO
1834 560 141 21 COUNTRY
1990 558 123 21 ORDERS.

1175 597 121 40 Racing
1310 597 160 31 Machines
1494 598 62 29 and
1578 597 98 40 Light
1699 597 166 31 Roadsters
1881 608 20 19 a
1914 597 157 40 specialty.
2114 595 49 30 No
2177 593 155 40 imported

1175 638 156 29 machines
1346 638 74 37 kept
1435 639 32 27 m
1483 638 98 29 stock,
1597 639 44 28 all
1655 638 88 30 work
1756 639 80 29 done
1851 648 40 19 on
1905 638 54 28 the
1982 637 156 39 premises.
2191 636 31 28 A
2246 635 87 38 large

1204 677 91 29 stock
1308 677 36 29 of
1353 678 126 39 Lamps,
1491 677 94 35 Bells,
1602 678 61 29 and
1680 678 129 31 Saddles
1823 688 40 20 on
1877 677 84 31 hand
1976 680 32 26 at
2022 677 113 30 reduce
2147 676 130 39 dprices.

1307 772 120 89 R.
1493 775 132 84 H.
1683 772 516 92 PABISH

1455 910 195 58 EAST
1698 912 328 59 OXFORD

1669 995 68 13 ^W

1407 1038 48 32 IS
1486 1037 122 33 NOW
1638 1040 58 33 IN
1727 1041 227 33 RECEIPT
1985 1042 65 33 OF

1394 1094 34 20 Ex
1439 1094 167 23 RIMUTAKA
1616 1097 65 21 AND
1691 1098 103 20 OTHER
1803 1099 114 23 DIRECT
1926 1101 165 26 STEAMERS,

1350 1139 279 49 SUMMER
1707 1145 249 57 SEASON,
2030 1150 127 45 1895.

1183 1237 523 94 PRINTS!
1749 1227 579 109 PRINTST!

1253 1388 579 116 Ging-hams,
1930 1400 336 100 Drills,

1179 1541 293 87 Dress
1541 1546 395 89 Tweeds
1975 1553 111 84 4s
2153 1555 179 85 lid

1429 1667 63 20 THE
1504 1669 80 21 FULL
1594 1669 94 22 DRESS
1703 1672 88 21 WITH
1803 1672 111 23 LINING
1929 1674 58 22 FOR
2002 1676 86 22 BODY.

1456 1718 5 11 1
2040 1726 12 14 i

1404 1758 77 31 has
1496 1760 190 33 received
1705 1771 25 22 a
1745 1765 294 39 consignment
2055 1767 43 31 of

1176 1804 301 62 Messrs
1536 1811 418 62 Johnsons
2007 1816 69 59 &
2134 1819 201 61 Sons

1350 1889 271 62 GREAT
1682 1894 449 63 YARMOUTH

1241 1974 229 87 OIL
1551 1976 695 108 CLOTHITO

1356 2141 337 51 ENORMOUS
1754 2150 390 54 REDUCTIONS

1183 2238 429 91 MAIDS
1744 2246 589 101 ULSTERS

1295 2375 452 92 Reduced
1792 2388 105 81 to
1940 2388 114 86 2s
2097 2390 163 89 6d.

1537 2537 38 29 36
1598 2540 32 28 to
1653 2539 39 29 45
1705 2539 105 32 inches
1831 2543 86 40 deep.

1172 2669 81 25 rTHE
1271 2669 116 32 question
1398 2668 22 25 is
1590 2669 67 32 Why
1669 2670 61 25 send
1745 2673 26 23 to
1783 2672 178 28 Ckristchurch
1981 2676 38 26 for
2036 2686 62 23 your
2117 2680 110 30 Drapery
2235 2684 11 24 ?
2281 2685 52 25 The

1178 2699 21 28 1
1236 2702 102 31 drapery
1351 2702 54 24 sold
1414 2702 25 23 m
1448 2701 57 25 that
1517 2701 50 32 city
1579 2710 72 23 every
1663 2711 46 17 one
1721 2704 94 31 knows,
1828 2706 22 25 is
1862 2709 45 23 not
1918 2709 72 25 made
2001 2710 78 30 there,
2098 2711 46 27 but
2155 2715 120 27 imported
2319 2720 14 22 I

1173 2736 93 31 import
1277 2735 65 25 from
1354 2734 43 25 the
1409 2733 53 25 best
1475 2733 107 31 English
1594 2735 50 24 and
1661 2736 88 25 Scotch
1761 2738 100 25 houses.
1908 2741 71 25 lam
1991 2743 105 26 enabled
2107 2747 26 24 to
2145 2750 122 25 purchase
2279 2736 54 39 'low

1172 2769 51 24 and
1232 2768 46 24 sell
1290 2769 26 23 at
1326 2775 14 16 a
1352 2769 53 22 rate
1417 2766 27 24 of
1453 2770 73 27 pront
1540 2767 53 31 (my
1605 2775 119 22 expences
1737 2769 73 32 being
1820 2772 82 31 small)
1915 2774 56 24 that
1984 2776 81 24 would
2077 2777 30 25 be
2125 2781 146 26 considered
2290 2784 31 23 ab

1173 2801 57 25 surd
1242 2801 33 31 by
1291 2808 48 24 any
1359 2798 180 26 Christchurch
1563 2799 200 28 establishment.
1815 2803 44 32 My
1881 2804 76 26 Stock
1976 2807 21 25 is
2017 2808 43 26 the
2079 2809 95 28 lamest
2192 2815 51 24 and
2265 2820 68 20 most

1171 2835 97 25 tvaried
1277 2834 56 24 that
1343 2834 46 23 has
1401 2840 56 17 ever
1467 2833 64 23 been
1542 2832 87 25 shown
1640 2833 27 25 m
1679 2834 44 25 the
1733 2835 104 31 district,
1850 2837 50 25 and
1912 2839 38 24 for
1960 2841 93 32 quality
2073 2845 49 24 and
2141 2846 72 26 value
2231 2851 59 22 nuts
2306 2851 25 22 m

1172 2869 30 22 he
1215 2867 77 24 shade
1309 2866 76 32 goods
1398 2865 91 24 offered
1501 2865 33 31 by
1545 2866 104 31 visiting
1660 2867 117 26 hawkere
1789 2870 62 23 from
1864 2870 44 26 the
1926 2872 181 30 Christchurch
2119 2886 45 25 rag
2177 2883 87 24 marts.

1205 2920 94 24 Dress
1312 2919 164 30 Materials,
1489 2917 87 26 Plain
1589 2921 60 23 and
1660 2921 104 31 Fancy
1775 2923 80 25 from
1868 2924 49 26 3d.
1930 2933 55 23 per
1994 2930 84 28 yard.

1205 2978 27 26 A
1249 2978 110 29 Strong
1375 2978 88 25 Stout
1479 2977 133 26 Durable
1630 2978 126 33 Kaiapoi
1773 2981 114 27 Tweed
1903 2985 51 31 2/6
1966 2993 55 23 per
2032 2989 75 29 yard

1804 3025 108 28 Makes
1923 3029 156 28 first-class
2097 3032 90 33 Boys'
2206 3035 91 28 Suits.

1204 3073 58 26 Art
1279 3072 139 33 Muslins,
1437 3072 157 35 Cretones,
1614 3074 78 26 Lace
1711 3074 139 27 Curtains
1869 3077 54 25 &c.

1204 3144 26 32 A
1248 3143 109 27 Choice
1376 3143 167 27 Collection
1562 3145 33 25 of
1609 3145 121 33 Gloves,
1757 3147 78 31 Ties,
1865 3147 130 35 Aprons,
2025 3150 166 30 Insertions
2209 3155 54 26 &c.

1206 3195 120 31 Striped
1343 3194 125 26 Galatea
1484 3195 54 33 4/6
1551 3201 54 26 per
1616 3197 107 31 dozen,
1754 3199 103 24 worth
1867 3199 50 26 9d.
1935 3206 55 25 per
2007 3203 84 29 yard.

1206 3258 102 25 Prints
1321 3258 79 24 from
1411 3257 52 24 4d.
1477 3262 55 25 per
1543 3257 84 30 yard.
1641 3257 139 31 Muslins,
1794 3258 138 32 Selesias,
1947 3260 125 33 Calicos,
2087 3263 54 27 &c.

1794 3302 87 24 With
1898 3304 87 24 other
2002 3305 194 28 Manchester
2212 3312 86 30 lines.

1206 3356 89 31 Hats,
1312 3354 104 31 Fancy
1434 3354 60 24 and
1510 3352 107 32 Sailor,
1636 3354 31 24 m
1684 3352 104 26 White
1806 3354 60 25 and
1884 3354 115 28 Colors.

1752 3397 125 27 Newest
1894 3399 123 32 Shapes.
2053 3401 96 33 Large
2167 3406 131 35 Variety,

1205 3453 149 30 Flowers,
1372 3452 156 29 Feathers,
1547 3450 148 30 Ribbons,
1715 3448 105 33 Laces,
1838 3450 76 32 Jets,
1933 3451 56 26 &c.

1679 3489 88 26 With
1784 3491 41 23 all
1842 3493 183 24 necessaries
2043 3493 48 25 for
2107 3495 192 33 Trimmings.

1206 3543 104 30 Fancy
1325 3542 140 28 Frillings
1485 3542 77 29 3yds
1574 3541 46 24 for
1630 3540 37 31 1/-
1684 3540 103 25 worth
1798 3540 50 30 9d,
1866 3545 55 26 per
1931 3542 84 29 yard,

1743 3583 183 32 Umbrellas,
1945 3585 150 33 Parasols,
2115 3587 183 35 Sunshades,

1173 3743 111 34 BOYS
1316 3741 89 32 AND
1436 3737 173 33 YOUTHS
1649 3736 216 32 COLONIAL
1898 3736 155 32 TWEED
2080 3740 252 39 OVERCOATS

1658 3797 77 31 with
1757 3796 98 41 Capes

1450 3861 93 29 From
1567 3860 65 28 17s.
1678 3856 50 29 6d.
1773 3857 101 29 worth
1917 3858 67 30 255.
2031 3859 49 29 6d.

1326 3923 197 35 Men's
1566 3921 227 31 Tweed
1836 3921 350 40 Overcoats

1648 3973 95 29 From
1768 3973 64 30 15s.

1171 4140 133 40 English
1319 4142 128 40 Witney
1456 4141 149 31 Blankets
1620 4144 33 25 to
1670 4140 37 30 be
1722 4140 68 30 sold
1804 4144 32 25 at
1847 4140 59 30 less
1915 4141 77 31 than
2007 4142 180 33 Melbourne
2202 4146 129 31 Whole-

1171 4193 63 29 sale
1255 4195 85 39 price
1382 4194 121 32 Double
1518 4193 69 30 Bed
1604 4191 68 32 Size
1695 4192 64 30 12s.
1786 4191 48 31 6d.
1886 4193 101 31 worth
2004 4194 65 32 16s.
2108 4196 48 31 6d.
2178 4207 56 30 per
2249 4199 77 39 pair,

1338 4264 131 38 cheaper
1482 4261 78 30 than
1575 4257 227 33 Christchurch
1815 4258 113 32 houses
1943 4261 66 30 will
2022 4262 59 31 sell
2095 4264 94 31 them.

1211 4379 73 32 R.
1311 4378 78 32 H.
1428 4375 315 44 PiLRXSH,
1803 4377 156 34 East
2008 4380 259 37 Oxford.

609 443 252 46 JOSEPH
905 444 241 44 LOUGH.

754 519 247 25 UNDERTAKER.

722 562 109 29 EAST
856 562 186 30 OXFORD.

642 612 103 29 Having
752 611 52 31 just
813 612 125 30 imported
946 612 63 24 from
1017 612 128 31 England,

607 661 56 17 new
685 653 117 31 Designs,
837 661 55 16 new
921 653 152 30 Trimmings
1096 652 50 25 and

608 696 88 28 Robes,
708 697 23 22 is
740 695 118 30 prepared
870 696 26 23 to
905 695 108 24 conduct
1021 695 124 24 Funerals

609 735 96 29 Adults,
724 736 26 22 at
763 734 46 24 5.
823 734 50 24 and
884 734 125 31 upwards,
1033 733 113 31 polished

608 777 81 28 coffin,
712 777 50 24 and
793 776 195 25 silvermounted
1010 776 136 24 Furniture

609 821 76 24 From
698 821 46 23 8.
763 819 131 31 according
907 820 25 23 to
955 818 117 32 Designs.
1107 818 39 24 No

609 865 69 24 extra
689 864 88 30 charge
789 863 39 24 for
840 863 96 23 Hearse
959 870 28 16 or
1006 869 65 23 open
1087 861 58 25 Car-

608 907 75 31 riage.

642 950 31 24 N.
702 948 31 25 B.
763 947 93 26 Coffins
879 946 58 32 kept
959 947 28 24 m
1016 946 70 25 stock
1108 946 39 25 for

610 994 86 30 urgent
717 999 77 17 cases.

629 1145 222 22 oxpobd
896 1142 239 23 BJk.K:Es.ir

712 1188 214 29 Established
951 1188 79 28 1862

657 1254 124 28 FLOUR,
794 1253 55 25 best
860 1252 80 25 brand
952 1252 59 32 only
1023 1252 67 31 kept.

609 1296 144 29 SHARPS,
789 1295 206 29 OATMEAL,
1031 1294 111 25 BRAN

699 1339 293 28 CHICKENWHEAT,
1010 1339 43 24 &o.

634 1383 41 19 AT
703 1382 123 20 LOWEST
854 1381 142 20 CURRENT
1023 1380 105 24 RATES,

698 1490 53 44 F.
784 1489 50 44 B.
856 1487 190 55 LANE.

715 1563 91 39 (Late
820 1562 40 30 E.
879 1561 162 39 Butcher.)

611 1622 251 35 Watchmaker,
891 1621 184 35 Jeweller,
1093 1619 52 30 &c.

609 1673 124 32 Importer
767 1672 28 24 of
835 1670 106 25 Musical
976 1670 171 24 Instruments

710 1710 110 24 Victoria
842 1709 39 25 St.
911 1708 135 32 Rangiora.

611 1789 99 31 Special
721 1788 71 25 value
815 1787 27 24 m
865 1786 81 24 Extra
969 1787 87 29 strong
1068 1783 79 25 Cased

610 1832 87 32 highly
705 1830 109 25 finished
828 1828 109 32 English
955 1828 81 25 Lever
1044 1827 103 26 Watch-

611 1883 34 17 es.
691 1872 191 27 Manufactured
900 1873 26 23 to
948 1879 43 24 my
1020 1871 72 24 order
1114 1870 33 31 by

611 1915 54 25 best
677 1913 104 26 London
800 1912 107 24 makers.
943 1910 157 32 Unequalled
1108 1909 39 24 for

611 1957 122 27 excellent
746 1955 178 32 Timekeeping
940 1954 50 25 and
1001 1952 144 33 durability.

643 2002 29 24 F.
690 2001 32 24 B.
734 1999 96 24 LANE
842 1997 141 33 personally
1004 1997 73 25 visits
1097 1996 48 25 Ox-

611 2045 54 24 ford
684 2043 125 31 monthly,
832 2041 116 33 carrying
968 2049 15 16 a
1005 2040 69 32 large
1096 2040 51 24 and

611 2087 84 25 choice
729 2086 70 25 stock
827 2085 27 25 of
886 2084 128 28 Watches,
1042 2083 103 28 Chains,

611 2129 133 28 Brooches,
754 2129 88 30 Rings,
853 2127 86 28 Studs,
957 2127 129 25 Pendants
1095 2127 56 31 .eter

609 2171 288 35 Speeacies'(Teb*bles,
914 2174 168 29 Pantoscopsc
1095 2172 50 24 and

609 2217 108 32 Crystal)
731 2216 96 27 Clocks,
847 2215 107 32 (Marble
975 2214 50 23 and
1043 2214 101 31 Wood,)

708 2258 156 25 Accordeons
876 2258 50 24 and
937 2257 107 25 Violins.

640 2303 82 24 Exact
733 2301 57 24 date
803 2301 27 24 of
840 2300 62 25 each
913 2300 60 24 visit
995 2300 22 24 is
1030 2298 106 25 notified

755 2344 28 25 m

607 2390 115 25 Repaiks.
758 2388 41 25 All
810 2387 95 32 repairs
922 2394 42 17 are
981 2385 120 26 executed
1111 2385 32 33 by

607 2434 91 31 myself
719 2441 28 16 or
763 2432 80 24 under
860 2439 42 23 my
922 2429 222 32 superintendence

607 2485 27 17 so
656 2477 56 25 that
731 2477 103 30 patrons
846 2482 47 16 can
916 2474 52 31 rely
991 2481 32 16 on
1046 2472 99 32 getting

607 2520 155 25 satisfaction
771 2520 26 23 at
809 2518 44 24 the
865 2525 58 22 very
934 2517 87 25 lowest
1030 2515 113 32 charges.

640 2562 104 33 Repairs
755 2569 29 18 or
792 2561 85 25 orders
886 2568 58 24 may
955 2559 31 25 be
994 2559 45 24 left
1051 2560 26 23 at

606 2611 26 24 J.
651 2609 134 30 Weeber's,
820 2609 65 24 East
908 2607 101 25 Oxford.

606 2657 26 23 at
655 2655 40 25 W.
719 2653 36 25 M.
780 2653 38 27 C,
842 2653 65 24 East
931 2651 101 25 Oxford.
1081 2676 3 2 .

607 2699 23 23 J.
647 2698 101 28 Brown,
761 2695 160 29 Bootmaker,
947 2694 70 25 West
1041 2692 101 26 Oxford.

606 2742 40 24 W.
660 2741 24 24 J.
698 2740 118 24 Crothers
827 2740 17 22 &
857 2738 45 24 Co.
911 2755 5 6 .
939 2736 70 25 Cust.

640 2783 49 25 and
705 2782 53 25 will
764 2782 30 24 be
806 2780 126 33 promptly
945 2778 118 26 attended
1074 2780 34 23 to.

608 2828 54 30 All
673 2827 99 29 Work
785 2826 77 29 done
874 2835 40 19 on
928 2824 53 29 the
993 2823 150 30 Premises

731 2877 61 29 and
807 2874 199 41 guaranteed.

609 2975 252 41 MRW.N,
886 2971 257 45 CATHRO,

648 3047 182 23 BAKRISTER
845 3046 68 21 AND
929 3043 174 24 SOLICITOR.

758 3088 232 32 RANGrIORA.

604 3142 133 33 Attends
753 3141 122 31 Oxford
890 3150 39 21 on
941 3140 97 31 Court
1046 3139 96 41 Days.

605 3217 168 26 Instructions
781 3215 33 33 by
825 3217 56 30 post
893 3214 52 25 will
956 3213 93 26 receive
1061 3220 82 24 prom-

771 3255 27 32 pt
827 3253 133 25 attention.

727 3304 108 21 MONEY
863 3302 37 21 TO
929 3302 88 20 LEND.

656 3389 44 54 S.
734 3389 50 44 B.
808 3384 306 54 SEYMOUR,

805 3453 139 27 DENTIST,

646 3498 41 21 215
703 3497 105 22 Colombo
823 3496 82 24 Street,
929 3493 169 23 Christdrarcli.

776 3569 179 22 CHARGES:

674 3611 93 27 Filling,
783 3610 23 21 sfc
815 3618 6 16 ;
857 3608 134 22 Extraction
1001 3610 24 18 2s
1039 3607 37 21 6d.

632 3677 95 20 Nitrotis
738 3674 59 20 Oxid
807 3673 46 20 Gas
863 3671 172 22 Administered
1039 3672 38 20 for
1084 3672 60 19 Pain

604 3719 46 19 less
660 3715 134 22 Extraction
804 3714 24 20 of
837 3713 80 20 Teeth.
952 3713 45 19 Fee
1006 3712 37 20 for
1052 3712 93 20 Admin-

605 3755 110 22 istration
726 3754 31 19 ss.

662 3831 109 26 CHILD
783 3829 108 24 BIRTH
905 3827 94 30 SAFE,
1013 3827 75 25 AND

713 3872 138 25 ALMOST
860 3869 173 26 PAINLESS

607 3916 91 67 BY
743 3915 75 31 using
854 3913 47 24 DR
948 3911 195 26 FAWCETT'S

708 3948 132 25 Medicine.

637 3991 71 26 MRS
732 3988 167 27 BURRELL
921 3987 60 32 begs
1004 3989 27 22 to
1053 3987 90 24 iniorm

606 4031 41 25 the
659 4029 91 25 Ladies
763 4028 57 25 that
828 4027 45 25 she
882 4027 47 24 has
938 4025 63 25 been
1011 4024 131 32 appointed

604 4071 57 25 Sole
681 4071 74 29 agent
778 4069 27 24 m
830 4064 178 28 Christchurch
1035 4064 38 24 for
1100 4064 44 24 the

604 4108 76 24 above
691 4106 126 24 Medicine
829 4107 26 22 to
870 4104 118 24 facilitate
1003 4102 139 24 Accouche-

604 4148 87 23 raents.
726 4144 91 26 Ladies
829 4151 47 17 can
898 4142 31 25 be
950 4140 115 33 supplied
1083 4140 61 25 with

604 4186 40 24 the
668 4184 75 24 above
765 4182 33 32 by
823 4181 106 32 sending
952 4188 28 17 or
1002 4179 93 31 calling
1117 4179 26 23 at

602 4225 41 23 Mr
665 4223 122 25 Burrell's
809 4221 184 32 Photographic
1016 4219 71 32 place
1118 4218 27 25 of

602 4264 122 24 business,
738 4262 106 24 Gould's
867 4260 134 31 Buildings
1002 4278 6 11 s
1030 4259 113 25 Victoria

604 4302 88 28 Street,
705 4299 183 30 Christchurch,
908 4298 83 25 where
1010 4297 35 24 all
1064 4296 77 25 infor-

600 4341 98 24 mation
726 4348 45 16 can
799 4339 31 24 be
858 4338 118 25 obtained
1004 4337 57 28 free,
1091 4335 51 26 and

600 4377 117 32 perfectly
761 4376 156 31 satisfactory
949 4375 50 25 and
1034 4373 107 33 genuine

601 4414 166 27 testimonials
780 4421 47 17 can
838 4413 31 25 be
880 4421 67 17 seen.
