4120 5964
1290 72 117 40 THE
1460 68 187 42 LYELL
1698 65 185 46 TIMES,
1938 59 307 53 SATURDAY,
2299 63 227 44 AUGUST
2694 67 103 40 1886.

244 204 136 43 Mining
397 204 150 34 Notices.

77 287 249 30 APPLICATION
341 288 73 29 FOE
425 288 156 29 SPECIAL
592 288 116 28 CLAIM

209 400 103 30 Nelson
327 400 177 31 South-West
517 400 157 37 Goldfields,

306 440 107 37 August
425 440 75 34 13tb,
513 442 75 28 1886.

113 490 42 32 To
173 501 56 21 the
247 494 129 30 Warden
395 503 33 20 at
447 494 207 30 Murchison—

80 549 37 62 I
137 550 158 29 HEREBY
313 551 84 37 apply
417 552 42 28 for
470 560 17 20 a
501 552 106 37 Special
620 552 88 29 Claim

153 589 30 30 of
193 590 47 29 the
253 589 79 30 lands
344 589 163 30 hereinafter
519 589 148 36 described,
680 591 29 28 in

80 628 163 29 accordance
267 628 66 28 with
361 630 108 28 Section
498 630 35 28 93
562 630 30 28 of

80 665 91 29 Mines
183 667 61 32 Act,
367 668 30 26 of
406 668 67 26 New
486 666 128 33 Zealand,
627 668 54 27 and
694 668 15 27 I

80 713 89 27 agree,
181 713 75 27 upon
268 703 47 29 the
329 705 129 37 approval
470 705 31 28 of
519 705 54 29 this
592 705 102 38 applica-

80 743 68 33 tion,
162 745 28 25 to
203 745 93 34 accept
308 752 17 20 a
338 743 107 37 Special
467 743 87 29 Claim
576 752 73 29 upon
662 744 47 29 the

81 779 72 30 basis
166 780 106 30 therein
285 781 98 35 stated,
395 781 25 30 if
428 781 47 30 the
488 782 142 30 Governor
639 781 71 31 shall

80 818 80 29 think
173 819 32 29 lit
216 822 29 26 to
258 823 80 33 grant
350 819 46 30 the
409 829 84 20 same.

239 875 126 31 Wakatu
379 876 112 30 United
505 877 80 29 Gold
598 877 112 29 Mining

327 915 142 35 Company,
482 917 134 33 Limited,

240 953 45 37 By
306 953 72 28 their
400 954 141 36 Manager,
561 955 148 28 Sheppard

306 990 27 31 J.
348 991 124 34 Reeves,
484 990 155 39 Applicant.

113 1046 91 29 Name
215 1046 53 29 and
282 1046 110 29 address
399 1047 29 28 in
437 1047 50 28 lull
497 1047 31 29 of
536 1048 172 38 applicant—

146 1085 121 30 Wakatu
287 1085 103 30 United
412 1086 71 29 Gold
505 1086 109 36 Mining
631 1087 57 29 Com-

147 1131 85 28 pany,
245 1124 129 33 Limited,
389 1122 142 38 Sheppard
553 1124 27 28 .T.
594 1125 114 33 Reeves,

147 1159 142 41 Manager.

115 1208 77 36 Style
204 1209 87 29 under
301 1209 90 30 which
404 1210 21 28 it
437 1210 23 27 is
472 1209 130 29 intended
609 1212 28 26 to
645 1219 47 20 con-

150 1247 66 28 duct
237 1247 46 29 the
304 1247 277 30 business—Wakatu
606 1247 102 30 United

147 1285 73 29 Gold
233 1284 108 37 Mining
352 1286 153 36 Company,
517 1285 129 29 Limited.

114 1331 104 31 Extent
223 1332 31 31 of
260 1331 105 39 ground
372 1332 108 39 applied
488 1331 74 31 for—
622 1341 85 21 acres.

115 1380 150 28 Minimum
278 1380 117 29 number
407 1380 30 29 of
451 1389 65 20 men
534 1380 133 36 proposed
681 1383 27 26 to

148 1417 32 29 be
193 1418 141 36 employed
352 1417 38 37 by
409 1417 47 29 the
475 1417 174 29 lessee—For
661 1418 46 29 the

146 1454 61 31 first
213 1454 41 30 six
260 1455 121 35 months,
387 1457 16 27 6
412 1463 79 28 men;
503 1454 203 40 subsequently,

148 1494 80 30 when
241 1494 29 30 in
283 1494 50 30 lull
344 1493 84 37 work,
442 1495 33 29 10
487 1503 73 21 men.

114 1543 125 30 Amount
249 1544 31 29 of
297 1542 99 38 capital
409 1540 132 41 proposed
561 1546 27 28 to
612 1543 32 31 be
665 1544 27 29 in-

148 1581 256 33 vested—£ll,6oo.

113 1627 138 38 Proposed
268 1627 80 29 mode
366 1627 30 29 of
413 1626 122 39 working
547 1627 47 29 the
606 1626 101 30 land-

150 1666 136 38 Ordinary
300 1665 80 31 mode
392 1665 30 31 of
431 1669 95 35 quartz
540 1666 114 39 mining.

114 1714 106 29 Precise
233 1713 231 38 locality—Owen
476 1714 123 30 District.
618 1715 89 37 Being

149 1751 48 29 the
209 1751 105 38 ground
332 1752 153 37 comprised
505 1753 29 28 in
554 1752 46 30 the
621 1752 86 31 leases

147 1789 102 30 known
272 1799 30 21 as
325 1790 49 30 the
411 1790 120 30 Wakatu
560 1791 54 29 and
644 1792 63 31 Uno

145 1829 95 32 leases.

112 1879 83 28 Term
204 1879 40 28 for
251 1878 90 29 which
352 1879 100 36 special
460 1879 82 30 claim
550 1879 23 30 is
583 1881 124 36 required

145 1917 68 29 —ls
225 1925 89 29 years.

112 1963 78 27 Time
220 1963 31 28 of
282 1964 193 35 commencing
512 1965 155 36 operations

147 2001 162 38 Operations
323 2002 120 36 arejnow
456 2001 82 38 being
550 2002 103 30 carried
661 2011 46 20 on.

111 2048 116 29 General
243 2049 217 29 remarks—The
478 2049 188 30 shareholders
677 2051 30 28 in

145 2085 67 31 both
241 2086 96 34 leases,
367 2086 104 38 having
505 2088 202 37 amalgamated

146 2124 72 30 their
248 2124 175 39 Companies,
454 2135 46 21 are
530 2126 121 30 desirous
681 2126 30 30 of

146 2163 103 37 having
261 2163 47 30 the
320 2164 105 36 ground
447 2164 114 36 granted
582 2168 28 27 to
631 2165 75 30 them

145 2201 87 29 under
244 2211 52 19 one
308 2201 69 35 title,
392 2211 30 20 as
434 2203 60 29 well
516 2212 30 19 as
567 2205 28 27 to
615 2212 92 21 secure

146 2239 23 28 if
185 2240 116 36 possible
315 2250 16 19 a
349 2241 140 28 reduction
508 2242 30 27 in
559 2245 75 31 rent;
653 2243 55 29 and

146 2277 56 29 also
216 2277 60 30 that
289 2277 102 37 having
413 2279 46 28 the
480 2279 86 29 leases
588 2281 101 36 amalga-

145 2316 94 28 mated
274 2316 91 29 would
398 2316 60 36 give
489 2317 47 29 the
566 2318 142 38 Company

145 2357 107 32 greator
263 2354 128 29 facilities
403 2355 41 27 for
465 2356 116 36 opening
603 2364 38 30 up
660 2357 47 30 the

146 2392 108 36 ground
267 2401 36 20 on
316 2401 36 21 an
364 2393 138 29 extensive
515 2394 79 29 scale.

110 2506 59 29 Tne
177 2506 85 31 above
269 2507 166 38 application
444 2508 54 29 and
508 2517 55 29 any
574 2509 133 38 objection

73 2545 107 29 thereto
204 2546 56 29 will
282 2547 32 28 be
336 2547 85 29 heard
444 2550 28 26 at
493 2548 47 29 the
564 2548 143 30 Warden's

75 2583 84 29 Office
173 2587 27 24 at
214 2584 169 33 Murchison,
393 2595 36 18 on
442 2586 186 34 TUESDAY,
642 2587 64 28 28th

75 2622 241 35 SEPTEMBER,
331 2624 75 29 1886.

109 2683 64 37 Any
191 2692 98 28 person
310 2683 119 37 desiring
449 2688 28 25 to
499 2684 88 38 object
607 2688 28 26 to
659 2685 48 29 the

75 2721 71 30 issue
168 2722 30 29 of
213 2731 16 20 a
250 2721 109 38 Mining
376 2723 86 29 Lease
474 2732 75 29 upon
562 2724 47 29 the
622 2723 85 30 above

75 2760 272 38 application^must,
369 2761 98 30 within
487 2764 35 27 30
543 2763 73 29 clear
621 2760 4 40 i
639 2763 69 37 days

75 2799 69 28 from
158 2799 46 29 the
217 2799 63 29 date
298 2800 30 29 of
345 2800 67 29 such
434 2802 177 36 application,
630 2806 77 25 enter

77 2836 42 29 bis
140 2837 135 38 objection
294 2841 30 27 at
345 2838 49 29 the
414 2838 143 31 Warden's
576 2839 85 30 Office
678 2843 30 26 at

75 2875 88 37 Lyell.

213 2931 154 30 ALFRED
383 2932 33 29 A.
436 2933 201 36 CORFIELD,

467 2973 55 28 Pro
541 2973 130 30 Warden.

167 3034 145 30 Warden's
324 3034 93 34 Office,

108 3074 89 37 Lyell,
210 3074 74 29 18th,
297 3074 115 35 August,
427 3075 76 28 1886.

75 3158 248 31 APPLICATION
338 3158 73 29 FOR
422 3158 155 30 SPECIAL
585 3158 120 29 CLAIM

202 3271 103 31 Nelson
319 3271 179 30 South-West
511 3272 160 34 Goldfields,

303 3312 110 36 August
426 3311 74 35 16th,
513 3312 75 28 1886.

110 3365 40 31 To
171 3374 56 21 the
246 3366 128 30 Warden
392 3375 34 21 at
446 3366 205 31 Murchison—

77 3423 36 60 I
134 3423 159 27 HEREBY
305 3423 84 36 apply
409 3423 42 29 for
464 3433 15 19 a
493 3424 106 36 Special
620 3425 86 28 Claim

149 3460 31 30 of
188 3460 47 31 the
247 3460 79 31 lands
335 3461 163 29 hereinafter
515 3462 150 34 described,
677 3463 28 29 in

75 3499 165 29 accordance
266 3499 67 29 with
359 3500 108 28 Section
497 3502 34 26 93
561 3501 30 27 of

78 3536 90 29 Mines
181 3537 59 34 Act,
362 3537 30 29 of
401 3537 68 29 New
482 3537 130 36 Zealand,
625 3538 55 29 and
693 3539 14 27 I

46 3587 15 16 *
77 3586 89 26 agree,
178 3586 75 27 upon
265 3577 46 28 the
324 3576 131 37 approval
467 3577 31 29 of
514 3577 55 30 this
590 3577 102 38 applica-

77 3615 68 32 tion,
158 3618 28 24 to
200 3618 94 32 accept
307 3624 15 18 a
336 3614 107 36 Special
465 3615 89 28 Claim
574 3624 73 27 upon
660 3616 46 28 the

77 3650 73 31 basis
162 3652 105 29 therein
280 3653 98 34 stated,
391 3652 23 29 if
424 3652 46 30 the
484 3652 141 31 Governor
639 3653 69 30 shall

77 3690 81 30 think
171 3690 32 31 fit
216 3694 28 26 to
256 3696 80 32 grant
348 3692 46 28 the
408 3701 83 20 same.

310 3753 172 30 MATIIEW
500 3753 139 36 BYRNE,

518 3792 155 38 Applicant.

112 3847 89 30 Name
212 3847 55 29 and
275 3847 110 30 address
394 3848 28 28 in
435 3847 51 30 full
498 3848 30 29 of
537 3849 171 37 applicant—

147 3886 121 28 Mathew
282 3887 101 36 Byrne,
398 3887 112 29 Nelson.

115 3941 76 39 Style
204 3942 87 30 under
303 3942 91 30 which
406 3942 22 31 it
436 3942 23 30 is
468 3942 134 31 intended
609 3946 28 27 to
645 3953 47 21 con-

147 3983 64 27 duct
233 3982 46 28 the
300 3982 125 28 business
425 3982 194 37 —Enterprise
636 3984 71 28 Gold

148 4018 108 39 Mining
268 4020 152 36 Company.

110 4076 105 27 Extent
232 4076 31 27 of
277 4076 105 34 ground
395 4077 108 36 applied
515 4078 42 28 for
557 4078 67 27 —65
635 4087 74 19 acres

145 4114 17 28 3
174 4112 81 32 roods
267 4113 55 30 and
340 4114 34 30 37
387 4113 122 40 perches.

113 4170 150 28 Minimum
273 4171 117 27 number
411 4172 30 27 of
459 4181 65 18 men
536 4172 132 36 proposed
682 4176 27 24 to

148 4207 32 30 bo
194 4208 146 38 employed
351 4208 36 38 by
407 4208 47 30 the
476 4209 174 30 lessee—For
661 4210 47 30 the

147 4247 60 29 first
227 4248 96 28 twelve
344 4248 121 33 months,
476 4250 16 26 6
510 4257 82 26 men;
618 4249 75 29 subse-

146 4285 124 37 quently,
284 4285 80 30 when
377 4287 29 28 in
418 4287 50 28 full
480 4286 85 35 work,
579 4288 32 28 16
624 4297 73 19 men.

112 4342 124 28 Amount
248 4342 30 28 of
296 4342 100 36 capital
414 4342 131 37 proposed
566 4347 29 25 to
615 4344 33 28 be
669 4344 27 28 in-

146 4379 256 35 vested—X?lß,ooo.

112 4435 139 38 Proposed
268 4435 82 29 mode
369 4435 31 29 of
416 4435 124 38 working
552 4436 47 30 the
611 4436 101 30 land—

147 4473 137 38 Ordinary
295 4473 95 31 modes
402 4475 31 29 of
441 4478 95 33 quartz
550 4476 117 37 mining.

113 4529 106 30 Precise
229 4530 204 38 locality—The
441 4530 106 37 ground
557 4531 154 38 comprised

144 4569 30 30 in
187 4569 47 30 the
248 4569 71 31 lease
331 4570 24 29 is
367 4569 100 31 known
481 4579 29 21 as
530 4570 47 30 the
599 4570 109 31 Broken

148 4607 70 34 Hill,
232 4609 83 27 Eutei
320 4609 80 36 prise,
423 4609 108 28 Golden
552 4610 90 32 Point,
656 4610 56 28 and

148 4645 137 38 Progress.

113 4703 83 31 Term
221 4703 42 29 for
287 4703 89 29 which
399 4703 99 38 special
521 4703 81 31 claim
622 4704 24 30 is
671 4714 26 21 re-

148 4741 164 38 quired—ls
324 4751 89 28 years.

114 4799 79 28 Time
206 4798 32 29 of
253 4799 191 33 commencing
466 4800 227 35 operations—lm-

148 4836 148 38 mediately
309 4836 98 38 special
420 4836 83 30 claim
517 4837 23 29 is
552 4837 123 37 granted.

113 4895 119 28 General
244 4894 217 29 remarks—The
480 4894 100 37 special
594 4895 82 28 claim
689 4896 24 28 is

148 4932 101 34 songht
260 4932 50 33 for,
324 4941 30 19 as
371 4932 23 28 it
414 4933 23 27 is
449 4932 131 28 intended
594 4936 27 24 to
635 4942 78 27 carry

148 4972 48 27 out
221 4969 190 38 immediately
434 4969 89 29 works
547 4969 30 29 of
605 4979 36 19 an
668 4979 29 20 ex-

148 5007 105 30 tensive
279 5011 98 26 nature
401 5007 30 29 in
454 5007 119 37 opening
602 5016 37 29 up
667 5009 45 28 the

148 5047 70 29 reefs
230 5056 36 19 on
279 5046 76 29 these
376 5046 104 34 leases;
500 5045 54 30 and
575 5046 57 29 also
653 5046 60 29 that

147 5085 163 37 machinery
340 5085 55 29 will
425 5084 33 29 bo
494 5094 77 19 more
609 5085 103 37 readily

148 5124 186 36 forthcoming
345 5124 81 29 when
439 5123 46 30 the
495 5124 107 36 ground
614 5124 24 29 is
650 5125 64 29 held

147 5174 31 19 as
190 5172 17 21 a
219 5162 102 40 special
333 5162 91 30 claim.

112 5275 59 28 The
178 5275 86 28 above
276 5273 165 38 application
452 5272 55 31 and
517 5283 55 27 any
578 5274 134 37 objection

77 5314 108 29 thereto
206 5312 55 29 will
282 5312 33 29 be
340 5311 85 30 heard
447 5317 30 24 at
500 5311 47 30 the
572 5312 142 29 Warden's

77 5353 85 28 Office
173 5357 27 23 at
216 5351 169 33 Murchison,
399 5360 35 19 on
449 5350 185 35 TUESDAY,
648 5351 64 29 28th

80 5390 239 32 SEPTEMBER,
334 5390 76 28 1886.

112 5447 64 36 Any
199 5454 99 28 person
322 5445 118 36 desiring
461 5448 28 25 to
508 5444 88 37 object
617 5447 29 26 to
668 5445 46 28 the

78 5487 72 28 issue
164 5485 27 30 of
204 5494 16 19 a
233 5484 109 38 Mining
357 5484 85 29 Lease
465 5492 74 28 upon
561 5482 46 30 the
629 5483 85 30 above

77 5525 166 35 application
265 5527 85 28 must,
372 5523 98 27 within
492 5524 34 26 30
549 5523 72 27 clear
646 5523 67 35 days

77 5562 71 30 from
168 5561 46 29 the
236 5560 63 30 date
318 5560 30 28 of
366 5560 67 28 such
447 5559 176 38 application,
637 5564 77 24 enter

78 5602 44 28 his
144 5601 135 37 objection
301 5604 29 25 at
349 5599 47 30 the
416 5599 144 30 Warden's
584 5598 83 30 Office
686 5604 28 24 at

78 5640 88 38 Lyell.

216 5692 153 28 ALFRED
388 5692 33 28 A.
441 5692 201 32 CORFIELD,

480 5730 55 29 Pro
550 5730 127 30 Warden.

174 5790 145 28 Warden's
333 5790 93 31 Office,

113 5830 86 27 Lvell.
216 5828 61 28 18th
298 5828 116 36 August,
430 5828 73 27 1880.

896 206 137 40 Mining
1059 206 152 32 Notices.

804 287 250 28 APPLICATION
1075 287 72 28 FOR
1169 287 131 27 LEASE.

869 381 104 29 Nelson
987 381 177 29 South-West
1176 380 158 33 Goldfields,

976 420 108 38 August
1102 419 64 30 16th
1190 420 75 29 1886.

770 469 39 27 To
825 477 55 19 the
899 469 130 27 Warden
1047 477 34 18 at
1102 470 130 25 Lyell—

738 515 36 60 I
792 515 159 29 HEREBY
971 514 83 38 apply
1079 514 42 29 for
1142 523 17 20 a
1176 512 193 38 Gold-Mining

809 554 85 28 Lease
915 554 30 27 of
964 553 45 29 the
1028 554 79 28 lands
1126 552 165 29 hereinafter
1310 552 44 28 des-

736 592 100 35 cribed,
859 592 29 29 in
919 592 163 29 accordance
1112 592 66 28 with
1209 590 47 30 the
1286 590 81 29 Gold-

738 630 108 37 Mining
858 632 99 28 Leases
977 630 179 37 Regulations
1174 630 31 29 of
1223 630 67 28 New
1303 629 49 29 Zea-

736 668 74 33 land,
825 669 54 27 and
900 670 14 26 I
935 679 86 26 agree,
1037 678 74 27 upon
1133 668 47 28 the
1192 667 130 37 approval
1343 667 31 27 of

736 707 56 29 this
805 706 173 38 application,
1000 711 28 25 to
1045 709 110 26 execute
1176 715 16 19 a
1204 705 71 29 lease
1294 713 75 27 upon

738 745 45 29 the
797 746 70 28 basis
889 745 106 29 therein
1008 745 97 33 stated,
1118 745 23 28 if
1160 745 47 28 the
1228 744 141 28 Governor

737 783 71 31 shall
821 783 80 30 think
913 784 32 29 fit
957 787 28 26 to
998 787 81 34 grant
1091 783 47 30 the
1150 792 85 21 same.

926 835 162 29 PATRICK
1107 834 193 33 BRENNAN,

857 874 147 38 Applicant
1027 874 41 29 for
1089 873 48 29 the
1161 873 95 28 Lyell
1274 872 96 28 Creek

905 913 158 29 Extended
1076 913 114 36 Quartz
1205 911 112 29 Mining

966 952 139 34 Company,
1119 952 134 26 Limited.

771 1002 89 30 Name
872 1003 54 29 and
936 1002 110 30 address
1056 1002 28 29 in
1092 1001 50 29 full
1152 1001 31 29 of
1188 999 181 39 Applicant—

806 1041 109 28 Patrick
938 1041 139 31 Brennan,
1103 1040 141 35 Manager,
1263 1039 86 28 Broad-

804 1089 71 27 way,
886 1075 125 33 Reefton.

771 1131 78 37 Style
863 1131 86 27 under
960 1131 89 28 which
1059 1130 22 28 it
1089 1131 24 26 is
1124 1129 131 28 intended
1267 1132 29 25 to
1305 1137 46 19 con-

805 1168 65 30 duct
887 1168 47 29 the
954 1167 196 37 business—L)
1157 1166 36 31 ell
1213 1166 86 30 Creek
1312 1166 38 28 Ex-

804 1206 99 30 tended
934 1208 101 35 Quartz
1071 1206 109 38 Mining
1216 1206 153 36 Company,

804 1245 130 29 Limited.

769 1296 103 29 Extent
890 1296 30 29 of
936 1296 105 37 ground
1054 1296 107 38 applied
1180 1295 189 29 for—Sixteen

804 1335 55 29 and
870 1335 90 29 a-half
969 1343 83 21 acres.

769 1387 150 29 Minimum
931 1387 119 28 number
1061 1387 30 29 of
1111 1394 65 21 men
1188 1385 134 38 proposed
1341 1387 29 28 to

802 1425 33 28 be
847 1425 145 36 employed
1012 1425 37 35 by
1065 1425 48 28 the
1126 1424 83 28 lessee
1210 1423 90 29 —For
1321 1423 47 28 the

802 1463 60 29 first
896 1463 42 28 six
973 1462 122 34 months,
1129 1462 18 27 4
1182 1468 83 27 men;
1307 1459 45 30 sub-

802 1500 152 40 sequently,
966 1501 81 31 when
1058 1501 30 29 in
1100 1500 50 30 full
1166 1498 85 37 work,
1264 1500 17 29 8
1293 1508 75 21 men.

767 1555 123 28 Amount
909 1554 31 29 of
957 1554 101 37 capital
1077 1553 134 39 proposed
1230 1555 30 28 to
1271 1552 34 31 be
1326 1552 27 30 in-

802 1592 94 30 vested
896 1594 162 31 —£10,000.

768 1643 138 39 Proposed
926 1644 81 29 mode
1020 1643 30 31 of
1067 1642 124 39 working
1202 1641 47 31 the
1268 1641 101 30 land-

802 1684 44 37 By
861 1683 162 37 tunnelling.

768 1735 109 29 Precise
889 1734 244 37 locality—Alpine
1143 1733 105 37 Range.
1275 1733 74 28 Boun-

806 1770 52 32 ded
872 1783 36 19 on
924 1773 47 29 the
990 1772 84 31 north
1086 1771 38 39 by
1145 1772 100 29 Crown
1265 1770 103 35 Lands,

805 1821 35 21 on
853 1811 47 31 the
921 1811 81 31 south
1023 1811 37 39 by
1081 1810 47 31 the
1150 1810 103 31 United
1270 1808 98 40 Alpine

806 1851 168 38 Company's
995 1850 115 37 ground,
1129 1859 36 21 on
1187 1849 47 30 the
1254 1853 58 26 east
1331 1848 38 38 by

807 1890 46 28 the
866 1890 79 35 Lyell
954 1890 85 27 Creek
1051 1888 144 29 Extended
1204 1888 165 36 Company's

806 1927 115 36 ground,
934 1927 55 30 and
1009 1936 37 21 on
1065 1926 47 30 the
1125 1928 67 28 west
1211 1924 37 39 by
1269 1926 99 29 Crown

804 1966 103 28 Lands.

769 2017 82 30 Term
872 2017 42 29 for
925 2015 91 31 which
1035 2015 73 31 lease
1129 2015 25 30 is
1173 2013 195 40 required—ls

802 2065 88 27 years.

768 2105 79 31 Time
870 2106 30 29 of
922 2105 190 38 commencing
1141 2104 227 39 operations—As

803 2155 67 21 soon
882 2155 31 20 as
924 2145 72 30 lease
1007 2146 25 29 is
1044 2144 124 38 granted.

769 2198 118 30 General
911 2197 123 30 remarks
1091 2197 59 29 The
1176 2196 106 38 ground
1305 2203 63 22 now

803 2236 109 38 applied
933 2236 41 29 for
986 2236 25 29 is
1024 2245 17 20 a
1052 2236 109 37 portion
1173 2236 31 29 of
1220 2244 17 20 a
1261 2231 107 40 Special

802 2275 90 28 Claim
915 2274 129 37 formerly
1068 2273 65 29 held
1162 2274 38 36 by
1228 2273 47 28 the
1301 2272 67 28 New

805 2312 86 30 South
904 2312 92 30 Wales
1009 2312 153 38 Company,
1171 2312 49 29 but
1234 2319 61 21 now
1305 2319 46 21 can-

804 2351 93 29 celled.

769 2462 58 29 The
837 2460 85 31 above
931 2460 163 39 application
1105 2459 56 31 and
1169 2469 55 29 any
1233 2459 135 38 objection

734 2501 106 28 thereto
862 2500 55 28 will
936 2500 32 28 be
992 2499 84 29 heard
1101 2503 29 24 at
1153 2499 48 28 the
1225 2499 144 27 Warden's

735 2538 83 30 Office
837 2540 28 28 at
885 2537 87 38 Lyell,
990 2547 37 20 on
1049 2537 252 35 WEDNESDAY,
1320 2536 48 31 the

734 2577 65 28 29th
814 2577 238 33 SEPTEMBER,
1066 2577 76 28 1886.

770 2639 63 36 Any
851 2647 99 27 person
967 2637 121 38 desiring
1105 2639 29 28 to
1158 2636 90 38 object
1265 2639 29 28 to
1319 2636 48 30 the

734 2677 72 28 issue
818 2676 30 28 of
866 2686 16 18 a
897 2676 108 35 Mining
1017 2676 87 28 Lease
1126 2684 75 29 upon
1215 2676 48 28 the
1284 2675 84 29 above

734 2714 165 39 application
921 2718 83 29 must,
1027 2713 98 30 within
1145 2714 36 29 3Q
1202 2713 77 29 dear
1300 2713 68 38 days

734 2754 71 28 from
823 2753 47 29 the
889 2753 63 29 date
966 2753 30 29 of
1012 2753 67 29 such
1099 2752 176 37 application,
1289 2755 79 27 enter

733 2793 43 28 his
797 2792 135 37 objection
945 2796 28 25 at
990 2791 49 30 the
1060 2791 143 31 Warden's
1226 2791 85 30 Office
1337 2793 32 28 at

734 2831 87 36 Lyell.

871 2887 154 29 ALFRED
1043 2886 34 30 A.
1096 2886 200 30 CORFIELD.

1134 2923 57 29 Pro
1202 2923 131 30 Warden.

836 2986 144 29 Warden's
992 2986 95 34 Office,

767 3024 89 37 Lyell,
870 3024 64 29 16tli
947 3025 117 36 Augnst,
1082 3025 77 29 1886.

733 3106 250 28 APPLICATION
993 3106 75 28 FOR
1077 3106 157 29 SPECIAL
1246 3106 120 29 CLAIM

872 3216 102 29 Nelson
989 3216 168 30 South-west
1171 3215 162 37 Goldfields,

956 3255 48 29 9th
1023 3255 117 37 August,
1157 3256 78 28 1886.

767 3316 40 29 To
826 3325 56 19 the
901 3316 128 29 Warden
1047 3325 35 20 at
1099 3316 131 29 Lyell—

733 3377 116 61 WE
869 3377 160 30 HEREBY
1049 3377 85 38 apply
1156 3376 43 31 for
1221 3386 18 21 a
1260 3376 108 39 Special

860 3417 88 27 Claim
961 3417 27 28 of
997 3417 47 28 the
1053 3416 81 28 lands
1145 3415 165 30 hereinafter
1321 3415 30 30 de-

734 3453 113 34 scribed,
872 3455 29 26 in
926 3454 165 29 accordance
1121 3453 67 30 with
1220 3454 48 29 the
1300 3453 68 29 93rd

736 3492 108 29 Section
866 3492 31 29 of
947 3492 60 29 The
1028 3493 91 28 Mines
1138 3492 62 33 Act,
1340 3492 31 28 of

735 3530 67 28 New
832 3530 130 33 Zealand,
982 3530 55 28 and
1055 3539 45 19 we
1117 3539 89 27 agree,
1224 3538 75 29 upon
1319 3530 48 28 the

735 3568 130 39 approval
889 3568 31 30 of
946 3567 56 32 this
1028 3567 176 40 application,
1226 3570 28 28 to
1274 3571 95 36 accept

735 3608 47 28 the
796 3608 106 35 Special
915 3608 88 27 Claim
1016 3616 75 27 upon
1102 3607 47 29 the
1170 3607 72 28 basis
1262 3608 106 27 therein

736 3645 96 34 stated,
856 3645 25 28 if
900 3645 47 29 the
966 3645 142 30 Governor
1118 3644 72 31 shall
1202 3644 81 31 think
1295 3644 33 30 fit
1340 3648 28 27 to

735 3687 79 34 grant
828 3683 45 30 the
887 3694 84 19 same.

873 3736 115 29 United
1001 3736 107 29 Alpine
1123 3735 114 38 Quartz
1256 3735 113 30 Mining

973 3775 143 34 Company,
1129 3775 136 35 Limited,

872 3814 44 35 By
929 3813 72 30 their
1010 3814 141 36 Manager,
1156 3814 92 29 James
1260 3814 109 34 Inglis,

1038 3852 157 37 Applicant.

771 3904 88 28 Name
866 3904 54 28 and
927 3904 110 28 address
1045 3904 31 28 in
1087 3903 50 29 full
1146 3903 31 29 of
1183 3902 186 38 applicants—

807 3942 101 29 United
922 3941 100 39 Alpine
1034 3941 102 38 Quartz
1157 3941 108 36 Mining
1288 3941 60 29 Com-

804 3990 82 27 pany,
911 3981 130 33 Limited,
1066 3981 37 36 by
1127 3981 73 29 their
1223 3980 142 37 Manager,

804 4019 94 28 James
911 4019 97 36 Inglis,
1021 4018 88 38 LyeU.

773 4072 76 34 Style
861 4072 88 28 under
960 4071 89 29 which
1061 4071 23 29 it
1095 4071 24 29 is
1128 4070 131 30 intended
1267 4075 28 25 to
1305 4080 48 19 con-

805 4109 65 29 duct
893 4109 47 28 the
961 4108 171 29 business—
1150 4109 103 28 United
1271 4109 98 37 Alpine

806 4147 143 30 Extended
962 4148 101 36 Quartz
1077 4147 110 38 Mining
1198 4147 152 39 Company.

773 4199 103 30 Extent
888 4199 31 29 of
927 4198 105 39 ground
1041 4199 109 38 applied
1158 4199 112 29 for—4o
1277 4207 84 21 acres.

774 4252 148 28 Minimum
936 4252 118 29 number
1065 4252 31 29 of
1111 4261 65 19 men
1187 4251 135 38 proposed
1341 4254 29 26 to

807 4290 33 29 be
853 4290 146 37 employed
1010 4290 37 37 by
1064 4290 48 29 the
1125 4290 86 29 lessee
1213 4290 89 28 —For
1322 4289 47 29 the

806 4329 59 28 first
890 4330 96 27 twelve
1009 4329 122 33 months,
1152 4329 17 27 6
1193 4336 86 26 men;
1308 4328 46 29 sub-

807 4367 152 35 sequently,
972 4366 82 29 when
1065 4367 29 27 in
1107 4365 50 29 full
1178 4366 84 34 work,
1274 4365 97 30 twelve

807 4413 73 20 men.

773 4457 121 28 Amount
916 4456 31 31 of
964 4456 98 38 capital
1085 4456 133 40 proposed
1239 4459 28 26 to
1284 4456 34 29 be
1330 4466 26 19 in-

774 4547 137 39 Proposed
931 4547 81 30 mode
1030 4547 31 30 of
1078 4547 123 37 working
1212 4547 47 30 the
1272 4546 100 30 land—

807 4588 136 36 Ordinary
955 4588 81 29 mode
1049 4588 30 28 of
1088 4590 95 35 quartz
1197 4587 115 37 mining.

776 4638 106 28 Precise
892 4638 245 36 locality—Alpine
1149 4638 104 34 Range.
1279 4639 73 27 Boun-

808 4676 53 30 ded
874 4685 36 21 on
923 4676 47 30 the
984 4676 80 30 south
1087 4675 36 39 by
1135 4681 62 34 part
1210 4676 102 30 United
1324 4675 32 31 Al-

807 4717 64 35 pine
894 4716 106 37 Special
1021 4715 89 30 Claim
1132 4715 55 30 and
1199 4719 63 34 part
1274 4716 98 29 Crown

808 4754 89 32 lands,
912 4763 35 20 on
957 4754 46 29 the
1014 4757 58 26 east
1084 4753 37 36 by
1133 4753 47 29 the
1194 4754 79 36 Lyell
1285 4753 86 30 Creek

809 4792 145 29 Extended
964 4792 108 37 Special
1081 4792 99 33 Claim,
1187 4802 37 19 on
1233 4792 47 29 the
1289 4791 82 30 north

808 4830 55 29 and
874 4833 67 26 west
954 4830 36 37 by
1002 4831 99 28 Crown
1112 4830 86 28 lands.

774 4883 82 30 Term
869 4883 42 30 for
929 4883 90 30 which
1036 4883 72 31 lease
1135 4882 24 31 is
1178 4881 195 40 required—ls

808 4931 87 27 years.

774 4972 79 30 Time
876 4972 32 29 of
925 4973 193 38 commencing
1138 4973 156 38 operations
1295 4972 78 29 —On

809 5011 129 37 granting
950 5012 30 29 of
989 5012 79 28 lease.

775 5063 119 29 General
923 5063 135 30 Remarks
1123 5064 111 29 Portion
1262 5063 31 29 of
1318 5063 56 30 this

809 5102 106 37 ground
927 5112 57 20 was
995 5103 131 38 formerly
1135 5102 130 36 occupied
1277 5102 37 38 by
1326 5102 47 30 the

810 5141 104 30 United
927 5142 67 28 New
1008 5142 85 29 South
1119 5142 90 29 Wales
1230 5141 144 37 Company

809 5190 30 20 as
852 5190 16 20 a
882 5180 106 38 Special
999 5180 99 30 Claim.

775 5283 58 29 The
840 5283 85 29 above
931 5282 167 37 application
1108 5282 55 29 and
1173 5292 55 27 any
1237 5282 136 38 objection

741 5321 105 29 thereto
871 5321 57 29 will
951 5320 33 29 be
1009 5320 84 30 heard
1115 5324 29 26 at
1164 5320 47 30 the
1230 5320 144 29 Warden's

741 5360 94 33 Office,
866 5363 28 25 at
924 5359 91 36 Lyell,
1045 5368 36 20 on
1122 5359 251 34 WEDNESDAY,

741 5398 46 28 the
802 5397 65 29 29th
884 5397 238 33 SEPTEMBER,
1135 5398 76 28 1886.

774 5454 64 36 Any
857 5463 99 28 person
976 5453 119 36 desiring
1118 5456 29 25 to
1169 5453 88 36 object
1278 5456 28 26 to
1327 5453 47 29 the

741 5491 72 30 issue
834 5492 31 30 of
882 5501 16 21 a
922 5492 107 37 Mining
1047 5491 86 30 Lease
1146 5500 74 29 upon
1234 5491 47 30 the
1290 5491 84 30 above

741 5531 167 35 application
920 5535 84 29 must,
1018 5531 96 28 within
1127 5531 87 35 thirty
1223 5531 73 28 clear
1305 5531 68 35 days

741 5568 69 29 from
824 5568 47 29 the
890 5568 62 29 date
974 5568 30 29 of
1023 5567 65 30 such
1110 5567 175 39 application,
1299 5573 75 24 enter

741 5607 43 29 his
806 5607 134 30 obiection
961 5612 29 25 at
1010 5607 47 30 the
1080 5606 144 32 Warden's
1242 5607 86 30 Office
1347 5611 27 26 at

741 5646 87 36 Lyell.

880 5698 153 29 ALFRED
1051 5699 33 28 A.
1104 5698 201 35 CORFIELD,

1140 5738 55 28 Pro
1210 5737 128 30 Warden.

825 5787 139 28 Warden's
977 5787 93 33 Office,

776 5825 87 33 Lyell,
877 5825 47 29 9th
939 5826 114 34 August,
1068 5826 75 27 1886.

1567 200 120 32 Public
1710 199 151 31 Notices.

1476 287 80 31 FOR
1579 285 103 33 SALE
1705 284 53 30 BY
1773 280 179 32 TENDER.

1395 399 221 36 VALUABLE
1653 394 259 36 FREEHOLD
1947 391 83 32 AND

1474 452 251 35 LEASEHOLD
1752 446 225 38 PROPERTY,
1999 446 32 31 at

1474 505 137 33 LYELL
1633 501 211 37 CROSSING,
1860 497 170 35 BULLER

1474 559 139 33 RIVER.

1397 688 99 81 THE
1513 687 216 41 Undersigned,
1743 686 33 30 in
1790 692 200 31 consequence
2000 680 32 31 of

1477 740 59 33 bad
1558 739 114 37 health,
1687 738 119 32 intends
1830 734 124 40 offering
1977 733 51 32 the

1395 793 150 42 following
1558 792 161 43 properties
1741 792 45 32 for
1809 788 134 34 absolute
1967 785 61 34 sale

1395 846 38 42 by
1447 846 113 37 tender,
1575 846 32 31 in
1621 856 56 21 one
1691 845 43 31 lot
1758 854 33 21 or
1815 841 155 34 otherwise
1995 850 33 21 as

1395 899 175 42 purchasers
1583 908 70 33 may
1666 897 114 34 desire:
1782 915 39 6 —

1433 958 59 32 Lot
1527 956 246 33 I—Six-roomed
1807 955 112 35 House,
1955 952 72 32 with

1513 1009 92 42 Dairy
1639 1008 59 33 and
1731 1008 81 40 large
1847 1005 102 35 Stable
1984 1006 29 30 at-

1512 1061 116 38 tached,
1641 1061 59 32 and
1710 1060 85 33 other
1806 1058 221 40 Outbuildings.

1513 1115 63 32 One
1605 1112 81 33 Punt
1719 1113 33 32 in
1785 1112 75 41 good
1895 1110 133 40 working

1513 1166 94 39 order,
1622 1165 72 34 with
1710 1164 40 34 all
1774 1174 70 32 gear
1867 1162 161 35 connected

1512 1219 167 34 therewith.
1734 1218 65 33 One
1826 1218 77 31 Boat
1925 1227 7 28 ;
1970 1216 59 32 and

1513 1272 93 41 Right
1619 1274 32 29 to
1673 1271 92 41 Ferry
1788 1270 127 32 Reserve
1938 1269 31 32 of
1990 1270 38 30 85

1514 1324 100 33 Acres.

1433 1378 59 33 Lot
1506 1378 86 31 2—A
1606 1376 137 43 quantity
1756 1376 32 33 of
1799 1375 170 33 Furniture.

1434 1430 59 32 Lot
1507 1429 130 32 3—Two
1651 1429 95 36 Cows,
1760 1428 33 31 in
1807 1427 55 32 fall
1875 1427 99 42 profit.

1434 1481 59 34 Lot
1507 1481 123 33 4—One
1640 1479 127 34 staunch
1776 1478 137 43 Draught
1922 1478 107 32 Horse.

1433 1535 59 34 Lot
1507 1535 123 34 s—One
1644 1535 82 43 Dray
1740 1534 59 33 and
1813 1533 143 33 Harness.

1433 1649 204 39 TENDERS,
1652 1650 32 32 to
1696 1648 37 33 be
1748 1647 156 34 addressed
1956 1646 54 33 Pur-

1394 1702 89 34 chase
1496 1703 45 33 for
1559 1703 87 42 Lyell
1813 1701 61 33 will
1898 1700 130 33 CLOSE

1394 1766 39 23 on
1449 1754 227 38 SATURDAY,
1691 1754 54 32 4th
1767 1752 261 37 SEPTEMBER,

1395 1810 87 37 1886,
1510 1810 31 31 at
1574 1808 50 32 Mr
1656 1807 97 33 James
1786 1806 111 33 Inglis'
1926 1805 101 38 Office,

1394 1862 97 34 where
1506 1861 214 43 specifications
1734 1871 58 23 can
1811 1860 36 34 be
1872 1870 90 29 seen;
1983 1859 30 33 in-

1393 1914 160 34 formation
1567 1913 162 34 connected
1739 1912 72 33 with
1825 1912 52 33 the
1890 1914 138 40 property

1395 1977 56 22 can
1465 1966 62 33 also
1538 1966 36 33 be
1585 1965 139 33 obtained
1735 1967 31 30 at
1776 1965 140 31 Larsen's
1926 1964 101 37 Hotel,

1394 2018 161 43 Westport,
1571 2017 59 33 and
1644 2019 31 32 at
1688 2017 52 33 the
1754 2016 102 43 Ferry.

1433 2134 25 34 A
1486 2133 128 35 Deposit
1642 2133 32 34 of
1699 2135 17 31 5
1743 2143 52 33 per
1821 2134 79 32 cent,
1924 2134 31 32 to
1983 2142 30 24 ac-

1393 2198 146 33 company
1552 2187 73 33 each
1639 2187 114 32 tender.

1433 2301 64 34 The
1520 2300 120 43 highest
1665 2311 33 24 or
1721 2311 59 33 any
1793 2300 104 34 tender
1911 2302 53 31 not
1978 2309 34 23 ne-

1394 2353 140 43 cessarily
1547 2352 148 42 accepted.

1716 2409 38 33 L.
1775 2408 174 38 LARSEN,

1788 2465 87 44 Lyell
1888 2466 102 43 Ferry.

1426 2685 169 33 BULLER
1623 2685 163 33 COUNTY
1807 2685 188 33 COUNCIL.

1395 2821 171 82 Notice
1581 2821 25 32 is
1620 2820 172 33 hereby
1815 2819 130 34 given
1962 2819 68 33 that

1483 2878 52 33 the
1562 2877 247 34 ELECTORAL
1842 2877 108 33 ROLL
1984 2877 45 33 for

1393 2935 51 32 the
1455 2935 147 32 RIDING
1613 2935 33 32 of
1653 2935 139 31 LYELL
1802 2935 25 31 is
1838 2945 67 21 now
1919 2934 108 32 OPEN

1392 2993 46 33 for
1447 2993 246 33 INSPECTION
1705 2995 31 31 at
1747 2993 53 31 Mb
1809 2993 98 31 James
1915 2992 112 32 Inglis'

1392 3050 120 37 Office,
1536 3048 97 44 Lyell,
1658 3048 60 33 and
1745 3048 119 33 County
1891 3048 136 38 Offices,

1392 3107 160 40 Westport,
1567 3107 60 32 and
1640 3107 61 32 will
1715 3106 115 33 remain
1851 3116 75 31 open
1950 3106 78 33 until

1393 3163 52 35 the
1460 3163 53 35 Brd
1529 3163 183 44 September,
1728 3164 88 34 1886.

1432 3294 50 34 All
1496 3294 250 35 OBJECTIONS
1760 3296 32 32 to
1802 3293 52 34 the
1868 3293 64 34 said
1945 3293 85 34 Rolls

1392 3356 82 30 must
1500 3353 36 32 be
1563 3353 171 33 LODGED
1759 3355 31 30 at
1811 3352 52 33 the
1886 3352 143 32 Resident

1393 3410 200 42 Magistrate's
1608 3410 101 37 Office,
1720 3409 96 42 Lyell,
1832 3419 39 24 on
1885 3419 33 23 or
1931 3408 100 34 before

1393 3466 51 34 the
1459 3466 72 33 15th
1547 3466 260 38 SEPTEMBER,
1824 3467 87 31 1886.

1569 3532 117 33 ROBT.
1708 3532 35 31 F.
1766 3532 184 36 MULLAN,

1757 3593 118 43 County
1889 3592 98 34 Clerk.

1495 3683 114 41 DR.
1680 3682 247 41 BRUEN

1684 3784 54 21 HAS

1620 3854 31 28 in
1662 3852 138 35 LYELL,
1813 3852 54 29 and
1880 3852 80 29 MAY
1978 3852 50 29 BE

1429 3929 226 31 CONSULTED
1665 3931 29 27 at
1703 3929 48 29 the
1760 3929 114 29 Empire
1884 3929 110 34 Hotel,

1569 4007 56 28 For
1642 4007 76 28 ONE
1737 4006 125 29 WEEK.

1543 4083 340 29 NOTICE.

1397 4190 36 59 I
1451 4188 78 29 BEG
1549 4191 29 25 to
1589 4188 102 28 inform
1708 4188 47 27 the
1776 4187 96 28 Public
1893 4186 33 29 of
1940 4186 70 29 West-

1468 4230 71 34 port,
1552 4225 80 38 Lyell
1644 4224 56 31 and
1719 4224 46 31 the
1778 4224 182 38 surrounding
1974 4224 40 28 dis-

1396 4265 77 29 tricts
1486 4266 62 28 that
1562 4265 16 28 I
1597 4265 71 28 have
1689 4264 170 29 determined
1870 4273 77 28 npon
1967 4272 47 20 con-

1397 4304 108 37 tinuing
1526 4303 48 29 the
1596 4303 126 29 business
1745 4302 106 30 carried
1869 4311 36 20 on
1924 4301 35 38 by
1982 4311 48 27 my

1397 4343 54 27 late
1473 4341 136 34 husband,
1627 4341 57 28 and
1706 4344 72 25 trust
1802 4341 61 29 that
1887 4350 37 19 an
1948 4340 81 36 equal

1397 4388 125 19 measure
1534 4379 31 28 of
1583 4379 47 28 the
1642 4378 96 28 liberal
1750 4383 150 32 patronage
1912 4377 115 37 enjoyed

1398 4417 35 38 by
1454 4417 60 28 him
1534 4417 42 29 for
1588 4426 30 19 so
1634 4425 87 27 many
1741 4425 80 29 years
1842 4424 68 28 may
1933 4415 34 30 be
1987 4423 28 21 ex-

1397 4456 101 29 tended
1509 4460 29 24 to
1550 4464 55 20 me.
1640 4455 59 28 The
1712 4454 123 30 business
1848 4454 57 28 will
1919 4454 33 29 be
1964 4461 48 22 con-

1397 4494 99 30 ducted
1513 4494 89 29 under
1619 4493 47 30 the
1685 4503 75 20 same
1779 4493 70 37 style
1868 4503 31 19 or
1917 4492 59 30 title
2000 4501 29 20 as

1398 4533 128 29 hitherto.

1665 4570 106 30 MARY
1789 4569 78 31 ANN
1887 4568 107 31 CORK.

1431 4611 148 36 Westport,
1592 4611 65 28 28th
1670 4611 76 35 July,
1760 4612 76 27 1886.

1447 4690 45 46 A,
1547 4689 48 44 G.
1655 4689 123 42 FEN
1796 4687 185 51 WICK,

1529 4784 128 33 Pbinces
1680 4783 60 38 St.,
1756 4783 148 38 Dunedin,

1399 4865 186 69 JOINING
1604 4865 79 30 AND
1700 4865 180 29 GENERAL
1895 4864 115 30 SHARE-

1635 4943 164 28 BROKER.

1449 5045 157 39 Telegrams
1625 5045 145 37 promptly
1795 5044 132 29 attended
1952 5046 36 26 to.

1537 5174 177 39 Telegraphic
1725 5174 119 30 Address

1479 5227 147 37 Fenwick,
1649 5227 133 36 Broker,
1805 5227 149 31 Dunedin.

1526 5324 122 34 JOHN
1682 5324 225 40 FENNELL,

1402 5379 61 61 Q,
1472 5379 94 28 ENE
1574 5379 59 28 RA
1642 5379 24 28 L
1721 5379 312 61 gTOREKEEPER.

1486 5465 85 29 Wine
1589 5473 57 20 and
1665 5465 95 28 Spirit
1783 5465 170 28 Merchant.

1435 5577 104 37 Money
1557 5576 104 37 always
1681 5576 30 28 in
1733 5576 75 28 hand
1828 5577 42 29 for
1887 5576 115 37 cashing

1655 5615 128 38 cheques.

1435 5692 110 32 Liberal
1557 5691 137 31 advances
1706 5692 80 29 made
1804 5701 35 20 on
1853 5691 107 39 parcels
1973 5692 31 30 of

1616 5731 118 28 retorted
1748 5732 72 35 gold.

1545 5818 80 37 Cliff
1642 5818 121 44 Street,
1789 5818 107 44 Lyell.

2236 2436 120 33 Public
2373 2437 152 31 Notices.

2066 2520 209 37 BROWN'S
2295 2519 119 38 BOOT
2441 2519 259 37 EMPORIUM

2314 2577 135 29 LYELL.

2066 2651 44 68 J
2145 2653 140 31 BROWN
2298 2655 30 28 in
2340 2653 137 38 thanking
2488 2653 45 28 his
2551 2662 149 19 numerous

2114 2703 10 11 •
2163 2698 149 23 customers
2341 2693 42 28 for
2412 2696 62 32 past
2503 2692 119 32 favours,
2645 2691 55 28 and

2066 2730 106 38 hoping
2196 2730 42 29 for
2258 2740 18 19 a
2297 2731 181 28 continuance
2500 2730 30 27 of
2547 2729 47 28 the
2613 2738 86 23 same,

2065 2770 99 29 Wishes
2177 2773 45 26 too
2235 2770 52 29 call
2299 2770 74 29 their
2391 2769 135 28 attention
2540 2771 29 25 to
2582 2768 44 29 his
2638 2777 62 19 new

2065 2808 77 29 stock
2164 2808 32 29 of
2216 2808 109 29 Ladies'
2351 2808 98 29 Maids'
2471 2806 55 30 and
2545 2807 155 29 Children's

2065 2848 86 28 Boots
2171 2848 30 26 in
2222 2850 78 33 great
2321 2847 115 36 variety.
2472 2846 77 31 Also,
2562 2846 44 27 his
2623 2846 76 35 large

2066 2886 55 28 and
2133 2885 97 29 varied
2243 2884 78 30 stock
2333 2884 31 30 of

2065 2937 120 38 Men.s,
2197 2934 141 33 Youths'
2352 2937 28 29 &
2393 2935 100 38 Boys'
2511 2935 106 30 Boots
2630 2935 70 30 and

2324 2969 117 35 Shoes.

2065 3045 89 29 Fresh
2167 3044 93 31 Goods
2272 3046 121 35 arriving
2413 3044 136 36 monthly,
2561 3043 92 29 which
2665 3043 35 29 he

2100 3083 23 29 is
2136 3083 117 37 offering
2265 3086 29 27 at
2306 3083 87 38 prices
2406 3086 29 26 to
2445 3083 55 28 suit
2513 3082 47 29 the
2573 3082 91 29 times.

2065 3123 48 28 All
2135 3123 139 36 imported
2307 3123 85 35 goods
2421 3121 117 29 marked
2568 3122 28 27 in
2624 3121 76 36 plain

2326 3159 112 38 figures.

2101 3238 71 29 N.B.
2173 3238 59 28 —A
2243 3237 101 37 supply
2356 3237 30 28 of
2406 3236 89 29 North
2509 3234 104 31 British
2627 3236 73 29 Gum

2065 3276 87 30 Boots
2177 3276 57 29 and
2257 3277 71 28 Own
2352 3276 84 28 Make
2455 3275 183 36 Watertights
2662 3275 25 28 al-

2065 3325 75 27 ways
2153 3323 37 21 on
2202 3314 84 30 hand.

2101 3354 117 35 Repairs
2229 3353 143 37 promptly
2381 3352 131 30 executed
2525 3352 55 29 and
2592 3352 108 28 elastics

2067 3391 132 31 inserted.

2093 3467 71 32 Note
2177 3467 48 30 the
2235 3466 272 30 AddressJOHN
2527 3466 149 34 BROWN,

2067 3516 89 31 Boot
2178 3515 29 32 &
2233 3514 211 34 Shoemaker
2465 3514 28 32 &
2521 3514 179 39 Importer,

2130 3559 142 36 (Opposite
2285 3558 81 28 Bank
2379 3559 30 27 of
2418 3559 69 27 New
2500 3558 140 34 Zealand.)

2183 3640 188 38 JAMES
2411 3640 172 40 RYAN,

2068 3729 88 61 Q.E
2164 3729 89 30 NER
2258 3729 55 29 AL
2386 3727 313 63 gTOREKEEPER,

2216 3806 85 29 Cliff
2325 3806 120 34 Street,
2463 3805 87 28 Lyel.

2067 3935 92 29 Goods
2173 3935 132 37 carefully
2318 3934 106 37 packed
2437 3937 28 25 to
2478 3934 37 28 all
2527 3936 75 35 parts
2616 3933 29 28 of
2655 3933 44 28 the

2324 3972 116 30 district.

2083 4099 105 27 BANK
2206 4099 113 27 PRICE
2339 4098 120 28 GIVEN
2479 4098 74 27 FOR
2572 4097 110 28 GOLD.

2086 4179 359 38 WELCOME
2516 4177 166 46 INN,

2329 4236 105 29 Lyell.

2179 4314 153 32 ELLEN
2362 4313 234 33 WILLIAMS

2071 4377 35 47 1
2157 4365 144 33 returning
2318 4363 103 28 thanks
2438 4364 42 26 for
2501 4366 62 32 past
2584 4363 118 32 favours,

2142 4401 65 37 begs
2224 4404 28 26 to
2272 4401 100 28 inform
2390 4401 50 27 her
2457 4400 104 28 friends
2580 4400 55 28 and
2656 4399 47 28 the

2071 4440 89 37 public
2180 4440 60 28 that
2262 4440 49 28 she
2334 4440 51 28 has
2406 4440 58 35 just
2485 4438 155 37 completed
2659 4448 29 18 ex-

2071 4479 101 28 tensive
2192 4478 138 29 additions
2353 4478 55 29 and
2426 4477 161 29 alterations
2607 4481 28 24 to
2654 4477 50 27 her

2071 4517 140 36 premises,
2230 4517 55 28 and
2304 4517 46 27 the
2373 4517 208 28 accomodation
2599 4515 24 29 is
2640 4525 63 19 now

2287 4554 193 37 unsurpassed.

2071 4633 72 33 Ales,
2168 4633 103 32 Wines,
2294 4633 56 28 and
2372 4633 98 35 Spirits
2494 4633 30 28 of
2546 4632 158 29 First-class

2243 4670 112 36 Quality
2368 4670 65 35 only
2445 4670 75 36 kept.

2140 4749 78 28 Good
2237 4748 125 35 Stabling
2380 4748 254 28 Accommodation.

2244 4795 127 29 ELLEN
2395 4795 207 34 WILLIAMS,

2451 4834 219 27 PIiOPiiIETUESS.

2200 424 335 68 'B6-iHTHMII
2573 429 31 63 &
2639 429 173 63 WINTER
2853 424 368 66 PRAPERT-'B6.
3247 383 112 125 ff>

2330 576 246 66 JOHN
2637 574 455 66 FENNELL

2065 689 60 27 Has
2138 690 84 28 much
2241 691 124 36 pleasure
2384 693 30 27 in
2435 694 176 35 announcing
2630 696 29 25 to
2678 692 47 28 the
2746 692 172 28 inhabitants
2939 691 30 27 of
2991 690 80 35 Lyell
3096 690 55 28 and
3176 690 183 28 surroundinS

2439 730 119 30 districts
2580 731 47 29 the
2650 730 101 29 arrival
2775 730 31 28 of
2822 739 16 19 a
2856 728 126 29 LARGE

2281 802 31 69 i

2300 812 275 120 lIS

2674 798 33 89 5

3022 807 38 56 i

3253 867 41 65 1

2575 980 273 29 COMPRISING—

2099 1051 95 40 The
2217 1052 158 41 Latest
2398 1053 226 40 Novelties
2642 1054 86 37 and
2753 1050 212 41 Fashions
2986 1048 39 39 in
3050 1048 165 39 Ladies'
3236 1049 86 38 and

2406 1107 154 43 Gents'
2589 1106 208 50 Wearing
2815 1103 200 52 Apparel,

2065 1193 67 34 And
2156 1195 106 33 invites
2285 1206 39 22 an
2347 1195 166 43 inspection
2537 1195 32 33 of
2590 1194 50 34 the
2664 1205 90 28 same,
2780 1194 109 42 feeling
2914 1204 66 22 sure
3005 1193 66 34 tliat
3095 1193 44 34 for
3167 1193 189 40 VARIETY,

2213 1240 190 40 QUALITY,
2419 1241 59 32 and
2492 1240 139 33 VALUE
2648 1240 70 42 they
2733 1239 160 32 CANNOT
2908 1238 35 32 be
2960 1239 248 33 SURPASSED.

2067 1421 140 40 Ladies'
2244 1424 72 37 and
2351 1423 198 40 Children's
2598 1422 215 41 WINTER
2857 1419 144 40 HATS
3040 1420 37 38 in
3118 1421 51 37 all
3212 1420 144 51 Shapes.

2101 1614 109 29 Ladies'
2225 1614 158 30 WINTER
2394 1615 165 29 JACKETS
2572 1614 55 30 and
2640 1614 116 29 CAPES
2769 1614 29 28 in
2811 1615 36 29 all
2860 1615 47 29 the
2918 1616 109 28 Newest
3041 1616 105 36 Shapes
3158 1618 56 28 and
3227 1618 98 36 Styles.

2211 1687 88 41 New
2319 1689 191 40 Feathers!
2551 1687 88 41 New
2659 1686 175 42 Flowers!
2876 1686 86 43 New
2984 1690 230 51 Trimmings!

2162 1769 51 33 All
2239 1769 51 34 the
2317 1770 95 33 NEW
2440 1770 60 32 and
2526 1767 291 36 FASHIONABLE
2845 1770 168 33 WINTER
3040 1771 133 33 DRESS
3194 1771 164 37 STUFFS,

2369 1845 67 34 And
2457 1845 235 35 TRIMMINGS
2714 1846 32 34 of
2763 1857 87 33 every
2869 1846 188 42 description.

2065 2024 143 76 MEM'S,
2243 2024 120 63 BOYS'
2396 2027 71 60 and
2500 2024 183 66 YOUTHS'
2718 2027 214 63 CLOTHING
2967 2027 36 63 in
3036 2027 144 63 Endless
3206 2029 152 76 Yarietj.

2899 2441 119 32 Public
3040 2443 152 31 Notices.

2730 2517 162 39 FERN
2939 2521 156 39 FL'AT
3140 2522 218 47 HOTEL,

2886 2580 127 31 UPPER
3042 2583 164 31 BULLER.

2729 2656 108 49 ryiHE
2852 2657 85 30 above
2950 2659 176 31 well-known
3142 2661 75 29 hotel
3236 2662 23 28 is
3280 2662 81 36 again

2736 2702 37 13 •*-
2817 2697 88 28 under
2914 2698 46 27 the
2970 2704 195 31 management
3174 2700 29 27 of
3212 2701 45 27 Mr
3268 2701 93 27 Alfred

2729 2732 101 36 Smith,
2840 2734 47 29 the
2899 2735 101 30 former
3012 2737 158 37 proprietor.

2761 2811 93 37 Every
2867 2814 237 29 accommodation
3112 2815 55 28 and
3180 2816 181 29 convenience

2727 2848 41 28 for
2780 2850 141 28 travellers
2933 2851 119 29 between
3067 2854 47 27 the
3126 2854 77 29 West
3216 2854 82 28 Coast
3309 2855 52 28 and

2728 2887 112 34 Nelson,
2861 2888 151 38 Hampden
3035 2891 172 34 Matakitaki,
3231 2892 130 38 Glenroy,

2728 2926 116 32 Maruia,
2859 2928 54 27 and
2925 2928 47 28 the
2985 2929 84 28 Owen
3082 2930 89 28 Reefs.

2729 3002 160 30 Newman's
2902 3003 90 37 Royal
3015 3005 68 28 Mail
3103 3005 71 30 Line
3194 3006 30 29 of
3241 3007 120 29 Coaches

2762 3041 82 28 make
2867 3041 57 28 this
2945 3042 138 37 hostelery
3102 3044 47 28 the
3171 3045 60 28 first
3252 3045 77 37 day's

2797 3083 76 34 stage
2885 3080 71 29 from
2968 3080 76 30 West
3051 3082 83 29 Coast
3143 3084 28 27 to
3182 3082 112 30 Nelson.

2762 3155 105 29 Horses
2880 3156 55 29 and
2953 3158 146 36 equipages
3112 3167 16 20 a
3142 3159 152 37 speciality.

2910 3204 191 39 ALFRED
3122 3205 164 47 SMITH,

3162 3249 167 38 Proprietor.

2982 3333 158 43 WOLF
3184 3334 37 42 &
3265 3334 97 50 CO.,

3044 3435 171 21 WHOLESALE
3246 3437 54 19 AND

3119 3474 101 20 RETAIL

2729 3525 56 58 g
2832 3527 36 40 U
2915 3526 189 40 TCH
3152 3527 209 40 ERS.

2830 3620 115 28 Dealers
2958 3620 29 27 in
3000 3620 37 28 all
3051 3620 179 36 descriptions
3244 3620 30 28 of

2745 3666 106 30 FARM
2886 3667 79 28 AND
3002 3667 119 28 DAIRY
3157 3667 189 28 PRODUCE.

2728 3745 100 28 Hotels
2837 3744 55 29 and
2904 3744 132 29 Families
3042 3741 101 33 waited
3156 3754 36 19 on
3204 3744 42 29 for
3253 3743 109 30 Orders.

2763 3822 100 30 Orders
2882 3821 138 30 delivered
3039 3824 28 27 to
3089 3821 38 29 all
3147 3824 76 34 parts
3236 3831 16 19 o
3282 3821 48 30 the

2987 3860 124 28 District.

2902 3937 73 27 Note
2989 3936 48 28 the
3050 3936 124 28 Address

2747 3983 198 33 JS'WOL
2965 3981 23 31 F
3059 3983 114 29 AND
3254 3983 91 35 CO.,

2780 4024 74 27 Next
2877 4024 47 27 the
2949 4023 191 28 Government
3158 4023 154 35 Buildings,

2876 4061 86 28 Cliff
2982 4060 119 31 Street,
3120 4060 104 28 Lyell.

2731 4153 114 42 THE
2902 4152 205 42 EMPIRE
3164 4152 198 51 HOTEL,

2827 4222 112 29 CLIFF
2958 4220 155 33 STREET,
3132 4220 133 28 LYELTj.

2732 4333 109 44 rpHE
2857 4332 83 29 above
2953 4332 76 29 hotel
3046 4332 50 28 has
3108 4331 70 29 been
3198 4331 78 30 fitted
3297 4332 66 27 with

2740 4372 36 20 J-
2815 4372 37 26 all
2864 4372 114 26 modern
2986 4371 216 34 improvements
3213 4370 150 33 regardless

2731 4409 30 28 of
2771 4412 66 29 cost,
2851 4408 55 28 and
2927 4408 196 36 consequently
3143 4407 81 28 offers
3245 4410 118 34 superior

2731 4447 247 29 accommodation.

2881 4547 211 28 FENNELL'S
3112 4547 104 27 HALL

2733 4587 28 30 Is
2786 4596 16 21 a
2824 4586 152 30 well-fitted
2997 4594 87 25 room,
3109 4585 67 30 with
3198 4584 70 39 good
3290 4589 73 33 stage

2768 4627 245 32 accommodation,
3027 4626 55 27 and
3095 4626 131 27 excellent
3239 4627 90 35 piano.

2737 4722 109 38 Sample
2857 4731 100 19 rooms.
2994 4720 128 38 Boohing
3137 4719 81 39 Office
3223 4720 53 37 for
3288 4720 57 29 New-

2836 4764 88 25 mans'
2939 4761 92 36 Royal
3048 4760 73 27 Mail
3135 4760 127 28 Coaches.

2799 4821 106 32 JOHN
2928 4820 207 36 FENNELL,
3147 4819 178 40 Proprietor.

2649 4990 130 41 TRY

2150 5136 76 66 K
2259 5134 26 68 1
2320 5134 193 68 R'K
2539 5131 741 69 PATRICK'S
3328 5116 36 89 1

2700 5311 437 42 easonß

2518 5498 54 29 m
2623 5485 78 43 Jm
2754 5484 79 44 Ml

2754 5511 97 25 UJ'JoJ
2900 5514 23 22 O

2340 5734 75 38 IT
2490 5732 73 40 IS
2640 5731 372 41 THEBES
3039 5733 61 38 T,

3570 192 119 31 Public
3713 193 150 30 Notices.

3464 310 35 17 J.y.

3770 391 148 31 LYELL.

3544 680 338 32 BUTCHER.

3396 789 99 29 Hotels
3508 790 54 28 anil
3576 790 130 28 Families
3725 787 101 31 waited
3848 800 33 18 on
3898 791 81 36 Daily
3993 792 40 26 for

3660 828 110 30 Orders.

3447 925 76 30 Meat
3536 925 146 30 Delivered
3701 929 27 25 to
3741 924 38 30 all
3798 929 75 35 parts
3887 926 26 28 of
3935 925 45 29 tlie

3653 965 124 30 District.

3396 1055 119 33 NEW
3560 1056 155 31 CHUM
3753 1054 280 38 BUTCHERY,

3463 1114 130 36 Opposite
3602 1112 153 30 Alliambra
3765 1112 94 33 Hotel,
3874 1112 88 37 Lyell.

3398 1201 110 57 ALL
3530 1201 242 55 NATIONS
3803 1198 230 58 BAKERY

3536 1350 170 39 HENRY
3737 1349 165 38 YOUNG

3399 1423 157 57 pAKER
3589 1423 83 32 AND
3706 1420 325 37 CONFECTIONER,

3576 1486 83 33 Cliff
3677 1488 57 39 St.,
3753 1486 104 40 Lyell.

3668 1596 57 28 and
3745 1596 121 36 Suppers
3896 1594 137 37 supplied.

3398 1703 203 43 Christening,
3805 1703 58 33 and
3887 1702 146 43 Birthday

3397 1750 94 31 Cakes
3511 1750 86 31 made
3622 1760 39 21 on
3685 1749 51 31 the
3757 1750 128 30 shortest
3906 1748 126 41 possible

3664 1792 106 32 notice.

3471 1860 40 33 H.
3535 1858 152 38 YOUNG,
3703 1858 72 34 Cliff
3797 1858 55 38 St.,
3868 1857 95 39 Lyell.

3506 1947 178 41 JAMES
3732 1946 189 47 INGLIS,

3400 2060 310 62 gHAREBROKER
3743 2061 19 28 &
3793 2057 238 32 COMMISSION

3614 2192 205 34 AGENT,

3474 2303 116 28 Cliff
3628 2301 158 32 STREET,
3822 2298 141 29 LYELL.

3417 2391 128 38 POST
3587 2390 194 38 OFFICE
3824 2387 190 41 HOTEL,

3605 2447 219 30 LYELL.

3449 2545 224 40 PETER
3703 2542 281 41 MANGOS

3400 2609 141 70 BEGS
3561 2613 28 24 to
3603 2610 103 27 inform
3725 2607 44 28 his
3786 2607 104 27 Iricnds
3911 2606 56 28 and
3987 2606 48 28 the

3502 2647 93 38 public
3617 2647 62 28 that
3703 2646 43 28 his
3765 2654 61 18 new
3846 2643 189 29 commodious

3570 2686 86 28 Hotel
3668 2686 24 27 is
3704 2693 63 19 now
3780 2693 81 26 open.

3396 2724 154 28 Travellers
3569 2724 55 28 and
3642 2723 110 28 visitors
3770 2726 28 24 to
3817 2721 57 28 this
3892 2720 131 28 establish

3431 2766 78 26 ment
3521 2762 56 30 will
3589 2761 59 29 find
3660 2761 72 29 their
3741 2758 119 30 comfort
3868 2758 55 29 and
3935 2767 48 20 con-

3466 2802 131 28 venience
3607 2800 168 37 thoroughly
3784 2797 131 31 attended
3927 2802 38 25 to.

3397 2841 58 28 The
3468 2841 148 28 bedrooms
3638 2849 46 19 are
3694 2840 78 34 lofty,
3786 2837 56 29 and
3854 2837 64 28 well
3931 2836 105 36 lighted

3600 2878 56 29 and
3676 2876 159 30 ventilated.

3433 2956 207 27 Comfortable
3669 2955 130 26 Parlors
3825 2961 56 19 and
3901 2952 85 28 First-

3617 2999 82 22 class
3716 2992 106 28 Table.

3416 3033 60 27 One
3499 3032 30 28 of
3548 3032 128 27 Alcock's
3690 3030 79 28 Prize
3782 3028 118 29 Billiard
3912 3027 108 29 Tables.

3400 3108 59 30 The
3471 3107 58 30 Bar
3541 3108 23 28 is
3577 3106 113 30 stocked
3700 3105 69 30 with
3782 3105 74 33 Ales,
3866 3104 106 34 Wines,
3984 3103 55 30 and

3453 3147 98 36 Spirits
3564 3148 29 25 of
3609 3144 169 38 guaranteed
3796 3144 103 27 brands
3911 3144 75 35 only.

3433 3185 24 30 A
3475 3185 146 29 first-class
3641 3182 185 31 sixteen-stall
3838 3181 88 30 stable
3938 3182 75 28 iscon-

3399 3225 99 29 nected
3511 3225 68 28 with
3593 3224 57 29 this
3664 3223 85 28 hotel.

3653 3261 126 28 PETER
3803 3259 167 30 MANGOS,

3836 3298 156 34 Proprieor.

3433 3392 266 32 FREDERICK
3716 3390 143 32 JONES
3878 3390 28 30 &
3925 3389 80 38 CO.,

3403 3442 198 60 CABINET
3616 3441 154 28 MAKERS
3783 3440 79 28 AND
3874 3437 138 31 UPHOLS-

3642 3478 159 32 TERERS,

3499 3533 186 28 PalmersToN
3704 3531 54 33 St.,
3771 3529 165 32 Westport,

3401 3580 67 28 New
3482 3578 148 29 Furniture
3643 3577 54 29 and
3718 3577 127 36 Bedding
3856 3576 177 31 Warehouse.

3470 3618 122 37 opposite
3607 3617 122 37 Hughe's
3743 3616 113 37 Empire
3870 3614 92 30 Hotel.

3401 3667 133 35 Worshop
3546 3673 5 19 :
3555 3665 162 36 —Opposite
3730 3663 87 28 Bailie
3831 3664 21 25 &
3864 3663 72 27 Co.'s
3946 3663 87 27 Store.

3401 3743 116 29 JONES
3538 3743 21 27 &
3580 3742 57 28 CO.
3652 3742 69 27 have
3742 3742 28 26 in
3791 3740 76 28 stock
3880 3749 16 18 a
3908 3739 70 36 good
3991 3749 27 17 as-

3402 3782 89 29 sorted
3512 3782 39 28 lot
3572 3781 30 28 of
3621 3779 106 29 Double
3749 3780 54 28 and
3826 3778 93 36 Single
3935 3777 102 38 Spring

3403 3821 169 32 Mattrasses,
3586 3818 106 30 Doutile
3706 3818 54 28 and
3780 3817 91 36 Single
3893 3817 66 27 Iron
3979 3816 56 28 and

3402 3858 88 29 Wood
3503 3857 160 32 Bedsteads,
3671 3857 46 27 the
3729 3856 139 35 Longford
3879 3855 72 28 Wire
3962 3855 73 28 Beds

3403 3897 145 29 Palliasses
3570 3896 68 28 Flax
3660 3894 169 32 Mattrasses,
3845 3893 110 28 Pillows
3979 3892 55 28 and

3402 3935 133 32 Bolsters,
3562 3932 191 34 Washstands,
3777 3932 131 34 Dressing
3929 3931 108 32 Tables,

3402 3973 89 29 Toilet
3506 3973 60 28 Sets
3579 3970 54 29 and
3656 3971 111 28 Glasses
3781 3970 47 36 (all
3840 3970 90 33 sizes),
3943 3968 92 28 Towel

3403 4012 86 32 Rails,
3502 4011 113 29 Cornice
3629 4010 86 33 Poles,
3727 4009 86 34 Rings
3824 4007 54 30 and
3890 4006 143 34 Brackets,

3402 4051 129 26 Austrian
3546 4050 54 26 and
3615 4048 119 27 Kitchen
3748 4048 97 26 Chairs
3857 4046 54 26 and
3925 4046 108 29 Tables,

3401 4088 133 33 Couches,
3557 4086 87 34 Sofas,
3666 4085 97 29 Chests
3783 4084 29 29 of
3830 4084 127 29 Drawers
3979 4082 54 29 and

3402 4126 186 30 Chfcffioniers,
3610 4125 146 26 Whatnots
3783 4124 46 34 (all
3854 4124 90 30 sizes),
3970 4122 64 27 Side

3402 4164 54 30 and
3469 4163 87 38 Gipsy
3570 4163 96 29 Tables
3678 4162 30 28 in
3720 4160 79 30 black
3817 4159 55 30 and
3893 4159 72 36 gold,
3979 4158 56 29 and

3401 4204 72 34 gold,
3487 4203 55 28 and
3555 4203 36 28 all
3603 4202 82 28 kinds
3698 4201 29 28 of
3746 4201 92 35 Fancy
3859 4199 98 28 Tables
3979 4198 55 28 and

3403 4240 138 29 Brackets.
3572 4239 146 29 American
3729 4236 228 34 Perambulators,
3966 4237 49 27 Bas-

3401 4281 127 31 ketware,
3542 4279 45 28 &e.

3438 4319 71 30 lis?*
3522 4318 43 27 All
3583 4318 92 27 orders
3696 4314 140 30 entrusted
3849 4318 27 24 to
3889 4323 33 18 us
3934 4314 55 28 will
4002 4313 32 28 be

3403 4357 160 36 punctually
3576 4355 128 29 attended
3721 4360 36 22 to.

3437 4395 70 27 N.B.
3508 4394 80 27 —All
3600 4394 80 26 kinds
3692 4392 31 28 of
3739 4393 124 34 Turnery
3875 4390 74 28 work
3962 4391 70 26 done

3402 4441 36 21 on
3449 4432 45 29 the
3505 4432 138 37 premises.
3681 4429 115 29 Billiard
3806 4429 77 28 Balls
3892 4427 141 29 re-turned

3403 4472 54 27 and
3470 4471 135 33 coloured,
3620 4469 80 36 equal
3713 4473 27 24 to
3749 4478 70 22 new,
3833 4468 42 34 15/
3889 4476 47 28 per
3948 4471 49 23 set.

3403 4563 42 30 To
3480 4572 55 20 our
3571 4561 174 31 Customers
3776 4569 29 20 in
3836 4568 56 21 the
3923 4558 110 29 Lyell.

3581 4669 271 32 NOTICE.

3483 4781 138 42 tt|ITH
3636 4791 16 20 a
3670 4780 73 31 view
3765 4782 30 29 to
3817 4779 141 38 reducing

3493 4812 44 51 VV
3589 4836 53 21 our
3675 4824 81 40 large
3803 4822 82 31 stock
3929 4822 32 31 of

3482 4868 192 32 DRAPERY
3695 4869 21 29 &
3740 4866 215 34 CLOTHINC,

3482 4925 43 21 we
3552 4924 50 22 are
3625 4911 123 42 holding
3775 4921 16 22 a
3820 4909 137 42 Clearing
3988 4909 3 44 .

3484 4958 77 35 Sale,
3583 4957 59 30 and
3664 4956 61 30 will
3748 4956 35 30 be
3805 4955 98 39 happy
3927 4959 30 26 to

3483 5001 36 30 do
3548 5010 15 20 a
3592 5000 59 30 line
3676 5009 31 21 or
3732 5000 57 29 two
3814 4997 71 30 with
3906 4996 51 31 the

3482 5044 74 39 good
3570 5043 103 40 people
3687 5042 31 32 of
3734 5041 50 31 the
3800 5040 85 41 Lyell
3899 5040 59 31 and

3483 5087 124 31 district.

3522 5179 54 31 We
3585 5179 74 31 have
3669 5178 126 32 reduced
3804 5187 53 21 our
3863 5175 94 43 prices

3482 5224 38 40 by
3534 5234 55 21 one
3600 5222 90 37 third,
3704 5222 58 32 and
3774 5231 31 23 as
3817 5231 86 31 every
3913 5224 28 28 at-

3482 5267 117 30 tention
3614 5267 24 30 is
3652 5267 87 39 given
3754 5269 30 26 to
3798 5266 100 29 orders
3918 5262 39 42 by

3483 5313 65 38 post
3563 5321 32 20 or
3610 5309 164 35 otherwise,
3790 5308 22 31 it
3836 5307 61 32 will
3921 5307 36 32 be

3483 5358 30 28 to
3523 5363 72 31 your
3603 5354 123 31 interest
3737 5359 30 25 to
3779 5352 71 32 send
3862 5361 16 21 a
3890 5351 68 31 trial

3483 5398 93 32 order.

3524 5489 63 31 The
3609 5489 162 38 advantage
3796 5487 31 31 of
3848 5486 110 41 buying

3485 5542 30 25 at
3531 5534 49 33 the
3595 5535 117 40 present
3727 5531 69 33 time
3818 5530 25 33 is
3866 5529 93 43 really

3485 5579 61 29 this
3558 5589 48 19 :
3620 5577 65 30 You
3721 5581 48 34 get
3796 5577 40 29 £3
3866 5575 93 30 worth

3485 5622 44 33 for
3549 5622 61 32 -10s.

3461 5713 44 40 E.
3533 5714 34 39 J.
3596 5710 216 42 WARNER
3838 5711 32 40 &
3896 5710 84 48 CO.,

3419 5777 58 63 Flic
3504 5775 78 65 Hi
3607 5775 36 63 of
3664 5776 204 67 Commerce,
3900 5774 137 63 Kelson.
