4120 5964
74 226 77 27 thiuk
165 224 115 32 nothing
292 224 30 28 of
339 224 39 37 ir.J
421 224 61 27 And
496 224 28 27 in
538 224 76 28 these
637 224 67 37 (lays

74 275 24 26 of
110 272 129 29 scientific
249 272 122 27 research
383 271 51 28 and
451 271 147 33 invention,
611 271 89 30 dentnl
712 271 1 40 |

74 330 127 23 surgeons
225 320 68 27 liave
311 318 110 28 become
436 329 28 17 so
480 320 140 33 proficient
643 320 58 27 that
712 318 1 35 1

74 358 44 28 the
132 357 137 38 operation
284 358 21 26 is
319 362 46 23 not
379 358 63 35 only
456 357 152 36 performed
624 357 62 28 with-

74 403 46 21 out
142 397 73 36 pain,
229 397 48 27 but
303 397 43 27 the
372 397 149 27 extraction
546 397 28 27 of
597 406 35 18 an
658 397 42 27 old

73 437 64 31 fang
160 435 124 27 becomes
309 443 15 18 a
350 435 113 34 positive
489 434 106 35 luxury.
644 435 57 26 The

74 473 88 28 action
176 473 29 26 of
214 472 179 32 anesthetics,
405 472 133 31 however,
553 472 21 27 is
595 472 107 27 various

74 512 27 27 in
117 511 172 30 individuals,
301 520 15 18 a
329 511 59 35 pint
398 510 29 27 of
441 520 47 23 gas
501 510 54 27 will
570 511 65 26 r.end
650 519 50 19 one

73 551 104 35 patient
190 549 40 28 off
247 550 57 27 into
318 549 242 28 unconsciousness
574 553 26 24 at
622 558 76 25 once,

72 589 90 27 whilst
175 588 114 28 another
301 598 64 26 may
379 586 100 30 imbibe
492 588 105 34 gallons
611 588 29 28 of
656 588 45 28 the

71 636 120 27 vapoury
205 626 131 33 beverage
356 626 115 28 without
484 636 14 18 a
513 631 114 29 stagger.
674 626 26 28 It

71 677 29 18 so
114 665 152 39 happened,
280 670 49 24 not
351 665 63 36 long
428 675 59 24 ago,
501 665 61 29 that
575 675 14 19 a
612 665 87 28 friend

73 707 29 27 of
111 706 74 28 mine
198 705 140 36 requested
353 715 44 17 mo
411 709 26 24 to
451 715 169 25 accompany
642 705 57 27 him

72 749 28 21 to
113 752 16 17 a
142 743 91 26 dental
247 751 120 26 surgery,
381 742 54 26 and
454 751 30 17 as
498 743 33 25 he
549 742 151 35 explained,

71 781 59 30 that
145 779 33 31 he
191 789 55 20 was
259 779 82 39 going
355 784 26 25 to
391 779 70 30 have
475 789 15 20 a
501 779 75 30 tooth
586 784 47 25 out
646 779 53 29 and

71 821 60 28 that
153 821 45 27 the
212 821 139 35 operation
365 829 54 18 was
442 823 27 24 to
491 819 32 28 bo
545 820 153 35 performed

70 858 92 27 whilst
174 857 86 28 under
280 858 45 27 the
338 857 134 27 influence
485 857 30 27 of
534 866 54 24 gas,
602 858 21 27 it
645 866 56 18 was

71 905 144 26 necessary
226 895 59 29 that
298 905 15 19 a
323 895 108 28 witness
442 894 96 28 should
550 894 31 28 be
592 898 108 32 present

70 932 27 28 in
112 943 60 19 case
185 934 29 28 of
224 933 162 36 unpleasant
398 941 206 27 consequences.
650 932 49 28 Wo

72 972 66 37 duly
158 971 106 30 arrived
284 974 28 26 at
332 971 47 28 the
403 971 162 36 convincing
586 969 113 38 ground,

75 1011 53 28 and
141 1021 29 18 as
183 1011 46 29 the
241 1011 104 36 patient
357 1009 53 28 had
424 1011 80 34 given
518 1010 88 27 notice
621 1010 29 27 of
658 1009 41 28 his

75 1049 129 28 intended
226 1049 71 32 visit,
311 1058 40 18 we
372 1047 68 36 fully
454 1047 127 36 expected
602 1051 28 24 to
644 1047 56 27 find

75 1088 36 27 all
125 1087 45 29 the
183 1087 155 36 appliances
351 1085 54 28 and
416 1085 45 28 the
475 1088 123 33 operator
609 1085 90 35 ready.

75 1125 57 29 The
144 1134 77 19 room
238 1134 56 19 was
313 1124 140 28 furnished
466 1123 66 28 with
555 1123 46 29 the
623 1122 77 28 usual

75 1164 141 37 requisites
235 1164 41 28 for
288 1162 110 36 digging
419 1165 47 26 out
489 1162 116 28 molars:
624 1161 76 29 there

75 1212 56 20 wr.s
153 1212 15 20 a
186 1202 77 29 chair
280 1201 64 29 with
365 1211 35 19 110
419 1200 52 30 end
491 1201 29 28 of
538 1200 85 37 joints
647 1200 52 29 and

75 1242 84 27 levers
172 1240 89 28 which
275 1240 46 28 the
334 1240 101 27 dentist
446 1239 135 27 informed
600 1248 33 18 us
645 1248 56 18 was

75 1278 47 31 the
144 1277 127 40 grandest
293 1277 140 29 invention
447 1276 30 30 of
495 1277 46 29 the
561 1284 67 31 age;
647 1286 54 28 you

75 1320 54 28 had
152 1319 65 35 only
238 1322 27 25 to
285 1319 35 27 sit
338 1318 29 28 in
388 1317 31 34 it,
432 1317 53 28 and
508 1317 35 36 by
555 1327 16 19 a
588 1317 60 36 jerk
668 1317 34 28 he

76 1357 80 27 could
168 1360 44 31 get
224 1365 54 26 you
300 1356 58 27 into
373 1364 54 25 any
450 1355 102 26 desired
574 1355 127 35 position,

77 1395 53 28 and
148 1394 23 30 it
188 1403 56 20 was
261 1393 59 38 just
339 1392 91 37 lovely
444 1395 27 26 to
492 1392 70 29 have
586 1402 16 19 a
625 1392 76 29 tooth

75 1433 92 35 pulled
180 1436 48 23 out
239 1433 28 26 in
281 1432 30 27 it.
348 1432 87 26 There
447 1440 56 18 was
517 1440 15 18 a
545 1431 86 35 grand
651 1432 38 25 dis-

75 1470 66 38 play
153 1469 30 30 of
192 1470 65 28 false
271 1468 72 30 teeth
357 1468 54 29 and
423 1477 88 27 gums,
522 1468 14 28 I
550 1468 82 28 asked
645 1467 57 28 him

76 1508 23 29 if
109 1509 65 36 thoy
188 1517 63 20 ever
263 1507 95 33 ached,
371 1507 48 28 but
431 1507 46 28 the
498 1508 76 27 artist
588 1506 46 28 did
654 1510 48 24 not

76 1555 73 20 seem
163 1550 28 25 to
212 1545 185 33 understand;
417 1545 64 28 then
495 1545 76 28 there
591 1553 55 19 was
669 1553 33 18 an

75 1593 81 28 array
169 1584 29 29 of
212 1585 105 36 pincors
330 1583 29 29 of
376 1582 81 29 blood
470 1582 123 36 curdling
606 1583 97 36 shapes

76 1624 54 29 and
146 1632 190 28 appearances,
351 1622 53 28 and
423 1622 52 29 last
488 1621 29 29 of
536 1621 35 28 all
590 1622 46 28 the
656 1631 47 25 gas

77 1663 115 32 fixings;
219 1661 48 27 the
286 1669 46 26 gas
351 1660 95 27 holder
471 1669 56 18 was
553 1660 82 27 about
658 1660 46 26 the

77 1701 55 28 size
146 1698 53 31 and
212 1698 83 39 shape
309 1698 29 29 of
348 1708 16 19 a
374 1697 163 39 quicksilver
547 1697 93 34 bottle,
651 1696 52 30 and

77 1741 45 27 the
136 1743 125 32 operator
279 1738 57 28 said
351 1739 21 27 it
393 1738 63 28 held
478 1739 50 27 100
549 1738 154 33 gallonsl

78 1778 82 28 asked
174 1777 57 28 him
245 1776 24 30 if
278 1777 20 27 it
311 1778 96 26 wasn't
420 1775 91 28 rather
524 1784 15 18 a
551 1775 70 34 tight
634 1774 31 28 fit
677 1780 27 22 to

78 1824 113 29 squeeze
205 1814 59 30 that
286 1814 126 38 quantity
424 1813 58 29 into
505 1823 15 19 a
534 1813 59 28 half
612 1812 90 37 gallon

78 1854 166 36 receptacle;
263 1853 53 29 and
330 1853 34 28 ho
381 1851 141 37 explained
535 1852 60 28 that
607 1851 21 28 it
649 1861 55 18 was

77 1891 103 38 packed
193 1891 28 28 in
244 1900 66 27 very
322 1890 78 28 hard.
443 1889 66 28 This
522 1889 78 35 thing
622 1889 55 28 had
690 1898 15 19 a

77 1931 62 36 pipe
152 1930 107 35 leading
271 1930 27 27 in
311 1929 45 29 the
370 1929 129 28 direction
511 1929 30 28 of
550 1928 45 29 the
607 1931 96 33 patent

77 1968 76 27 chair
165 1967 54 29 and
233 1977 16 18 a
261 1971 55 24 sort
329 1967 31 27 of
369 1970 191 31 arrangement
570 1966 53 28 like
633 1975 15 18 a
659 1966 44 31 fog

78 2006 70 29 horn
162 2016 35 19 on
210 2006 46 29 the
268 2004 52 30 end
331 2004 88 30 which
433 2004 77 29 fitted
523 2004 46 28 the
579 2006 126 35 patient's

76 2045 97 27 mouth
188 2053 28 19 bo
229 2044 61 27 that
303 2035 34 35 lie
349 2042 90 28 would
460 2042 62 28 take
534 2044 28 24 in
576 2043 46 26 the
635 2051 47 26 gas
694 2049 5 19 :

77 2081 121 29 between
211 2081 46 29 the
270 2080 172 37 mouthpiece
452 2081 54 27 and
518 2080 47 28 the
575 2079 131 29 reservoir

78 2129 56 19 was
164 2129 35 19 an
224 2120 75 28 india
329 2119 97 28 rubber
449 2119 52 35 bag
525 2119 89 28 which
640 2118 63 28 held

78 2158 83 29 about
176 2158 59 28 four
247 2157 115 35 gallons.
406 2156 76 29 After
494 2165 16 19 a
522 2155 183 29 considerable

77 2199 114 29 amount
202 2195 29 32 of
249 2194 105 39 fussing
374 2195 92 35 about,
480 2194 43 30 Mr
536 2194 109 31 Dentist
666 2204 25 20 re-

79 2237 112 35 quested
216 2237 42 26 his
279 2236 94 27 victim
398 2239 28 23 to
451 2238 56 25 seat
528 2234 123 31 himself;
671 2234 34 27 lie

77 2274 68 28 then
169 2272 186 38 manipulated
376 2272 45 28 the
443 2272 85 28 levers
547 2271 53 29 and
622 2271 84 37 joints

79 2314 39 28 lill
132 2312 33 29 he
179 2316 45 32 got
237 2312 59 29 him
313 2313 56 27 into
384 2311 93 37 shape,
491 2311 54 29 and
567 2310 65 29 then
646 2320 44 27 pro-

78 2351 99 30 ceeded
192 2355 27 24 to
233 2351 38 27 fill
285 2350 46 29 the
343 2350 52 34 bag
407 2349 64 27 with
483 2359 56 25 gas,
553 2349 106 36 talking
670 2349 35 27 all

78 2392 47 26 the
138 2390 80 28 while
231 2388 83 30 about
332 2388 46 28 the
391 2387 114 30 absence
518 2388 30 28 of
558 2387 101 36 danger
677 2388 28 27 in

77 2429 36 27 its
136 2437 57 24 use,
218 2427 54 28 and
297 2427 46 28 the
367 2427 134 35 heavenly
525 2426 113 35 feelings
662 2426 51 36 ex-;

78 2465 143 38 perienced
233 2465 36 37 by
282 2465 45 29 the
341 2464 111 37 subject.
490 2464 15 28 I
517 2463 108 30 noticed
647 2463 59 29 that

78 2505 74 28 there
174 2514 56 18 was
243 2513 35 18 110
301 2512 167 27 appearance
487 2503 30 27 of
532 2502 124 27 inflation
675 2502 29 27 in

76 2543 46 29 the
137 2542 51 36 bag
199 2541 54 30 and
266 2540 143 38 suggested
423 2540 58 29 that
500 2540 34 29 he
548 2540 99 29 should
670 2540 36 29 let

73 2591 35 18 on
122 2590 16 19 a
151 2582 68 27 little
238 2590 75 18 more
327 2583 85 25 steam
426 2589 6 24 ;
452 2580 34 27 110
499 2580 46 27 did
558 2589 37 22 so,
609 2579 54 28 and
677 2580 26 26 in

75 2629 15 19 a
110 2620 51 28 few
174 2620 118 27 minutes
314 2618 60 28 that
394 2620 61 34 part
474 2617 32 29 of
524 2618 45 28 the
583 2618 122 28 business

76 2667 55 19 was
144 2657 91 38 ready,
250 2657 65 28 then
329 2656 34 28 ho
377 2665 67 26 gave
458 2666 15 18 a
485 2656 52 28 few
547 2665 75 20 more
632 2655 73 38 jerks

75 2701 29 24 at
116 2696 46 28 the
173 2696 76 28 chair
258 2695 53 29 and
325 2695 82 28 asked
421 2695 46 28 the
481 2695 104 35 patient
596 2695 61 28 how
669 2695 35 27 he

76 2735 65 34 felt;
160 2734 79 37 again
251 2733 111 29 assured
374 2733 58 28 him
447 2733 76 28 there
531 2742 56 19 was
600 2736 49 25 not
659 2733 46 28 the

75 2774 112 35 slightest
207 2773 110 37 danger,
331 2772 54 29 and
404 2782 57 19 was
473 2771 83 30 about
575 2775 28 26 to
623 2771 82 37 apply

75 2813 46 26 the
132 2812 43 32 fog
187 2811 69 28 horn
266 2811 78 28 when
356 2810 34 27 he
404 2810 59 27 said
511 2810 75 33 Hah,
598 2810 14 26 I
626 2810 79 26 think

78 2850 21 29 it
117 2848 55 32 will
193 2849 32 31 be
243 2849 87 30 better
348 2852 28 27 to
399 2857 48 21 use
472 2858 15 19 a
511 2857 61 28 gag,
598 2857 29 20 as
651 2857 54 28 you

77 2888 90 35 might
179 2891 47 23 not
239 2891 43 30 get
303 2888 47 26 the
371 2887 50 26 full
434 2887 78 26 effect
525 2887 29 26 of
571 2887 45 25 the

80 2924 77 30 Then
176 2923 34 30 he
229 2923 91 30 fussed
343 2922 81 30 about
445 2923 40 29 for
509 2931 15 21 a
547 2922 80 30 while
652 2922 53 30 and

79 2963 116 35 brought
217 2968 47 23 out
288 2972 163 25 some-gags
468 2963 90 27 which
585 2962 31 28 he
642 2972 44 25 pro-

80 2999 98 30 ceeded
190 3003 27 24 to
228 3003 43 32 try
281 3009 44 23 on,
337 3008 29 19 or
376 2999 38 32 in,
421 3008 47 26 my
478 2999 112 26 friend's
599 2999 107 32 mouth,

83 3039 68 29 after
168 3037 106 39 prizing
292 3037 43 30 his
351 3037 68 38 jaws
431 3036 84 31 about
533 3041 28 26 to
580 3036 71 30 their
663 3040 27 25 ut-

80 3081 71 24 most
169 3078 85 27 limits
267 3077 34 27 lie
315 3081 28 23 at
360 3077 52 27 last
431 3079 46 32 got
491 3085 50 19 one
559 3077 29 26 in
601 3079 28 25 to
649 3077 54 26 suit

82 3115 68 35 him,
164 3114 52 30 and
230 3114 97 38 gazing
339 3123 72 29 upon
425 3113 59 29 him
497 3113 41 29 for
557 3123 14 19 a
585 3117 123 26 moment

82 3155 66 28 with
162 3159 108 32 rapture
282 3154 33 28 he
329 3154 57 28 said
433 3153 42 29 Do
489 3163 52 26 .yon
555 3153 79 29 think
647 3154 61 28 that

82 3192 55 29 will
162 3193 34 28 do
315 3192 52 33 Ah,
391 3191 60 27 Yah
520 3200 57 18 was
601 3191 35 27 all
661 3192 46 27 the

79 3231 78 36 reply
170 3231 46 29 the
225 3230 111 28 sufferer
344 3229 79 29 could
435 3229 89 29 make.
533 3242 8 4 -
562 3229 14 28 I
590 3229 116 36 thought

80 3269 47 29 the
141 3270 137 36 operation
287 3268 90 29 would
388 3277 61 19 now
460 3267 79 37 begin
552 3269 27 26 in
590 3272 115 26 earnest,

80 3308 49 28 but
141 3308 35 27 he
188 3311 73 24 went
270 3317 35 18 on
319 3310 27 25 to
357 3306 107 37 explain
475 3316 79 25 again
562 3306 61 28 that
631 3306 75 27 there

78 3345 90 29 would
179 3345 32 28 be
219 3354 36 18 no
268 3345 108 33 danger,
390 3344 54 27 and
457 3344 59 27 that
529 3344 23 27 if
562 3344 33 28 he
640 3344 64 27 took
712 3340 1 42 j

144 3383 96 37 kindly
262 3382 34 28 he
317 3382 90 28 would
425 3385 63 25 turn
506 3381 62 29 blue
581 3392 30 18 or
630 3391 74 19 some

80 3422 78 29 other
170 3421 100 34 colour,
284 3420 54 30 and
360 3420 65 30 then
444 3420 34 29 he
491 3420 83 29 found
592 3420 46 30 the
658 3431 47 27 gas

78 3460 53 37 bag
155 3460 54 29 had
233 3460 96 28 leaked
353 3464 55 24 out.
463 3460 66 27 This
552 3469 74 19 error
650 3469 55 19 was

80 3498 120 29 rectified
217 3498 54 29 and
292 3497 66 29 then
371 3497 45 28 the
435 3497 45 34 fog
499 3497 67 28 horn
581 3506 56 19 was
660 3498 30 27 ad-

77 3537 100 38 justed,
196 3536 54 30 and
270 3535 45 31 the
334 3536 105 37 patient
457 3535 129 30 breathed
604 3537 29 28 in
660 3536 46 29 the

80 3584 104 29 vapour
207 3575 42 30 for
273 3584 73 21 some
371 3575 125 33 minutes,
510 3574 46 29 the
581 3578 125 34 operator

77 3614 116 36 keeping
221 3623 38 28 up
282 3624 15 19 a
316 3613 119 36 running
459 3618 137 25 comment
621 3613 84 29 thus:

106 3653 44 28 He
161 3653 76 29 takes
245 3653 22 28 it
477 3653 89 28 Never
574 3652 53 29 had
637 3652 67 29 such

79 3700 16 19 a
104 3692 121 28 beautiul
415 3692 43 27 Do
478 3700 56 28 you
546 3692 89 27 notice
647 3692 59 26 him

81 3731 111 37 turning
313 3730 54 30 and
380 3739 29 21 so
423 3739 43 22 on.
504 3730 142 38 Presently
661 3729 44 31 the

80 3771 104 35 subject
204 3779 67 25 gave
285 3780 16 18 a
322 3770 71 32 kick,
407 3771 54 27 and
483 3770 91 35 pulled
595 3771 45 27 the
663 3771 45 33 fog

78 3807 70 28 horn
170 3815 85 28 away.
293 3807 106 27 Horror
411 3807 5 27 !
444 3807 45 27 the
503 3815 52 27 gag
576 3806 53 28 had
644 3807 49 35 slip-

77 3845 52 38 ped
140 3853 6 28 ;
176 3855 47 27 my
245 3845 97 35 friend,
357 3855 29 19 as
406 3855 65 19 soon
485 3854 30 20 as
536 3845 34 30 lie
593 3845 56 29 had
668 3855 26 19 re-

79 3884 113 28 covered
205 3885 69 27 from
286 3887 156 32 temporary
456 3884 59 27 lock
525 3884 64 35 jaw,
600 3883 108 28 wanted

78 3926 29 25 to
126 3921 80 30 know
226 3921 61 30 how
306 3922 82 29 much
409 3922 29 29 of
454 3921 46 29 the
519 3921 130 38 beverage
673 3921 35 28 he

76 3961 55 28 had
141 3961 156 29 consumed.
334 3961 28 28 Jt
374 3970 56 19 was
442 3961 61 28 four
515 3961 104 35 gallons
638 3961 70 35 good

78 4008 132 22 measure,
236 3999 48 29 but
307 3998 22 29 it
353 3999 55 29 had
432 4007 49 20 not
505 3999 46 28 the
585 3999 125 34 slightest

80 4039 79 30 effect
167 4047 35 20 on
212 4038 66 30 him.
310 4039 131 37 Operator
452 4038 68 34 said,

80 4078 146 35 prevented
240 4077 57 27 him
311 4078 105 35 getting
428 4077 49 27 full
490 4077 86 32 effect,
589 4081 76 23 must
676 4086 33 25 go

81 4118 27 25 to
122 4113 117 31 barber's
252 4113 41 30 for
306 4123 65 29 soap
384 4113 54 30 and
452 4113 83 29 brush
546 4113 54 30 and
620 4114 88 29 lather

217 4154 14 28 I
256 4153 142 37 suggested
424 4153 127 37 bringing
575 4163 64 19 over
663 4154 46 28 the

80 4192 96 28 barber
195 4193 54 27 and
268 4192 42 28 his
329 4192 68 35 shop
416 4195 51 24 tea.
517 4192 43 27 He
585 4192 64 27 took
673 4201 35 18 no

82 4231 97 34 notice,
199 4229 49 31 but
269 4230 48 30 left
337 4239 41 20 us.
423 4229 69 30 Half
511 4238 35 20 an
568 4229 69 30 hour
656 4229 54 30 had

82 4270 109 36 elapsed
205 4270 54 28 and
269 4269 13 28 I
295 4280 56 17 was
362 4269 104 36 getting
480 4279 16 18 a
508 4269 38 27 bit
557 4269 153 36 impatient.

82 4307 76 29 After
177 4317 16 19 a
211 4307 81 28 while
311 4307 46 28 the
376 4307 101 29 dentist
498 4307 127 28 returned
645 4307 65 28 with

82 4347 115 34 shaving
205 4356 65 27 soap
283 4346 52 29 and
350 4346 92 33 brush,
456 4346 54 28 and
523 4346 188 28 endeavoured

83 4388 28 24 to
132 4384 192 28 manufacture
348 4393 75 19 some
448 4384 96 27 lather.
593 4384 14 26 I
632 4385 80 32 again

83 4430 77 20 came
170 4426 27 24 to
212 4422 45 28 the
268 4431 92 19 rescue
374 4421 53 27 and
440 4420 143 37 suggested
594 4420 60 30 that
664 4421 48 29 hot

81 4464 85 26 water
178 4469 55 19 was
247 4460 45 28 the
307 4460 78 28 usual
407 4455 78 40 thing
498 4462 27 26 to
538 4467 47 21 use
598 4459 41 29 for
652 4459 60 30 that

81 4507 130 29 purpose;
231 4499 33 29 he
275 4499 157 36 acquiesced
442 4499 55 28 and
507 4499 27 28 in
545 4508 15 19 a
568 4498 70 29 fitful
647 4499 65 28 kind

83 4538 30 28 of
122 4547 59 27 way
191 4541 72 25 went
277 4542 26 23 to
317 4537 82 31 work,
411 4537 155 28 sometimes
576 4537 136 35 lathering

79 4576 43 29 his
136 4577 103 36 patient
252 4575 54 28 and
319 4576 156 27 sometimes
488 4575 46 28 the
546 4575 75 28 wash
633 4575 79 28 basin

82 4615 42 29 till
146 4615 33 29 he
192 4614 108 30 seemed
322 4618 28 25 to
364 4614 95 37 satisfy
471 4614 111 28 himself
598 4614 61 29 that
678 4614 34 29 he

82 4655 54 28 had
150 4654 80 28 made
245 4664 48 25 my
308 4654 88 27 friend
418 4653 113 28 hideous
544 4654 107 34 enough
673 4654 40 27 for

82 4701 68 17 even
173 4692 132 26 scientific
327 4691 134 35 dentistry
473 4698 5 25 ;
499 4691 65 26 then
578 4691 33 26 he
634 4692 77 26 stuck

82 4729 57 28 him
153 4729 28 27 in
195 4728 47 29 the
255 4727 76 30 chair
344 4728 89 36 again,
447 4727 69 29 fixed
529 4728 113 28 another
652 4738 59 24 gag,

81 4768 55 27 and
159 4767 84 28 found
261 4767 60 27 that
341 4767 33 27 he
393 4766 54 27 had
466 4766 134 35 forgotten
618 4770 27 24 to
673 4767 39 28 fill

80 4805 47 29 the
140 4814 46 28 ges
207 4805 68 37 bag;
296 4804 54 29 this
371 4803 160 37 interesting
552 4803 49 31 but
621 4806 75 27 weari-

83 4854 75 19 some
180 4844 140 35 operation
334 4853 55 18 was
411 4843 78 35 again
504 4853 68 25 gone
594 4844 118 32 through

82 4882 55 27 and
150 4882 65 27 then
229 4882 46 27 tho
289 4881 89 28 lather
391 4880 55 28 had
459 4885 46 31 got
527 4881 51 34 dry
591 4881 54 28 and
666 4882 46 27 the

82 4924 85 25 water
179 4919 55 29 had
246 4923 46 34 got
312 4918 69 35 cold,
395 4929 29 19 so
437 4918 184 30 considerable
645 4919 67 30 time

82 4959 109 36 elapsed
210 4959 89 28 before
322 4959 45 27 the
379 4958 45 35 fog
437 4958 68 28 horn
518 4969 56 17 was
586 4959 71 28 fixed
677 4970 35 18 on

83 4998 100 35 again.)
204 4997 77 27 Then
303 4996 34 27 he
350 4996 156 35 frantically
519 4996 85 27 called
618 5000 47 23 out
685 5001 27 24 to

83 5045 45 19 me
142 5038 28 26 to
216 5036 35 28 let
264 5034 57 29 him
336 5034 68 28 have
504 5034 13 28 I
532 5038 48 33 put
593 5044 33 19 on
638 5045 15 19 a
663 5035 49 29 full

82 5074 70 28 head
166 5074 29 27 of
211 5078 87 23 steam
313 5073 52 28 and
379 5074 28 26 in
420 5082 15 18 a
449 5074 92 34 couple
556 5073 29 28 of
594 5075 119 26 minutes

83 5111 46 31 the
143 5111 51 37 bag
207 5121 55 20 was
272 5113 95 35 empty
378 5111 52 29 and
444 5120 47 28 my
506 5110 87 30 friend
607 5112 104 29 instead

82 5152 29 27 of
131 5151 82 36 being
237 5161 15 18 a
277 5150 116 36 helpless
412 5160 93 26 corpse
523 5160 55 18 was
600 5151 58 35 just
683 5162 29 17 as

82 5189 83 35 lively
179 5198 29 19 as
221 5198 71 19 evor.
329 5188 57 29 The
400 5188 110 28 Dentist
522 5197 55 20 was
590 5188 121 29 amazed.

111 5228 92 36 Wll3'!
240 5228 62 35 why
315 5228 5 27 !
340 5228 98 35 youv'e
451 5226 54 28 had
515 5226 75 35 eight
609 5228 104 34 gallons

83 5266 30 29 of
129 5276 47 27 gas
195 5266 53 29 and
268 5268 50 26 not
337 5264 147 29 insensible
501 5264 63 37 yet!
602 5265 14 27 I
630 5275 83 19 never

83 5306 79 27 knew
176 5305 66 28 such
261 5315 15 17 a
398 5304 13 27 I
430 5303 143 28 remarked
586 5303 59 28 that
666 5305 46 27 the

83 5343 75 31 eight
170 5343 105 31 gallons
286 5342 46 28 did
340 5346 48 24 not
398 5351 72 18 seem
483 5345 27 24 to
521 5341 69 28 have
601 5341 111 29 inflated

108 5368 76 11 on

84 5382 59 28 him
157 5387 26 23 to
195 5391 55 27 any
263 5381 169 36 appreciable
444 5383 99 30 extent,
555 5381 54 28 and
619 5381 94 27 hinted

82 5420 62 29 that
157 5430 29 19 as
200 5429 40 19 we
254 5419 52 28 had
321 5419 67 28 been
409 5418 76 28 three
497 5421 122 33 quarters
633 5419 29 27 of
678 5428 34 18 an

81 5459 70 28 hour
175 5468 64 19 ov(r
262 5459 46 28 the
337 5457 123 28 business
485 5456 54 29 and
565 5456 46 29 the
636 5457 76 28 tooth

83 5497 96 28 had'nt
193 5497 101 28 started
306 5499 56 33 yet,
377 5494 131 29 would'nt
522 5496 21 26 it
564 5495 32 27 be
611 5504 28 18 as
655 5495 58 28 well

83 5541 27 24 to
129 5546 33 26 go
181 5534 68 31 back
268 5541 28 24 to
315 5534 59 30 first
393 5533 146 40 principles
564 5532 53 30 and
642 5532 71 31 have

83 5577 21 26 it
124 5580 47 24 out
191 5577 29 27 in
247 5576 45 28 the
306 5576 98 35 simple
418 5575 43 27 old
483 5573 142 28 fashioned
645 5582 67 26 way.

82 5614 66 27 This
179 5613 109 29 seemed
319 5617 27 24 to
379 5612 82 28 strike
492 5612 76 28 them
600 5611 53 27 and
685 5611 28 27 in

83 5653 116 28 another
222 5653 105 28 minute
353 5652 45 28 the
418 5652 122 28 business
560 5661 56 17 was
641 5659 71 19 over.

84 5691 35 27 So
132 5691 21 27 it
176 5700 89 18 saems
287 5690 61 28 that
369 5689 172 28 anaesthetics
560 5698 44 18 are
626 5697 69 19 some-

83 5729 79 35 thing
181 5729 54 28 like
257 5728 204 37 whiskeythe
484 5726 127 38 quantity
633 5730 26 25 to
683 5726 20 28 be-

83 5767 79 28 taken
179 5768 120 36 depends
313 5776 71 27 upon
400 5767 45 27 the
460 5766 91 33 taker;
571 5765 47 28 but
635 5766 20 27 it
668 5774 29 26 ap-

83 5816 76 26 pears
173 5810 27 24 to
216 5816 42 18 me
273 5806 59 29 that
346 5805 73 35 eight
442 5805 104 35 gallons
559 5805 22 26 is
595 5814 14 17 a
625 5809 88 31 pretty

82 5850 72 30 steep
169 5845 87 27 drink.
561 5843 116 27 Korari.

1205 89 114 38 THE
1376 89 183 40 LYiiLL
1613 89 182 46 TIMES,
1851 92 304 48 SATURDAY,
2212 97 224 38 AUGUST
2491 111 58 30 21,
2611 99 62 36 188

3392 5730 114 28 Printed
3520 5742 32 16 an
3564 5732 8 26 1
3588 5731 145 36 published
3753 5731 9 27 I
3773 5743 15 21 y
3805 5738 46 21 the
3865 5731 162 36 proprietor,

3428 5769 105 28 Walter
3546 5772 34 25 At
3584 5770 56 27 kin.
3654 5777 30 20 at
3696 5770 47 27 the
3943 5774 84 24 Olizce

3426 5807 79 28 otthe
3520 5812 16 11 '*
3761 5809 62 27 Ciili
3832 5809 97 29 Street,
3939 5809 88 35 Lyeii,

3427 5847 111 31 County
3552 5848 29 25 of
3592 5847 102 31 Duller,
3705 5847 107 26 Colour
3827 5854 26 20 ot
3865 5846 66 28 N.2.

804 214 171 38 Westport
992 213 301 32 Advertisements.

787 292 175 63 THOMAS
1005 292 122 61 FIELD
1140 261 210 102 Tco7

1074 382 21 32 &
1129 378 98 36 IRON
1262 380 100 33 MER-

732 414 22 48 I
963 425 172 32 CHANTS.

732 508 88 35 Even/
839 508 177 35 Description
1030 508 34 36 of
1081 508 90 28 Mines
1195 507 89 29 Goods
1307 507 57 27 and

895 547 45 27 110
945 556 14 18 it
963 556 27 18 sc
1002 548 44 27 Fu
1051 547 151 35 rnishinrjs.

797 623 71 30 rs*
888 624 243 33 rxPLosivES,
1162 624 55 34 &c.,
1248 624 45 27 &c.

898 701 102 32 LOW
1024 702 168 31 PRICES.

729 788 96 30 Orders
839 788 143 39 Promptly
995 788 54 30 and
1062 788 137 38 Carefully
1213 787 148 31 Executed.

794 886 195 36 THOMAS
1011 886 141 36 FIELD
1176 887 27 37 &
1227 886 73 45 CO.,

728 943 250 29 PALMERSTON
995 943 154 32 STREET,
1160 943 201 28 WESTPORT

768 1028 38 35 F.
821 1028 54 35 W.
891 1027 261 37 HAGEDOEN
1174 1029 27 36 &
1224 1027 99 36 CO.'S

729 1084 254 31 nURNITURE
1019 1084 262 31 WAREHOUSE
1303 1083 60 31 will

730 1118 28 46 j;
798 1128 35 31 be
846 1128 90 31 found
947 1128 109 40 replete
1068 1128 31 31 in
1111 1128 40 31 all
1160 1128 37 31 its
1208 1128 154 31 branches.

848 1244 43 27 All
905 1244 46 28 the
966 1244 79 27 latest
1067 1244 130 27 novelties
1215 1244 29 26 in

729 1295 193 42 Furniture,
949 1295 106 42 Sofas,
1076 1295 131 42 Chairs,
1232 1292 131 44 Tables,

778 1342 195 37 Chiffonier,
992 1342 155 36 Looking
1170 1342 147 37 Glasses,

867 1394 69 31 and
955 1393 272 32 Chamberware.

731 1467 171 37 Up-country
915 1466 91 29 orders
1022 1467 140 38 promptly
1184 1465 128 31 attended
1330 1469 34 26 to.

730 1515 98 28 Orders
842 1515 47 28 left
911 1519 29 24 at
957 1516 47 27 the
1017 1516 77 27 office
1109 1516 27 26 of
1147 1515 55 27 this
1215 1523 83 27 paper
1310 1513 54 29 will

914 1554 104 33 receive
1037 1554 143 28 attention.

771 1629 214 38 Palmerston
1008 1630 120 44 Street,
1142 1630 186 44 Westport.

817 1716 173 51 George
1023 1715 261 51 Ferguson's

734 1796 284 61 IJiAILORING
1143 1795 223 35 MPOBIUM,

783 1875 193 30 Palmekston
998 1874 124 36 Street,
1144 1874 173 35 Westport,

800 1936 129 37 Opposite
942 1936 124 36 Hughes'
1077 1936 113 36 Empire
1204 1936 93 28 Hotel.

731 2048 64 31 The
809 2048 116 31 Newest
940 2048 126 39 Designs
1089 2048 57 30 and
1171 2047 146 32 Fashions
1339 2048 31 30 of

961 2091 50 32 the
1026 2091 110 41 period.

732 2154 85 31 ALL
847 2154 155 31 GOODS
1021 2153 130 30 WELL
1170 2153 197 32 SHRUNK.

818 2209 24 28 A
863 2208 134 38 Superior
1016 2207 50 30 Fit
1092 2207 188 30 Guaranteed.

779 2322 152 29 Periodical
948 2322 85 29 Visits
1045 2322 80 28 made
1140 2321 181 37 Up-country.

865 2392 167 33 GEOEGE
1056 2392 232 37 FERGUSON,

1233 2444 100 27 Tailor.

807 2528 232 42 THOMAS
1074 2528 219 48 LAWRIE,

956 2592 141 19 IMPORTER
1115 2591 34 19 OF

734 2629 162 83 DOORS,
924 2629 118 38 Sashes,
1068 2629 114 37 Bricks,
1204 2628 95 38 Lime,
1316 2628 34 33 Ce-

822 2676 92 34 ment,
931 2673 180 32 Galvanised
1125 2674 79 36 Iron,
1223 2673 88 41 Spout-

809 2716 61 41 ing,
886 2717 138 40 Ridging,
1041 2717 135 32 Window
1190 2717 98 37 Glass,

849 2761 78 38 Delf,
957 2761 153 42 Crockery,
1147 2761 83 33 Glass-

889 2815 85 26 ware,
1030 2806 179 35 Holloware,

947 2848 212 33 Pictureframe

962 2892 180 39 Mouldings,

733 2935 113 38 Stoves,
880 2934 128 42 Ranges,
1037 2934 115 39 Chairs,
1181 2933 185 42 Carpenters'

773 2980 57 29 and
858 2980 181 29 Bushmen's
1067 2980 97 34 Tools,
1194 2978 135 30 Colonial

812 3021 107 38 Ovens,
960 3020 114 40 Paints,
1110 3020 71 38 Oils,
1216 3020 55 33 Var-

850 3066 110 36 nishes,
987 3066 59 30 and
1072 3076 17 20 a
1117 3065 134 40 splendid

891 3111 177 31 assortment
1082 3109 32 33 of
1132 3108 79 33 Wall

929 3154 120 41 Papers,
1058 3155 116 36 &c.,&c.

951 3236 55 29 and
1032 3234 214 39 Electro-plated
1266 3234 101 29 Goods.

844 3312 190 31 THOMAS
1068 3312 189 39 LAWRIE,

755 3357 349 46 Paimerston-street,
1158 3356 183 49 Westport.

773 3463 163 75 MISS
982 3462 354 87 KENNEDY,

907 3560 291 49 MILLINER,

743 3625 233 32 Palmerston
999 3624 124 38 Street,
1147 3623 215 39 Westport,

733 3683 206 62 WISHES
952 3686 28 24 to
993 3682 126 28 intimate
1133 3682 61 28 that
1208 3682 46 28 she
1265 3682 51 28 has
1326 3682 29 29 de-

941 3720 78 30 cided
1031 3723 29 27 to
1072 3720 65 30 hold
1151 3729 17 21 a

784 3775 107 31 CASH
912 3774 209 30 CLEARING
1145 3774 103 31 SALE
1266 3776 6 28 !
1290 3776 6 28 !
1314 3776 7 28 !

828 3830 37 30 Of
875 3830 49 30 her
936 3830 68 30 New
1019 3830 124 30 Season's
1155 3829 82 31 Stock
1249 3830 30 30 of

735 3883 276 36 MILLINERY
1044 3883 69 36 and
1150 3883 223 36 DRAPERY

787 3935 62 30 And
863 3935 97 30 directs
973 3936 100 37 special
1086 3936 135 28 attention
1234 3938 27 26 to
1274 3935 47 31 the

737 3987 181 40 Sweeping
947 3986 179 32 Sacrifices
1154 3987 37 31 in
1214 3988 101 30 order
1336 3989 37 31 to

799 4024 99 33 effect
915 4032 21 23 a
954 4023 133 41 Speedy
1114 4022 195 35 Clearance.

770 4097 106 27 Within
891 4097 45 28 the
950 4097 87 27 limits
1055 4097 29 27 of
1102 4105 36 19 an
1160 4097 213 29 advertisement

736 4137 22 29 it
770 4137 22 27 is
806 4135 155 38 impossible
974 4139 28 26 to
1016 4135 33 29 do
1071 4136 98 37 justice
1188 4139 28 27 to
1238 4137 135 37 Bargains

736 4185 61 18 now
825 4175 111 28 offered.
985 4175 173 36 Up-country
1183 4176 107 27 visitors
1317 4177 56 27 will

737 4222 34 19 on
785 4213 151 37 inspection
949 4213 58 28 find
1020 4212 61 30 that
1094 4213 54 29 this
1166 4213 23 29 is
1211 4216 30 26 af
1248 4213 125 30 Genuine

739 4251 70 29 Sale.

840 4333 228 42 PATRICK
1103 4334 172 41 KELLY

738 4400 205 60 WISHES
956 4403 28 25 to
996 4400 100 29 inform
1115 4401 45 28 the
1181 4401 91 36 public
1294 4411 64 27 gene-

881 4438 69 37 rally
964 4438 59 29 that
1035 4439 35 28 he
1083 4439 50 28 has
1146 4439 83 36 lately

738 4486 143 37 Imported
902 4486 58 29 and
980 4487 119 29 Erected
1119 4488 68 28 New
1199 4488 174 38 Machinery,

946 4544 157 36 Consisting
1124 4545 42 28 of:

738 4599 154 48 Drilling,
907 4599 139 49 Boring,
1059 4599 187 49 Punching,
1267 4601 86 39 Turn-

816 4644 68 48 ing,
899 4645 155 47 Planing,
1069 4646 69 37 and
1159 4646 138 47 Cutting

963 4689 188 44 Machines,

739 4747 60 29 And
821 4748 102 36 having
944 4759 16 18 a
987 4749 73 35 large
1080 4749 65 28 staff
1167 4750 30 28 of
1213 4751 161 36 Competent

739 4786 150 29 Workmen
902 4787 29 27 in
945 4787 42 28 his
1001 4787 118 37 employ,
1133 4789 22 26 is
1169 4787 28 28 in
1219 4797 15 19 a
1254 4789 120 37 position

739 4829 28 24 to
780 4829 111 25 execute
905 4826 36 28 all
955 4826 98 29 classes
1075 4826 30 29 of
1124 4826 46 29 the
1195 4827 85 29 above
1300 4828 74 29 work

739 4864 66 28 with
820 4864 139 36 despatch,
968 4864 54 28 and
1030 4867 29 25 at
1067 4865 169 28 Reasonable
1246 4866 127 36 Charges.

866 4959 196 31 PATRICK
1089 4960 158 38 KELLY,

741 5003 106 51 Ship,
862 5003 147 52 Engine
1019 5005 31 38 &
1059 5004 165 39 General
1239 5005 113 39 Black-

992 5059 127 46 smith,

808 5119 174 29 Wakefield
1004 5120 118 35 Street,
1141 5121 164 30 Westport.

739 5203 188 61 Wakefield
960 5205 113 59 Steam
1107 5205 78 61 Saw
1219 5206 155 76 Planing,

860 5282 69 60 and
954 5281 175 75 Honing
1153 5282 103 61 Mills.

790 5408 61 39 W.
896 5409 85 38 and
1030 5408 34 41 J.
1114 5408 212 51 MARRIS,

937 5482 74 20 lIAYE
1034 5483 35 19 ON
1091 5483 69 20 SALE
1175 5483 5 20 :

742 5523 168 61 DOORS,
932 5523 107 36 Sashes,
1053 5524 134 38 Turnery,
1211 5524 164 40 Mouldings,

977 5565 54 32 &c.,
1048 5565 53 28 and
1121 5575 15 18 a

743 5615 89 33 Good
832 5615 225 33 Assortment
1066 5616 37 32 of
1111 5616 264 34 Well-seasoned

797 5660 148 30 Dressed
958 5661 69 29 and
1040 5661 121 38 Rough
1174 5662 146 30 Timber.

747 5748 172 36 Up-country
940 5749 99 27 Orders
1059 5750 145 36 Promptly
1228 5751 147 26 Executed.

761 5838 213 40 Wakefield
994 5841 135 43 Street,
1152 5841 209 51 Westport.

1472 214 144 30 Reefton
1644 216 293 34 Advertisements

1509 296 54 37 W.
1605 297 303 49 HINDMARSH,

1420 417 51 37 JII
1473 418 75 26 ARE
1552 418 163 33 CHOKER,
1741 419 180 35 MINING,
1946 423 76 27 AND

1420 443 18 34 >

1482 494 166 39 General
1674 494 260 42 Commission

1642 587 136 52 Agent,

1425 720 287 45 BROADWAY,
1742 721 244 48 REEFTON,

1513 828 140 35 (Opposite
1672 828 136 30 Scutliern
1823 830 80 28 Cross

1655 883 102 35 Hotel.)

1391 965 339 62 Dawson's
1796 968 223 75 Hotel,

1487 1069 223 36 BROADWAY,
1738 1072 186 29 REEFTON.

1393 1182 87 49 rpiio
1500 1183 236 31 accommodation
1760 1186 125 37 supplied
1906 1186 37 38 by
1968 1186 55 29 this

1481 1222 84 28 house
1579 1229 102 22 cannot
1694 1224 31 28 be
1739 1226 145 33 surpassed
1906 1226 28 27 in
1956 1226 67 28 New

1391 1259 129 29 Zealand.

1393 1363 174 53 Booking
1602 1366 121 40 Office
1758 1366 57 40 for
1851 1367 172 39 Mitchell

1441 1418 75 38 and
1562 1421 231 50 Campbell's
1852 1422 122 49 Royal

1491 1471 95 42 Mail
1617 1474 98 39 Line
1737 1474 42 40 of
1806 1475 96 52 Grey-

1543 1529 133 38 mouth
1693 1529 187 39 Coaches.

1426 1641 67 28 This
1507 1641 84 28 Hotel
1732 1641 102 27 known
1857 1640 168 36 throughout

1393 1679 68 28 New
1475 1679 119 28 Zealand
1607 1679 42 28 for
1668 1678 34 28 its
1722 1678 235 29 accommodation
1971 1678 54 28 and

1393 1720 180 27 convenience
1586 1718 42 29 for
1646 1718 111 29 tourists
1776 1717 55 30 and
1851 1716 175 31 commercial

1393 1757 149 28 travellers.

1590 1799 125 42 JOHN
1736 1801 211 47 DAWSON,

1826 1857 165 34 Proprietor.

1554 1941 308 31 STEVENSON'S

1398 2002 364 61 M'Gaffin's
1799 2002 225 73 Hotel,

1498 2104 223 35 BROADWAY,
1740 2104 187 30 REEFTON.

1396 2239 121 58 THIS
1532 2238 178 35 Magnificent
1722 2238 86 28 Hotel
1820 2238 56 28 will
1898 2238 33 28 be
1943 2238 86 28 found

1484 2275 103 39 reploto
1599 2275 67 30 with

1489 2350 92 20 EVERY
1600 2349 126 20 COMFORT
1744 2350 55 19 AND
1818 2350 118 19 MODERN

1609 2388 205 20 CONVENIENCE.

1429 2476 132 33 Tourists,
1586 2475 175 29 commercial
1792 2475 151 33 travellers,
1975 2475 54 28 and

1395 2515 92 28 others
1496 2515 56 28 will
1566 2514 63 28 here
1642 2514 58 28 find
1714 2523 82 26 every
1809 2513 137 29 attention
1956 2522 54 19 com-

1395 2553 82 29 bined
1489 2553 66 30 with
1571 2552 82 29 home
1667 2552 137 30 comforts.

1395 2647 157 40 Booking
1570 2647 106 32 Office
1688 2647 53 31 for
1752 2647 171 31 Newman
1935 2647 94 31 Bros'

1422 2693 108 39 Royal
1543 2693 87 30 Mail
1642 2693 87 30 Line
1743 2691 39 31 of
1789 2692 132 31 Nelson
1935 2692 69 30 and

1538 2737 173 40 Westporfc
1724 2736 163 33 Coaches.

1457 2828 159 43 JAMES
1661 2828 305 49 STEVENSON,

1621 2891 180 19 PROPRIETOR.

1399 2964 392 73 M'Sherry's
1824 2964 208 58 Hotel

1564 3078 79 36 (Late
1663 3077 213 35 M'Quillan's,)

1475 3155 241 36 BROADWAY,
1749 3154 204 33 REEFTON.

1399 3291 108 60 THE
1521 3291 182 36 undersigned
1726 3291 103 34 having
1844 3291 110 30 entered
1975 3291 58 31 into

1486 3330 153 36 possession
1653 3330 33 27 of
1704 3330 55 27 this
1771 3330 176 27 well-known
1961 3330 72 28 hotel

1397 3368 122 27 business
1532 3367 99 28 wishes
1649 3372 28 23 to
1698 3368 101 27 intorm
1819 3367 43 28 his
1885 3376 148 20 numerous

1396 3405 102 29 friends
1512 3405 54 29 and
1579 3405 47 29 the
1639 3405 145 35 travelling
1793 3404 92 38 public
1895 3405 138 38 generally

1398 3445 60 27 that
1471 3448 34 24 he
1517 3444 110 28 intends
1639 3448 28 24 to
1681 3455 77 26 spare
1771 3454 36 18 no
1825 3444 79 29 effort
1915 3455 29 17 m
1957 3445 77 29 order

1398 3487 28 24 to
1438 3483 81 27 make
1533 3483 54 26 this
1599 3483 73 27 hotel
1686 3483 101 35 replete
1801 3483 67 27 with
1881 3491 82 28 every
1973 3493 45 18 con-

1398 3521 130 28 venience
1541 3520 55 29 and
1610 3523 133 35 comport.

1397 3674 75 33 Ales,
1489 3674 92 30 Wines
1594 3674 58 28 and
1665 3674 105 37 Spirits
1783 3675 34 36 of
1834 3675 67 28 Best
1921 3674 113 30 Brands

1606 3713 66 38 only
1690 3712 137 39 supplied.

1554 3791 124 35 JOHN
1704 3787 253 50 M'SHERRY,

1820 3857 181 20 PROPRIETOR.

1472 3927 36 42 J.
1564 3927 40 41 B.
1669 3927 294 51 BEECHE,

1547 4040 172 38 Broadway,
1742 4039 148 39 Reefton,

1404 4139 340 63 gHAREBROKER,
1780 4142 22 32 &
1841 4139 195 35 GENERAL

1499 4227 254 35 COMMISSION
1789 4228 149 34 AGENT.

1441 4419 149 41 Enquries
1622 4419 45 33 for
1693 4419 90 33 latest
1810 4419 169 42 quotations
2006 4420 30 32 in

1401 4476 116 43 mining
1532 4476 96 35 stocks
1643 4477 149 43 promptly
1805 4478 111 42 replied
1931 4480 40 32 to.

1429 4661 172 19 TELEGRAMS
1622 4661 200 21 IMMEDIATELY
1842 4662 165 20 ANSWERED.

1644 4735 148 40 PURE
1822 4735 212 41 DRUGS!

1490 4855 62 39 W.
1580 4856 35 38 J.
1647 4856 54 38 M.
1733 4855 224 49 HANSBY,

1404 4916 197 33 nAMILY
1629 4916 83 32 and
1743 4916 293 35 dispensing

1404 4960 28 38 r
1623 4961 195 38 CHEMIST,

1554 5028 162 27 BROADWAY,
1745 5028 139 23 REEFTON.

1401 5076 85 28 Elc'vc
1499 5076 32 27 dc
1545 5076 141 26 Vlnstitut
1696 5076 40 27 St.
1746 5076 136 33 Franqois
1895 5077 114 34 Xavicr,
2020 5087 18 18 a

1551 5115 117 36 Bruges,
1684 5113 28 29 la
1724 5113 164 39 Belguique.

1495 5166 38 28 M.
1554 5167 29 26 P.
1604 5167 28 27 S.
1652 5167 35 26 N.
1707 5167 40 32 Z.,
1805 5167 38 28 M.
1863 5168 30 28 P.
1914 5168 29 28 C.

1402 5261 108 29 Twelve
1522 5262 87 35 years'
1625 5261 127 28 assistant
1766 5263 27 27 to
1807 5261 52 29 Dr.
1874 5262 123 37 Morice,
2011 5263 29 30 of

1632 5300 180 35 Greymouth.

1437 5376 171 35 Physicians'
1629 5376 196 36 Prescriptions
1850 5378 55 28 and
1928 5378 109 38 Family

1404 5414 127 36 Receipes
1544 5414 154 36 accurately
1708 5416 188 36 compounded
1910 5416 66 30 with
1990 5418 46 29 the

1402 5452 148 30 PUREST
1569 5452 136 30 DRUGS.

1456 5539 175 23 SPECTACLES
1653 5540 34 22 TO
1709 5539 63 23 SUIT
1796 5541 55 22 ALL
1872 5542 111 25 SIGHTS.

1437 5612 89 28 Toilet
1557 5612 162 37 Requisites,
1745 5613 167 39 Perfumery,
1938 5616 99 30 Patent

1404 5652 150 28 Medicines
1567 5652 54 28 and
1634 5652 153 35 Druggists'
1804 5654 138 35 Sundries,
1957 5657 44 27 &c.

1478 5727 107 31 Teeth
1603 5727 194 40 Extracted,
1817 5729 67 40 &c.,
1903 5730 58 32 &c.

1406 5802 113 31 1-rAU
1530 5802 90 35 Drugs
1632 5802 183 30 Guaranteed,
1826 5804 53 28 and
1891 5808 27 25 at
1931 5805 105 36 creaky

1547 5839 184 30 KEDUCED
1753 5841 142 28 PRICES.

2222 223 118 31 Public
2358 224 151 30 Notices.

2186 303 128 39 JOHN
2360 303 186 47 MUNKO,

2053 433 233 66 Q.ENERAL
2318 433 247 28 MERCHANT
2595 433 87 28 AND

2264 509 208 34 IMPORTER,

2151 624 241 40 Palmerston
2445 625 139 48 Street,

2262 746 216 24 WESTPORT.

2099 844 243 31 JOHNSTON
2371 845 28 29 &
2424 845 214 30 WATKINS

2267 918 107 28 CIVIL
2393 919 78 26 AND

2139 995 49 28 IN
2200 995 47 28 IN
2257 995 24 28 G
2353 996 56 50 -pi
2426 996 260 34 NGINEERS,

2240 1080 179 19 AUTHORISED
2441 1080 56 19 AND

2053 1123 280 39 LICENSED
2360 1124 326 40 SURVEYORS

2052 1216 132 36 Working
2209 1217 83 27 Plans
2314 1218 54 27 and
2393 1217 108 28 Details
2526 1217 30 28 of
2580 1216 109 35 Miinng

2086 1254 162 37 Machinery
2262 1254 132 37 prepared
2405 1255 54 27 and
2469 1255 45 28 the
2523 1256 132 26 Erection

2139 1294 107 38 Mining
2260 1294 161 39 Machinery
2434 1293 167 39 supervised.

2053 1370 118 36 Surveys
2183 1369 43 29 for
2236 1369 110 37 Mining
2356 1369 165 38 Companies
2531 1369 158 30 contracted

2053 1409 39 28 for
2106 1409 34 36 by
2154 1409 45 28 the
2212 1418 73 27 year.
2323 1409 120 35 Surveys
2453 1409 81 29 made
2544 1409 88 29 under
2642 1409 46 29 the

2225 1446 79 27 Land
2318 1447 128 28 Transfer
2455 1448 61 27 Act.

2301 1524 137 28 Address:

2054 1560 166 35 Broadway,
2241 1560 134 30 Reefton
2387 1570 6 26 ;
2421 1571 55 19 and
2503 1562 186 28 Commercial

2256 1600 110 35 Hotel,
2386 1601 92 29 Lyeli

2088 1675 70 28 N.H.
2161 1675 219 30 Instructions
2393 1677 48 28 left
2454 1680 28 26 at
2495 1676 91 29 Times
2597 1677 92 35 Office,

2053 1721 16 22 I
2077 1714 65 35 yell,
2155 1714 55 31 will
2224 1716 104 29 receive
2337 1717 159 29 inlmediate
2509 1717 146 29 attention.

2185 1797 65 59 N
2257 1798 308 61 ewman's

2055 1913 58 60 R
2128 1912 134 30 OYAL
2308 1913 73 60 M
2394 1913 86 30 AIL
2525 1914 59 60 L
2598 1914 91 29 INE

2256 2003 48 29 OF
2308 2025 12 15 a
2323 2004 177 30 COACHES

2089 2098 253 30 Thrice-Weekly
2368 2098 122 29 Service
2513 2099 143 29 Between

2142 2146 106 32 Lyell,
2262 2145 134 28 Reefton
2408 2154 57 19 and
2478 2147 127 28 Nelson.

2055 2242 92 27 Leave
2168 2241 83 35 Lyell
2268 2241 43 28 for
2329 2242 105 27 Nelson
2451 2251 83 27 every
2556 2243 136 36 Tuesday,

2056 2287 147 38 Thursday
2212 2288 54 29 and
2279 2288 147 38 Saturday,
2437 2292 29 27 at
2476 2291 63 28 2.30
2549 2299 77 29 p.m.,
2637 2291 55 29 and

2056 2337 80 35 Lyeli
2149 2337 41 27 for
2203 2337 140 35 Westport
2356 2337 56 27 and
2426 2338 127 33 Reefton,
2572 2349 36 17 on
2622 2338 51 28 San-

2056 2383 64 37 day,
2134 2382 175 38 Wednesday
2324 2384 55 28 and
2393 2384 112 38 Friday,
2514 2389 28 25 at
2555 2387 62 27 9.30
2628 2395 63 19 a.m.

2057 2469 165 36 Passengers
2249 2469 102 29 booked
2383 2469 43 29 for
2455 2470 151 37 Hampden
2638 2474 53 26 and

2178 2516 79 29 other
2269 2517 193 28 intermediate
2476 2517 101 37 places.

2229 2594 132 28 Booking
2382 2594 120 29 Offices
2514 2603 6 21 :

2059 2652 137 37 Westport
2461 2652 133 29 Gilmer's
2607 2652 85 31 Hotel

2057 2700 118 28 Reefton
2419 2700 177 29 Stevenson's
2609 2702 85 28 Hotel

2058 2746 104 30 Nelson
2471 2747 125 31 Masonic
2609 2748 85 31 Hotel

2092 2841 45 30 All
2149 2840 197 40 parcelslmnst
2358 2841 33 31 be
2407 2842 122 38 prepaid,

2191 2890 68 34 they
2271 2890 57 26 will
2341 2890 33 26 be
2386 2890 50 26 left
2449 2890 113 27 behind.

2382 2945 39 29 H.
2442 2945 184 35 NEWMAN,

2492 2984 160 34 Proprietor

2200 3079 348 40 COURTNEY'S

2060 3146 315 61 JUNCTION
2441 3147 254 59 JJOTEL,

2212 3226 95 43 (Near
2327 3237 57 22 the
2405 3227 140 44 Bridge.)

2062 3332 149 29 SSTGood
2220 3332 245 28 Accommotlation
2479 3332 42 28 for
2534 3332 161 28 Travellers.

2200 3383 118 29 GRASS
2350 3384 207 28 PADDOCKS.

2062 3435 125 32 Saddle
2209 3436 127 31 Horses
2354 3436 69 31 and
2441 3436 127 39 Handy
2581 3436 116 32 Coach

2305 3471 52 30 for
2373 3472 85 30 hire.

2097 3573 115 34 Miners,
2236 3572 178 34 Theatricals,
2440 3582 30 21 or
2500 3573 131 29 Families
2656 3582 27 20 re-

2062 3612 98 28 moved
2185 3615 28 26 to
2237 3622 56 26 any
2317 3615 63 34 part
2404 3612 30 29 of
2454 3612 49 29 the
2533 3612 107 29 district
2670 3615 27 26 at

2063 3650 129 29 Reduced
2209 3650 94 29 Fares.

2096 3703 24 28 A
2133 3701 191 38 Ferryfacross
2336 3702 48 30 the
2397 3702 96 30 Duller
2505 3711 17 21 a
2543 3704 52 28 few
2615 3703 83 38 yards

2063 3742 89 31 below
2166 3742 45 30 the
2225 3742 135 30 Junction
2374 3742 29 30 of
2412 3742 46 30 the
2472 3746 53 28 two
2538 3742 94 31 rivers.

2131 3851 24 29 A
2176 3850 198 30 Blacksmith's
2395 3851 76 37 Shop
2491 3851 137 30 attached.

2228 3899 76 41 83?
2319 3908 109 22 HORSES
2449 3909 85 21 SHOD.

2124 3990 217 38 FORSYTH
2362 3991 28 38 &
2414 3990 231 48 MASTERS,

2063 4076 294 61 WHOLESALE
2383 4077 22 26 &
2433 4076 140 27 RETAIL
2592 4077 84 27 IRON-

2286 4113 191 35 MONGERS,

2214 4186 170 33 Broadway,
2404 4185 143 35 Reefton,

2065 4257 80 28 Have
2159 4265 35 20 on
2207 4255 75 29 hand
2300 4256 136 36 imported
2457 4255 84 31 direct
2559 4257 70 34 fropi
2651 4256 47 30 the

2116 4295 93 28 Home
2223 4294 129 33 markets,
2366 4303 15 19 a
2394 4294 88 35 Large
2495 4295 54 28 and
2563 4295 67 29 Well-

2251 4332 121 30 assorted
2392 4333 83 30 Stock
2488 4334 30 29 of

2065 4411 167 38 Builders'
2247 4410 220 50 Furnishing,
2481 4412 137 48 Mining
2631 4412 67 38 and

2171 4482 146 39 General
2340 4482 256 48 Ironmongery,

2065 4567 100 29 Which
2187 4567 67 36 they
2274 4576 45 19 are
2340 4567 132 36 prepared
2495 4572 29 24 to
2545 4568 50 28 sell
2616 4571 28 25 to
2657 4577 27 19 re-

2077 4605 103 30 sidents
2194 4605 28 30 of
2232 4605 78 38 Lyell
2323 4610 29 25 at
2362 4605 150 38 extremely
2526 4606 52 30 low
2590 4607 96 38 prices.

2066 4744 152 30 Bickford's
2232 4745 82 33 Fuse,
2327 4745 91 27 Hall's
2435 4744 126 37 Blasting
2575 4744 123 35 Powder,

2066 4784 122 34 Octagon
2202 4783 82 33 Steel,
2298 4783 90 27 Ames'
2412 4783 124 34 Shovels,
2558 4783 67 28 Pick
2644 4783 54 27 and

2066 4823 136 28 Hammer
2215 4821 134 33 Handles,
2363 4822 55 33 &c.,
2429 4826 95 31 agents
2536 4821 42 31 for
2588 4821 110 31 Nobel's

2301 4860 160 36 Dynamite.

2065 4939 158 35 Furniture,
2255 4938 134 36 Bedding.
2420 4939 114 37 Lamps,
2576 4939 122 38 Cutlery,

2065 4979 171 35 Carpenters'
2251 4978 90 31 Tools,
2361 4978 102 31 Paints,
2486 4979 66 31 Oils,
2576 4979 122 32 Colours,

2202 5014 94 38 Fancy
2308 5014 91 35 Ware,
2413 5016 61 34 &c.;
2495 5016 66 33 also,

2068 5085 23 28 A
2105 5085 87 36 Largo
2204 5085 175 28 Assortment
2397 5085 29 28 of
2443 5085 166 30 Galvanised
2623 5086 75 33 Iron,

2168 5125 144 29 Bessemer
2324 5124 54 29 and
2398 5124 104 38 Plough
2522 5125 74 30 Steel

2254 5198 105 30 WIRE
2379 5198 129 30 ROPES.

2170 5268 59 30 SSS
2260 5268 176 29 OCTAGON
2465 5268 129 30 STEEL.

2126 5429 196 34 AMPDEN
2355 5428 343 35 CO-OPERATIVE

2200 5474 129 34 STORE
2364 5473 202 37 COMPANY,

2286 5517 188 33 LIMITED.

2100 5690 56 28 The
2171 5690 84 28 above
2272 5689 142 36 Company
2427 5688 22 27 is
2459 5687 146 37 supplying
2615 5687 83 35 goods

2064 5760 27 25 at
2105 5767 15 18 a
2134 5757 82 28 slight
2228 5755 121 29 advance
2363 5764 32 18 on
2411 5754 101 27 Nelson
2528 5753 99 28 Prices.

2352 5840 33 27 R.
2407 5840 129 27 M'NEE,
2557 5840 106 27 Lessee.

2791 225 173 40 Westport
2980 228 302 31 Advertisements.

2844 305 41 37 A.
2907 306 312 42 RICHARDSON,

2716 386 98 81 QHE
2818 386 98 33 MIST
2963 388 91 31 AND
3104 388 241 80 j^RUGGIST,

2747 474 327 49 Palmerston-St.,
3100 476 213 51 Westport.

2712 583 23 29 A
2748 584 72 37 large
2840 586 55 28 and
2916 586 189 30 well-selected
3126 586 82 28 iStock
3229 586 32 28 of
3281 587 66 27 New

2747 623 99 37 Drugs,
2860 624 164 34 Chemicals,
3032 625 220 36 Homoeopathic,
3264 625 32 28 Pa-

2781 666 59 25 tent
2852 663 53 28 and
2926 663 173 38 Proprietary
3120 663 158 34 Medicines,

2818 703 131 35 Sponges,
2980 704 91 27 Brush
3074 713 80 23 ware,
3180 704 46 26 Per-

2850 741 116 33 fumery,
2992 741 86 25 Toilet
3111 741 81 34 Requi-

2884 778 73 35 sites,
2966 778 103 29 Elastic
3081 778 77 29 Stock-

2919 819 69 32 ings,
2996 818 150 35 Kneecaps,

2964 855 124 32 Anklets,

2919 893 106 27 Ladies'
3070 893 51 35 Sup-

2884 935 85 27 ports,
3010 930 165 28 Abdominal

2850 967 92 32 Belts;
2961 969 120 32 Trusses,
3093 969 36 28 all
3142 971 69 27 sizes

2815 1007 110 28 various
2942 1011 132 32 patterns,
3088 1009 54 33 &c.,
3156 1009 89 27 Horse

2782 1045 54 27 and
2861 1046 88 27 Cattle
2974 1046 159 33 Medicines,
3157 1047 56 32 &c.,
3233 1047 45 27 &c.

2717 1120 124 36 Country
2871 1121 101 29 Orders
2999 1121 139 36 carefully
3163 1122 132 28 attended
3314 1123 35 31 to,

2756 1159 81 36 Lyeli
2850 1159 244 36 Agency:Lyell
3107 1161 93 27 Times
3213 1161 93 27 Office.

2716 1235 35 30 A.
2764 1234 274 35 RICHARDSON,
3050 1235 299 33 Palmerston-street.

2717 1317 333 54 GILMER'S
3103 1318 247 55 HOTEL,

2958 1388 155 28 WESTPORT,

2743 1429 145 37 Corner
2915 1429 42 37 of
2984 1430 241 37 Palmerston
3250 1431 75 37 and

2833 1481 214 41 Wakefield
3074 1483 159 47 Streets,

2720 1553 279 61 CONVENIENT
3022 1557 28 26 to
3068 1553 47 30 the
3129 1553 155 38 Telegraph
3297 1554 54 29 and

2809 1593 65 28 Post
2888 1592 109 34 Offices,
3010 1592 55 29 and
3077 1593 97 37 nearly
3187 1593 124 38 opposite
3324 1597 28 25 to

2718 1631 33 28 he
2765 1631 77 28 R.M.
2857 1631 86 28 Court
2958 1631 56 28 and
3033 1631 82 28 H.M.
3129 1633 141 27 Customs.

2720 1707 180 41 Gilmer's
2921 1706 177 42 Masonic
3122 1707 130 49 Hotel,

3237 1771 115 20 NELSON.

2720 1800 179 40 Gilmer's
2926 1800 130 49 Hotel,

3171 1863 182 20 GREYMOUTH.

2720 1892 179 40 Gilmer's
2920 1892 121 53 Royal
3061 1892 87 41 Oak
3167 1892 131 49 Hotel,

3158 1955 194 19 WELLINGTON.

2788 2023 78 28 THE
2898 2023 183 29 PRINCESS
3106 2023 179 28 THEATRE

2720 2060 29 28 Is
2762 2060 58 29 70ft
2831 2069 18 19 x
2861 2060 57 29 30ft
2929 2060 99 32 inside,
3042 2061 160 36 containing
3213 2065 76 31 stage
3299 2060 56 29 30ft

2719 2108 17 19 x
2749 2099 65 32 21ft,
2827 2099 67 29 with
2907 2099 134 37 complete
3054 2103 54 25 sets
3128 2099 30 29 of
3176 2109 112 25 scenery
3301 2099 54 29 and

2719 2137 74 34 largo
2818 2137 124 35 dressiug
2971 2146 100 19 rooms.
3120 2137 59 28 The
3203 2137 95 35 height
3329 2138 28 26 of

2719 2174 79 30 wails
2811 2175 23 29 is
2847 2174 65 35 20ft,
2926 2174 55 30 and
2994 2174 46 31 the
3052 2184 78 20 room
3152 2175 23 29 is
3197 2174 112 40 capable
3329 2175 28 29 of

2892 2216 106 35 seating
3011 2216 51 28 600
3078 2214 105 38 people.

2754 2265 128 36 Booking
2901 2265 85 29 Office
3005 2265 42 29 for
3058 2265 47 29 the
3118 2265 170 33 Charleston,
3301 2265 36 28 Ad-

2720 2304 114 35 dison's,
2848 2304 116 30 Reefton
2976 2303 55 30 and
3049 2304 81 37 Lyell
3143 2304 130 30 Coaches.

2927 2356 122 32 JOHN
3068 2355 191 40 GILMER,

3155 2400 166 35 Proprietor.

2910 2479 242 60 STRUT
3170 2479 183 40 HERS

2866 2555 89 32 HAS
2972 2555 64 32 ON
3056 2555 151 32 SALE-

2771 2610 237 52 Ccrrugated
3030 2611 100 47 Iron,

2772 2665 202 51 Crockery,

2773 2719 324 52 Paperhangings,

2772 2773 132 39 White
2925 2774 120 46 Lead,

2773 2826 94 50 Oils,

2772 2882 222 43 Varnishes,

2773 2934 124 40 Doors
2912 2935 75 40 and
3007 2934 154 49 Sashes,

2773 2989 169 51 Cutlery,

2773 3043 437 51 Cutlery-Electroplate
3228 3058 8 33 ;
3265 3043 75 41 and

2774 3095 240 42 Brushware.

2763 3189 318 37 PALMERSTON
3127 3189 192 47 STREET,

2937 3233 213 28 WESTPORT.

2760 3313 290 60 Thomas
3077 3314 243 73 James,

2854 3402 266 50 SADDLER,
3149 3401 66 42 &c.
3221 3435 10 17 y

2725 3470 220 60 IMPORTER
2962 3479 57 18 AND
3044 3471 313 29 MANUFACTURER

3025 3517 34 20 OF

2725 3547 59 39 All
2818 3546 253 54 descriptions
3089 3547 43 40 of
3157 3548 197 53 Saddlery,

2776 3601 184 49 Harness,
2979 3603 111 52 Long
3100 3602 76 40 and
3195 3603 115 40 Short

2825 3657 203 51 Leggings,
3099 3658 159 51 Plough,

2871 3711 33 41 &
2922 3711 108 40 Back
3056 3711 153 51 Chains,

2920 3767 157 45 Traces,
3095 3769 65 36 &c.

2726 3858 114 36 Repairs
2852 3859 102 36 Neatly
2967 3859 56 28 and
3042 3859 144 37 Promptly
3207 3860 150 28 Executed.

2727 3934 174 38 Up-country
2914 3934 92 30 orders
3023 3934 141 40 promptly
3176 3935 130 31 attended
3320 3939 36 27 to.

2725 4010 50 31 ON
2795 4010 206 32 SALESteel
3030 4011 138 37 Polished,
3197 4012 56 31 and
3284 4011 74 32 Solid

2795 4051 89 28 Silver
2911 4051 71 33 Bits,
3013 4052 132 35 Stirrups,
3176 4052 56 28 and
3262 4053 96 35 Spurs,

2794 4088 103 36 Riding
2919 4087 123 35 Saddles,
3063 4088 75 28 Pack
3159 4089 124 33 Saddles,
3304 4090 54 28 and

2793 4125 99 40 Whips
2905 4126 31 30 of
2949 4126 37 30 all
2998 4126 188 39 descriptions.

2844 4208 157 39 PETER
3029 4208 212 48 MULVAY,

2726 4271 247 66 PLUMBER,
3004 4272 239 35 TINSMITH,

2899 4309 222 37 GASFITTER,
3134 4311 57 29 and

2805 4372 473 48 COPPERWORKER,

2759 4441 214 40 Palmerston
2999 4442 123 49 Street,
3140 4443 187 48 Westport,

2843 4505 140 37 (Opposite
2996 4506 129 29 Gilmer's
3137 4506 105 36 Hotel.)

2727 4636 93 37 Every
2838 4636 181 38 description
3034 4637 33 32 of
3090 4637 178 34 Holloware,
3283 4638 57 32 Tin-

2765 4681 116 30 smiths'
2898 4681 113 36 Goods,
3026 4682 57 29 and
3103 4682 215 39 Ironmongery

2923 4722 72 40 kept
3016 4723 31 32 in
3067 4723 115 37 stock..

2855 4841 24 27 A
2892 4841 88 36 Large
2993 4841 200 36 Consignment
3205 4842 30 27 of

2770 4896 187 42 STOYES
2982 4897 103 41 AND
3119 4897 200 42 RANGES

2933 4987 62 20 NOW
3013 4987 33 19 TO
3066 4987 86 20 HAND.

2831 5091 71 30 JS*
2911 5091 45 30 All
2973 5091 86 30 Work
3072 5092 183 29 Guaranteed.

2728 5193 148 61 JOB
2899 5193 460 63 PRINTING

3019 5326 56 31 OF

2775 5421 120 51 Every
2921 5422 207 54 description
3154 5425 161 39 executed

2962 5531 54 33 AT
3043 5531 86 35 THE

2728 5625 308 64 LYBLL
3076 5629 283 64 TIMES

2794 5745 185 39 CLIFF
3033 5747 261 47 STREET,

2974 5835 139 29 LYELL

3551 226 118 30 Public
3688 226 150 31 Notices.

3377 308 29 37 A
3427 307 256 40 Wonderful
3717 309 118 39 Book
3857 310 71 38 for
3956 312 55 36 Is.

3594 369 171 21 CONTAINING

3577 411 50 26 100
3645 411 94 28 Tricks
3759 413 54 27 and
3827 424 25 58 p
3908 418 42 62 ||
3964 418 43 6 ~

3576 657 95 20 mance
3681 649 32 28 of
3722 649 90 31 which
3825 612 178 81 jlEllp

3574 687 66 29 oulv
3652 698 16 19 a
3682 698 130 21 common
3946 687 1 32 '
3994 712 10 3 -

3591 727 70 33 pack
3673 728 31 25 of
3718 729 79 26 cards

3397 781 45 5 ~
3516 759 2 35 '
3544 759 14 34 1
3575 762 55 30 and
3661 763 46 29 the
3743 765 69 29 ordi-

3738 853 75 57 A]

3573 994 25 29 A
3619 994 74 36 large
3715 997 96 30 collcc-
3833 978 179 58 {BEllli

3642 1035 21 28 ti
3664 1045 35 18 on
3717 1046 15 17 Q
3734 1035 13 28 f
3922 1039 46 17 .7

3378 1081 135 36 Amusing
3534 1082 122 34 Riddles,
3670 1083 147 34 Charades,
3831 1086 113 33 Games,
3958 1086 56 28 &c..

3633 1121 53 29 and
3701 1131 64 19 nver

3381 1164 74 33 200
3480 1166 121 33 Tricks
3614 1168 114 36 with?.
3734 1169 190 41 Conjuring
3952 1171 43 39 Ap-

3619 1207 151 37 paratus.

3379 1246 43 28 All
3437 1248 162 34 illustrated,
3613 1250 153 34 explained,
3780 1249 55 28 and
3849 1249 81 28 made
3950 1251 48 26 sim-

3380 1284 53 39 ple,
3446 1286 67 31 with
3527 1296 16 21 a
3556 1287 141 37 catalogue
3711 1288 30 31 cf
3753 1288 128 36 English,
3896 1289 117 34 French,

3380 1326 55 27 and
3456 1327 147 27 American
3626 1328 150 32 Novelties,
3797 1329 111 31 Games,
3932 1329 82 34 Toys,

3381 1362 53 32 &c.,
3449 1364 127 33 covering
3589 1373 64 19 over
3676 1366 51 26 SCO
3749 1373 90 28 pages,
3863 1365 54 27 and
3942 1365 61 27 illus-

3381 1401 88 28 trated
3482 1401 65 29 with
3558 1403 52 27 409
3620 1402 77 28 wood
3708 1402 101 28 blocks.
3847 1402 73 29 Loth
3932 1403 84 29 books

3560 1441 101 26 mailed
3675 1441 55 27 free
3743 1441 41 26 for
3799 1442 38 25 Is.

3444 1486 217 361 fjACK
3691 1495 56 19 AND
3784 1496 46 19 HIS

3592 1564 171 28 Mechanical
3785 1563 46 37 fig-

3591 1613 62 20 tires
3689 1603 85 29 dance
3805 1608 28 24 to

3591 1642 97 32 music,
3699 1642 54 27 and
3764 1642 67 35 keep

3591 1679 103 35 perfect
3711 1679 75 33 time,
3802 1681 28 26 Is

3590 1720 35 30 3d
3638 1719 77 34 each,
3723 1729 10 27 [
3741 1721 42 28 air
3790 1722 38 26 2s.

3627 1759 62 26 The
3900 1750 69 36 .Vw

3592 1805 32 20 or
3638 1804 56 19 THE
3704 1786 126 39 NoRTH'S
3925 1786 35 39 XT

3626 1836 173 36 Changeable

3383 1886 72 29 Pack
3476 1886 30 28 of
3524 1885 93 32 Cards,
3636 1884 152 28 wonderful
3809 1884 120 36 changes
3951 1882 66 30 with

3383 1925 137 36 lightning
3533 1924 128 36 rapidity,
3676 1925 27 26 Is
3717 1923 34 27 2d
3764 1927 60 31 post
3837 1923 64 28 free.

3417 1963 35 27 N.
3480 1963 28 27 S.
3534 1963 42 27 W.
3602 1966 104 30 stamps
3727 1961 83 27 taken
3832 1964 27 23 at
3881 1970 57 26 par,
3958 1963 62 33 post

3383 2001 76 29 office
3473 2001 92 28 orders
3579 2010 29 19 or
3627 1999 90 37 postal
3740 2003 77 24 notes
3838 1998 145 38 preferred,
3998 1997 23 28 if

3383 2043 106 31 stamps
3503 2039 29 27 of
3543 2039 78 26 other
3635 2037 118 27 colonies
3766 2046 45 17 are
3824 2043 63 21 sent
3908 2037 54 26 add
3983 2038 36 24 2d

3383 2077 29 28 in
3424 2076 47 29 the
3484 2076 112 36 shilling
3609 2075 41 28 for
3662 2074 148 38 exchange.

3422 2152 74 28 Take
3505 2151 177 29 NoticeTo
3703 2150 137 27 advertise
3862 2158 51 20 our
3935 2150 68 27 Busi-

3383 2200 71 25 ness,
3467 2201 39 19 we
3518 2190 60 30 will
3593 2190 52 38 for
3663 2199 17 19 a
3701 2189 78 29 short
3799 2189 65 29 time
3885 2189 68 28 send
3975 2189 45 29 the

3384 2230 86 27 ivhole
3483 2230 35 35 of
3527 2230 45 27 the
3584 2230 84 27 above
3682 2229 156 26 mentioned
3860 2229 112 26 articles
3993 2230 26 25 to

3384 2277 51 18 one
3447 2268 115 27 address
3569 2268 66 36 post
3644 2265 80 38 paid,
3729 2265 52 37 for
3793 2268 29 25 2s
3837 2265 43 28 Gd.

3565 2306 119 28 Address
3699 2305 36 28 all
3748 2304 92 29 orders

3384 2344 41 32 H.
3440 2344 138 32 YOBKE
3595 2345 21 30 &
3632 2344 62 35 Co.,
3708 2345 55 29 401
3780 2343 114 41 George
3911 2343 107 31 Street.

3642 2387 127 41 Sydney.

3410 2431 76 29 Lock
3499 2432 60 28 Box
3570 2432 32 26 41
3617 2431 74 36 King
3705 2431 98 33 Street,
3819 2431 63 27 Tost
3896 2430 94 28 Office.

3405 2519 602 33 GRATEFULCOMFORTING.

3774 2596 185 51 IA/IA
3977 2596 28 51 I

3540 2796 331 28 BREAKFAST.

3514 2843 15 21 a
3552 2834 135 35 thorough
3700 2833 159 38 knowledge
3873 2835 28 27 of
3913 2833 45 30 the
3972 2843 32 19 na-

3387 2874 70 26 tural
3470 2874 66 26 laws
3548 2874 90 26 which
3653 2883 102 22 govern
3767 2874 47 25 the
3827 2874 155 33 operations
3995 2874 30 25 of

3387 2909 134 37 digestion
3533 2909 53 28 and
3600 2909 142 34 nutrition,
3756 2909 54 28 and
3824 2909 35 36 by
3881 2918 15 19 a
3918 2909 103 28 careful

3386 2949 165 35 application
3565 2948 30 29 of
3613 2948 46 29 the
3678 2947 56 30 fine
3747 2948 148 36 properties
3908 2949 30 27 of
3948 2949 57 27 weli-

3386 2986 117 27 selected
3516 2995 90 22 cocoa,
3622 2986 44 27 Mr
3678 2987 75 34 Epps
3767 2986 48 27 has
3828 2986 130 35 provided
3971 2995 50 18 our

3386 3023 136 29 breakfast
3530 3023 86 28 tables
3626 3023 66 29 with
3701 3033 16 19 a
3725 3022 296 37 delicately-flavoured

3385 3062 131 34 beverage
3529 3062 88 27 which
3631 3072 66 24 may
3711 3071 62 18 save
3786 3071 33 18 us
3832 3071 85 25 many
3930 3062 89 35 heavy

3386 3100 117 27 doctor's
3525 3099 69 27 bills.
3632 3099 27 28 It
3680 3099 23 27 is
3717 3099 36 36 by
3766 3099 47 28 the
3823 3099 137 38 judicious
3972 3109 49 19 use

3386 3139 30 27 of
3424 3139 66 27 such
3504 3139 106 28 articles
3624 3139 30 27 of
3671 3138 54 29 diet
3739 3138 61 30 that
3813 3149 15 18 a
3842 3139 178 29 constitution

3386 3186 64 26 may
3471 3177 32 27 be
3531 3186 38 26 pr
3584 3177 83 35 'ualiy
3688 3177 68 26 built
3778 3186 36 26 up
3837 3178 68 26 until
3927 3182 94 30 strong

3385 3214 107 36 enough
3504 3219 26 24 to
3539 3218 82 25 resist
3630 3224 81 27 every
3721 3214 136 37 tendeucy
3866 3219 27 24 to
3906 3215 114 28 disease.

3386 3253 149 28 Hundreds
3549 3253 28 28 of
3588 3253 87 28 subtle
3689 3253 132 28 maladies
3839 3262 45 19 are
3907 3253 114 36 floating

3386 3291 104 28 around
3503 3301 31 18 us
3547 3291 83 36 ready
3644 3295 28 24 to
3685 3291 92 29 attack
3793 3291 139 28 wherever
3944 3292 65 27 there-

3386 3330 23 26 is
3421 3338 15 18 a
3445 3328 77 28 weak
3536 3330 85 34 point.
3659 3329 49 27 We
3720 3338 65 26 may
3798 3338 95 27 escape
3906 3339 85 25 many
4005 3339 16 17 a

3386 3366 66 28 fatal
3473 3366 73 28 shaft
3566 3366 36 35 by
3617 3366 117 35 keeping
3746 3366 137 28 ourselves
3896 3367 61 26 well
3969 3367 39 26 for-

3387 3403 74 30 tified
3485 3404 67 29 with
3577 3413 66 28 pure
3668 3404 80 29 blood
3774 3404 54 29 and
3853 3414 15 19 a
3892 3405 129 37 properly

3386 3443 147 28 nourished
3791 3443 93 28 article
3915 3445 28 26 in
3973 3444 48 29 the

3388 3481 74 28 Civil
3475 3481 109 27 Service
3598 3482 120 26 Gazette.

3385 3527 76 20 MADE
3473 3527 97 20 SIMPLY
3581 3527 75 20 WITH
3667 3527 114 20 BOILING
3790 3527 97 20 WATER
3897 3527 35 20 OR
3942 3527 80 20 MILK.

3404 3558 64 28 Sold
3480 3558 30 28 in
3523 3558 56 36 3-lb
3588 3558 111 36 packets
3710 3558 34 36 by
3755 3558 123 35 Grocers,
3888 3558 117 28 labelled
4035 3561 14 17 *

3643 3596 119 29 thus:

3449 3643 147 33 JAMES
3635 3644 108 30 EPPS
3776 3643 69 31 and
3880 3644 77 40 CO.,

3518 3697 207 21 HOMEOPATHIC
3743 3698 146 24 CHEMISTS,

3463 3737 207 35 LONPON,
3700 3737 243 30 ENGLAND.

3578 3834 248 31 NOTICE.

3451 4103 77 29 KIN
3536 4103 106 30 TING
3680 4104 53 29 OF
3769 4103 132 31 EVERY
3936 4104 64 30 DES-

3617 4236 179 30 CRIPTION

3410 4509 80 65 U)z
3508 4510 140 64 Until
3666 4509 163 62 lames
3859 4513 99 59 (Dili

3509 4713 149 41 CLIFF
3694 4713 204 42 STEEET.

3570 4868 272 33 NOTICE.

3643 5005 136 29 YELL

3389 5097 58 30 Can
3467 5098 34 29 be
3523 5099 130 30 obtained
3674 5100 120 38 through
3816 5101 48 29 the
3884 5100 140 36 following

3389 5143 94 30 agents
3496 5139 62 27 who
3572 5139 55 28 will
3641 5141 56 27 also
3711 5141 103 28 receive
3836 5141 54 27 ami
3909 5140 117 28 forward

3388 5176 93 28 orders
3493 5176 42 29 for
3547 5177 236 30 Advertisements
3793 5188 31 19 or
3834 5177 191 30 Subscribers:

3423 5242 161 28 Murchison
3585 5242 80 29 Mr
3678 5243 33 28 R.
3726 5243 100 29 M'Nee

3422 5288 221 37 WestportMr
3655 5290 52 28 Job
3721 5291 32 27 L.
3765 5292 122 28 Munson

3424 5336 198 29 ReeftonMr
3635 5337 114 30 Charles
3761 5339 97 28 Cohen

3424 5384 186 28 NelsonMr
3622 5386 43 27 W.
3680 5386 38 27 H.
3732 5386 78 28 West

3424 5431 256 37 GreymouthMr
3692 5433 28 28 J.
3732 5433 45 29 W.
3791 5432 155 31 Parkinson

3521 5583 98 27 Terms
3631 5591 33 19 of
3680 5584 203 27 Subscription
3894 5591 6 18 :

3391 5648 52 27 Per
3455 5649 124 32 Annum,
3587 5650 29 27 in
3630 5649 121 28 advance
3918 5650 36 27 il
3975 5651 16 26 G
4010 5651 16 26 0
