2580 3999
1263 47 97 32 THE

98 81 462 145 NEW
664 94 872 142 ZEALAND
1645 106 231 132 GA
1907 109 604 145 ZETTE

1276 262 98 32 AND

97 294 1158 163 WELLINGTON
1371 294 1158 163 SPECTATOR.

626 488 216 35 PUBLISHED
888 488 133 35 EVERY
1066 488 255 37 WEDNESDAY
1365 489 87 36 AND
1498 489 228 38 SATURDAY
1772 492 204 38 MORNING.

122 601 63 30 No.
210 600 91 37 328.]

627 602 110 29 PORT
759 602 258 36 NICHOLSON,
1033 602 266 32 WEDNESDAY
1322 604 209 35 MORNING,
1553 606 227 31 FEBRUARY
1804 612 50 31 28,
1881 612 91 28 1844.

2289 612 96 41 [Vol.
2408 615 52 30 IV.

1607 699 154 19 Commissariat
1776 700 70 24 Office,

1658 726 132 25 Wellington.

1458 758 111 20 Annual
1600 758 153 21 Contracts.

1313 790 146 47 NOTICE
1495 791 27 21 IS
1552 791 128 22 HEREBY
1711 792 111 27 GIVEN,
1852 792 42 22 that

1393 816 98 22 Tenders
1508 816 43 22 will
1566 817 27 21 be
1609 818 105 21 received
1727 823 24 17 at
1766 819 46 21 this
1830 819 64 22 Office

1315 842 28 26 by
1353 842 37 21 the
1399 844 156 26 undersigned,
1567 844 58 21 until
1644 844 88 28 Friday,
1744 845 37 22 the
1795 846 52 21 15th
1858 847 36 26 day

1314 868 25 21 of
1354 869 79 22 March
1451 873 61 23 next,
1532 873 23 18 at
1574 877 71 19 noon,
1666 871 35 21 for
1719 871 128 28 furnishing
1863 873 31 21 the

1313 895 165 22 Commissariat
1486 900 24 17 at
1524 896 147 28 Wellington,
1683 897 55 22 with
1754 899 38 21 the
1802 899 92 27 supplies

1313 922 206 26 undermentioned,
1531 923 22 21 in
1572 924 56 20 such
1645 925 119 26 quantities
1774 933 25 13 as
1810 932 52 20 may
1872 926 22 21 be

1313 948 102 27 required
1426 948 79 27 during
1517 949 36 22 the
1571 950 90 21 Twelve
1678 950 112 22 Calendar
1806 951 88 23 Months

1313 976 155 25 commencing
1479 976 35 21 the
1526 977 32 20 Ist
1568 976 65 26 April
1643 980 60 23 next,
1714 978 72 22 under
1797 978 38 22 the
1846 986 48 14 con-

1313 1000 80 22 ditions
1404 1001 134 22 hereinafter
1547 1003 114 27 specified,
1673 1004 42 22 viz.
1717 1014 29 5 —

1341 1034 66 22 Fresh
1419 1038 68 18 meat.
1495 1051 4 4 .
1512 1037 8 19 1

1342 1061 65 21 Flour
1515 1064 12 27 y
1546 1065 23 19 at
1578 1064 63 23 fib.

1341 1087 70 21 Bread
1509 1083 10 32 J

1340 1113 59 22 Rum
1536 1117 22 19 at
1599 1115 99 27 imperial
1710 1117 83 27 gallon.

1340 1139 114 24 Firewood
1472 1142 25 20 of
1512 1150 14 13 a
1542 1142 153 32 marketable]

1367 1167 134 28 description
1692 1174 11 23 y
1709 1173 24 18 at
1773 1171 41 20 100
1823 1172 42 22 fijs.

1341 1194 67 21 Straw
1685 1190 11 32 J

1341 1220 78 22 Mould
1429 1221 112 26 Jcandlesl
1569 1238 9 10 
1588 1241 22 7 __.
1620 1237 23 11 „.

1340 1246 44 27 Dip
1395 1247 89 22 candles
1503 1263 17 5 ..
1531 1244 17 30 f
1555 1238 95 21 ***«*'

1475 1302 48 22 For
1538 1302 139 27 Hospitals,
1693 1304 41 21 &c.

1340 1338 78 21 Arrow
1428 1341 54 23 root,
1494 1345 60 19 sago,
1565 1339 46 20 rice

1339 1363 52 26 Tea,
1404 1371 73 19 sugar,
1487 1365 96 21 oatmeal
1759 1369 4 21 |

1341 1390 52 26 Salt,
1404 1391 80 26 yellow
1493 1399 59 19 scap,
1564 1392 61 26 pearl
1637 1392 75 27 barley
1723 1407 6 5 .
1737 1407 5 6 .
1757 1386 42 37 j-at
1840 1395 31 22 Ife.

1340 1416 134 26 Vegetables
1757 1413 6 37 j

1340 1443 53 22 Fine
1404 1444 69 21 bread
1748 1439 15 34 J

1341 1470 57 21 Milk
1671 1473 88 25 s^pint.

1340 1496 52 22 Port
1402 1498 56 21 wine
1669 1502 23 18 at
1736 1501 80 21 dozen.

1340 1522 99 28 Vinegar
1610 1529 23 17 at
1644 1526 18 24 f
1662 1530 3 6 1
1674 1526 102 27 imperial
1785 1528 85 27 gallon.

1340 1550 77 22 Porter
1607 1553 23 24 ty
1641 1552 77 23 dozen.

1480 1607 213 21 CONDITION
1706 1609 24 19 S.

1405 1637 127 24 Qualities
1557 1646 29 14 of
1609 1646 46 15 the
1681 1640 119 22 Supplies.

1340 1671 39 20 Ist.
1394 1670 40 21 All
1449 1670 38 22 the
1498 1672 88 21 articles
1596 1675 22 19 to
1628 1672 28 22 be
1672 1673 26 21 of
1705 1673 37 21 the
1753 1673 50 22 best
1813 1674 81 27 quality

1312 1696 26 21 of
1347 1696 56 21 their
1411 1698 86 21 several
1506 1698 72 22 kinds.

1338 1723 50 22 2nd.
1404 1724 48 21 The
1470 1724 57 22 flour
1537 1728 22 18 to
1579 1726 28 20 be
1624 1725 37 22 the
1677 1726 99 27 produce
1790 1727 26 21 of
1832 1728 62 21 clean

1312 1750 70 21 sound
1392 1750 100 23 Colonial
1503 1751 80 27 wheat,
1593 1752 58 21 from
1661 1753 75 21 which
1751 1755 27 20 20
1787 1761 41 20 per
1837 1757 57 19 cent,

1312 1776 22 21 in
1345 1776 54 21 bran
1409 1776 41 22 has
1460 1778 57 21 been
1527 1779 125 21 extracted.

1339 1804 46 21 3rd.
1400 1803 48 22 The
1457 1804 68 22 bread
1536 1808 22 18 to
1573 1805 29 21 be
1611 1805 66 22 made
1693 1806 60 22 from
1761 1806 59 22 flour
1828 1807 26 21 of
1861 1807 33 22 the

1312 1837 59 14 same
1390 1830 85 28 quality
1494 1839 23 14 as
1537 1832 116 22 described
1670 1832 24 22 in
1720 1832 38 22 the
1775 1834 119 26 preceding

1311 1857 131 27 paragraph,
1453 1858 45 21 and
1517 1861 21 18 to
1557 1859 29 20 be
1605 1858 73 22 baked
1693 1861 29 20 24
1736 1860 69 22 hours
1823 1861 71 21 before

1313 1883 65 26 being
1387 1884 82 26 issued,
1479 1884 23 21 in
1512 1884 78 24 loaves
1600 1885 26 21 of
1632 1887 57 21 2ibs.
1701 1886 63 22 each.

1338 1910 45 21 4th.
1399 1910 48 22 The
1463 1911 57 21 fresh
1536 1914 62 19 meat
1607 1915 23 18 to
1644 1912 28 21 be
1687 1913 74 21 issued
1772 1913 68 27 daily,
1853 1913 41 22 and

1313 1939 21 18 to
1353 1937 83 21 consist
1455 1938 25 21 of
1496 1938 57 26 beef,
1565 1941 96 23 mutton,
1672 1940 45 20 and
1736 1940 62 27 pork,
1815 1940 23 21 in
1860 1940 34 21 the

1308 1963 130 26 •proportion
1450 1964 26 21 of
1482 1965 11 20 5
1501 1966 40 21 fljs.
1553 1965 26 20 of
1586 1964 53 22 beef
1647 1973 24 14 or
1680 1969 94 23 mutton,
1786 1966 47 22 and
1842 1968 52 22 2855.

1312 1990 26 20 of
1352 1990 54 25 pork
1423 1990 96 26 weekly;
1535 1994 22 17 to
1575 1991 29 20 be
1620 1990 114 23 delivered
1748 1993 24 20 in
1788 1993 49 21 fore
1853 1994 41 20 and

1313 2014 52 22 iiind
1381 2019 101 23 quaitcrs
1499 2017 141 26 alternately,
1656 2018 64 21 when
1740 2018 38 22 the
1795 2020 99 27 quantity

1313 2041 79 22 admits
1402 2042 25 21 of
1435 2042 22 21 it.
1487 2042 72 22 When
1577 2043 54 21 beef
1642 2044 18 21 is
1675 2044 82 27 issued,
1774 2046 37 21 six
1821 2046 73 22 inches

1314 2071 22 18 to
1345 2068 27 21 bo
1384 2072 37 17 cut
1469 2068 37 22 the
1517 2069 76 26 hough
1604 2070 45 21 and
1658 2071 58 21 neck
1727 2072 76 22 bones.

1339 2094 44 22 sth.
1399 2095 47 21 The
1465 2096 128 26 vegetables
1611 2096 35 21 for
1665 2097 37 22 the
1723 2098 107 28 hospitals
1854 2099 40 22 and

1314 2121 62 21 other
1393 2122 178 21 establishments
1589 2123 93 22 entitled
1698 2124 93 26 thereto,
1803 2126 58 21 shall
1871 2127 23 21 be

1313 2148 97 27 supplied
1421 2148 22 21 in
1453 2148 130 22 reasonable
1599 2151 141 25 proportions
1753 2151 24 22 of
1789 2155 105 25 potatoes,

1312 2181 87 20 greens,
1409 2176 87 25 onions,
1507 2176 39 21 &c.

1339 2201 45 22 6th.
1399 2202 48 21 The
1461 2209 49 14 nun
1526 2206 22 17 to
1563 2202 29 22 be
1604 2204 62 21 West
1680 2204 74 28 India,
1764 2206 13 19 5
1788 2213 41 20 per
1839 2209 55 19 cent,

1313 2228 68 21 under
1391 2229 70 26 proof.

1476 2282 70 23 Mode
1560 2291 29 14 of
1605 2284 129 23 Delivery.

1343 2314 43 22 7th.
1403 2314 36 22 No
1449 2318 50 23 part
1509 2314 112 23 whatever
1637 2316 29 21 of-
1673 2317 37 21 the
1720 2317 98 28 supplies
1827 2319 67 21 above

1313 2341 110 27 specified,
1444 2341 55 21 shall
1519 2341 27 21 be
1564 2343 105 21 received
1686 2344 22 21 in
1726 2345 81 26 charge
1823 2346 26 20 of
1861 2345 33 22 the

1314 2368 171 26 Commissariat,
1503 2368 38 21 but
1558 2369 58 21 shall
1632 2369 27 21 be
1679 2369 113 24 delivered
1811 2372 30 27 by
1861 2372 33 22 the

1314 2394 126 22 Contractor
1446 2395 101 21 diiectto
1553 2395 39 21 the
1602 2403 91 20 persons
1701 2398 94 21 entitled
1802 2399 92 26 thereto,

1312 2428 59 20 upon
1388 2421 37 21 the
1440 2421 84 22 written
1545 2422 66 22 order
1631 2423 25 21 of
1673 2423 37 22 the
1731 2425 163 24 Commis.sariat

1313 2448 82 21 Officer
1412 2448 24 20 in
1456 2448 85 27 charge,
1564 2456 26 14 or
1612 2449 27 21 of
1658 2457 45 20 any
1729 2451 63 22 other
1816 2459 78 20 person

1312 2474 132 23 authorized
1452 2475 30 27 by
1491 2474 45 22 him
1546 2475 36 22 for
1591 2476 49 21 that
1649 2484 102 21 purpose.

1421 2529 149 22 GENERAL
1586 2531 202 23 CONDITIONS.

1339 2562 44 22 Bth.
1399 2562 61 21 Each
1470 2562 89 23 Tender
1569 2568 49 17 sent
1628 2564 29 26 in,
1675 2565 24 21 in
1710 2572 156 21 consequence
1876 2567 18 22 of

1312 2589 43 21 this
1373 2590 177 25 advertisement,
1572 2594 24 17 to
1612 2590 30 22 be
1666 2592 160 27 accompanied
1842 2594 28 26 by
1884 2601 10 14 a

1310 2619 120 19 statement
1446 2616 76 27 signed
1541 2617 31 27 by
1590 2621 43 18 two
1653 2622 125 24 competent
1796 2627 98 21 persons,

1310 2643 46 21 and
1365 2644 127 26 expressing
1502 2643 57 22 their
1569 2644 118 26 readiness,
1705 2646 22 21 in
1739 2646 37 21 the
1788 2651 68 17 event
1870 2648 24 21 of

1311 2670 54 21 such
1375 2669 88 22 Tender
1474 2670 65 26 being
1549 2672 113 26 accepted,
1668 2675 23 17 to
1698 2672 93 23 become
1802 2674 92 27 security

1310 2696 35 21 for
1357 2696 36 23 the
1409 2696 43 22 due
1461 2698 152 26 performance
1625 2698 25 21 of
1656 2698 38 22 the
1708 2699 106 22 Contract
1824 2700 70 22 which

1311 2723 39 22 wil
1366 2724 53 21 then
1439 2723 26 22 be
1482 2724 90 21 entered
1588 2724 57 26 into,
1654 2725 50 22 The
1717 2726 92 27 penalty
1821 2728 26 21 of
1861 2728 33 21 the

1311 2750 63 22 bond
1391 2754 22 17 to
1430 2750 26 22 be
1473 2750 64 28 equal
1554 2754 23 18 to
1595 2751 38 22 the
1644 2752 115 23 estimated
1773 2758 94 18 amount
1877 2756 17 20 of

1312 2782 42 16 two
1365 2776 97 23 month's
1477 2777 109 27 supplies;
1602 2778 45 21 and
1662 2786 29 14 no
1702 2780 96 26 supplies
1811 2781 43 21 will
1868 2781 26 21 be

1310 2804 104 21 received
1423 2804 57 21 until
1491 2806 36 19 the
1537 2804 166 23 bondhasbeen
1714 2806 53 27 duly
1778 2808 116 22 executed.

1338 2831 44 22 9th.
1398 2830 100 22 Tenders
1512 2838 51 20 may
1574 2831 30 22 be
1620 2836 50 17 sent
1685 2833 32 25 in,
1729 2833 70 22 either
1812 2834 34 21 for
1861 2835 33 21 the

1310 2857 70 22 whole
1391 2858 27 21 of
1424 2857 37 22 the
1478 2858 96 26 supplies
1585 2859 102 27 required
1701 2859 36 22 for
1746 2860 54 21 each
1813 2860 81 23 district

1310 2884 151 28 respectively,
1473 2891 24 15 or
1506 2885 34 21 for
1550 2892 45 20 any
1605 2886 87 27 portion
1705 2886 25 21 of
1738 2886 69 27 them,
1820 2891 74 25 except

1310 2911 62 22 those
1391 2912 71 21 under
1481 2911 37 22 the
1536 2911 61 22 head
1614 2912 27 21 of
1825 2914 69 22 which

1310 2942 59 17 must
1378 2938 29 21 all
1416 2938 29 21 be
1454 2938 25 22 in
1490 2945 41 15 one
1541 2938 99 23 Tender.

1338 2965 57 22 10th.
1410 2965 48 22 The
1478 2965 131 22 Contractor
1628 2969 23 18 to
1670 2973 93 21 prepare
1787 2966 36 23 his
1847 2975 47 14 own

1309 2995 96 18 account
1421 2992 120 27 according
1552 2996 22 18 to
1594 2992 39 23 the
1647 2993 127 26 prescribed
1784 2994 65 27 form,
1863 2996 31 20 for

1310 3018 36 22 the
1357 3022 91 18 amount
1457 3018 26 22 of
1490 3018 70 23 which
1577 3018 29 23 he
1621 3020 44 21 will
1680 3020 29 21 be
1719 3021 115 22 furnished
1844 3021 50 22 with

1309 3053 13 13 a
1332 3045 119 22 certificate
1465 3046 31 27 by
1506 3045 36 22 the
1552 3046 160 27 undersigned,
1724 3047 43 22 and
1781 3051 113 24 presenta-

1309 3072 47 21 tion
1379 3072 90 22 thereof
1487 3075 25 18 at
1533 3072 38 22 the
1597 3073 167 22 Commissariat
1783 3074 72 22 Office
1875 3078 19 19 at

1309 3098 128 27 Auckland,
1448 3098 57 23 shall
1518 3099 89 22 receive
1621 3103 108 23 payment
1744 3100 112 28 monthly,
1866 3101 28 28 by

1308 3133 12 13 a
1331 3126 38 21 bill
1387 3133 60 19 upon
1461 3126 37 21 the
1518 3126 72 21 Lords
1609 3126 184 23 Commissioners
1814 3128 26 21 of
1856 3128 38 22 her

1308 3152 118 28 Majesty's
1435 3153 108 26 Treasury
1554 3156 25 19 at
1588 3161 48 19 par,
1647 3153 63 22 when
1720 3154 38 21 the
1773 3157 96 19 amount
1877 3156 17 21 is

1307 3179 136 27 twenty-five
1458 3179 85 27 pounds
1559 3187 26 14 or
1604 3180 116 26 upwards;
1738 3180 64 23 when
1822 3181 72 22 under

1305 3205 50 22 that
1364 3210 99 22 amount,
1474 3209 106 24 payment
1590 3206 44 22 will
1646 3206 27 22 be
1684 3206 66 23 made
1759 3208 23 21 in
1794 3208 61 22 cash.

1335 3238 58 21 11th.
1409 3238 28 22 In
1449 3237 36 22 the
1496 3241 68 18 event
1574 3238 27 21 of
1612 3245 45 19 any
1666 3238 78 22 article
1758 3239 84 22 offered
1857 3240 37 22 be-

1305 3264 40 26 ing
1354 3264 102 28 objected
1466 3268 21 18 to
1498 3272 23 14 as
1532 3268 40 18 not
1583 3265 105 26 agreeing
1703 3265 54 22 with
1767 3265 63 23 these
1840 3274 54 14 con-

1306 3291 88 26 ditions,
1414 3291 19 21 it
1451 3291 44 22 will
1514 3291 27 22 be
1560 3291 122 23 submitted
1702 3295 23 19 to
1744 3300 13 14 a
1777 3293 76 22 Board
1872 3294 22 22 of

1307 3317 100 27 Officers,
1425 3321 23 18 to
1463 3318 28 21 be
1508 3318 121 27 appointed
1644 3318 29 27 by
1683 3318 38 22 the
1738 3319 84 23 Officer
1835 3328 59 14 com-

1305 3345 107 26 manding
1422 3347 23 19 at
1459 3344 39 22 the
1513 3345 91 26 station,
1616 3345 46 22 and
1677 3345 21 22 if
1710 3346 99 27 rejected
1819 3346 28 28 by
1857 3347 37 21 the

1305 3371 82 27 Board,
1398 3373 18 19 it
1425 3371 45 22 will
1479 3371 28 21 be
1517 3371 105 26 replaced
1635 3372 30 27 by
1675 3372 38 23 the
1727 3373 167 23 Commissariat

1305 3397 84 23 Officer
1398 3397 46 23 and
1452 3397 96 28 charged
1564 3399 90 26 against
1666 3399 40 22 the
1720 3399 139 28 Contractor,
1869 3400 25 22 in

1303 3424 39 22 the
1362 3428 67 19 event
1447 3425 26 21 of
1486 3424 35 22 his
1539 3425 134 28 neglecting
1692 3430 24 18 to
1735 3426 29 22 do
1784 3434 26 15 so
1830 3427 63 23 when

1305 3452 113 27 required.

1331 3484 59 22 12th.
1406 3484 23 22 It
1439 3483 57 23 shall
1503 3484 29 22 be
1542 3484 25 23 in
1578 3485 37 22 the
1626 3493 75 19 power
1711 3486 27 22 of
1749 3486 72 23 either
1830 3490 64 24 party

1303 3514 23 19 to
1337 3512 57 21 limit
1404 3511 38 22 the
1452 3511 101 22 duration
1564 3512 27 21 of
1605 3512 37 22 the
1659 3513 107 22 Contract
1778 3514 31 26 by
1818 3514 76 28 giving

1302 3538 23 22 in
1336 3538 87 26 writing
1433 3545 13 14 a
1455 3537 73 22 notice
1539 3538 27 22 of
1572 3538 65 23 three
1650 3539 107 23 calendar
1770 3540 91 23 months
1871 3545 22 18 to

1303 3565 37 21 the
1366 3564 64 22 other
1440 3591 5 5 #
1451 3566 71 25 party,
1542 3565 46 22 and
1605 3570 23 17 to
1647 3566 42 22 end
1705 3566 38 22 the
1760 3570 103 20 contract
1871 3571 23 20 at

1303 3591 37 22 the
1351 3591 126 27 expiration
1492 3591 26 22 of
1529 3591 50 22 that
1592 3592 85 28 period,
1694 3593 19 22 it
1727 3594 70 27 being
1812 3594 82 23 under-

1302 3618 65 21 stood
1376 3617 48 22 that
1433 3617 56 22 such
1506 3618 76 23 notice
1596 3626 43 15 can
1652 3620 28 22 be
1689 3620 68 26 given
1771 3621 55 26 only
1835 3621 58 23 from

1303 3644 37 22 the
1349 3645 48 21 first
1407 3645 44 24 day
1461 3645 26 21 of
1493 3651 13 14 a
1516 3646 85 25 month,
1612 3646 44 23 and
1672 3647 80 22 within
1765 3648 41 22 the
1814 3648 79 24 period

1301 3671 36 22 for
1345 3671 72 22 which
1426 3671 39 22 the
1476 3671 107 23 Contract
1591 3672 19 23 is
1625 3672 66 23 made
1703 3681 24 15 or
1737 3674 84 28 agreed
1831 3678 23 19 to
1864 3675 29 22 be

1303 3698 73 22 made.

1329 3729 58 22 13th.
1412 3729 64 23 Each
1494 3730 93 23 Tender,
1602 3734 23 19 to
1649 3732 28 22 be
1702 3732 107 24 enclosed
1832 3733 24 23 in
1879 3741 15 15 a

1301 3759 100 24 separate
1416 3756 117 29 envelope,
1550 3758 48 22 and
1611 3759 95 22 marked
1751 3759 92 23 Tender
1856 3761 36 21 for

1438 3783 89 22 Tender
1543 3784 35 22 far
1595 3785 71 27 Meat,
1759 3793 24 15 as
1793 3787 39 21 the
1842 3794 50 16 case

1301 3816 52 20 may
1362 3810 34 22 be.
1427 3810 36 21 No
1470 3810 88 23 Tender
1564 3815 51 19 sent
1623 3812 24 22 in
1656 3812 57 22 shall
1722 3813 28 21 be
1760 3813 132 23 withdrawn

1290 3836 35 24 \or
1336 3836 90 27 altered,
1441 3836 45 23 and
1504 3838 75 22 notice
1592 3839 27 21 of
1632 3839 63 22 those
1712 3839 109 28 accepted
1835 3840 58 22 shall

1290 3860 37 24 Ibe
1338 3863 65 26 given
1415 3863 63 22 three
1489 3863 54 27 days
1554 3865 26 21 of
1587 3865 38 21 the
1637 3865 52 22 time
1701 3865 26 22 of
1734 3866 106 27 opening.

1290 3890 10 38 I
1329 3896 28 22 In
1367 3896 30 22 all
1407 3904 63 14 cases
1485 3897 72 22 where
1566 3905 94 20 persons
1676 3899 48 21 who'
1734 3899 58 21 have
1804 3899 89 23 tender-

1290 3921 46 29 iled,
1347 3923 74 22 refuse
1437 3926 23 19 to
1479 3923 57 22 fulfil
1555 3924 59 23 their
1633 3925 66 22 offers
1717 3932 59 20 upon
1792 3925 57 27 light
1853 3925 40 24 \or

1933 701 106 22 frivolous
2055 708 98 22 excuses,
2163 703 19 21 it
2195 704 46 21 will
2255 704 29 21 be
2298 708 130 24 competent
2436 707 34 22 for
2480 706 40 23 tha

1934 727 148 27 undersigned
2092 731 23 19 to
2124 729 87 22 decline
2222 734 24 17 to
2254 731 89 23 receive
2352 732 101 23 Tenders
2461 734 60 21 from

1933 753 60 21 them
2004 758 23 16 at
2035 761 45 20 any
2089 755 76 22 future
2171 757 87 26 period.

1900 797 2 8 >
1962 779 94 23 Persons
2069 781 98 23 desirous
2176 783 27 20 of
2215 783 130 28 Tendering
2354 791 37 15 are
2401 785 121 27 requested

1900 807 2 28 \
1936 808 21 18 to
1976 806 67 27 apply
2062 812 24 16 at
2103 807 38 22 the
2161 809 166 22 Commissariat
2345 811 71 22 Office
2439 815 23 18 at
2483 812 41 22 tha

1900 837 2 24 ;
1933 832 88 25 station,
2032 833 66 21 when
2108 833 53 28 they
2169 835 44 21 will
2224 836 27 21 be
2262 836 114 22 furnished
2388 837 53 22 with
2449 838 73 23 forms

1900 881 2 7 t
1933 857 26 21 of
1966 857 94 28 Tender,
2072 860 44 22 and
2127 868 44 19 any
2181 861 65 23 other
2255 863 144 22 information
2409 863 52 28 they
2467 871 54 20 may

1900 889 2 5 '
1932 885 96 27 require.

2259 915 28 21 G.
2298 915 31 22 D.
2341 915 120 29 Lardner,

1900 943 2 30 !
2004 971 6 8 
2340 948 30 23 D.
2380 949 31 23 A.
2422 950 24 22 C.
2458 951 29 21 G.

1900 991 2 4 ,
1965 971 143 28 Wellington,
2121 972 114 29 February
2246 976 20 25 9,
2278 976 61 21 1844.

1933 1016 91 47 THE
2039 1018 149 26 undersigned
2206 1018 21 22 is
2242 1020 173 22 commissioned
2429 1024 22 18 to
2465 1028 54 20 pur-

2006 1042 68 22 chase
2084 1045 41 20 150
2134 1048 21 17 to
2164 1046 42 20 200
2215 1048 51 18 tons
2276 1046 24 20 of
2308 1045 64 28 Flax,
2388 1051 25 17 at
2421 1047 47 22 £13
2478 1055 41 20 per

1932 1071 47 18 ton.
2007 1069 60 22 Cash
2075 1070 96 27 payable
2181 1077 29 15 on
2221 1071 107 28 delivery.

2311 1103 79 22 James
2407 1105 84 22 Smith.

1960 1125 144 28 Wellington,
2116 1127 53 23 Feb.
2180 1129 34 26 20,
2227 1129 61 21 1844.

2102 1171 101 23 JAMES
2234 1173 107 27 SMITH,
2514 1162 3 4 '

1966 1201 133 22 Licensed
2127 1204 221 22 Custom-House
2376 1206 102 27 Agent,

2174 1243 28 16 TE
2216 1245 55 14 ARO.

1958 1265 114 28 February
2081 1268 34 25 20,
2132 1269 60 21 1844.

2140 1313 27 21 B.
2196 1313 111 28 LEVY,

1931 1344 205 27 Chronometer,
2152 1346 95 26 Clock,
2263 1348 20 20 &
2297 1348 99 23 Watch
2409 1350 107 26 Maker,

2126 1386 109 16 LAMBTON
2250 1388 68 20 QUAY,

1932 1412 42 23 T>
1984 1411 217 24 ESPECTFULLY
2209 1413 93 22 informs
2310 1414 37 22 the
2357 1414 127 26 inhabitant
2493 1417 28 21 of

1931 1436 52 22 XV
2010 1438 137 27 Wellington
2164 1439 49 22 that
2227 1440 29 21 he
2274 1440 40 22 has
2333 1442 88 26 opened
2440 1443 23 21 in
2479 1443 38 22 the

1930 1464 70 21 above
2018 1465 53 26 line,
2088 1466 46 21 and
2152 1469 66 18 trusts
2227 1466 31 28 by
2267 1468 114 22 assiduous
2398 1469 117 28 attention,

1931 1491 118 22 combined
2059 1491 53 22 with
2122 1492 112 22 moderate
2245 1493 77 28 prices,
2334 1498 23 18 to
2367 1496 66 21 merit
2442 1496 77 27 public

1929 1521 130 24 patronage.

2105 1546 76 21 Watch
2188 1547 79 25 glasses
2270 1548 74 25 fitted.

1959 1571 112 27 February
2081 1574 36 25 20,
2129 1574 61 21 1844.

1930 1618 177 47 WANTED
2122 1622 23 18 to
2164 1626 63 14 serve
2246 1619 24 22 in
2289 1627 14 14 a
2322 1621 72 26 Store,
2411 1628 14 15 a
2442 1629 78 20 young

2026 1651 88 15 woman
2124 1653 26 13 or
2159 1646 51 27 boy,
2222 1646 50 22 who
2284 1654 42 15 can
2336 1647 54 22 read
2401 1648 45 22 and
2457 1649 62 21 wiite

1929 1670 46 21 and
1985 1670 55 22 have
2051 1679 14 13 a
2074 1672 58 26 good
2143 1672 117 22 character
2267 1673 34 21 for
2309 1673 104 26 honesty.
2442 1675 77 24 Apply

1931 1699 22 18 at
1965 1696 35 22 the
2035 1698 94 21 Gazette
2166 1699 79 22 Office.

1957 1729 112 29 February
2079 1733 35 25 20,
2127 1733 60 22 1844.

2133 1778 84 21 Fresh
2230 1779 82 21 Pork.

1932 1809 70 47 ON
2018 1810 87 27 SALE,
2120 1814 23 18 at
2161 1812 38 21 the
2218 1813 106 26 premises
2341 1813 27 22 of
2383 1813 38 22 the
2435 1813 82 23 under-

2007 1837 87 26 signed,
2109 1837 59 23 fresh
2180 1838 66 27 Pork,
2264 1839 24 21 of
2305 1840 37 21 the
2357 1840 51 22 best
2421 1841 93 27 quality,

1929 1862 58 22 from
1995 1863 36 21 4d.
2042 1867 22 17 to
2074 1864 36 22 od.
2120 1872 40 19 per
2169 1867 30 20 ft.

1958 1889 74 22 Prime
2042 1890 44 22 salt
2094 1891 63 27 pork.

2144 1924 27 23 R.
2189 1924 122 28 Wallace,
2329 1926 159 23 Willis-street.

1957 1956 114 27 February
2080 1959 20 24 9,
2113 1959 60 21 1844.

2156 2002 54 21 For
2225 2002 66 23 Sale.

1931 2034 50 45 A
2010 2032 147 22 COTTAGE
2181 2033 127 28 pleasantly
2332 2035 100 23 situated
2455 2036 22 22 in
2505 2043 14 15 ft

2009 2058 115 22 sheltered
2141 2063 51 24 spot
2210 2067 31 14 on
2258 2061 137 27 Wellington
2413 2063 104 26 Terrace,

1931 2085 76 21 within
2017 2092 44 15 one
2070 2086 98 22 minutes
2178 2087 59 21 walk
2248 2087 26 21 of
2286 2087 38 22 the
2334 2089 81 26 beach,
2426 2089 67 27 being
2505 2097 14 14 a

1931 2115 58 18 most
1999 2112 109 21 desirable
2119 2113 86 26 private
2214 2114 126 22 residence.
2377 2115 46 22 For
2431 2115 89 23 further

1900 2136 2 10 !
1930 2138 139 27 particulars,
2080 2139 67 27 apply
2158 2143 22 18 to

2250 2167 44 21 Mr.
2306 2167 98 23 Robert
2415 2168 73 23 Park.

1960 2191 113 28 February
2083 2194 20 24 2,
2115 2194 61 20 1844.

1987 2236 100 22 Messrs.
2114 2237 154 23 HOLROYD
2293 2246 47 15 and
2367 2239 94 28 HART\

2094 2265 130 21 Notaries
2248 2266 107 25 Public,

2020 2297 38 15 TE
2086 2298 73 19 ARO,
2188 2298 242 17 WELLINGTON.

1960 2322 129 27 September
2098 2324 21 24 4,
2132 2324 61 21 1843.

1900 2383 2 5 i
2181 2369 93 21 Seeds.

1931 2402 51 47 A
1997 2401 86 22 VERY
2098 2402 158 23 SUPERIOR
2271 2403 44 22 and
2325 2403 103 23 valuable
2439 2408 80 19 assort-

2010 2432 64 18 ment
2089 2429 26 21 of
2131 2429 60 22 fresh
2208 2430 70 21 Seeds
2292 2430 48 27 just
2354 2431 109 27 received,
2481 2431 39 22 the

1931 2455 47 20 first
1995 2456 25 21 of
2037 2463 14 13 a
2065 2455 89 27 regular
2169 2456 87 27 supply,
2267 2463 50 16 now
2333 2464 29 15 on
2380 2457 46 22 sale
2441 2461 24 18 at
2481 2457 38 23 the

1931 2481 71 22 Office
2021 2482 27 21 of
2064 2482 43 22 this
2127 2482 70 28 Paper
2216 2483 31 27 by
2263 2483 37 22 the
2320 2483 157 29 undersigned,
2493 2484 29 22 iit

1931 2508 121 27 quantities
2062 2512 22 18 to
2093 2508 44 22 suit
2146 2509 132 27 purchasers
2286 2517 5 14 :
2293 2521 28 4 —

1958 2535 55 22 Fine
2024 2535 53 22 seed
2086 2543 59 19 peas,
2157 2543 67 14 seven
2235 2536 109 28 varieties,

1900 2575 2 2 •
1959 2562 43 21 Do.
2032 2562 36 22 do.
2097 2562 70 21 broad
2176 2562 77 27 beans,
2265 2562 61 23 three
2336 2563 112 23 varieties.

1959 2589 43 22 Do.
2030 2589 38 22 do.
2096 2589 65 22 horse
2171 2589 77 27 beans,

1959 2615 43 22 Do.
2032 2615 35 22 do.
2093 2615 81 22 scarlet
2182 2623 95 14 runners
2287 2616 46 23 and
2342 2616 89 23 French
2439 2617 78 28 beans,

1959 2642 42 21 Do.
2031 2642 36 21 do.
2096 2642 75 27 spring
2181 2642 80 27 wheat,
2273 2646 65 24 tares,
2348 2644 48 21 and
2408 2648 53 22 oats,

1959 2669 82 22 Round
2052 2669 45 21 and
2107 2669 85 27 prickly
2199 2669 99 27 spinach,

1960 2695 63 27 Long
2032 2695 81 22 scarlet
2122 2695 43 22 and
2175 2696 75 28 turnip
2260 2696 82 28 radish,

1959 2722 115 27 Rhubard,
2086 2722 66 22 white
2167 2722 47 23 and
2230 2722 40 23 red
2286 2724 53 21 beet
2352 2724 47 22 and
2413 2724 106 27 mangold

1901 2755 2 6 *
1931 2749 99 27 wuitzel,

1959 2776 125 27 Carraway,
2096 2776 46 21 Dill
2152 2776 45 21 and
2207 2776 92 27 Burnet,

1959 2803 42 21 Sea
2011 2802 56 27 cale,
2079 2809 127 21 asparagus,
2216 2806 80 24 carrot,
2308 2804 46 21 and
2367 2804 95 28 parsnip,

1900 2846 2 4 ,
1959 2829 95 27 English
2063 2829 52 22 leek
2124 2836 47 15 ana
2180 2830 74 25 onion,
2267 2830 94 28 Spanish
2374 2830 36 22 do.

1900 2869 2 14 ;
1959 2855 124 28 Vegetable
2100 2863 94 14 marrow
2209 2856 45 22 and
2263 2856 54 27 long
2329 2857 89 27 prickly
2428 2864 91 16 cucum-

1900 2896 2 12 ;
1929 2882 49 26 ber,

1959 2909 145 26 Cauliflower,
2115 2909 87 27 endive,
2213 2909 47 22 and
2273 2909 81 28 celery,

1958 2936 119 27 Virginnia
2093 2936 99 27 tobacco,
2207 2936 154 28 mignionette,
2380 2937 47 22 and
2451 2940 68 20 sweet

1929 2970 61 19 peas,

1957 2989 38 22 All
2006 2994 57 17 sorts
2074 2990 25 21 of
2105 2989 85 27 garden
2201 2989 46 22 and
2256 2990 53 22 field
2319 2990 108 28 cabbage,

1957 3016 43 22 Do.
2113 3016 35 22 do.
2232 3016 36 22 do.
2326 3017 82 27 turnip,

1957 3043 38 21 All
2005 3045 56 19 sorts
2070 3043 26 21 of
2101 3043 90 26 lettuce,
2202 3043 71 27 salad,
2284 3043 150 28 and.brocoli,

1957 3069 38 22 All
2004 3073 57 18 sorts
2071 3070 26 20 of
2103 3070 74 27 lupins
2187 3069 45 23 and
2241 3070 153 26 nasturtiums,

1957 3096 37 21 All
2005 3100 57 17 sorts
2072 3097 26 20 of
2104 3100 68 18 sweet
2183 3096 74 27 herbs,

1957 3123 49 21 One
2015 3122 103 22 hundred
2129 3123 76 21 choice
2215 3123 90 21 varities
2318 3122 27 21 of
2357 3122 78 23 flower
2442 3123 72 28 seeds,

1956 3150 22 21 A
1988 3156 53 19 very
2056 3149 103 22 valuable
2175 3153 132 18 assortment
2322 3149 26 22 of
2361 3149 61 22 fresh
2437 3150 79 23 choice

1927 3183 85 20 grasses
2021 3177 36 21 for
2065 3176 146 26 gentlemen's
2226 3176 70 21 lawns
2312 3175 45 22 and
2372 3176 144 28 agricultural

1927 3210 112 20 purposes,

1956 3229 111 27 Cabbage,
2096 3228 91 27 brocoli,
2216 3228 108 27 rhubard,
2354 3229 75 27 onion,
2456 3230 59 27 leek,

1926 3255 83 22 lettuce
2027 3256 82 27 plants,
2127 3256 50 26 &c,
2196 3263 53 14 now
2268 3256 70 27 ready
2357 3259 22 20 to
2399 3257 28 22 be
2444 3260 73 19 trans-

1926 3283 99 27 planted,
2036 3282 73 23 raised
2119 3283 56 21 from
2186 3282 96 28 samples
2285 3284 35 21 -of
2328 3283 65 22 these
2403 3284 72 22 seeds.

2337 3317 41 22 W.
2395 3317 92 23 Moodt.

1954 3343 100 22 October
2063 3345 21 25 6,
2096 3344 63 22 1843.

2097 3391 77 21 Meat
2195 3392 152 25 Company.

1927 3422 81 50 TE
2039 3423 240 28 UNDERSIGNED,
2296 3424 86 27 having
2400 3424 58 23 been
2477 3432 40 21 ap-

2000 3450 91 27 pointed
2107 3450 110 27 Manager
2227 3451 26 21 of
2267 3450 36 22 the
2317 3450 66 23 Meat
2392 3451 122 28 Company,

1926 3476 54 27 begs
1990 3479 21 19 to
2021 3484 119 15 announce
2150 3477 51 22 that
2214 3484 13 15 a
2237 3478 88 26 regular
2333 3477 80 28 supply
2422 3478 25 22 of
2456 3478 58 26 beef,

1926 3506 94 24 mutton,
2041 3504 46 22 and
2103 3504 57 28 pork
2176 3511 52 20 may
2249 3498 82 33 always
2348 3504 29 21 be
2397 3504 118 27 depended

1926 3537 60 20 upon
1997 3533 24 19 at
2030 3530 45 22 this
2085 3531 174 23 establishment.

1953 3558 34 21 As
2009 3556 45 22 this
2077 3558 115 27 Company
2211 3563 107 26 purposes
2337 3556 79 28 selling
2434 3559 24 19 at
2474 3556 39 22 the

1924 3583 78 23 lowest
2010 3584 72 28 prices
2093 3588 23 18 at
2130 3584 73 22 which
2211 3588 20 17 it
2244 3584 20 21 h
2272 3582 71 23 found
2352 3582 38 23 the
2399 3586 60 19 meat
2472 3591 42 15 can

1924 3610 29 22 be
1964 3610 108 28 afforded,
2082 3610 38 22 the
2129 3608 151 29 undersigned
2288 3610 18 21 is
2320 3609 54 27 only
2383 3609 129 25 authorized

1926 3640 22 18 to
1959 3637 49 27 give
2014 3645 54 19 very
2074 3637 87 22 limited
2171 3636 76 26 credit,
2254 3635 46 22 and
2307 3635 41 22 has
2354 3636 57 23 been
2420 3637 94 23 ordered

1924 3665 24 20 to
1959 3667 54 24 .stop
2028 3664 31 24 all
2072 3665 104 21 accounts
2192 3662 73 23 which
2279 3669 37 16 ar«
2331 3666 42 20 not
2387 3663 53 28 paid
2454 3671 60 20 upon

1926 3690 101 22 demand.
2400 3705 3 9 (
2413 3709 12 5 
2481 3707 5 6 ,
2503 3705 4 3 -

1952 3717 47 22 The
2009 3717 102 23 business
2120 3716 26 22 of
2154 3714 36 24 the
2201 3715 116 29 Company
2325 3716 22 22 ia
2355 3716 86 24 carried
2444 3723 33 22 Afl.
2489 3716 7 22 *
2498 3724 15 14 n

1925 3743 58 22 their
1997 3751 50 14 new
2062 3742 109 27 building,
2181 3743 91 22 erected
2289 3742 114 26 between,,
2410 3742 104 26 France's

1925 3770 69 22 Hotel
2012 3770 45 22 and
2075 3768 39 23 the
2133 3768 57 23 head
2207 3768 28 23 of
2248 3769 38 22 tb«
2301 3770 58 26 Bay,
2376 3769 46 22 and
2436 3769 78 28 nearly

1924 3796 99 29 opposite
2034 3799 23 19 to
2067 3796 45 23 Mr.
2124 3795 83 27 Lyon's
2217 3796 71 25 Stqre.

2197 3829 43 22 W.
2249 3829 103 26 Fltobk,
2368 3829 118 29 Manager.

1952 3855 130 24 November
2091 3856 35 25 28,
2139 3857 61 21 1842.
2296 3876 4 4 .
2393 3869 6 3 -
2412 3878 5 3 .
2432 3867 18 14 -,-
2446 3873 15 9 tv
2460 3859 23 27 .<;

1923 3899 94 48 JUST
2031 3898 135 23 OPENED,
2173 3899 44 21 and
2228 3905 30 16 on
2269 3899 50 22 Sale
2329 3900 24 20 at
2361 3899 40 22 the
2413 3899 70 24 Offi.«
2494 3900 28 23 of

1988 3925 44 21 this
2041 3925 79 28 Paper,
2130 3925 40 20 inK
2181 3931 48 16 star
2234 3925 25 21 ds
2269 3929 21 17 ot
2301 3930 93 17 vanbu*
2399 3923 78 25 tiz'es."
