4144 5972
76 237 91 28 .£IOOO
180 244 102 28 a-year,
297 235 52 28 and
363 237 73 27 can't
448 244 55 28 pay
523 235 44 28 his
588 240 121 32 passage,

75 274 57 29 will
146 273 87 35 oblige
247 273 36 37 by
295 274 166 36 forwarding
474 273 194 37 subscriptions
682 277 27 24 to

75 313 47 28 the
135 313 131 35 poor*box
279 318 29 23 at
320 312 54 29 this
388 311 86 30 office.
511 312 14 27 I
541 312 107 29 enclose
661 320 47 26 ray

76 351 190 28 half-a-crown
281 360 29 18 as
323 360 16 18 a
351 353 77 25 start.

110 388 59 30 The
189 389 145 29 American
355 398 130 28 manager
509 387 29 31 of
556 386 154 40 reputation

76 428 57 28 also
147 433 61 23 sent
220 428 29 28 in
262 438 16 18 a
299 432 91 32 report
391 428 89 35 —just
500 425 83 30 about
604 437 30 17 as
647 427 47 26 mis-

75 463 111 39 leading
205 475 31 20 as
258 465 47 30 the
318 465 129 29 financial
465 475 51 19 one
534 474 66 20 was.
636 463 75 30 After

76 505 124 36 showing
219 505 37 36 by
274 505 100 34 figures
395 505 61 28 that
468 505 47 28 the
537 513 44 20 ore
595 503 47 29 did
663 507 48 24 not

77 544 111 27 contain
201 543 72 28 from
287 544 32 27 17
332 546 28 25 to
374 545 33 26 25
419 552 48 27 per
479 546 71 25 cent,
572 543 30 28 of
617 541 94 33 metal,

75 590 31 19 as
119 580 35 29 he
174 580 60 29 said
254 581 22 29 it
296 580 46 29 did
367 581 29 28 in
410 580 106 34 March,
528 580 35 29 he
581 588 56 21 was
650 588 61 19 now

78 618 140 31 confident
241 619 62 29 that
331 620 22 28 it
377 619 91 29 would
493 618 60 37 give
578 628 16 19 a
617 621 93 26 return

78 658 31 29 of
164 667 49 28 per
225 661 81 30 cent.,
320 667 30 19 or
368 657 83 29 about
469 656 147 30 one-third.
651 656 60 29 You

76 706 45 19 Bee
134 696 35 29 he
189 705 77 20 came
286 696 81 28 down
389 698 34 26 66
436 705 47 28 per
496 698 69 26 cent,
584 695 30 29 in
634 695 77 28 three

75 734 122 28 months.
233 733 79 28 Then
334 734 35 28 he
389 737 74 24 went
482 743 36 18 on
530 736 29 25 to
579 742 49 27 say
650 733 60 28 that

78 770 35 30 he
138 771 81 29 could
242 774 68 25 start
335 771 81 35 again
438 771 42 28 for
502 780 16 18 a
538 770 157 34 further.ex-

76 809 144 37 penditure
241 809 30 28 of
290 809 74 28 £BOO
384 818 36 18 on
438 808 122 36 roasting
577 808 134 33 furnaces,

76 846 56 29 and
151 846 68 29 then
243 846 81 29 make
350 847 74 28 £3OO
447 855 48 28 per
518 846 98 29 month
642 846 70 28 clear

76 884 92 36 profit*
205 884 15 28 I
241 885 77 27 don't
330 884 54 28 like
402 888 27 23 to
450 884 182 28 characterize
651 884 60 27 that

76 924 150 27 statement
236 921 38 38 by
286 921 101 36 calling
398 922 22 28 it
432 921 37 38 by
482 922 35 28 its
529 921 74 36 right
615 929 92 25 name,

79 964 48 25 nut
139 961 16 28 I
167 960 196 38 emphatically
381 961 79 36 deny'
471 961 47 28 the
537 960 76 29 truth
634 961 28 27 of
681 959 29 29 it.

77 995 85 39 Why,
174 1002 49 24 not
236 1006 86 28 many
342 997 89 28 weeks
443 1007 51 25 ago
514 999 13 25 I
541 998 110 34 pointed
664 1001 48 23 out

77 1034 62 30 that
160 1035 47 30 the
228 1033 144 31 miserable
393 1035 92 28 4x2
506 1034 75 29 birch
603 1034 109 29 battens

78 1074 36 30 he
126 1074 55 30 had
193 1074 55 30 laid
261 1074 81 31 down
363 1074 42 29 for
417 1084 14 19 a
443 1079 135 32 tramway
591 1074 121 29 couldn't

78 1122 104 27 convey
194 1114 108 34 enough
316 1122 45 19 ore
374 1116 28 24 to
414 1114 47 27 the
473 1114 111 26 furnace
596 1115 28 25 to
641 1112 69 35 keep

78 1150 23 29 it
123 1151 83 37 going
229 1150 42 29 for
294 1159 17 21 a
333 1149 76 29 week
435 1150 116 29 without
576 1149 134 37 complete

79 1188 177 35 destruction,
292 1189 55 28 and
377 1188 55 28 this
461 1188 111 28 Yankee
602 1188 110 28 smelter

78 1227 115 30 reckons
214 1230 28 27 to
262 1235 49 21 use
332 1235 37 29 up
392 1235 65 20 over
476 1227 50 28 100
544 1229 63 26 tons
626 1225 30 29 of
666 1234 45 20 ore

79 1267 113 33 a-week,
217 1267 37 28 all
278 1267 28 28 of
330 1265 88 30 which
442 1265 24 29 is
487 1268 29 26 to
537 1264 34 29 be
595 1264 117 36 brought

80 1305 81 28 down
173 1314 36 20 on
221 1303 57 30 this
289 1307 72 25 tram
372 1311 7 26 ;
400 1303 54 28 and
466 1305 45 33 yet
523 1303 30 26 in
565 1302 42 27 his
619 1305 91 33 report

79 1349 63 30 Bays
155 1341 117 36 nothing
283 1340 84 29 about
380 1340 46 29 the
435 1339 134 36 necessity
579 1340 30 28 of
617 1339 95 36 laying,

80 1381 60 28 iron
152 1389 31 20 or
195 1380 67 28 steel
273 1378 64 29 rails
350 1382 28 25 at
391 1389 16 18 a
419 1381 59 25 cost
498 1378 30 28 of
543 1378 100 31 £2OOO,
656 1377 55 28 and

80 1427 17 20 a
109 1418 80 37 delay
202 1417 30 29 of
238 1421 29 25 at
279 1416 67 29 least
359 1416 41 28 six
412 1415 121 29 months.
569 1415 54 29 Yet
635 1424 75 19 some

77 1455 189 31 shareholders
289 1455 104 38 profess
416 1454 67 37 they
507 1453 92 29 would
630 1453 80 29 allow

77 1495 73 27 their
161 1494 133 35 credulity
304 1496 28 25 to
343 1493 33 28 be
385 1493 136 36 practised
532 1501 75 27 upon
616 1495 27 24 to
656 1501 55 25 any

76 1534 100 25 extent.
213 1530 55 29 For
290 1529 77 30 these
390 1529 56 29 and
463 1528 80 29 other
562 1537 112 20 reasons
694 1528 15 28 I

76 1569 86 39 freely
174 1568 135 31 subscribe
322 1569 47 29 the
381 1568 156 29 half-cown.

556 1606 119 28 Koeari.

95 1683 221 35 (Continuation
328 1682 34 36 of
376 1683 90 32 News,
479 1691 41 18 see
532 1681 50 28 4th
593 1681 99 36 Page.)

1347 86 118 41 THE
1517 82 188 42 LYELL
1753 73 188 49 TIMES,
1994 72 309 54 SATURDAY,
2360 76 140 54 JUNE
2552 89 35 41 5,
2642 80 104 39 1886.

244 1764 136 40 Mining
397 1764 150 32 Notices.

78 1849 148 32 UNITED
238 1850 140 29 ALPINE
395 1849 147 36 QUARTZ
562 1848 147 29 MINING

198 1896 188 34 COMPANY,
405 1896 176 29 LIMITED.

94 2001 26 26 A
137 1997 24 31 T
173 2008 17 20 a
212 1997 122 37 Meeting
355 1997 31 29 of
404 1995 149 36 Directors,
565 1995 67 30 held
651 1995 57 29 this

172 2051 65 37 day,
256 2060 17 20 a
292 2049 195 30 DIVIDEND
512 2048 55 37 (the
587 2048 77 36 24th)
685 2047 31 29 of

77 2103 78 30 ONE
175 2102 187 31 SHILLING
381 2110 49 30 per
456 2100 79 31 share
557 2098 107 39 (32,000
664 2098 46 39 th)

77 2164 58 21 was
164 2155 80 30 made
273 2154 117 38 payable
420 2157 29 26 at
473 2154 47 28 the
543 2154 170 36 Company's

77 2207 94 37 Office,
193 2206 66 30 Cliff
276 2207 96 34 Street,
390 2205 87 38 Lyell,
502 2215 37 19 on
562 2203 57 31 and
642 2203 73 29 after

80 2258 210 34 SATURDAY,
320 2258 48 29 sth
386 2257 116 34 instant,
522 2257 76 28 1886.

363 2309 122 33 JAMES
504 2307 142 37 INGLIS,

539 2361 141 36 Manager.

114 2414 90 40 Lyell,
216 2415 50 30 3rd
278 2412 84 38 June,
374 2414 77 30 1886.

78 2498 80 33 THE
188 2499 125 30 LYELL
343 2498 128 31 CREEK
501 2496 212 31 EXTENDED

137 2550 149 37 QUARTZ
306 2550 146 28 MINING
470 2547 188 33 COMPANY,

316 2601 176 30 LIMITED.

128 2705 163 32 lENDERS
309 2706 163 30 WANTED
490 2705 42 29 for
547 2703 144 30 EXTEND-

180 2760 69 29 ING
270 2757 159 32 TUNNEL
449 2768 16 19 a
477 2758 121 29 distance
617 2757 30 29 of
666 2757 51 28 500

84 2811 108 30 FEET.

117 2912 206 39 Specifications
341 2914 29 27 to
391 2912 34 29 he
448 2920 62 20 seen
534 2914 28 24 at
574 2909 47 29 the
635 2909 60 29 Com-

80 2966 99 36 pany's
192 2964 95 34 Office,
300 2964 128 33 Reefton,
440 2961 55 30 and
508 2966 28 25 at
557 2961 43 30 Mr
621 2961 94 29 James

82 3015 105 37 Ryan's
200 3015 87 33 Store,
302 3015 87 36 Lyell.

117 3116 121 29 Tenders
252 3116 72 29 close
336 3119 30 25 at
377 3116 48 28 the
442 3114 168 36 Company's
623 3112 92 33 Office,

81 3166 126 36 Reefton,
228 3170 29 28 at
282 3168 17 30 8
319 3175 77 31 p.m.,
409 3175 36 21 on
463 3163 253 35 WEDNESDAY,

84 3221 67 28 30th
163 3221 109 32 JUNE,
285 3220 133 36 proximo.

118 3323 26 29 A
168 3323 116 37 Deposit
308 3322 31 30 of
357 3321 76 30 TEN
453 3319 152 32 POUNDS
623 3323 29 28 to
675 3328 28 21 ac-

84 3384 137 28 company
233 3374 67 29 each
313 3372 104 30 tender.

239 3425 165 30 PATRICK
421 3423 196 35 BRENNAN,

543 3475 142 38 Manager.

119 3531 126 32 Reefton,
258 3532 62 26 31st
331 3529 77 35 May,
423 3530 76 27 1886.

155 3614 250 29 APPLICATION
426 3613 75 28 FOR
521 3612 131 28 LEASE.

239 3708 104 29 Nelson
356 3705 178 30 South-West
546 3704 159 29 Goldfields.

350 3744 66 29 26th
430 3744 75 36 May,
520 3744 75 28 1886.

122 3802 43 30 To
183 3810 57 21 the
405 3809 34 20 at
457 3800 207 29 Murchison—

90 3859 37 61 I
147 3859 159 30 HEREBY
327 3857 83 39 apply
428 3857 42 29 for
493 3866 17 20 a
531 3854 193 38 Gold-Mining

164 3899 86 27 Lease
271 3898 28 28 of
319 3897 47 28 the
386 3896 80 29 lands
490 3895 164 28 hereinafter
677 3894 30 28 de-

89 3936 115 33 scribed,
229 3937 29 26 in
282 3934 165 29 accordance
476 3933 68 28 with
568 3933 46 28 the
641 3932 81 28 Gold-

90 3974 110 36 Mining
211 3974 100 27 Leases
324 3972 179 36 Regulations
525 3971 30 28 of
569 3971 68 27 New
657 3970 49 28 Zea-

89 4011 76 35 land,
179 4010 54 30 and
246 4011 15 27 I
274 4019 88 28 agree,
381 4018 74 29 upon
477 4008 47 29 the
546 4007 130 39 approval
697 4015 27 20 01

90 4050 57 30 this
167 4049 176 38 application,
356 4052 28 26 to
405 4051 112 27 execute
529 4057 16 19 a
557 4047 73 29 lease
650 4055 74 29 upon

90 4088 48 30 the
152 4088 72 29 basis
237 4088 105 29 therein
355 4087 112 33 stated,*
475 4086 25 29 if
519 4087 47 28 the
585 4086 140 28 Governor

90 4126 73 31 shall
176 4126 81 31 think
270 4127 31 29 fit
313 4131 29 25 to
354 4128 79 36 grant
446 4125 46 30 the
506 4125 97 39 same.,

376 4174 121 29 JAMES
516 4173 140 33 INGLIS,

536 4212 155 36 Applicant.

130 4291 89 29 Name
233 4291 54 29 and
299 4291 110 28 address
418 4291 30 27 in
460 4289 49 29 full
518 4289 31 29 of
555 4288 172 37 applicant—

163 4329 96 29 James
272 4328 95 37 Inglis,
381 4328 87 37 Lyell.

130 4377 77 37 Style
228 4375 88 30 under
337 4375 92 30 which
454 4374 22 29 it
499 4375 25 28 is
546 4373 130 30 intended
698 4375 29 26 to

167 4415 116 29 conduct
328 4414 46 29 the
415 4414 123 29 business
613 4411 114 39 Empire

167 4455 101 33 Quartz
282 4454 109 33 Mining
402 4453 153 36 Company.

131 4500 105 29 Extent
247 4500 30 29 of
292 4499 105 36 ground
415 4497 109 40 applied
541 4498 42 29 for
583 4497 144 30 —Sixteen

167 4539 54 29 and
234 4538 89 29 a-half
334 4548 83 19 acres.

132 4586 149 30 Minimum
294 4585 116 29 number
423 4584 31 29 of
463 4594 64 20 men
550 4582 133 40 proposed
700 4585 29 27 to

165 4626 33 28 be
210 4625 145 37 employed
367 4624 36 37 by
421 4624 47 28 the
485 4624 85 28 lessee
572 4624 89 28 —For
682 4622 47 29 the

164 4663 60 29 first
254 4663 75 29 three
356 4662 122 33 months,
507 4664 18 26 2
554 4669 83 26 men;
668 4660 45 28 sub-

165 4701 153 38 sequently,
348 4701 82 29 when
457 4701 31 27 in
517 4699 51 29 full
596 4698 86 36 work,
713 4699 16 28 6

166 4749 75 19 men.

132 4788 125 30 Amount
276 4786 30 31 of
323 4786 99 38 capital
444 4784 133 40 proposed
591 4788 28 27 to
637 4784 33 30 be
689 4784 27 30 in-

168 4826 127 28 vested—
297 4826 125 33 £12,000.

132 4873 138 39 Proposed
281 4872 80 30 mode
374 4872 30 30 of
421 4872 123 37 working
561 4872 48 30 the
626 4871 67 30 land
694 4887 35 5 —

167 4913 136 33 Ordinary
316 4912 81 27 mode
409 4912 30 27 of
448 4915 95 32 quartz
557 4911 116 33 mining.

134 4949 106 30 Precise
287 4948 111 38 locality
468 4949 83 28 Owen
609 4948 122 29 District.

170 4988 134 31 Bounded
341 4998 36 19 on
414 4988 47 29 the
491 4988 82 29 north
609 4988 37 36 by
685 4987 47 29 the

169 5028 132 27 Bonanza
313 5026 85 27 Lease
409 5034 7 24 ;
434 5036 36 17 on
482 5026 47 27 the
543 5026 79 28 south
636 5026 35 35 by
684 5026 48 26 the

168 5065 86 29 Owen
275 5064 102 34 Lease;
395 5073 36 19 on
451 5063 46 29 the
516 5067 59 26 east
593 5063 55 29 and
667 5065 66 27 west

168 5104 37 35 by
217 5112 91 19 crown
319 5102 88 27 lands.

137 5150 84 30 Term
241 5149 41 30 for
293 5148 90 30 which
402 5148 71 30 lease
494 5148 24 30 is
539 5148 194 38 required—ls

170 5197 88 29 years.

135 5228 79 29 Time
223 5227 30 28 of
259 5226 190 35 commencing
454 5225 280 38 operations—When

170 5265 72 29 lease
255 5263 23 29 is
290 5263 122 37 granted.

134 5343 59 29 The
216 5341 85 29 above
323 5340 165 38 application
501 5340 54 29 and
574 5350 54 27 any
646 5341 73 36 objec-

99 5384 60 29 tion
172 5382 105 30 thereto
290 5381 56 28 will
360 5380 31 28 be
405 5379 83 29 heard
498 5384 27 24 at
536 5381 46 28 the
591 5381 144 28 Warden's

101 5421 85 28 Office
200 5424 28 23 at
242 5417 169 34 Murchiion,
425 5426 36 19 on
482 5418 184 34 TUESDAY,
685 5418 49 28 6th

100 5458 107 35 JULY,
221 5457 76 29 1886.

134 5506 65 35 Any
219 5512 99 29 person
341 5501 118 36 desiring
479 5505 28 25 to
528 5503 88 36 object
638 5506 29 25 to
687 5503 48 28 the

99 5544 73 30 issue
185 5543 31 29 of
226 5551 14 20 a
254 5541 108 36 Mining
381 5539 84 30 Lease
486 5550 74 27 upon
581 5541 47 29 the
650 5541 83 30 above

99 5581 167 37 application
294 5583 84 28 must,
402 5578 98 27 within
520 5581 35 24 30
574 5580 71 26 clear
667 5580 68 34 days

101 5620 70 29 from
185 5618 46 29 the
252 5616 63 29 date
336 5616 31 28 of
386 5614 67 29 such
473 5616 173 36 application,
661 5621 76 24 enter

101 5659 44 29 his
167 5657 136 39 objection
323 5658 28 26 at
372 5654 47 29 the
440 5654 143 29 Warden's
604 5655 82 29 Office
708 5660 29 24 at

103 5697 90 37 Lyell.

206 5732 154 30 ALFRED
377 5731 34 27 A.
432 5731 200 33 CORFIELD,

507 5768 53 29 Pro
572 5768 130 30 Warden.

181 5809 146 31 Warden's
345 5807 92 33 Office,

137 5850 89 36 Lyell,
241 5848 66 30 25th
323 5847 75 35 May,
413 5846 76 28 1886.

906 221 137 40 Mining
1060 222 153 31 Notices.

738 302 73 28 TYR
842 300 177 30 CONNELL
1046 301 149 35 QUARTZ
1226 299 146 30 MINING

858 352 189 33 COMPANY,
1066 351 176 28 LIMITED.

755 458 24 27 A
798 456 24 29 A
843 464 17 22 a
881 454 124 38 Meeting
1027 456 31 29 of
1068 456 150 34 Directors,
1239 454 66 31 held
1316 455 57 30 this

833 508 63 38 day,
918 518 18 20 a
956 506 96 31 CALL
1075 507 58 38 (the
1151 507 77 37 20th)
1248 506 32 31 of
1296 506 77 31 ONE

738 560 129 30 FENNY
879 567 48 28 per
938 558 81 31 share
1032 567 57 22 was
1105 559 102 34 struck,
1219 558 56 30 and
1293 559 81 29 made

739 612 115 39 payable
867 616 28 27 to
908 611 47 31 tie
967 611 142 39 Manager,
1117 614 30 28 at
1157 611 47 30 the
1214 610 159 39 Registered

739 666 93 33 Office,
846 664 66 30 Cliff
921 665 100 35 Street,
1039 664 90 38 Lyell,
1142 673 37 21 on
1195 663 152 31 WEDNES-

739 717 85 35 DAY,
837 717 48 29 9th
898 716 111 35 JUNE,
1021 717 77 28 1886.

987 766 123 31 JAMES
1128 765 143 35 INGLIS,

1197 817 142 37 Manager.

772 871 88 37 Lyell,
873 873 61 27 31st
946 871 76 36 May,
1037 871 76 28 1886.

914 948 119 34 Public
1051 948 152 33 Notioes.

740 1029 78 29 THE
849 1028 193 30 NATIONAL
1071 1027 105 29 BANK
1205 1026 49 31 OF
1284 1026 90 30 NEW

861 1081 188 35 ZEALAND,
1073 1080 179 30 LIMITED.

741 1175 120 52 rpHIS
875 1174 105 31 BANK
986 1174 56 30 will
1047 1174 33 30 be
1087 1173 155 31 OPENED
1255 1176 29 28 to
1294 1173 80 30 BUY

830 1227 101 29 GOLD
952 1226 55 30 and
1025 1226 193 30 TRANSACT
1237 1226 137 30 General

740 1280 175 29 BANKING
944 1279 188 29 BUSINESS
1164 1282 29 24 at
1226 1279 82 36 Lyell
1338 1288 36 18 on

740 1332 206 34 SATURDAY,
967 1331 48 30 sth
1037 1331 54 37 day
1112 1331 30 28 of
1161 1330 109 34 JUNE,
1287 1330 88 29 under

739 1385 46 28 the
816 1384 100 36 charge
945 1383 33 29 of
1004 1383 47 28 the
1082 1381 118 30 Reefton
1230 1382 144 37 Manager,

740 1435 24 29 I.
783 1435 98 29 Lewis.

1034 1472 45 31 W.
1098 1472 171 34 DYMOCK,

1185 1519 154 36 Inspector.

739 1604 51 29 ST.
809 1603 226 30 MATTHEW'S
1052 1602 162 30 CHURCH
1239 1602 133 29 LYELL.

811 1707 36 31 IS
865 1707 203 36 LORDSHIP,
1081 1705 141 32 BISHOP
1240 1705 134 37 SUTER,

845 1762 115 29 assisted
980 1760 38 39 by
1037 1761 48 29 the
1106 1761 68 29 Rev.
1187 1760 36 29 T.
1235 1761 35 29 B.
1284 1760 67 30 MAC-

738 1814 111 34 LEAN,
862 1814 56 28 will
941 1814 77 36 (d.v.)
1040 1812 67 30 hold
1128 1812 140 30 DIVINE
1291 1812 62 29 SER-

738 1864 90 30 VICE
840 1865 30 29 in
882 1864 47 30 the
939 1864 86 30 above
1036 1863 110 31 Church
1156 1873 37 20 on
1203 1863 172 36 MONDAY,

739 1917 65 30 14th
816 1917 111 34 JUNE,
939 1919 29 28 at
981 1917 62 30 7.30
1056 1926 68 29 p.m.

1047 1970 28 30 J.
1094 1969 149 36 BROWN,

1108 2020 233 32 Churchwarden.

938 2104 240 35 NOTICE.

743 2220 53 81 IT
820 2219 25 33 is
872 2229 51 32 my
949 2218 149 33 intention
1119 2220 31 31 to
1178 2217 141 39 APPLY,
1346 2220 33 31 at

811 2276 51 34 the
888 2277 72 32 next
990 2275 104 43 sitting
1127 2274 33 34 of
1190 2274 52 33 the
1275 2274 103 34 Waste

742 2336 102 32 Lands
877 2336 108 35 Board,
1016 2335 122 36 Nelson,
1169 2334 46 32 for
1245 2343 39 21 an
1315 2333 42 33 OC-

743 2390 203 36 CUPATION
966 2390 177 34 LICENSE
1159 2399 69 24 over

783 2449 120 35 Section
916 2450 66 36 94a,
999 2448 114 43 Square
1134 2449 68 36 170,
1227 2448 39 32 40
1287 2457 91 28 acres,

861 2508 169 41 Hampden.

1018 2562 80 39 Also,

783 2623 38 32 25
849 2631 81 23 acres
957 2622 64 32 east
1050 2620 33 34 of
1113 2620 101 38 above,
1242 2618 139 34 bounded

861 2679 98 42 partly
981 2679 39 42 by
1033 2678 96 33 Essex
1142 2677 60 33 and
1215 2677 165 41 Chalgrave

864 2738 115 36 streets,
993 2735 98 43 partly
1104 2735 39 42 by
1162 2733 104 34 Buller
1280 2733 99 34 River.

966 2792 144 34 HENRY
1131 2790 209 40 HURFORD,

745 2883 137 31 LYELL
897 2881 277 31 CIRCULATING
1188 2880 191 30 LIBRARY.

746 3010 27 25 T
800 3002 132 34 IGHT
961 2999 326 40 LITERATUBE,
1319 3001 60 38 &c,

837 3088 41 32 2s
896 3088 49 32 6d
960 3087 89 32 PER
1066 3086 225 44 QUARTER.

745 3213 132 32 NIGHT
912 3211 160 34 SCHOOL
1105 3211 81 33 FOR
1219 3211 163 32 ADULTS

1049 3277 38 22 ON

785 3327 206 31 TUESDAYS
1014 3326 59 30 and
1105 3324 243 35 THUBSDAYS,

876 3387 72 30 from
960 3389 17 27 8
988 3396 68 28 p.m.
1069 3390 29 25 to
1113 3387 63 28 9.80
1186 3394 68 29 p.m.

788 3481 97 35 Apply

1014 3525 35 32 F.
1073 3525 38 32 G.
1132 3525 173 35 ROTTON,

1113 3566 231 38 Schoolmaster.

880 3657 44 40 A.
943 3654 314 50 EICHABDSON,

783 3739 171 39 jHEMIST
1000 3738 94 33 AND
1141 3736 244 44 T\RUGGIST,

785 3827 328 49 Palmerston-St,
1138 3826 214 53 Westport.

750 3920 26 29 A
786 3919 75 37 large
879 3919 55 30 and
954 3919 191 30 well-selected
1166 3918 81 29 Stock
1268 3918 33 29 of
1319 3919 68 28 New

785 3958 102 36 Drugs,
898 3957 165 35 Chemicals,
1071 3956 222 38 Homceopathie,
1301 3956 34 30 Pa-

819 3999 61 25 tent
891 3996 55 28 and
965 3996 174 37 Proprietary
1159 3994 158 34 Medicines,

856 4034 132 39 Sponges,
1018 4034 175 35 Brushware,
1218 4033 47 30 Per-

888 4074 117 37 fumery,
1030 4074 89 28 Toilet
1149 4073 84 38 Requi-

923 4113 73 34 sites,
1005 4113 104 29 Elastic
1119 4111 79 31 Stock-

957 4152 71 37 ings,
1035 4152 151 37 Kneecaps,

1004 4191 124 31 Anklets,

959 4227 107 30 Ladies'
1110 4227 52 39 Sup-

924 4273 85 28 ports,
1050 4266 166 30 Abdominal

890 4306 93 31 Belts;
1001 4306 121 31 Trusses,
1133 4306 37 28 all
1183 4307 70 27 sizes

856 4344 109 28 various
983 4347 132 33 patterns,
1129 4344 54 35 &c,
1197 4344 90 29 Horse

823 4382 55 30 and
901 4382 89 30 Cattle
1014 4382 160 35 Medicines,
1199 4383 55 34 &c,
1275 4383 45 29 &c.

757 4461 126 34 Country
912 4459 100 29 Orders
1040 4459 138 36 carefully
1204 4460 132 27 attended
1353 4461 36 33 to,

799 4497 80 37 Lyell
891 4496 245 38 Agency:—Lyell
1147 4497 94 29 Times
1254 4497 93 30 Office.

757 4573 35 32 A.
804 4573 273 38 RICHARDSON,
1089 4573 300 34 Palmerston-street.

778 4655 598 32 GRATEFUL-COMPORTING.

756 4730 288 126 EPPS'S
1123 4730 269 126 COCOA

914 4929 331 29 BREAKFAST.

795 4967 70 39 °By
887 4978 16 20 a
925 4967 135 38 thorough
1073 4968 159 38 knowledge
1244 4969 29 30 of
1284 4968 47 32 the
1343 4979 32 21 na-

760 5009 71 27 tural
844 5009 66 27 laws
922 5008 90 27 which
1026 5017 101 24 govern
1140 5008 48 28 the
1200 5009 157 35 operations
1369 5009 29 28 of

760 5045 134 37 digestion
907 5045 53 28 and
974 5045 142 34 nutrition,
1129 5044 55 29 and
1196 5045 37 37 by
1253 5054 17 19 a
1291 5044 101 29 careful

761 5083 164 37 application
939 5083 30 28 of
986 5083 47 28 the
1052 5083 56 28 fine
1120 5083 149 36 properties
1281 5083 31 28 of
1320 5083 58 29 well-

761 5121 117 29 selected
891 5130 90 24 cocoa,
996 5121 44 28 Mr
1052 5122 77 36 Epps
1141 5120 49 29 has
1202 5120 130 38 provided
1345 5130 50 20 our

762 5160 137 30 breakfast
907 5160 86 29 tables
1003 5160 67 28 with
1078 5170 16 19 a
1103 5160 294 36 delicately-flavoured

761 5199 131 36 beverage
904 5199 90 28 which
1007 5208 66 27 may
1086 5208 64 19 save
1161 5207 34 20 us
1207 5208 86 27 many
1304 5198 90 37 heavy

762 5238 118 28 doctor's
901 5237 70 27 bills.
1007 5237 28 27 It
1055 5237 24 27 is
1092 5235 37 37 by
1141 5236 47 28 the
1197 5236 138 37 judicious
1346 5245 49 19 use

762 5275 29 29 of
800 5275 67 29 such
880 5274 107 30 articles
1000 5274 30 29 of
1047 5274 56 30 diet
1114 5273 62 30 that
1188 5284 16 19 a
1217 5274 178 30 constitution

762 5324 65 27 may
847 5315 33 28 be
901 5314 143 37 gradually
1065 5313 69 29 built
1155 5322 37 28 up
1212 5313 72 28 until
1305 5318 93 32 strong

763 5353 108 35 enough
882 5356 28 27 to
919 5355 78 27 resist
1007 5361 82 29 every
1099 5351 136 39 tendeucy
1244 5355 28 27 to
1284 5351 114 31 disease.

762 5392 150 29 Hundreds
925 5392 30 28 of
964 5391 88 29 subtle
1065 5391 133 29 maladies
1216 5400 46 19 are
1284 5391 114 36 floating

762 5430 105 29 around
878 5439 33 20 us
924 5430 84 37 ready
1021 5433 28 25 to
1063 5428 92 31 attack
1170 5429 140 29 wherever
1321 5428 76 30 there

762 5470 23 27 is
797 5479 16 18 a
823 5469 76 28 weak
913 5469 85 36 point.
1035 5468 50 29 We
1098 5477 66 26 may
1175 5477 96 27 escape
1284 5477 86 27 many
1382 5477 16 19 a

762 5506 68 28 fatal
850 5506 73 28 shaft
943 5506 36 37 by
996 5505 117 37 keeping
1124 5505 137 29 ourselves
1273 5505 63 29 well
1346 5506 39 28 for-

763 5544 75 30 tified
861 5545 68 29 with
953 5553 67 28 pure
1044 5544 81 29 blood
1149 5543 56 30 and
1228 5553 17 21 a
1267 5544 129 38 properly

763 5583 147 26 nourished
1167 5582 94 27 article
1289 5583 30 26 in
1349 5583 48 27 the

765 5619 74 29 Civil
852 5619 109 28 Service
976 5619 120 28 Gazette,

763 5666 77 21 MADE
851 5664 99 22 SIMPLY
958 5666 77 20 WITH
1045 5666 114 21 BOILING
1167 5666 98 21 WATER
1275 5665 36 21 OR
1320 5665 78 22 MILK.

783 5696 64 29 Sold
859 5697 28 27 in
902 5696 56 36 4-lb
966 5696 112 36 packets
1088 5696 36 36 by
1134 5697 123 34 Grocers,
1267 5696 116 29 labelled

1023 5734 84 28 thus:
1108 5749 36 5 —

828 5771 150 33 JAMES
1015 5771 109 33 EPPS
1157 5769 70 33 and
1259 5769 79 43 CO.,

899 5816 206 21 HOMEOPATHIC
1122 5815 147 25 CHEMISTS,

844 5845 207 29 LONDON.
1080 5845 245 29 ENGLAND.

1472 216 175 39 Westport
1662 207 303 39 Advertisements.

1456 295 176 63 THOMAS
1672 292 125 62 FIELD
1833 289 32 62 &
1900 288 76 73 CO,

1400 382 310 37 TRONMONGEKS
1745 382 22 32 &
1800 378 98 36 IRON
1933 374 76 36 MER-

1410 414 8 33 -1
1635 426 173 33 CHANTS.

1399 511 95 39 Every
1510 510 181 38 Description
1701 509 36 37 of
1752 508 92 30 Mines
1867 504 91 32 Goods
1978 502 59 30 and

1566 549 97 29 House
1673 546 202 36 Furnishings.

1471 626 72 33 IS*
1559 622 247 36 EXPLOSIVES,
1835 622 57 34 &c,
1921 620 46 30 &c.

1570 701 103 34 LOW
1695 699 172 33 PRICES.

1400 788 100 31 Orders
1511 789 145 37 Promptly
1668 787 56 30 and
1734 784 140 38 Carefully
1885 781 150 32 Executed.

1466 884 198 40 THOMAS
1684 883 143 39 FIELD
1849 883 28 37 &
1899 881 75 46 CO.,

1400 944 253 32 PALMEBSTON
1668 940 155 35 ST3EET,
1832 937 204 33 WESTPORT

1441 1024 39 41 F.
1494 1025 56 39 W.
1564 1021 262 42 HAGEDORN
1847 1022 28 40 &
1897 1021 101 40 CO.'S

1432 1083 226 37 IURNITURE
1692 1080 263 35 WAREHOUSE
1976 1079 62 34 will

1471 1128 37 32 be
1518 1127 92 33 found
1619 1125 111 42 replete
1740 1125 33 31 in
1783 1125 41 31 all
1832 1125 40 31 its
1879 1123 156 33 branches.

1520 1242 46 31 All
1577 1242 47 31 the
1637 1240 82 31 latest
1739 1238 133 33 novelties
1888 1238 31 31 in

1402 1295 195 37 Furniture,
1621 1294 108 38 Sofas,
1749 1289 133 42 Chairs,
1905 1289 134 41 Tables,

1449 1337 196 40 Chiffonier,
1665 1334 156 42 Looking
1842 1335 150 41 Glasses,

1539 1391 70 32 and
1627 1391 275 32 Chamberware.

1402 1466 173 37 Up-country
1587 1465 93 30 orders
1695 1464 142 39 promptly
1858 1463 130 31 attended
2002 1466 37 27 to.

1401 1513 100 28 Orders
1513 1512 49 29 left
1582 1515 31 26 at
1629 1513 48 28 the
1689 1512 78 29 office
1780 1512 31 29 of
1820 1511 56 30 this
1887 1519 86 29 paper
1983 1510 57 29 will

1586 1551 105 36 receiye
1710 1551 145 30 attention.

1441 1628 216 38 Palmerston
1679 1627 123 48 Street,
1814 1627 187 47 Westport

1488 1714 175 55 George
1694 1713 265 56 Ferguson's

1453 1798 237 30 lAILORING

1813 1797 226 34 MPORIUM,

1453 1875 195 33 Palmerston
1670 1873 124 39 Steeet,
1815 1873 174 38 Westport,

1471 1937 129 40 Opposite
1613 1936 126 40 Hughes'
1748 1936 115 40 Empire
1875 1935 95 31 Hotel.

1403 2051 64 33 The
1480 2052 119 32 Newest
1611 2051 129 41 Designs
1760 2051 60 31 and
1842 2049 148 34 Fashions
2011 2048 33 34 of

1632 2094 52 33 the
1698 2093 111 43 period.

1402 2157 89 32 ALL
1519 2155 156 35 GOODS
1693 2157 132 31 WELL
1842 2155 199 33 SHRUNK.

1489 2209 26 30 A
1535 2210 136 37 Superior
1687 2209 53 30 Fit
1765 2207 189 31 Guaranteed.

1451 2324 154 30 Periodical
1621 2324 86 29 Visits
1719 2323 81 30 made
1813 2324 182 36 Up-country.

1537 2378 170 35 GEORGE
1729 2376 233 40 FERGUSON,

1907 2432 100 28 Tailor.

1479 2518 234 40 THOMAS
1747 2515 220 47 LAWRIE,

1629 2577 143 22 IMPORTER
1788 2576 36 21 of

1408 2617 165 84 DOORS,
1599 2617 119 37 Sashes,
1741 2615 115 38 Bricks,
1877 2614 97 39 Lime,
1990 2613 35 34 Ce-

1496 2664 94 36 ment,
1606 2661 180 33 Galvanised
1799 2660 80 38 Iron,
1896 2659 90 42 Spout-

1484 2705 62 42 ing,
1560 2705 139 42 Ridging,
1714 2705 137 32 Window
1865 2703 98 38 Glass,

1524 2750 78 37 Delf,
1632 2748 154 42 Crockery,
1821 2747 85 33 Glass-

1563 2804 87 27 ware,
1705 2792 179 37 Holloware,

1621 2837 213 33 Pictureframe

1637 2880 181 39 Mouldings,

1407 2922 115 39 Stoves,
1554 2921 130 43 Ranges,
1712 2921 115 38 Chairs,
1856 2919 186 42 Carpenters'

1446 2967 59 32 and
1532 2966 182 32 Bushmen's
1741 2965 99 37 Tools,
1868 2963 137 33 Colonial

1486 3010 107 36 Ovens,
1634 3009 115 38 Paints,
1784 3008 73 38 Oils,
1891 3006 55 34 Var-

1524 3051 112 38 nishes,
1661 3051 59 33 and
1747 3061 19 22 a
1791 3050 136 42 splendid

1564 3096 180 30 assortment
1757 3095 32 32 of
1806 3093 81 33 Wall

1604 3138 120 41 Papers,
1733 3139 60 35 &c,
1801 3138 49 30 &c.

1626 3221 57 28 and
1707 3218 216 38 Electro-plated
1942 3218 102 29 Goods.

1520 3294 192 35 THOMAS
1744 3293 192 43 LAWRIE,

1433 3342 350 47 Paltnerston-streit,
1835 3340 185 51 Westport.

1450 3446 168 78 MISS
1658 3443 358 92 KENNEDY,

1585 3543 292 53 MILLINER,

1419 3610 236 31 —Palmerston
1677 3609 125 35 Street,
1823 3609 218 35 Westport,—

1411 3665 207 62 WISHES
1630 3669 29 27 to
1670 3664 128 32 intimate
1811 3664 63 32 that
1885 3663 49 33 she
1943 3664 52 32 has
2004 3663 30 32 de-

1618 3704 80 29 cided
1709 3707 29 25 to
1750 3704 66 28 hold
1828 3714 18 18 a

1461 3754 108 36 CASH
1590 3753 209 36 CLEARING
1821 3754 105 35 SALE
1942 3756 32 32 !!
1991 3755 8 34 t

1505 3813 39 30 Of
1552 3813 50 30 her
1613 3813 69 30 New
1696 3813 125 30 Season's
1831 3813 84 30 Stock
1926 3813 31 30 of

1412 3866 276 39 MILLINERY
1720 3867 71 38 and
1826 3865 224 39 DRAPERY

1464 3919 64 29 And
1539 3918 99 30 directs
1650 3919 101 37 special
1762 3919 137 29 attention
1910 3921 29 27 to
1951 3919 48 30 the

1414 3971 180 42 Sweeping
1623 3970 180 33 Sacrifices
1830 3970 39 32 in
1891 3971 102 31 order
2013 3971 36 31 to

1476 4008 99 31 effect
1591 4014 22 24 a
1630 4006 134 41 Speedy
1789 4006 197 33 Clearance.

1447 4082 108 31 Within
1568 4081 46 30 the
1627 4082 86 28 limits
1731 4081 31 30 of
1778 4090 37 21 an
1836 4081 214 30 advertisement

1414 4123 22 29 it
1447 4123 24 29 is
1482 4121 157 40 impossible
1651 4124 29 27 to
1693 4120 34 30 do
1747 4120 99 38 justice
1865 4124 29 27 to
1915 4121 135 38 Bargains

1414 4172 62 19 now
1502 4160 112 31 offered.
1662 4160 175 38 Up-country
1859 4160 109 29 visitors
1993 4160 57 29 will

1414 4210 35 19 on
1461 4200 153 38 inspection
1626 4199 60 28 find
1698 4199 61 28 that
1771 4198 56 28 this
1843 4198 25 28 is
1887 4208 18 19 a
1925 4198 125 29 Genuine

1416 4238 71 31 Sale.

1517 4318 230 43 PATRICK
1780 4319 173 41 KELLY

1416 4388 205 64 WISHES
1634 4390 29 27 to
1675 4387 99 30 inform
1793 4387 47 30 the
1860 4387 92 38 puhlic
1972 4396 64 29 gene-

1559 4429 70 36 rally
1642 4427 59 29 that
1715 4427 34 29 he
1762 4427 50 28 has
1825 4426 84 37 lately

1416 4474 144 38 Imported
1581 4474 58 27 and
1658 4474 120 28 Erected
1797 4475 69 27 New
1877 4474 174 37 Machinery,

1625 4530 156 38 Consisting
1803 4531 43 29 of:

1417 4588 156 48 Drilling,
1585 4587 139 48 Boring,
1738 4585 189 56 Punching,
1945 4588 86 39 Turn-

1494 4634 70 47 ing,
1578 4632 155 47 Planing,
1748 4632 70 37 and
1837 4632 141 48 Cutting

1641 4676 190 45 Machines,

1419 4739 61 29 And
1500 4739 104 35 having
1625 4748 16 19 a
1667 4739 74 35 large
1760 4738 67 28 styff
1847 4739 30 27 of
1894 4739 158 37 Competent

1419 4778 152 30 Workmen
1583 4778 30 28 in
1625 4777 44 29 his
1682 4777 118 37 employ,
1814 4779 23 26 is
1849 4777 29 29 in
1899 4787 16 19 a
1934 4778 118 37 position

1420 4821 28 24 to
1460 4821 113 24 execute
1586 4817 38 27 all
1636 4817 99 26 classes
1756 4815 31 28 of
1806 4816 46 27 the
1875 4816 86 27 ahove
1981 4816 71 28 work

1419 4855 67 30 with
1500 4853 141 40 despatch,
1649 4853 55 30 and
1712 4859 29 24 at
1750 4853 169 30 Reasonable
1928 4853 124 39 Charges.

1548 4946 198 34 PATRICK
1772 4946 159 43 KELLY,

1423 4996 107 50 Ship,
1543 4995 150 50 Engine
1701 4995 32 38 &
1742 4994 166 39 General
1921 4995 110 38 Black-

1675 5046 128 49 smith,

1491 5111 176 28 Wakefield
1687 5111 119 31 Street,
1825 5110 165 29 Westport.

1422 5195 189 62 Wakefield
1641 5195 116 61 Steam
1789 5195 79 61 Saw
1902 5196 155 75 Planing,

1543 5273 71 62 and
1636 5271 177 77 Moulding
1836 5270 104 64 Mills.

1473 5402 62 41 W.
1580 5402 86 41 and
1712 5402 37 40 J.
1797 5402 213 50 MARRIS,

1620 5476 76 20 HATE
1717 5476 37 20 ON
1775 5475 70 21 SALE
1859 5475 6 21 '.

1425 5517 169 62 DOORS,
1616 5517 108 34 Sashes,
1737 5516 135 38 Turnery,
1895 5515 165 38 Mouldings,

1662 5558 54 30 &c,
1732 5555 55 29 and
1805 5565 17 18 a

1427 5607 99 32 Good
1528 5607 215 31 Assortment
1750 5605 39 32 of
1796 5604 266 34 Well-seasoned

2247 2442 120 33 Public
2384 2443 153 31 Notices.

2077 2527 210 37 BROWN'S
2307 2526 120 36 BOOT
2453 2524 260 37 EMPORIUM

2327 2581 135 30 LYELL.

2157 2661 141 30 BROWN
2311 2662 31 27 in
2353 2659 137 37 thanking
2501 2658 45 30 his
2563 2667 151 20 numerous

2127 2710 9 11 •
2175 2705 150 23 customers
2354 2699 43 28 for
2424 2702 64 33 past
2516 2698 120 32 favours,
2659 2696 55 28 and

2079 2737 106 38 hoping
2208 2738 43 30 for
2272 2747 17 20 a
2310 2738 183 28 continuance
2512 2736 31 28 of
2560 2736 48 28 the
2627 2744 86 24 same,

2078 2777 100 29 wishes
2190 2780 46 25 too
2248 2776 53 29 call
2313 2775 73 29 their
2404 2775 135 28 attention
2553 2776 29 26 to
2596 2773 44 28 his
2653 2783 61 18 new

2079 2815 78 29 stock
2178 2815 31 29 of
2230 2815 109 28 Ladies'
2364 2813 98 29 Maids'
2485 2812 56 29 and
2559 2811 155 30 Children's

2079 2855 86 27 Boots
2185 2855 31 26 in
2237 2857 77 32 great
2334 2853 116 35 variety.
2485 2851 78 31 Also,
2577 2851 43 28 his
2638 2851 76 35 large

2079 2891 57 28 and
2147 2890 97 27 varied
2257 2889 78 28 stock
2347 2889 31 28 of

2079 2942 120 39 Men.s,
2211 2940 143 33 Youths'
2367 2940 28 31 &
2407 2938 101 40 Boys'
2526 2938 106 31 Boots
2644 2938 72 31 and

2337 2975 119 33 Shoes.

2081 3047 87 32 Fresh
2182 3049 93 30 Goods
2287 3049 121 36 arriving
2427 3048 137 36 monthly,
2577 3047 92 29 which
2681 3046 35 29 he

2114 3088 24 28 is
2150 3088 118 35 offering
2280 3091 30 25 at
2321 3088 88 35 prices
2422 3089 29 25 to
2460 3087 55 27 suit
2527 3086 48 28 the
2588 3085 92 28 times.

2080 3125 47 28 All
2150 3124 140 37 imported
2323 3124 85 35 goods
2436 3123 118 28 marked
2582 3123 30 27 in
2639 3121 77 37 plain

2342 3161 112 39 figures.

2117 3239 70 28 N.B.
2189 3239 60 27 —A
2258 3237 102 37 supply
2372 3238 31 27 of
2422 3237 90 28 North
2525 3237 105 27 British
2644 3237 72 27 Gum

2081 3276 88 31 Boots
2194 3276 56 30 and
2274 3276 71 30 Own
2369 3275 84 30 Make
2471 3274 184 38 Watertights
2678 3274 26 30 al-

2081 3326 76 28 ways
2170 3326 36 20 on
2218 3316 85 29 hand.

2118 3356 116 34 Repairs
2246 3353 143 38 promptly
2397 3352 133 30 executed
2542 3352 56 29 and
2609 3352 109 28 elastics

2083 3391 132 31 inserted.

2109 3468 73 30 Note
2194 3467 49 31 the
2252 3465 272 32 Address:—JOHN
2544 3465 149 36 BROWN,

2083 3517 90 30 Boot
2196 3516 29 31 &
2250 3515 212 32 Shoemaker
2482 3514 28 31 &
2538 3514 180 38 Importer,

2148 3559 142 40 (Opposite
2302 3557 82 32 Bank
2396 3557 31 32 of
2436 3557 69 31 New
2517 3557 141 37 Zealand.)

2201 3639 188 41 JAMES
2429 3639 171 43 RYAN,

2142 3729 33 36 .E
2182 3728 89 30 NER
2277 3728 54 29 AL
2405 3728 39 39 Ql
2453 3727 266 35 TOREKEEPER,

2235 3806 86 30 Cliff
2343 3805 122 35 Street,
2482 3805 88 29 Lyei*.

2084 3935 94 31 Goods
2190 3935 135 38 carefully
2337 3934 106 38 packed
2455 3937 29 27 to
2497 3933 38 30 all
2545 3935 77 37 parts
2634 3933 31 30 of
2673 3933 47 30 the

2343 3973 117 29 district.

2101 4100 106 31 BANK
2225 4100 114 31 PRICE
2357 4098 121 32 GIVEN
2498 4098 75 31 FOR
2591 4097 111 31 GOLD.

2103 4182 361 39 WELCOME
2535 4181 166 45 INN,

2347 4239 106 31 Lyell.

2198 4318 154 33 ELLEN
2381 4316 234 34 WILLIAMS

2175 4368 145 37 returning
2337 4368 103 29 thanks
2457 4367 42 29 for
2519 4371 63 33 past
2603 4366 118 33 favours,

2161 4408 65 37 begs
2243 4411 29 26 to
2291 4407 102 29 inform
2409 4407 50 29 her
2476 4406 104 28 friends
2599 4405 55 29 and
2675 4404 47 30 the

2088 4447 91 36 public
2198 4447 62 29 that
2281 4446 49 28 she
2352 4446 52 28 has
2425 4446 58 35 just
2504 4445 155 36 completed
2678 4453 29 19 ex-

2089 4485 103 28 tensive
2211 4484 138 29 additions
2371 4483 57 29 and
2445 4482 161 29 alterations
2626 4485 29 24 to
2673 4481 51 28 her

2089 4523 141 38 premises,
2248 4522 57 31 and
2323 4522 47 30 the
2392 4521 209 30 accomodation
2618 4520 25 29 is
2660 4528 63 21 now

2307 4560 192 38 unsurpassed.

2089 4639 75 34 Ales,
2188 4639 104 32 Wines,
2314 4638 56 28 and
2392 4638 98 36 Spirits
2514 4636 31 29 of
2566 4636 158 29 First-class

2263 4675 113 38 Quality
2388 4676 66 36 only
2465 4674 75 38 kept.

2161 4753 78 31 Good
2257 4753 127 36 Stabling
2400 4751 255 30 Accommodation.

2264 4801 128 30 ELLEN
2416 4800 206 33 WILLIAMS,

2472 4838 219 27 Proprietress.

1482 5650 150 32 Dressed
1643 5649 70 33 and
1726 5648 120 41 Rough
1859 5649 148 33 Timber.

1431 5738 174 37 Up-country
1624 5737 102 29 Orders
1744 5736 146 37 Promptly
1914 5736 148 29 Executed.

1445 5828 215 40 Wakefield
1679 5829 138 46 Street,
1838 5827 210 52 Westport.

2570 207 119 32 Public
2718 207 151 32 Notices.

2071 411 112 115 'ff
2207 439 337 66 'B6-AUTOMN
2579 441 32 64 &
2645 441 174 64 WINTER
2860 439 368 63 DRAPERY--'B6.
3254 411 111 113 §}

2338 586 245 65 JOHN
2645 586 452 62 PENNELL

2072 691 61 30 Has
2145 692 86 29 much
2248 692 125 38 pleasure
2391 694 31 28 in
2443 693 177 35 announcing
2638 695 29 26 to
2686 692 47 28 the
2754 691 172 28 inhabitants
2947 691 30 28 of
2998 691 80 35 Lyell
3102 691 56 28 and
3182 691 184 36 surrounding

2446 731 120 28 districts
2587 731 49 28 the
2658 729 102 29 arrival
2784 729 30 28 of
2829 738 17 19 a
2864 728 126 28 LARGE

2584 973 273 29 COMPRISING—

2107 1045 98 44 The
2226 1046 159 44 Latest
2406 1045 228 44 Novelties
2652 1044 85 43 and
2761 1039 214 47 Fashions
2996 1038 40 46 in
3059 1037 167 46 Ladies'
3245 1041 87 41 and

2415 1101 156 42 Gents'
2598 1100 208 50 Wearing
2824 1098 202 51 Apparel,

2074 1190 68 33 And
2165 1190 108 33 invites
2295 1201 39 22 an
2356 1190 166 42 inspection
2546 1190 33 32 of
2598 1190 52 32 the
2673 1200 92 26 same,
2789 1189 110 40 feeling
2922 1197 68 23 sure
3014 1188 67 32 that
3104 1188 45 32 for
3175 1187 191 38 VARIETY,

2222 1234 191 43 QUALITY,
2429 1234 59 33 and
2501 1234 140 35 VALUE
2657 1234 71 43 they
2742 1232 160 35 CANNOT
2917 1231 36 35 be
2969 1231 249 36 SUEPASSED.

2076 1415 142 43 Ladies'
2253 1417 73 42 and
2359 1417 200 43 Children's
2607 1416 215 43 WINTER
2866 1413 145 42 HATS
3048 1411 39 42 in
3127 1412 52 41 all
3220 1411 146 55 Shapes.

2111 1607 109 32 Ladies'
2235 1608 157 32 WINTER
2404 1608 164 31 JACKETS
2582 1608 55 31 and
2649 1608 117 30 CAPES
2777 1608 31 29 in
2819 1608 38 30 all
2868 1607 48 30 the
2927 1608 110 31 Newest
3050 1608 105 38 Shapes
3167 1609 56 30 and
3236 1609 98 39 Styles.

2222 1682 88 41 New
2329 1684 192 39 Feathers!
2561 1683 87 39 New
2669 1683 175 39 Flowers!
2884 1683 89 40 New
2993 1684 230 51 Trimmings!

2075 1768 77 42 BIT
2173 1768 51 31 All
2248 1768 53 32 the
2327 1766 96 34 NEW
2451 1767 59 32 and
2537 1766 290 34 FASHIONABLE
2855 1767 167 33 WINTER
3048 1767 134 33 DRESS
3204 1767 163 37 STUFFS,

2378 1841 69 31 And
2467 1840 235 34 TRIMMINGS
2723 1841 33 33 of
2773 1851 87 33 every
2879 1841 189 41 description.

2078 2021 139 76 MEN'S,
2254 2021 118 63 BOYS'
2408 2022 71 62 and
2512 2020 180 66 YOUTHS'
2729 2021 213 65 CLOTHING
2975 2022 40 62 in
3043 2024 148 63 Endless
3214 2025 153 77 Variety.

2486 2323 121 33 CLIFF
2629 2325 169 38 STREET,
2819 2328 149 33 LYELL.

2909 2446 120 32 Public
3051 2448 152 32 Notices.

2743 2525 162 37 FERN
2952 2526 155 38 FL'AT
3152 2529 219 46 HOTEL,

2899 2586 126 30 UPPER
3054 2589 165 30 BULLER.

2743 2663 108 48 rpHE
2865 2663 85 30 above
2963 2666 177 29 well-known
3155 2667 75 30 hotel
3248 2668 24 29 is
3293 2669 82 35 again

2749 2695 38 27 J-
2830 2702 89 29 under
2927 2703 48 29 the
2984 2709 195 33 management
3187 2706 30 29 of
3226 2706 45 29 Mr
3281 2707 94 30 Alfred

2743 2739 101 36 Smith,
2854 2740 48 30 the
2912 2741 103 31 former
3025 2745 160 35 proprietor.

2776 2817 93 38 Every
2882 2819 237 31 accommodation
3127 2820 55 30 and
3195 2822 182 30 convenience

2742 2855 41 28 for
2795 2856 141 28 travellers
2948 2857 120 29 between
3082 2859 47 28 the
3141 2860 78 28 West
3230 2861 84 27 Coast
3323 2862 55 26 and

2745 2892 111 33 Nelson,
2876 2893 151 37 Hampden
3050 2895 173 34 Matakitaki,
3246 2898 131 36 Glenroy,

2743 2930 117 34 Maruia,
2874 2930 54 29 and
2940 2931 47 30 the
3000 2933 84 28 Owen
3098 2934 89 29 Reefs.

2745 3005 161 31 Newman's
2918 3007 91 36 Royal
3031 3008 69 30 Mail
3119 3009 71 31 Line
3210 3010 31 29 of
3257 3010 123 30 Coaches

2778 3045 82 28 make
2883 3046 57 28 this
2960 3046 140 37 hostelery
3118 3048 48 28 the
3187 3048 61 29 first
3267 3050 79 35 day's

2813 3086 76 33 stage
2901 3082 72 30 from
2983 3083 77 30 West
3067 3085 84 29 Coast
3159 3088 29 26 to
3198 3087 113 27 Nelson.

2778 3156 125 31 Tourists
2916 3167 52 20 can
2980 3157 33 31 be
3026 3159 132 39 provided
3170 3161 67 30 with
3248 3171 83 29 every
3340 3172 27 21 re-

2744 3196 155 36 quirement
2910 3199 43 27 for
2963 3199 113 34 visiting
3088 3200 48 28 the
3148 3201 77 28 lakes
3237 3202 56 28 and
3305 3212 57 26 mag-

2744 3234 114 28 nificent
2869 3235 183 36 surrounding
3063 3241 127 32 country.

2778 3271 106 31 Horses
2896 3272 56 30 and
2969 3273 147 38 equipages
3128 3284 17 20 a
3158 3274 152 40 speciality.

2926 3321 191 39 ALFRED
3138 3323 164 48 SMITH,

3179 3368 166 36 Proprietor.

3000 3450 157 43 wolf
3202 3451 37 43 &
3282 3452 98 51 CO.,

3063 3550 171 22 WHOLESALE
3263 3552 56 20 AND

3137 3591 102 22 RETAIL

2747 3642 633 60 BUTCHERS.

2849 3734 115 31 Dealers
2976 3734 30 30 in
3018 3735 38 30 all
3069 3735 181 39 descriptions
3262 3735 31 31 of

2763 3784 107 29 FARM
2905 3784 80 28 AND
3020 3784 120 29 DAIRY
3175 3785 190 29 PRODUCE.

2747 3862 101 30 Hotels
2855 3861 56 31 and
2923 3862 132 29 Families
3062 3862 101 30 waited
3174 3871 37 21 on
3222 3861 43 31 for
3272 3861 110 31 Orders.

2782 3937 100 31 Orders
2900 3937 140 30 delivered
3058 3941 28 26 to
3107 3937 39 30 all
3165 3940 78 35 parts
3253 3947 17 21 o
3300 3938 48 31 the

3005 3976 125 29 District.

2920 4054 74 30 Note
3006 4053 50 32 the
3068 4053 125 31 Address

2766 4101 242 33 IS*WOLF
3077 4102 115 30 AND
3272 4101 93 37 CO.,

2799 4143 75 29 Next
2895 4142 50 30 the
2968 4142 192 30 Government
3177 4141 155 39 Buildings,

2895 4182 87 28 Cliff
3001 4181 120 33 Street,
3139 4181 105 28 Ltell.

2828 4275 185 38 GEORGE
3045 4275 43 37 E.
3112 4275 192 45 LEVIEN,

2750 4337 125 30 Member
2884 4338 30 28 of
2919 4336 47 29 the
2973 4336 237 30 Pharmaceutical
3217 4337 106 37 Society
3329 4336 55 30 and

2836 4375 238 30 Pharmaceutical
3093 4375 166 30 Conference
3271 4374 31 30 of

2958 4414 85 30 Great
3060 4415 118 34 Britain,

2755 4471 204 63 SURGEON
2997 4470 174 33 DENTIST,
3202 4470 182 36 CHEMIST,

2913 4508 80 31 AND
3012 4508 205 36 DRUGGIST,

2966 4548 205 35 (REGISTERED.)

2752 4626 55 29 For
2818 4627 36 28 20
2865 4634 78 29 years
2961 4624 150 37 practising
3131 4625 31 28 in
3180 4624 204 37 Marlborough,

2752 4664 56 28 and
2820 4664 55 28 late
2888 4663 33 29 of
2938 4663 105 28 Nelson
3060 4663 129 34 districts,
3201 4663 25 28 is
3244 4672 64 20 now
3325 4673 45 28 pre-

2850 4701 85 39 pared
2947 4704 29 27 to
2989 4701 95 30 attend
3096 4702 129 36 patients,
3237 4702 56 29 and

2789 4760 72 30 CAN
2892 4759 51 30 BE
2973 4758 226 31 CONSULTED
3235 4758 118 30 DAILY

3053 4805 36 21 AT

2755 4838 100 28 Rooms
2877 4844 32 22 in
2932 4835 186 31 Commercial
3147 4835 112 33 Hotel,
3283 4835 101 30 Lyell.

2670 4996 131 40 TKY

2174 5135 771 75 K'IRKPATR

2658 5305 504 53 Seasons

2369 5733 75 40 IT
2519 5732 73 41 IS
2668 5732 152 40 THE
2895 5730 201 42 BEST

3572 203 119 34 Public
3714 205 152 32 Notices.

3596 287 248 30 NOTICE.

3401 362 40 29 To
3456 360 47 32 the
3516 360 172 33 inhabitants
3696 366 27 27 ot
3735 364 80 37 Lyell
3825 362 55 31 and
3890 363 130 30 surround-

3628 404 49 36 ing
3688 403 115 28 district.

3539 475 365 42 HENRYYOUNG

3403 534 134 60 BEGS
3549 539 28 25 to
3589 537 127 28 intimate
3734 537 60 27 that
3813 536 35 28 he
3871 536 110 28 intends
4005 538 29 25 to

3498 577 69 26 start
3579 573 116 38 Baking,
3708 574 55 29 and
3775 574 37 37 by
3834 572 102 39 paying
3956 573 80 29 strict

3402 612 135 29 attention
3551 616 28 25 to
3591 612 43 28 his
3654 613 123 28 business
3796 617 29 24 to
3845 612 83 29 merit
3948 622 17 19 a
3983 612 52 28 fair

3403 649 80 30 share
3497 651 31 28 of
3535 654 122 34 support.
3694 651 58 29 The
3764 652 72 37 price
3848 651 56 29 will
3916 651 33 28 be

3500 705 77 52 4lb.
3598 707 148 41 LOAF
3804 731 14 7 -
3873 706 62 51 gd.

3437 797 40 28 H.
3495 797 132 29 YOUNG
3639 797 110 29 intends
3761 801 30 25 to
3803 797 100 38 supply
3915 797 47 28 the
3968 805 68 28 very

3403 834 60 30 best
3474 835 106 37 quality
3589 835 31 29 of
3629 835 92 30 bread.
3756 836 25 28 A
3788 836 74 35 large
3871 839 166 25 assortment

3404 873 31 27 of
3455 873 81 27 small
3560 873 85 35 goods
3673 872 81 29 made
3784 882 82 26 every
3888 872 147 35 Saturday.

3405 909 124 38 Nothing
3548 910 52 29 but
3619 908 47 31 the
3689 910 60 29 best
3771 910 168 37 ingredients
3960 910 76 31 used,

3404 948 56 29 and
3472 949 163 37 everything
3646 949 60 29 sold
3718 953 29 25 at
3758 949 141 37 Westport
3910 949 97 36 prices.

3406 1028 196 30 CHRISTENING,
3633 1028 142 30 WEDDING,
3804 1031 57 22 AND
3897 1027 141 24 BIRTHDAY

3490 1070 87 22 CAKES
3594 1071 77 20 MADE
3689 1072 36 21 ON
3742 1072 57 20 THE
3817 1071 140 21 SHORTEST

3594 1109 131 20 POSSIBLE
3742 1110 111 19 NOTICE.

3440 1176 71 29 Note
3524 1174 48 32 the
3583 1177 154 29 Address—

3405 1225 112 57 ALL
3537 1227 242 57 NATIONS
3807 1224 232 60 BAKERY

3476 1297 139 36 (Opposite
3627 1296 27 28 J.
3669 1296 89 38 Ryan,
3772 1297 195 36 Storekeeper.)

3514 1376 178 43 JAMES
3739 1378 187 49 INGLIS,

3749 1498 22 27 &
3800 1498 238 29 COMMISSION

3621 1628 206 35 AGENT,

3482 1763 116 30 Cliff
3634 1764 159 34 Street,
3829 1764 141 29 Lyell.

3425 1851 128 39 POST
3596 1852 194 39 OFFICE
3832 1853 190 44 HOTEL,

3612 1910 222 30 LYELL.

3455 2007 226 41 PETER
3711 2008 281 41 MANGOS

3426 2070 124 70 BEGS
3570 2074 29 26 to
3611 2072 103 28 inform
3733 2071 44 29 his
3795 2072 104 28 Iriends
3920 2072 55 28 and
3996 2072 47 29 the

3511 2110 92 37 public
3624 2111 63 28 that
3711 2110 44 28 his
3773 2119 62 21 new
3854 2110 189 30 commodious

3578 2149 87 28 Hotel
3677 2149 24 27 is
3713 2157 64 19 now
3789 2157 81 27 open.

3405 2184 154 29 Travellers
3577 2185 56 29 and
3650 2186 111 28 visitors
3779 2189 29 25 to
3826 2185 57 30 this
3901 2185 132 30 establish

3440 2227 79 24 ment
3530 2223 56 28 will
3598 2223 59 28 find
3669 2224 73 28 their
3751 2223 118 29 comfort
3877 2224 56 28 and
3945 2234 48 18 con-

3474 2261 132 29 venience
3615 2261 170 38 thoroughly
3793 2261 132 29 attended
3937 2265 38 26 to.

3406 2300 59 30 The
3477 2300 149 31 bedrooms
3647 2311 47 20 are
3703 2302 79 36 lofty,
3796 2300 55 30 and
3863 2302 65 29 well
3940 2301 106 38 lighted

3609 2340 57 27 and
3685 2340 159 27 ventilated.

3442 2417 207 28 Comfortable
3678 2417 129 27 Parlors
3826 2418 63 26 'and
3908 2417 87 28 First-

3626 2462 83 22 class
3726 2455 105 29 Table.

3427 2493 59 30 One
3509 2493 31 30 of
3558 2494 128 29 Alcock's
3699 2495 79 28 Prize
3791 2494 117 29 Billiard
3920 2495 106 28 Tables.

3409 2568 59 29 The
3481 2568 58 29 Bar
3549 2568 25 30 is
3586 2568 115 30 stocked
3709 2568 68 29 with
3791 2568 74 35 Ales,
3875 2569 105 35 Wines,
3994 2570 54 28 and

3462 2608 100 36 Spirits
3574 2610 29 26 of
3619 2608 170 36 guaranteed
3805 2608 103 28 brands
3920 2610 76 35 only.

3444 2646 25 29 A
3485 2646 146 30 first-class
3652 2647 183 29 sixteen-stall
3848 2647 88 29 stable
3948 2648 74 29 iscon-

3409 2686 100 28 nected
3521 2686 70 28 with
3603 2686 58 29 this
3674 2686 87 28 hotel.

3663 2724 128 28 PETER
3813 2723 168 33 MANGOS,

3848 2763 157 35 Proprieor.

3540 2863 122 30 JOHN
3696 2862 228 38 PENNELL,

3487 2923 194 29 ENERAL

3785 2923 267 29 TOREKEEPER.

3502 3009 85 30 Wine
3606 3017 56 21 and
3681 3008 96 30 Spirit
3800 3009 171 30 Merchant.

3452 3119 104 36 Money
3574 3119 105 37 always
3699 3120 30 27 in
3750 3119 77 28 hand
3845 3119 43 28 for
3905 3118 116 37 cashing

3673 3158 128 39 cheques.

3451 3269 111 31 Liberal
3575 3268 137 32 advances
3724 3269 81 31 made
3821 3279 36 20 on
3870 3269 107 40 parcels
3991 3269 31 31 of

3633 3311 119 28 retorted
3765 3310 74 37 gold.

3561 3403 81 38 Cliff
3659 3403 122 46 Street,
3805 3403 110 48 Lyell.

3677 3523 382 75 NewCtaßfltchery

3793 3636 149 33 LYELL.

3514 3775 206 41 JAMES
3770 3774 185 46 EDGE,

3514 3862 120 30 HOLE
3643 3862 110 30 SALE
3789 3862 80 28 AND
3914 3861 143 29 RETAIL

3566 3937 340 33 BUTCHER.

3417 4050 101 31 Hotels
3530 4048 56 32 and
3596 4048 134 30 Families
3748 4047 102 30 waited
3871 4057 36 20 on
3920 4047 83 38 Daily
4015 4048 42 30 for

3682 4087 112 30 Orders.

3471 4205 76 28 Meat
3559 4200 147 33 Delivered
3724 4205 28 25 to
3765 4200 38 30 all
3821 4205 78 35 parts
3909 4201 29 30 of
3958 4201 47 29 the

3676 4240 127 33 District.

3420 4348 121 33 NEW
3584 4346 157 33 CHUM
3777 4344 280 38 BUTCHERY,

3488 4402 131 36 Opposite
3627 4398 154 31 Alhambra
3789 4398 96 33 Hotel,
3897 4397 89 38 Lyell.

3422 4503 291 64 JFOUNDED
3765 4501 73 44 ON
3894 4499 159 45 FACT!

3455 4646 44 27 Ist
3518 4645 85 36 lady:
3640 4642 101 29 Where
3764 4640 36 30 do
3828 4649 55 27 you
3913 4643 46 33 get
3986 4648 71 28 your

3422 4683 116 37 drapery
3556 4690 71 25 now,
3641 4681 79 34 Mary
3732 4681 14 27 ?

3455 4720 59 30 2nd
3538 4720 86 37 lady:
3661 4717 85 38 Why,
3775 4720 30 26 at
3833 4716 48 30 the
3910 4716 83 29 Hall
4022 4723 34 20 of

3423 4760 166 33 Commerce,
3603 4758 109 30 Nelson.

3457 4802 43 26 Ist
3513 4799 86 36 lady:
3637 4798 72 27 How
3727 4795 163 35 beautifully
3906 4794 64 28 that
3981 4793 76 29 dress

3423 4837 46 30 fits
3480 4836 73 39 you!
3591 4835 99 29 Where
3701 4842 57 21 was
3770 4832 61 29 that
3848 4832 80 29 made
3939 4833 13 28 ?

3457 4876 58 29 2nd
3527 4875 86 36 lady:
3650 4874 37 28 At
3698 4873 35 28 E.
3745 4873 28 29 J.
3787 4872 127 29 Warner
3930 4872 22 27 &
3972 4871 84 32 Co.'s,

3424 4915 47 27 the
3485 4915 82 26 Hall
3579 4920 33 20 of
3624 4912 164 27 Commerce.

3459 4953 43 29 Ist
3514 4950 67 40 lady
3594 4959 9 21 :
3641 4950 73 29 How
3727 4957 62 21 ever
3801 4945 47 32 did
3859 4945 68 39 they
3939 4955 118 28 manage

3424 4997 29 23 to
3465 4992 32 27 fit
3505 5000 56 27 you
3568 5000 29 18 so
3607 4990 90 34 nicely
3709 4990 14 26 ?
3758 4987 82 29 Were
3848 4995 56 28 you
3913 4986 144 28 measured

3425 5030 41 27 for
3478 5030 22 27 it
3510 5030 13 26 ?

3458 5066 58 29 2nd
3528 5065 86 36 lady:
3651 5063 62 29 No!
3749 5061 16 29 I
3778 5061 102 37 simply
3898 5064 62 27 sent
3980 5060 77 30 them

3425 5113 35 20 an
3473 5104 46 28 old
3532 5103 73 35 body
3617 5102 61 27 that
3699 5099 78 30 fitted
3790 5108 54 25 me,
3857 5099 42 28 for
3910 5109 16 19 a
3939 5103 116 33 pattern,

3424 5143 68 29 with
3506 5142 47 28 the
3567 5140 94 37 length
3675 5139 31 30 of
3714 5139 47 29 the
3774 5137 76 30 skirt.

3458 5183 44 26 Ist
3514 5180 86 36 lady:
3638 5178 54 29 Did
3709 5186 57 29 you
3777 5181 44 33 get
3833 5176 62 29 that
3906 5179 92 34 pretty
4009 5176 50 29 hat

3424 5219 76 29 there
3513 5219 57 26 also
3581 5219 12 26 ?

3458 5256 58 28 2nd
3528 5255 86 37 lady:
3650 5254 65 35 Yes,
3727 5252 56 30 and
3798 5261 134 29 everyone
3953 5261 63 28 says
4036 5252 23 30 it

3426 5299 68 25 suits
3506 5304 44 19 me
3563 5304 29 18 so
3605 5293 79 29 well!

3460 5335 44 27 Ist
3528 5332 87 39 lady:
3664 5332 73 28 How
3760 5330 35 30 do
3819 5338 56 30 you
3899 5329 68 29 send
3990 5339 71 28 your

3427 5374 92 28 orders
3532 5378 28 22 to
3572 5373 76 27 them
3659 5372 14 27 ?
3709 5371 44 28 Do
3765 5371 67 41 they
3840 5369 65 29 send
3915 5373 121 32 patterns
4045 5372 13 25 ?

3462 5412 57 26 2nd
3532 5411 66 36 lady
3609 5419 9 18 :
3657 5409 52 28 Yes
3723 5409 7 27 1
3767 5408 15 27 I
3794 5407 64 37 pick
3869 5412 49 23 out
3929 5407 47 27 the
3986 5407 75 28 color

3429 5450 15 28 I
3456 5450 117 36 require,
3586 5448 54 29 and
3652 5448 66 35 they
3731 5446 81 29 make
3820 5446 21 28 it
3848 5446 30 27 in
3890 5455 17 18 a
3918 5445 51 28 few
3982 5445 77 35 days.

3463 5490 44 25 Ist
3520 5487 66 35 lady
3596 5496 9 17 :
3642 5487 53 26 Are
3705 5485 65 35 they
3781 5482 158 29 reasonable
3947 5484 30 26 in
3989 5483 71 27 their

3429 5525 114 34 charges
3553 5526 14 27 ?

3463 5565 58 26 2nd
3545 5563 85 34 lady:
3667 5561 63 32 Yes,
3754 5569 75 24 very.
3864 5558 16 27 I
3904 5558 58 27 find
3982 5558 79 28 them

3431 5600 187 35 considerably
3639 5598 115 36 cheaper
3775 5597 68 28 than
3863 5604 55 28 any
3939 5595 85 28 house
4045 5595 17 27 I

3432 5640 69 28 have
3514 5649 63 19 ever
3591 5638 71 28 dealt
3676 5637 75 28 with.

3466 5680 43 26 Ist
3532 5678 86 35 lady:
3662 5677 73 27 How
3758 5673 75 29 nice!
3869 5673 16 28 I
3908 5682 47 18 am
3978 5672 83 28 much

3432 5716 107 34 obliged
3553 5722 27 20 to
3592 5722 70 28 you;
3682 5713 64 31 and,
3760 5722 29 17 as
3804 5712 14 27 I
3837 5712 105 34 require
3964 5720 17 18 a
4002 5712 59 26 nice

3433 5758 120 25 costume
3574 5752 55 27 and
3651 5751 48 28 hat
3720 5750 40 28 for
3781 5750 45 26 the
3848 5754 106 24 winter,
3968 5748 14 26 I
4006 5747 55 28 will

3433 5792 132 35 certainly
3589 5790 67 28 send
3676 5790 77 27 them
3774 5788 47 28 the
3841 5787 79 28 order
3940 5786 36 36 by
3998 5793 64 22 next

3415 5825 2 34 i
3433 5831 92 28 coach.
3563 5829 76 27 Good
3652 5826 61 32 bv3,
3729 5826 87 33 Mary,
3830 5826 69 33 good
3911 5825 62 34 bye.
