4144 5972
100 214 84 30 THE
220 215 93 30 NEW
348 215 111 31 GOLD
493 215 125 30 FIELD
649 215 41 30 IN

159 257 200 33 WESTERN
382 256 241 34 AUSTRALIA.

141 370 164 20 SOMETHING
326 370 90 21 ABOUT
437 370 56 20 THE
515 369 137 22 COUNTRY.

122 465 23 31 A
161 463 139 34 Dunedin
314 465 179 41 clergyman,
508 464 51 33 the
580 463 71 34 Rev.
676 464 35 33 A.

82 507 89 40 King,
187 509 65 31 who
266 509 25 30 is
305 508 66 31 well
385 508 175 40 acquainted
576 507 72 32 with
662 507 51 32 the

81 551 143 31 northern
239 551 184 32 settlements
437 551 31 32 of
487 550 136 32 Western
638 550 56 32 Aus-

81 593 97 38 tralia,
208 594 58 31 and
292 604 60 22 was
379 594 146 32 stationed
552 593 45 34 for
630 604 82 21 some

82 636 72 33 time
178 640 31 29 at
234 638 165 41 Champion
419 637 74 42 Bay,
517 637 55 32 has
595 637 87 41 given
697 647 17 20 a

82 680 139 33 Dunedin
235 691 90 31 paper
338 691 81 23 some
439 681 184 41 particulars,
638 680 76 32 from

82 724 98 32 which
207 735 42 21 we
279 724 86 33 make
399 724 50 33 the
483 724 149 41 following
665 734 32 22 ex-

82 770 91 30 tracts
186 768 112 32 :—The
311 768 71 33 heat
395 768 25 33 is
441 768 199 37 tremendous,
656 767 58 32 and

82 811 108 32 almost
214 822 32 21 as
269 814 83 39 great
376 814 32 30 at
430 811 87 42 night
543 821 33 22 as
602 811 33 32 in
662 811 51 32 the

82 855 66 40 day.
191 855 116 40 During
330 855 52 32 the
406 855 109 32 coldest
543 854 122 32 months
686 854 33 32 of

83 897 50 33 the
148 907 79 33 year,
242 908 52 32 say
307 897 78 34 June
400 898 59 32 and
472 897 81 43 July,
574 897 51 33 the
645 897 71 33 heat

83 942 25 33 is
134 954 70 30 very
227 945 92 39 great.
361 942 90 35 From
477 943 51 33 the
555 942 161 42 beginning

84 987 33 31 of
141 987 133 41 January
300 989 30 30 to
357 987 90 32 about
473 987 51 32 the
550 986 110 33 middle
688 987 31 31 of

86 1029 149 44 February
268 1030 83 34 there
381 1031 25 33 is
439 1031 109 42 always
577 1030 81 34 what
691 1030 25 33 is

85 1074 107 32 known
219 1085 33 20 as
277 1074 52 32 the

86 1118 57 31 and
158 1118 50 33 the
222 1118 140 41 meaning
376 1118 32 33 of
418 1118 66 33 that
498 1118 106 42 phrase
614 1128 56 23 can
680 1117 36 34 be

85 1162 67 32 well
171 1162 111 42 judged
303 1163 76 32 from
402 1163 52 32 the
468 1162 150 41 following
631 1173 68 22 anec-

85 1205 68 33 dote
166 1215 6 22 :
194 1206 26 32 A
243 1216 66 22 new
333 1208 83 30 stone
436 1205 112 33 church
561 1206 61 31 had
641 1205 75 33 been

86 1248 114 34 erected
214 1251 31 30 at
259 1249 182 38 Roebourne,
457 1248 59 34 and
529 1260 39 22 on
586 1248 39 33 its
637 1259 60 23 com-

85 1293 112 41 pletion
220 1304 38 21 an
282 1293 49 33 old
352 1294 102 32 settler
466 1293 53 33 left
532 1294 51 32 the
603 1293 114 32 district

86 1336 45 32 for
145 1346 17 22 a
175 1336 55 32 few
243 1336 132 34 months.
416 1337 47 32 He
477 1336 139 34 returned
629 1335 88 34 home

87 1380 74 32 after
184 1379 51 33 the
261 1379 157 33 hurricane
442 1389 115 28 season,
585 1379 59 33 and
669 1380 48 31 his

85 1422 67 33 first
165 1422 94 33 words
272 1433 94 23 were:
420 1422 66 34 You
505 1422 104 33 havn't
622 1422 59 33 hed
700 1433 19 21 a

87 1466 85 40 blow,
187 1467 45 33 for
246 1466 50 35 the
310 1466 112 35 church
435 1467 26 33 is
475 1467 61 33 still

85 1511 38 32 In
148 1511 58 33 and
228 1513 113 31 around
362 1512 185 37 Roebourne,
569 1512 58 32 and
641 1512 76 33 from

86 1554 83 32 there
183 1555 185 31 northwards
382 1558 31 28 to
427 1555 50 31 the
491 1555 108 31 Indian
608 1555 109 36 Ocean,

87 1597 82 33 there
183 1597 25 33 is
221 1608 40 23 no
282 1597 190 43 agricultural
492 1598 81 39 land,
594 1597 124 34 because

86 1641 24 32 it
131 1641 26 32 is
183 1645 49 29 too
255 1642 53 32 hot
331 1642 45 32 for
402 1642 146 41 anything
570 1645 32 29 to
628 1652 89 31 grow.

87 1685 63 33 The
164 1688 90 31 water
267 1685 183 43 throughout
463 1685 52 35 the
537 1685 137 43 territory
693 1685 25 33 is

87 1729 147 38 brackish,
249 1730 59 31 and
321 1730 24 31 it
358 1730 26 31 is
397 1740 82 22 more
498 1730 75 32 than
592 1729 128 42 possible

88 1773 66 32 that
168 1774 50 31 the
232 1774 69 40 gold
314 1774 101 41 digger
427 1784 38 22 en
479 1776 84 31 route
585 1776 31 31 to
636 1773 62 32 Kim-

88 1817 99 43 berley
213 1817 61 33 will
297 1817 36 34 be
354 1817 125 33 without
499 1819 91 31 water
613 1817 45 33 for
682 1818 38 32 60

87 1861 86 31 miles
194 1864 31 29 at
239 1873 17 20 a
279 1862 82 32 time.
403 1862 122 32 Around
545 1861 174 33 Roebourne

88 1903 50 32 the
162 1903 101 32 blacks
287 1914 49 21 are
358 1904 90 42 quiet,
474 1903 54 32 but
540 1914 72 21 near
636 1903 62 32 Kim-

87 1946 100 41 berley
210 1947 71 41 they
303 1958 51 21 are
380 1947 73 32 both
476 1957 161 22 numerous
661 1946 59 31 and

87 1989 198 40 treacherous,
313 1989 59 34 and
401 1989 101 35 unless
535 2000 69 34 very
630 1989 91 44 sharp

87 2035 98 32 watch
198 2046 60 21 was
272 2035 69 41 kept
354 2035 50 32 life
418 2035 96 33 would
527 2035 36 33 be
579 2046 79 22 none
672 2037 49 30 too

89 2078 71 32 safe.
201 2078 36 31 In
251 2078 41 32 all
305 2078 177 43 probability
491 2078 104 42 King's
608 2077 112 39 Sound,

91 2123 101 40 lHdeg.
223 2122 43 38 S.,
294 2122 59 32 and
376 2122 176 41 Cambridge
580 2121 82 39 Gulf,
689 2122 32 32 in

87 2165 67 39 lat.,
184 2165 102 43 15deg.
312 2165 43 40 S.,
383 2165 60 35 will
469 2165 37 35 be
533 2165 51 35 the
605 2168 118 31 nearest

89 2213 82 36 ports
185 2212 30 30 to
230 2210 178 41 Kimberley,
424 2210 58 32 and
499 2214 103 36 except
615 2210 107 40 during

91 2252 50 32 the
155 2252 158 33 hurricane
340 2262 104 23 season
458 2255 143 30 steamers
627 2262 37 32 go
691 2255 31 30 at

89 2296 141 32 intervals
254 2297 76 32 from
357 2296 184 38 Melbourne,
569 2296 151 38 Adelaide,

90 2339 58 33 and
164 2339 100 39 Perth,
289 2340 95 34 round
398 2340 51 34 the
470 2342 92 31 coast.
602 2340 30 32 It
655 2351 69 31 may

89 2382 37 31 be
150 2383 63 30 said
234 2383 52 31 the
310 2384 117 30 climate
451 2384 33 30 of
504 2382 171 41 Kimberley
698 2383 26 31 is

74 2440 6 4 -
89 2435 56 22 one
168 2425 32 32 of
220 2425 51 33 the
295 2428 88 30 worst
397 2426 31 31 in
442 2426 51 32 the
517 2425 154 33 continent
695 2425 31 32 of

89 2468 160 38 Australia,
272 2469 59 32 and
350 2479 70 22 men
434 2468 87 33 when
538 2469 72 42 they
630 2468 94 33 arrive

89 2522 39 22 on
155 2512 51 32 the
234 2512 135 42 diggings
396 2513 61 32 will
483 2513 76 32 have
583 2515 32 31 to
648 2512 76 41 fight

89 2555 72 31 with
184 2556 80 37 heat,
288 2556 87 37 fever,
401 2556 99 37 thirst,
524 2556 59 32 and
610 2556 41 31 all
672 2556 52 31 the

89 2598 72 33 time
182 2598 36 33 be
242 2610 39 21 on
303 2599 78 33 their
407 2599 94 43 guard
528 2599 116 41 against
671 2598 51 33 the

89 2643 124 33 natives.
255 2643 48 33 Mr
324 2643 81 44 King
428 2645 92 33 states
534 2643 67 35 that
623 2643 32 33 in
676 2642 48 35 his

88 2688 132 39 opinion,
255 2699 32 20 as
317 2699 39 21 an
383 2689 49 31 old
458 2689 131 31 resident
616 2689 32 31 of
671 2688 51 32 the

88 2730 144 33 northern
244 2733 68 40 part
325 2731 32 33 of
375 2731 137 33 Western
526 2730 159 39 Australia,
700 2730 24 33 it

89 2775 98 32 would
209 2774 37 34 be
259 2777 80 31 utter
358 2776 138 32 madness
517 2775 45 33 for
576 2785 18 22 a
607 2785 72 22 man
693 2777 31 31 to

90 2821 127 42 attempt
230 2822 31 32 to
274 2819 88 35 reach
376 2819 52 36 the
442 2819 170 44 Kimberley
623 2819 101 35 unless

90 2864 38 32 he
152 2864 55 32 has
230 2866 62 30 £SO
318 2865 32 31 in
371 2865 48 31 his
444 2865 106 40 pocket
576 2865 87 31 when
686 2864 38 32 he

89 2906 87 33 lands
190 2907 31 32 in
235 2907 138 33 Western
387 2907 160 32 Australia.
590 2906 134 34 Another

88 2950 90 41 ihing
199 2951 95 32 worth
315 2951 155 40 recording
489 2950 113 35 is.that
616 2950 42 32 all
672 2951 51 31 the

91 2993 127 42 diggers,
243 2993 156 43 especially
420 3005 66 21 new
509 2993 132 38 arrivals,
665 2993 61 33 will

91 3037 76 31 have
194 3038 31 31 to
252 3037 93 40 guard
372 3038 117 40 against
515 3037 149 41 drinking,
693 3047 32 21 as

93 3091 40 22 no
146 3091 71 21 man
241 3091 55 22 can
310 3080 58 33 live
381 3080 32 33 in
437 3080 66 33 that
527 3081 119 32 climate
660 3080 66 33 who

93 3124 135 43 indulges
242 3124 32 34 in
288 3124 90 34 much
392 3125 125 34 alcholic
530 3125 107 42 liquor.

344 3212 194 39 Melbourne,
554 3212 70 42 May
639 3214 47 31 17.

132 3264 63 34 The
220 3264 150 40 Waihora,
395 3265 97 33 which
517 3265 113 33 arrived
651 3265 75 33 from

93 3310 72 31 New
188 3309 141 37 Zealand,
354 3310 111 41 to-day,
489 3309 60 32 had
573 3320 40 21 on
636 3309 90 32 board

94 3352 111 33 several
227 3363 173 31 passengers
414 3353 76 32 from
514 3353 66 32 that
604 3353 122 41 Colony,

93 3396 67 33 who
183 3396 103 33 intend
308 3398 30 32 to
361 3397 67 33 take
451 3406 139 32 passages
616 3396 39 42 by
676 3396 50 33 the

94 3440 141 33 Gambier
268 3440 45 33 for
346 3440 51 33 the
441 3440 170 44 Kimberley
647 3440 64 42 gold-

93 3484 95 32 fields.

427 3528 112 40 Perth,
554 3527 71 44 May
640 3529 46 33 11.

132 3581 47 42 By
201 3582 51 32 the
276 3585 127 29 steamer
428 3583 113 41 Otway,
565 3582 98 32 which
684 3592 30 21 ar-

94 3624 80 33 rived
201 3624 76 34 from
304 3624 100 44 Derby
431 3635 39 23 on
498 3625 132 43 Sunday,
658 3624 72 44 May

94 3669 64 39 9th,
193 3680 80 22 news
306 3680 98 23 comes
438 3672 31 30 to
502 3669 82 33 hand
615 3669 67 33 that
713 3679 17 22 a

95 3713 193 43 twenty-nine
313 3723 93 24 ounce
429 3715 113 40 nugget
565 3723 60 23 was
638 3713 93 33 found

94 3757 39 44 by
148 3769 17 22 a
177 3768 73 23 man
263 3758 109 33 named
387 3756 140 45 Slattery.
569 3757 49 43 Up
631 3759 31 32 to
679 3756 52 35 the

95 3804 68 32 date
191 3803 31 33 of
247 3803 50 33 the
326 3803 128 42 Otway's
483 3803 157 42 departure
673 3804 59 31 two

95 3847 150 32 thousand
269 3857 108 22 ounces
400 3847 61 31 had
483 3847 127 31 reached
632 3846 100 41 Derby

95 3890 77 35 from
186 3889 52 34 the
252 3889 170 42 Eimberley
436 3889 148 42 goldfield.

157 3992 96 33 SHIP
273 3993 192 32 RAILWAY
489 3992 180 33 SCHEME.

132 4101 101 31 There
248 4111 49 21 are
311 4099 98 33 before
424 4099 51 33 the
490 4100 157 32 American
659 4100 57 32 Con-

99 4155 80 32 gress
193 4147 58 31 two
276 4143 133 34 schemes
433 4143 45 34 for
492 4144 50 33 the
566 4143 168 43 promotion

98 4190 34 31 of
150 4199 164 22 commerce
341 4199 99 21 across
466 4188 52 32 the
545 4188 134 31 Isthmus
706 4188 33 33 of

99 4231 143 33 Panama.
285 4231 64 32 One
363 4230 25 33 is
403 4240 18 23 a
434 4229 87 34 canal
541 4232 32 31 at
597 4230 118 33 Tehuan-

99 4278 92 40 tepec,
207 4275 59 33 and
280 4275 51 33 the
345 4275 85 33 other
444 4275 25 33 is
483 4286 18 21 a
525 4275 66 42 ship
604 4275 130 43 railway,

99 4320 67 32 that
192 4329 139 31 proposes
358 4322 31 30 to
419 4318 66 42 pick
512 4330 40 30 up
579 4329 18 22 a
629 4319 106 34 loaded

99 4363 94 32 vessel
208 4365 51 31 out
273 4363 33 32 of
322 4362 52 33 the
394 4364 101 36 water,
511 4364 44 31 set
578 4362 55 33 her
656 4373 80 32 upon

100 4406 110 39 trucks,
239 4407 58 32 and
321 4409 150 39 transport
484 4406 55 34 her
562 4417 99 23 across
683 4407 53 33 the

101 4453 133 39 country,
258 4450 59 32 and
341 4452 45 31 set
408 4450 55 33 her
484 4450 32 32 in
542 4456 92 27 water
657 4461 80 32 upon

101 4494 51 34 the
179 4494 86 34 other
292 4494 71 38 side,
405 4494 64 33 The
500 4494 178 34 Committee
706 4497 31 31 to

102 4538 99 34 whom
224 4537 61 33 this
308 4537 59 34 last
389 4537 120 34 scheme
529 4549 60 22 was
609 4539 128 32 referred

101 4581 76 34 have
197 4581 161 34 submitted
372 4591 19 23 a
410 4584 108 41 report,
541 4581 77 35 from
638 4581 98 35 which

102 4637 44 22 we
175 4626 63 33 will
270 4626 156 34 condense.
468 4627 84 42 They
585 4637 53 31 say
670 4626 67 34 that

98 4670 87 33 there
208 4670 26 32 is
259 4680 17 22 a
299 4672 120 39 present
442 4670 146 42 necessity
614 4670 45 33 for
685 4670 52 33 the

103 4713 201 33 construction
318 4713 32 33 of
361 4724 17 22 a
392 4714 108 33 transit
513 4724 65 33 way
597 4714 45 34 for
656 4713 82 44 ships

104 4769 97 21 across
228 4757 52 33 the
315 4758 158 33 American
506 4759 144 38 Isthmus,
679 4759 58 32 and

103 4801 127 32 submits
244 4801 67 32 that
333 4802 51 32 the
407 4802 203 33 Government
630 4803 108 33 should

103 4844 111 34 bolster
237 4844 60 33 this
313 4845 118 34 scheme
454 4845 40 44 by
507 4846 101 43 giving
621 4857 18 22 a
652 4857 68 32 guar-

105 4891 86 29 antee
214 4888 66 33 that
302 4889 46 32 for
372 4891 36 31 15
431 4901 85 31 years
537 4890 52 34 the
612 4901 127 23 revenue

105 4932 77 32 from
203 4932 52 32 the
276 4932 163 42 completed
460 4934 120 42 railway
604 4934 78 33 shall
702 4935 37 32 be

106 4977 153 37 £750,000
271 4986 52 32 per
337 4986 122 25 annum.
501 4978 80 34 That
593 4978 36 39 is,
652 4979 26 33 if
687 4979 52 34 the

106 5022 52 29 net
171 5019 138 40 earnings
323 5021 32 30 of
365 5021 50 31 the
429 5021 61 31 line
503 5021 32 31 in
550 5032 59 30 any
621 5033 69 29 year
711 5023 32 31 of

106 5061 52 33 the
172 5061 66 33 first
252 5063 36 31 15
302 5061 53 33 fall
368 5062 84 34 short
465 5063 32 33 of
511 5065 161 38 £750,000,
687 5065 52 34 the

107 5106 113 32 United
245 5106 98 33 States
369 5106 60 32 will
455 5108 86 31 make
568 5110 75 38 good
669 5112 53 30 two-

108 5149 96 31 thirds
228 5148 32 33 of
280 5148 51 32 the
355 5148 107 38 deficit,
478 5151 59 30 and
551 5151 116 33 Mexico
680 5152 61 32 will

109 5202 100 22 assure
236 5191 52 32 the
315 5191 85 33 other
427 5192 88 33 third.
558 5194 63 32 The
655 5195 64 32 Com-

108 5235 104 31 mittee
225 5244 50 22 are
288 5234 33 32 of
331 5234 51 32 the
396 5235 120 41 opinion
529 5236 67 32 that
606 5237 51 33 the
670 5239 72 31 road

109 5278 97 34 would
229 5280 52 31 net
304 5277 66 34 that
393 5289 66 23 sum
479 5280 76 33 from
578 5280 51 33 the
657 5284 84 36 start,

107 5323 62 32 and
182 5322 146 33 therefore
342 5322 51 32 the
407 5326 142 37 gurantee
569 5324 97 33 would
680 5328 63 30 cost

107 5364 139 42 nothing.
287 5365 61 32 But
371 5365 148 34 whatever
538 5366 25 33 it
582 5367 98 41 might
694 5369 32 31 ad-

109 5419 92 21 vance
216 5407 97 33 would
327 5408 36 32 be
377 5418 18 22 a
408 5408 79 38 loan,
502 5409 59 31 and
581 5413 53 29 not
648 5421 18 21 a
679 5411 63 42 gift,

110 5453 51 32 the
175 5453 70 31 loan
259 5454 31 30 to
302 5451 37 33 be
353 5452 123 42 payable
490 5453 32 32 in
535 5453 101 33 fifteen
650 5465 93 30 years,

111 5496 122 33 secured
259 5495 39 44 by
325 5496 174 33 certificates
525 5497 162 34 receivable
713 5498 31 33 in

111 5542 141 38 payment
266 5540 32 31 of
309 5540 68 31 tolls
392 5551 39 20 on
445 5541 157 30 American
626 5542 118 31 vessels.

111 5583 29 33 It
154 5582 143 44 provides,
313 5581 72 40 also,
410 5582 67 33 that
497 5582 51 34 the
569 5582 127 44 liability
717 5584 27 33 of

111 5632 50 30 tne
177 5629 202 33 Government
393 5627 78 34 shall
485 5631 53 30 not
554 5629 100 33 attach
669 5629 75 33 until

111 5673 50 32 the
175 5673 131 40 railway,
331 5672 72 31 with
427 5672 39 31 its
487 5672 140 31 terminal
641 5673 103 37 works,

111 5716 55 32 has
180 5715 74 33 been
268 5714 165 42 completed
457 5715 59 32 and
536 5715 133 42 eqipped,
691 5726 53 22 nor

110 5759 78 32 until
212 5759 50 32 the
287 5759 153 41 Company
459 5759 56 31 has
535 5759 93 41 safely
650 5761 79 29 trans-

110 5803 113 42 ported,
248 5803 75 34 from
339 5813 90 22 ocean
450 5804 32 31 to
503 5813 102 27 ocean,
620 5813 18 22 a
651 5802 93 33 vessel

109 5847 157 39 weighing,
282 5847 71 31 with
368 5846 53 31 her
435 5846 77 38 load,
532 5849 52 30 not
598 5847 58 31 less
669 5847 75 31 than

742 216 77 28 4000
842 216 77 28 tons.
962 213 73 30 This
1059 211 117 32 scheme
1199 210 84 32 looks
1305 220 70 30 very

742 257 139 32 innocent
896 256 114 39 indeed,
1022 255 54 33 but
1090 254 82 34 there
1186 253 25 33 is
1225 263 106 23 reason
1344 255 31 31 to

742 305 116 37 suspect
886 302 66 31 that
973 301 24 32 it
1020 301 25 32 is
1069 302 97 40 pretty
1187 298 90 33 much
1305 298 32 32 of
1357 308 19 22 a

742 345 110 42 Trojan
865 345 97 32 horse.
1004 345 80 32 Once
1099 346 49 39 get
1171 342 51 33 the
1243 342 112 33 Govern-

742 392 82 29 ment
851 389 173 32 committed
1050 387 39 43 by
1115 387 51 33 the
1196 396 123 33 passage
1346 385 31 33 of

742 432 59 33 this
828 432 70 38 Bill,
927 432 83 33 there
1037 431 98 34 would
1161 430 36 34 be
1223 441 41 23 no
1293 432 83 40 great

741 477 143 41 difficulty
907 477 32 32 in
963 476 154 41 obtaining
1137 475 239 42 supplementary

741 519 168 42 legislation
942 520 59 31 and
1034 519 92 32 direct
1170 519 144 31 advances
1347 517 30 34 of

742 573 106 31 money
861 563 77 31 from
951 563 52 31 the
1026 562 99 42 public
1147 564 143 39 treasury.
1330 561 46 33 De

741 606 125 42 Lesseps
889 606 55 32 has
968 617 75 30 gone
1058 608 30 31 to
1102 606 51 32 the
1175 605 202 34 Government

742 650 31 32 of
785 650 113 32 France
912 650 44 32 for
969 650 70 41 help
1053 650 31 31 in
1098 650 47 31 his
1159 650 134 31 Panama
1311 660 48 30 pro-

739 693 133 41 ject—so
886 693 96 32 would
997 693 80 31 Eads
1091 704 38 30 go
1142 695 31 30 to
1186 693 48 31 his
1245 692 112 33 Govern-

742 739 83 31 ment
848 737 45 33 for
916 737 70 41 help
1009 737 25 31 if
1053 737 184 41 encouraged
1260 736 39 44 by
1326 737 51 32 the

742 791 121 31 passage
877 781 32 32 of
921 781 60 32 this
990 780 72 33 Bill.

804 871 348 33 MISCELLANEOUS
1171 871 138 33 ITEMS.

782 980 25 30 A
822 979 189 32 Frenchman
1025 980 55 30 has
1093 979 108 41 taught
1211 990 18 20 a
1239 989 138 23 common

742 1022 93 35 house
849 1034 129 31 sparrow
991 1026 31 31 to
1033 1022 99 43 speak.

782 1076 63 31 The
868 1076 129 41 Chicago
1021 1075 171 43 University
1215 1076 25 31 is
1253 1076 32 31 in
1309 1076 68 31 debt

745 1119 161 41 $250,000,
922 1120 58 32 and
994 1119 25 33 is
1033 1119 91 34 about
1137 1121 31 31 to
1182 1119 139 33 abandon
1339 1119 38 33 its

742 1172 147 33 property.

783 1215 25 33 A
822 1226 71 22 man
907 1216 32 32 in
952 1215 128 33 London
1091 1215 56 33 has
1160 1215 76 33 been
1248 1215 130 33 arrested

743 1259 45 34 for
801 1260 231 43 systematically
1045 1259 132 43 starving
1197 1259 49 33 his
1260 1262 74 30 aunt
1347 1262 31 31 to

743 1304 99 31 death.
864 1304 59 32 For
930 1314 85 31 years
1023 1304 25 32 it
1054 1304 56 31 has
1123 1304 74 31 been
1205 1304 48 31 his
1263 1306 115 29 custom

743 1348 32 31 to
787 1346 66 34 lock
866 1346 55 33 her
933 1347 33 32 in
980 1358 17 21 a
1010 1357 84 23 room
1107 1357 87 32 every
1214 1346 85 34 other
1321 1346 57 43 day

743 1391 126 31 without
882 1391 78 31 food.

783 1441 39 34 In
847 1441 99 44 Japan
971 1441 129 45 wealthy
1123 1452 113 24 owners
1263 1441 33 35 of
1316 1443 62 32 cats

743 1486 77 34 have
846 1497 19 23 a
890 1486 74 44 high
990 1489 114 40 respect
1130 1486 45 34 for
1201 1486 83 34 them
1306 1497 74 23 even

745 1531 86 32 when
844 1531 72 41 they
929 1542 50 21 are
998 1531 85 32 dead.
1123 1531 38 32 In
1184 1530 112 37 Yeddo,
1311 1533 31 29 at
1361 1540 19 21 a

744 1575 102 31 recent
871 1575 74 32 cat's
971 1573 126 38 funeral,
1125 1572 52 33 the
1203 1572 89 34 coffin
1318 1582 62 24 was

745 1617 122 33 covered
879 1617 73 33 with
966 1627 18 23 a
997 1617 90 33 white
1100 1617 57 33 silk
1170 1616 71 42 pall.

785 1669 63 34 The
883 1668 128 45 Chicago
1044 1669 103 44 people
1184 1679 50 23 are
1265 1668 117 44 getting

745 1725 136 22 nervous.
922 1714 64 32 The
999 1714 115 32 surface
1128 1714 32 32 of
1177 1714 81 32 Lake
1273 1714 88 32 Michi-

747 1768 59 31 gan
819 1757 25 32 is
857 1756 94 43 rising
964 1757 66 34 four
1043 1757 102 33 inches
1165 1767 111 32 a-year.
1317 1756 65 33 The

746 1800 128 34 Lincoln
898 1801 78 32 Park
999 1800 91 39 drive,
1114 1800 84 34 faced
1211 1800 39 43 by
1263 1800 120 43 elegant

746 1845 175 38 residences,
961 1845 26 33 is
1020 1845 90 42 being
1142 1845 156 43 gradually
1331 1856 33 22 en-

747 1888 143 32 croached
903 1898 91 30 upon.

786 1939 25 32 A
826 1939 150 33 sensation
990 1949 61 22 was
1064 1939 108 33 caused
1185 1939 32 32 in
1227 1939 153 38 Portland,

747 1982 71 40 Me.,
842 1982 39 44 by
902 1982 52 34 the
976 1982 152 44 discovery
1154 1982 67 34 that
1248 1993 17 22 a
1288 1985 95 31 secret

748 2030 126 39 attempt
887 2038 61 23 was
961 2028 89 40 being
1069 2028 87 33 made
1176 2030 32 31 to
1230 2028 154 33 introduce

748 2071 90 33 about
852 2071 45 32 six
910 2071 150 33 thousand
1083 2070 127 33 Chinese
1233 2070 151 34 workmen

747 2115 64 33 into
824 2115 52 33 the
891 2115 95 33 State.
1027 2114 83 43 They
1124 2125 76 23 were
1220 2116 31 32 to
1270 2115 114 33 receive

750 2158 42 42 $4
806 2168 52 34 per
872 2158 91 35 week.

789 2217 47 31 On
849 2216 51 31 the
915 2216 74 31 28th
1003 2216 32 32 of
1046 2216 80 41 May,
1136 2215 84 32 there
1229 2215 157 41 happened

750 2269 18 23 a
780 2269 67 23 new
855 2258 116 43 episode
982 2258 33 33 in
1023 2268 18 23 a
1051 2258 116 33 famous
1175 2259 104 31 drama
1286 2258 99 33 which

749 2303 33 32 in
792 2303 38 32 its
841 2303 72 32 time
924 2302 209 33 concentrated
1142 2312 81 32 upon
1232 2302 52 33 the
1293 2301 93 33 Court

750 2349 32 30 at
796 2346 219 33 Westminister
1037 2346 52 33 the
1112 2346 148 33 attention
1283 2346 34 33 of
1334 2344 51 34 the

750 2389 131 32 civilised
913 2389 102 32 world.
1076 2389 47 32 On
1150 2388 67 32 that
1249 2388 58 41 day
1338 2388 48 32 Sir

751 2431 104 42 Henry
878 2431 102 33 Alfred
1003 2431 113 42 Joseph
1134 2431 142 42 Doughty
1299 2430 69 33 Tich-

752 2475 92 34 borne
867 2485 83 23 came
964 2475 33 33 of
1018 2485 63 31 age,
1097 2475 59 32 and
1179 2474 121 33 entered
1323 2474 64 32 into

750 2518 52 33 the
816 2518 181 42 possessions
1011 2518 67 33 that
1091 2518 75 33 have
1181 2517 205 34 accumulated

750 2563 108 40 during
870 2562 48 31 his
933 2563 71 40 long
1017 2562 151 41 minority.
1210 2562 64 31 The
1293 2563 94 30 estate

750 2616 60 22 was
832 2605 104 43 deeply
961 2605 108 43 dipped
1091 2605 64 33 into
1178 2607 32 31 to
1235 2607 80 31 meet
1336 2604 51 33 the

750 2650 123 43 charges
894 2650 111 43 arising
1018 2652 53 33 out
1084 2650 33 34 of
1137 2649 52 34 the
1202 2660 67 23 case
1283 2649 33 34 of
1335 2649 52 33 the

751 2695 153 37 claimant,
919 2695 54 31 but
986 2695 24 31 it
1023 2695 26 31 is
1063 2695 63 31 said
1136 2695 67 31 that
1212 2694 24 31 it
1244 2694 55 31 has
1307 2694 81 31 since

749 2737 76 33 been
838 2748 33 23 so
884 2737 143 42 carefully
1044 2737 110 33 nursed
1167 2737 67 33 that
1257 2736 52 33 the
1321 2747 67 22 new

749 2781 124 34 baronet
894 2781 55 33 has
967 2791 84 24 come
1074 2781 64 33 into
1151 2791 19 22 a
1189 2782 69 32 rent
1277 2780 58 34 roll
1358 2779 33 35 of

750 2826 103 44 nearly
867 2828 132 38 £30,000
1012 2837 18 23 a
1043 2837 80 33 year.
1164 2824 113 35 Arthur
1293 2825 95 34 Orton

750 2871 127 32 claimed
887 2871 52 32 the
949 2874 138 38 property
1095 2880 33 22 as
1138 2870 52 32 the
1196 2870 94 32 eldest
1294 2880 55 22 son
1349 2888 40 4 —

750 2914 52 32 the
815 2914 59 33 lost
887 2924 159 31 passenger
1059 2914 32 32 in
1105 2913 52 33 the
1175 2913 96 32 Bella.
1323 2912 64 33 The

750 2960 120 38 present
910 2957 124 33 baronet
1073 2967 61 22 was
1173 2966 92 31 many
1304 2965 85 32 years

751 3010 141 32 younger.
927 3000 48 32 He
986 3010 60 22 was
1053 2999 106 33 indeed
1167 3009 18 22 a
1193 2998 196 42 posthumous

752 3043 90 38 child,
869 3044 60 31 and
955 3053 60 22 was
1038 3043 76 32 born
1139 3042 82 41 right
1246 3042 65 32 into
1337 3042 51 31 the

751 3086 169 43 baronetcy,
935 3086 98 33 which
1046 3096 61 23 was
1121 3096 56 23 one
1190 3085 33 33 of
1232 3085 52 33 the
1307 3087 80 31 most

752 3131 129 39 ancient,
896 3130 145 43 although
1054 3134 54 30 not
1120 3129 104 44 nearly
1237 3139 33 24 so
1283 3129 50 35 old
1356 3139 33 24 as

752 3176 52 32 the
833 3176 113 41 family,
983 3176 68 31 who
1074 3186 75 21 were
1175 3177 83 38 great
1284 3174 103 41 people

753 3219 32 32 in
806 3218 184 43 Humpshire
1016 3218 99 34 before
1142 3217 52 33 the
1228 3217 160 42 Conquest.

753 3263 111 33 Whilst
887 3263 52 33 the
962 3273 100 32 young
1098 3261 65 34 heir
1189 3261 71 33 thus
1291 3272 99 22 comes

752 3306 64 32 into
830 3306 55 32 full
899 3307 172 41 enjoyment
1084 3306 33 33 of
1126 3306 49 32 his
1188 3306 128 37 fortune,
1336 3305 53 32 the

752 3360 72 22 man
838 3350 67 33 who
919 3350 126 32 claimed
1068 3350 23 32 it
1105 3350 26 31 is
1145 3349 124 41 earning
1283 3359 18 22 a
1323 3359 48 31 pre-

753 3394 115 33 carious
878 3394 93 42 living
980 3396 31 30 at
1018 3393 108 42 pigeon
1135 3393 144 38 matches,
1291 3392 100 33 whilst

754 3438 51 33 the
829 3448 118 24 woman
970 3437 67 33 who
1063 3437 95 33 called
1185 3436 119 39 herself,
1332 3436 59 33 and

754 3492 60 22 was
822 3482 40 42 by
869 3492 92 31 many
970 3481 100 32 hailed
1081 3492 32 21 as
1124 3481 84 41 Lady
1214 3480 176 37 Tichborne,

754 3525 26 34 is
803 3525 73 34 with
898 3525 56 34 her
975 3527 59 32 two
1055 3524 135 35 children
1211 3523 95 44 living
1318 3524 33 33 in
1374 3533 17 24 a

756 3570 182 32 workhouse.

794 3613 92 33 From
918 3623 40 22 an
984 3612 137 42 obituary
1153 3612 98 33 notice
1277 3611 33 32 in
1339 3610 52 33 the

756 3656 185 44 Canterbury
954 3657 100 33 Times
1068 3657 33 33 of
1111 3655 51 35 the
1176 3656 60 32 late
1246 3655 50 33 Mr
1303 3654 42 34 H.
1356 3655 35 33 P.

755 3702 111 38 Lance,
880 3711 44 24 we
937 3701 68 33 take
1018 3701 52 33 the
1083 3700 232 42 following:—lt
1333 3709 60 23 was

756 3746 32 33 in
807 3745 176 35 connection
1006 3745 73 34 with
1092 3745 52 34 the
1166 3744 73 33 New
1261 3744 132 33 Zealand

756 3790 65 34 turf
840 3790 68 34 that
921 3790 49 34 Mr
993 3789 101 35 Lance
1112 3800 60 23 was
1186 3788 66 34 best
1274 3789 119 38 known,

758 3835 59 32 and
831 3835 80 32 since
925 3835 39 32 its
977 3835 121 41 infancy
1110 3834 33 32 in
1157 3834 52 32 the
1223 3834 114 41 Colony
1355 3833 40 33 he

758 3877 56 34 has
826 3878 107 43 played
945 3888 92 33 many
1046 3877 164 43 important
1219 3879 93 41 parts.
1353 3876 42 33 As

758 3922 46 33 far
830 3922 76 33 back
932 3933 33 22 as
993 3923 77 32 1859
1096 3922 49 32 his
1170 3932 90 22 name
1286 3922 109 40 figures

759 3976 110 31 among
876 3965 172 43 gentleman
1056 3965 92 33 riders
1158 3965 33 32 in
1200 3964 194 42 Canterbury,

760 4010 59 31 and
832 4009 39 33 he
894 4019 60 23 was
973 4009 159 33 successful
1155 4008 32 33 in
1200 4018 92 33 many
1314 4018 82 22 races

760 4053 73 34 both
857 4064 39 24 on
915 4052 52 35 the
990 4052 55 35 flat
1068 4052 59 35 and
1141 4062 98 25 across
1260 4054 135 42 country.

760 4097 99 33 About
873 4099 38 31 27
924 4108 85 31 years
1023 4107 55 31 ago
1092 4096 40 33 he
1144 4097 133 32 received
1290 4107 18 21 a
1327 4107 70 31 very

761 4141 58 33 bad
842 4141 54 33 fall
908 4141 77 33 from
1009 4140 127 44 Captain
1158 4139 81 35 York
1256 4139 33 34 in
1303 4150 18 23 a
1343 4139 54 35 flat

760 4196 67 21 race
854 4188 31 29 at
908 4185 135 41 Eaiapoi,
1071 4185 77 32 from
1170 4184 53 33 the
1245 4185 103 32 effects
1368 4186 32 31 of

760 4228 98 33 which
883 4228 39 33 he
948 4227 50 33 did
1021 4229 54 32 not
1100 4236 118 25 recover
1244 4227 46 34 for
1315 4236 82 25 some

762 4271 131 35 months.
934 4271 38 35 In
987 4273 77 33 1860
1077 4271 38 35 he
1133 4271 130 44 brought
1286 4271 95 35 Strike-

762 4316 124 42 a-Light
918 4316 87 35 down
1031 4316 77 34 from
1141 4316 122 39 Nelson,
1291 4316 59 33 and
1380 4326 18 23 a

762 4360 104 42 couple
899 4360 33 33 of
955 4370 85 33 years
1066 4360 76 33 later
1174 4370 61 23 was
1266 4360 132 42 running

763 4404 169 33 Emmeline
946 4404 60 33 and
1019 4404 118 34 Market
1150 4403 163 40 Gardener,
1325 4404 73 33 with

762 4448 99 33 whom
871 4448 39 32 he
920 4459 66 23 won
994 4459 161 22 numerous
1163 4458 93 23 races.
1281 4448 117 33 Golden

763 4491 96 34 Cloud
872 4492 60 33 and
945 4492 118 33 Revoke
1077 4492 63 33 also
1153 4502 76 23 were
1240 4492 159 33 successful

762 4536 33 32 in
813 4535 48 34 his
884 4536 126 33 colours.
1061 4536 49 33 He
1130 4536 74 33 then
1223 4536 102 41 joined
1347 4536 52 33 the

763 4579 61 33 late
837 4579 50 33 Mr
910 4578 112 46 Creyke
1045 4579 33 33 in
1097 4579 65 33 turf
1179 4581 135 36 matters,
1339 4579 60 33 and

763 4623 115 42 bought
890 4624 50 32 Mr
953 4623 174 34 Redwood's
1140 4624 79 38 stud,
1243 4623 98 33 which
1354 4624 30 32 in-

763 4667 106 33 eluded
882 4667 160 42 Ladybird,
1057 4667 75 32 Miss
1144 4666 62 34 Lee
1219 4667 60 32 and
1289 4667 110 33 others.

764 4711 38 33 In
817 4711 77 33 1862
917 4710 39 34 he
969 4720 68 24 won
1050 4710 52 34 the
1126 4710 186 43 Canterbury
1336 4710 65 43 Cup

763 4755 73 33 with
850 4755 117 33 Revoke
981 4755 60 33 and
1051 4755 52 33 the
1117 4755 100 43 Derby
1229 4755 74 33 with
1321 4755 58 33 Azu-

765 4810 82 27 cena,
873 4800 60 31 and
955 4799 52 32 the
1030 4798 152 42 following
1204 4809 70 32 year
1297 4809 86 31 appro-

763 4843 115 42 priated
892 4843 51 34 the
956 4843 110 34 former
1089 4845 87 31 event
1190 4842 73 33 with
1285 4842 117 33 Golden

765 4887 105 34 Cloud.
911 4887 166 42 Egremont
1091 4887 60 32 and
1163 4886 117 33 Nebula
1289 4886 114 33 carried

764 4931 48 33 his
825 4931 116 33 colours
961 4934 32 30 to
1006 4931 52 33 the
1081 4931 62 33 fore
1157 4930 33 33 in
1202 4930 52 33 the
1278 4930 124 33 Derbies

765 4976 32 34 of
810 4977 75 32 1864
901 4975 59 34 and
975 4977 87 33 1865.
1104 4974 64 35 The
1182 4974 69 35 stud
1260 4985 61 23 was
1329 4974 74 34 then

765 5020 136 39 disposed
914 5020 39 36 of,
969 5020 59 31 and
1042 5019 48 32 Mr
1104 5019 101 32 Lance
1217 5018 70 41 paid
1301 5028 19 22 a
1332 5018 70 32 visit

765 5064 31 32 to
819 5062 151 43 England,
995 5061 99 34 where
1106 5061 39 33 he
1169 5072 61 22 was
1252 5060 46 34 for
1321 5071 82 23 some

766 5106 72 33 time
849 5106 161 33 connected
1021 5106 72 33 with
1104 5106 52 32 the
1164 5105 96 33 stable
1268 5105 136 41 presided

767 5160 68 21 over
858 5150 39 42 by
916 5150 53 33 the
993 5150 110 33 Messrs
1127 5148 107 33 Bevill.
1286 5148 48 33 On
1356 5148 48 31 his

766 5195 103 30 return
893 5195 31 30 to
938 5193 72 33 New
1035 5192 132 33 Zealand
1186 5192 38 33 he
1238 5193 79 31 went
1341 5191 64 33 into

767 5236 189 42 partnership
969 5236 73 32 with
1056 5236 49 32 Mr
1115 5235 140 37 Mallock,
1268 5235 59 32 and
1337 5245 67 22 won

768 5290 161 23 numerous
942 5291 82 23 races
1038 5279 73 34 with
1125 5279 77 34 Foul
1215 5279 84 43 Play,
1310 5279 95 34 Nemo

769 5324 58 30 and
853 5324 110 33 others.
1019 5324 47 33 On
1093 5324 52 33 the
1172 5323 176 33 dissolution
1375 5323 32 32 of

768 5367 197 40 partnership,
980 5366 39 33 he
1033 5367 84 32 acted
1130 5367 46 32 for
1189 5377 82 22 some
1284 5366 74 33 time
1372 5376 33 23 as

769 5409 199 42 handicapper
981 5413 31 30 to
1025 5410 52 33 the
1091 5409 186 43 Canterbury
1296 5409 111 44 Jockey

770 5453 86 33 Club.
906 5455 47 31 On
974 5454 49 32 his
1042 5453 174 33 retirement
1238 5454 77 32 from
1338 5453 67 33 that

770 5496 137 42 position,
922 5497 38 34 he
974 5498 89 42 again
1075 5497 138 34 resumed
1226 5496 111 43 racing,
1348 5497 59 33 and

771 5540 76 30 from
861 5541 73 30 then
948 5552 40 29 up
1001 5544 31 29 to
1043 5541 51 31 the
1104 5542 73 30 time
1188 5541 33 31 of
1227 5541 48 30 his
1284 5541 120 36 demise,

770 5581 56 33 has
839 5581 75 35 been
927 5583 162 33 connected
1102 5583 72 33 with
1188 5582 52 34 the
1254 5582 80 34 Hon.
1357 5583 48 33 W.

772 5627 178 34 Robinson's
976 5628 104 33 stable.
1136 5628 47 33 He
1209 5628 55 33 has
1298 5628 109 43 always

772 5670 75 31 been
856 5681 17 20 a
882 5674 78 29 most
966 5672 93 31 active
1066 5672 59 31 and
1129 5672 137 31 valuable
1274 5672 133 31 member

772 5713 32 33 of
814 5713 52 32 the
879 5714 111 41 Jockey
1003 5713 87 39 Club,
1110 5713 88 42 being
1219 5724 19 21 a
1258 5714 149 41 thorough

772 5759 168 38 sportsman
953 5757 33 31 in
999 5767 87 31 every
1099 5767 85 22 sense
1198 5757 33 32 of
1241 5757 51 32 the
1315 5758 90 36 word,

772 5800 59 33 and
843 5800 47 33 his
915 5800 124 34 absence
1052 5800 77 33 from
1153 5811 54 23 our
1219 5800 98 34 future
1340 5811 67 23 race

771 5844 145 38 meetings
930 5844 61 31 will
1005 5844 35 31 be
1055 5844 90 31 much
1159 5844 62 31 felt.

1265 76 117 40 THE
1437 77 185 40 LYELL
1673 76 185 49 TIMES,
1913 79 304 50 SATURDAY,
2270 82 143 53 JUNE
2466 97 36 38 5,
2560 85 101 39 1886.

3419 5720 112 28 Printed
3545 5722 55 26 ami
3613 5722 149 36 published
3779 5723 38 37 by
3833 5724 48 28 the
3894 5725 162 36 proprietor,

3452 5758 106 28 Walter
3570 5760 96 33 Atfcin,
3681 5765 28 25 at
3722 5762 49 28 the
3786 5762 164 38 Registered
3972 5764 84 28 Office

3452 5802 26 23 ot
3486 5797 46 29 the
3571 5798 79 37 Lyell
3788 5801 66 30 Cliff
3858 5801 101 35 Streat,
3967 5801 89 39 Lyell,

3453 5837 110 34 Comity
3578 5838 30 26 of
3619 5838 104 34 Buller,
3733 5840 108 34 Colony
3854 5841 30 27 of
3892 5841 68 27 N.Z.

1476 204 174 38 Westport
1665 204 305 34 Advertisements.

1403 280 334 59 GILMER'S
1791 283 240 58 HOTEL

1642 356 156 27 WESTPORT,

1428 395 145 41 Corner
1600 395 43 40 of
1669 395 240 43 Palmerston
1933 399 75 41 and

1517 450 214 42 Wakefield
1758 452 159 50 Streets,

1492 562 66 28 Post
1572 560 109 35 Offices,
1693 560 56 30 and
1761 562 96 36 nearly
1869 563 123 37 opposite
2004 568 29 25 to

1403 600 33 29 be
1450 599 77 29 R.M.
1541 599 88 29 Court
1642 598 56 30 and
1716 599 83 30 H.M.
1812 600 140 30 Customs.

1406 678 179 40 Gilmer's
1604 675 176 42 Masonic
1804 676 130 49 Hotel,

1919 739 114 23 NELSON.

1405 769 179 42 Gilmer's
1609 768 131 49 Hotel,

1854 831 179 22 GREYMOUTH.

1404 863 180 40 Gilmer's
1603 860 123 53 Royal
1744 861 87 40 Oak
1850 861 130 47 Hotel,

1841 922 193 24 WELLINGTON.

1439 994 77 31 Good
1537 992 238 31 accommodation
1792 992 43 30 for
1854 992 180 31 Commercial

1404 1033 160 33 Travellers,
1577 1032 67 31 with
1657 1032 105 38 sample
1773 1042 93 19 rooms
1878 1032 139 38 provided.

1437 1073 26 28 A
1486 1072 89 36 Night
1597 1072 96 28 Porter
1716 1070 103 37 always
1843 1080 36 20 on
1903 1070 48 30 the
1975 1080 43 28 pre-

1403 1111 92 29 mises.

1438 1148 127 37 Booking
1584 1148 85 30 Office
1686 1147 43 29 for
1740 1147 47 30 the
1799 1147 169 34 Charleston,
1981 1147 36 30 Ad-

1404 1188 113 33 dison's,
1530 1188 116 28 Beefton
1658 1186 56 28 and
1731 1186 81 37 Lyell
1824 1186 131 28 Coaches.

1439 1225 78 29 Good
1530 1225 127 36 stabling,
1670 1224 69 29 with
1752 1223 76 38 eight
1846 1224 81 29 horse
1948 1223 87 36 stalls,

1404 1263 129 31 attached
1545 1267 28 27 to
1586 1263 47 31 the
1644 1263 142 38 premises.

1472 1340 80 29 THE
1582 1338 184 30 PRINCESS
1791 1337 179 36 THEATRE

1404 1379 30 28 Is
1448 1379 58 28 70ft
1516 1388 19 18 x
1546 1378 58 28 30ft
1614 1377 99 33 inside,
1726 1377 160 36 containing
1897 1380 76 31 stage
1982 1376 57 30 80ft

1404 1425 18 20 x
1433 1416 67 34 21ft,
1512 1414 67 31 with
1592 1414 134 38 complete
1738 1416 56 28 sets
1811 1414 32 29 of
1860 1423 113 28 scenery
1984 1414 54 29 and

1404 1453 75 40 large
1503 1452 124 39 dressing
1655 1462 101 21 rooms.
1804 1452 59 30 The
1886 1452 96 37 height
2011 1453 31 29 of

1404 1494 79 30 walls
1495 1494 24 30 is
1531 1492 66 36 20ft,
1610 1492 56 30 and
1678 1492 48 30 the
1737 1501 78 20 room
1836 1492 24 29 is
1881 1491 112 39 capable
2012 1492 31 30 of

1576 1531 107 36 seating
1694 1531 52 28 600
1763 1529 104 38 people.

1612 1585 122 35 JOHN
1752 1583 192 44 GILMER,

1840 1630 165 37 Proprietor.

1500 1759 10 12 §
1595 1709 442 64 gTEUTHERS

1550 1804 89 35 HAS
1655 1804 65 35 ON
1739 1804 152 35 SALE-

1458 1880 237 51 Corrugated
1715 1881 100 45 Iron,

1458 1933 202 51 Crockery,

1459 1985 324 56 Paperhangings,

1457 2042 135 39 White
1611 2042 120 47 Lead,

1459 2095 95 49 Oils,

1458 2149 222 47 Varnishes,

1460 2205 125 38 Doors
1599 2204 76 39 and
1693 2203 155 47 Sashes,

1460 2257 170 52 Cutlery,

1460 2310 463 54 Cutlery-Electroplate;
1951 2310 76 42 and

1461 2365 241 39 Brushware.

1451 2471 319 41 PALMERSTON
1814 2471 194 50 STREET,

1625 2530 214 29 WESTPORT.

1449 2610 290 64 Thomas
1765 2609 245 77 James,

1542 2723 266 49 SADDLER,
1838 2720 80 53 &c,

1453 2809 181 33 MPORTER
1651 2817 57 22 and
1732 2808 315 33 MANUFACTURER

1414 2919 61 40 All
1506 2918 254 52 descriptions
1778 2917 43 40 of
1847 2917 197 52 Saddlery,

1464 2981 186 48 Harness,
1667 2980 113 52 Long
1789 2979 77 41 and
1884 2980 116 40 Short

1514 3043 203 52 Leggings,
1789 3041 158 54 Plough,

1561 3107 33 40 &
1612 3105 109 41 Back
1746 3105 154 51 Chains,

1610 3168 159 49 Traces,
1786 3170 66 39 &c.

1416 3299 115 38 Repairs
1543 3299 102 36 Neatly
1657 3298 57 29 and
1733 3297 145 38 Promptly
1898 3297 150 29 Executed.

1417 3411 176 38 Up-country
1604 3409 95 30 orders
1714 3409 143 39 promptly
1868 3408 131 31 attended
2011 3411 38 28 to.

1417 3523 50 31 ON
1487 3523 206 30 SALE—Steel
1723 3522 138 36 Polished,
1890 3521 57 32 and
1976 3521 75 31 Solid

1487 3563 90 29 Silver
1603 3562 71 34 Bits,
1705 3562 133 37 Stirrups,
1868 3561 56 30 and
1954 3561 97 38 Spurs,

1487 3601 103 35 Riding
1611 3600 126 33 Saddles,
1756 3600 75 27 Pack
1853 3598 124 34 Saddles,
1997 3599 54 28 and

1487 3636 100 39 Whips
1598 3637 31 30 of
1642 3637 37 30 all
1691 3636 189 38 descriptions.

1453 3868 91 55 J.
1608 3868 415 68 OOFtFL,

1634 3978 209 35 IMPORTER,

1421 4072 316 33 TK7HOLESALE
1764 4072 130 40 WINE,
1920 4072 113 33 SPIRI

1523 4231 198 43 Provision
1740 4230 218 43 Merchant.

1464 4434 320 39 PALMERSTON
1826 4434 195 48 STREET,

1635 4529 217 27 WESTPORT.

2139 210 145 29 Reefton
2310 210 295 30 Advertisements

2177 290 55 39 W.
2273 291 303 46 HINDMARSH,

2112 410 273 35 HAREBROKER,
2410 410 181 35 MINING,
2615 410 80 28 AND

2151 488 166 40 General
2342 487 262 40 Commission

2311 579 138 52 Agent,

2094 707 291 50 BROADWAY,
2413 706 246 51 REEFTON,

2183 817 141 38 (Opposite
2343 816 138 32 So.ithern
2495 817 82 30 Cross

2326 873 104 36 Hotel.)

2064 958 340 61 Dawson's
2469 958 224 74 Hotel,

2158 1063 225 35 BROADWAY,
2410 1064 187 29 REEFTON.

2152 1216 87 29 house
2252 1221 102 25 cannot
2366 1216 33 30 be
2411 1217 147 35 surpassed
2578 1217 31 29 in
2629 1218 68 29 New

2063 1252 130 32 Zealand.

2065 1357 176 52 Booking
2274 1359 122 41 Office
2430 1359 59 41 for
2522 1359 175 41 Mitchell

2113 1411 77 40 and
2234 1412 233 54 Campbell's
2524 1414 124 54 Royal

2163 1465 97 44 Mail
2289 1469 99 41 Line
2408 1468 43 42 of
2477 1469 98 55 Grey-

2216 1524 133 39 mouth
2365 1524 189 39 Coaches.

2099 1653 68 29 This
2179 1652 87 31 Hotel
2406 1653 103 29 known
2530 1653 170 38 throughout

2066 1692 69 30 New
2147 1692 121 30 Zealand
2279 1692 44 30 for
2340 1692 36 30 its
2396 1693 236 29 accommodation
2644 1693 56 29 and

2065 1732 183 29 convenience
2259 1731 43 30 for
2318 1733 113 28 tourists
2450 1731 56 29 and
2524 1731 176 29 commercial

2066 1769 150 30 travellers.

2263 1814 126 42 JOHN
2409 1816 212 49 DAWSON,

2500 1872 165 35 Proprietor.

2228 1952 309 33 STEVENSON'S

2072 2014 365 63 M'Gaffin's
2473 2014 227 75 Hotel,

2171 2118 225 36 BROADWAY,
2415 2118 188 30 REEFTON.

2072 2249 122 61 THIS
2207 2249 181 38 Magnificent
2399 2249 86 31 Hotel
2496 2249 58 30 will
2574 2249 34 30 be
2619 2249 86 30 found

2159 2288 104 38 replete
2274 2288 69 30 with

2165 2361 93 21 EVERY
2276 2361 127 21 COMFORT
2420 2361 57 20 AND
2494 2361 118 21 MODERN

2285 2398 206 21 CONVENIENCE.

2105 2503 134 35 Tourists,
2263 2503 177 30 commercial
2469 2503 152 35 travellers,
2651 2503 56 30 and

2072 2542 93 29 others
2174 2542 56 29 will
2243 2542 64 29 here
2319 2542 59 28 find
2391 2551 83 27 every
2486 2542 138 29 attention
2633 2551 54 20 com-

2071 2579 84 30 bined
2166 2580 68 29 with
2248 2579 83 30 home
2343 2579 139 30 comforts.

2072 2693 159 39 Booking
2248 2693 108 32 Office
2366 2693 54 31 for
2430 2693 172 31 Newman
2611 2693 97 31 Bros'

2100 2737 109 41 Royal
2222 2737 87 32 Mail
2320 2736 87 33 Line
2420 2735 40 34 of
2466 2734 133 35 Nelson
2612 2736 71 33 and

2215 2782 175 41 Westport
2402 2781 164 34 Coaches.

2133 2875 162 41 JAMES
2339 2875 307 48 STEVENSON,

2298 2936 183 20 PROPRIETOR.

2107 3088 289 50 BKOADWAY,
2426 3088 250 42 REEFTON.

2166 3259 56 30 and
2240 3258 49 30 the
2308 3258 92 37 public
2417 3256 141 39 generally
2577 3256 58 30 will
2653 3256 57 29 find

2075 3298 57 30 this
2143 3297 177 29 well-known
2338 3296 87 28 Hotel
2442 3295 78 29 fitted
2539 3295 69 29 with
2628 3304 83 27 eyery

2076 3336 115 30 modern
2203 3335 184 30 convenience
2396 3333 56 30 and
2464 3333 194 37 requirement.

2126 3449 88 41 The
2245 3447 257 53 Proprietress
2532 3446 32 41 is
2588 3446 103 41 deter-

2079 3503 128 40 mined
2233 3509 42 33 to
2292 3514 111 40 spare
2421 3514 50 27 no
2489 3512 166 42 expense
2673 3500 38 40 in

2079 3558 156 51 making
2250 3556 79 41 this
2348 3556 118 40 Hotel
2485 3556 227 52 thoroughly

2079 3611 113 54 equal
2209 3617 41 33 to
2267 3610 51 40 all
2335 3609 289 53 requirements.

2079 3739 94 38 Local,
2191 3739 125 32 Colonial
2340 3739 56 31 and
2419 3738 93 32 Home
2535 3747 100 31 papers
2657 3738 55 30 and

2200 3778 163 40 periodicals
2374 3778 139 39 regularly
2524 3778 74 31 filed.

2247 3835 152 42 ALICE
2423 3835 240 48 NEVILLE,

2520 3897 192 39 Proprietress.

1545 4773 157 38 PETER
1729 4772 214 46 MULVAY,

1480 4859 195 36 LUMBER,
1705 4859 238 37 TINSMITH,
1972 4859 88 32 AND

1600 4898 222 36 GASFITTER,
1835 4898 56 30 and

1508 4981 474 49 COPPERWORKER,

1461 5097 216 38 Palmerston
1702 5095 123 48 Street,
1844 5096 186 47 Westport,

1547 5200 141 39 (Opposite
1701 5200 129 30 Gilmer's
1841 5199 106 38 Hotel.)

1433 5352 95 34 Every
1543 5349 181 38 description
1740 5349 33 32 of
1796 5348 177 35 Holloware,
1989 5348 49 33 Tin-

1472 5395 115 31 smiths'
1603 5393 114 39 Goods,
1732 5393 58 32 and
1809 5392 216 41 Ironmongery

1629 5436 73 41 kept
1722 5436 32 32 in
1773 5435 95 33 stock.

1562 5571 25 29 A
1599 5571 89 38 Large
1700 5569 201 39 Consignment
1912 5567 31 31 of

1475 5639 188 41 STOVES
1688 5638 103 40 AND
1825 5635 200 42 RANGES

1639 5726 63 21 NOW
1719 5726 35 21 TO
1771 5725 87 20 HAND.

1618 5847 45 28 All
1679 5846 87 30 Work
1778 5846 183 29 Guaranteed.

2892 212 119 30 Public
3029 212 151 32 Notices.

2856 291 130 41 JOHN
3029 292 190 49 MUNKO,

2779 421 180 30 ENERAL
2989 422 249 30 MERCHANT
3268 422 90 29 AND

2937 499 210 35 IMPORTER,

2824 611 243 42 Palmerston
3119 614 141 47 Street,

2936 732 218 28 WESTPORT.

2773 827 246 35 JOHNSTON
3046 830 29 33 *
3099 830 217 33 WATKINS

2944 903 108 30 CIVIL
3069 904 80 30 AND

2813 981 146 30 INING

3102 983 264 34 NGINEERS,

2915 1067 182 22 AUTHORISED
3118 1068 57 21 AND

2728 1112 283 42 LICENSED
3036 1110 331 45 SURVEYORS

2727 1205 133 36 Working
2884 1206 85 29 Plans
2990 1204 56 30 and
3070 1205 108 29 Details
3203 1206 32 28 of
3257 1205 111 37 Miinng

2761 1244 164 38 Machinery
2938 1244 133 38 prepared
3081 1244 56 30 and
3144 1244 48 30 the
3200 1244 133 30 Erection

2813 1285 109 36 Mining
2936 1284 162 37 Machinery
3110 1284 185 38 supervised.,

2726 1361 121 36 Surveys
2858 1360 44 30 for
2911 1360 111 37 Mining
3031 1360 168 38 Companies
3208 1359 160 32 contracted

2726 1399 41 29 for
2780 1399 36 37 by
2828 1399 47 29 the
2886 1408 75 29 year.
2999 1399 121 36 Surveys
3129 1399 82 29 made
3220 1399 90 29 under
3319 1399 48 29 the

2899 1437 81 30 Land
2992 1437 131 31 Transfer
3130 1438 62 30 Act.

2975 1515 140 32 Address:

2728 1554 168 34 Broadway,
2916 1554 153 34 Reefton;
3096 1563 57 20 and
3178 1554 190 30 Commercial

2930 1593 113 35 Hotel,
3061 1593 97 30 Lyell

2762 1669 293 32 N.B.—lnstructions
3067 1670 50 32 left
3130 1674 29 28 at
3171 1670 93 32 Times
3272 1670 96 37 Office,

2728 1715 16 22 i
2750 1709 67 34 yell,
2829 1709 57 29 will
2898 1710 106 29 receive
3011 1710 162 30 immediate
3185 1708 148 32 attention.

2858 1792 385 63 Newman's

2803 1905 135 30 OYAL

3070 1907 88 28 AIL
3202 1907 165 31 TINE

2931 1996 50 32 OF
2999 1996 179 33 COACHES

2765 2092 255 31 Thrice-Weekly
3044 2093 124 30 Service
3189 2093 146 31 Between

2818 2140 107 35 Lyell,
2938 2140 136 29 Reefton
3085 2149 57 21 and
3156 2142 127 29 Nelson.

2733 2233 93 29 Leave
2846 2233 84 37 Lyell
2945 2234 44 29 for
3006 2234 106 29 Nelson
3128 2243 85 29 every
3233 2234 138 39 Tuesday,

2733 2280 148 38 Thursday
2888 2281 57 29 and
2956 2282 148 38 Saturday,
3114 2286 30 26 at
3154 2284 64 29 2.80
3226 2293 79 28 p.m.,
3316 2283 57 30 and

2733 2328 82 38 Lyell
2827 2328 42 30 for
2881 2329 140 37 Westport
3034 2330 56 29 and
3103 2330 129 36 Reetton,
3250 2340 38 21 on
3300 2331 54 30 Sun-

2734 2374 65 36 day,
2811 2375 178 36 Wednesday
3001 2376 56 27 and
3071 2377 113 36 Friday,
3192 2381 30 24 at
3233 2378 64 28 9.30
3305 2387 66 18 a.m.

2735 2458 167 37 Passengers
2928 2458 103 30 bookec*
3062 2460 43 30 for
3134 2461 152 38 Hampden
3317 2463 56 28 and

2856 2505 81 31 other
2948 2507 194 30 intermediate
3155 2507 103 38 places.

2908 2582 133 29 Booking
3061 2584 140 29 Offices:

2737 2637 140 42 Westport
3140 2641 134 32 Gilmer's
3286 2643 89 31 Hotel

2736 2688 120 29 Reefton
3098 2690 179 29 Stevenson's
3289 2693 86 27 Hotel

2737 2735 106 30 Nelson
3152 2738 125 29 Masonic
3289 2738 85 30 Hotel

2771 2831 47 30 All
2828 2831 110 40 parcels
2949 2836 77 27 must
3037 2832 34 31 be
3084 2834 125 37 prepaid,
3228 2835 147 30 otherwise

2870 2879 70 37 they
2950 2879 58 30 will
3019 2879 34 30 be
3065 2879 51 30 left
3127 2880 114 30 behind.

3062 2935 40 28 H.
3121 2936 185 34 NEWMAN,

3171 2973 160 36 Proprietor

2801 3060 150 30 LADIES'
2970 3060 50 30 OR
3039 3061 275 31 GENTLEMEN'S

2742 3112 299 65 gADDLE
3109 3114 74 62 ]J
3195 3116 166 42 ACKS
3365 3147 7 18 >

2873 3203 94 37 (Quiet
2978 3204 57 29 and
3046 3204 200 32 Well-broken)

2738 3264 75 31 FOR
2825 3263 99 32 HIRE
2937 3265 52 30 BY
3000 3266 79 29 THE
3093 3266 282 31 UNDERSIGNED

2858 3316 43 30 At
2919 3317 169 29 Inangahua
3105 3318 154 30 Junction.

2773 3417 115 29 Horse's
2900 3420 61 27 sent
2973 3420 37 33 Jto
3023 3417 80 37 Lyell
3116 3420 29 27 at
3163 3427 17 20 a
3192 3422 152 27 moment's

3005 3456 102 30 notice.

2740 3540 199 51 Courtney's
2945 3542 303 42 Accommodation
3257 3544 119 41 House

2740 3599 115 37 Having
2877 3600 86 36 lately
2983 3600 71 28 been
3074 3601 193 36 considerably
3288 3603 88 28 added

2740 3640 29 27 to
2789 3636 56 30 and
2862 3636 155 40 improved,
3029 3637 24 30 is
3072 3647 63 21 now
3147 3647 53 21 one
3211 3638 32 30 of
3257 3639 48 30 the
3318 3640 58 31 best

2740 3676 150 38 appointed
2900 3676 56 30 and
2967 3679 75 27 most
3053 3676 179 31 comfortable
3250 3679 126 30 roadside

2851 3714 111 32 house's
2973 3724 38 22 on
3022 3714 49 31 the
3082 3715 79 31 West
3173 3716 92 30 Coast.

2757 3831 242 33 FRANCIS
3048 3831 313 42 COURTNEY,

2966 3898 192 29 Proprietor.

2084 4013 144 66 The
2265 4013 367 78 Hampden
2674 4013 468 78 Co-operative
3184 4012 192 65 Store

2380 4137 362 77 Company,
2780 4135 315 65 Limited.

2086 4426 113 61 THE
2211 4426 87 30 above
2307 4426 146 38 Company
2462 4426 24 29 is
2497 4434 63 21 now
2570 4425 150 38 supplying
2731 4426 48 29 the
2791 4424 142 39 following
2947 4424 87 38 goods
3042 4427 30 28 at
3082 4433 17 22 a
3111 4425 85 38 slight
3207 4426 123 29 advance
3342 4433 37 22 on

2559 4464 150 26 NELSON
2724 4463 186 27 PRICES:—

2291 4816 38 31 Of
2338 4815 61 32 first
2411 4817 70 30 class
2493 4817 115 39 quality.
2645 4817 25 30 A
2681 4817 90 39 Large
2784 4818 57 30 and
2852 4818 102 31 Varied
2966 4819 176 29 Assortment
3154 4815 32 32 of

2091 4923 202 54 Crockery,
2329 4923 172 41 Earthen
2529 4924 77 40 and
2638 4923 229 49 Glassware,
2904 4924 280 52 Ironmongery,
3212 4922 81 48 &c,
3315 4922 64 39 &c.

2093 5139 125 39 Men's
2251 5137 77 41 and
2363 5137 115 52 Boys'
2517 5135 273 52 Kaipoi-made
2838 5134 206 52 Clothing;
3091 5133 115 48 Hats,
3243 5133 139 48 Shirts,

2190 5190 359 48 Under-Flannels;
2603 5188 176 40 Drawers
2813 5189 74 39 and
2921 5188 146 48 Moles;
3109 5186 176 49 Tweeds,

2288 5243 177 54 Hosiery,
2487 5242 210 50 Blankets;
2726 5242 165 48 Calicos,
2913 5241 140 49 Prints,
3076 5242 92 40 Flan-

2501 5298 93 48 nels,
2615 5298 80 47 &c,
2716 5298 66 39 &c.
2834 5297 145 39 Also—

2254 5374 157 48 Wheat,
2457 5374 109 48 Oats,
2613 5374 117 47 Bran,
2763 5372 120 41 Chaff
2903 5372 76 41 and
3010 5372 195 40 Potatoes.

2126 5590 101 32 Orders
2237 5587 198 41 accompanied
2451 5587 39 41 by
2502 5587 66 32 cash
2580 5586 176 32 remittances
2773 5585 163 41 punctually
2954 5584 132 33 attended
3099 5588 38 35 to,
3150 5584 67 32 and*
3224 5584 87 42 goods
3328 5584 44 31 des-

2091 5631 120 39 patched
2223 5634 30 27 at
2264 5640 17 20 a
2292 5633 140 27 moments
2444 5630 100 29 notice.

2127 5705 86 31 Local
2229 5704 130 39 produce,
2376 5703 143 38 including
2536 5702 105 35 Hides,
2661 5701 96 35 Skins,
2781 5700 97 36 Wool,
2896 5699 128 35 Butter,
3036 5699 57 35 &c,
3106 5699 57 34 &c,
3180 5697 155 39 purchase!
3347 5697 41 30 for

2093 5744 85 29 Cash.

2127 5840 170 31 Murchison,
2311 5838 66 29 15th
2389 5838 85 33 June,
2489 5838 77 28 1885.

2970 5795 35 30 R.
3025 5794 132 36 M'NEE,
3175 5793 109 31 Lessee.

3469 209 146 32 Reefton
3632 210 303 30 Advertisements.

3445 289 219 38 FORSYTH
3685 291 28 36 &
3736 289 230 48 MASTERS,

3445 355 234 29 THOLESALE
3707 356 21 28 &
3756 355 141 29 RETAIL
3916 356 83 32 IRON-

3418 384 4 43 -
3441 384 19 32 /
3609 394 192 33 MONGERS,

3537 446 170 35 Broadway,
3727 447 144 35 Reefton,

3388 499 79 28 Have
3481 507 36 20 on
3530 499 75 28 hand
3624 500 136 36 imported
3781 500 86 29 direct
3884 501 68 29 from
3975 503 47 29 the

3439 537 94 28 Home
3545 536 132 34 markets,
3690 546 15 18 a
3718 537 88 35 Large
3819 539 55 28 and
3888 539 65 30 Well-

3574 575 122 28 assorted
3717 576 83 28 Stock
3812 576 31 29 of

3388 636 169 38 Builders'
3571 636 221 49 Furnishing,
3806 638 136 49 Mining
3955 642 68 37 and

3495 698 148 38 General
3665 698 256 50 Ironmongery,

3390 773 100 29 Which
3513 773 66 36 they
3598 783 46 19 are
3665 775 133 36 prepared
3820 778 30 25 to
3871 777 49 28 sell
3940 781 29 25 to
3980 788 28 19 re-

3402 811 105 29 sidents
3519 812 30 28 of
3558 811 79 38 Lyell
3650 816 29 24 at
3688 813 152 38 extremely
3851 814 53 30 low
3915 816 97 36 prices.

3392 913 154 31 Bickford's
3559 914 82 36 Fuse,
3655 915 92 30 Hall's
3763 915 126 41 Blasting
3901 918 123 39 Powder,

3392 955 124 34 Octagon
3530 955 82 33 Steel,
3625 956 92 28 Ames'
3739 957 125 34 Shovels,
3884 958 67 30 Pick
3968 961 56 28 and

3393 992 138 29 Hammer
3543 992 135 34 Handles,
3692 993 55 34 &c,
3758 998 95 33 agents
3864 995 41 31 for
3914 997 112 31 Nobel's

3629 1032 163 38 Dynamite.

3394 1091 160 35 Furniture,
3584 1092 135 36 Bedding.
3749 1094 114 36 Lamps,
3904 1096 120 39 Cutlery,

3394 1131 172 37 Carpenters'
3580 1131 91 34 Tools,
3690 1129 103 38 Paints,
3815 1134 66 34 Oils,
3903 1136 121 35 Colours,

3531 1170 96 37 Fancy
3639 1169 90 36 Ware,
3742 1172 63 34 &c.;
3823 1173 66 34 also,

3397 1219 24 29 A
3434 1220 88 37 Large
3534 1220 175 31 Assortment
3726 1221 31 30 of
3773 1223 165 31 Galvanised
3949 1226 75 34 Iron,

3498 1259 145 31 Bessemer
3655 1261 55 30 and
3728 1261 104 39 Plough
3852 1263 74 31 Steel

3584 1317 105 28 WIRE
3709 1317 130 30 ROPES.

3500 1367 61 30 SSS
3591 1367 177 31 OCTAGON
3795 1369 128 31 STEEL.

3466 1450 37 42 J.
3559 1451 42 41 B.
3664 1451 130 42 BEE
3813 1451 143 54 CHE,

3542 1561 174 38 Broadway,
3737 1562 149 39 Reeftoit,

3399 1661 341 42 QHAREBROKER,
3777 1665 22 32 &
3836 1663 195 37 GENERAL

3493 1750 258 36 COMMISSION
3785 1752 149 33 AGENT.

3436 1941 150 42 Enquries
3618 1942 46 32 for
3689 1941 91 33 latest
3806 1943 169 40 quotations
4000 1943 32 32 in

3396 1998 118 44 mining
3527 1997 98 37 stocks
3639 1999 151 44 promptly
3802 2000 111 43 replied
3926 2003 42 32 to.

3425 2178 172 24 TELEGRAMS
3618 2180 201 23 IMMEDIATELY
3838 2182 166 22 ANSWERED.

3401 2254 91 62 M*
3501 2255 296 78 Sherry's
3827 2255 211 64 Hotel

3569 2371 79 35 (Late
3667 2370 213 36 M'Quillan's,)

3479 2444 244 38 BROADWAY,
3752 2442 206 35 REEFTON.

3491 2655 154 37 possession
3657 2653 33 31 of
3707 2654 55 30 this
3774 2653 175 31 well-known
3961 2653 77 31 hotel

3401 2692 124 28 business
3537 2693 99 27 wishes
3653 2698 28 22 to
3702 2695 100 24 inform
3822 2693 42 26 bis
3886 2702 150 17 numerous

3401 2729 104 29 friends
3516 2730 56 28 and
3584 2731 47 28 the
3643 2731 144 35 travelling
3796 2729 91 37 public
3895 2729 140 37 generally

3402 2768 61 28 that
3475 2771 35 25 he
3523 2768 109 29 intends
3644 2773 28 24 to
3685 2778 76 27 spare
3773 2777 37 19 no
3825 2768 80 28 effort
3916 2777 29 19 m
3958 2768 79 28 order

3403 2810 28 27 to
3443 2806 81 31 make
3537 2807 55 30 this
3604 2807 72 31 hotel
3689 2807 102 39 replete
3802 2806 67 31 with
3881 2816 84 30 every
3973 2815 46 22 con-

3401 2848 131 28 venience
3544 2848 55 28 and
3613 2851 132 33 comport.

3400 2994 75 35 Ales,
3491 2994 93 31 Wines
3596 2994 59 29 and
3667 2994 105 38 Spirits
3784 2994 35 38 of
3834 2995 68 28 Best
3921 2994 117 30 Brands

3609 3034 66 36 only
3693 3034 136 35 supplied.

3557 3109 124 39 JOHN
3707 3106 251 51 M'SHEERY,

3821 3175 180 21 PROPRIETOR.

3391 3203 1 10 i

3403 3248 214 45 IS*BUY
3645 3249 148 41 PURE
3822 3247 212 43 DRUGS!

3493 3368 63 40 W.
3582 3368 36 40 J.
3649 3369 55 39 M.
3735 3367 223 49 HANSBY,

3406 3430 199 82 FAMILY
3632 3431 84 32 AND
3745 3429 293 35 DISPENSING

3625 3474 196 37 CHEMIST,

3556 3542 165 29 BROADWAY,
3748 3542 140 23 REEFTON.

3403 3589 86 28 Eleve
3501 3589 34 27 de
3546 3590 143 27 Vlnstitut
3699 3591 41 26 St.
3749 3590 136 33 Francois
3897 3589 106 28 Xavier
4005 3608 6 12 %
4020 3597 21 18 a

3554 3627 118 37 Bruges,
3686 3627 30 28 la
3727 3627 163 37 Bclguique.

3497 3678 40 29 M.
3556 3679 33 29 P.
3608 3679 29 30 S.
3656 3679 36 29 N.
3711 3679 41 34 Z.,
3808 3679 40 29 M.
3867 3679 32 29 P.
3916 3678 32 30 C.

3403 3773 110 31 Twelve
3524 3776 89 37 years'
3627 3775 131 30 assistant
3769 3778 29 27 to
3811 3775 52 30 Dr.
3878 3775 123 35 Morice,
4013 3775 33 30 of

3636 3813 181 39 Greymouth.

3438 3888 172 38 Physicians'
3631 3890 198 38 Prescriptions
3853 3890 56 29 and
3930 3888 112 40 Family

3405 3929 128 36 Receipes
3546 3930 156 36 accurately
3711 3930 191 36 compounded
3912 3930 70 28 with
3994 3930 49 29 the

3404 3966 148 28 PUREST
3571 3966 139 30 DRUGS.

3457 4052 179 24 SPECTACLES
3655 4053 37 23 TO
3711 4054 66 22 SUIT
3799 4053 56 23 ALL
3876 4053 113 24 SIGHTS.

3438 4124 90 29 Toilet
3559 4124 163 37 Requisites,
3747 4125 169 38 Perfumery,
3942 4125 102 33 Patent

3406 4162 150 30 Medicines
3568 4163 56 29 and
3636 4164 155 37 Druggists'
3806 4164 141 35 Sundries,
3961 4165 46 28 &c.

3480 4237 109 33 Teeth
3606 4238 196 41 Extracted,
3821 4239 69 42 &c,
3909 4239 59 33 &c.

3407 4313 116 31 IS'All
3531 4313 93 36 Drugs
3634 4313 185 34 Guaranteed,
3829 4314 56 28 and
3895 4318 30 25 at
3935 4314 108 38 greatly

3546 4351 187 28 REDUCED
3751 4351 151 30 PRICES.

3410 4650 149 63 JOB
3580 4652 465 63 PKINTING-

3458 4909 119 49 Every
3602 4909 210 54 description
3837 4911 161 39 executed

3646 5018 55 32 AT
3726 5019 87 31 THE

3412 5128 310 61 LYELL
3760 5129 286 62 TIMES

3478 5285 188 41 CLIFF
3717 5287 264 48 STREET,

3662 5409 150 33 LYELL.
