3300 4360
222 123 269 69 Hot
581 123 447 69 Lakes
1118 123 895 69 Chronicle.

459 387 217 39 JLJSrJD
728 389 505 41 TOURISTS'
2106 390 482 39 CTOTJ^IiT^Xj.

472 501 453 89 Circulating
948 503 454 85 throughout
1425 500 127 69 the
1576 498 288 71 Tourist
1910 499 303 70 Resorts
2262 503 79 68 of
2376 503 126 68 the
2547 502 266 74 World.

89 655 60 18 VOL.
164 656 19 17 4.
213 654 40 19 No.
270 656 34 16 201

1265 652 139 22 ROTORUA,
1420 652 59 22 N.Z.,
1497 651 185 21 WEDNESDAY,
1700 650 124 19 OCTOBER
1837 651 19 21 7,
1874 652 48 16 1896

2864 656 292 24 PEICE—THREEPENCE

154 800 49 25 Do
215 799 57 26 not
284 798 120 31 Forget

154 845 251 47 CRAIG'S

66 894 25 37 M
117 911 166 20 CURIOSITY
303 910 80 19 SHOP
402 908 47 19 and

211 938 142 22 MUSEUM,

66 976 24 30 iv.
141 980 113 24 Opposite
262 978 79 19 Grand
348 976 77 23 Hotel,

103 1020 128 27 PRINCES
242 1020 44 28 ST,
298 1016 160 29 AUCKLRNf

155 1143 141 17 INSUR9
322 1141 93 16 iAiITH

68 1180 51 15 THE
124 1178 82 17 SOUTH
214 1176 97 17 BRITISH
319 1174 77 18 FIUE&
405 1173 99 17 MARINE

143 1200 42 16 Coy.
195 1199 30 16 OF
236 1198 56 16 NEW
301 1196 122 17 ZEALAND.

67 1231 75 16 Capital
400 1224 103 20 £1,900,000

112 1258 95 18 Unlimited
221 1257 75 20 liability
305 1256 19 16 of
331 1255 128 17 Shareholders.

67 1281 57 21 Being
133 1286 8 11 a
152 1280 76 16 Colonial
242 1279 103 15 Institution
359 1276 63 17 Trofits
435 1280 29 11 are
476 1275 18 16 in-

218 1300 59 17 vested
282 1299 70 21 locally.

67 1324 51 16 Head
134 1324 58 18 Oflice,
413 1317 91 17 Auckland

67 1345 52 17 Local
129 1345 53 18 agent
361 1340 11 17 J
390 1340 27 18 W.
425 1339 80 21 Wrigley

70 1411 164 43 ROTOROA
256 1410 92 42 BOOT
371 1409 25 40 &
414 1407 91 42 SHOE
528 1407 3 47 ■

70 1871 19 19 A
109 1871 68 25 Large
197 1870 61 19 Stock
279 1870 21 19 of
318 1869 95 22 German,
430 1865 79 21 French

141 1896 40 20 and
191 1896 92 20 Colonial
294 1896 63 18 Boots
368 1894 76 25 always

237 1922 21 20 in
275 1922 68 19 Stock.

74 1961 68 20 BEST
152 1960 155 20 MATERIAL.
345 1957 68 21 BEST
423 1956 87 20 WORK

151 2001 161 20 AUCKLAND
323 1999 107 19 TRICES.

72 2081 166 23 Hand-sewn
249 2080 80 22 Boots
339 2086 15 16 a
369 2077 139 30 Specialty.

77 2152 211 45 Rotorua
313 2145 197 50 Sawmill

164 2207 249 55 Company.

84 2295 119 19 CY7.HITE
216 2295 55 17 AND
289 2293 53 18 RED
361 2292 63 18 PINE
444 2291 19 17 of
479 2291 33 17 tlio

89 2317 11 20 >
107 2316 11 22 }
162 2319 54 16 finest
228 2317 73 22 quality
311 2316 39 18 and
364 2315 92 21 carefully
473 2316 38 15 cut.

262 2340 65 17 ALSO

75 2370 90 24 Matai,
197 2369 129 27 Pukatea,
356 2366 52 23 and
434 2366 80 22 Tawa

115 2400 131 29 Shingles,
258 2399 117 28 Palings,
390 2396 96 22 Blocks

220 2429 53 24 and
280 2429 84 22 Posts-

101 2463 19 19 A
133 2462 54 26 good
199 2462 40 18 and
251 2460 90 19 assorted
352 2458 75 25 supply
437 2458 77 24 always

75 2497 26 12 on
110 2489 56 19 band
176 2490 21 17 at
207 2491 35 15 trio
252 2486 84 19 Timber
346 2485 64 23 Yard,

201 2519 184 18 ROTORUH.

77 2551 52 20 N.B.
131 2549 108 26 —Special
249 2555 45 13 care
305 2548 64 19 taken
379 2546 21 19 in
418 2546 35 18 the
471 2551 33 13 sea-

253 2575 80 24 soning.

77 2615 107 20 PRICES
199 2613 39 19 AT
251 2610 146 21 CURRENT
410 2608 104 19 RATES.

115 2646 39 19 W.
172 2643 169 22 HENSEAW,
352 2642 119 22 Manager.

80 2791 25 33 C
124 2784 392 39 AB.PEKTSH,

185 2838 106 20 FENTON
308 2836 103 21 STREET,

174 2888 110 21 Opposite'
326 2888 80 19 Grand.

105 2926 68 19 Sashes
181 2925 55 19 made
245 2926 20 16 to
274 2924 61 18 order.

112 3057 3 27 i
134 3063 63 20 tBER
220 3062 60 19 AND
310 3057 209 23 HAIRDRESSER,

82 3104 91 44 BIGS
185 3105 21 18 to
217 3108 106 14 announce
334 3100 45 19 that
386 3099 26 19 ho
423 3098 38 20 has
468 3104 41 12 com-

151 3129 83 20 menced
246 3128 94 20 business
350 3126 21 19 in
383 3126 34 18 the
435 3125 51 24 shop
500 3123 21 19 in

84 3161 32 18 the
133 3156 32 20 old
182 3160 60 18 town,
263 3153 98 24 formerly
381 3150 96 25 occupied
495 3149 27 24 by

150 3177 2 27 •
163 3183 88 21 Fadven,
261 3180 87 22 saddler,
366 3178 42 19 and
423 3177 65 24 hopes
502 3177 20 17 to

119 3205 1 26 ,
154 3217 8 12 a
176 3211 59 16 share
247 3208 21 18 of
277 3206 36 19 the
324 3205 70 26 public
404 3205 91 23 support.

167 3240 161 22 RAZORS
357 3238 78 19 SET.

108 3313 22 17 A
139 3310 84 20 Choice
235 3305 153 22 Assortment
402 3304 26 18 of
439 3303 71 19 Tobac-

85 3341 46 17 cos,
142 3335 86 25 Cigars,
240 3330 131 24 Cigarettes
379 3328 20 18 &
407 3326 99 20 Smoker
512 3330 12 13 s

155 3357 70 19 Lsites.

87 3505 124 24 Plumber
228 3502 22 23 &
261 3499 114 26 General
387 3495 138 25 Mechanic

137 3676 137 43 HORACE
296 3669 181 46 STEWART.

126 3742 73 20 DDLE,
213 3738 127 20 HARNESS,
355 3735 54 19 AND
427 3731 101 20 COLLAR

261 3769 101 20 MAKER,

134 3806 183 22 PENTON-ST.,
332 3800 154 23 ROTORUA.

93 3894 104 22 Saddles,
213 3892 96 21 Bridles,
325 3888 95 21 Collars,
435 3883 92 22 Chains,

131 3934 33 19 lits
180 3933 80 24 Spurs,
268 3930 106 21 Harness
387 3927 69 22 Soap,
465 3925 39 18 &c.

116 4007 119 20 Conchaline,
245 4012 11 11 a
272 4000 116 26 waterproof
404 3996 126 26 preservative

167 4027 2 20 ■
180 4038 8 9 ;i
194 4027 1 20 ,
207 4027 2 20 |
230 4029 19 18 of
261 4027 79 20 leather.

150 4062 51 21 Leinc,
221 4067 7 12 a
245 4058 73 25 perfect
333 4054 97 20 lubricant
445 4054 30 16 for
490 4057 30 12 car-

173 4083 2 25 .
195 4092 9 4 ■•
216 4088 52 20 goris,
279 4083 33 17 &c.

201 4122 28 12 lmi
230 4115 23 18 dc
267 4116 20 15 to
300 4115 85 15 measure
399 4113 26 13 on
440 4106 33 19 the
488 4109 32 19 pre-

201 4139 80 16 ,.;;ii;,v.
321 4130 125 32 Lengthened
457 4133 61 18 exp0n-

181 4163 96 16 .;:,.,,,,„,
287 4158 20 19 of
313 4150 95 27 Saddler's
418 4153 57 17 work.
500 4150 30 18 All

816 914 281 50 ROTORUJI
1143 913 127 46 .NEW
1306 910 274 47 ZEJIUMD.

534 1002 28 28 J)
571 1002 178 19 OTORUA.—This
758 1004 106 17 wonderful
871 1004 74 17 district
952 1004 15 18 is
976 1003 130 23 unparalleled
1113 1003 20 17 in
1142 1003 32 17 the
1183 1002 70 18 known
1262 1001 60 17 world
1331 1002 29 16 for
1367 1001 33 17 the
1409 1001 80 17 number
1498 1000 38 17 and
1544 1000 73 21 variety
1626 1000 20 17 of
1654 1000 24 16 its
1686 998 88 18 Thermal
1783 998 85 23 Springs.

526 1027 43 18 .Li
594 1027 25 15 As
628 1032 12 10 a
647 1026 66 17 health
722 1028 60 16 resort
790 1028 24 16 its
822 1028 110 21 popularity
940 1028 16 16 is
964 1027 75 22 rapidly
1047 1027 112 21 increasing,
1169 1026 38 16 and
1220 1026 43 16 that
1277 1025 80 22 entirely
1374 1030 25 11 on
1411 1024 26 17 its
1454 1030 43 11 own
1513 1023 71 21 merits,
1602 1028 21 12 as
1638 1023 84 16 hitherto
1738 1022 82 22 nothing
1835 1021 35 17 has

526 1051 46 15 been
581 1049 49 17 done
638 1049 20 16 in
667 1049 32 17 the
707 1055 42 17 way
758 1051 20 16 of
786 1051 122 23 advertising.

548 1072 86 17 Patients
643 1072 90 23 suffering
741 1074 49 16 from
799 1074 86 20 Chronic,
897 1074 100 19 Articular,
1007 1073 37 16 and
1052 1072 98 17 Muscular
1157 1072 129 19 rheumatism,
1298 1071 56 18 Gout.
1364 1070 101 17 Rhumatic
1473 1070 56 18 Gout,
1544 1069 46 17 Skin

524 1095 57 23 bago,
600 1095 110 22 Neuralgia,
728 1096 86 18 Nervous
830 1097 126 19 Exhaustion,
974 1096 78 17 Uterine
1068 1096 99 19 Ailments,
1185 1094 38 18 and
1239 1094 57 22 tardy
1312 1094 141 17 convalesceuse
1470 1093 49 17 from
1536 1093 54 17 acute
1606 1098 81 11 diseases
1703 1098 43 15 may
1763 1098 39 10 rciv
1821 1098 50 15 upon

525 1119 100 22 obtaining
633 1119 91 17 immense
732 1119 59 22 relief,
801 1121 39 16 and
847 1121 21 16 in
874 1121 32 16 the
915 1120 90 22 majority
1014 1119 20 17 of
1043 1124 50 12 eases
1102 1125 11 11 a
1122 1118 91 22 complete
1223 1123 50 11 cure.

548 1180 54 16 THE
615 1179 112 18 PRIEST'S
735 1180 147 17 BATH.—This
890 1181 16 16 is
914 1180 88 22 strongly
1011 1180 47 17 aeid.
1073 1179 110 19 aluminous,
1200 1178 80 22 sulphur
1297 1178 64 19 water,
1379 1177 65 22 acting
1461 1183 20 11 as
1498 1183 11 11 a
1525 1176 93 23 powerful
1635 1176 42 17 skin
1693 1175 104 18 stimulant.
1830 1175 42 17 Hot

525 1202 39 18 and
573 1202 42 18 cold
624 1202 87 20 showers,
721 1203 37 17 and
767 1204 82 17 douches
858 1210 31 11 are
898 1203 91 22 provided
997 1203 38 17 and
1043 1202 126 21 comfortably
1177 1201 87 17 enclosed
1273 1201 86 22 dressing
1367 1206 61 12 rooms

549 1225 115 17 MADAME
685 1226 125 18 RACHEL'S
830 1227 146 17 PATH.—This
985 1226 105 17 celebrated
1099 1225 70 23 Spring
1176 1225 16 16 is
1201 1230 12 12 a
1228 1224 62 17 Saline
1305 1225 58 16 water
1376 1223 47 17 with
1440 1223 91 20 Silicates,
1546 1223 37 16 and
1596 1222 34 17 has
1647 1228 24 11 an
1684 1221 82 18 alkaline
1781 1221 90 18 reaction.

525 1249 40 18 The
574 1250 59 16 water
641 1249 15 16 is
666 1249 39 17 also
713 1249 46 17 us>d
767 1250 103 22 internally
879 1251 29 16 for
916 1250 25 17 its
949 1249 98 18 boneiicial
1055 1249 63 17 action
1127 1254 24 11 on
1159 1248 32 17 the
1200 1248 85 21 kidneys.

549 1272 53 17 THE
623 1272 69 17 BLUE
712 1272 146 19 BATH.—This
874 1274 15 17 is
906 1274 32 16 the
955 1272 71 23 largest
1042 1272 76 17 natural
1134 1271 108 22 swimming
1258 1270 47 17 bath
1320 1270 19 17 in
1355 1270 31 17 the
1403 1269 95 18 Southern
1506 1269 131 22 Hemisi>here.
1663 1269 19 16 It
1691 1268 68 17 affords
1767 1267 106 17 rheumatic

525 1295 82 17 invalids
616 1301 11 11 a
635 1301 64 11 means
708 1296 20 16 of
736 1296 68 21 taking
812 1297 81 21 painless
903 1296 87 18 exercise,
1000 1295 61 17 which
1070 1295 45 22 they
1123 1294 69 23 highly
1200 1293 113 23 appreciate.

550 1319 52 16 THE
612 1318 122 18 SULPHUR
743 1319 106 17 VAPOUR
858 1319 101 17 BATH.—
959 1319 45 17 This
1010 1319 15 17 is
1031 1324 11 11 a
1048 1317 76 18 natural
1130 1317 34 18 hot
1168 1323 79 16 vapour,
1254 1317 68 21 highly
1328 1315 83 23 charged
1416 1315 46 18 with
1469 1316 79 21 sulphur
1557 1321 60 17 gases,
1630 1314 104 18 conducted
1747 1314 40 17 into
1802 1319 12 12 a
1827 1319 34 17 pro-

525 1341 55 23 perly
589 1342 120 17 constructed
718 1342 57 19 chest,
785 1343 20 16 in
814 1343 59 16 which
881 1343 32 16 the
920 1343 32 16 the
958 1343 74 21 patient
1040 1342 39 19 sits,
1089 1341 56 16 while
1153 1347 11 10 a
1171 1342 69 15 stream
1247 1340 19 17 of
1272 1340 87 22 palpable
1368 1339 80 22 sulphur
1454 1339 14 16 is
1474 1339 59 21 being
1538 1338 107 22 constantly
1651 1336 97 24 deposited
1753 1343 25 11 on
1784 1337 33 17 the
1824 1337 48 17 skin.

550 1365 53 17 THE
623 1365 61 17 NEW
705 1365 121 18 SULPHUR
847 1365 146 18 BATH.—This
1005 1365 16 17 is
1034 1371 11 11 a
1057 1370 45 17 very
1115 1365 65 20 strong
1192 1363 60 17 acidic
1263 1364 59 16 water
1335 1363 20 17 of
1366 1362 47 21 high
1426 1363 133 21 temperature,
1573 1361 38 17 and
1627 1361 87 22 strongly
1730 1359 143 19 recommended

525 1388 21 17 in
563 1394 51 11 cases
631 1388 20 17 of
666 1388 124 18 rheumatism
798 1389 38 17 and
844 1389 57 17 allied
910 1389 86 17 diseases.
1021 1388 39 17 The
1068 1387 47 17 bath
1129 1387 59 17 house
1204 1387 16 17 is
1237 1385 75 18 divided
1328 1386 41 17 into
1385 1385 68 17 Ladies
1469 1385 39 17 and
1524 1385 121 17 Gcntlemens
1661 1384 128 22 departments
1804 1383 37 17 and
1858 1383 15 17 is

527 1411 78 23 capable
614 1411 20 17 of
642 1412 163 22 accommodating
813 1414 34 15 -100
856 1413 76 16 bathers
942 1412 57 22 daily.

551 1435 53 16 THE
613 1434 163 19 ELECTRICAL
785 1435 253 17 DEPARTMENT.—This
1047 1434 120 22 department
1181 1433 16 18 is
1214 1433 72 22 replete
1302 1432 47 17 with
1362 1432 33 17 the
1411 1432 50 17 most
1475 1432 78 17 modern
1570 1431 106 22 appliances
1693 1431 29 16 for
1738 1430 88 23 carrying
1841 1430 33 17 out

527 1458 76 17 various
612 1458 58 16 forms
680 1458 19 16 of
707 1458 79 17 medical
795 1459 94 16 electrical
898 1459 102 16 treatment
1008 1458 18 16 in
1036 1458 50 16 their
1096 1456 87 23 entirety.

552 1481 53 17 THE
612 1481 189 18 HYDROPATHIC
809 1482 116 17 PACKING
931 1481 54 17 AND
993 1481 118 17 MASSAGE
1117 1479 225 18 DEPARTMENT.—A
1349 1479 55 17 scries
1409 1478 20 17 of
1435 1484 63 11 rooms
1505 1484 31 11 are
1545 1478 97 17 furnished
1651 1477 37 17 and
1697 1478 27 16 set
1731 1477 54 21 apart
1792 1477 30 16 for
1828 1476 46 17 each

528 1510 39 14 sex,
574 1504 20 17 in
600 1504 55 17 order
661 1505 19 16 to
689 1510 54 17 carry
748 1507 35 15 out
791 1505 37 17 this
834 1505 104 22 important
945 1505 80 21 adjunct
1029 1505 20 16 to
1056 1505 107 16 treatment.
1169 1503 39 17 The
1214 1503 79 17 services
1300 1502 19 17 of
1324 1509 11 10 a
1340 1502 89 23 qualified
1435 1502 96 17 Masseuse
1537 1502 37 16 and
1580 1501 85 18 Masseur
1673 1506 30 11 are
1712 1500 114 17 obtainable.

529 1561 90 17 Resident
628 1560 107 22 Engineer:

599 1583 117 18 CAMILLE
728 1584 133 20 MALFROY,
872 1583 45 20 Esq.

1421 1558 92 17 Resident
1520 1552 81 23 Medical
1612 1552 168 26 Superintendent:

1500 1581 102 17 ALFRED
1616 1580 119 20 GINDEKS,
1749 1580 54 17 M.D.

906 1870 63 23 from
989 1870 121 27 Rotortta,
1132 1867 135 32 adjoining
1281 1867 149 30 interesting
1441 1867 82 23 native
1535 1866 143 24 settlement.

1056 2026 68 22 PA
1148 2025 24 23 T
1187 2025 24 23 R
1233 2024 21 24 O
1272 2025 33 22 N
1322 2023 20 24 S
1353 2032 9 17 ;

675 2069 54 18 Earl
753 2067 27 20 of
802 2067 107 23 Kintore,
936 2066 56 18 Earl
1016 2066 26 18 of
1065 2065 99 23 Onslow,
1186 2064 105 24 Marquis
1313 2064 25 18 of
1357 2063 129 23 Drogheda,
1509 2062 61 19 Lord
1592 2062 144 22 Carrington.

534 2101 89 47 THIS
637 2100 93 20 HOTEL
739 2100 38 19 has
788 2100 89 23 receutly
887 2100 52 17 been
950 2098 141 24 considerably
1101 2097 103 24 enlarged,
1215 2096 117 23 renovated,
1343 2095 41 19 and
1393 2095 131 19 refurnished
1534 2094 113 25 regardless
1656 2094 21 18 of
1694 2099 92 18 expanse,
1806 2093 40 18 and
1863 2093 17 18 is

601 2127 74 25 widely
684 2127 74 18 known
769 2127 32 18 for
812 2126 26 18 its
847 2125 101 19 excellent
957 2124 178 21 accommodation,
1147 2123 88 22 Cuisine,
1249 2123 33 18 &c.

911 2159 75 23 Here
999 2167 45 15 are
1055 2158 40 24 the
1110 2157 80 31 Chief
1198 2157 88 31 Sights
1298 2156 32 32 of
1337 2157 40 23 the
1390 2156 118 23 District.

665 2203 46 17 The
720 2201 142 19 Wonderful
871 2201 81 17 Steam
960 2199 47 19 and
1016 2199 49 18 Hot
1073 2198 83 19 Water
1165 2197 130 24 Petrifying
1304 2197 99 23 Geysers
1417 2197 80 23 playing
1509 2196 67 22 nearly
1594 2196 32 16 100
1642 2196 38 16 feet
1696 2194 52 22 high.

534 2226 134 24 Petrifying
677 2225 105 23 Geysers,
794 2224 129 19 Cauldrons
932 2223 27 18 of
965 2222 91 23 Boiling
1065 2222 57 18 Mud
1131 2222 46 17 and
1186 2221 42 19 Oil.
1254 2221 76 23 Spout
1340 2220 64 20 Bath,
1416 2220 36 18 Oil
1460 2219 66 22 Bath,
1537 2219 70 18 Alum
1617 2218 60 18 Bath
1686 2218 19 18 &
1720 2218 60 17 Jack
1787 2223 12 13 s
1812 2218 67 18 Bath.

534 2251 82 18 Known
627 2251 32 18 for
667 2250 33 17 the
708 2248 155 19 extraordinarv
871 2253 57 12 euros
936 2248 21 17 of
966 2246 149 23 Hheumatisni,
1127 2245 119 24 Neuralgia,
1256 2244 113 25 Lumbago,
1378 2244 91 23 Sciatica,
1479 2243 88 24 Kidney,
1580 2241 60 20 Liver
1648 2241 41 19 and
1695 2241 57 19 other
1761 2242 120 24 complaints

652 2283 42 47 C.
721 2284 41 45 E.

948 2338 103 26 Guide

1348 2335 125 32 Sophia.

1484 2276 279 56 Proprietor.

959 2495 39 23 On
1022 2495 40 23 the
1086 2495 90 23 Direct
1199 2494 81 23 Route
1301 2497 22 19 to
1343 2494 118 22 Rotorua-

773 2537 46 19 For
836 2537 107 22 Scenery,
959 2535 109 19 Curative
1080 2534 131 23 Properties
1221 2534 26 18 of
1253 2534 40 18 the
1303 2533 72 18 Baths
1385 2532 45 19 and
1440 2531 206 23 accommodation,

682 2568 123 26 EXCEL
836 2568 70 24 ALL
939 2567 140 25 PLACES
1111 2566 46 25 OF
1186 2566 75 25 THE
1296 2565 86 25 KIND
1416 2565 32 25 IN
1480 2564 74 25 THE
1587 2563 159 25 COLONY.

565 2635 66 19 These
642 2634 92 25 Springs,
745 2632 67 20 which
822 2632 32 18 for
865 2631 53 19 their
937 2631 96 19 Curative
1042 2630 117 25 Properties
1169 2629 40 19 and
1219 2629 138 19 Comfortable
1367 2628 96 25 Fittings,
1475 2628 52 18 have
1539 2627 49 19 been
1606 2627 128 25 pronounced
1750 2627 28 24 by
1794 2627 27 18 all
1838 2627 45 19 who

539 2662 52 18 have
611 2660 74 19 visited
704 2660 56 18 them
777 2664 75 13 bKooxD
870 2664 24 12 to
912 2663 53 14 none
983 2663 22 13 in
1021 2656 52 20 New
1090 2656 105 19 Zealand.
1224 2655 42 19 The
1280 2661 110 12 numerous
1400 2654 135 18 testimonials
1545 2653 91 19 received
1647 2660 21 12 as
1680 2657 20 15 to
1710 2653 54 19 their
1774 2660 57 12 cures
1842 2653 41 18 and

539 2688 85 18 comfort
637 2686 74 19 should
729 2686 26 18 be
772 2685 100 19 sufficient
890 2686 20 16 to
926 2683 73 19 induce
1014 2683 92 18 Tourists
1122 2681 40 19 and
1175 2681 68 19 others
1260 2683 20 17 to
1290 2681 48 19 visit
1349 2681 62 18 them.
1440 2680 32 19 No
1483 2683 58 16 extra
1550 2679 75 25 charge
1635 2679 18 19 is
1662 2679 59 19 made
1731 2679 32 19 for
1772 2679 35 19 the
1817 2686 36 11 uso
1863 2679 21 18 of

539 2714 35 18 the
585 2713 61 19 baths
656 2715 20 16 to
686 2718 83 19 persons
780 2711 82 24 staying
872 2712 20 16 at
902 2710 34 18 the
946 2709 62 19 hotel.

859 2757 83 25 THE
967 2744 218 38 OKOR^IRE
1186 2742 20 3 _
1216 2753 284 27 SANATORIUM

567 2801 21 19 Is
598 2800 110 20 connected
717 2799 50 19 with
778 2799 34 19 the
822 2798 135 25 Telegraphic
967 2800 75 22 system
1052 2797 21 19 of
1083 2797 34 18 the
1128 2796 81 24 Colony,
1221 2796 34 19 the
1263 2795 115 25 Telegraph
1390 2795 61 18 Office
1461 2794 108 25 adjoining
1580 2794 34 19 the
1625 2794 69 18 Hotel.
1723 2793 35 19 All
1765 2794 119 25 Telegrams

541 2827 103 26 promptly
653 2826 78 24 replied
740 2829 27 15 to.

568 2853 96 22 Coaches,
676 2852 98 24 Buggies,
786 2850 40 19 and
837 2850 141 24 Conveyances
988 2850 21 18 of
1019 2849 26 18 all
1055 2848 61 19 kinds
1134 2848 57 19 leave
1209 2848 41 18 this
1268 2847 63 19 Hotel
1347 2853 25 12 on
1392 2846 110 25 Tuesdays,
1524 2846 123 24 Thursdays,
1667 2846 39 18 and
1725 2846 119 24 Saturdays,
1863 2852 21 12 or

541 2879 55 25 daily
607 2879 16 18 if
635 2878 101 25 required.
778 2877 88 19 Persons
885 2883 25 11 en
929 2879 57 15 route
1005 2876 32 18 for
1054 2874 92 20 Eotorua
1160 2881 34 12 are
1213 2874 104 18 therefore
1336 2872 85 20 enabled
1444 2876 17 15 to
1482 2872 47 19 visit
1540 2872 34 18 the
1590 2872 90 18 wonders
1691 2871 21 19 of
1725 2871 103 24 Okoroire,
1845 2871 39 19 and

542 2906 61 25 enjoy
613 2906 36 18 the
659 2904 88 19 Natural
757 2903 44 19 Hot
811 2902 66 19 Baths
885 2902 41 18 and
934 2908 12 12 a
955 2902 57 24 day's
1023 2904 40 16 rest
1073 2900 94 26 previous
1177 2904 20 14 to
1209 2899 138 25 undertaking
1357 2906 12 12 a
1378 2899 88 25 journey
1476 2901 21 17 to
1507 2899 35 18 the
1553 2898 74 19 Lakes.

1101 2949 82 15 THIS
1209 2948 120 17 HOTEL

714 2980 45 19 Has
767 2979 91 24 recently
868 2978 50 18 been
929 2978 85 23 erected,
1024 2977 39 19 and
1077 2977 17 19 is
1104 2977 76 25 replete
1191 2977 50 19 witli
1257 2983 60 16 every
1327 2976 86 18 comfort
1422 2975 32 18 for
1464 2975 92 19 Tourists
1567 2974 38 19 and
1616 2974 98 19 Invalids.

571 3006 186 21 Note.—Tourists
766 3008 22 16 to
797 2999 103 28 Hotorua!
929 3004 30 22 Be
969 3010 46 12 sure
1028 3006 21 16 to
1065 3003 47 19 tako
1131 3010 51 17 your
1200 3003 84 24 railway
1304 3002 72 19 tickets
1394 3002 32 18 for
1443 3001 114 19 Okokoike.
1595 3000 141 26 Conveyances
1750 3002 54 17 meet
1822 2999 63 20 trains

543 3034 104 23 Okoroire,
659 3033 94 24 carrying
763 3037 122 20 passengers
895 3033 20 15 to
925 3029 65 19 Hotel
999 3030 42 18 free
1057 3029 21 18 of
1087 3029 80 24 charge.

1065 3063 18 18 T
1097 3062 90 44 «N.
1285 3087 18 8 -
1400 3087 18 8 -
1515 3060 252 46 Manager.

805 3411 245 42 EXPRESS
1086 3411 135 38 LINE
1257 3410 70 40 OE
1364 3408 265 40 COACHES.

548 3466 229 57 Carrying
796 3464 96 46 .Her
919 3463 253 56 .Majesty's
1207 3461 136 46 .Mails
1375 3472 52 35 as
1465 3472 84 44 per
1578 3459 301 47 Time-tables

548 3621 25 17 To
583 3619 58 19 Puke,

548 3644 92 17 Rotorua,

548 3667 92 17 Rotorua,

548 3690 26 16 Te
583 3688 59 20 Puke,

549 3713 25 17 To
583 3711 60 19 Puke,

549 3737 107 18 Tauranga,

711 3534 276 20 TAURANGA-ROTORTJA
999 3534 69 16 LINE.

708 3568 63 23 lopart
818 3565 87 23 Tuesduy
913 3565 38 17 and
959 3564 94 22 Saturday
1108 3565 11 15 8
1128 3570 43 11 a.m.

708 3592 54 16 irrive
851 3602 12 8 ~
892 3583 3 27 '
1006 3600 12 9 »
1068 3588 51 16 10.30
1128 3593 43 11 a.m.

708 3615 61 22 lepart
850 3626 12 7 ~
1006 3624 12 7 ~
1068 3611 26 16 10-
1096 3612 23 14 45
1128 3617 43 10 a.m.

708 3638 57 17 irrive
850 3648 11 7 ~
1005 3647 12 7 ,>
1109 3634 10 16 G
1126 3639 45 16 p.m.

708 3661 60 22 lepart
814 3657 87 23 Monday
917 3656 38 18 and
971 3656 70 22 Friday
1108 3657 9 16 7
1127 3662 44 11 a.m.

708 3684 52 17 .rrive
848 3694 12 8 ~
1004 3693 12 7 ,-
1066 3680 51 15 12.30
1126 3685 45 16 p.m.

708 3707 59 22 lepart
848 3717 11 8 ~
1004 3715 11 8 ~
1065 3702 51 17 12.45
1126 3708 45 15 p.m.

708 3730 54 18 irrive
846 3741 12 7 ~
1002 3738 11 9 »
1077 3725 40 17 •>•!<>
1126 3730 18 16 P-
1147 3731 17 11 m
1167 3725 4 23 -

1398 3531 218 18 ROTORUA-TATJPO
1632 3531 70 17 LINE.

1221 3564 84 17 Rotorua
1360 3563 68 22 depart
1610 3562 37 17 and
1669 3561 94 23 Saturday

1221 3587 98 17 Ateamuri
1362 3586 66 22 depart
1524 3599 12 7 ~
1703 3598 11 7 ~

1220 3610 94 17 Wairakoi
1361 3609 67 22 depart
1523 3622 12 7 ~
1701 3621 12 7 ~

1220 3633 71 22 Taupo,
1363 3632 60 16 arrive
1523 3645 12 7 ~
1701 3643 11 7 ~

1219 3656 72 22 Taupo,
1363 3655 67 21 depart
1477 3654 99 22 Thursday
1591 3654 37 17 and
1644 3654 84 21 Monday

1219 3678 94 18 Wairakoi
1364 3678 67 21 depart
1526 3690 12 7 ~
1704 3689 11 7 ~

1220 3701 104 20 Ateamuri,
1365 3701 67 21 depart
1527 3713 12 7 ~
1705 3712 12 7 ~

1220 3725 90 19 Rotorua,
1364 3723 60 17 arrive
1527 3735 12 8 ~
1705 3735 12 7 ~

718 3783 126 35 Special
858 3782 228 31 Conveyances
1099 3779 158 32 arranged
1270 3779 48 25 tor
1331 3779 33 24 at
1376 3778 54 25 the
1445 3778 146 25 Shortest
1603 3777 120 25 Notice.

875 3817 200 28 STABLES:
1094 3816 169 26 Tutanekai
1292 3815 110 30 Street,
1426 3815 143 25 Rotorua.

714 3862 114 34 Buggies,
846 3861 118 26 Gecicr-ief,
982 3858 50 33 ar?d
1050 3857 95 28 Saddle
1273 3864 30 24 or?
1322 3855 50 32 tyre
1390 3864 31 23 or?
1439 3855 45 32 tfye
1502 3855 119 31 (Shortest
1640 3854 93 32 %>tice.

1036 3899 129 16 TERMS
1193 3896 216 19 MODERKTe.

902 3931 144 30 Telegrams
1058 3928 52 23 and
1120 3928 99 23 Letters
1228 3926 149 32 punctually
1390 3925 118 23 attended
1516 3927 30 21 to.

553 4007 29 27 N
595 4007 26 26 B
666 4002 114 27 Please
792 3999 76 25 note
880 3996 132 26 address

673 4043 61 64 e.
785 4032 459 74 ROBCRTSON
1291 4032 49 64 &
1374 4031 127 65 CO.,
1540 4037 233 45 Rotorua.

884 4112 306 47 contractors
1213 4104 77 47 for
1304 4104 182 47 .Messrs
1506 4103 44 45 T.
1574 4102 126 47 Cook.
1721 4101 160 55 &.Son

2798 720 214 45 IMPERIAL
3066 726 121 41 HOTL.

2839 776 122 23 PORT
2984 779 194 23 STREET.

2930 816 158 20 AUCKLAND.

2824 877 95 25 Splendid
2935 880 164 20 accommodation
3111 882 32 19 for
3155 882 48 19 Tour-

2799 903 35 18 ists
2843 903 39 19 and
2892 903 115 22 Travellers.

2815 941 180 32 High-class
3014 944 108 26 Wines
3144 946 61 25 and

2909 975 113 31 Spirits
3034 977 82 32 kept.

2845 1054 39 25 W.
2919 1055 30 24 H.
2979 1056 200 31 PEARCE,

2925 1093 174 31 Proprietor.

2803 1148 46 26 W.
2863 1149 36 25 H.
2918 1149 29 25 &
2965 1137 260 48 HT^or^Wriglit.

2875 1198 128 20 SURGEON
3017 1200 135 20 DENTISTS.

2848 1267 121 23 (Successors
2980 1268 19 17 to
3010 1267 24 19 A.
3046 1267 22 20 L.

2831 1300 72 23 Notify
2911 1300 45 19 that
2965 1300 47 25 they
3022 1308 33 12 are
3064 1303 119 24 continuing
3194 1304 33 18 the

2806 1325 95 19 Business
2911 1328 21 17 at
2940 1326 33 19 the
2983 1326 98 21 Premises
3091 1329 34 24 top
3132 1329 20 18 of
3159 1329 58 18 Short-

2806 1351 126 19 land-street.
2959 1352 40 19 The
3010 1353 110 23 hijrh-class
3137 1355 54 18 work
3208 1355 21 19 of

2806 1377 34 19 the
2849 1377 41 19 late
2900 1378 32 18 Mr
2942 1377 23 18 A.
2975 1378 22 19 L.
3010 1378 81 26 Wright
3102 1380 40 19 will
3152 1380 25 19 be
3194 1381 24 18 ad-

2806 1403 61 18 hered
2877 1406 25 20 to,
2914 1404 40 18 and
2963 1411 43 19 any
3017 1404 36 19 left
3071 1406 113 19 unfinished
3203 1407 26 24 by

2807 1430 43 18 that
2860 1430 115 24 gentleman
2986 1424 39 25 frill
3036 1431 24 18 be
3075 1432 111 24 completed
3203 1432 27 25 by

2843 1543 22 24 J.
2886 1543 30 25 H.
2938 1543 260 33 BUCHANAN,

2881 1592 94 26 Stone
2989 1594 170 26 Merchant

2833 1688 116 22 Statuary,
2975 1688 159 20 Monumental
3165 1691 46 17 and

2925 1711 95 18 General
3030 1712 87 19 Mason.

2810 1746 105 18 MARBLE
2925 1747 15 17 &
2944 1747 147 19 FREESTONE
3100 1748 134 18 CHIMNEYS

2834 1769 94 20 PIECES,
2945 1770 124 21 MANTELS,
3083 1771 84 20 YASES,
3179 1773 30 17 &c.

2839 1803 135 26 VICTORIA
2992 1805 115 25 STREET
3126 1806 80 28 EAST,

2815 1842 418 37 KUCI<LMND,

2838 1904 87 24 Designs
2943 1905 39 18 and
2999 1905 65 19 Prices
3082 1905 113 20 forwarded
3213 1909 21 17 to

2813 1936 38 18 any
2861 1933 44 22 part
2915 1931 21 18 of
2945 1931 33 19 the
2988 1931 95 19 Province
3093 1938 21 12 or
3123 1932 75 25 Colony
3209 1939 25 12 on

2813 1956 125 25 application.

2826 2112 186 41 MAMEROA
3056 2112 168 42 SAWMILL,

2813 2195 132 43 DESIRE
2954 2196 23 17 to
2987 2196 72 17 thank
3068 2196 39 17 the
3116 2196 76 22 public
3201 2197 35 18 for

2879 2219 54 22 past
2947 2218 76 19 favors
3038 2219 44 17 and
3097 2219 43 23 beg
3159 2220 25 17 to
3198 2225 26 12 an-

2813 2246 89 14 nounce
2911 2242 51 18 that
2970 2241 85 23 having
3063 2248 13 12 a
3090 2242 63 23 large
3167 2243 68 17 stock

2813 2265 26 18 of
2848 2265 171 18 well-seasoned
3027 2265 119 18 first-class
3154 2265 83 18 timber

2813 2293 30 13 on
2852 2288 60 18 hand
2921 2288 55 22 they
2984 2293 38 12 are
3031 2289 110 21 prepared
3148 2290 24 16 to
3179 2289 57 18 fulfil

2814 2311 77 18 orders
2900 2312 25 18 at
2933 2311 98 18 reduced
3039 2312 67 18 rates.

3053 2378 117 22 ARRISON,
3184 2380 21 16 15.
3208 2379 21 17 A.

2848 2441 141 18 BARRISTER
3001 2441 52 17 AND
3063 2441 133 17 SOLICITOR

2827 2482 38 18 lis,
2886 2481 96 17 Victoria
3001 2480 86 20 Arcade,
3109 2481 87 17 Auckla:

2815 2560 90 18 Barrister
2918 2559 36 18 and
2968 2560 85 17 Solicitor
3066 2560 20 17 of
3101 2560 32 17 the
3151 2559 87 24 Supreme

2907 2584 61 19 Court,
2976 2583 82 20 Ontario,
3065 2582 81 19 Canada.

2817 2815 73 17 Losses
2898 2815 51 16 Paid
3119 2813 120 22 £20,000,000

2818 2846 50 18 Fire
2879 2846 96 17 Premium
2992 2845 91 17 Exceeds
3132 2846 109 19 £1,100,000

2818 2878 147 17 ACCUMULATED
2968 2876 141 17 FuXDsExCEE
3120 2876 3 20 i
3132 2877 109 19 £1,000,000

2887 2916 36 19 W.
2945 2915 93 18 WARD
3055 2915 110 22 BAKER,

2852 2956 94 18 District
2954 2955 113 22 Manager,
3078 2954 127 18 Auckland.

2903 2995 37 18 W.
2954 2995 26 18 A.
2994 2994 162 21 WILLIAMS,

2876 3034 69 19 Local
2965 3034 81 23 Agent,
3074 3034 108 18 Rotorua.

2873 3097 106 42 DAVID
3009 3095 179 45 SHERRIFF,

2874 3222 79 18 Ahawa
2976 3221 88 22 Street,
3087 3219 105 21 Eotoktja.

2848 3271 21 19 Is
2888 3276 44 12 now
2951 3268 91 25 carrying
3060 3275 24 11 on
3103 3269 34 17 tiie
3156 3269 89 17 business

2823 3305 60 24 lately
2904 3303 108 20 conducted
3031 3303 26 23 by
3074 3302 75 19 Messrs
3166 3302 77 18 Jeckliu

2823 3339 40 19 and
2872 3338 74 22 Cotter,
2958 3337 37 19 and
3006 3337 17 18 is
3033 3337 97 24 prepared
3140 3339 19 15 to
3173 3335 72 25 supply

2823 3373 34 19 the
2867 3372 68 26 public
2945 3372 45 18 with
3002 3371 62 25 prime
3071 3370 78 24 quality
3160 3370 20 18 of
3193 3372 53 16 meat

2824 3408 39 18 and
2871 3407 58 19 small
2939 3406 60 25 goods

2895 3450 35 18 AT
2945 3448 113 20 LOWEST
3073 3448 102 18 PRICE--.

2850 3529 170 24 WYNYAKL
3034 3528 185 26 &FILRCHAS,

2884 3581 126 20 Barristers
3018 3585 40 13 and
3069 3579 120 22 Solicitors,

2824 3636 78 19 Pj.N.Z.
2911 3634 115 24 Chambers,
3035 3633 67 21 Queen
3107 3634 28 23 St,
3144 3631 102 21 Aucklund

2918 3730 50 18 have
2979 3735 69 18 money
3057 3731 20 15 to
3087 3727 46 19 lend
3144 3733 25 11 on
3185 3725 45 19 Mort-

2914 3762 51 13 ir.-ure
2975 3756 21 17 of
3012 3753 94 20 Freehold
3121 3752 39 19 and
3175 3751 55 19 Lease-

2948 3829 75 17 ,AND
3036 3822 209 22 ADVERTISING

2829 3850 40 24 J\_
2977 3850 108 19 AGENCY,

2847 3885 98 17 Victoria
2956 3883 86 19 Arcade,
3057 3880 68 19 Queen
3141 3876 81 19 Street.

2878 3943 120 22 Advertising
3003 3942 19 17 in
3031 3941 24 17 all
3067 3940 23 16 it's
3098 3937 94 18 branches.

2825 3968 52 20 New,
2892 3967 73 22 Unique
2982 3965 36 17 and
3031 3961 80 20 Tasteful
3127 3959 119 23 Advertising

2994 3987 85 18 Medium.

2849 4014 68 17 Orders
2926 4012 47 17 from
2982 4010 24 18 all
3014 4010 49 21 parts
3072 4005 87 19 attended
3168 4007 19 15 to
3203 4005 43 17 with

2827 4043 40 11 care
2876 4036 38 17 and
2922 4034 109 22 expedition.

2920 4078 135 23 PRINTING
3077 4076 20 19 of
3121 4082 59 18 every
3205 4075 41 19 des-

2815 4102 35 25 It)
2887 4108 85 25 cription
2981 4102 93 22 oxocutod
3090 4102 47 19 with
3156 4102 90 18 neatness

2828 4135 39 20 and
2876 4132 94 25 despatch
2980 4134 19 16 at
3010 4130 32 18 the
3053 4129 117 19 Curoxicle
3182 4128 61 18 Uflico

1893 755 436 59 GEYSER
2402 757 370 58 HOUSE

2068 893 170 16 iiinmiii

2087 950 36 19 Six
2133 950 58 19 miles
2199 950 54 20 from
2262 950 56 19 Lake
2328 951 71 25 Taupo
2409 952 102 24 (Eotorua
2520 953 60 25 side.)

2068 1013 181 26 SUPERIOR
2270 1015 333 27 ACCOMMODATION.

2093 1070 50 17 ALL
2155 1070 52 17 THE
2221 1070 133 18 COMFORTS
2367 1071 33 17 OP
2412 1072 16 16 A
2441 1072 77 17 HOME
2530 1072 52 17 FOE

2139 1105 147 19 TOURISTS
2302 1105 65 19 AND
2380 1106 155 20 INVALIDS.

1895 1177 64 26 Hot
1983 1176 190 32 Swimming
2194 1177 110 31 Baths,
2330 1177 185 27 Kiri-o-Kai
2536 1185 35 19 or
2597 1180 78 25 New
2700 1180 80 26 Skin

1969 1218 94 31 Bath,
2075 1218 66 25 Hot
2154 1218 130 26 Douche
2298 1219 110 30 Baths,
2430 1219 110 26 Grand
2562 1220 143 27 Climate.

2012 1259 171 26 Elevation
2205 1259 91 32 1,350
2315 1259 63 26 feet
2390 1261 103 25 above
2507 1267 53 20 sea
2573 1262 90 25 level.

1896 1308 197 24 COMPETENT
2108 1308 122 23 GUIDES
2246 1315 121 20 accompany
2382 1310 83 18 tourists
2482 1312 21 17 to
2519 1310 35 19 the
2575 1311 80 18 various
2676 1312 67 24 places
2762 1312 20 18 of

2027 1335 90 21 interest,
2127 1334 65 20 which
2204 1335 59 19 baffle
2274 1335 35 19 tiro
2319 1338 52 16 most
2381 1336 59 18 facile
2450 1343 46 18 peu,
2508 1337 40 19 and
2564 1343 37 13 can
2620 1337 47 25 only
2686 1338 25 18 bo
2729 1338 43 19 real-

2027 1361 43 18 ized
2081 1361 58 19 when
2149 1367 53 12 seen.

1898 1426 196 23 GSYSSR
2326 1427 90 19 contains
2432 1427 35 19 the
2486 1428 104 25 following
2608 1428 122 25 unequalled
2740 1429 29 19 Na-

1975 1453 55 17 tural
2050 1452 91 18 wonders
2163 1452 4 27 :
2171 1452 149 23 —Tuhuatahi,
2341 1460 22 11 or
2387 1453 62 19 Great
2473 1453 132 26 Champagne
2622 1452 112 27 Cauldron;
2749 1455 35 18 the

1976 1478 63 19 Great
2049 1477 106 20 Wairakei
2164 1477 78 25 Geyser
2250 1477 4 27 ;
2268 1479 33 18 the
2312 1479 85 24 Donkey
2408 1479 81 25 Engine
2496 1477 4 27 ;
2515 1480 35 18 the
2560 1479 53 19 Bath
2623 1480 21 18 of
2654 1480 34 18 the
2698 1481 85 22 Fairies;

1975 1505 35 18 the
2030 1504 114 24 Lightning'
2160 1504 50 19 Pool
2220 1504 3 26 ;
2237 1505 35 18 the
2289 1505 87 19 Cascade
2392 1505 83 23 Geyser,
2494 1512 22 12 or
2534 1505 101 25 Dragon's
2652 1504 84 26 Mouth;
2750 1507 35 18 the

1976 1529 64 20 Black
2050 1530 76 24 Geyser
2135 1529 4 27 ;
2155 1530 34 19 the
2202 1530 51 19 Mud
2265 1529 87 27 Geyser;
2368 1531 33 19 the
2420 1531 53 19 Blue
2491 1531 56 19 Lake
2555 1529 4 27 ;
2571 1532 33 18 the
2622 1532 31 18 Oil
2672 1532 53 18 Bath
2733 1529 3 27 ;
2751 1533 34 18 the

1976 1556 82 24 Eagle's
2067 1556 62 26 Nest;
2143 1556 34 19 the
2185 1556 78 19 Devil's
2269 1556 71 20 Punch
2348 1556 70 26 Bowl;
2434 1557 34 19 the
2478 1557 72 19 Prince
2558 1558 22 18 of
2587 1557 76 19 Wales'
2673 1558 98 19 Feathers
2780 1556 4 26 ;

1976 1582 35 19 the
2030 1582 86 23 Mirror;
2132 1582 34 19 the
2185 1582 58 19 Twin
2264 1582 86 25 Geyser:
2366 1583 35 19 the
2418 1583 59 19 Coral
2495 1582 88 26 Geyser;
2597 1584 35 19 the
2642 1583 66 20 Green
2724 1585 61 22 Pool;

1979 1608 127 19 Terekorehe
2117 1615 23 12 or
2159 1608 48 19 Hell
2228 1608 86 24 Geyser;
2337 1610 34 17 the
2390 1610 69 18 Steam
2479 1610 106 19 Hammer.
2613 1610 83 19 Guide's
2715 1611 32 18 fee
2766 1614 20 15 to

1978 1634 76 25 Geyser
2063 1633 80 27 Valley,
2155 1636 21 17 5s
2185 1633 3 27 ;
2204 1634 90 19 distance
2304 1636 51 17 from
2364 1635 35 19 the
2413 1636 61 22 hotel,
2489 1637 5 17 1
2508 1636 53 19 mile.

1900 1695 99 22 THG
2020 1694 336 23 KReKTOKTeM
2368 1701 21 11 or
2408 1695 81 18 Ladder
2507 1694 83 26 Rapids.
2628 1695 42 19 The
2687 1695 100 20 Grandest

1978 1721 78 24 Eapids
2068 1721 20 17 in
2100 1720 34 19 die
2144 1720 100 19 Southern
2256 1720 146 25 Hemisphere;
2417 1721 75 24 falling
2508 1721 20 18 in
2546 1721 31 18 six
2595 1721 82 19 distinct
2695 1722 92 19 cascades

1980 1748 94 23 amongst
2084 1746 62 18 weird
2157 1747 39 17 and
2207 1747 79 24 rugged
2304 1753 81 18 scenery
2412 1747 96 18 Distance
2527 1747 52 19 from
2598 1747 33 19 the
2648 1747 62 24 hotel,
2730 1748 57 19 three

1979 1772 64 20 miles.
2071 1772 75 19 Saddle
2156 1772 70 19 horses
2236 1776 20 15 to
2265 1773 47 18 visit
2326 1773 35 18 the
2375 1772 79 25 Eapids
2468 1773 23 19 7s
2501 1773 26 19 Gd
2537 1773 54 19 each.

1904 1833 230 22 I-CSRT^F->ITI
2153 1838 22 12 or
2185 1832 35 18 the
2230 1832 77 19 Devil's
2317 1832 96 25 Trumpet
2432 1832 17 18 is
2468 1832 44 19 said
2531 1834 21 17 to
2571 1832 47 19 emit
2637 1839 11 12 a
2665 1839 92 18 pressure
2768 1833 21 18 of

1984 1859 68 18 180lbs
2063 1859 21 18 of
2093 1862 64 15 steam
2169 1860 21 16 to
2200 1858 35 19 the
2244 1858 53 22 inch,
2310 1858 51 18 from
2373 1864 25 13 an
2415 1861 94 22 aperture
2520 1859 21 18 of
2559 1858 61 19 about
2639 1859 71 18 twelve
2720 1859 69 18 inches

1980 1885 21 19 in
2012 1884 104 19 diameter.
2146 1884 96 19 Distance
2261 1884 20 18 fr
2294 1891 20 11 m
2334 1884 55 19 hotel
2408 1884 57 19 three
2484 1884 41 19 and
2545 1891 12 13 a
2576 1884 43 19 half
2636 1885 68 23 miles;
2719 1885 69 19 saddle

1980 1911 34 19 hoi
2014 1910 4 22 -
2019 1917 31 12 ses
2060 1914 20 16 to
2087 1910 49 20 visit
2145 1910 35 19 the
2190 1910 71 22 above,
2272 1912 22 16 2s
2305 1910 24 19 6d
2340 1910 55 19 each.

1904 1971 100 23 TH6
2025 1971 141 22 FUJKK
2184 1970 165 25 FKLLS,
2366 1968 35 21 the
2418 1969 102 19 Grandest
2537 1969 55 19 Falls
2602 1969 20 19 in
2639 1970 35 18 the
2693 1970 96 18 southern

1984 1997 135 24 hemisphere.
2149 1996 42 19 The
2202 1996 56 18 Falls
2268 2002 44 18 may
2325 1997 24 17 be
2359 1995 72 19 visited
2442 2001 25 13 on
2477 1996 34 18 the
2524 2002 54 12 same
2597 1996 114 24 expedition
2722 2002 21 12 as
2754 1996 35 18 the

1983 2022 79 20 Devil's
2072 2022 105 26 Trumpet.
2206 2022 97 19 Distance
2314 2022 50 19 from
2375 2021 55 19 hotel
2441 2022 57 18 three
2509 2022 39 18 and
2558 2029 12 11 a
2586 2022 44 18 half
2638 2022 67 23 miles;
2720 2022 69 18 saddle

1981 2049 59 18 horse
2050 2055 22 12 or
2083 2048 71 26 buggy
2164 2050 22 17 2s
2197 2048 26 19 Gd
2237 2048 56 19 each.

2106 2253 58 26 Hot
2191 2253 96 26 Lakes
2308 2253 32 25 of
2357 2253 70 25 New
2446 2251 144 26 Zealand.

2189 2410 577 57 njaiii^Mnra

2045 2519 27 19 IS
2086 2519 22 18 A
2121 2519 192 18 FIRST-CLASS
2326 2518 206 19 TEMPERANCE
2546 2517 98 18 HOTEL

1995 2588 237 23 HINSMOH
2249 2587 197 23 STREET,
2467 2585 238 23 ROTORUH.

1908 2654 82 17 rinilTS
2003 2653 60 18 NEW
2075 2653 54 17 AND
2143 2651 189 19 COMFORTABLE
2345 2650 216 19 ESTABLISHMENT
2570 2650 15 16 is
2594 2648 81 18 situated
2683 2648 20 17 in
2712 2648 31 16 the
2752 2650 41 14 new

1914 2668 21 29 J[
1969 2677 94 22 township
2073 2676 20 18 of
2101 2676 90 21 Eotorua,
2202 2676 47 16 close
2259 2676 20 16 to
2288 2674 31 18 the
2329 2674 126 18 Government
2470 2673 120 18 Sanatorium
2603 2672 37 17 and
2653 2672 64 19 Baths,
2733 2669 59 18 which

2228 2697 90 24 comprise
2326 2697 33 17 the
2367 2696 106 18 celebrated

1907 2728 92 20 Priest's
2009 2728 65 23 Bath,
2086 2728 107 18 Madame
2202 2726 87 19 Rachel
2298 2726 77 21 Baths,
2387 2725 139 19 Chameleon
2536 2724 94 18 Douche
2639 2723 65 21 Bath,
2721 2722 73 22 Large

1977 2752 56 18 Blue
2043 2751 137 22 Swimming
2189 2750 67 22 Bath,
2272 2749 102 23 Sulphur
2386 2749 96 22 Vapour
2491 2748 60 18 Bath
2559 2747 47 18 and
2614 2746 110 19 Galvanic

2263 2773 97 22 Battery
2369 2772 65 21 Bath,

2234 2796 82 17 THING
2334 2795 140 17 PAVILIONS

1907 2799 69 18 OVER
1988 2798 92 19 WHICH
2096 2797 85 18 LARGE
2199 2796 117 17 BATHING
2334 2795 140 17 PAVILIONS
2495 2794 71 18 HAVE
2587 2793 69 17 BEEN
2676 2791 118 18 ERECTED

2012 2822 45 18 with
2067 2826 100 12 numerous
2176 2820 92 21 Dressing
2284 2820 75 19 Rooms,
2369 2820 35 16 etc.
2429 2818 76 17 Besides
2514 2818 52 16 these
2575 2817 52 17 there
2634 2816 15 17 is
2658 2816 33 17 the

1908 2845 134 19 Pain-kiiler
2053 2845 66 21 Bath,
2135 2843 133 23 Cofiee-pot,
2284 2841 130 19 Cameron's
2428 2841 47 18 and
2490 2840 127 19 Hineinaru
2631 2839 72 18 Baths
2717 2837 23 20 in
2755 2838 39 17 the

2211 2865 150 19 Sanatorium
2378 2864 114 19 Grounds.

1909 2914 113 19 Bathgate
2041 2913 73 18 House
2131 2912 38 18 has
2185 2911 52 19 been
2256 2910 79 25 greatly
2352 2909 96 24 enlarged
2464 2909 32 19 for
2512 2907 92 19 Tourists
2620 2914 22 12 as
2661 2906 46 20 well
2724 2913 21 12 as
2764 2906 13 18 f.
2787 2912 8 11 r

2145 2937 71 26 people
2230 2937 72 24 taking
2313 2942 11 13 a
2334 2942 69 12 course
2413 2935 21 19 of
2444 2935 34 19 the
2489 2935 71 18 Baths.

2164 2970 132 20 TERMS
2317 2970 230 19 MODERATE.

2086 3035 53 34 S.
2187 3034 52 34 T.

2233 3078 241 17 PROPRIETOR.

1910 3107 125 18 N.B.—Most
2044 3108 20 16 of
2072 3107 54 18 those
2135 3107 42 18 who
2186 3107 45 18 visit
2239 3108 75 17 Brent's
2322 3108 24 17 do
2355 3114 19 11 so
2383 3108 85 22 through
2477 3108 33 17 the
2524 3108 47 17 kind
2583 3107 178 18 recommendations

2249 3132 87 21 previous
2345 3133 107 16 customers.

2004 3266 216 22 r\>uwijf\>i
2265 3267 11 20 i
2303 3267 216 22 ur\»dij-jAj;u
2552 3267 45 21 tx>
2630 3269 81 21 \jkj.,

1951 3343 380 27 MANUFACTURERS
2368 3343 112 26 AND
2516 3342 250 31 IMPORTERS,

2106 3435 182 35 FORT
2323 3434 290 36 STR96T,

2050 3564 161 23 EOTORUA.

2371 3565 33 19 TO
2418 3565 59 18 THE
2492 3563 104 20 PUBLIC
2611 3563 33 19 OF
2662 3563 137 19 EOTORUA.

1938 3788 47 22 (One
1992 3788 88 17 minute's
2089 3788 50 16 walk
2147 3788 48 17 from
2203 3788 32 17 the
2241 3788 73 17 Govern-

2065 3812 53 15 ment
2126 3810 75 23 Baths.)

2374 3668 23 31 "J'
2411 3668 56 19 BEG
2479 3671 19 15 to
2508 3668 64 18 thank
2582 3667 33 18 the
2628 3666 72 19 Public
2710 3666 22 19 of
2738 3665 62 20 Roto-

2373 3688 24 23 JL
2425 3701 41 12 rua
2484 3694 32 19 for
2529 3694 53 17 their
2588 3694 81 17 favours
2681 3692 74 24 during
2767 3691 33 19 the

2372 3722 45 22 past
2427 3720 70 18 fiftoen
2507 3725 64 19 years,
2583 3719 39 18 and
2636 3722 19 14 to
2673 3718 63 23 notify
2757 3717 43 18 that

2331 3746 12 13 a
2373 3748 31 17 for
2413 3746 35 18 the
2459 3746 132 18 convenience
2601 3744 21 18 of
2631 3744 98 18 residents
2738 3744 21 18 in
2768 3742 32 19 tho

2374 3772 49 18 New
2434 3770 116 25 Township,
2562 3770 40 18 and
2612 3776 30 18 my
2656 3769 57 19 trade
2730 3775 59 18 gener-

2373 3798 46 24 ally,
2430 3797 12 18 1
2453 3797 52 18 have
2515 3796 53 19 built

2034 3906 189 23 T6RMS:

1942 3949 45 23 35s
1994 3956 46 22 per
2058 3949 89 28 week;
2166 3949 29 23 6s
2209 3956 47 23 per
2264 3949 57 30 day.

1943 3987 59 23 Two
2014 3988 88 22 weeks
2112 3994 28 16 or
2150 3987 99 29 longer,
2267 3988 54 22 30s.

2042 4134 188 20 PROPRIETOR.

2399 3852 52 18 New
2460 3851 102 20 Premises
2571 3857 21 12 in
2599 3850 83 19 Feni-on
2689 3849 84 25 Street,

2373 3910 64 19 which
2449 3916 34 12 aie
2493 3915 45 12 now
2548 3914 51 18 open
2606 3908 31 17 for
2647 3907 98 22 business,
2762 3906 38 19 and

2372 3936 11 19 I
2393 3942 34 13 am
2445 3934 99 26 prepared
2565 3936 20 16 to
2598 3933 72 25 supply

2513 3972 69 19 Piume
2602 3970 61 19 Meat

2373 4013 21 20 in
2406 4013 50 19 both
2466 4012 51 19 Now
2528 4011 38 19 and
2578 4010 37 19 Old
2624 4010 125 24 Townships.

2405 4091 43 23 An
2461 4089 151 31 Inspection
2627 4089 21 22 is
2663 4087 107 24 invited.

2582 4134 58 19 HEN
2644 4134 39 19 BY
2697 4133 81 19 KIRK.
