3300 4360
1093 2728 124 18 VISITORS'
1232 2729 62 17 LIST.

1106 2774 84 18 Geyseii
1205 2775 78 17 Hotel.

1000 2806 106 18 Mesdames
1127 2806 80 22 Russell,
1226 2806 100 22 Adelaide;
1349 2808 47 22 Craij

978 2830 121 21 Melbourne;
1120 2830 70 19 Gillnn,
1205 2830 127 23 Wellington;
1351 2831 61 20 Brett,

978 2853 104 17 Auckland.
1108 2853 46 17 Miss
1163 2853 70 19 Miller,
1244 2853 95 17 Scotland.
1358 2854 54 22 Capt.

978 2876 87 22 Henchy,
1075 2876 28 17 Dr
1116 2876 86 21 Browne;
1219 2877 86 21 Ireland;
1324 2877 28 18 Dr
1366 2877 46 18 Fox.

978 2895 99 27 England;
1099 2900 70 17 Messrs
1183 2900 113 20 Mactavish,
1312 2895 3 27 ;

978 2923 88 20 Dawson,
1076 2922 90 23 England
1173 2922 4 23 ;
1198 2923 63 21 Craig,
1276 2924 72 19 Perim,
1365 2933 40 8 xu.ui-

978 2946 72 18 bourne
1057 2946 4 23 ;
1073 2946 69 20 Gillan,
1149 2947 53 19 Ross,
1210 2947 117 22 Wellington
1334 2946 4 23 ;
1353 2947 59 21 Brett,

979 2969 51 21 Pole,
1040 2969 109 21 Auckland;
1163 2969 68 21 Baber,
1242 2969 106 23 Tauranga.

1045 3015 87 18 Buent's
1145 3016 112 17 Bathgate
1270 3016 77 18 House.

1002 3047 106 18 Mesdames
1116 3047 114 21 McCallum,
1243 3048 105 20 Taranaki;
1367 3048 38 17 Alli-

979 3076 40 14 son,
1041 3070 99 18 Auckland
1148 3070 3 22 ;
1176 3071 76 20 Brown,
1268 3071 134 18 Christclrarch
1410 3070 4 22 ;

979 3094 97 22 Carnegie,
1093 3093 119 18 Melbourne.
1237 3094 67 17 Misses
1325 3094 89 20 Graham,

979 3117 99 17 Auckland
1085 3117 4 23 ;
1100 3117 100 21 Atkinson,
1210 3117 104 21 Taranaki;
1324 3117 92 23 Carnegie

980 3140 34 22 (2),
1023 3140 117 17 Melbourne
1166 3140 29 17 Dr
1203 3141 23 16 B.
1237 3141 80 20 Russell,
1327 3141 87 21 Ireland;

980 3160 46 20 Rev.
1036 3163 49 20 Isitt,
1096 3163 146 20 Christchurch;
1256 3164 70 17 Messrs
1332 3164 83 23 Reaney,

980 3187 116 22 Wellington
1111 3186 4 23 ;
1145 3186 114 22 Harrowell,
1285 3187 112 17 Alfordston
1411 3186 4 23 ;

981 3209 80 23 Harper,
1084 3209 88 21 Graham,
1190 3209 97 23 GlipLaut,
1305 3210 65 20 Shera,
1384 3211 32 22 jr.,

981 3232 105 20 Auckland;
1100 3233 82 22 Wright,
1195 3233 113 22 Papatoitoi;
1323 3234 93 21 Sparrow,

982 3256 70 17 Nelson
1061 3256 3 23 ;
1078 3256 81 20 Hunter,
1167 3256 86 21 Belfast;
1270 3256 98 23 Carnegie,
1385 3257 31 22 jr.,

982 3279 122 21 Melbourne;
1123 3279 95 21 Fen-wick,
1236 3280 87 17 Ashurst.

1115 3326 43 17 The
1172 3326 112 17 Langjiam.

1006 3356 106 18 Mesdames
1130 3357 105 20 O'Connor,
1257 3357 101 21 England;
1381 3357 25 18 Pa-

983 3381 47 19 rata,
1046 3380 105 23 Tauranga.
1183 3380 64 23 Judge
1262 3380 77 20 Wilson,
1354 3381 52 17 Auck-

983 3403 55 20 land;
1052 3403 70 17 Messrs
1130 3404 105 20 O'Conner,
1248 3404 100 21 England;
1363 3404 44 17 Skin-

983 3432 39 14 ner,
1044 3426 76 22 Sydney
1127 3426 4 23 ;
1162 3427 96 22 Malone}',
1280 3427 124 22 Invcrcargill
1414 3426 3 23 ;

984 3449 126 19 Wetherstan,
1142 3449 118 18 Stru+hmore
1276 3449 4 21 ;
1310 3449 107 21 Tarawhiti,

983 3472 77 22 Huntly
1069 3472 4 24 ;
1099 3472 75 20 Parata,
1200 3474 112 22 Tauranga;
1338 3474 80 21 Hyams,

984 3495 128 23 Wellington;
1127 3496 64 22 Kelly,
1201 3496 65 17 Patea.

1121 3541 86 18 Motcoia
1219 3542 63 18 View.

1009 3573 69 17 Messrs
1087 3573 68 21 Wales,
1162 3573 117 23 Finnighan,
1293 3574 112 22 Normanby
1414 3573 4 23 ;

985 3596 114 22 Thompson,
1122 3596 81 22 Ns.pier;
1226 3596 9 17 J
1240 3603 49 13 ones,
1311 3597 108 22 Westport;

986 3619 76 22 Dwyer,
1080 3620 47 16 New
1141 3620 116 21 Plymouth;
1271 3620 78 21 Wilson,
1366 3620 41 17 Mur-

986 3642 45 22 phy,
1050 3643 100 17 Auckland
1158 3649 5 14 ;
1187 3643 109 20 Stevenson,
1314 3643 106 17 Hamilton.

976 3673 58 46 THE
1053 3673 59 46 HOT
1131 3673 97 46 LAKES
1247 3673 175 46 CHRONICLE

976 3719 446 45 AND

976 3764 223 46 Tourists'
1224 3764 198 46 Journal.

976 3810 165 46 WEDNESDAY,
1158 3810 115 46 OCTOBER
1290 3810 33 46 7,
1340 3810 82 46 1896.

1197 3857 20 16 ♦

1012 3882 39 17 The
1059 3881 134 23 poundkeeper
1201 3882 68 17 inserts
1277 3887 12 11 a
1296 3881 62 18 notice
1366 3882 20 16 in
1394 3887 20 11 re-

990 3904 47 23 gard
1046 3906 19 16 to
1074 3904 71 18 certain
1153 3904 70 18 horses.

1013 3932 32 17 Mr
1053 3931 37 17 and
1098 3932 40 16 Mrs
1148 3931 16 18 J.
1175 3931 27 17 H.
1220 3931 69 22 Taylor
1304 3931 40 17 will
1360 3932 65 16 return

990 3956 20 16 to
1020 3955 83 17 Rotorua
1112 3955 29 16 for
1150 3960 10 11 a
1169 3955 38 17 few
1216 3954 46 22 days
1270 3955 47 16 next
1325 3955 58 17 week.

1014 3986 19 17 It
1041 3986 15 17 is
1065 3986 77 16 notified
1156 3986 20 16 in
1186 3985 81 18 another
1279 3985 74 17 column
1364 3986 42 16 that
1415 3991 10 11 a

990 4009 38 17 sale
1037 4009 19 17 of
1065 4008 95 18 suburban
1168 4009 38 17 lots
1221 4009 20 16 at
1253 4009 66 21 Taupo
1327 4009 39 16 will
1382 4009 44 16 take

989 4032 54 22 place
1052 4037 23 12 on
1084 4031 108 18 November
1200 4031 34 18 Cth
1244 4033 52 16 next.

1014 4062 39 18 The
1068 4062 63 17 native
1148 4062 46 18 land
1211 4063 54 17 court
1281 4062 34 17 has
1329 4062 47 18 been
1394 4068 21 11 en-

993 4085 62 23 gaged
1064 4085 69 22 during
1141 4085 32 17 the
1182 4085 53 17 week
1251 4085 20 17 in
1288 4085 76 23 dealing
1380 4086 45 16 with

992 4108 104 18 succession
1112 4108 69 21 orders,
1205 4108 38 17 and
1259 4108 34 17 the
1308 4108 91 22 partition
1408 4109 19 16 of

992 4132 33 16 the
1033 4132 71 17 Paeroa
1112 4131 62 18 block,
1183 4131 108 22 Waiotapu.
1317 4131 38 17 The
1364 4131 50 17 Horo-

992 4155 47 17 horo
1048 4160 49 11 cases
1106 4154 39 17 will
1153 4154 23 16 be
1185 4154 58 17 taken
1251 4160 24 11 on
1284 4154 33 17 the
1328 4155 51 16 15th.

1470 123 33 17 Mr
1519 123 91 17 Ma'colm
1634 124 88 23 Fleming
1744 125 20 17 of
1779 125 106 23 Fleming's

1448 146 99 20 Freehold,
1557 147 134 21 accompanied
1699 147 26 23 by
1741 154 11 11 a
1768 150 116 20 prospector,

1447 169 67 22 passed
1524 170 84 21 through
1618 170 33 17 the
1659 170 54 17 other
1722 170 37 23 day
1772 177 24 11 on
1805 172 30 16 his
1843 177 43 17 way

1448 193 19 16 to
1476 193 72 17 Tauno.
1573 193 32 17 Mr
1614 193 88 23 Fleming
1710 195 58 16 states
1779 194 44 18 that
1831 194 24 18 he
1869 196 17 16 is

1447 216 105 22 arranging
1560 216 30 17 for
1597 222 11 11 a
1617 217 56 22 party
1692 219 20 15 to
1725 217 45 17 visit
1785 217 34 17 the
1835 218 37 18 Ure-

1447 244 49 11 wera
1505 240 87 21 country.

1469 269 32 17 Mr
1510 270 21 17 C.
1541 270 91 22 Malfroy,
1640 271 43 17 who
1691 271 35 17 has
1738 271 47 17 been
1798 271 87 19 confined

1446 293 20 16 to
1474 293 30 17 his
1512 293 59 18 house
1579 299 44 12 over
1632 294 49 17 since
1698 294 32 17 the
1746 295 37 17 last
1800 296 86 22 meeting

1447 316 19 16 of
1475 316 32 17 the
1515 316 59 17 Town
1583 317 69 20 Board,
1661 318 15 16 is
1686 323 50 15 now,
1750 323 28 12 we
1792 324 32 11 are
1839 319 46 21 glad

1445 340 21 16 to
1475 340 55 20 state,
1540 340 43 16 able
1592 341 19 16 to
1621 346 72 11 resume
1702 340 29 18 his
1741 341 113 18 attendance
1863 344 20 15 at

1446 362 29 17 his
1484 362 59 18 office.

1469 393 39 17 The
1516 394 156 18 Whakatane-Te
1688 395 50 18 Teko
1757 396 48 17 road
1816 396 17 17 is
1841 402 44 11 now

1446 416 97 18 advanced
1559 419 20 15 to
1600 417 68 18 within
1684 418 36 18 fivo
1736 419 52 17 miles
1815 420 20 16 of
1851 420 33 17 the

1445 440 99 17 Tarawera
1550 441 55 16 river.
1632 441 38 17 The
1685 442 126 17 construction
1826 444 58 21 party

1445 463 16 17 is
1468 469 44 11 now
1521 464 87 22 working
1617 464 60 17 about
1692 467 38 14 two
1744 466 53 16 miles
1813 467 20 16 to
1851 466 33 17 the

1446 487 99 16 westward
1554 487 20 17 of
1591 487 85 17 Rotorua
1687 488 38 17 and
1741 488 141 23 Rotoiti-paku,

1445 509 86 18 between
1540 510 62 17 which
1609 510 53 18 lakes
1671 511 32 17 the
1710 511 45 17 road
1761 511 39 17 will
1809 518 49 16 pass.

1468 540 33 17 Mr
1517 541 29 17 W.
1565 541 77 18 Hemes
1658 542 34 17 has
1706 542 47 18 been
1769 542 63 24 busily
1849 549 22 12 en-

1446 564 63 22 gaged
1517 564 71 23 during
1596 565 32 17 the
1635 567 42 20 past
1696 566 52 16 week
1760 567 124 23 prosecuting

1445 587 29 17 his
1484 587 122 18 candidature
1616 588 30 17 for
1654 589 32 16 the
1694 588 75 18 district
1776 589 20 17 in
1805 590 49 17 view
1861 591 21 17 of

1445 610 33 17 the
1499 611 77 22 coming
1592 611 86 17 election.
1719 612 29 17 On
1763 612 119 24 Wednesday

1445 633 38 17 last
1491 634 24 16 he
1524 634 35 17 left
1568 634 30 17 for
1611 635 71 22 Taupo,
1691 636 99 22 returning
1806 642 25 11 on
1840 636 32 18 Fri-

1445 657 37 21 day
1491 657 62 23 night,
1561 657 107 23 remaining
1673 658 19 16 in
1699 659 84 16 Rotorua
1788 659 31 17 till
1825 660 43 17 Mon-

1444 680 38 22 day
1491 680 55 17 when
1554 680 24 17 he
1595 681 91 21 departed
1694 681 124 21 homewards,
1833 688 36 17 pur-

1444 704 69 22 posing
1520 705 20 16 to
1550 705 43 21 stop
1602 706 21 15 at
1639 704 91 17 Mamaku
1745 711 24 11 on
1786 706 33 17 the
1833 712 48 16 way.

1444 727 42 17 Due
1494 727 63 17 notice
1567 727 38 17 will
1621 727 24 17 be
1661 728 56 22 given
1732 728 20 17 of
1770 728 29 18 his
1816 729 65 23 public

1443 755 132 17 appearances.

1467 781 86 18 Electors
1562 782 43 17 who
1613 788 45 16 may
1666 782 47 18 have
1722 784 88 17 removed
1815 785 20 16 to
1844 786 5 15 i
1853 784 29 18 his

1444 804 74 18 district
1526 805 38 17 and
1574 805 64 17 whose
1647 811 65 12 names
1728 812 71 17 appear
1816 814 24 10 on
1849 808 33 17 the

1443 828 36 17 roll
1488 828 20 17 of
1517 828 31 17 the
1556 828 75 18 district
1640 829 47 17 from
1701 829 61 18 which
1778 830 47 23 they
1834 831 48 17 have

1444 857 52 11 come
1510 857 33 11 are
1559 851 78 18 advised
1651 853 21 16 to
1688 852 48 17 have
1752 853 49 17 their
1817 860 65 11 names

1443 875 116 17 transferred
1567 875 61 17 either
1636 875 26 22 by
1670 875 63 23 filling
1741 881 25 17 up
1776 876 56 18 Form
1844 877 36 18 No.

1443 898 16 20 2,
1470 898 111 22 procurable
1597 900 21 15 at
1634 904 38 16 any
1687 899 113 22 post-office,
1819 906 21 12 or
1856 901 26 22 by

1443 921 78 21 making
1530 927 11 11 a
1557 921 50 18 fresh
1625 921 55 18 claim
1697 922 30 17 for
1743 923 106 18 enrolment
1857 930 25 11 on

1442 944 57 17 Form
1508 941 37 20 No.
1557 946 7 15 1
1574 945 38 16 and
1625 945 97 23 notifying
1738 946 32 17 the
1786 946 91 23 registrar

1442 967 20 17 of
1472 968 49 17 their
1530 968 70 17 former
1609 968 75 18 district
1692 970 20 16 of
1719 968 33 18 the
1766 969 78 24 change.

1465 999 17 16 A
1491 999 109 22 cablegram
1609 1000 50 17 from
1672 1000 76 22 Sydney
1762 1002 59 17 states
1838 1002 44 17 that

1442 1022 70 18 Messrs
1533 1023 95 22 Mounsey
1645 1023 37 17 and
1701 1024 74 20 Austin,
1793 1024 33 18 the
1842 1026 39 17 two

1442 1045 77 23 Sydney
1540 1047 85 19 tourists,
1641 1047 42 17 who
1699 1052 49 12 wore
1764 1048 117 23 wrongfully

1442 1069 83 17 arrested
1534 1069 19 17 in
1564 1070 110 17 connection
1689 1070 45 17 with
1748 1071 32 16 the
1797 1071 82 23 robbery

1442 1094 20 15 at
1470 1092 34 17 the
1513 1093 85 17 Rotorua
1607 1093 47 17 Post
1663 1093 57 17 Office
1728 1094 19 16 in
1756 1094 67 18 March
1836 1095 43 21 last,

1441 1115 48 17 have
1496 1116 47 17 been
1555 1116 133 23 compensated
1696 1116 26 23 by
1731 1116 31 18 the
1772 1117 47 17 New
1832 1118 36 17 Zea-

1442 1139 45 17 land
1504 1139 136 17 Government.
1671 1140 51 22 They
1736 1140 69 22 simply
1822 1141 57 17 asked

1442 1162 29 17 for
1481 1162 38 17 and
1528 1163 84 17 received
1622 1163 50 17 their
1680 1163 49 22 legal
1739 1163 36 18 and
1792 1165 88 21 personal

1442 1191 90 16 expenses
1541 1186 115 23 amounting
1664 1188 20 15 to
1691 1187 58 16 about
1758 1186 37 18 £3O
1802 1188 52 18 each.

1464 1223 32 17 Mr
1504 1222 18 18 J.
1533 1223 26 17 11.
1570 1223 67 22 Kirby,
1648 1224 42 16 who
1699 1224 83 22 recently
1791 1226 88 16 assumed

1440 1246 33 17 the
1481 1246 151 23 proprietorship
1640 1247 20 17 of
1669 1247 31 17 the
1710 1247 72 18 Morton
1792 1248 86 23 Mercury

1441 1269 33 18 has
1484 1269 80 18 suffered
1572 1276 11 10 a
1593 1276 62 11 severe
1664 1270 37 17 loss
1710 1270 24 22 by
1744 1271 32 17 the
1792 1271 75 18 destruc-

1440 1293 40 16 tion
1488 1293 20 16 of
1517 1293 29 16 his
1555 1293 61 17 offices
1634 1293 37 17 and
1680 1294 54 21 plant
1746 1294 25 22 by
1779 1294 40 17 fire.
1844 1295 34 18 We

1440 1316 46 17 offer
1495 1322 35 11 our
1539 1316 108 23 sympathy,
1658 1316 35 18 but
1701 1317 37 17 feel
1746 1318 77 17 assured
1833 1318 43 18 that

1440 1339 32 17 the
1481 1340 86 22 Mercury
1576 1340 73 22 having
1665 1340 66 22 passed
1748 1341 84 23 through
1845 1342 32 17 the

1440 1362 64 18 ordeal
1525 1362 39 19 will
1578 1363 35 17 rise
1637 1363 139 23 reinvigorated
1792 1365 38 16 and
1847 1371 20 11 re-

1438 1386 111 22 juvenated.
1575 1386 32 17 Mr
1616 1386 61 23 Kirby
1686 1386 14 17 is
1710 1393 35 11 one
1753 1388 20 16 of
1786 1387 33 18 the
1828 1390 49 15 most

1439 1409 88 17 versatile
1536 1409 111 22 journalists
1656 1410 19 16 in
1684 1410 32 18 the
1728 1410 72 23 colony,
1811 1411 36 17 full
1857 1412 20 17 of

1439 1433 114 21 interesting
1561 1433 141 17 reminiscences
1717 1433 61 19 which
1794 1434 25 17 he
1832 1440 33 12 nar-

1439 1457 50 16 rates
1498 1457 20 16 to
1527 1456 114 23 advantage,
1656 1456 37 17 and
1711 1457 79 17 ombued
1807 1458 47 17 with
1865 1464 10 11 a

1439 1479 55 22 spirit
1506 1480 21 16 of
1545 1480 125 17 camaraderie
1687 1480 61 17 which
1766 1480 54 23 gains
1837 1481 39 18 him

1438 1503 33 16 the
1480 1503 102 22 good-will
1591 1504 20 16 of
1619 1503 30 17 his
1657 1503 86 17 brothers
1753 1504 19 17 of
1788 1504 33 18 the
1830 1510 46 17 grey

1438 1526 115 22 goose-quill

1461 1558 71 17 Messrs
1541 1558 21 17 T.
1572 1558 53 18 Cook
1633 1558 38 17 and
1680 1558 37 18 Son
1726 1559 45 17 send
1780 1565 22 11 us
1816 1565 11 11 a
1840 1560 36 17 few

1438 1581 61 22 copies
1510 1581 20 17 of
1539 1581 49 17 their
1596 1583 46 15 neat
1654 1581 50 17 little
1717 1583 99 21 pamphlet
1830 1589 34 11 con-

1438 1605 75 22 taining
1522 1605 124 17 information
1654 1610 21 12 as
1684 1606 19 16 to
1712 1605 32 17 the
1753 1605 78 23 sailings
1839 1607 37 17 and

1438 1630 49 15 rates
1496 1628 21 17 of
1526 1633 80 17 passage
1614 1628 27 22 by
1649 1628 26 17 all
1684 1628 32 17 the
1724 1629 94 22 principal
1828 1630 47 17 lines

1438 1652 20 16 of
1466 1652 90 16 steamers
1566 1652 49 16 from
1625 1652 32 16 the
1672 1652 80 17 colonies
1765 1658 26 16 up
1806 1654 20 16 to
1843 1653 32 18 the

1438 1675 35 16 end
1483 1675 20 16 of
1512 1675 32 16 the
1553 1680 50 17 year.
1629 1675 52 22 They
1689 1681 31 11 are
1729 1676 30 16 for
1767 1677 108 21 gratuitous

1438 1697 121 18 distribution
1581 1698 38 17 and
1640 1704 44 16 may
1706 1698 23 17 be
1752 1699 36 16 had
1806 1701 20 16 at
1842 1700 33 17 the

1439 1721 120 18 CHBONICLE
1569 1721 64 18 Office.

1461 1753 38 17 The
1508 1753 68 22 highly
1590 1753 120 17 mineralised
1722 1754 120 22 atmosphere
1855 1755 19 17 in

1437 1776 38 17 this
1484 1776 78 22 locality
1571 1777 34 16 has
1613 1783 12 10 a
1635 1778 48 15 most
1692 1777 111 18 deleterious
1820 1777 55 19 effect

1437 1805 24 11 on
1470 1800 33 16 the
1512 1799 79 18 delicate
1600 1800 113 18 mechanism
1723 1800 20 17 of
1750 1801 81 17 watches
1837 1802 37 17 and

1438 1823 93 22 enquiries
1540 1829 31 11 are
1581 1823 108 22 frequently
1698 1823 54 19 made
1761 1830 20 10 as
1793 1826 21 16 to
1823 1824 52 18 what

1437 1846 62 17 watch
1508 1846 15 17 is
1530 1846 41 17 best
1588 1846 82 22 adapted
1685 1847 19 17 to
1722 1847 103 18 withstand
1842 1848 31 18 the

1437 1870 80 21 sulphur
1525 1870 67 17 fumes.
1623 1870 31 17 Mr
1672 1870 62 21 Kohn,
1747 1871 127 18 watchmaker

1437 1893 21 17 of
1470 1892 106 20 Auckland,
1593 1893 62 17 whose
1672 1896 151 15 announcement
1839 1901 23 16 ap-

1437 1922 54 15 pears
1499 1917 20 15 in
1527 1917 80 16 another
1616 1917 81 20 column,
1708 1918 81 21 supplies
1804 1924 12 10 a
1829 1924 33 16 par-

1437 1939 68 18 ticular
1513 1939 55 18 make
1577 1940 20 17 of
1609 1940 144 22 stem-winding
1768 1941 105 17 watches—

1437 1962 46 17 both
1491 1963 65 16 ladies'
1566 1963 38 16 and
1616 1963 209 22 gentlemen's—which
1842 1971 31 11 are

1437 1986 107 17 warranted
1552 1986 114 22 impervious
1675 1988 19 16 to
1703 1987 32 17 the
1744 1987 101 18 influences
1854 1988 19 17 in

1437 2009 92 22 question.
1555 2009 27 17 To
1592 2016 34 10 our
1640 2016 43 10 own
1697 2010 112 22 knowledge
1827 2011 46 22 they

1436 2033 48 16 have
1492 2033 47 16 been
1549 2033 61 17 tested
1619 2033 44 17 here
1671 2033 37 17 and
1718 2033 54 18 stood
1783 2034 33 17 the
1828 2034 44 19 trial

1437 2056 123 22 unimpaired.

1460 2087 39 17 The
1508 2087 48 17 close
1565 2088 20 16 of
1593 2088 33 16 the
1635 2088 80 17 football
1724 2094 64 12 season
1801 2089 39 17 will
1849 2089 23 18 be

1437 2110 76 18 marked
1522 2111 26 22 by
1553 2117 12 11 a
1571 2111 39 17 ball
1617 2111 60 17 under
1684 2111 31 18 the
1722 2112 83 22 auspices
1814 2113 21 16 of
1840 2113 32 17 the

1437 2134 48 17 Club
1494 2136 20 15 to
1524 2134 44 17 take
1576 2134 54 23 place
1639 2136 18 15 in
1667 2135 32 16 tho
1715 2135 87 17 Pukoroa
1818 2136 53 21 Hall,

1437 2164 24 10 on
1470 2157 69 22 Friday
1549 2158 20 16 of
1577 2159 46 15 next
1637 2158 57 17 week.
1728 2158 39 17 The
1781 2164 81 17 arrange

1436 2182 61 16 ments
1506 2181 39 16 will
1553 2181 23 17 be
1582 2181 20 16 of
1611 2187 10 10 a
1628 2187 51 11 more
1685 2181 46 17 than
1736 2181 75 22 usually
1818 2188 39 12 com-

1435 2204 50 22 plete
1502 2205 68 16 nature
1578 2204 38 17 and
1631 2204 32 17 the
1672 2210 49 16 caps,
1732 2205 28 16 for
1769 2205 61 18 which
1840 2205 32 18 the

1435 2224 49 20 local
1500 2229 60 15 teams
1574 2228 48 16 have
1639 2228 47 16 been
1702 2228 114 23 competing,
1831 2229 39 17 will

1436 2251 45 17 then
1489 2251 24 17 be
1521 2250 100 23 presented
1630 2251 20 17 to
1658 2251 33 17 the
1701 2251 84 18 winners.

1458 2282 39 17 The
1506 2282 73 17 natives
1588 2282 104 17 assembled
1701 2282 19 17 in
1727 2283 145 22 largenumbers

1435 2306 21 16 at
1464 2306 32 16 the
1505 2306 78 16 Mourea
1593 2305 108 17 settlement
1710 2306 69 23 during
1787 2306 33 18 the
1828 2308 44 21 past

1436 2329 51 17 week
1496 2329 19 16 to
1524 2328 45 18 take
1581 2331 42 19 part
1633 2329 18 17 in
1663 2329 31 17 the
1709 2329 53 23 tangi
1779 2335 45 11 over
1839 2330 21 17 Ti-

1435 2352 68 17 whana
1512 2351 126 18 Awakohuku
1648 2352 62 18 whose
1719 2352 55 17 death
1784 2358 39 13 was
1840 2359 20 12 re-

1435 2375 68 17 corded
1511 2376 20 16 in
1541 2381 34 11 our
1583 2375 36 17 last
1626 2376 55 16 issue.
1706 2376 23 16 In
1737 2376 32 17 the
1778 2382 64 11 course
1851 2377 21 18 of

1435 2399 32 17 the
1475 2399 55 21 tangi
1539 2404 11 11 a
1559 2399 74 22 dispute
1642 2404 52 12 arose
1703 2405 20 11 as
1736 2402 20 14 to
1769 2399 33 17 the
1818 2400 53 22 place

1435 2423 20 16 of
1463 2421 67 18 burial.
1555 2422 40 17 The
1611 2422 85 17 Rotorua
1710 2423 58 17 chiefs
1782 2423 38 17 had
1835 2429 36 11 one

1435 2445 76 22 opinion
1519 2445 38 17 and
1564 2445 32 17 the
1602 2445 131 23 Ngatipikiau,
1740 2445 29 18 led
1775 2446 25 22 by
1807 2446 64 22 Major

1435 2468 47 21 Fox,
1492 2468 38 17 had
1539 2468 86 17 another.
1650 2468 39 17 The
1694 2468 58 17 latter
1759 2470 73 17 wanted
1839 2470 31 17 the

1435 2492 50 22 body
1499 2491 83 18 interred
1595 2493 21 15 at
1632 2492 78 17 Rotoiti.
1743 2492 54 17 After
1815 2493 55 17 much

1435 2515 103 17 discussion
1550 2515 15 17 it
1581 2520 38 12 was
1637 2517 20 15 at
1673 2515 66 23 length
1755 2515 115 18 determined

1434 2539 43 16 that
1493 2539 32 16 the
1543 2538 80 17 remains
1640 2538 67 17 should
1724 2539 23 16 be
1762 2539 67 18 buried
1846 2545 24 12 on

1435 2562 200 22 Kangiwhakakapua,
1646 2568 11 10 a
1665 2561 34 17 hill
1708 2562 60 17 which
1786 2562 16 17 is
1816 2564 53 21 tapu,

1435 2585 37 17 and
1488 2585 34 17 lies
1539 2585 84 17 between
1640 2585 33 17 the
1689 2586 38 16 two
1741 2585 57 17 lakes.
1832 2585 39 18 The

1434 2608 51 22 body
1493 2614 39 11 was
1541 2608 121 22 accordingly
1672 2609 93 21 conveyed
1776 2609 53 17 there
1846 2615 24 11 on

1434 2632 98 21 Thursday
1541 2632 106 17 afternoon.
1673 2632 38 16 The
1720 2632 72 17 funeral
1801 2632 70 18 service

1435 2661 37 11 was
1481 2654 105 18 conducted
1595 2654 25 23 by
1630 2655 32 17 the
1672 2655 45 17 Rev.
1726 2655 80 17 Ratema
1814 2656 42 17 Awe-

1434 2678 78 20 kotuiiu,
1522 2678 78 16 brother
1609 2678 20 17 of
1638 2678 87 17 deceased
1734 2679 37 16 and
1780 2679 34 16 her
1830 2685 40 14 son,

1435 2701 31 18 Mr
1474 2701 29 18 W.
1513 2701 25 17 K.
1548 2701 48 19 Tait,
1607 2701 42 17 who
1658 2701 15 17 is
1688 2707 11 11 a
1713 2701 77 18 student
1804 2703 21 16 of
1838 2702 33 17 the

1435 2724 120 22 Theological
1565 2724 82 22 College.
1658 2724 97 17 Gisborne.
1779 2725 40 17 The
1832 2725 28 17 lat-

1435 2749 29 16 ter
1480 2748 93 22 preached
1590 2748 32 17 the
1640 2748 72 16 funeral
1730 2754 74 11 sermon
1821 2749 49 17 from

1435 2771 46 17 Rev.
1492 2772 27 19 14,
1535 2777 18 11 v.
1573 2772 27 17 13.
1637 2771 76 17 Blessed
1727 2777 31 11 are
1774 2772 33 16 the
1824 2772 48 16 dead

1435 2795 43 16 that
1487 2794 29 17 die
1524 2794 21 17 in
1553 2794 32 17 the
1694 2794 39 17 The
1741 2795 54 20 tangi
1808 2795 16 17 is
1833 2795 39 17 still

1435 2818 120 22 proceeding,
1570 2823 20 11 as
1609 2818 73 16 natives
1703 2818 49 16 from
1772 2818 101 22 Tauranga

1435 2840 38 18 and
1482 2841 54 17 other
1544 2840 63 23 places
1619 2846 32 12 are
1667 2841 95 22 expected.

1459 2872 55 17 After
1522 2872 32 17 the
1563 2872 75 17 funeral
1644 2872 77 17 services
1730 2872 37 17 had
1773 2873 47 16 been
1827 2872 46 23 duly

1436 2895 107 22 performed
1552 2897 19 15 at
1583 2896 33 16 the
1631 2896 79 16 Mourea
1724 2896 36 17 last
1774 2896 99 22 Thursday

1437 2919 32 17 the
1478 2919 72 17 natives
1556 2920 76 21 present
1644 2918 85 23 engaged
1738 2919 19 17 in
1771 2925 12 11 a
1797 2919 76 22 tug-o'-

1437 2948 43 14 war,
1491 2942 33 17 the
1532 2943 60 16 teams
1600 2941 62 23 pitted
1671 2942 75 22 against
1759 2942 45 17 each
1820 2943 55 17 other

1437 2965 130 23 representing
1576 2965 73 17 Rotoiti
1660 2964 38 18 and
1711 2965 90 17 Rotorua.
1835 2966 40 17 The

1437 2989 36 22 tug
1482 2994 38 12 was
1527 2994 11 11 a
1547 2988 73 23 willing
1629 2994 35 11 one
1673 2994 19 11 as
1701 2994 12 11 a
1720 2990 64 16 recent
1799 2988 76 23 dispute

1437 3018 48 16 gave
1494 3012 87 22 strength
1590 3013 21 15 to
1619 3011 33 17 the
1661 3011 78 17 muscles
1748 3012 19 16 of
1778 3012 33 16 the
1828 3018 34 11 con-

1437 3036 87 16 testants.
1550 3035 60 16 Aided
1618 3035 26 21 by
1652 3035 33 16 the
1694 3035 63 17 native
1768 3035 65 23 clergy
1842 3035 33 18 the

1438 3058 84 17 Rotorua
1531 3063 43 12 men
1582 3063 50 12 won.

1461 3089 39 17 The
1520 3089 126 23 Prospecting
1666 3089 116 18 Association
1802 3089 46 18 held
1865 3096 11 11 a

1438 3113 84 21 meeting
1531 3118 24 11 on
1564 3112 85 22 Monday
1657 3112 56 22 night
1726 3114 20 15 to
1759 3113 71 17 receive
1846 3119 20 11 re-

1438 3137 53 21 ports
1501 3136 49 17 from
1559 3136 32 17 the
1600 3137 118 20 prospectors
1724 3136 41 17 who
1774 3136 48 17 have
1827 3136 47 17 been

1439 3161 20 15 at
1468 3159 52 17 work
1529 3160 20 16 at
1557 3159 101 17 Horohoro
1667 3159 38 17 and
1718 3159 20 17 in
1754 3159 32 17 the
1802 3159 59 22 neigh
1863 3159 4 22 l

1440 3181 84 18 borhood
1533 3182 20 17 of
1561 3182 154 22 Tapuaeharuru.
1724 3188 25 11 on
1757 3181 52 18 Lake
1815 3183 48 16 Roto-

1439 3205 28 17 iti.
1493 3205 22 15 Tr>
1525 3205 68 22 regard
1599 3206 20 15 to
1625 3205 34 16 the
1668 3205 70 17 former
1752 3204 78 24 locality
1846 3206 31 16 Mr

1440 3228 115 17 Macdonald
1564 3228 62 17 stated
1635 3228 43 17 that
1686 3228 23 17 he
1718 3228 37 18 had
1764 3229 60 17 found
1842 3235 23 11 no-

1440 3251 56 21 thing
1505 3251 61 17 which
1577 3251 63 17 would
1647 3251 81 17 indicate
1742 3251 32 17 tho
1788 3257 89 17 presence

1441 3275 20 16 of
1470 3274 51 23 gold.
1546 3274 59 17 What
1613 3274 33 17 the
1654 3274 70 18 Maoris
1737 3275 93 17 reckoned
1838 3281 39 12 was

1440 3299 67 21 quartz
1515 3303 39 11 was
1563 3298 69 21 simply
1641 3303 11 11 a
1661 3298 138 21 conglomerate
1808 3298 21 17 of
1835 3298 31 17 vol-

1441 3321 52 17 canic
1502 3322 75 16 matter.
1595 3317 31 21 He
1635 3321 38 16 had.
1681 3321 97 17 bottomed
1787 3321 32 17 the
1825 3321 53 17 holes

1441 3344 62 17 which
1511 3343 38 18 had
1558 3343 47 18 been
1618 3344 48 17 sunk
1679 3343 35 18 but
1729 3344 38 17 had
1783 3350 53 11 come
1853 3350 24 11 on

1441 3367 82 22 nothing
1531 3367 44 17 that
1583 3367 45 22 gold
1638 3366 62 18 would
1709 3367 36 17 live
1752 3367 25 17 in.
1802 3368 31 17 He
1840 3368 38 16 had

1441 3390 47 17 been
1497 3395 24 12 on
1529 3390 48 17 both
1586 3390 49 17 sides
1644 3390 19 17 of
1672 3390 32 17 the
1717 3396 58 17 range
1788 3391 38 17 and
1840 3390 39 18 had

1442 3413 49 17 tried
1498 3413 33 17 the
1540 3418 48 17 open
1598 3415 80 20 country
1684 3413 84 17 between
1777 3414 101 16 Horohoro

1442 3436 37 17 and
1487 3436 33 17 the
1529 3436 72 17 Paeroa
1614 3442 75 16 ranges.
1719 3436 32 18 Mr
1763 3437 116 17 Macdonald

1442 3459 38 17 will
1489 3459 71 17 remain
1570 3460 30 16 for
1609 3465 10 11 a
1628 3459 37 22 day
1675 3465 20 11 or
1704 3460 38 16 two
1759 3460 20 16 in
1793 3460 86 17 Rotorua

1442 3482 38 17 and
1485 3482 112 17 afterwards
1606 3484 31 20 try
1652 3482 33 18 the
1701 3484 80 21 country
1793 3482 86 18 between

1442 3505 43 17 here
1494 3505 38 17 and
1540 3505 25 17 Te
1575 3505 59 17 Puke.

1466 3536 17 17 A
1491 3536 68 23 highly
1569 3536 103 18 successful
1680 3538 30 16 tea
1720 3536 37 18 and
1766 3537 57 17 social
1832 3537 46 17 took

1442 3559 53 23 place
1503 3559 20 17 in
1532 3559 33 17 tho
1574 3560 127 17 Schoolhouse
1718 3566 24 12 on
1759 3560 118 22 Wednesday

1443 3582 81 22 evening
1532 3582 37 17 last
1583 3583 19 16 in
1611 3583 32 16 aid
1659 3583 20 17 of
1687 3583 33 17 the
1734 3583 58 17 funds
1808 3584 31 17 for
1847 3583 33 18 the

1443 3606 81 16 erection
1533 3605 20 17 of
1561 3606 33 16 the
1603 3606 131 22 Presbyterian
1748 3606 75 17 church.
1841 3606 39 17 Tho

1444 3628 98 18 festivities
1551 3629 120 17 commenced
1679 3630 20 16 at
1705 3630 10 16 6
1726 3629 70 18 o'clock
1805 3630 56 16 when
1870 3635 10 11 a

1444 3651 50 23 good
1501 3651 81 18 number
1598 3653 29 16 sat
1644 3652 55 17 down
1716 3653 20 16 to
1745 3658 24 11 an
1785 3652 95 18 excellent

1444 3676 35 15 tea.
1505 3675 26 16 At
1540 3675 24 16 its
1581 3675 108 17 conclusion
1706 3681 63 17 games
1784 3681 48 12 were
1847 3675 20 17 in-

1444 3698 71 22 dulged
1523 3697 27 21 in,
1559 3698 38 16 and
1606 3704 10 11 a
1621 3698 135 17 well-selected
1761 3704 119 17 programme

1444 3726 38 12 was
1491 3721 104 17 submitted
1604 3721 19 17 in
1632 3721 62 17 which
1702 3721 105 17 Mesdames
1816 3721 61 21 Cross,

1444 3743 78 21 Wilson,
1532 3743 67 18 Misses
1612 3744 94 22 Murrays,
1725 3745 60 19 Cross,
1804 3744 75 22 Cossey,

1445 3767 91 20 Griffiths,
1546 3767 102 21 Thomson,
1659 3767 58 19 Scott,
1725 3768 75 19 Reeves,
1811 3768 70 17 Messrs

1445 3790 84 20 Samson,
1555 3790 87 20 Webber,
1667 3790 85 22 Willacy,
1774 3790 106 21 O'Connor,

1445 3813 61 20 Cross,
1532 3813 89 21 Graham,
1636 3813 105 17 McArthur
1763 3813 37 17 and
1816 3819 66 17 young

1445 3836 75 17 Purcell
1529 3837 43 16 took
1582 3839 50 19 part.
1658 3836 38 17 Tho
1710 3837 172 21 accompaniments

1445 3864 49 12 were
1499 3858 69 23 played
1576 3860 26 21 by
1611 3860 41 16 Mrs
1660 3859 46 17 Keir
1714 3859 38 17 and
1760 3860 46 16 Miss
1819 3860 61 17 Cross.

1445 3882 40 16 The
1493 3883 31 15 tea
1532 3882 38 17 and
1579 3888 70 17 supper
1656 3882 60 17 tables
1733 3888 48 12 were
1795 3882 87 22 presided

1447 3910 44 11 over
1498 3905 26 21 by
1532 3905 107 18 Mesdames
1648 3905 60 21 Cross,
1719 3905 83 22 Murray,
1809 3905 72 23 Hoyes,

1447 3928 37 17 and
1492 3928 82 20 Purcell,
1584 3928 79 17 assisted
1671 3928 26 22 by
1713 3928 40 17 Mrs
1769 3928 111 21 McArthur,

1447 3950 66 18 Misses
1522 3950 85 23 Murray,
1617 3951 101 20 Thomson,
1728 3952 69 21 Cossey
1814 3952 55 22 Doug-

1447 3974 37 16 and
1493 3973 142 18 Hawksworth.
1660 3975 39 16 The
1706 3975 87 21 proceeds
1802 3980 67 12 amoun-

1447 3996 33 18 ted
1487 3997 21 16 to
1517 3996 26 17 £5
1553 3997 95 17 exclusive
1656 3997 21 17 of
1685 4003 95 16 expenses.

1570 4033 65 18 IRON
1649 4034 99 17 NERVES

1543 4086 46 22 jreat
1610 4086 75 22 quality
1706 4087 47 16 born
1781 4092 19 10 in
1827 4092 55 11 some.

1532 4114 64 11 ..ervcs
1610 4113 44 18 may
1670 4108 23 17 be
1711 4108 136 23 strengthened
1861 4109 21 22 by

1449 4131 32 17 the
1490 4137 32 11 use
1531 4132 20 16 of
1564 4137 51 11 some
1624 4131 141 17 time-honored
1779 4132 103 20 stimulant,

1449 4154 45 17 such
1504 4160 21 11 as
1533 4154 78 17 AVolfe'a
1617 4153 103 23 Schnapps.

1908 128 52 17 TIIE
1969 128 94 18 PUBLIC
2074 128 92 18 WORKS
2181 128 160 18 STATEMENT.

1930 174 39 17 The
1978 174 67 18 Public
2053 175 67 16 Works
2128 175 107 16 Statement
2247 175 35 17 has
2296 175 46 17 been

1906 197 40 16 laid
1953 197 65 18 before
2032 199 33 16 the
2080 198 65 16 House
2162 198 37 16 and
2220 198 50 17 from
2285 199 16 16 it
2315 204 28 11 we

1906 220 53 17 learn
1972 220 42 18 that
2023 226 11 12 a
2043 227 42 11 sum
2094 221 20 16 of
2129 220 80 21 £41,715
2227 222 35 16 out
2275 222 20 16 of
2310 222 33 16 the

1907 243 81 20 £50,000
1997 244 91 22 provided
2097 244 30 16 for
2135 244 32 17 the
2177 244 131 22 development
2324 245 19 17 of

1906 266 34 17 the
1948 267 81 17 thermal
2037 267 75 22 springs
2120 267 39 16 and
2173 267 77 17 natural
2267 273 76 17 scenery

1906 289 16 18 is
1930 290 89 17 included
2027 291 19 16 in
2061 290 33 17 the
2108 290 101 17 estimates.
2240 289 45 18 This
2302 297 41 11 sum

1906 313 40 17 will
1962 314 20 16 of
1999 319 64 12 course
2077 313 24 17 be
2117 313 99 22 expended
2232 313 21 17 in
2268 314 75 17 various

1906 335 91 18 localities
2011 337 36 17 but
2060 337 86 16 Rotorua
2162 337 68 22 people
2240 343 45 16 may
2298 343 34 11 con-

1906 360 96 22 gratulate
2011 360 111 17 themselves
2132 365 24 12 on
2166 360 32 17 the
2207 360 39 17 fact
2254 360 44 17 that
2305 360 15 17 it
2327 360 16 17 is

1906 382 99 23 explicitly
2014 384 28 16 set
2050 383 51 17 forth
2111 383 20 17 in
2140 383 33 17 the
2186 383 106 17 Statement
2301 384 43 16 that

1906 405 33 17 the
1946 407 51 16 most
2004 406 106 21 important
2118 406 52 17 work
2183 407 19 16 to
2215 406 24 17 be
2252 406 91 23 provided

1906 428 30 18 for
1944 429 60 17 under
2012 429 37 17 this
2058 429 50 17 head
2117 429 16 17 is
2141 429 33 17 the
2183 429 91 23 drainage
2279 430 21 17 of
2311 429 32 18 the

1905 452 101 22 township.
2032 451 24 18 In
2065 452 69 22 regard
2141 453 19 16 to
2170 453 37 16 this
2216 453 33 16 the
2258 452 72 18 Govern-

1905 476 53 16 ment
1967 476 15 16 is
1990 481 43 11 now
2042 476 105 22 arranging
2156 476 30 17 for
2191 476 81 17 suitable
2277 476 67 22 expert

1905 498 65 17 advice
1987 499 37 17 and
2042 504 28 11 we
2087 504 34 11 can
2136 499 45 22 only
2197 499 49 22 hope
2263 499 44 17 that
2318 504 25 12 no

1905 521 73 18 farther
1985 522 99 17 vexatious
2091 521 55 23 delay
2154 522 39 17 will
2202 528 56 11 occur
2265 522 20 17 in
2291 522 41 18 deal-

1905 545 35 22 ing
1948 545 47 16 with
2004 545 31 17 the
2042 546 77 16 matter.
2144 546 153 21 Improvements
2306 544 38 18 and

1905 568 95 17 additions
2016 574 31 11 are
2065 568 40 17 also
2127 570 20 16 to
2162 568 23 18 be
2202 568 56 18 made
2272 570 21 16 at
2308 568 33 18 the

1904 591 56 17 baths
1966 592 48 19 hero,
2025 591 38 17 and
2072 593 20 15 to
2100 591 32 17 the
2140 598 65 11 means
2213 592 21 17 of
2242 598 62 11 access
2313 593 26 19 to,

1903 615 38 17 and
1946 621 69 16 proper
2023 615 130 18 conservation
2159 615 19 17 of
2190 615 33 17 the
2228 615 35 17 hot
2268 615 66 23 spring

1904 640 20 15 at
1933 637 90 18 Tokaanu
2033 638 37 17 and
2082 638 105 23 Waiotapu.
2218 638 60 17 Other
2286 640 44 15 nota-

1903 661 32 17 ble
1944 661 60 17 scenic
2014 661 82 17 features
2105 662 40 16 will
2160 662 40 16 also
2214 662 24 16 be
2253 661 90 18 attended

1904 686 20 16 to
1933 686 88 20 amongst
2032 685 61 17 which
2102 685 16 16 is
2138 685 33 17 the
2187 685 85 22 carriage
2291 684 52 18 drive

1904 709 20 16 to
1933 708 33 17 the
1975 707 77 18 summit
2061 708 21 17 of
2091 708 135 22 Ngongotaha.

1927 731 30 22 By
1974 731 32 17 the
2023 731 97 17 estimates
2142 732 61 17 which
2227 732 49 16 have
2293 732 49 17 since

1903 754 48 18 been
1960 753 100 24 published
2069 760 28 12 we
2106 754 40 17 find
2163 755 43 17 that
2220 754 19 18 in
2257 754 85 18 addition

1904 779 20 15 to
1931 778 33 16 the
1973 777 54 17 usual
2036 777 46 18 road
2091 780 52 15 votes
2159 777 68 21 £'2,800
2244 778 34 17 has
2294 778 47 17 been

1904 802 28 16 set
1948 801 56 22 apart
2020 801 29 17 for
2065 801 62 17 works
2145 803 18 15 at
2181 801 96 22 Rotorua;
2292 801 50 18 £2OO

1905 824 30 17 for
1943 826 59 15 water
2010 824 69 22 supply
2089 824 4 22 ;
2107 824 50 17 £4OO
2166 825 30 16 for
2204 824 63 17 wharf
2275 824 4 22 ;
2291 824 49 18 £250

1905 847 29 17 for
1943 847 129 22 Ngongotaha
2080 848 46 16 road
2141 848 38 16 and
2197 847 49 17 £SOO
2264 848 30 17 for
2309 848 32 17 the

1903 871 80 17 Mourea
1990 871 71 21 bridge.
2088 871 76 17 Besides
2170 871 53 17 these
2229 871 52 17 there
2287 877 55 11 are—

1904 894 107 22 Waiotapu,
2021 894 49 17 £OOO
2078 894 4 22 ;
2105 894 158 17 Orakei-Korako
2279 894 49 17 £SOO
2335 901 5 14 ;

1903 917 66 22 Taupo
1986 917 87 20 Domain,
2093 916 49 18 £4OO
2152 916 3 23 ;
2178 918 91 16 Tokaanu
2285 918 56 16 baths

1903 940 38 17 and
1951 941 58 16 water
2015 941 76 22 supply,
2098 940 60 23 £500;
2173 941 91 16 Tokaanu
2273 941 67 20 wharf,

1904 963 56 18 £2OO.
1986 963 65 18 Under
2060 963 33 18 the
2099 964 63 17 native
2179 963 55 17 lands
2248 964 93 22 purchase

1903 988 81 16 account
1992 993 31 11 are
2032 993 11 10 a
2049 987 80 16 number
2138 987 20 16 of
2163 989 58 16 votes,
2230 987 33 16 the
2268 987 72 23 largest

1903 1010 58 21 being
1977 1010 121 17 Rotorua-Te
2113 1010 56 20 Teko,
2183 1010 69 18 £3.500
2262 1010 4 21 ;
2280 1010 48 18 Roto-

1902 1033 298 21 rua-Galatea-Waikaremoana,
2207 1032 70 22 £8,500
2286 1032 4 22 ;
2301 1034 26 17 Ro-

1902 1056 307 22 towhero-Waiotapu-Wairakei,
2220 1056 76 20 £3,400.

2004 1113 84 17 FATAL
2100 1113 136 17 ACCIDENT.

1925 1160 18 17 A
1951 1160 91 22 telegram
2051 1166 40 11 was
2099 1160 83 17 received
2199 1160 38 17 this
2251 1161 89 22 morning

1902 1184 49 16 from
1960 1184 32 16 Mr
2000 1184 77 19 Mcßae,
2090 1184 19 16 of
2119 1184 31 16 the
2163 1183 100 22 Waverley
2272 1184 64 20 Hotel,

1901 1207 42 17 Auc
1955 1207 50 19 land,
2025 1207 73 22 stating
2119 1207 42 17 that
2181 1213 11 10 a
2213 1212 66 17 young
2295 1213 43 11 man

1900 1230 69 17 named
1978 1230 63 17 James
2051 1229 77 21 Franks,
2140 1230 88 22 formerly
2234 1230 19 17 in
2261 1230 28 17 his
2298 1236 27 11 em-

1900 1253 105 22 ployment,
2016 1253 37 17 had
2063 1254 58 16 fallen
2131 1254 48 15 from
2189 1259 34 12 one
2233 1254 20 16 of
2261 1254 32 16 the
2302 1259 24 17 up-

1900 1282 34 17 per
1943 1276 89 18 windows
2046 1277 19 17 of
2082 1276 32 17 the
2131 1276 57 21 hotel,
2207 1276 58 18 death
2281 1277 57 22 being

1900 1300 69 17 almost
1976 1300 149 16 instantaneous.

1924 1323 73 18 Franks
2013 1329 38 11 was
2068 1323 123 17 well-known
2209 1323 19 16 in
2246 1323 90 21 Rotorua,

1899 1346 72 23 having
1980 1346 75 17 worked
2064 1346 30 17 for
2102 1346 32 17 Mr
2141 1346 73 17 Mcßae
2223 1347 54 16 when
2286 1347 50 16 here.

1900 1370 92 21 Recently
2000 1370 23 16 ho
2032 1369 37 17 had
2078 1370 47 16 been
2134 1371 20 15 at
2169 1370 76 19 Paeroa,
2264 1370 36 17 but
2308 1376 19 11 re-

1900 1393 69 17 turned
1978 1395 19 15 to
2014 1393 100 17 Auckland
2124 1399 10 10 a
2143 1393 37 17 few
2190 1393 46 21 days
2245 1399 44 16 ago.

1899 1457 53 17 THE
1962 1456 142 19 AUCKLAND
2112 1457 141 17 CURIOSITY
2263 1457 72 18 SHOP.

1971 1503 36 17 Mr
2016 1503 51 17 Enic
2075 1503 82 18 Chaio's
2167 1503 98 18 Museum.

1923 1533 79 20 Visitors
2019 1536 20 16 to
2060 1535 99 17 Auckland
2181 1534 70 18 seldom
2269 1535 33 17 fail
2317 1536 19 16 to

1899 1558 73 22 inspect
1985 1559 32 16 the
2034 1558 88 17 Museum
2131 1559 21 16 at
2159 1558 31 18 the
2196 1560 33 20 top
2241 1559 20 16 of
2270 1559 55 16 Short-

1899 1581 46 17 land
1954 1582 62 17 Street
2024 1587 20 12 so
2053 1581 45 22 ably
2107 1582 86 21 presided
2207 1587 45 12 over
2266 1582 25 21 by
2305 1582 31 17 Mr

1898 1604 21 18 T.
1929 1605 21 17 F-
1960 1604 120 21 Cheeseman,
2092 1604 37 18 and
2145 1605 49 17 after
2207 1604 70 23 gazing
2289 1605 47 17 with

1898 1634 52 11 more
1959 1634 21 11 or
1988 1628 36 17 less
2032 1628 82 21 longing
2122 1629 21 16 at
2151 1628 33 17 the
2192 1628 39 17 rich
2242 1628 39 17 and
2294 1634 41 12 rare

1898 1651 104 23 specimens
2014 1651 98 23 displayed
2127 1653 20 16 to
2160 1651 50 18 their
2229 1651 53 21 view,
2300 1651 36 18 but

1898 1675 62 17 which
1969 1681 31 10 are
2008 1674 75 23 beyond
2093 1675 31 16 the
2133 1681 64 16 power
2205 1675 20 16 of
2235 1675 98 22 purchase,

1898 1698 14 17 it
1921 1698 15 17 is
1952 1698 46 17 with
2016 1698 117 17 satisfaction
2147 1698 45 23 they
2206 1700 44 15 turn
2267 1699 19 16 to
2303 1698 32 18 the

1898 1722 51 16 curio
1971 1721 46 22 shop
2039 1721 19 17 of
2079 1721 31 17 Mr
2130 1721 44 17 Eric
2195 1721 58 22 Craig
2273 1721 62 17 where

1898 1745 84 22 replicas,
1993 1750 21 11 or
2022 1744 65 18 rather
2096 1745 109 21 duplicates,
2216 1745 20 16 of
2248 1750 58 17 many
2315 1745 19 17 of

1897 1768 54 17 those
1960 1768 65 22 things
2033 1768 61 19 which
2104 1768 47 17 have
2160 1768 101 17 interested
2275 1768 58 19 them,

1897 1797 44 16 may
1950 1791 23 17 be
1980 1791 88 17 obtained
2077 1792 21 16 at
2105 1797 11 11 a
2126 1791 147 22 comparatively
2280 1791 54 18 small

1897 1815 72 21 outlay.
1994 1815 31 16 Mr
2039 1814 73 23 Craig's
2125 1815 48 21 shop
2189 1815 15 17 is
2221 1814 20 17 in
2258 1815 76 17 Princes

1897 1838 62 17 Street
1979 1838 57 17 about
2051 1843 11 12 a
2079 1837 142 18 stone's-throw
2238 1838 49 17 from
2301 1839 33 16 the

1896 1861 94 20 Museum,
2012 1861 37 17 and
2070 1861 50 17 faces
2136 1860 33 18 the
2187 1861 64 17 Grand
2268 1861 64 18 Hotel.

1896 1884 77 18 Viewed
1980 1885 47 17 from
2037 1884 32 17 the
2079 1886 56 15 street
2145 1884 14 17 it
2168 1884 16 17 is
2193 1890 23 11 an
2229 1886 91 21 unpreten-

1897 1908 50 16 tious
1955 1908 50 16 little
2013 1907 94 23 building,
2122 1907 33 17 but
2168 1914 46 10 once
2225 1914 62 11 across
2301 1909 32 16 the

1897 1931 98 17 threshold
2006 1931 31 17 the
2053 1931 66 16 visitor
2132 1931 15 16 is
2161 1930 95 24 surprised
2272 1933 21 15 at
2308 1932 25 17 its

1897 1954 120 17 dimensions.
2050 1954 39 17 The
2103 1955 51 16 main
2169 1954 117 17 show-room
2300 1961 22 11 ex-

1896 1978 55 17 tends
1959 1978 48 16 back
2016 1978 58 16 about
2081 1979 23 15 80
2110 1977 49 22 feet;
2174 1984 11 10 a
2191 1978 47 21 long
2247 1980 84 18 counter,

1896 2006 24 12 on
1938 2001 61 17 which
2018 2003 20 15 at
2054 2001 90 16 intervals
2161 2007 50 11 cases
2228 2001 20 17 of
2265 2002 66 20 curios,

1896 2024 39 20 &c,
1946 2030 32 11 are
1986 2023 71 23 placed,
2067 2024 16 17 is
2093 2024 18 17 in
2120 2024 32 17 the
2167 2025 63 16 centre
2237 2023 4 23 ;
2262 2030 24 11 on
2300 2025 33 17 the

1896 2053 35 11 one
1940 2048 43 16 wall
1992 2053 31 11 are
2032 2047 98 22 displayed
2139 2047 95 22 curiously
2243 2048 88 22 wrought

1896 2072 49 16 mats
1953 2070 37 18 and
1999 2071 63 17 native
2071 2076 88 17 weapons
2168 2071 48 17 from
2226 2070 33 18 the
2266 2071 66 22 rudely

1895 2093 71 23 shaped
1987 2094 116 22 boomerang
2123 2095 20 15 of
2167 2094 32 17 the
2223 2094 108 18 Australian

1895 2117 107 22 aboriginal
2009 2119 21 16 to
2038 2117 32 17 the
2079 2117 99 22 strangely
2187 2117 97 17 contrived
2295 2118 24 17 im-

1895 2140 93 23 plements
1997 2141 19 16 of
2025 2140 64 17 attack
2098 2146 21 11 or
2127 2140 77 17 defence
2213 2141 19 16 of
2241 2142 33 15 the
2281 2147 50 11 more

1894 2164 100 22 ingenious
2014 2163 87 17 denizens
2122 2164 19 16 of
2161 2164 33 16 the
2215 2164 60 17 South
2296 2164 35 17 Sea

1895 2187 80 17 Islands.
2001 2186 73 18 Behind
2092 2187 32 16 the
2140 2188 78 16 counter
2233 2193 32 11 are
2281 2192 50 12 cases

1894 2210 136 21 innumerable,
2047 2210 26 17 all
2088 2210 134 22 methodically
2237 2210 94 22 arranged

1894 2233 38 17 and
1948 2234 101 22 testifying
2065 2235 20 15 to
2101 2233 33 17 the
2150 2234 125 22 unwearying
2289 2239 42 12 care

1894 2257 62 17 which
1964 2257 16 17 is
1988 2256 95 18 bestowed
2099 2262 50 16 upon
2166 2257 50 17 their
2230 2257 91 17 classifica-

1894 2279 47 18 tion.
1974 2279 39 18 The
2030 2279 98 18 collection
2145 2280 21 17 of
2182 2280 50 17 ferns
2249 2280 16 17 is
2281 2281 50 17 most

1894 2303 93 22 complete
2004 2303 35 16 and
2057 2309 68 15 ranges
2141 2303 49 16 from
2208 2303 32 16 the
2257 2304 74 17 modest

1894 2326 49 18 book
1952 2326 21 18 of
1981 2326 57 18 about
2047 2333 11 10 a
2067 2325 59 18 dozen
2134 2326 86 17 varieties
2227 2326 63 18 which
2296 2333 34 11 can

1894 2350 23 16 be
1924 2350 88 17 obtained
2019 2350 29 16 for
2055 2349 143 21 half-a-crown,
2206 2351 20 15 to
2235 2350 33 17 the
2275 2356 41 17 mag-

1894 2373 97 22 nificently
2004 2373 64 17 bound
2082 2373 65 16 album
2164 2373 46 17 witli
2227 2373 66 22 panels
2310 2373 20 18 of

1894 2396 80 17 mottled
1983 2396 53 17 kauri
2046 2396 37 17 and
2093 2396 110 22 containing
2218 2397 7 15 1
2228 2396 22 17 52
2265 2397 19 16 of
2298 2397 32 16 the

1896 2420 31 17 172
1933 2420 70 16 known
2009 2419 87 17 varieties
2103 2420 19 16 of
2128 2420 45 16 New
2184 2419 83 17 Zealand
2273 2420 55 18 ferns.

1894 2443 19 17 It
1921 2443 15 17 is
1946 2443 51 22 quite
2006 2449 11 10 a
2025 2443 85 22 pleasure
2125 2444 20 15 to
2159 2443 66 21 glance
2239 2448 45 12 over
2298 2443 31 17 the

1894 2472 58 17 pages
1961 2467 20 16 of
1990 2466 45 17 such
2043 2472 11 11 a
2062 2465 57 18 book.
2144 2466 39 17 The
2192 2467 83 21 greatest
2288 2472 41 11 care

1894 2490 33 17 has
1936 2490 47 16 been
1991 2489 95 18 bestowed
2096 2495 23 11 on
2126 2489 33 16 the
2165 2489 102 23 mounting
2272 2490 19 17 of
2298 2490 31 17 the

1894 2513 70 19 fronds,
1974 2512 49 18 little
2032 2512 61 23 pieces
2102 2514 20 16 of
2130 2518 50 12 moss
2188 2512 58 23 being
2253 2512 47 18 used
2308 2514 20 16 to

1893 2536 27 17 fix
1929 2536 52 17 them
1989 2536 20 16 in
2017 2536 88 22 position.
2130 2536 39 16 The
2184 2536 54 16 effect
2252 2536 16 16 is
2281 2537 49 16 most

1893 2559 78 17 artistic.
2009 2559 99 17 Botanical
2124 2559 108 17 collections
2249 2559 81 17 suitable

1894 2583 30 16 for
1932 2588 94 11 museums
2041 2582 38 17 and
2093 2582 29 17 for
2136 2582 89 17 scientific
2240 2588 90 17 purposes

1894 2612 32 10 are
1934 2606 90 17 mounted
2033 2606 18 16 in
2067 2612 10 10 a
2091 2611 45 16 very
2149 2605 86 18 different
2252 2612 79 11 manner

1894 2629 37 17 and
1940 2629 46 17 with
1995 2635 24 11 an
2028 2634 33 16 eye
2071 2630 19 15 to
2100 2629 48 16 their
2158 2635 32 11 use
2199 2628 25 23 by
2237 2629 92 17 students.

1894 2652 25 17 Of
1927 2652 32 17 the
1970 2653 32 16 172
2011 2652 68 17 known
2086 2652 86 17 varieties
2177 2652 19 17 in
2204 2652 51 17 these
2261 2652 70 17 islands

1896 2676 32 16 140
1937 2681 31 11 are
1977 2676 65 16 shown
2051 2676 19 16 to
2079 2681 23 11 us
2110 2675 25 22 by
2145 2676 31 16 Mr
2185 2675 62 22 Craig.
2279 2675 52 18 Each

1894 2699 69 22 species
1970 2699 15 17 is
1993 2698 91 18 mounted
2093 2704 24 11 on
2126 2705 11 10 a
2145 2700 85 20 separate
2235 2699 45 16 card
2286 2699 45 17 with

1894 2723 32 16 the
1934 2728 56 11 name
1999 2721 37 18 and
2044 2721 74 18 habitat
2127 2722 84 17 marked.
2236 2722 39 17 The
2289 2721 43 18 seed

1894 2745 16 17 is
1926 2745 40 17 also
1983 2745 66 17 shown
2065 2744 38 17 and
2120 2745 33 16 the
2169 2746 43 16 root
2232 2745 98 22 complete.

1896 2769 49 17 Such
1955 2768 107 17 collections
2071 2774 35 11 can
2123 2768 23 17 be
2160 2768 89 17 obtained
2262 2768 20 17 in
2296 2770 37 15 sets

1896 2794 19 15 at
1924 2792 49 17 from
1985 2792 29 16 10s
2022 2793 20 16 to
2055 2792 38 16 60s.
2118 2791 32 17 Mr
2163 2791 57 22 Craig
2237 2791 33 17 lias
2283 2792 36 21 pub-

1896 2815 60 17 lished
1965 2821 11 11 a
1984 2815 55 20 book,
2050 2814 62 17 which
2121 2814 39 17 will
2168 2815 24 16 be
2201 2814 59 18 found
2270 2815 19 16 of
2301 2815 32 17 the

1896 2839 84 21 greatest
1988 2838 78 17 interest
2075 2839 20 16 to
2101 2838 95 17 botanical
2203 2838 86 17 students
2296 2838 37 17 and

1896 2862 104 19 collectors,
2011 2861 66 22 giving
2086 2867 24 11 an
2120 2862 55 16 exact
2185 2861 148 22 representation

1897 2885 20 17 of
1926 2885 26 17 all
1960 2885 32 17 the
2001 2885 46 17 New
2056 2884 84 16 Zealand
2154 2884 93 17 varieties.
2281 2885 52 16 With

1897 2909 32 16 the
1950 2908 31 17 aid
1998 2908 20 17 of
2033 2907 39 18 this
2086 2907 33 17 the
2133 2909 85 15 amateur
2234 2907 100 18 botanist's

1898 2931 83 17 troubles
1990 2937 43 16 may
2039 2931 22 16 bo
2068 2930 56 17 much
2129 2930 106 23 mitigated.
2261 2930 32 17 He
2301 2931 33 16 has

1898 2954 38 18 also
1946 2961 11 11 a
1965 2954 114 18 Herbarium
2089 2954 20 16 of
2117 2953 59 17 Ferns
2185 2954 49 17 from
2246 2954 26 16 all
2282 2956 52 20 parts

1898 2978 20 16 of
1926 2978 33 16 the
1968 2977 64 21 world,
2044 2977 29 17 for
2082 2977 94 17 reference
2189 2977 50 21 only,
2254 2977 21 17 of
2291 2983 44 11 over

1898 3001 54 20 2,000
1968 3001 92 19 varieties,
2078 3000 94 22 arranged
2189 3000 37 17 and
2243 2999 91 18 classified

1898 3024 102 22 according
2007 3025 19 16 to
2033 3023 79 17 Hooker
2119 3023 37 17 and
2162 3023 77 17 Baker's
2249 3023 85 23 Synopsis

1898 3048 87 19 Filicum,
1995 3046 26 18 all
2029 3046 20 17 in
2056 3046 36 17 full
2099 3046 51 21 fruit,
2160 3046 86 23 shewing
2254 3043 33 21 the
2294 3048 42 16 root

1898 3071 38 16 and
1943 3070 32 17 the
1985 3070 85 17 different
2079 3071 63 21 stages
2151 3070 20 16 of
2180 3070 74 22 growth
2263 3070 60 16 where-

1899 3099 42 12 ever
1950 3093 86 23 possible,
2047 3093 52 16 fixed
2112 3099 24 11 on
2150 3093 75 22 folding
2240 3093 61 17 sheets
2316 3093 20 17 of

1899 3116 109 21 cardboard,
2020 3117 20 16 10
2049 3122 14 11 x
2073 3116 21 17 18
2101 3116 69 20 inches,
2178 3116 38 17 and
2222 3121 20 12 so
2247 3116 89 22 adjusted

1899 3140 42 17 that
1948 3146 38 15 any
1995 3140 40 16 fern
2045 3145 34 11 can
2088 3139 24 17 be
2122 3139 49 22 fully
2185 3139 99 17 examined
2298 3139 38 17 and

1900 3163 100 23 compared
2009 3163 45 16 with
2063 3168 38 16 any
2110 3163 54 16 other
2173 3162 19 17 in
2198 3163 32 16 the
2237 3162 98 17 collection

1892 3185 1 26 I
1899 3187 48 16 with
1955 3186 50 17 little
2013 3186 81 17 trouble.
2119 3186 24 16 In
2155 3186 46 19 fact,
2210 3186 33 16 the
2257 3185 78 18 method

1900 3210 83 22 ftLiOptcu
1992 3215 58 11 seems
2058 3210 20 16 to
2089 3214 22 12 uC-
2120 3214 20 12 as
2147 3214 66 17 simple
2222 3214 38 11 ana
2265 3210 71 21 perfect

1900 3239 20 11 as
1926 3233 15 16 it
1950 3233 15 16 is
1973 3232 81 23 possible
2063 3233 19 15 to
2092 3232 55 17 make
2155 3232 21 16 it.
2194 3232 34 16 Wo
2237 3233 47 15 next
2292 3233 44 15 turn

1900 3259 20 14 to
1935 3256 33 17 the
1977 3255 107 18 collections
2094 3255 19 17 of
2122 3255 62 17 shells.
2209 3255 52 22 They
2270 3260 31 12 are
2317 3255 19 17 in

1900 3279 74 17 infinite
1983 3278 72 22 variety
2064 3279 50 16 from
2122 3278 32 17 the
2164 3278 64 17 tiniest
2242 3278 58 22 spiral
2316 3280 20 15 to

1900 3302 33 17 the
1941 3302 34 22 big
1984 3302 58 17 conch
2051 3301 37 17 and
2098 3307 31 11 are
2138 3301 25 17 all
2172 3301 46 22 duly
2225 3301 68 17 named
2300 3300 37 18 and

1901 3325 97 17 classified.
2024 3325 55 17 Some
2088 3325 20 17 of
2121 3325 53 16 these
2187 3324 57 17 shells
2257 3330 32 11 are
2303 3330 22 11 ex-

1901 3348 79 22 tremely
1989 3354 41 11 rare
2044 3347 36 18 and
2095 3347 50 18 fetch
2159 3353 26 16 up
2198 3349 20 15 to
2235 3348 33 16 60s
2284 3347 52 17 each.

1901 3371 96 22 Carefully
2006 3370 80 18 selected
2095 3371 102 22 specimens
2206 3376 45 16 may
2264 3370 24 17 be
2303 3370 23 17 ob-

1901 3394 65 17 tained
1973 3394 20 17 in
2002 3394 57 17 boxes
2068 3394 20 16 of
2098 3394 48 16 from
2156 3394 22 16 25
2187 3393 87 17 varieties
2282 3400 26 16 up
2317 3395 19 15 to

1903 3418 52 20 1,000
1969 3417 38 17 and
2019 3417 63 22 priced
2098 3418 19 16 at
2131 3417 49 16 from
2194 3417 19 16 2s
2228 3416 24 17 Gd
2267 3418 20 16 to
2304 3415 32 19 £B.

1901 3440 52 17 Next
1963 3442 20 15 to
1992 3440 32 17 the
2033 3440 56 17 shells
2098 3445 50 12 come
2158 3440 32 17 the
2205 3440 60 17 corals
2278 3440 20 16 in
2312 3440 26 17 all

1901 3464 33 16 the
1951 3463 55 22 glory
2020 3464 20 16 of
2056 3463 50 17 their
2121 3463 79 22 pristine
2213 3462 69 21 colour,
2301 3462 37 18 and

1901 3487 79 22 looking
1988 3492 21 11 as
2017 3487 15 16 if
2040 3486 45 22 they
2093 3486 38 16 had
2140 3486 41 21 just
2189 3485 47 17 been
2253 3485 85 23 dragged

1902 3509 50 18 from
1957 3509 33 18 the
2002 3509 73 18 ocean's
2089 3509 73 22 depths.
2192 3509 61 17 Thero
2268 3514 32 12 are
2317 3509 21 18 70

1902 3532 86 18 varieties
2002 3532 19 17 of
2037 3532 52 17 these
2107 3532 37 17 and
2160 3532 33 17 the
2203 3532 106 22 inspection
2323 3532 15 17 is

1902 3557 50 16 most
1960 3556 117 21 interesting.
2104 3554 51 18 Shell
2164 3554 37 18 and
2216 3555 51 17 coral
2282 3561 44 11 orna-

1903 3580 66 19 ments,
1992 3579 102 19 necklaces,
2122 3579 38 19 &c,
2185 3578 59 20 clubs,
2268 3584 69 16 spears,

1903 3601 61 18 Maori
1973 3601 38 18 and
2024 3601 69 18 Pacific
2108 3601 65 17 Island
2190 3601 66 20 curios,
2275 3601 63 17 native

1902 3626 83 21 pottery,
1995 3626 58 21 tappa
2061 3624 52 17 cloth
2119 3624 38 17 and
2164 3624 73 17 articles
2247 3624 20 17 of
2272 3624 67 22 quaint

1903 3654 21 11 or
1933 3648 99 22 ingenious
2040 3647 67 22 design
2115 3653 33 11 are
2152 3647 94 17 scattered
2254 3647 58 17 about
2319 3647 20 17 in

1903 3671 104 22 profusion,
2016 3671 36 17 but
2060 3671 19 16 in
2088 3669 114 18 methodical
2209 3670 55 17 order
2273 3670 29 17 for
2314 3669 25 18 all

1903 3694 49 21 that,
1962 3694 37 17 and
2008 3694 45 17 each
2061 3693 66 17 article
2134 3693 34 17 has
2175 3693 24 17 its
2204 3693 50 22 price
2261 3692 77 18 marked

1903 3717 20 17 in
1932 3716 138 18 unmistakable
2084 3716 75 22 figures.
2185 3716 21 17 It
2219 3716 15 17 is
2244 3722 10 11 a
2262 3716 41 17 rule
2319 3716 21 17 of

1903 3740 33 17 the
1945 3740 142 17 establishment
2096 3739 42 17 that
2147 3739 26 17 all
2181 3739 60 22 prices
2249 3744 32 12 are
2289 3739 50 17 fixed

1904 3768 46 12 onco
1958 3763 38 17 and
2004 3763 30 17 for
2042 3763 31 20 all,
2087 3762 39 17 and
2138 3763 34 16 not
2187 3762 94 22 arranged
2295 3768 25 11 on
2328 3768 11 11 a

1904 3786 71 22 sliding
1983 3786 49 17 scale
2039 3788 21 15 to
2068 3786 39 16 suit
2115 3785 32 17 the
2156 3785 47 17 class
2213 3786 19 16 of
2239 3786 99 16 customer.

1927 3809 103 22 Mounting
2044 3810 20 16 to
2077 3808 34 17 the
2123 3814 60 16 upper
2195 3808 48 17 floor
2255 3814 29 11 wc
2300 3807 40 18 find

1905 3832 94 17 ourselves
2014 3832 19 16 in
2050 3831 33 17 the
2103 3837 86 11 museum
2209 3837 59 11 room.
2301 3831 39 17 Tho

1905 3855 74 17 articles
1987 3855 44 17 here
2040 3860 31 11 are
2080 3854 30 17 for
2126 3854 103 17 exhibition
2244 3854 45 22 only
2303 3854 37 17 and

1905 3880 34 15 not
1945 3878 29 17 for
1980 3878 43 17 sale.
2033 3878 39 17 Tho
2077 3883 53 11 room
2136 3877 85 17 contains
2227 3883 12 11 a
2247 3877 93 22 specimen

1905 3901 21 17 of
1934 3901 45 17 each
1985 3901 20 17 of
2011 3901 32 17 the
2052 3900 127 18 multifarious
2186 3900 72 17 rarities
2266 3906 25 11 on
2302 3900 38 16 salo

1905 3924 118 20 downstairs,
2032 3923 38 18 and
2086 3929 12 11 a
2114 3924 55 21 great
2182 3928 58 17 many
2253 3923 88 17 valuable

1906 3947 60 17 curios
1974 3947 61 17 which
2044 3947 48 16 have
2101 3952 51 11 come
2166 3946 40 17 into
2220 3946 32 17 Mr
2268 3946 73 22 Craig's

1906 3970 110 22 possession,
2024 3969 37 17 and
2070 3970 20 16 of
2100 3969 59 17 which
2174 3969 17 17 it
2203 3969 16 17 is
2232 3969 61 17 either
2305 3969 24 17 im-

1905 3993 83 21 possible
1996 3998 21 12 or
2026 3992 81 18 difficult
2114 3993 20 16 to
2148 3992 65 17 obtain
2230 3992 110 22 dupbeates.

1906 4016 57 19 Here,
1981 4016 52 17 there
2053 4015 17 17 is
2089 4021 12 11 a
2117 4015 72 22 perfect
2227 4015 103 17 embarrass-

1906 4040 53 15 ment
1967 4040 21 15 of
1995 4038 59 17 riches
2084 4038 49 17 from
2147 4044 11 11 a
2175 4038 97 17 collectors
2288 4038 54 22 point

1907 4062 20 16 of
1936 4062 54 20 view,
2000 4061 36 17 and
2045 4062 16 16 it
2068 4061 16 17 is
2101 4061 80 17 difficult
2197 4062 20 16 to
2233 4062 42 16 tear
2291 4061 50 17 one's

1907 4085 36 16 self
1948 4090 54 16 away
2009 4085 48 16 from
2063 4084 38 17 this
2107 4084 50 22 truly
2164 4083 68 23 unique
2237 4084 103 17 collection.

1907 4108 17 15 A
1940 4107 53 22 largo
2009 4107 79 16 number
2105 4107 20 16 of
2141 4107 32 16 tho
2190 4106 71 23 objects
2277 4107 65 17 shown

1907 4136 74 16 possess
1990 4136 12 10 a
2009 4129 96 17 historical
2114 4129 83 20 interest,
2214 4135 20 11 as
2251 4130 32 16 tho
2300 4129 31 17 des-

1908 4153 79 21 criptive
1995 4152 85 22 placards
2089 4152 89 17 attached
2190 4153 21 16 to
2223 4152 53 17 them
2291 4152 40 17 indi-

2366 132 46 16 cate.
2438 131 40 17 The
2484 131 98 18 collection
2591 133 21 16 of
2619 133 42 16 tikis
2671 132 30 23 (or
2709 132 91 17 distorted

2366 153 67 18 carved
2441 154 71 22 figures
2528 155 19 17 in
2564 155 119 24 greenstone)
2700 156 16 16 is
2732 161 57 11 unsur-

2364 177 68 22 passed
2441 177 19 16 in
2470 177 32 17 the
2514 177 78 23 Colony.
2617 179 59 17 These
2693 181 107 15 ornaments

2365 206 31 11 arc
2405 200 69 22 highly
2482 200 69 18 valued
2558 202 26 21 by
2592 202 33 17 the
2638 203 78 19 natives,
2723 203 33 21 yet
2769 202 31 17 Mr

2365 222 58 23 Craig
2439 223 80 17 informs
2530 230 22 11 us
2566 225 42 17 that
2622 226 53 17 there
2691 226 48 16 have
2753 226 47 17 been

2365 252 51 12 more
2424 246 20 17 in
2457 246 33 18 the
2504 247 74 17 market
2591 248 69 23 during
2673 249 32 17 the
2719 250 44 21 past
2780 249 20 16 12

2365 269 76 18 months
2450 269 48 18 than
2507 271 21 16 at
2541 276 38 16 any
2591 272 87 21 previous
2692 272 51 17 time.
2777 272 23 17 In

2365 298 36 11 one
2410 299 66 11 corner
2485 293 65 17 stands
2558 299 12 11 a
2578 294 91 22 complete
2676 295 38 17 suit
2723 295 19 17 of
2755 295 45 17 mail

2365 315 49 18 from
2424 316 33 17 the
2465 316 47 17 Line
2530 316 80 18 Islands.
2643 318 19 17 It
2678 318 15 17 is
2710 318 55 17 made
2781 319 19 16 of

2365 339 100 21 vegetable
2473 339 48 17 fibre
2529 339 37 17 and
2577 341 54 17 when
2640 341 94 17 stretched
2742 342 58 17 closes

2365 367 26 17 up
2406 362 37 17 like
2457 363 139 18 india-rubber.
2629 364 19 17 It
2664 364 40 17 will
2719 365 54 17 resist
2789 370 11 12 a

2365 384 66 18 leaden
2439 385 61 18 bullet
2510 386 49 17 from
2576 392 35 12 one
2627 388 21 16 of
2663 387 33 17 the
2712 388 88 17 old-time

2365 409 89 19 muskets,
2465 409 37 17 and
2511 415 40 11 was
2558 410 19 16 in
2587 416 32 11 use
2627 410 26 22 by
2661 410 33 17 the
2702 411 72 17 natives
2780 412 20 16 of

2365 431 33 17 the
2406 432 92 17 Marshall
2508 432 65 20 Group
2582 433 46 23 long
2636 433 64 17 before
2708 434 32 16 the
2753 434 35 17 Ger-

2365 460 44 11 man
2422 456 110 20 professors'
2547 456 61 17 bullet
2622 457 56 21 proof
2694 456 51 18 dress
2762 463 38 12 was

2365 477 85 23 thought
2458 479 25 17 of.
2509 479 34 17 We
2551 480 48 16 have
2607 480 43 17 here
2659 480 40 17 also
2707 485 12 12 a
2733 480 57 17 collec-

2365 501 41 17 tion
2414 502 20 16 of
2443 502 62 20 shells,
2516 502 115 23 comprising
2645 504 54 19 3,500
2714 503 86 17 varieties

2365 523 38 18 and
2418 525 94 23 arranged
2538 526 102 22 according
2663 527 21 16 to
2704 526 96 18 Professor

2365 546 77 19 Reeve's
2453 548 117 24 Conchologia
2578 549 77 18 Iconica.
2669 549 17 17 A
2694 549 48 18 kava
2751 549 49 18 bowl

2365 570 50 18 from
2422 571 33 17 the
2464 571 38 23 Fiji
2511 572 75 17 Islands
2602 572 39 17 also
2655 572 66 18 claims
2737 574 52 15 atten-

2364 593 47 17 tion.
2437 595 57 17 From
2502 595 33 17 the
2544 595 48 17 kava
2600 596 47 20 root,
2657 602 21 11 as
2686 596 49 17 most
2741 596 20 17 of
2766 602 34 11 our

2364 617 75 18 readers
2455 617 62 21 know,
2532 624 25 12 an
2573 619 127 23 intoxicating
2714 619 55 17 drink
2785 619 15 17 is

2365 640 54 17 made
2428 640 27 22 by
2463 647 11 10 a
2483 642 64 17 rather
2556 642 108 23 disgusting
2671 648 80 16 process.
2761 642 39 17 The

2364 663 55 22 plant
2427 664 16 17 is
2451 664 69 17 known
2534 666 20 16 to
2562 665 93 17 botanists
2667 671 21 12 as
2700 666 32 17 the
2747 666 53 23 piper

2364 687 124 21 methysticum
2497 687 37 18 and
2547 689 16 17 is
2580 689 70 17 similar
2665 690 21 16 to
2700 689 33 17 the
2747 689 53 22 piper

2364 710 86 17 excehum
2470 711 62 17 which
2554 718 62 16 grows
2631 712 109 22 plentifully
2756 718 44 11 near

2364 733 91 18 Rotorua.

2387 756 61 23 Many
2457 757 57 17 hours
2523 758 55 17 could
2587 758 23 18 be
2625 758 103 23 profitably
2745 760 55 21 spent

2364 779 20 18 in
2392 780 39 17 tiiis
2439 786 61 16 upper
2508 786 53 12 room
2569 781 19 17 in
2604 781 150 23 contemplating
2768 782 32 17 the

2364 804 93 17 treasures
2466 804 62 17 which
2536 805 48 16 have
2592 805 47 17 been
2648 805 91 23 gathered
2751 805 49 17 from

2364 826 25 17 all
2398 828 53 21 parts
2460 827 20 16 of
2488 827 33 17 the
2533 828 91 17 universe.
2656 828 107 22 Specimens
2781 829 19 16 of

2364 855 41 11 rare
2413 851 77 21 pottery
2499 850 55 18 made
2562 851 19 17 in
2587 851 32 17 the
2625 852 46 21 days
2678 852 20 16 of
2704 851 31 17 old
2741 851 59 18 Rome

2363 872 24 18 lie
2396 873 63 17 beside
2468 873 54 17 those
2532 874 128 22 manipulated
2674 875 26 22 by
2712 875 33 17 the
2760 875 40 17 deft

2363 896 71 22 fingers
2443 897 20 16 of
2478 897 32 17 the
2526 897 73 18 Pueblo
2613 898 68 17 Indian
2689 896 4 23 :
2716 898 82 21 Algeria,

2363 919 76 20 Arabia,
2450 920 33 17 the
2491 920 47 17 New
2548 920 97 19 Hebrides,
2664 921 38 21 Fiji
2716 921 36 17 and
2768 922 31 17 the

2564 944 39 18 also
2625 944 105 18 contribute
2751 944 49 18 their

2363 967 64 21 quota.
2453 966 40 18 Not
2501 967 36 17 less
2549 967 112 23 interesting
2675 973 31 11 are
2720 967 32 17 the
2766 974 22 11 ex-

2363 986 57 20 hibits
2434 990 49 17 from
2498 990 32 17 the
2547 991 94 17 countless
2657 991 57 17 tribes
2731 991 20 17 of
2768 991 31 18 the

2363 1012 52 17 Dark
2425 1012 109 21 Continent,
2545 1014 49 17 from
2603 1014 32 17 the
2648 1014 64 20 Sioux,
2730 1013 57 24 Esqui-

2363 1042 57 10 maux
2429 1036 36 17 and
2476 1037 54 16 other
2538 1037 98 17 American
2652 1037 83 20 Indians,
2750 1038 49 17 from

2363 1059 69 17 Arabia
2442 1059 60 21 Felix,
2512 1060 49 17 from
2574 1060 125 23 Madagascar
2712 1060 39 18 and
2767 1060 32 18 the

2363 1082 74 17 Islands
2444 1083 20 16 of
2472 1083 33 17 the
2514 1083 69 18 Indian
2592 1084 49 20 Seas,
2657 1084 48 17 from
2719 1084 68 17 Austra-

2361 1105 31 20 lia,
2403 1106 38 16 and
2451 1106 47 17 New
2507 1106 78 18 Guinea.
2611 1108 38 16 The
2664 1107 99 17 collection
2779 1108 20 17 of

2361 1129 48 17 New
2417 1129 84 17 Zealand
2509 1131 61 16 curios
2578 1131 16 16 is
2602 1131 69 22 unique
2680 1130 38 17 and
2733 1131 19 17 of
2766 1131 33 17 the

2361 1153 84 21 greatest
2453 1153 61 17 value.
2540 1154 52 17 Most
2600 1154 74 22 worthy
2683 1154 19 17 of
2709 1154 88 20 mention,

2361 1176 87 22 perhaps,
2461 1182 32 11 are
2504 1176 31 17 the
2545 1177 80 21 dogskin
2635 1178 39 17 mat
2683 1177 37 17 and
2735 1178 64 17 taiaha

2361 1200 21 16 of
2398 1199 32 17 old
2448 1199 54 23 King
2518 1199 94 23 Potatau;
2634 1202 31 16 the
2686 1202 113 20 greenstone

2362 1222 63 18 heitiki
2434 1223 21 17 of
2462 1223 26 17 To
2498 1223 41 17 Alio
2549 1225 19 15 te
2576 1223 95 24 Wharepu
2683 1224 21 16 of
2720 1223 65 24 Ranga-

2361 1246 37 20 riri,
2410 1246 32 17 the
2451 1247 119 17 constructor
2586 1247 37 17 and
2641 1247 120 17 commander
2778 1247 20 17 of

2361 1269 31 17 the
2401 1275 24 16 pa
2435 1270 53 16 there
2497 1271 20 15 at
2526 1270 32 17 the
2566 1270 46 17 time
2628 1270 20 17 of
2660 1270 33 17 the
2710 1270 87 19 Waikato

2361 1292 49 25 war;
2424 1292 37 18 and
2471 1299 12 10 a
2491 1292 53 25 large
2554 1293 56 17 tribal
2619 1294 99 17 ornament
2732 1294 19 17 of
2765 1294 32 17 the

2361 1322 50 10 same
2420 1317 85 16 uncouth
2514 1317 58 22 shape
2581 1317 108 22 measuring
2702 1317 10 17 7
2728 1323 12 11 x
2753 1317 43 22 4jin

2360 1339 37 17 and
2406 1339 15 17 is
2431 1339 33 17 the
2472 1339 72 23 largest
2554 1340 34 17 tiki
2600 1339 76 18 known.
2702 1340 95 22 Standing

2360 1364 19 15 at
2389 1369 35 10 one
2434 1362 36 18 end
2479 1364 21 15 of
2508 1363 32 16 the
2550 1369 51 11 room
2611 1364 36 16 and
2653 1364 102 21 surveying
2764 1364 32 17 the

2360 1386 60 17 whole
2430 1386 33 18 the
2472 1386 66 17 visitor
2547 1388 68 16 cannot
2624 1387 32 17 fail
2665 1388 20 16 to
2693 1386 24 18 be
2732 1386 63 18 struck

2360 1409 45 17 with
2415 1409 33 17 the
2457 1409 128 22 symmetrical
2593 1409 38 17 and
2639 1410 70 22 unique
2718 1416 78 11 manner

2359 1432 19 18 in
2387 1432 62 17 which
2458 1433 32 16 the
2497 1433 83 17 exhibits
2588 1439 31 11 are
2627 1433 99 21 arranged.
2756 1434 39 17 The

2361 1456 51 17 walls
2420 1456 38 17 and
2467 1456 42 17 roof
2518 1462 31 11 are
2558 1456 98 17 decorated
2665 1456 46 18 with
2725 1463 68 15 spears,

2359 1479 37 17 and
2406 1485 69 11 arrows
2484 1479 37 17 and
2530 1479 55 17 other
2594 1485 91 17 weapons,
2693 1480 19 16 in
2718 1486 64 17 geome-

2359 1502 75 22 trically
2454 1502 91 23 designed
2562 1504 90 21 patterns,
2670 1504 46 16 each
2733 1510 61 16 group

2359 1525 78 22 making
2445 1532 11 11 a
2464 1525 88 23 pleasing
2557 1527 71 21 picture
2635 1526 36 17 and
2678 1527 19 16 at
2703 1527 32 16 the
2744 1533 50 11 same

2359 1550 44 16 time
2412 1549 58 21 being
2478 1555 45 16 easy
2532 1550 20 17 of
2560 1550 127 17 examination
2701 1550 19 17 in
2729 1550 63 17 detail.

2381 1572 121 23 Descending
2510 1574 20 16 to
2538 1573 33 17 the
2580 1573 73 22 ground
2662 1572 47 18 floor
2721 1579 28 11 wo
2763 1579 31 12 are

2358 1597 55 16 taken
2421 1597 41 17 into
2471 1597 74 16 various
2555 1597 116 21 apartments
2685 1596 61 17 where
2761 1597 32 17 the

2358 1625 51 12 more
2417 1619 61 23 bulky
2486 1619 73 23 objects
2568 1620 20 17 of
2596 1619 77 18 interest
2682 1625 31 11 are
2730 1619 62 18 stored

2357 1643 19 17 in
2385 1643 32 17 the
2425 1644 58 22 shape
2492 1643 20 18 of
2520 1643 62 17 Maori
2592 1643 91 21 carvings.
2716 1643 40 17 One
2773 1644 21 16 of

2357 1666 58 20 these,
2425 1673 11 11 a
2450 1666 68 24 pataka
2532 1672 59 15 maru,
2611 1666 53 18 stood
2681 1667 21 16 at
2718 1666 74 18 Wairoa

2357 1689 69 23 during
2435 1691 32 16 the
2477 1691 45 16 time
2531 1691 20 15 of
2559 1690 33 16 the
2601 1689 92 23 eruption,
2702 1689 37 17 and
2754 1696 38 11 was

2357 1713 87 18 removed
2453 1714 49 17 from
2511 1713 52 17 there
2580 1714 19 16 to
2617 1718 10 12 a
2643 1712 108 18 settlement
2768 1719 23 11 on

2357 1736 32 17 the
2397 1737 85 17 Rotorua
2489 1736 60 17 shore.
2575 1736 59 17 Those
2648 1736 65 17 versed
2726 1736 19 17 in
2759 1736 33 17 the

2356 1760 104 18 intricacies
2469 1760 21 17 of
2498 1759 61 18 Maori
2569 1760 95 22 sculpture
2679 1759 85 17 consider
2777 1760 14 17 it

2356 1783 21 17 of
2384 1785 55 21 great
2453 1784 60 16 value,
2547 1783 26 17 At
2582 1783 31 17 the
2627 1783 45 16 time
2681 1783 19 16 of
2707 1788 34 11 our
2747 1783 44 17 visit

2355 1806 16 17 it
2379 1813 38 10 was
2429 1807 19 16 in
2462 1813 75 16 process
2546 1807 20 16 of
2573 1806 58 21 being
2639 1806 151 22 photographed.

2356 1830 45 17 Part
2411 1830 19 17 of
2439 1830 32 17 the
2480 1830 53 21 ridge
2542 1830 43 22 pole
2594 1830 19 16 of
2622 1830 31 16 the
2660 1829 66 17 carved
2733 1830 58 17 house

2355 1853 60 17 which
2425 1853 55 17 stood
2489 1855 20 16 at
2517 1853 72 17 Tahaki
2600 1853 15 17 is
2630 1853 39 16 also
2685 1853 50 20 here,
2753 1853 38 17 and

2355 1876 32 17 the
2396 1877 65 17 auhati
2470 1883 21 10 or
2503 1877 106 21 noticopost
2623 1876 60 17 which
2701 1875 90 23 formerly

2355 1900 89 22 occupied
2453 1906 11 11 a
2472 1899 82 22 position
2566 1899 20 17 in
2601 1899 51 17 front
2666 1899 20 17 of
2703 1898 88 19 Mcßae's

2355 1923 58 17 Hotel
2422 1925 19 15 at
2455 1924 80 16 Wairoa.
2561 1922 44 18 This
2618 1924 42 20 post
2676 1928 38 12 was
2730 1922 60 18 called

2354 1946 26 22 by
2389 1946 31 17 the
2429 1946 73 18 natives
2511 1946 104 18 Umukaria
2624 1946 48 16 after
2681 1945 32 17 the
2728 1946 63 17 father

2354 1970 21 16 of
2382 1969 152 17 Hinemoa—-the
2542 1969 76 17 heroine
2627 1969 19 17 of
2652 1969 33 17 the
2690 1971 56 15 sweet
2752 1969 37 17 and

2354 1993 66 22 simple
2429 1993 40 17 folk
2479 1995 51 19 story
2540 1992 60 17 which
2610 1992 38 17 still
2657 1992 69 22 lingers
2733 1992 18 17 in
2758 1993 32 16 the

2354 2021 84 18 memory
2447 2016 20 17 of
2475 2016 34 17 her
2517 2016 124 17 descendants
2647 2016 50 16 here.
2723 2015 66 17 Before

2354 2039 76 22 leaving
2439 2046 27 10 wo
2476 2046 31 10 are
2515 2039 110 17 introduced
2635 2040 19 16 to
2668 2039 32 16 Mr
2717 2039 72 21 Craig's

2355 2064 86 16 sanctum
2450 2063 62 17 where
2526 2063 33 17 the
2573 2062 100 19 botanical,
2688 2061 89 19 concholo-

2354 2086 49 22 gical
2413 2086 38 17 and
2460 2086 55 17 other
2531 2086 102 22 specimens
2650 2091 31 11 are
2698 2085 91 17 classified

2354 2109 38 17 and
2400 2110 100 22 arranged,
2511 2109 46 17 with
2566 2109 107 21 intelligent
2682 2108 37 17 and
2725 2109 53 22 pains

2354 2132 68 23 taking
2431 2138 47 12 care.
2504 2133 17 16 A
2535 2133 42 16 well
2592 2132 75 17 stocked
2681 2132 71 21 library
2769 2132 20 16 of

2353 2155 60 18 books
2422 2156 19 17 of
2450 2156 93 17 reference
2554 2155 16 17 is
2584 2161 10 11 a
2606 2155 92 21 heccssity
2714 2154 19 17 in
2750 2155 38 17 this

2354 2178 57 17 work.
2437 2179 95 21 Glancing
2540 2179 59 21 along
2612 2178 33 17 the
2661 2178 72 17 shelves
2750 2180 37 15 two

2352 2202 84 17 volumes
2453 2202 56 17 stand
2525 2203 34 16 out
2579 2201 127 22 prominently
2726 2201 49 17 hand-

2352 2225 72 22 somely
2431 2225 66 17 bound
2505 2225 20 17 in
2538 2225 36 17 full
2589 2230 90 12 morocco.
2712 2225 44 17 This
2772 2225 15 17 is

2353 2254 24 11 an
2386 2248 71 17 edition
2467 2249 19 16 of
2495 2248 56 18 Funk
2560 2248 37 17 and
2612 2247 103 23 Wagnall's
2731 2247 44 18 Stan-

2352 2272 47 17 dard
2420 2272 112 21 Dictionary
2552 2271 100 23 published
2672 2271 67 16 within
2755 2272 32 16 the

2352 2296 44 21 past
2404 2295 37 17 few
2453 2295 77 17 months
2547 2294 35 18 snd
2599 2294 110 22 containing
2723 2294 64 23 nearly

2352 2318 41 17 half
2401 2324 12 12 a
2422 2318 72 17 million
2510 2317 112 23 vocabulary
2641 2319 63 15 terms.
2738 2317 18 17 It
2773 2318 14 16 is

2353 2341 91 23 certainly
2453 2342 32 17 the
2493 2342 42 17 best
2544 2341 94 23 arranged
2646 2341 105 21 dictionary
2760 2347 27 10 wo

2352 2364 47 17 have
2411 2367 32 20 yet
2453 2366 27 15 set
2488 2371 33 11 our
2531 2371 42 16 eyes
2583 2370 23 11 on
2615 2364 37 17 and
2660 2364 79 21 turning
2745 2370 44 11 over

2352 2388 24 17 its
2387 2388 61 17 leaves
2457 2388 53 17 there
2519 2394 59 11 seems
2587 2389 19 15 to
2615 2388 23 16 be
2646 2387 82 21 nothing
2736 2387 41 17 lack-

2352 2411 34 23 ing
2395 2411 61 17 which
2465 2417 11 11 a
2485 2411 43 17 well
2537 2411 98 23 regulated
2644 2411 51 17 work
2704 2411 20 16 of
2730 2411 48 16 refer-

2352 2441 44 11 ence
2405 2435 20 16 of
2439 2435 38 17 this
2493 2434 113 23 description
2625 2434 67 17 should
2709 2439 77 16 possess.

2352 2458 19 17 It
2379 2458 15 17 is
2403 2458 54 17 fitted
2467 2458 45 17 with
2519 2458 99 17 Denison's
2625 2458 66 21 patent
2696 2457 93 17 reference

2351 2481 57 17 index
2425 2481 62 17 which
2504 2481 76 17 renders
2596 2480 125 18 consultation
2738 2486 49 16 easy.

2352 2505 23 16 In
2389 2505 31 16 Mr
2433 2505 74 21 Craig's
2518 2506 86 15 sanctum
2620 2509 11 12 a
2647 2504 85 22 pleasant
2749 2504 40 16 half

2351 2528 48 17 hour
2408 2528 16 16 is
2432 2528 68 22 passed
2509 2533 54 17 away
2578 2533 20 11 as
2610 2528 24 16 he
2647 2527 67 17 relates
2728 2533 11 10 a
2752 2527 37 16 few

2352 2550 105 18 additional
2465 2550 113 23 particulars
2587 2550 19 18 of
2615 2550 31 18 the
2660 2550 62 17 Maori
2736 2555 42 12 carv-

2352 2575 43 21 ings
2405 2574 60 17 which
2476 2580 47 11 were
2533 2574 59 21 being
2603 2573 92 22 prepared
2711 2574 29 16 for
2756 2573 33 17 the

2353 2603 78 14 camera,
2441 2597 38 17 and
2489 2597 20 18 of
2517 2597 32 17 the
2558 2597 74 17 various
2645 2597 47 22 trips
2706 2596 24 17 he
2741 2597 48 16 from

2352 2620 45 18 time
2413 2621 20 17 to
2446 2621 45 16 time
2512 2620 63 17 makes
2582 2620 18 17 in
2620 2621 54 21 quest,
2683 2620 20 16 of
2723 2620 65 19 curios,

2354 2645 89 16 accounts
2452 2644 20 17 of
2483 2643 61 18 which
2553 2644 48 16 have
2612 2643 78 17 reached
2705 2642 29 18 his
2743 2649 46 11 ears.

2377 2668 55 16 After
2440 2667 83 22 viewing
2531 2667 32 17 the
2572 2667 61 17 whole
2642 2666 98 17 collection
2757 2667 32 16 the

2354 2691 108 16 conclusion
2471 2690 15 17 is
2495 2689 64 18 forced
2568 2695 51 17 upon
2629 2689 31 18 the
2669 2689 66 17 visitor
2747 2689 44 17 that

2354 2714 16 17 it
2378 2714 61 22 ought
2449 2715 19 15 to
2479 2714 23 16 be
2511 2713 76 17 secured
2596 2713 19 16 in
2624 2712 24 17 its
2665 2712 81 22 entirety
2761 2713 30 16 for

2355 2742 51 12 some
2415 2736 47 18 New
2471 2736 83 18 Zealand
2563 2742 90 11 museum.
2685 2735 31 17 Mr
2733 2735 57 22 Craig

2355 2761 91 21 certainly
2455 2759 77 23 regards
2541 2760 16 16 it
2566 2759 45 17 with
2620 2759 32 17 the
2665 2759 67 21 loving
2747 2764 43 16 eyes

2355 2783 20 18 of
2384 2789 10 11 a
2403 2783 94 18 collector.
2523 2783 31 17 He
2562 2783 34 16 has
2612 2782 88 22 acquired
2714 2782 15 16 it
2742 2783 49 16 after

2354 2813 54 16 years
2417 2807 19 16 of
2445 2806 73 23 patient
2523 2806 64 17 search
2596 2805 37 17 and
2639 2805 53 17 miles
2699 2805 20 17 of
2724 2805 65 20 travel,

2355 2830 37 17 and
2410 2830 15 16 is
2438 2829 97 22 naturally
2551 2829 41 17 loth
2608 2830 21 16 to
2645 2829 43 22 part
2704 2827 46 18 with
2767 2829 21 16 it.

2356 2853 49 18 Still,
2411 2853 129 17 inducements
2549 2851 63 23 might
2619 2852 23 17 be
2651 2851 68 18 offered
2730 2851 60 17 which

2356 2876 62 17 would
2427 2877 77 21 prompt
2512 2875 40 18 him
2560 2877 20 16 to
2589 2875 73 22 dispose
2671 2874 20 17 of
2699 2874 90 17 it—more

2356 2899 99 23 especially
2464 2900 15 15 if
2488 2899 23 16 he
2519 2904 49 11 were
2577 2898 75 17 assured
2657 2898 43 17 that
2707 2898 14 16 it
2728 2897 63 17 would

2356 2924 34 16 not
2399 2922 23 17 be
2429 2922 72 17 broken
2508 2928 26 15 up
2547 2921 38 18 and
2601 2921 113 17 scattered—
2718 2921 72 22 disjecta

2356 2946 78 17 membra
2436 2951 68 11 —over
2519 2945 33 17 the
2573 2945 43 17 four
2632 2950 73 12 corners
2723 2944 19 17 of
2758 2944 33 17 the

2356 2969 60 17 earth.

2516 3020 106 22 TAUPO.

2390 3082 64 23 [FKOM
2467 3087 41 12 OUR
2520 3085 46 14 OWN
2575 3080 184 22 OOBBESrOXDEXT.]

2380 3114 32 17 Mr
2420 3114 28 18 W.
2459 3114 26 16 H.
2495 3113 82 19 Hemes,
2587 3113 43 17 who
2638 3113 15 16 is
2668 3114 20 15 to
2700 3112 43 16 seek
2757 3118 34 10 our

2357 3137 91 23 sufl'rages
2457 3139 20 15 at
2493 3137 33 17 the
2537 3137 47 16 next
2594 3135 84 19 election,
2695 3135 33 17 has
2744 3135 47 17 been

2357 3161 44 17 here
2411 3160 37 17 and
2455 3165 49 17 gone
2511 3160 57 21 again
2577 3159 55 17 down
2643 3164 47 16 your
2698 3164 47 15 way.
2760 3158 31 17 He

2357 3184 34 17 has
2397 3190 11 10 a
2417 3184 87 21 pleasant
2517 3188 79 11 manner
2609 3182 37 17 and
2658 3181 102 17 succeeded
2772 3181 20 17 in

2357 3207 127 21 ingratiating
2492 3205 76 18 himself
2577 3205 44 17 with
2629 3205 32 17 the
2669 3204 73 22 people.
2760 3204 31 16 He

2357 3231 37 22 put
2400 3235 27 17 up
2434 3231 21 16 at
2462 3229 33 18 the
2615 3227 37 18 and
2667 3228 9 17 I
2690 3233 31 12 am
2732 3227 60 17 afraid

2358 3254 32 16 the
2397 3252 85 23 political
2495 3252 57 17 belief
2565 3252 20 17 of
2597 3252 29 17 his
2640 3252 41 16 host
2695 3251 35 16 has
2744 3250 48 17 been

2359 3276 102 18 somewhat
2479 3275 78 17 shaken.
2590 3274 75 23 During
2693 3273 98 22 Thursday

2357 3299 32 18 Mr
2397 3299 76 17 Hemes
2486 3304 38 11 was
2535 3298 49 22 busy
2598 3297 70 23 calling
2682 3303 25 11 on
2721 3297 25 17 all
2760 3297 32 17 the

2357 3322 92 23 principle
2470 3321 68 23 people
2563 3321 20 17 in
2598 3321 33 17 the
2646 3321 53 21 place
2716 3320 43 20 and,
2782 3320 10 17 I

2358 3345 121 20 understand,
2505 3344 99 23 expressed
2618 3344 75 17 himself
2711 3343 82 17 satisfied

2359 3368 45 18 with
2420 3368 31 17 the
2470 3368 96 22 reception
2588 3367 23 17 he
2624 3368 39 16 met
2679 3367 53 16 with.
2763 3366 29 17 On

2359 3391 69 22 Friday
2440 3391 24 17 he
2477 3391 35 17 left
2535 3390 26 23 by
2575 3390 69 22 special
2659 3390 29 17 for
2699 3389 94 17 Atiamuri

2359 3415 70 21 calling
2437 3420 25 11 on
2470 3414 75 17 various
2554 3414 74 17 settlers
2641 3419 23 11 en
2677 3414 60 15 route.
2762 3412 31 17 He

2359 3443 80 12 reserves
2449 3438 28 16 his
2486 3437 44 17 visit
2538 3438 21 16 to
2568 3436 89 18 Tokaanu
2665 3435 30 18 till
2704 3436 47 16 later
2759 3441 30 11 on.

2359 3461 44 17 This
2409 3466 37 11 was
2455 3461 32 16 Mr
2495 3460 83 17 Herries'
2587 3459 41 17 first
2636 3459 43 17 visit
2693 3460 21 16 to
2728 3459 64 22 Taupo

2359 3484 37 17 and
2406 3484 23 17 he
2438 3483 32 18 did
2479 3485 35 16 not
2522 3483 77 17 conceal
2613 3483 28 17 his
2657 3481 136 18 astonishment

2359 3507 43 17 that
2415 3513 11 10 a
2443 3507 53 22 place
2510 3506 47 17 with
2573 3512 20 11 so
2606 3511 57 16 many
2676 3504 37 17 and
2729 3504 64 17 varied

2359 3530 111 18 attractions
2491 3529 68 18 should
2590 3528 28 21 be,
2645 3527 147 23 comparatively

2360 3553 98 22 speaking,
2468 3558 20 12 so
2497 3552 50 18 little
2556 3551 73 18 visited.

2383 3576 97 17 Professor
2498 3575 71 18 Forbes
2582 3575 35 17 has
2629 3574 46 17 been
2688 3574 76 22 staying
2773 3574 20 16 at

2359 3600 32 17 Mr
2404 3599 90 17 Joshua's
2528 3598 38 23 Spa
2594 3598 19 17 of
2626 3597 38 17 late
2677 3596 38 18 and
2726 3596 16 18 is
2754 3596 39 18 still

2364 3622 63 23 busily
2439 3621 88 23 engaged
2539 3621 20 17 in
2570 3621 30 17 his
2611 3620 53 18 work
2677 3620 21 16 in
2714 3625 67 12 connec-

2359 3646 41 16 tion
2411 3645 47 17 with
2472 3644 33 18 the
2519 3644 59 17 Huka
2589 3643 51 18 Falls
2650 3643 80 18 scheme.
2762 3643 31 16 He

2359 3669 35 16 has
2410 3668 47 17 been
2472 3668 68 22 taking
2559 3666 103 22 soundings
2680 3666 58 22 along
2759 3666 33 16 the

2359 3692 49 16 river
2414 3691 53 23 right
2474 3696 27 17 up
2509 3692 21 16 to
2538 3690 25 18 its
2574 3690 49 17 issue
2632 3690 48 16 from
2693 3688 33 18 the
2734 3688 58 18 Lake.

2383 3715 39 16 The
2436 3714 73 17 rabbits
2524 3712 109 18 mentioned
2646 3712 19 17 in
2679 3718 12 10 a
2705 3712 87 22 previous

2360 3737 49 18 issue
2425 3742 31 12 are
2465 3736 40 18 still
2513 3737 20 16 in
2549 3735 88 18 evidence
2651 3741 19 11 as
2684 3735 37 17 last
2742 3735 51 16 week

2361 3766 35 11 one
2401 3766 38 11 was
2444 3760 44 17 shot
2495 3759 25 23 by
2529 3765 11 11 a
2554 3759 71 20 visitor,
2642 3758 55 17 while
2705 3758 16 17 it
2735 3758 15 17 is
2763 3763 20 12 re-

2360 3782 67 23 ported
2440 3783 43 17 that
2497 3788 51 12 some
2563 3782 38 17 cats
2618 3781 38 17 had
2672 3781 121 22 successfully

2361 3806 71 23 caught
2444 3805 86 17 another.
2556 3805 20 17 It
2592 3805 15 17 is
2620 3804 63 23 hoped
2697 3804 43 17 that
2759 3804 33 17 the

2361 3829 76 17 rodents
2445 3828 40 17 will
2495 3829 34 16 not
2542 3828 83 17 increase
2638 3833 20 12 so
2672 3827 56 17 much
2745 3833 20 10 as
2773 3828 20 16 to

2361 3852 75 17 become
2444 3857 12 11 a
2464 3852 90 17 nuisance
2563 3852 20 16 to
2589 3851 32 17 the
2630 3850 118 18 inhabitants
2756 3850 37 17 and

2361 3875 113 17 destructive
2483 3876 20 16 to
2512 3874 50 17 their
2573 3874 126 17 cultivations.

2384 3898 43 17 Dan
2441 3897 73 23 Ferney
2522 3897 35 18 has
2573 3897 49 17 been
2635 3897 48 22 busy
2695 3896 88 17 overhaul-

2361 3922 34 22 ing
2404 3921 28 17 his
2469 3920 45 18 fleet
2549 3921 30 16 for
2590 3920 32 17 the
2636 3920 76 22 coming
2729 3925 64 11 season

2362 3944 37 17 and
2422 3944 15 17 it
2453 3944 16 17 is
2483 3943 91 23 expected
2589 3943 49 17 their
2648 3942 56 23 speed
2718 3942 39 17 will
2770 3942 23 17 be

2361 3967 57 17 much
2439 3967 122 17 accelerated.
2594 3967 44 16 This
2651 3966 15 17 is
2677 3965 51 23 good
2743 3970 50 12 news

2362 3991 30 16 for
2415 3990 54 18 these
2486 3990 44 17 who
2547 3989 63 23 prefer
2624 3989 69 22 sailing
2711 3994 24 11 on
2760 3994 33 11 our

2362 4013 65 17 inland
2445 4019 69 11 inoana
2527 4014 20 16 to
2561 4013 57 21 using
2629 4012 32 17 the
2674 4012 57 17 coach
2741 4011 52 17 road.

2822 128 54 18 THE
2892 129 189 18 CO-OPERATIVE
3098 130 146 24 DELEGATES.

2847 174 70 17 Messrs
2930 174 63 19 Jones,
3008 175 67 17 Stoker
3095 176 38 17 and
3154 177 45 22 Clay
3212 180 33 20 who

2823 197 49 18 have
2879 198 41 22 just
2934 198 112 17 terminated
3062 199 50 16 their
3128 200 44 17 visit
3187 203 19 14 to
3219 203 25 19 the

2823 221 131 17 Australasion
2973 221 80 17 colonies
3063 228 20 10 as
3096 222 94 21 delegates
3206 225 39 20 from

2823 244 33 17 the
2871 244 132 22 Co-operative
3019 245 104 17 Wholesale
3140 246 72 23 Society
3231 256 8 11 0
3240 252 6 16 f

2822 267 92 23 England
2930 268 44 21 paid
2991 273 11 11 a
3011 268 60 22 flying
3080 268 44 17 visit
3137 271 20 14 to
3172 269 72 22 Rotorua

2822 290 38 17 last
2876 290 104 23 Thursday,
3004 291 76 22 leaving
3104 292 56 21 again
3182 299 23 10 on
3221 295 26 18 tin

2822 313 101 22 following
2931 314 42 21 da}-.
2999 314 51 21 They
3060 320 47 11 were
3124 318 121 20 accompanied

2822 337 26 21 by
2855 337 31 16 Mr
2895 337 23 16 A.
2936 337 27 16 M.
2979 337 61 17 Smith
3049 337 20 17 of
3082 337 32 17 the
3128 339 118 21 Agricultural

2823 360 126 22 Department
2973 360 38 17 and
3035 361 32 16 Mr
3083 361 66 17 Grant.
3170 362 75 23 Railway

2824 383 67 17 Traffic
2897 383 98 22 Manager.
3028 384 32 16 Mr
3066 383 21 18 F.
3095 384 28 17 M.
3139 383 106 26 Carnachan,

2822 407 66 19 acting
2896 406 60 17 under
2970 407 121 17 instructions
3107 407 82 17 received
3205 409 41 19 from

2822 429 33 17 the
2864 429 133 20 Government,
3008 431 38 16 met
3055 430 51 17 them
3116 431 21 16 at
3142 430 32 18 the
3177 431 68 24 railway

2822 453 71 17 station
2902 452 36 17 and
2947 453 59 16 under
3013 453 30 16 his
3048 453 108 22 intelligent,
3163 454 73 20 cicerone-

2823 475 43 24 ship
2874 482 11 10 a
2894 476 36 16 few
2939 476 20 17 of
2967 476 32 17 the
3008 476 63 22 points
3080 477 20 16 of
3107 476 78 18 interest
3190 477 18 17 in
3218 479 25 19 the

2822 498 108 18 immediate
2947 499 78 22 vicinity
3041 499 21 17 of
3085 500 33 16 the
3132 501 52 15 town
3207 507 40 13 were

2822 522 74 17 visited.
2932 523 26 16 At
2985 522 179 19 Whakarewarewa,
3193 525 52 18 where

2822 545 46 22 they
2882 545 102 22 proceeded
2993 545 128 23 immediately
3128 551 24 11 on
3161 546 47 17 their
3223 553 16 13 ar-

2822 567 55 22 rival,
2882 568 33 18 the
2924 574 75 17 geysers
3008 569 61 17 which
3076 569 47 17 have
3133 569 45 17 been
3193 570 54 19 rather

2822 591 106 17 somnolent
2953 592 18 17 in
2988 592 50 17 their
3052 592 101 17 tendences
3169 592 20 17 of
3209 593 37 23 lute,

2822 614 69 17 roused
2900 620 25 17 up
2935 614 37 18 and
2978 614 123 18 Waikorohiti
3113 616 54 16 burst
3175 617 33 16 out
3215 617 33 19 into

2822 637 37 17 full
2868 638 83 21 activity.
2986 638 23 17 In
3026 638 31 17 the
3066 638 81 22 evening
3156 644 23 11 an
3196 638 43 19 infor-

2822 660 40 18 mal
2878 661 94 22 reception
2989 666 38 12 was
3044 661 44 17 held
3104 663 21 15 at
3141 661 32 17 the
3192 661 55 21 Grand

2822 683 60 18 Hotel
2900 684 37 17 and
2959 690 56 16 many
3034 685 19 16 of
3070 685 32 16 the
3123 685 124 23 townspeople,

2822 710 90 18 amongst
2921 708 61 17 whom
2991 713 48 11 were
3052 708 71 17 several
3137 707 112 21 Manchester

2822 736 50 15 men,
2890 730 54 17 made
2953 730 32 18 the
2990 731 134 22 acquaintance
3133 731 20 17 of
3159 731 31 17 the
3207 732 33 18 dele-

2822 755 60 20 gates.
2916 753 28 18 Dr
2968 753 79 19 Ginders
3071 755 129 21 representing
3222 756 26 18 the

2822 777 58 16 Town
2890 777 63 16 Board
2962 777 100 17 welcomed
3071 777 52 18 them
3132 779 21 15 to
3163 778 31 16 the
3202 780 45 17 town

2822 800 38 17 and
2874 800 32 16 Mr
2922 800 71 17 Corlett
3010 801 94 21 conveyed
3121 802 20 15 to
3158 800 51 17 them
3224 802 25 17 Mr

2822 823 100 22 Malfroy's
2930 825 71 20 regrets
3018 825 20 15 at
3054 824 29 16 his
3099 823 90 23 inability
3196 826 20 16 to
3230 825 18 18 be

2822 849 77 19 present
2907 852 24 11 on
2940 849 79 15 account
3027 847 21 17 of
3058 847 137 21 indisposition.
3225 848 24 18 On

2822 870 33 16 the
2872 870 99 22 following
2987 870 88 22 morning
3097 870 32 17 Mr
3147 869 70 23 Perrin,
3233 873 16 16 of

2822 893 33 17 the
2874 893 96 17 Victorian
2987 893 68 17 Woods
3073 893 36 17 and
3126 893 75 17 Forests
3217 894 22 18 De-

2822 917 102 20 partment,
2935 917 42 16 who
2986 917 71 16 arrived
3067 917 30 16 via
3106 917 71 21 Taupo,
3193 917 56 21 joiiieil

2822 939 33 17 the
2877 940 56 22 party
2951 939 36 17 and
3001 940 88 22 together
3103 940 46 21 they
3164 943 46 14 went
3229 941 20 23 by

2821 962 71 17 launch
2902 964 19 15 to
2928 962 77 17 Mokoia
3013 963 65 16 Island
3087 963 38 16 and
3139 962 109 20 Hamurana,

2821 985 24 17 In
2863 986 32 16 the
2911 986 99 17 afternoon
3035 986 32 17 the
3082 986 120 17 Sanatorium
3219 992 31 13 was

2820 1009 69 17 visited
2898 1009 37 17 and
2944 1009 32 17 the
2989 1009 63 17 native
3066 1015 29 16 pa.
3122 1010 19 16 It
3158 1009 39 17 will
3213 1010 37 18 thus

2820 1031 25 18 be
2860 1038 42 10 seen
2919 1032 44 17 that
2971 1032 48 22 go<~*
3030 1038 32 11 use.
3078 1038 39 11 was
3126 1032 54 17 made
3190 1033 19 16 of
3224 1033 26 19 the

2821 1055 54 17 short
2881 1056 45 16 time
2936 1056 19 17 at
2965 1056 48 16 their
3021 1056 82 22 disposal
3110 1056 75 22 though
3195 1056 14 16 it
3219 1061 31 14 was

2821 1078 97 22 regretted
2934 1078 45 23 they
2987 1078 39 18 had
3038 1080 33 16 not
3080 1079 46 17 been
3136 1078 42 18 able
3193 1078 19 18 to
3226 1085 24 12 see

2821 1101 32 17 the
2864 1108 50 10 more
2928 1102 90 23 startling
3031 1103 118 21 phenomena
3158 1104 19 15 at
3193 1101 45 19 Waio-

2821 1126 46 20 tapu
2874 1125 39 17 and
2925 1125 87 18 Tikitere.
3038 1125 99 21 However,
3146 1125 46 23 they
3208 1132 42 11 were

2820 1148 52 17 filled
2881 1148 46 17 with
2937 1148 45 17 mild
2991 1150 116 15 amazement
3116 1150 21 15 at
3151 1149 51 16 what
3211 1149 39 23 they

2820 1171 68 17 beheld
2911 1171 38 17 and
2968 1178 48 11 were
3043 1171 108 18 astonished
3170 1172 42 17 that
3234 1179 16 11 so

2820 1195 106 17 wonderful
2939 1202 12 10 a
2966 1195 65 23 region
3046 1195 34 17 has
3094 1197 35 15 not
3144 1194 49 18 been
3205 1201 45 12 more

2820 1218 119 22 thoroughly
2966 1218 96 22 exploited
3085 1218 26 22 by
3135 1218 33 17 the
3196 1224 55 16 genus

3041 1242 39 16 The
3103 1242 102 21 Secretary,
3224 1242 26 17 Mr

2820 1264 101 23 Benjamin
2932 1264 62 19 Jones,
3005 1265 76 22 voicing
3089 1265 29 17 his
3130 1270 42 12 own
3179 1264 71 22 opinion

2820 1287 37 18 and
2867 1288 42 17 that
2916 1288 19 17 of
2944 1287 28 18 his
2979 1288 95 20 directors,
3085 1287 61 18 stated
3156 1294 23 11 on
3189 1288 28 17 his
3226 1294 16 12 re-

2820 1311 45 18 turn
2876 1311 49 17 from
2935 1311 31 16 the
2975 1311 42 17 lake
3026 1311 38 22 trip
3077 1311 43 17 that
3128 1311 33 17 the
3174 1317 76 17 average

2820 1334 103 23 travelling
2942 1334 125 23 Englishman
3086 1334 38 17 had
3138 1340 25 11 no
3177 1340 63 17 concep-

2821 1357 41 17 tion
2879 1358 20 16 of
2917 1358 32 16 the
2965 1358 84 17 wonders
3071 1358 92 22 awaiting
3180 1358 39 16 him
3234 1358 17 17 in

2819 1380 48 17 New
2883 1381 83 17 Zealand
2981 1381 38 17 and
3032 1381 20 16 in
3066 1381 31 17 the
3111 1381 52 17 Lake
3177 1381 74 17 District

2819 1404 106 22 especially.
3022 1404 24 17 he
3053 1404 43 17 does
3189 1404 23 17 he
3221 1405 20 16 ad-

2818 1426 42 21 ded,
2893 1427 37 17 and
2939 1428 16 16 it
2963 1427 48 17 shall
3026 1427 23 17 be
3066 1433 34 11 our
3107 1428 87 21 pleasant
3207 1427 43 22 duty

2817 1451 20 16 to
2846 1456 49 17 open
2904 1451 28 17 his
2939 1456 42 17 eyes
2990 1451 18 16 in
3015 1451 42 17 that
3066 1452 78 21 respect,
3162 1456 38 17 you
3216 1451 34 17 will

2817 1473 23 18 be
2858 1479 91 12 over-run
2961 1474 45 17 with
3144 1474 26 17 At
3184 1475 11 16 4
3207 1480 43 16 p.m.

2817 1503 24 10 on
2856 1496 70 23 Friday
2940 1498 44 21 they
2994 1497 34 17 left
3045 1497 24 22 by
3079 1497 68 22 special
3154 1498 50 16 train
3225 1498 26 16 for

2817 1520 101 17 Auckland
2926 1520 20 17 in
2955 1520 54 18 order
3022 1522 19 16 to
3050 1521 54 17 catch
3113 1521 33 17 the
3160 1521 90 22 outgoing

2817 1543 64 17 Frisco
2891 1545 85 15 steamer.

2839 1567 18 16 A
2866 1567 36 17 few
2913 1567 59 17 words
2980 1567 20 17 in
3009 1567 68 22 regard
3095 1568 21 16 to
3130 1567 33 18 the
3177 1567 61 18 Associ-

2815 1590 52 17 ation
2885 1590 61 17 which
2963 1590 52 17 these
3029 1590 108 22 gentlemen
3156 1592 93 21 represent

2815 1613 38 17 will
2864 1614 22 16 bo
2896 1614 20 16 of
2926 1614 84 17 interest.
3036 1613 103 22 Indirectly
3147 1614 33 17 the
3195 1614 40 16 Man-

2815 1637 73 17 chester
2897 1637 94 22 delegates
3000 1639 95 20 represent
3104 1637 32 17 the
3145 1637 60 17 whole
3219 1644 20 10 co-

2815 1660 96 22 operative
2933 1661 107 16 movement
3056 1660 20 17 in
3093 1661 58 16 Great
3169 1659 77 19 Britain.

2813 1684 46 16 This
2868 1685 106 15 movement
2987 1689 38 11 was
3034 1683 119 18 commenced
3169 1684 20 16 in
3207 1684 42 17 1864

2814 1706 46 18 with
2874 1713 11 11 a
2895 1706 69 23 capital
2973 1706 20 18 of
3010 1706 35 18 less
3054 1707 46 17 than
3111 1706 61 18 £IOOO
3186 1707 60 17 which

2814 1736 38 10 was
2861 1730 100 17 embarked
2970 1730 19 16 in
2999 1730 53 16 retail
3062 1730 136 22 shopkeeping.
3208 1731 37 16 The

2813 1753 42 17 first
2860 1759 54 16 years
2918 1755 99 15 turn-over
3020 1753 102 17 amounted
3126 1755 20 16 to
3151 1753 83 18 £120,01K
3238 1757 9 14 i.

2814 1776 18 17 It
2841 1782 44 11 now
2900 1778 87 15 amounts
3000 1778 20 15 to
3035 1776 125 21 £43,000,000
3173 1783 33 16 per
3214 1783 22 10 an-

2813 1805 52 12 num.
2890 1800 39 17 The
2938 1800 110 17 association
3065 1800 44 17 does
3118 1807 12 10 a
3147 1800 98 17 wholesale

2813 1823 54 17 trade
2876 1824 20 16 of
2905 1823 122 21 £15,000,000
3034 1823 38 17 and
3086 1823 25 17 its
3125 1823 73 23 foreign
3212 1823 23 17 im-

2813 1846 106 22 portations
2932 1846 102 17 amounted
3048 1846 37 17 last
3099 1852 46 16 year
3154 1847 20 16 to
3190 1846 57 18 about

2813 1869 119 21 £,'3,000,000.
2957 1870 18 17 It
2989 1870 35 17 has
3032 1869 39 18 also
3087 1870 53 23 largo
3160 1875 75 16 co-oper-

2813 1893 49 17 ative
2869 1893 144 17 manufactories
3022 1893 20 17 of
3047 1893 24 17 its
3077 1899 42 11 own
3128 1893 79 22 turning
3214 1894 33 16 out

2812 1916 70 20 butter,
2893 1922 51 13 soap,
2954 1915 53 20 flour,
3016 1916 91 22 clothing,
3117 1916 79 18 tobacco
3210 1918 34 16 etc.

2813 1940 19 16 It
2840 1940 40 17 tills
2897 1940 65 19 50,000
2977 1945 51 12 acres
3041 1940 20 16 of
3075 1940 51 20 land,
3142 1940 38 17 and
3194 1940 50 21 gives

2812 1962 128 23 employment
2949 1964 20 16 to
2986 1968 44 12 over
3040 1964 64 19 80,000
3118 1963 73 22 people.
3207 1963 38 17 The

2812 1986 126 21 membership
2959 1986 100 21 comprises
3078 1992 45 11 over
3151 1987 93 19 1,250.000

2812 2009 80 18 families
2913 2015 21 11 or
2953 2009 64 22 nearly
3029 2009 96 20 7,000,000
3140 2009 20 17 of
3172 2009 72 23 people.

2811 2033 60 16 These
2886 2038 32 11 are
2930 2032 96 18 federated
3040 2032 18 17 in
3069 2034 37 15 two
3128 2032 65 17 bodies
3210 2039 34 11 one

2812 2056 58 22 being
2886 2056 20 16 in
2914 2056 90 22 England
3017 2055 37 17 and
3060 2056 80 17 another
3153 2056 19 16 in
3191 2056 42 17 Scot-

2812 2079 51 17 land.
2890 2079 38 17 The
2946 2079 62 22 object
3028 2079 20 17 of
3068 2079 32 17 the
3116 2079 45 17 visit
3177 2079 20 18 of
3213 2079 32 18 the

2810 2103 76 21 present
2904 2102 107 22 delegation
3027 2102 16 17 is
3055 2103 19 16 to
3084 2108 48 16 open
3149 2108 26 16 up
3192 2103 52 17 trade

2811 2126 45 16 with
2866 2126 53 17 these
2927 2126 86 19 colonies,
3024 2125 37 17 and
3078 2126 15 15 it
3102 2126 14 16 is
3126 2126 46 21 only
3179 2131 54 12 neces-

2810 2154 43 17 sary
2863 2150 20 16 to
2893 2150 48 16 state
2951 2154 34 11 one
2991 2148 39 18 fact
3038 2150 19 15 to
3067 2148 51 18 show
3133 2149 32 17 the
3179 2150 64 16 extent

2810 2173 19 15 to
2839 2172 61 16 which
2917 2172 47 16 New
2977 2171 82 17 Zealand
3074 2171 63 22 might
3149 2171 23 17 bo
3187 2172 45 17 bene-

2810 2195 45 17 fited
2873 2195 15 17 if
2900 2195 45 17 such
2959 2200 47 12 were
3023 2195 54 17 done.
3102 2195 40 17 The
3158 2195 54 18 trade
3225 2196 18 17 in

2809 2218 65 17 butter
2882 2218 37 17 last
2927 2224 45 16 year
2978 2218 102 17 amounted
3090 2219 21 16 to
3126 2218 118 21 £2,070,000.

2810 2241 26 18 Of
2854 2242 38 16 this
2906 2247 41 12 sum
2961 2241 44 23 only
3020 2240 68 21 £4,000
3095 2247 52 12 came
3163 2244 19 16 to
3196 2242 47 18 New

2810 2265 89 20 Zealand,
2908 2269 6 8 ►
2920 2265 85 19 Sweden,
3026 2265 95 21 Germany
3136 2265 38 17 and
3192 2266 38 17 Den-

2810 2288 54 17 mark
2872 2288 87 22 securing
2969 2287 64 23 nearly
3041 2287 32 18 the
3081 2288 86 17 balance.

2833 2312 68 16 Before
2932 2311 75 22 leaving
3029 2311 84 17 Rotorua
3129 2312 32 16 Mr
3186 2312 57 17 Jones

2810 2334 41 17 said
2860 2336 20 16 to
2886 2341 12 10 a
2914 2334 146 23 representative
3077 2335 19 16 of
3113 2335 38 17 this
3163 2340 80 18 paper—

2829 2359 26 15 As
2864 2358 38 17 t'.iis
2911 2357 15 17 is
2934 2357 93 23 probably
3036 2357 31 17 the
3076 2357 37 17 last
3121 2359 124 22 opportunity

2811 2381 9 16 I
2830 2381 48 17 shall
2887 2381 48 17 have
2944 2381 20 17 of
2972 2381 91 22 speaking
3071 2381 21 17 to
3100 2387 11 11 a
3121 2381 4 23 '
3135 2387 110 17 newspaper

2810 2410 43 11 man
2864 2404 4 21 '
2884 2404 64 17 before
2961 2404 69 21 sailing
3046 2410 24 11 on
3086 2410 35 11 our
3135 2405 108 18 homeward

2810 2428 38 21 trip
2857 2427 10 17 I
2884 2427 68 17 should
2972 2427 23 17 be
3012 2427 76 22 obliged
3105 2428 15 16 if
3126 2434 39 16 you
3180 2429 63 17 would

2810 2451 53 22 place
2872 2457 24 11 on
2904 2449 64 18 record
2982 2451 32 16 the
3023 2451 110 17 sentiments
3142 2451 20 17 of
3177 2453 71 21 myself

2810 2474 38 17 and
2860 2474 112 22 colleagues.
2997 2474 25 17 At
3040 2474 33 16 the
3087 2475 121 17 termination
3226 2477 19 16 of

2811 2503 35 11 our
2860 2497 57 17 series
2935 2498 19 16 of
2968 2497 53 17 visits
3036 2498 21 16 to
3068 2497 32 17 the
3115 2498 129 18 Australasian

2811 2521 86 17 Colonies
2907 2526 26 11 wo
2942 2520 67 22 depart
3017 2521 94 21 surprised
3118 2521 38 17 and
3163 2521 74 23 delight-

2812 2543 22 18 ed
2851 2545 21 16 at
2883 2543 52 18 what
2949 2549 28 11 we
2993 2543 47 17 have
3057 2549 43 12 seen
3114 2545 86 17 whether
3219 2552 26 11 we

2812 2567 47 17 view
2876 2567 33 17 the
2937 2567 81 21 journey
3042 2566 49 17 from
3104 2567 26 17 its
3161 2568 84 18 business

2812 2590 111 22 standpoint
2930 2596 21 11 or
2960 2590 24 17 its
2993 2590 118 22 picturesque
3120 2591 84 17 interest.
3213 2592 33 17 We

2812 2614 47 16 have
2868 2614 47 16 been
2924 2613 74 22 pleased
3007 2613 48 17 alike
3065 2614 45 16 with
3120 2614 33 16 the
3160 2616 87 21 country,

2812 2637 32 17 the
2853 2637 72 22 people,
2935 2636 37 17 and
2979 2636 32 17 the
3024 2637 155 21 representatives
3191 2639 19 16 of
3216 2639 32 17 the

2812 2660 76 17 various
2909 2660 142 17 Governments.
3085 2660 125 23 Everywhere
3220 2668 26 11 we

2812 2683 48 17 have
2883 2683 47 17 been
2947 2682 83 18 received
3046 2682 46 18 with
3109 2684 33 16 the
3159 2686 49 16 most
3215 2691 22 11 ex-

2812 2708 59 15 treme
2888 2706 111 22 hospitality
3010 2705 37 17 and
3064 2707 74 17 treated
3154 2707 46 17 with
3215 2708 32 18 the

2812 2731 84 21 greatest
2904 2729 113 23 generosity.
3043 2729 23 16 In
3075 2730 39 17 fact
3126 2730 16 17 it
3154 2730 35 18 has
3201 2731 46 17 been

2812 2759 12 10 a
2832 2754 89 15 constant
2930 2752 80 22 surprise
3010 2766 7 9 4
3017 2754 19 15 to
3046 2758 21 11 us
3076 2752 42 17 that
3127 2760 12 10 a
3146 2753 35 17 few
3191 2760 45 11 unas-

2813 2776 76 21 suming
2898 2775 113 17 individuals
3020 2775 68 17 should
3096 2776 48 18 have
3153 2778 40 16 met
3201 2778 46 17 with

2812 2805 20 11 so
2841 2799 68 22 hearty
2918 2805 12 10 a
2938 2799 100 22 reception.
3064 2799 19 16 It
3092 2799 15 17 is
3116 2800 33 16 the
3158 2801 55 17 event
3229 2802 20 16 of

2813 2828 34 11 our
2855 2822 52 17 lives.
2933 2822 26 17 Of
2967 2827 64 12 course
3040 2827 27 12 we
3074 2822 56 17 know
3139 2823 42 18 that
3191 2824 14 17 it
3214 2824 33 17 has

2812 2847 35 16 not
2855 2846 47 16 been
2912 2845 48 17 done
2965 2846 20 16 to
2990 2851 22 11 us
3020 2851 20 11 as
3047 2845 114 18 individuals
3177 2847 35 17 but
3229 2854 19 11 as

2812 2869 33 17 the
2854 2869 156 22 representatives
3023 2869 19 16 of
3051 2874 11 11 a
3071 2871 54 20 great
3139 2870 37 16 and
3186 2876 50 17 grow-

2812 2892 34 22 ing
2855 2898 61 11 cause.
2942 2891 33 17 We
2984 2891 39 18 also
3031 2891 56 17 know
3100 2892 44 18 that
3153 2893 54 17 those
3221 2900 28 10 we

2813 2916 96 21 represent
2928 2914 39 17 will
2975 2915 106 21 appreciate
3089 2915 33 17 the
3137 2916 111 22 hospitality

2813 2938 44 17 that
2866 2938 34 17 has
2907 2938 47 17 been
2964 2938 65 17 shown
3037 2939 20 15 to
3063 2943 27 14 us,
3100 2939 79 17 because
3189 2940 19 17 of
3217 2940 31 17 the

2813 2961 119 22 recognition
2940 2961 15 17 it
2963 2961 33 17 has
3006 2961 79 22 thereby
3096 2962 55 21 given
3162 2964 20 16 to
3197 2963 51 17 what

2813 2985 24 16 its
2855 2984 100 17 adherents
2972 2984 70 17 believe
3051 2985 20 16 to
3085 2985 24 17 bo
3119 2985 33 17 the
3165 2987 83 21 greatest

2812 3009 108 16 movement
2947 3008 19 16 of
2982 3007 78 18 modern
3079 3008 61 17 times.
3172 3009 33 17 We
3219 3015 31 11 are

2813 3030 98 23 delighted
2920 3031 20 17 to
2949 3036 30 12 see
2987 3030 51 17 what
3048 3037 43 16 may
3099 3032 23 16 be
3136 3032 72 17 termed
3217 3032 32 17 the

2833 3054 128 22 co-operative
2986 3053 53 23 spirit
3048 3055 20 15 of
3073 3055 33 17 the
3111 3055 47 17 New
3167 3055 83 17 Zealand

2813 3077 135 17 Government.
2979 3077 19 16 It
3003 3077 16 16 is
3029 3077 107 23 essentially
3148 3084 12 11 a
3168 3084 69 17 govern-

2813 3101 53 16 ment
2875 3100 20 17 of
2904 3100 31 17 the
2944 3100 66 22 people
3020 3100 30 17 for
3058 3100 32 17 the
3099 3101 69 17 benefit
3180 3102 21 17 of
3217 3102 33 17 the

2813 3123 73 22 people,
2897 3123 37 17 and
2944 3123 50 17 what
3008 3123 15 17 is
3033 3123 29 17 for
3069 3124 32 17 the
3110 3123 70 19 benefit
3189 3124 20 18 of
3217 3125 33 17 the

2814 3146 72 22 people,
2897 3147 52 16 must
2957 3146 18 17 in
2984 3146 33 17 the
3023 3146 47 23 long
3078 3153 35 11 run
3128 3147 84 17 redound
3229 3149 20 16 to

2813 3169 33 18 the
2861 3169 59 17 credit
2935 3168 37 17 and
2987 3170 108 22 prosperity
3107 3169 21 19 of
3142 3170 32 17 the
3190 3171 61 17 whole

2815 3192 78 22 Colony.
2919 3192 34 17 We
2963 3192 81 22 heartily
3052 3193 45 17 wish
3104 3194 48 16 Now
3168 3194 83 17 Zealand

2815 3221 55 16 every
2881 3221 72 11 success
2961 3215 37 17 and
3006 3221 26 11 we
3040 3215 62 24 firmly
3109 3216 77 21 believe,
3194 3223 46 11 view-

2815 3239 34 22 ing
2855 3239 32 16 the
2894 3240 42 15 vast
2942 3244 94 11 resources
3042 3240 20 16 at
3067 3239 25 17 its
3098 3239 88 23 disposal,
3195 3246 45 16 capa-

2814 3262 31 17 ble
2859 3262 20 17 of
2893 3262 132 21 development
3033 3262 26 22 by
3076 3263 33 16 the
3126 3269 71 16 energy
3213 3263 38 18 and

2814 3284 115 22 ntolligence
2938 3285 20 17 of
2972 3285 31 17 the
3016 3285 72 22 people,
3107 3285 44 18 that
3167 3286 53 17 there
3236 3287 15 16 is

2815 3314 35 11 one
2859 3309 20 15 of
2888 3308 32 16 the
2937 3309 49 16 most
3001 3308 82 22 glorious
3100 3309 73 17 futures
3188 3309 63 17 before

2815 3331 32 17 the
2856 3331 74 21 Colony
2947 3331 42 17 that
3005 3331 33 17 the
3054 3332 52 17 mind
3122 3333 20 16 of
3156 3338 44 11 man
3217 3338 34 12 can

1298 59 60 20 THE
1385 60 57 20 HOT
1470 60 93 19 LAKES
1592 60 172 25 CHRONICLE,
1792 62 191 24 WEDNESDAY,
2014 60 127 24 OCTOBER
2169 67 18 21 7,
2206 67 49 18 1896

73 225 114 43 UNION
192 224 149 19 STEAMSHIP
346 222 125 19 COMPANY
475 221 32 18 OF

167 248 60 18 NEW
239 247 124 18 ZEALAND
371 246 88 18 Limited.

136 285 124 17 tfIiOPOaED
272 284 169 17 DEPaRIUKES.

206 316 50 17 FOR
268 316 101 16 sYUNJa.

69 348 125 20 Taeawera,
204 348 93 22 Tuesday,
307 348 41 17 Oct.
360 348 27 18 13,
400 351 11 10 o
424 350 46 16 p.m.

153 387 249 29 gEggmaaaama

150 429 21 11 5W
177 424 135 16 f;^'^SufimtCv

70 622 161 44 HUDDART,
257 620 112 20 PARKER,
390 619 54 17 AND
466 617 32 19 CO

232 643 109 24 (limited),

92 691 95 24 Splendid,
368 689 92 17 Steamers
466 689 39 16 will

68 716 23 17 Lc
100 715 114 23 despatched
223 716 49 15 from
281 714 120 19 AUCKLAND,
410 717 21 12 as
445 711 61 18 under

67 738 91 24 (weather
173 738 38 17 mid
230 737 55 18 other
301 737 144 17 ciromnstunccs
461 741 33 16 per-

67 762 86 21 mitting)
160 767 29 11 :■—

67 785 42 18 FOB
115 784 136 20 GISBORNE,
258 782 106 20 NAPIER,
371 782 117 17 WELLING-

89 809 57 19 TON,
158 806 159 20 LYTTELTON,
327 807 15 16 &
351 805 129 21 DUNEDIN,

69 832 107 17 Tasmania
215 831 103 19 Tuesday,
333 829 42 18 Oct.
390 830 16 19 6,
418 829 21 16 12
447 835 56 11 noon.

70 856 100 19 Anglian,
177 855 102 18 Tuesday,
287 853 42 17 Oct.
336 853 57 19 20,12
400 857 56 12 noon.

194 901 52 17 FOR
261 899 113 21 SYDNEY,

112 924 116 24 (Returning
241 925 20 16 to
270 923 100 17 Auckland
378 921 80 24 Direct.)

67 948 94 22 Carrying
181 948 115 22 Passengers
317 946 29 17 for
368 945 134 21 MELBOURNE,

78 971 55 19 other
137 972 134 17 Australian
278 970 72 20 Pokts,
357 968 133 22 andHoBABT,

68 1000 117 16 Tasmania.
192 1012 15 4 ..
216 999 108 18 .Monday,
333 997 42 17 Oct.
390 998 26 18 19,
431 998 10 15 4
456 1001 46 18 p.m.

69 1023 95 16 Anglian
220 1022 99 18 Monday,
336 1020 49 17 Nov.
403 1020 17 20 2,
437 1021 11 15 4
456 1025 46 17 p.m.

91 1050 32 16 All
132 1049 74 17 Tickets
213 1055 31 11 are
253 1048 93 18 available
355 1047 39 17 also
408 1047 29 17 for
446 1047 45 21 Stop-

68 1079 44 11 over
120 1078 21 12 or
150 1073 71 16 Return
236 1072 26 22 by
274 1071 55 18 ANY
345 1070 85 18 UNION
443 1070 60 18 CO.'S

69 1095 140 22 STEAMERS,
220 1096 38 16 and
265 1094 75 18 holders
348 1094 21 17 of
377 1093 65 18 U.S.S.
461 1094 42 16 Co's

68 1120 75 16 Tickets
164 1125 43 16 may
224 1118 61 18 travel
301 1118 25 22 by
347 1117 118 17 ANGLIAN
482 1122 21 12 or

67 1143 140 17 TASMANIA.

164 1172 23 17 L.
200 1172 25 16 D.
234 1170 110 18 NATHAN
357 1170 16 17 &
385 1169 45 21 CO.,

398 1193 79 23 Agents.

203 1235 97 19 rnHOS.
324 1235 68 18 COOK
413 1235 14 17 &
452 1234 49 18 SON

260 1310 39 14 gek
306 1306 86 19 Agents,
399 1309 42 13 etc.

98 1341 52 16 Book
160 1341 91 21 Passages
261 1337 37 18 and
307 1343 63 12 secure
377 1336 55 18 berth
443 1336 26 22 by

66 1372 39 18 All
112 1371 76 19 Lines.
203 1370 39 18 All
247 1369 96 19 Routes.
357 1367 39 19 All
401 1367 97 19 Classes.

136 1403 39 18 AT
188 1401 124 20 LOWEST
324 1399 103 19 RATES.

63 1450 93 22 Through
164 1449 75 17 Tickets
247 1447 63 19 issued
323 1449 20 15 to
357 1447 67 17 South
437 1446 49 17 Afri-

89 1478 38 13 can
135 1473 134 19 Goldeields,
281 1470 151 22 Johannesburg,
439 1471 35 15 etc.

87 1520 39 18 For
134 1520 26 17 all
168 1518 123 19 information
300 1517 57 22 apply
366 1517 19 17 to

111 1547 89 18 COOK'S
213 1546 126 18 SHIPPING
352 1544 98 21 OFFICE,

109 1578 28 19 89,
152 1577 164 18 Queen-street,
331 1574 118 17 Auckland.

217 1853 57 20 ASK
289 1852 54 20 FOR

61 1903 427 49 HANCOCKS'

187 1977 183 22 CELEBRATED

241 2030 87 33 xxxx

171 2089 212 51 ALES,

191 2153 58 14 MADE
258 2153 55 13 EROM
323 2152 41 13 THE

65 2184 115 32 FINEST
206 2183 88 32 MALT
315 2181 64 32 AND
397 2180 95 38 HOPS,

100 2273 52 14 FREE
165 2273 55 13 FROM
232 2273 40 13 ALL
285 2271 128 13 ANTISEPTICS
425 2271 26 13 OR

167 2298 140 14 DELETERIOUS
326 2297 62 14 ACIDS.

63 2364 139 33 CAPTAIN
225 2364 83 31 COOK
326 2362 167 37 BREWERY,

165 2407 193 20 NEWMARKET.

63 2460 232 47 Blooker's
344 2458 148 54 Dutefy

197 2517 161 47 Coeoa.

60 2606 139 33 Highest
207 2606 127 26 awards
348 2606 33 24 at
394 2610 101 26 every

183 2646 196 28 Exhibition.

96 2690 64 25 The
173 2690 99 25 latest
284 2688 27 26 is
325 2687 54 27 the
399 2687 96 27 Cross

63 2723 35 25 of
104 2724 110 24 Honor
228 2723 33 25 at
277 2722 55 25 the
352 2721 124 26 Amster-

63 2757 73 25 dam
145 2755 189 26 Exhibition
342 2754 90 29 1895,
441 2754 54 25 the

61 2790 129 31 highest
197 2788 139 33 possible
346 2787 116 26 award.

175 2843 212 27 ROTORUA.

64 2905 241 45 Tarawera
329 2903 166 49 JHouse,

119 2968 184 20 TUTANEKAI
318 2967 119 19 STREET.

90 3001 82 21 Within
195 3008 46 17 easy
268 3006 66 13 access
359 3000 21 18 of
396 2999 34 19 the
449 2999 49 19 Post

65 3028 67 23 Office,
140 3027 71 23 Baths,
221 3027 40 18 and
268 3026 128 19 Sanatorium
405 3025 93 19 Grounds

65 3055 39 18 and
115 3053 141 25 commanding
271 3059 12 12 a
300 3051 130 26 magnificent
448 3051 50 19 view

64 3081 22 19 of
94 3080 35 18 the
138 3079 62 19 Lake.

93 3110 88 19 Visitors
202 3109 42 19 will
263 3109 44 19 find
326 3115 59 18 every
401 3107 97 19 attention

66 3136 49 26 paid
124 3138 21 17 to
155 3136 52 18 their
218 3136 84 18 comfort
313 3134 39 19 and
366 3135 34 17 the
409 3133 79 25 require-

66 3165 66 17 ments
143 3162 20 19 of
173 3161 77 19 invalid
261 3163 69 24 guests
340 3159 41 21 will
391 3159 25 19 be
433 3159 56 19 assid-

65 3189 75 24 uously
150 3188 96 19 attended
254 3190 28 16 to.

180 3218 72 19 Teems
265 3217 121 19 Moderate.

119 3255 36 31 C,
174 3252 277 36 WILLMOTT,

166 3295 243 18 PROPRISTOR,

91 3326 80 19 Letters
191 3326 41 19 and
258 3324 118 25 Telegrams
398 3322 103 26 promptly

65 3352 113 25 responded
183 3354 26 17 to.

176 3408 83 23 FOR
282 3406 106 24 SALE

71 3460 115 44 PLANT
199 3460 22 19 in
231 3458 94 26 working
333 3458 57 19 order
397 3458 21 19 in
425 3458 78 25 Taupo,

139 3486 135 25 comprising:

72 3523 12 17 2
94 3521 112 22 Launches,
218 3527 37 12 one
263 3520 64 24 large,
338 3525 38 12 one
383 3517 64 23 small,
456 3517 49 19 -with

100 3547 48 23 fuel,
162 3549 23 16 30
196 3547 47 18 cord
251 3547 21 18 of
282 3545 63 22 wood,
359 3551 26 12 on
392 3543 61 20 hand.

75 3575 11 16 3
94 3573 79 24 Sailing
183 3572 68 23 Eoats,
263 3575 40 15 two
312 3573 34 16 ton
357 3571 54 18 each.

73 3601 11 16 4
96 3598 85 25 Pulling
190 3598 63 19 Boats
263 3597 40 20 nnd
313 3603 55 19 gear.

74 3625 73 19 House
170 3623 39 19 nnd
234 3623 83 26 garden,
344 3623 42 18 also
405 3622 101 25 goodwill.

100 3650 94 24 Leaving
202 3656 26 12 on
237 3651 84 17 account
329 3649 20 18 of
361 3648 76 19 health.

199 3674 85 19 TERMS
297 3674 87 19 CASH.

73 3724 75 26 Apply,

100 3759 90 19 Eickitt
200 3759 16 18 &
225 3757 79 23 Adams,
313 3757 82 25 Agents,
404 3757 77 25 Taupo.

115 3796 28 16 or,
155 3788 85 20 George
250 3787 218 26 Harper,^Auckland.

79 3843 80 24 NEW
173 3841 154 24 ZEALAND

130 3891 111 26 DAIRY
254 3891 216 24 ASSOCIATION

197 3933 153 24 FACTORY
372 3933 136 29 BUTTER,

212 3982 62 19 FOR
288 3982 31 21 Is,
343 3981 40 18 AT

77 4027 188 43 WILLIAMS'
286 4025 87 41 CASH
388 4024 122 42 STORE.

103 4128 72 18 Other
200 4126 79 19 Goods
307 4123 205 24 correspondingly

80 4151 84 23 Cheap.

532 122 296 47 Enrenmed
843 134 122 34 tsros

677 179 144 23 BREWERS,

612 209 110 22 ALBERT
737 210 149 23 BREWERY,

553 242 220 24 QUEEN-STREET,
787 242 159 20 AUCKLAND

553 295 68 16 WINE
635 295 49 16 AND
697 295 81 16 SPIRIT
786 294 157 19 MERCHANTS,

572 322 124 17 BOTTLERS
709 322 51 16 AND
776 321 145 20 IMPORTERS,

616 346 27 17 43,
659 349 132 12 CIUEEN-STIIKET
808 348 69 12 'WHABF.

623 396 52 11 rillZK
685 396 61 11 MIiDAL
756 396 36 11 AND
802 395 72 12 AWARDS

529 419 24 14 At
562 417 29 16 the
607 418 91 17 following
714 417 112 16 Exhibitions
841 416 27 15 for
877 422 33 10 our
917 417 38 15 well-

626 440 62 15 known
703 439 45 16 Bulk
757 438 33 16 und
799 438 69 16 Bottled

644 461 47 15 ALE
703 460 51 16 AND
765 459 86 17 STOUT:

529 487 71 22 Sydney
609 485 125 18 Iritciniitior.iil
744 487 107 16 Exhibition,
861 487 49 16 1879.

529 508 103 18 Melbourne
641 508 127 17 International
774 508 110 19 Exhibition,
894 509 70 14 1880-81

529 530 43 16 New
581 530 74 17 Zeulmid
665 530 93 16 Industrial
761 529 109 21 Exhibition,
875 529 78 21 Welling-

572 556 36 14 ton,
621 553 47 15 1885.

529 573 43 16 New
592 573 76 17 Zealand
682 573 33 15 and
731 573 52 15 South
797 572 41 16 Seas
853 572 111 16 Exhibition.

572 594 87 17 Dnnedin.
672 595 78 15 1889-90.

529 616 20 15 In
559 616 78 15 addition
646 617 17 15 to
673 616 54 15 above
735 616 43 15 have
796 615 42 16 been
852 615 82 15 awarded
947 616 18 14 at

571 636 106 17 TWmanian
710 637 109 19 Exhibition,
845 636 119 20 Launce&ton,

573 660 79 15 18a1-92.

615 689 58 17 FIVE
684 689 71 17 FIRST
772 689 105 17 AWARDS

729 716 33 11 PoR

538 732 69 18 BULK
617 732 112 18 BOTTLED
743 732 59 16 ALES
819 732 52 16 AND
888 731 77 17 STOUT

724 754 47 18 Also,

557 817 66 23 Gold
637 817 86 23 Medal
733 817 28 23 of
771 816 167 24 Australasia

635 857 72 12 AGAINST
717 857 99 12 ALLCOMKES
826 857 32 13 FOR

531 880 90 24 BULK
635 880 69 23 AND
724 880 146 23 BOTTLED
884 880 66 23 ALE

621 932 73 20 Having
703 938 9 10 a
722 932 58 20 Large
788 932 52 16 Stock
848 932 18 16 of

640 964 47 16 ALE
699 964 51 15 AND
763 964 82 19 STOUT,

529 994 69 16 Bottled
607 994 16 15 in
633 997 51 17 quart
694 994 33 15 and
743 994 38 20 pint
795 993 67 19 bottles,
878 994 84 20 specially

527 1015 66 16 brewed
602 1015 27 16 for
639 1016 28 15 ihe
675 1019 75 11 summer
758 1015 54 19 trade,
824 1015 55 15 which
887 1021 28 10 are
923 1021 39 10 now

527 1037 105 20 thoroughly
642 1036 83 19 matured,
739 1041 31 11 can
784 1036 42 16 with
841 1042 51 15 every
906 1037 45 15 eonfi-

525 1058 52 16 dtnce
590 1058 106 16 recommend
712 1063 46 10 same
775 1062 16 11 to
807 1063 120 12 connoisseurs
942 1063 19 11 as

525 1079 61 15 second
595 1082 17 12 to
621 1084 45 11 none
675 1080 16 14 in
702 1078 29 16 the
739 1078 73 21 Colony.

548 1125 52 46 G.
640 1125 299 47 BURTON'S

526 1192 222 23 PIONEER
791 1193 169 25 STORE.

603 1230 101 25 Opposite
721 1231 73 18 Pa'aoe
811 1231 67 19 Hotel.

522 1282 140 25 GROCERY,

564 1314 139 19 OILMEN'S
718 1313 110 25 STORES,

604 1344 221 23 IRONMONGERY,

657 1374 253 25 CROCKERYWARE,

709 1409 143 24 DRAPERY,
870 1412 43 23 Ac,
922 1412 24 20 AC-

569 1439 76 21 NEW
657 1440 143 21 SEASON'S
810 1440 101 21 GOODS

667 1465 47 19 Just
725 1470 19 14 to
755 1465 61 19 hand.

549 1503 16 15 A
582 1499 150 20 well-assorted
750 1499 56 21 stack
825 1501 19 18 in
862 1500 26 19 all
906 1499 52 20 lines

520 1526 22 19 of
553 1526 33 19 the
595 1526 62 19 above
670 1531 17 14 at
699 1526 72 20 lowest
783 1533 70 16 prices.

521 1557 49 19 New
583 1557 87 20 Zealand
680 1558 63 22 Dairy
753 1557 147 19 Association's
909 1557 36 19 Fac-

557 1586 47 21 tor}'
616 1583 74 20 Butter
699 1584 56 19 fresh
765 1583 58 20 twice
835 1584 82 22 weekly.

597 1618 51 19 New
659 1618 49 21 Laid
720 1618 60 24 Eees,
791 1619 42 23 &c,
845 1621 35 17 &c.

644 1670 27 13 31Y
684 1670 149 14 APPOINTMENT.

519 1853 255 21 MANUFACTURING
795 1856 10 17 J
811 1854 144 23 EWELLER,

598 1880 60 20 AND
675 1879 200 26 SILVERSMITH,

522 1915 101 26 QUEEN
644 1915 125 28 STREET,
786 1915 169 26 AUCKLAND.

554 1983 27 24 B.
605 1982 192 25 PETERSEN
814 1983 23 25 &
856 1983 66 32 CO.,

521 2023 63 24 High
605 2023 84 23 Street,
710 2023 245 21 CHRISTCHURCH.

542 2073 119 17 HIGHEST
674 2072 108 19 AWARDS
792 2073 140 18 OBTAINED.

518 2102 77 22 Sydney
604 2101 119 21 Exhibition,
734 2102 50 19 IST9,
794 2102 37 17 and
844 2103 113 18 Melbourne

650 2124 117 23 Exhibition,
779 2126 50 17 1890.

581 2256 116 25 Rotorua
710 2258 80 23 Town
803 2258 90 23 Board-

520 2309 152 21 HTENDERS
684 2310 38 19 will
734 2310 25 19 be
774 2310 91 19 received
875 2310 28 25 by
921 2309 34 20 the

525 2332 25 21 J-
586 2336 110 21 Chairman
706 2337 21 18 of
738 2337 34 18 the
780 2337 62 18 Town
850 2336 67 19 Board
928 2343 27 18 up

518 2366 19 17 to
548 2362 50 21 loth
609 2363 91 20 October,
724 2364 56 22 1896,
800 2363 31 18 for
849 2362 106 26 Nightsoil

518 2388 79 21 Service
607 2390 33 18 for
651 2390 33 18 the
694 2389 61 19 Town
769 2390 21 18 of
800 2388 99 20 Rotorua.

544 2416 152 25 Specifications
706 2419 19 15 to
738 2415 24 19 be
772 2421 47 13 seen
833 2419 21 15 at
864 2415 35 19 the
919 2415 24 19 Of-

518 2442 35 19 fice
564 2442 20 19 of
595 2442 35 18 the
640 2442 68 18 Board
725 2442 52 18 after
790 2441 90 25 Monday
898 2444 54 16 next.

543 2468 81 19 Lowest
635 2475 22 12 or
668 2475 39 17 any
718 2468 71 18 tender
798 2471 35 15 not
845 2467 99 19 ueeessari-

518 2495 19 25 ly
548 2494 101 19 accented.

692 2519 22 20 C.
730 2519 143 24 MALFROY,

811 2546 116 20 Chairman.

543 2573 97 23 Rotorua,
652 2572 126 25 September,
791 2574 17 21 9,
822 2574 56 16 1896.

519 2620 59 20 BAY
601 2620 34 20 OF
660 2619 112 20 PLENTY
799 2618 156 21 LICENSING

669 2645 136 20 DISTRICT.

519 2698 85 19 Notice
617 2699 27 18 of
657 2697 150 24 Application
823 2697 35 19 for
873 2698 69 18 Trans-

644 2722 34 18 fer
691 2722 26 18 of
727 2721 103 19 License.

520 2772 23 43 I
570 2771 77 20 JOHN
657 2771 154 23 JOHNSTON,
823 2771 21 18 of
855 2771 98 23 Rotorua,

550 2807 8 16 5
591 2798 63 25 being
664 2799 34 18 the
710 2797 71 19 holder
790 2798 21 18 of
819 2804 11 12 a
837 2797 118 19 Publican's

519 2823 83 20 Licence
611 2824 20 19 in
642 2827 78 22 respect
741 2824 20 18 of
780 2823 34 19 the
833 2823 63 19 houso
915 2823 39 19 and

519 2850 97 24 premises
626 2851 73 18 situate
707 2853 20 16 at
736 2849 91 20 Rotorua
834 2849 40 19 and
881 2849 74 20 known

520 2875 26 25 by
556 2876 35 19 tho
601 2877 46 23 sign
657 2877 22 18 of
695 2877 34 18 the
748 2876 74 18 Palace
842 2876 70 22 Hotel,
931 2876 24 19 do

519 2901 78 26 hereby
607 2903 47 23 give
664 2903 65 18 notice
740 2902 45 19 that
793 2902 11 19 I
814 2902 66 19 desire
891 2905 20 15 to
920 2902 24 19 ob-

519 2928 50 23 tain,
581 2928 40 19 and
638 2928 48 24 ■will,
703 2931 21 16 at
740 2928 34 19 the
791 2930 49 17 next
857 2928 100 25 licensing

519 2954 91 25 meeting
628 2957 21 16 to
664 2954 26 19 be
706 2954 73 19 holden
797 2957 21 16 at
834 2954 34 18 the
885 2954 60 19 Court-

520 2979 70 24 house,
601 2980 115 26 Tauranga,
729 2987 26 12 or.
769 2980 34 19 the
820 2980 39 19 2nd
877 2980 41 24 day
937 2980 20 19 of

520 3006 119 23 December,
652 3008 54 21 1896,
717 3006 62 25 apply
788 3007 33 18 for
838 3013 11 12 a
869 3006 88 19 transfer

520 3032 21 19 of
560 3032 35 19 the
615 3032 44 19 said
678 3032 75 20 license
772 3032 53 19 from
844 3032 74 24 myself
937 3034 20 17 to

520 3058 70 19 Frank
601 3058 89 23 Waters,
706 3065 35 18 my
749 3058 114 25 appointee.

547 3084 67 19 Dated
626 3085 33 18 the
670 3084 59 19 ninth
740 3085 39 24 day
791 3085 21 18 of
831 3084 124 25 September,

524 3112 56 17 1896.

659 3136 75 20 JOHN
747 3136 156 20 JOHNSTON.

522 3187 57 19 BAY
610 3187 35 19 OF
668 3186 114 20 PLENTY
805 3187 154 20 LICENSING

676 3213 131 19 DISTRICT.

524 3264 85 19 Notice
626 3264 27 19 of
663 3264 152 24 Application
830 3265 35 18 for
878 3265 70 19 Trans-

647 3288 34 18 fer
694 3288 26 18 of
731 3288 104 19 License.

526 3337 24 19 T
583 3337 224 21 EDWAbDWEBB,
819 3338 20 19 of
847 3338 113 25 Waiotapu

526 3358 24 22 J-
557 3371 9 17 9
597 3363 79 25 Valley,
687 3364 63 25 being
760 3364 34 19 the
814 3364 71 18 holder
901 3364 21 19 of
935 3371 24 12 an

525 3390 178 20 Accommodation
712 3390 84 19 License
805 3390 22 18 in
844 3393 79 22 respect
941 3391 21 18 of

525 3417 35 18 the
584 3416 64 18 houso
668 3415 40 19 and
726 3416 98 25 premises
845 3416 75 19 t-ituate
941 3419 21 16 at

526 3442 113 25 Waiotapu
649 3441 72 25 Vallej'
738 3441 39 19 and
794 3442 73 18 known
882 3442 29 25 by
927 3443 35 18 the

527 3469 45 24 sign
582 3468 21 18 of
612 3468 36 18 the
681 3467 70 19 Omaio
782 3467 68 24 Hotol,
867 3468 25 18 do
905 3469 46 18 here-

527 3495 27 24 by
565 3494 46 25 give
622 3493 65 19 notice
697 3494 45 18 that
751 3493 11 19 I
772 3493 65 19 desire
852 3496 20 16 to
882 3494 77 23 obt.in,

527 3520 41 18 and
579 3519 47 23 will,
638 3522 21 16 at
669 3520 34 18 the
710 3523 48 15 next
766 3519 99 25 licent-ing
872 3521 91 24 meeting

528 3549 20 15 to
558 3549 23 15 bo
591 3545 73 19 holden
676 3549 20 15 at
703 3545 34 19 the
743 3545 138 25 Magistrate's
890 3545 61 19 Court-

528 3572 70 22 house,
610 3571 115 25 Taurnnga,
738 3578 26 12 on
778 3571 34 18 the
828 3571 40 20 2nd
884 3571 41 25 day
943 3572 21 19 of

529 3597 119 23 December,
661 3599 56 21 1896,
729 3597 61 25 apply
800 3598 31 18 for
845 3604 13 12 a
875 3598 89 19 transfer

529 3624 21 18 of
560 3624 35 18 the
605 3624 44 18 said
659 3623 73 19 license
743 3624 51 17 from
801 3624 73 24 myself
880 3627 20 16 to
908 3624 56 19 John

529 3650 105 22 Falloona,
645 3656 33 18 my
691 3650 113 24 appointee.

557 3675 66 19 Dated
633 3676 34 18 tho
678 3676 48 18 28th
737 3675 39 25 day
796 3675 20 19 of
837 3675 125 25 September,

531 3702 34 19 189
565 3702 23 19 U.

600 3727 94 25 (Signed)
703 3726 128 19 EDWARD
845 3727 92 20 WEBB.

543 3778 132 20 ROTOHUA
701 3777 104 20 PUBLIC
825 3778 127 20 LIBRARY

593 3803 61 20 AND
668 3804 130 19 READING
808 3804 88 20 ROOM.

630 3855 81 19 Annual
731 3855 87 19 General
835 3856 93 25 Meeting
945 3857 22 19 of

539 3876 23 23 JL
600 3881 125 19 subscribers
733 3881 39 19 -will
784 3881 47 19 take
838 3882 56 25 plac»
903 3883 21 18 in
931 3885 36 16 the

530 3907 100 19 Institute
639 3914 25 12 on
681 3907 81 24 Friday,
779 3907 35 19 9th
833 3908 92 24 October,
946 3912 21 16 at

532 3935 11 17 8
553 3940 49 13 n.m.

724 3959 23 19 F.
762 3959 22 19 F.
799 3959 87 23 WATT,

830 3985 55 20 Hon.
897 3986 43 19 Sec.

560 4016 101 20 Business
668 4016 4 25 :
695 4017 29 19 To
742 4017 76 19 receive
840 4020 69 21 report
927 4018 40 18 and

534 4041 162 25 balance-sheet;
709 4046 21 16 to
741 4043 50 18 elect
797 4043 108 24 president,
915 4044 43 18 vice-

534 4067 103 24 president
648 4070 39 17 and
697 4068 62 19 board
768 4069 21 18 of
797 4074 142 19 management
948 4070 20 18 of

534 4093 48 18 nine
602 4099 89 19 persons,
711 4094 40 19 and
769 4096 21 17 to
811 4098 89 15 transact
920 4095 48 19 such

535 4118 58 18 other
615 4119 93 19 business
728 4126 22 12 as
769 4126 45 18 may
834 4120 25 19 be
877 4121 91 25 brought

534 4144 95 18 forward.

1024 296 84 20 District
1117 297 60 19 Land
1186 298 40 19 and
1237 298 78 25 Survey
1339 298 49 23 ffice,

977 317 1 33 |
1040 322 113 25 Auckland,
1164 324 50 19 29th
1228 324 127 26 September,
1368 326 55 17 1896.

1042 357 17 19 is
1068 357 77 26 hereby
1155 359 83 18 notified
1249 359 45 18 that
1304 359 34 18 the
1350 359 61 19 under-

1007 397 6 3 -
1042 384 116 18 mentioned
1175 384 157 20 SUBURBAN
1349 385 72 22 LOTS,

988 411 21 16 at
1019 409 77 25 Taupo,
1108 410 40 19 will
1159 409 26 20 be
1199 411 112 19 submitted
1330 412 34 18 for
1382 411 41 19 6ale

988 435 28 25 by
1030 435 68 25 public
1116 436 82 19 auction
1219 440 21 16 at
1257 437 40 19 this
1317 437 60 19 Office
1397 444 26 12 on

991 461 112 23 FRIDAY,
1115 462 35 19 the
1160 463 35 18 6th
1207 463 39 25 d.y
1257 463 22 19 of
1298 463 124 23 November,

990 489 55 22 1896,
1057 491 21 16 at
1090 489 20 17 11
1120 494 47 13 a.m.

1080 518 88 20 TOWN
1186 519 35 19 OF
1234 519 100 19 TAUPO.

987 548 46 18 Lots
1040 549 35 17 Ito
1086 550 27 19 10,
1122 549 61 18 Block
1188 550 43 17 XV.
1264 552 8 14 \
1280 550 51 17 Each
1337 550 86 17 contain-

987 572 61 17 Lotsl
1055 573 20 17 to
1080 573 27 17 10.
1112 573 58 17 Block
1177 573 77 17 XVIII.
1267 571 5 22 (
1291 573 35 23 ing
1335 574 8 16 1
1358 573 52 17 rood.

987 595 46 18 Lots
1043 596 7 16 1
1061 597 20 16 to
1092 597 26 18 16,
1129 596 59 17 Block
1197 597 57 16 XXI.
1266 594 6 27 (
1292 597 60 22 Upset
1361 597 50 21 price

986 618 47 18 Lots
1040 620 33 16 Ito
1078 620 27 20 16,
1112 620 60 17 Block
1179 620 75 17 XXIV.
1261 621 9 20 ;
1279 626 34 16 per
1332 620 38 17 Lot
1390 620 31 17 £5.

1091 668 94 20 TERMS
1195 668 35 20 OF
1240 668 75 20 SALE.

1013 700 100 19 One-fifth
1123 701 47 18 cash
1186 708 25 11 on
1230 701 37 19 fall
1284 701 21 20 of
1323 701 96 21 hammer,

986 726 40 19 and
1036 726 83 20 balance
1132 728 49 18 with
1191 728 16 18 £
1214 729 5 16 I
1232 728 72 19 Crown
1314 731 60 21 grant
1383 729 36 21 foe,

986 752 71 19 within
1068 755 24 16 30
1103 753 48 18 davs
1165 754 119 19 thereafter.

1073 779 140 20 GKKHARD
1224 780 143 22 MUELLER,

1064 805 157 20 Commissioner
1236 806 72 19 Crown
1318 806 75 19 Lands.

1059 855 178 28 GRAND

1162 900 24 12 IX
1198 900 41 13 THE

1082 922 139 20 PUKEROA
1234 923 84 19 HAT.L.

986 957 54 43 TO
1050 957 92 18 celebrate
1150 957 34 18 the
1193 958 49 17 close
1257 959 20 16 of
1285 958 32 17 the
1332 958 88 18 Football

1048 980 68 18 Season
1125 987 25 11 on
1160 981 76 22 Friday,
1248 982 44 17 10th
1304 982 44 17 inst.

1036 1013 89 21 Double,
1134 1013 19 17 3s
1162 1013 36 21 6d;
1214 1013 80 20 Single,
1305 1014 20 16 2s
1334 1013 30 17 od.

1155 1041 19 18 J.
1188 1041 29 19 W.
1228 1042 115 21 WEBBER,

1289 1066 51 17 Hon.
1356 1065 39 18 Sec.

1027 1109 215 26 IMPOUNDING
1252 1112 127 23 NOTICE.

984 1164 189 19 TMPOUNDED
1184 1165 21 18 in
1217 1165 34 18 the
1257 1164 74 20 Public
1338 1165 79 20 Pound.

986 1211 4 21 1
1005 1211 61 19 Black
1077 1211 67 19 Horse
1155 1218 27 12 no
1191 1212 73 19 visible
1273 1212 73 20 brand.

985 1239 6 17 1
1004 1237 63 19 Black
1076 1237 57 19 Maro
1143 1245 26 11 no
1179 1239 74 18 visible
1266 1238 71 20 brand.

984 1265 6 17 1
1004 1264 43 25 Bay
1057 1264 58 18 Mare
1124 1265 93 18 branded
1227 1265 41 18 like
1280 1265 16 19 O
1308 1265 50 19 with
1369 1265 21 19 H
1397 1266 20 19 in

1034 1293 67 16 centre
1111 1297 26 12 on
1146 1291 97 19 shoulder
1254 1291 40 18 and
1304 1291 42 25 hip.

1068 1316 26 19 be
1104 1317 43 18 sold
1158 1323 26 12 on
1195 1317 108 25 Saturday,
1317 1318 47 18 10th
1380 1318 25 19 Oc-

981 1342 63 24 tober,
1056 1345 21 16 at
1089 1344 24 18 12
1123 1349 61 17 noon,
1196 1343 68 20 unless
1280 1343 85 26 charges
1383 1351 34 13 are

981 1369 54 25 paid.

1213 1395 22 20 C.
1250 1395 86 24 BIRSS,

1237 1422 153 26 Poundkeeper.

988 1472 82 18 TOHN
1095 1473 15 17 I.
1143 1474 107 17 PHILIPS
1283 1475 53 16 AND
1370 1475 44 20 CO.,

981 1499 22 16 tJ
1089 1500 76 14 MINING
1179 1502 122 16 ENGINEERS,

1027 1524 130 13 AUTHORISED
1172 1525 77 13 MIXING
1263 1526 42 12 AND
1314 1525 55 14 LAND

1073 1548 105 13 TRANSFER
1192 1549 123 13 SURVEYORS.

979 1590 56 17 Head
1045 1590 68 24 Office:
1137 1590 107 23 Halyday's
1261 1591 107 23 Buildings,
1386 1592 28 20 20,

1050 1613 178 21 Shortland-strect,
1239 1615 105 17 Auckland.

980 1642 46 18 P.O.
1036 1643 42 17 Box
1088 1643 39 17 332.
1259 1643 107 23 Telephone
1374 1644 40 18 980.

979 1670 58 18 Cable
1046 1670 81 18 Address
1136 1670 3 21 :
1152 1671 138 20 Theodolite,
1309 1671 105 18 Auckland.

1108 1717 76 17 Branch
1201 1717 67 18 Offices
1277 1717 3 18 :

979 1746 171 20 WIIARF-RTREKT,
1161 1746 140 18 PaEROA—Mr
1306 1747 21 17 F.
1337 1747 23 17 A.
1368 1748 35 17 Cut-

1003 1770 38 19 ten,
1053 1770 51 19 C.E.,
1116 1770 76 21 Mining
1207 1771 94 16 Surveyor
1313 1770 19 17 in
1346 1771 69 22 charge

1003 1793 20 17 of
1031 1793 84 22 district;
1129 1794 31 16 Mr
1171 1794 22 17 T.
1210 1793 97 22 Whewell,
1325 1794 91 17 Resident

1003 1816 103 22 Secretary.

979 1839 168 21 Brown-street,
1158 1840 142 17 Thames—Mr
1312 1840 67 18 Albert
1395 1841 18 17 S.

1002 1863 69 20 Allom,
1082 1863 40 16 Min
1134 1869 26 17 ng
1169 1863 95 23 Surveyor
1273 1864 19 16 in
1310 1864 69 22 charge
1395 1865 20 16 of

1003 1886 78 17 district.

979 1909 101 18 Kapanga
1101 1909 63 19 Road,
1188 1911 139 17 Coromaxdel
1368 1911 46 17 P.O.

1002 1933 41 17 Box
1063 1933 26 17 17.
1114 1933 32 17 Mr
1162 1933 23 18 E.
1203 1933 26 17 H.
1247 1933 73 23 Hardy,
1339 1934 76 22 Mining

1003 1956 94 22 Surveyor
1105 1956 18 17 in
1134 1957 69 21 charge
1213 1957 20 16 of
1243 1956 86 22 district;
1343 1958 32 16 Mr
1391 1958 22 17 A.

1002 1979 21 17 F.
1033 1979 77 23 Billing,
1124 1980 90 18 Resident
1228 1980 103 23 Secretary.

979 2028 44 43 A
1036 2028 71 22 Handy
1116 2028 73 23 Young
1197 2029 46 17 Man
1258 2029 83 22 requires
1355 2029 49 17 situa-

1048 2051 46 18 tion.
1120 2051 39 18 Not
1173 2051 62 18 afraid
1250 2052 20 17 of
1284 2051 58 19 work.
1374 2052 27 18 Ad-

978 2074 52 17 dress
1038 2075 59 20 A.M.,
1109 2075 118 17 Chronicle
1236 2076 63 17 Office.

979 2139 56 18 MHO
1048 2139 52 18 THE
1113 2140 132 18 ELECTORS
1258 2140 32 18 OF
1299 2140 53 18 THE
1361 2141 53 17 BAY

1055 2186 32 17 OF
1096 2186 105 18 PLENTY
1209 2187 125 18 DISTRICT.

977 2283 79 19 Ladies
1065 2290 41 12 and
1118 2284 134 23 Gentlemen,
1257 2295 25 3 —

1003 2335 12 19 I
1024 2335 52 19 hn.vo
1085 2335 35 19 the
1130 2336 66 18 honor
1205 2338 21 16 to
1234 2336 74 19 inform
1317 2343 41 18 you
1369 2337 44 19 that

977 2378 11 19 I
998 2378 52 19 shall
1062 2378 25 19 be
1096 2385 12 12 a
1118 2378 113 20 Candidate
1242 2380 31 18 for
1280 2379 40 19 this
1329 2379 84 19 District

977 2424 21 16 at
1010 2421 33 19 the
1052 2421 138 25 forthcoming
1197 2422 87 19 General
1291 2422 91 19 Election
1390 2429 22 12 as

977 2471 25 12 an
1014 2464 107 26 Opponent
1139 2467 19 16 to
1170 2465 34 18 the
1220 2467 81 23 present
1321 2465 91 19 Govern-

1068 2559 132 20 WILLIAM
1213 2559 27 19 11.
1252 2559 132 21 lIERRIES.

1003 2611 141 25 Shaftesbury,

1029 2655 120 24 September
1158 2655 56 23 25th,
1227 2657 57 17 1896.

965 4240 102 40 Ask
1099 4242 71 38 for
1199 4240 271 40 Hancock's
1500 4241 277 39 Celebrated
1813 4239 190 40 XXXX
2031 4239 113 39 Ales
2174 4240 95 37 and
2296 4239 146 38 Stout

2934 3395 33 17 BE
2986 3395 36 17 ON
3043 3395 89 17 GUARD

2946 3417 111 18 AGAINST
3066 3419 54 17 THE

2815 3440 63 17 VILE
2887 3440 54 18 AND
2949 3440 140 19 INJURIOUS
3098 3442 154 17 IMITATIONS

3015 3464 33 18 OF

2921 3487 137 17 CLEMENTS
3066 3488 79 18 TONIC

2863 3509 65 18 SOLD
2938 3509 36 18 BY
2988 3510 77 17 MANY
3078 3511 125 18 DEALERS.

2863 3533 137 17 CLEMENTS
3017 3534 77 17 TONIC
3111 3535 24 17 IS
3151 3535 53 17 THE

2930 3556 68 18 BEST.
3010 3556 129 18 ORIGINAL

2892 3579 54 17 AND
2963 3579 72 17 ONLY
3045 3580 127 18 GENUINE.

2839 3625 61 17 Don't
2912 3625 23 17 be
2944 3625 87 18 deceived
3040 3631 21 12 or
3069 3626 67 17 misled
3144 3627 41 17 into
3202 3626 38 24 buy-

2830 3654 20 17 lg
2858 3654 38 16 any
2902 3649 59 19 other,
2972 3655 21 11 or
3008 3654 49 17 your
3073 3650 61 21 pains,
3152 3650 46 18 time
3214 3651 38 17 and

2830 3676 55 16 loney
2891 3677 32 12 are
2932 3672 45 20 only
2989 3672 75 17 thrown
3073 3678 60 14 away.

2922 3717 137 19 CLEMENTS
3067 3718 79 19 TONIC

2839 3740 156 18 POSITIVELY
3004 3741 83 17 CURES
3092 3742 52 17 ALL
3151 3742 80 18 CASES

2939 3764 106 17 ARISING
3055 3765 73 17 FROM

2848 3787 120 20 ANJEMIA,
2978 3787 80 17 LIVER
3068 3788 151 17 COMPLAINT

2910 3810 55 17 AND
2979 3810 177 18 INDIGESTION.

2816 3856 36 18 Mr
2859 3855 22 20 J.
2895 3855 25 19 O.
2934 3856 71 18 Short
3021 3857 94 20 Dunedin,
3125 3857 54 21 N.Z.,
3189 3859 63 17 writes

2864 3878 71 19 cured
2953 3878 26 19 of
3024 3885 24 11 on
3066 3880 87 21 October,
3173 3882 43 16 1894
3224 3887 28 11 :

2840 3901 153 24 Indigestion.
3022 3903 31 22 Mj
3053 3901 4 25 r
3081 3904 119 22 occupation,
3233 3905 19 17 of

2880 3925 87 23 keeping,
2977 3925 16 18 is
3001 3931 46 17 very
3055 3926 106 22 sedentary.

2865 3948 4 24 .
2878 3964 10 2 _
2897 3950 54 20 groat
2961 3948 42 17 deal
3020 3949 48 17 from
3083 3950 122 22 indigestio..,

2817 3970 111 23 companied
2941 3972 46 16 with
2996 3971 99 19 headache.
3122 3973 34 22 My
3170 3974 82 21 appetite

2817 3994 33 17 fell
2862 4000 61 16 away,
2932 3994 38 17 and
2978 3995 50 16 after
3035 3995 67 22 taking
3111 3995 45 17 food
3163 3996 10 16 I
3186 3997 57 17 suffer-

2817 4017 23 17 ed
2848 4017 47 17 with
2907 4017 54 22 pains
2977 4017 19 17 in
3013 4017 32 18 the
3061 4019 91 17 stomach.
3178 4019 10 18 I
3205 4019 47 18 tried

2817 4040 96 17 Clements
2930 4040 62 21 Tonic,
3010 4040 37 17 and
3057 4041 9 16 I
3083 4042 60 17 found
3155 4043 54 20 great
3223 4049 20 10 re-

2817 4063 39 17 lief.
2888 4063 32 17 All
2926 4063 32 17 the
2967 4063 59 17 above
3035 4064 73 17 trouble
3117 4066 51 16 went
3181 4065 60 22 gradu-

2817 4086 40 22 ally
2866 4092 60 16 away.
2951 4087 10 16 I
2970 4087 45 21 only
3028 4087 46 17 used
3082 4087 53 17 three
3150 4088 69 17 bottles
3235 4089 17 17 of

2818 4109 95 17 Clements
2922 4110 62 19 Tonie,
2991 4110 38 16 and
3038 4116 30 11 am
3077 4111 42 16 well
3128 4110 37 17 and
3175 4117 34 11 can
3225 4111 18 17 di-

2818 4133 43 20 gest
2892 4132 113 18 wholesoino
3032 4133 139 17 food.—Yours
3196 4134 56 22 truly,

2818 4155 52 17 John
2880 4155 21 17 C.
2918 4155 61 20 Short,
2994 4156 94 19 Dunedin,
3103 4157 48 17 New
3164 4157 88 18 Zealand.

2441 4064 64 28 £SO,
2521 4064 61 28 £lO,
2597 4064 58 27 £lO,
2671 4064 44 25 £5.

2363 4096 64 20 Given
2437 4102 58 18 away
2505 4097 32 17 for
2547 4102 13 12 a
2570 4096 65 24 single
2643 4102 66 17 guess.
2742 4095 52 20 Send

2363 4125 66 22 stamp
2437 4122 33 18 for
2480 4121 121 24 particulars
2610 4121 40 19 and
2664 4120 95 20 circulars
2774 4124 20 15 to

2363 4148 43 18 Box
2419 4148 43 22 176,
2473 4147 22 23 P.
2495 4147 35 23 0.,
2544 4147 130 24 Wellington.
2791 4147 3 24 I
