3300 4360
73 130 25 19 TN
106 125 53 23 THE
166 123 78 20 LAND
254 123 35 20 OF
296 123 58 19 THE
368 122 124 20 ANCIENT

218 149 114 19 PEOPLE.

212 219 33 18 By
259 218 80 19 'Tuhoe.

237 261 17 16 O
271 260 51 19 son!
348 260 110 23 Greetings
472 261 21 16 to

70 301 19 14 TO
91 299 11 11 u
118 289 42 19 who
176 292 56 13 como
254 287 52 19 from
330 287 45 17 afar
392 288 21 16 to
432 282 60 22 dwell

70 321 61 18 among
149 313 34 19 the
193 312 63 19 tribes
266 312 21 18 of
301 312 77 22 Tuhoe,
399 311 35 18 the
454 311 24 18 de-

70 341 92 24 pendants
174 338 21 18 of
205 339 35 18 the
258 338 80 19 ancient
355 337 72 24 people
445 336 45 19 who

69 372 30 19 live
113 368 20 17 in
148 365 34 19 the
196 364 51 19 dark
264 363 68 25 places
345 363 21 19 of
381 363 35 18 the
433 362 58 19 earth

70 396 53 19 where
133 391 33 19 the
185 396 39 13 sun
242 390 69 19 shines
329 392 43 15 not.
399 388 47 19 And
456 388 34 18 the

69 423 48 17 Kara
125 423 35 19 p;ie
179 423 12 12 a
214 415 92 23 Mahina,
324 415 15 18 it
356 415 17 19 is
383 414 49 19 with
443 419 46 19 you.

69 446 55 22 Truly,
136 443 17 20 0
162 448 37 13 son
207 442 5 18 !
228 442 17 17 is
256 447 50 19 your
325 440 72 19 labour
416 445 12 12 a
442 440 49 23 long

68 468 95 26 continued
179 468 100 18 one—the
301 466 108 24 searching
436 465 53 18 after

69 501 26 18 the
104 493 115 25 knowledge
231 494 21 18 of
262 499 37 12 our
306 495 108 16 ancestors.
443 490 47 19 And

70 529 40 19 your
134 520 132 23 thought—it
286 518 17 18 is
322 518 47 23 this,
385 518 45 19 that
447 523 40 18 you

70 548 40 22 shall
119 548 33 23 lay
161 546 71 18 before
249 551 33 12 mo
292 544 34 18 the
338 543 120 24 knowledge
466 543 21 18 of

70 580 50 18 many
129 578 50 16 men,
192 571 34 19 the
237 570 68 20 sacred
322 569 43 19 lore
380 569 108 26 preserved

71 603 19 22 by
97 605 56 18 many
162 597 52 19 lines
220 597 22 18 of
248 595 109 21 chieftains
364 597 21 18 of
392 597 99 18 Aotearoa

70 627 31 20 and
111 625 19 18 of
138 623 106 20 Mataatua
260 630 5 15 ;
286 622 45 18 that
345 621 12 19 I
374 621 52 20 shall
444 621 47 19 look

72 658 42 19 upon
131 650 55 19 these
202 649 69 19 sacred
291 648 69 23 things
380 648 41 19 and
445 653 33 12 con-

72 680 48 18 demn
129 677 44 18 that
186 675 66 19 which
270 675 17 17 is
298 680 69 19 wrong
378 675 40 18 and
437 679 41 12 com-

72 703 49 22 mend
131 702 44 19 that
185 701 66 19 which
259 701 16 18 is
282 703 81 17 correct.
392 701 17 18 E
416 700 75 18 Tama!

72 730 42 21 How
125 727 82 24 littloye
221 726 59 19 know
294 727 21 17 of
332 727 35 18 the
381 730 72 15 nature
470 727 22 17 of

72 756 32 20 this
113 753 102 19 work—of
225 753 35 19 the
270 753 45 18 task
323 753 46 18 that
378 759 40 17 you
434 752 56 25 place

72 787 44 20 upon
133 785 37 14 me.
205 779 74 22 Know,
308 779 17 18 O
343 779 80 19 friend!
447 779 46 18 that,

72 809 47 19 these
125 811 32 14 ore
164 805 69 19 sacred
241 807 84 17 matters
327 805 60 18 —the
394 805 71 18 stories
472 805 21 18 of

72 833 31 21 old,
114 833 19 18 of
143 831 33 20 the
185 831 66 24 origin
258 831 21 18 of
286 837 53 16 man,
352 831 21 18 of
381 831 35 18 the
427 830 65 19 works

73 859 30 20 and
112 857 104 19 wondrous
227 857 72 24 doings
310 857 20 18 of
345 857 35 18 the
400 856 92 26 god-like

72 891 36 15 men
118 884 20 19 of
146 890 55 18 yore.
230 883 68 19 Listen
306 882 6 19 !
327 882 38 19 Let
379 889 51 17 your
448 889 45 12 ears

72 917 40 19 open
122 914 19 15 to
150 910 78 18 leceive
248 909 56 18 these
322 908 71 23 words,
403 909 31 18 for
444 908 49 24 they

72 943 35 18 may
118 936 25 18 be
151 936 36 17 the
206 937 39 16 last
256 935 9 18 I
284 934 52 19 shall
347 937 53 16 utter
414 934 20 18 in
451 934 41 18 this

72 962 51 20 world
136 962 21 17 of
172 961 67 25 light:
255 960 11 19 I
276 963 83 16 consent
374 962 21 16 to
414 960 79 19 this—l

72 988 31 21 Mill
122 987 47 19 take
200 987 34 18 the
265 986 84 26 paipera
375 993 40 17 you
440 986 53 18 have

71 1014 77 25 brought
164 1017 21 15 to
201 1019 38 17 me,
254 1013 32 18 for
308 1012 11 19 I
339 1019 33 12 see
391 1012 46 19 that
453 1018 40 18 you

71 1044 41 17 hiivo
137 1039 57 19 noted
212 1039 75 24 wisely,
308 1038 45 19 that
374 1044 41 19 you
440 1038 53 18 have

71 1066 77 26 brought
158 1072 26 12 no
193 1065 47 19 food
259 1065 49 18 with
326 1070 47 18 you,
387 1070 37 12 nor
441 1070 52 18 your

71 1094 41 24 pipe,
124 1099 35 12 nor
174 1094 34 23 yet
218 1098 40 17 .any
274 1097 92 12 common
385 1090 71 22 things
472 1089 21 19 of

72 1120 25 19 the
106 1118 61 19 earth.
196 1117 11 19 I
218 1117 40 18 w>ll
278 1117 48 18 take
345 1122 50 19 your
410 1116 83 25 paipera

72 1143 133 25 andniywoul
220 1143 53 19 shall
291 1149 26 18 go
335 1142 56 18 forth
409 1142 84 18 thereon

71 1178 16 13 as
95 1176 18 13 to
129 1171 35 17 the
181 1176 66 12 errors
264 1175 22 13 or
305 1174 96 18 accuracy
417 1169 21 17 of
458 1167 35 19 the

71 1197 58 19 sacred
151 1198 83 16 matters
248 1195 84 19 therein.
368 1194 11 18 I
401 1193 41 19 will
468 1193 25 19 do

70 1225 32 19 this
119 1225 57 23 great
192 1221 61 23 work,
273 1221 31 18 for
322 1219 53 25 truly
394 1220 25 18 do
430 1220 10 19 I
460 1226 33 12 see

70 1252 35 19 that
119 1255 41 14 you
171 1247 57 20 tread
239 1248 19 18 in
269 1247 34 18 the
313 1246 98 24 footsteps
419 1246 21 19 of
456 1245 37 19 the

71 1283 35 14 men
120 1275 20 21 of
150 1275 40 23 old,
201 1274 40 18 and
252 1279 33 18 my
295 1273 60 18 heart
372 1278 48 19 goes
438 1271 55 19 forth

70 1308 15 15 to
94 1303 31 19 the
144 1307 48 13 man
207 1300 22 18 of
249 1306 11 12 a
281 1301 81 21 strange
381 1305 46 12 race
447 1298 44 18 who

71 1331 63 17 honors
143 1327 35 19 the
189 1327 70 18 heroes
270 1325 20 18 of
299 1324 35 19 the
345 1327 50 21 past,
407 1324 25 18 be
446 1324 47 24 they

70 1355 69 21 pakeha
148 1359 23 13 or
181 1352 73 20 Maori.
291 1351 41 18 But
342 1350 59 19 know
416 1350 45 18 that
478 1350 16 18 if

70 1383 7 18 1
84 1380 90 21 condemn
185 1379 44 18 that
240 1376 65 21 which
317 1376 17 18 is
345 1376 55 24 right
408 1376 40 19 and
459 1382 23 12 ex-

70 1408 21 19 tol
100 1407 42 18 that
150 1404 65 20 which
225 1404 17 18 is
252 1409 76 17 wrong,
340 1402 48 19 then
399 1402 41 18 will
458 1403 35 17 the

70 1433 40 19 mids
117 1433 21 18 of
157 1432 35 18 the
200 1430 67 18 Maori
285 1435 84 18 avenge,
385 1428 34 19 the
435 1430 58 21 great

70 1461 27 21 sin,
114 1458 39 19 and
169 1457 12 19 I
197 1456 52 19 shall
268 1454 67 24 surely
355 1454 38 18 die.
431 1453 60 29 Kati!

69 1486 53 19 What
148 1490 49 13 man
223 1487 47 19 may
299 1480 63 25 speak
386 1480 21 19 of
436 1480 57 19 these

69 1512 58 24 things
138 1510 8 19 ?

88 1537 49 20 Such
157 1541 52 14 were
225 1535 34 18 the
277 1532 64 20 words
356 1532 20 18 of
393 1539 25 12 an
437 1532 52 25 aged

68 1564 71 19 warrior
154 1562 21 19 of
185 1560 121 24 Ngati-Apa
317 1559 57 18 when
385 1558 11 19 I
416 1558 76 19 carried

68 1597 16 12 to
91 1590 38 19 him
145 1596 11 11 a
172 1586 104 21 collection
294 1585 21 19 of
331 1585 107 18 traditions
453 1584 38 18 and

70 1614 118 28 genealogies
198 1612 66 19 which
273 1611 40 19 had
320 1611 51 18 been
392 1610 97 25 gathered

69 1646 42 17 from
129 1647 61 18 many
207 1644 86 13 sources.
331 1637 18 18 A
365 1636 77 25 worthy
457 1635 24 20 de-

70 1668 85 21 scendant
165 1667 21 18 of
195 1665 47 24 Apa
252 1664 39 18 and
301 1663 22 18 of
339 1663 36 18 Toi
391 1669 40 12 was
451 1662 41 18 this

69 1702 44 11 same
122 1694 124 19 Ivaumatua,
258 1696 12 12 a
286 1688 133 25 big-framed,
436 1688 45 19 well-

68 1720 68 20 formed
162 1724 54 16 man,
250 1715 49 19 with
323 1715 83 24 flowing
430 1714 61 19 white

69 1748 51 18 beard
131 1746 39 19 and
179 1745 21 18 of
215 1750 11 12 a
235 1741 144 25 commanding
397 1746 94 19 presence

69 1773 62 19 skilled
140 1773 21 17 in
178 1769 66 21 Maori
259 1771 87 21 oratory,
366 1767 38 18 and
421 1766 70 19 versed

68 1800 14 19 in
92 1800 31 18 the
133 1798 80 19 ancient
230 1795 43 19 lore
289 1794 21 19 of
329 1799 59 18 many
402 1792 88 19 tribes—

68 1833 8 11 a
82 1826 47 25 truly
145 1822 98 21 Homeric
263 1820 89 20 warrior,
373 1819 50 23 who,
442 1818 49 19 with

68 1853 24 17 his
119 1850 64 27 grand
192 1858 8 5 -
207 1847 91 20 children
336 1845 77 19 around
449 1844 41 19 him

68 1877 50 20 dwelt
132 1884 26 11 on
175 1876 34 18 the
226 1874 46 19 lone
288 1878 63 20 pnrae
367 1871 66 18 where
449 1873 40 16 two

68 1907 47 22 great
127 1903 64 19 rivers
211 1902 59 17 meet.
298 1899 18 18 A
327 1904 46 12 man
385 1897 43 18 who
449 1896 40 19 had

67 1931 41 18 done
119 1929 58 19 much
187 1930 21 16 to
218 1926 56 26 place
282 1931 25 12 on
316 1923 68 19 record
395 1922 34 19 the
447 1922 32 19 his-

67 1960 34 21 tory
119 1955 19 19 of
157 1955 31 18 his
198 1951 77 27 people,
286 1951 33 18 for
327 1949 58 20 when
395 1949 19 18 in
432 1955 57 18 camp

67 1989 64 18 among
153 1981 35 18 the
204 1977 134 20 descendants
353 1975 21 19 of
396 1974 93 20 Manawa

67 2009 30 18 and
113 2008 20 19 of
152 2006 105 23 Mahauga
273 2004 26 17 he
322 2000 108 27 presented
457 2007 31 12 me

67 2035 38 18 with
115 2035 38 18 five
160 2032 91 19 volumes
264 2030 20 18 of
294 2027 59 21 MSS.
371 2027 117 24 containing

66 2061 47 19 much
142 2056 96 23 valuable
260 2058 74 16 matter
360 2056 61 16 nnent
454 2053 34 19 the

67 2087 67 18 ancient
146 2084 79 26 people.
261 2081 59 19 With
329 2087 11 11 a
349 2080 53 23 truly
416 2079 72 24 stately

66 2115 87 21 courtesy,
165 2110 63 20 albeit
239 2108 48 19 with
293 2107 77 23 sundry
379 2105 109 24 misgiving

66 2146 16 12 as
94 2141 18 16 to
127 2139 33 17 the
179 2136 90 19 sanction
284 2133 21 19 of
322 2133 33 18 his
376 2137 108 13 numerous

67 2169 43 19 atus,
127 2164 26 19 he
168 2161 81 20 handed
266 2166 30 12 me
315 2159 36 18 the
365 2157 84 26 product
467 2157 20 17 of

66 2199 49 17 ni.my
124 2190 66 19 weeks
199 2188 20 18 of
226 2187 80 19 tedious
313 2185 77 18 labour.
419 2183 55 18 Tena
482 2182 4 34 !

66 2218 30 19 Wo
107 2216 37 19 will
159 2220 43 14 now
212 2213 51 19 hear
277 2211 55 19 what
347 2210 34 18 the
397 2208 90 19 children

66 2245 15 18 of
94 2244 41 24 Apa
146 2242 52 18 have
209 2237 107 28 preserved
326 2235 110 26 regarding
453 2234 34 19 the

66 2268 75 26 original
150 2266 128 21 inhabitants
289 2264 21 18 of
320 2269 37 12 our
366 2261 55 19 land.

86 2296 63 19 When
159 2294 34 18 the
204 2297 90 20 progeny
306 2290 20 18 of
336 2289 55 18 Tune
409 2286 70 26 quarel

66 2322 23 19 led
97 2327 73 18 among
179 2317 122 21 themselves
318 2315 21 19 in
359 2314 34 19 the
409 2312 68 20 tar-dis-

66 2350 33 18 tant
117 2345 122 22 fatherland,
250 2343 49 19 then
310 2341 16 19 it
336 2347 41 12 was
395 2341 45 16 that
456 2339 20 18 Ti-

66 2372 106 22 wakawaka
210 2370 39 20 and
282 2366 206 26 Fapatitiruumnewa

65 2408 45 12 came
129 2402 21 16 to
175 2398 58 19 these
251 2395 47 20 isles
322 2394 22 18 in.
366 2392 35 19 the
421 2390 65 19 vessel

65 2427 54 18 called
129 2425 28 19 Te
172 2420 157 24 Aratauwhaiti,
344 2425 28 16 or,
381 2424 22 13 as
421 2416 67 19 others

65 2458 32 19 eay,
107 2452 27 20 Te
144 2448 150 22 Aratauohoiti.
322 2446 33 18 No
362 2443 126 20 inhabitants

65 2486 41 12 were
117 2477 63 19 found
192 2475 27 25 by
230 2475 55 18 them
295 2473 21 18 in
327 2472 57 18 these
393 2468 59 20 lands
468 2468 21 18 of

66 2505 94 22 Aotearoa,
190 2502 38 18 but
251 2500 35 18 the
310 2495 132 22 descendants
468 2495 21 17 of

66 2531 46 18 these
127 2529 56 25 early
192 2528 100 24 migrants
303 2530 49 13 soon
374 2520 114 25 multiplied

66 2557 32 19 and
113 2555 72 27 spread
203 2559 48 14 over
265 2555 21 15 to
303 2550 35 19 the
354 2550 84 18 western
456 2553 33 11 sea

66 2583 31 19 and
106 2587 19 15 to
140 2582 34 19 the
183 2581 32 18 far
226 2578 65 20 south.
320 2576 61 18 From
398 2573 78 19 Liwaka-

66 2610 49 19 naka
125 2608 57 19 down
195 2609 20 16 to
226 2605 35 20 the
276 2604 82 25 present
374 2602 48 18 time
433 2600 56 17 there

66 2642 26 12 are
102 2637 50 18 from
164 2635 24 18 33
200 2635 19 16 to
235 2632 24 17 36
276 2627 130 28 generations
413 2625 20 18 of
443 2631 45 12 men

67 2662 31 19 and
114 2665 19 15 to
148 2660 36 19 Toi
199 2656 109 21 kairakau
331 2654 56 18 there
403 2657 34 13 are
454 2652 4 29 _
467 2652 21 17 12

67 2687 125 25 generations.
228 2683 21 20 If
259 2683 35 19 the
301 2686 73 14 car-oes
390 2678 99 24 bringing

66 2714 26 19 the
108 2714 79 25 present
204 2716 46 13 race
266 2706 80 22 arrived
364 2705 75 23 during
453 2704 35 17 the

66 2740 38 19 time
114 2740 20 17 of
143 2738 43 20 Toi.
194 2736 42 20 this
246 2733 66 21 would
320 2738 59 13 mean
393 2730 46 19 that
454 2729 34 18 the

66 2766 54 19 Maori
139 2766 21 17 of
182 2769 36 13 our
237 2759 121 24 knowledge
378 2757 37 19 has
437 2755 50 19 been

66 2792 37 19 here
110 2792 31 19 for
150 2792 22 17 21
184 2791 20 17 to
215 2790 23 18 21
252 2785 135 27 generations,
397 2783 40 18 and
446 2783 43 16 also

66 2818 35 19 that
119 2818 35 18 the
171 2814 117 25 aborigines
305 2816 51 14 were
366 2809 49 19 here
434 2814 55 12 some

66 2846 28 16 300
105 2849 56 14 vears
171 2842 69 18 before
256 2840 34 18 the
299 2837 107 19 Mataatua
414 2835 75 18 lauded

66 2874 14 14 at
100 2869 135 20 Whakatane.
272 2864 51 20 This
346 2862 47 19 date
406 2861 31 18 for
454 2860 35 18 the

66 2896 62 19 arrival
145 2896 21 18 of
186 2893 35 19 the
236 2891 67 20 Maori
313 2891 18 18 is
343 2886 103 28 generally
456 2892 22 12 ac-

66 2922 59 23 cepted
143 2922 38 18 but
195 2919 10 19 I
221 2918 42 20 find
273 2923 26 13 on
315 2913 77 22 careful
407 2918 81 18 inquiry

67 2954 64 19 among
145 2948 35 18 the
200 2945 34 19 old
253 2949 46 14 men
319 2942 21 19 of
358 2939 72 20 Tuhoe
448 2938 41 18 and

67 2974 105 24 >gatiawa,
197 2972 44 18 that
260 2970 34 19 the
316 2966 95 26 majority
437 2966 52 16 state

67 3000 35 19 that
117 3000 34 19 the
167 2998 106 20 Mataatua
289 2992 80 21 arrived
383 2992 47 18 here
439 2991 50 18 with

67 3026 43 19 their
119 3027 101 18 ancestors
228 3023 21 18 in
258 3022 34 19 the
309 3020 48 19 time
377 3018 21 18 of
413 3017 61 19 Tama-

66 3050 121 27 kibikurangi
199 3050 45 19 fifth
261 3048 21 19 in
294 3047 82 18 descent
383 3049 52 13 irom
447 3043 41 18 loi.

66 3077 40 20 This
115 3077 66 20 would
192 3082 58 13 mean
259 3074 45 19 that
320 3072 35 19 the
373 3069 55 24 early
444 3075 45 12 race

67 3105 15 17 of
98 3103 132 26 Polynesians
254 3100 44 19 who
314 3096 105 21 inhabited
438 3096 50 17 New

67 3130 78 20 Zealand
164 3130 20 18 in
201 3129 34 18 the
256 3127 31 18 far
302 3124 52 19 back
371 3124 46 23 past
437 3126 52 13 were

67 3156 89 26 probably
178 3152 78 21 located
275 3152 49 19 here
345 3150 38 18 450
409 3154 22 12 or
451 3148 38 16 500

67 3189 47 12 vears
123 3182 70 19 before
209 3180 35 19 the
261 3178 75 19 advent
352 3177 21 17 of
386 3174 35 18 the
438 3178 39 14 war-

67 3208 32 20 rior
106 3208 102 23 explorers
219 3206 20 19 of
249 3204 111 21 Mataatua,
371 3201 29 18 Te
417 3199 73 18 Arawa

68 3236 30 18 and
131 3232 80 21 Tainui.
249 3230 68 20 When
332 3226 94 22 Tavkata
450 3224 40 19 and

68 3260 63 19 Hoake
153 3257 79 22 arrived
251 3257 20 18 in
293 3255 54 19 their
355 3251 65 21 vessel
441 3251 48 23 Nga

67 3286 129 21 Tai-a-Kune,
207 3283 99 24 bringing
315 3281 35 18 the
370 3277 120 23 knowledge

70 3313 14 18 of
98 3314 33 18 ihe
146 3313 87 19 kumara
249 3312 19 15 to
283 3307 36 19 the
337 3303 152 22 autochthones,

68 3338 38 25 they
116 3345 51 12 were
178 3344 47 12 seen
236 3335 27 24 by
273 3334 28 19 Te
312 3328 179 24 Kura-wbakaata

69 3363 91 26 daughter
176 3364 20 18 of
211 3359 197 22 Tamakihikurangi
420 3356 43 24 (not
470 3356 21 17 of

68 3389 43 26 Toi),
127 3391 40 19 and
192 3385 127 23 entertained
340 3384 27 24 by
390 3382 64 19 Tama
470 3384 20 15 at

69 3415 154 26 Kavu-te-rangi
254 3419 28 19 pa
303 3413 22 17 at
351 3408 138 20 Whakatane.

69 3441 39 21 This
125 3441 93 26 explains
235 3439 35 19 the
287 3436 82 26 general
383 3435 108 18 statement

68 3467 36 21 that
113 3470 61 18 Tama
186 3474 39 12 was
235 3465 54 19 chief
299 3464 20 17 of
329 3462 28 19 Te
364 3460 108 20 Aratawha
482 3465 9 13 s

69 3500 51 13 canoe
137 3493 64 21 which
221 3490 63 20 sailed
301 3490 51 17 from
371 3487 50 18 New
439 3485 40 19 Zea-

70 3520 38 20 land
115 3522 31 18 for
153 3518 157 22 Pari-uui-te-ra
322 3518 20 15 at
356 3511 98 21 Haivaiki
470 3518 20 12 in

70 3548 48 17 older
128 3551 20 15 to
164 3545 69 19 obtain
252 3551 6 8 f
263 3541 138 20 erdkumaia.

89 3573 90 19 Taukata
190 3570 40 20 and
240 3567 74 20 Hoake
322 3573 51 12 were
381 3563 95 21 brothers
486 3570 5 15 ;

70 3598 43 20 their
132 3599 69 19 sisters
214 3601 52 14 were
282 3591 145 21 Tuturi-whati
452 3589 39 18 and

70 3622 89 23 Kanioro.
193 3624 10 18 3
210 3623 25 18 be
251 3621 61 18 latter
329 3616 87 21 married
437 3616 12 17 I
456 3621 25 12 ou-

70 3650 104 26 rangalma,
199 3649 21 20 of
235 3646 182 24 WhaDgaparaoa,
442 3641 39 19 and-

70 3675 28 20 her
109 3675 129 21 lescendants
248 3679 33 12 are
292 3678 25 12 on
328 3670 45 18 that
384 3669 49 17 side.
451 3669 12 16 I
468 3669 24 16 lie

70 3708 49 13 name
129 3704 22 17 of
160 3702 54 19 Toi's
224 3697 102 27 daughter
337 3696 16 19 is
363 3694 43 19 said
413 3697 20 15 to
441 3693 52 18 have

70 3726 42 22 been
124 3724 172 24 Hine-ruarangi.
332 3722 59 18 Anon
406 3725 30 13 we
453 3719 40 18 will

71 3752 49 22 listen
131 3758 21 15 to
162 3760 11 12 a
183 3752 80 20 curious
272 3748 96 20 tradition
377 3747 62 18 anent
449 3745 44 18 that

69 3782 69 17 ancient
149 3779 54 24 lady.

91 3807 104 24 Ngatiawa
219 3809 36 20 say
280 3801 45 19 that
350 3796 144 22 Tiwakawnka

70 3838 45 13 came
125 3834 52 18 from
188 3831 93 19 Mataora
292 3826 39 20 and
340 3825 45 19 that
398 3824 37 18 T.-i
453 3828 40 12 was

70 3856 24 21 his
106 3857 128 21 descendant.
262 3853 50 20 Also
321 3852 45 19 that
373 3849 76 20 several
457 3855 24 11 an-

70 3884 44 19 cient
124 3889 99 20 voyagers
232 3886 55 14 came
297 3881 20 16 to
327 3876 166 23 Aoteaioa(New

70 3909 90 25 Zealand)
172 3909 70 19 before
252 3907 35 18 the
298 3902 75 23 arrival
383 3902 21 18 of
411 3901 35 18 the
453 3901 32 17 his

70 3937 40 18 to.ic
119 3935 76 21 versels
204 3935 21 19 of
235 3933 35 19 the
280 3932 82 24 present
371 3930 8 16 >
393 3933 42 12 aon
445 3932 36 19 peo-

70 3961 31 23 ple.
128 3963 82 23 Among
218 3959 55 20 them
284 3963 52 12 were
343 3953 71 22 Maku,
423 3952 68 24 Kupe,

70 3987 74 25 Paikea,
162 3987 160 21 Tamorau-apu,
347 3980 90 21 Poutim,
453 3978 40 18 and

90 4041 33 18 Toi
133 4046 41 13 was
185 4038 34 21 the
236 4038 57 24 great
312 4033 91 20 ancestor
421 4031 21 17 of
459 4031 35 16 the

72 4065 106 25 aborigines
187 4065 21 18 of
218 4062 33 20 the
262 4063 43 23 Pay
324 4059 21 19 of
362 4056 74 23 Plenty
453 4054 31 18 dis-

71 4090 156 21 liiet.Mo.sWd-
245 4088 54 19 their
314 4083 130 28 genealogies
460 4085 34 14 are

73 4116 54 21 diic-ct
136 4118 52 19 fn.ni
199 4116 48 21 him,
258 4111 79 26 though
349 4117 11 11 a
367 4110 39 18 few
423 4106 70 21 tribes,

72 4144 38 19 itiih
121 4151 22 12 as
153 4140 112 28 Ngapotiki
275 4139 40 19 and
327 4137 99 19 Maruiwi,
435 4132 41 19 had
483 4137 13 12 a

516 123 81 18 distinct
607 123 73 23 origin.

541 148 66 18 There
617 153 52 12 were
679 152 60 18 many
748 145 96 20 different
854 147 65 19 tribes
929 147 20 18 of

515 174 58 19 these
582 175 85 23 tmgata
675 172 87 18 whenua
771 177 33 12 :

541 199 29 19 Te
593 198 133 23 Tini-o-Awa,
750 198 21 18 of
798 198 36 19 the
851 198 98 20 Urewera

515 228 91 21 country.

541 249 129 26 Nga-Potiki
679 250 22 18 at
709 249 178 26 Maungapohatu,
910 249 39 20 and

514 276 132 18 Ruatahuna.

540 301 29 19 Te
578 300 167 20 Kotore-o-Hua.

541 327 101 22 Maruiwi,
659 327 21 18 of
696 326 113 23 Waiinana,
827 327 46 19 who
893 333 55 13 came

513 353 53 19 from
574 353 35 19 the
619 355 50 17 east.

540 379 28 18 Te
574 379 156 24 Hapu-oneone,
740 377 92 20 between
839 379 110 19 Waimana

514 405 40 18 and
565 405 77 19 Ohiwa.

540 430 28 19 To
580 430 160 24 R.u-o-Piopio.

540 456 29 20 Te
578 456 221 20 Tini-o-te-Kawerau.

540 483 28 19 Te
574 482 138 19 Tini-o-Tuoi.

540 508 29 20 Te
578 507 229 21 Tini-o-Te-Makahua.

540 534 28 19 Te
588 534 122 19 Tini-o-Te
738 533 16 18 K
759 532 178 21 okomukattutara-

513 560 75 19 whare.

540 586 28 19 Te
578 585 167 25 Tiui-o-Taunga.

540 612 27 19 Te
577 612 80 19 Koau-o
667 611 95 24 te-raugi.

540 638 156 25 Ngai-te-kapo,
707 637 22 19 of
740 636 138 20 Whakatane.

540 665 27 18 Te
576 664 171 24 Marangaranga,
756 662 21 19 of
784 663 36 19 the
830 663 119 20 Whirinaki

513 690 41 19 and
564 689 122 26 Rangitaiki
694 689 89 24 Valleys.

632 723 41 23 (To
682 723 18 16 be
710 722 122 24 Continued.J

544 776 76 20 ONLY
630 776 19 19 A
658 775 99 19 LITTLE
766 775 36 19 AT
811 776 20 19 A
839 776 70 19 TIME.

513 826 67 19 There
597 831 34 13 are
650 824 64 19 sound
730 824 114 25 objections
858 826 21 18 to
893 825 56 19 one's

514 852 97 25 knowing
627 853 33 17 too
678 850 60 18 much
761 850 64 19 about
849 851 32 19 his
904 857 44 13 own

515 878 54 25 body
577 876 4 27 .
611 878 10 18 I
637 883 32 12 am
687 876 64 25 going
759 879 21 16 to
792 877 36 19 tell
837 884 41 17 you
894 877 54 19 what

515 904 47 24 they
573 910 35 13 are
616 911 5 16 ;
639 904 34 16 not
682 905 21 15 to
714 902 46 25 day,
778 902 37 20 but
835 910 56 12 soon.
919 903 28 18 To

515 930 59 18 make
583 936 46 12 sure
644 929 21 17 of
681 928 56 18 them
751 934 41 19 you
806 929 42 19 will
864 929 53 19 have
928 932 20 16 to

515 956 64 18 watch
597 955 58 19 these
672 954 79 19 articles
773 955 84 24 sharply
875 955 22 19 in
914 955 34 19 the

515 987 135 20 newspapers.
686 979 41 19 Yot
747 987 29 12 we
795 981 73 19 should
887 981 60 19 know

515 1014 12 12 a
540 1008 53 18 little
604 1006 4 24 ;
623 1006 39 20 and
671 1012 12 12 a
692 1006 86 19 fraction
794 1007 22 18 of
832 1007 45 19 that
896 1007 52 19 little

515 1033 11 19 I
536 1034 40 18 will
586 1039 57 13 serve
653 1038 27 19 up
699 1038 50 13 now.
785 1033 73 19 Please
875 1034 74 18 favour

515 1066 31 12 mo
557 1059 49 19 with
614 1065 51 19 your
676 1059 105 18 attention.

543 1085 64 26 Bight
625 1091 67 12 across
707 1084 35 19 the
764 1084 77 20 middle
865 1085 21 19 of
914 1085 34 18 the

515 1111 54 25 body
593 1111 18 18 is
629 1117 13 12 a
660 1110 61 24 large,
741 1110 46 19 thin
804 1110 36 20 flat
865 1112 82 21 muscle,

515 1137 101 20 stretched
635 1136 39 19 like
691 1143 9 11 a
712 1142 74 13 canvas
804 1137 144 23 awning—the

515 1164 128 24 diaphragm.
672 1162 30 24 By
719 1162 17 18 it
752 1169 41 18 you
811 1169 35 13 are
866 1162 82 20 divided

515 1190 43 18 into
568 1193 39 15 two
628 1188 58 24 large
705 1190 77 22 storeys
799 1195 22 12 or
848 1191 88 22 compart-

515 1219 71 15 ments.
614 1214 44 19 The
668 1220 63 18 upper
750 1221 37 12 one
804 1216 91 17 contains
914 1215 34 18 the

516 1241 58 20 hoart
585 1241 40 18 and
645 1240 66 25 lungs,
723 1240 34 18 the
774 1240 62 19 lower
844 1247 38 12 one
900 1247 36 12 con-

515 1268 54 17 tains
577 1266 91 25 (chiefly)
680 1266 33 18 the
729 1266 96 23 stomach,
837 1266 35 19 the
886 1266 52 19 intes-

516 1293 57 21 tines,
585 1293 41 19 and
635 1292 35 19 the
680 1292 56 18 liver.
765 1292 42 19 The
818 1295 52 17 most
889 1293 48 24 pain-

515 1319 31 19 ful
566 1318 106 26 (internal)
691 1318 88 19 diseases
802 1325 59 12 occur
879 1319 58 19 down

515 1345 64 19 stairs,
592 1345 35 19 the
637 1344 50 18 least
697 1343 80 26 painful
787 1345 94 24 upstairs.

541 1371 43 19 The
603 1370 64 19 entire
682 1370 56 25 right
749 1370 43 18 side
802 1371 21 18 of
833 1371 35 18 the
887 1371 61 19 lower

514 1399 153 23 compartment,
684 1397 52 17 from
750 1396 35 18 the
802 1399 35 22 top
854 1397 59 19 down
927 1399 21 16 to

515 1423 34 18 the
570 1423 56 18 short
641 1423 48 23 ribs,
709 1422 17 18 is
744 1422 56 19 filled
807 1422 27 25 by
844 1423 35 19 the
897 1423 51 19 liver

515 1449 65 19 which
596 1449 17 18 is
627 1448 113 25 suspended
755 1450 21 16 to
793 1455 12 12 a
821 1455 54 13 mere
891 1451 57 22 point

515 1475 21 18 of
546 1475 33 19 the
597 1475 121 24 diaphragm
734 1473 40 19 and
792 1474 74 19 shakes
885 1475 63 19 about

515 1501 47 19 with
574 1507 59 18 every-
644 1503 112 16 movement
766 1507 40 17 you
816 1501 65 19 make.

538 1527 57 23 Now,
613 1528 52 17 from
676 1526 34 19 the
720 1526 86 19 location
818 1527 21 18 of
847 1527 35 18 the
897 1527 50 18 liver

515 1559 28 12 we
554 1553 52 20 have
625 1559 12 12 a
647 1552 54 19 word
711 1552 49 19 used
771 1553 31 18 for
812 1559 49 18 ag«s
880 1555 21 16 to
910 1559 26 13 ex-

514 1585 57 19 press
580 1585 37 12 one
628 1579 21 18 of
664 1578 34 19 the
712 1581 52 16 most
782 1579 99 25 unhappy
900 1585 36 13 con-

514 1605 74 19 ditions
599 1612 11 12 a
623 1604 75 19 human
706 1604 63 25 being
778 1611 36 12 can
829 1605 37 18 fall
879 1605 68 19 into—

514 1631 34 18 the
560 1631 54 19 word
630 1636 151 13 hypochondra
794 1631 66 23 (often
874 1631 62 18 abbre-

513 1657 69 19 viated
595 1660 20 15 to
627 1656 103 25 "iiyi'o"),
741 1656 34 19 the
785 1657 55 18 word
851 1658 97 24 meaning

513 1688 71 14 UNDER
593 1688 42 13 THE
644 1687 130 14 CARTRIDGES.

562 1709 40 18 For
612 1715 60 12 seven
772 1710 67 18 writes
851 1715 84 13 acorres-

513 1734 93 26 prndent,
639 1734 11 19 I
670 1734 87 19 suffered
774 1735 53 18 from
837 1735 110 24 complaint

513 1762 22 18 of
544 1761 34 19 the
586 1761 56 19 liver.
677 1760 10 19 1
698 1766 40 13 was
753 1767 49 18 very
820 1761 80 23 bilious,
913 1768 34 17 my

513 1786 46 20 skia
576 1793 41 13 was
635 1786 68 19 sallow
727 1786 42 20 and
784 1787 44 25 dry,
847 1787 40 19 and
913 1788 34 18 tho

513 1813 71 19 whites
595 1814 20 18 of
635 1820 33 17 my
684 1819 47 18 eyes
758 1813 79 24 yellow.
867 1813 10 19 I
906 1813 40 19 had

513 1839 59 19 much
589 1839 48 21 pain
656 1839 40 19 and
715 1839 75 24 weight
801 1842 20 16 at
840 1846 34 17 my
891 1839 56 24 right

512 1865 43 19 side
566 1866 39 18 and
618 1872 39 12 was
667 1865 112 24 constantly
790 1865 108 25 depressed
907 1865 40 20 and

512 1891 133 24 melancholy.
682 1891 21 19 It
712 1891 80 19 seemed
804 1894 20 16 to
840 1891 25 19 be
881 1894 35 16 out
926 1892 21 18 of

512 1923 33 19 my
557 1924 66 19 power
634 1920 19 16 to
663 1917 47 19 take
718 1924 12 11 a
740 1917 84 25 hopeful
839 1924 22 12 or
879 1918 55 18 cheer-

512 1943 31 18 ful
553 1944 49 20 view
614 1943 21 19 of
644 1944 106 24 anything.
787 1943 43 19 The
847 1943 60 19 effect
925 1944 22 18 of

512 1969 40 19 this
561 1969 110 26 complaint
687 1976 25 12 on
730 1969 34 19 the
781 1969 56 19 mind
853 1976 40 12 was
908 1976 38 12 one

511 1996 22 18 of
547 1996 35 18 the
598 1999 79 21 aspects
694 1995 21 19 of
722 1995 16 19 it
755 1995 84 19 hardest
849 1999 20 15 to
889 1995 55 19 bear.

559 2022 10 18 I
583 2022 42 18 had
640 2022 38 18 lost
696 2028 33 18 my
746 2021 82 20 natural
847 2022 97 25 appetite,

511 2048 39 18 and
561 2053 32 14 ate
604 2052 20 15 to
634 2051 84 21 support
728 2047 35 19 life
771 2054 5 16 ;
790 2047 37 19 but
838 2048 56 18 there
906 2054 39 12 was

511 2081 25 11 no
546 2080 54 13 more
612 2081 37 16 any
662 2074 88 24 genuine
766 2074 62 18 relish
847 2074 32 18 for
897 2074 48 19 food

510 2107 23 11 or
542 2100 67 19 drink.
636 2100 42 18 The
692 2099 39 19 bad
741 2103 53 15 taste
801 2100 20 17 in
831 2107 32 17 my
875 2101 70 17 mouth

510 2126 58 19 made
578 2126 28 18 all
614 2126 44 19 that
668 2126 11 17 I
690 2126 48 18 took
748 2128 52 16 taste
808 2125 45 19 bad.
875 2125 56 19 Some-

510 2152 59 19 times
588 2152 11 18 I
617 2151 64 20 would
703 2151 24 18 be
748 2151 61 19 taken
835 2151 43 19 sick
904 2151 41 19 and

510 2178 63 19 throw
585 2184 27 19 up
623 2178 28 19 all
660 2178 12 18 I
682 2177 39 18 had
730 2177 70 26 eaten;
814 2177 40 19 and
865 2177 52 19 after
933 2183 12 12 a

510 2205 58 22 meal,
592 2211 26 12 no
637 2206 73 17 mattar
734 2204 44 17 how
801 2203 81 19 slender
905 2203 39 19 and

509 2231 79 25 simple.
605 2230 11 19 I
635 2237 40 12 was
694 2228 94 20 troubled
798 2229 49 19 with
869 2230 76 18 fulness

510 2258 39 17 and
562 2258 47 24 pain
626 2259 20 16 at
657 2256 34 18 the
701 2256 61 18 chest.
792 2255 10 19 I
815 2254 50 21 u<ed
884 2261 60 18 many

510 2283 60 18 kinds
581 2283 21 18 of
611 2282 108 19 medicines
729 2281 40 19 and
783 2281 59 19 while
853 2288 54 12 some
923 2282 22 18 of

510 2310 54 18 them
581 2315 46 18 may
644 2308 50 19 have
712 2307 88 19 relieved
811 2314 31 12 me
861 2307 32 19 for
909 2307 34 19 the

510 2339 94 19 moment,
623 2341 50 12 none
691 2333 104 19 conferred
809 2340 39 17 any
868 2333 76 25 lastiug

511 2362 79 22 benefit,
613 2361 38 19 and
663 2361 10 18 I
693 2367 40 11 was
752 2366 48 12 soon
819 2366 23 12 as
861 2359 40 19 bad
921 2366 22 12 as

510 2394 52 12 ever.

558 2414 24 18 In
595 2413 78 22 March,
688 2413 55 21 1892,
755 2411 11 19 I
776 2411 48 19 read
835 2411 21 19 in
865 2418 11 12 a
884 2411 59 19 small

511 2439 52 19 book
573 2440 20 18 of
609 2439 55 19 what
680 2439 81 18 Mother
778 2437 85 26 Seigyl's
881 2438 50 18 Cura-

510 2467 41 17 tive
562 2466 66 24 Syrup
639 2465 38 19 had
688 2465 51 18 done
755 2463 20 19 in
792 2470 55 12 cases
867 2463 77 20 similar

511 2495 20 15 to
541 2492 60 22 mine,
611 2491 40 19 and
661 2497 40 13 was
710 2490 108 26 especially
834 2490 109 19 interested

511 2518 20 18 in
541 2518 35 18 the
586 2521 85 15 account
683 2517 60 25 given
759 2516 20 19 in
797 2516 35 19 the
850 2516 53 19 book
923 2517 21 18 of

512 2544 33 18 the
556 2548 72 14 nature
638 2543 39 19 and
687 2542 67 19 duties
764 2542 21 20 of
793 2542 34 19 the
838 2542 55 20 liver,
903 2542 40 19 und

512 2569 24 19 its
545 2569 107 19 disorders.
685 2569 11 18 I
713 2570 35 23 got
764 2575 12 12 a
792 2568 64 19 bottle
872 2568 21 19 of
909 2568 34 19 the

512 2595 66 27 Syrup
588 2596 52 18 from
652 2594 67 19 Boots'
735 2594 60 25 Drug
811 2594 74 22 Stores,
903 2595 40 18 and

511 2624 52 16 after
574 2622 72 23 taking
656 2622 16 17 it
687 2627 12 12 a
713 2621 39 18 few
769 2621 50 23 days
835 2620 37 19 felt
887 2621 56 24 quite

511 2648 41 18 like
562 2655 12 12 a
583 2654 44 12 now
637 2653 52 13 man.
717 2646 21 19 It
748 2646 80 19 seemed
838 2649 20 16 to
868 2650 75 15 correct

512 2681 32 17 my
555 2674 89 18 stomach
655 2673 39 18 and
710 2672 50 19 liver
779 2672 39 19 and
838 2672 53 19 clear
910 2679 33 18 my

510 2703 76 21 system
598 2700 21 17 of
629 2700 27 18 all
667 2698 40 19 bile
714 2698 4 26 ;
733 2703 41 13 axd
785 2704 21 13 it
813 2704 50 13 left
879 2704 29 13 me
922 2703 21 14 in

511 2731 84 14 CAPITAL
611 2731 82 13 health
734 2724 58 19 Since
807 2725 45 18 that
866 2724 48 19 time
933 2724 10 19 I

511 2754 51 17 have
574 2752 49 24 kept
639 2751 81 19 Mother
736 2750 87 25 f-'eigel's
837 2751 67 24 Syrup
923 2750 19 19 in

511 2779 34 18 the
555 2778 63 19 house
633 2784 22 12 as
672 2784 12 12 a
698 2776 71 25 family
787 2776 97 19 medicine
903 2778 39 18 and

512 2805 50 19 have
571 2803 130 20 commended
711 2803 16 19 it
736 2806 19 15 to
773 2802 27 20 all
815 2809 34 18 my
867 2803 76 19 friends

511 2837 22 12 as
543 2831 35 18 the
588 2830 45 19 best
649 2830 73 18 known
738 2835 47 13 cure
800 2829 32 18 for
850 2828 93 20 ailments

511 2858 41 18 like
562 2857 35 19 the
607 2863 37 12 one
654 2856 51 18 from
716 2855 65 19 which
791 2855 11 18 I
818 2855 88 18 suffered
922 2862 21 11 so

512 2883 109 24 miserably
631 2882 39 19 and
680 2888 21 12 so
712 2881 54 24 long.
795 2881 47 19 You
851 2887 38 12 can
908 2887 35 12 use

511 2910 41 18 this
562 2910 108 18 statement
680 2914 21 12 a»
711 2913 41 18 you
762 2906 48 20 like.
846 2907 95 24 (Signed)

511 2936 55 19 John
576 2935 60 22 Gent,
649 2935 30 21 59,
696 2933 101 24 Coventry
814 2932 65 23 Road,
895 2932 36 19 Bul-

513 2961 50 22 well,
575 2960 142 24 Nottingham.
727 2959 71 18 March
809 2961 50 20 21st,

594 2987 35 19 the
640 2986 70 25 spring
719 2985 20 18 of
833 2985 67 19 writes
906 2991 25 12 an-

512 3014 63 22 other,
608 3013 12 18 I
629 3011 63 20 found
703 3011 72 23 myself
785 3011 20 18 in
815 3011 40 18 bad
867 3010 76 20 health.

512 3044 10 16 I
533 3039 40 19 had
584 3046 26 12 no
621 3037 95 26 appetite,
727 3036 40 19 and
778 3037 34 18 the
824 3036 52 19 little
889 3037 10 18 I
909 3037 33 18 did

512 3069 33 16 eat
564 3065 35 19 did
618 3070 31 13 me
668 3070 26 13 no
714 3062 59 26 good,
794 3069 50 18 gave
868 3069 31 12 me
918 3069 26 12 no

512 3093 99 23 strength.
628 3091 10 18 I
649 3090 39 19 had
699 3091 58 23 great
766 3089 46 25 pain
820 3088 40 19 and
869 3089 74 24 weight

512 3122 20 16 at
542 3119 34 18 the
586 3117 56 19 chest
657 3116 39 18 and
713 3114 55 25 right
785 3115 50 23 side,
853 3115 40 18 and
911 3121 31 17 my

512 3145 45 18 skin
568 3142 73 20 turned
652 3142 67 19 sallow
730 3140 40 19 and
781 3140 43 25 dry.
853 3140 35 25 My
898 3140 34 19 kid-

512 3177 48 16 neys
571 3170 42 19 aho
624 3168 56 19 acted
691 3166 68 24 badly,
773 3166 38 19 and
828 3167 52 18 from
896 3167 48 18 time

512 3200 20 16 to
542 3195 68 20 tiuiol
620 3194 40 19 had
670 3192 78 21 attacks
762 3192 22 19 of
799 3192 83 25 gravel;
904 3193 41 18 and

512 3222 50 24 cold,
574 3222 92 23 clammy,
676 3218 121 25 weakening
804 3221 71 16 sweats
882 3218 63 19 broke

512 3251 36 16 out
559 3248 27 19 all
596 3253 48 13 over
656 3252 38 13 me.
722 3244 68 25 Being
807 3244 47 25 ouly
875 3252 59 11 seven-

513 3277 45 17 teen
568 3279 59 19 years
639 3272 32 19 old
680 3271 58 19 when
748 3270 34 18 the
792 3270 79 19 trouble
878 3270 67 25 began

513 3301 11 19 I
535 3307 41 12 was
590 3298 79 26 greatly
684 3296 90 20 alarmed
793 3297 40 17 and
852 3297 91 18 anxious.

513 3327 32 18 No
553 3326 70 19 doctor
633 3331 40 12 was
685 3323 45 19 able
741 3324 20 16 to
772 3322 47 25 help
829 3328 38 17 me,
879 3322 40 18 and
934 3322 11 19 I

513 3351 108 20 continued
632 3351 46 18 thus
693 3350 31 18 for
740 3354 48 12 over
804 3348 57 18 three
879 3354 65 17 years.

514 3380 24 17 In
547 3378 61 21 June,
622 3378 55 21 1894,
689 3375 11 19 I
711 3375 67 24 began
788 3376 21 16 to
819 3380 35 12 use
865 3373 81 19 Mother

514 3404 86 25 Seigel's
611 3403 65 24 Syrup
694 3400 39 20 and
750 3406 48 12 soon
815 3399 38 19 felt
872 3400 72 22 better,

514 3431 81 24 lighter,
607 3428 40 20 rnd
658 3433 54 13 more
722 3425 98 19 cheerful.
855 3425 47 19 And
919 3425 26 25 by

514 3457 74 24 taking
597 3455 16 19 it
621 3461 11 12 a
642 3455 38 17 fow
691 3451 66 21 weeks
771 3451 71 25 longer
856 3451 11 19 I
878 3458 57 12 recov-

514 3483 47 19 ered
571 3488 34 18 my
615 3479 69 20 health
694 3478 41 19 and
751 3478 100 24 strength.
888 3477 58 19 Since

514 3509 55 22 then,
581 3508 59 18 when
650 3505 11 19 I
670 3505 52 19 have
732 3510 39 18 any
781 3503 96 22 stomach,
889 3503 56 23 liver,

515 3542 19 11 or
546 3534 76 23 kidney
631 3533 109 23 symptoms
748 3529 11 19 I
767 3531 64 16 resort
839 3531 20 16 to
866 3528 81 19 Mother

515 3559 87 21 Seio-el'e
621 3558 66 24 Syrup
705 3555 41 19 and
764 3555 16 19 it
791 3561 62 13 never
863 3554 47 19 fails
926 3557 20 16 to

515 3591 30 14 set
555 3592 31 13 me
598 3584 62 26 right.
687 3582 47 19 You
750 3587 38 12 can
804 3580 83 25 publish
905 3580 40 19 this

515 3613 65 19 letter,
611 3608 94 27 (t-igned)
717 3607 23 19 C.
747 3606 93 23 Hanson,
861 3608 18 21 6,
896 3606 50 19 New

515 3639 39 19 Inn
562 3638 62 19 Lane.
633 3635 122 21 Gloucester,
760 3632 48 24 May
816 3634 49 21 81st,

541 3664 44 19 The
609 3660 95 22 6tomach,
723 3659 36 19 the
776 3658 58 23 liver,
854 3658 39 18 and
912 3658 35 18 the

516 3690 87 24 kidneys
613 3693 34 13 are
656 3686 28 19 all
693 3685 109 19 connected
812 3686 56 23 parts
882 3684 21 18 of
913 3683 34 19 the

516 3716 48 19 food
583 3714 40 20 and
643 3711 98 26 digestive
760 3713 80 22 system.
879 3709 67 19 When

516 3739 116 22 disordered
642 3737 89 26 (usually
745 3736 91 23 through
850 3735 97 25 torpidity

516 3770 21 17 of
548 3768 34 18 the
593 3764 98 23 stomach)
701 3763 49 24 they
759 3761 77 26 cripple
846 3761 35 19 the
894 3760 53 25 body

517 3794 38 19 and
566 3793 65 19 throw
641 3797 12 12 a
666 3789 67 25 gloom
751 3795 22 11 as
792 3788 22 18 of
827 3787 60 24 night
900 3793 48 12 over

516 3820 34 19 the
560 3817 63 21 mind.
651 3816 31 19 On
698 3814 35 19 the
752 3813 82 19 earliest
852 3813 56 23 signs
927 3812 21 19 of

516 3845 102 25 anything
628 3847 68 18 wrong
706 3839 48 20 with
761 3839 56 20 them
825 3845 35 12 use
867 3838 81 19 Mother

516 3871 86 26 Seigel's
612 3869 66 24 Syrup
687 3869 21 17 at
717 3872 55 13 once.

1062 724 83 26 THE
1165 725 143 25 MAILS.

1001 791 147 19 ROTORUA
1160 791 76 19 POST
1255 791 116 20 OFFICE.

1040 840 68 19 Mails
1117 840 63 19 close
1189 845 26 13 as
1223 840 75 18 under
1307 846 28 13 :

1140 870 100 17 Monday.

970 901 47 18 For
1025 900 122 24 Tauranga
1155 901 26 17 at
1189 901 55 18 6.30
1252 906 53 13 a.m.

994 938 12 8 „
1030 924 126 18 Auckland
1178 924 47 18 and
1241 924 163 18 intermediate

1029 946 83 23 offices,
1123 946 55 20 7.30
1187 952 53 13 a.m.

1136 979 103 17 Tuesday.

971 1009 45 19 For
1032 1009 125 19 Auckland
1174 1009 46 19 and
1241 1009 163 19 intermediate

1033 1032 83 22 offices,
1126 1032 54 19 7.30
1188 1038 52 14 a.m.

993 1070 12 7 „
1031 1056 169 18 Rotoinaßoad
1206 1056 78 22 Camp,
1291 1056 56 18 9.30
1352 1061 51 13 a.m.

994 1093 12 8 „
1032 1078 96 19 Galatea
1136 1079 47 18 and
1197 1079 136 23 Waiotapu,
1351 1079 55 19 7.30

1032 1107 55 18 p.m.

992 1139 14 9 „
1031 1125 85 23 Taupo,
1134 1125 124 22 Atiamuri,
1277 1125 126 23 Wairakei,

1030 1148 49 19 and
1087 1148 92 24 Napier,
1190 1148 54 19 7.30
1256 1153 54 19 p.m.

1115 1181 140 17 Wednesday.

969 1212 47 18 For
1025 1211 125 19 Auckland
1171 1212 47 18 and
1241 1211 164 20 intermediate

1032 1235 84 23 offices,
1127 1235 54 19 7.30
1190 1240 52 14 a.m.

1126 1265 119 17 THURSDAY.

970 1296 46 18 For
1032 1295 125 19 Auckland
1174 1295 46 19 and
1242 1295 163 19 intermediate

1033 1319 83 22 offices,
1127 1319 55 19 7.30
1190 1324 53 14 a.m.

993 1356 11 9 „
1030 1342 96 22 Matata,
1143 1341 155 24 Pongakawa,
1318 1341 86 23 Oliiwa,

1032 1365 156 22 Whakatane,
1197 1365 101 23 Opotiki,
1307 1365 98 19 Maketu

1031 1388 46 19 and
1087 1388 30 19 Te
1126 1388 71 23 Puke,
1208 1388 55 19 7.30
1271 1393 55 19 p.m.

1144 1421 88 17 FItIDAY.

969 1451 47 19 For
1025 1451 127 23 Tauranga,
1162 1451 54 19 6.30
1225 1456 53 14 a.m.

993 1489 11 9 „
1030 1475 125 18 Auckland
1176 1475 47 18 and
1243 1474 162 19 intermediate

1032 1498 83 22 offices,
1126 1497 54 20 7.30
1188 1503 52 14 a.m.

993 1536 12 9 „
1031 1521 84 24 Taupo,
1136 1521 124 22 Atiamui'i,
1278 1521 46 19 and
1341 1521 49 19 Wai-

1032 1545 70 22 rakei,
1113 1545 54 19 7.30
1176 1550 54 18 p.m.

1127 1577 117 17 Saturday.

970 1608 46 19 For
1029 1608 97 22 Matata,
1141 1608 157 24 Pongakawa,
1317 1608 86 23 Ohiwa,

1032 1632 156 22 Whakatane,
1196 1631 102 23 Opotiki,
1307 1632 98 18 Maketu

1032 1655 46 18 and
1087 1655 30 18 Te
1126 1655 71 22 Puke,
1208 1654 56 19 7.30
1271 1660 54 19 p.m.

969 1699 52 18 THE
1035 1699 115 18 ENGLISH
1162 1699 68 16 MAIL
1245 1703 36 13 via
1300 1699 102 18 'FRISCO.

993 1752 79 19 Closes
1082 1752 110 22 Rotorua,
1206 1752 92 23 Friday,
1306 1752 49 18 Oct.
1366 1752 36 22 30,

969 1776 26 18 at
1003 1775 55 20 7.30
1066 1781 60 17 a.m.,
1136 1776 46 18 due
1197 1776 24 18 in
1237 1775 97 19 London
1348 1775 54 19 Dec.

969 1799 53 19 2nd.

1000 1845 62 18 POST
1074 1845 95 18 OFFICE
1183 1844 188 19 REGULATIONS.

992 1894 47 18 The
1048 1894 71 18 Office
1128 1894 20 18 is
1157 1899 61 18 open
1227 1894 36 18 for
1272 1894 40 18 the
1322 1894 48 19 sale
1380 1894 26 18 of

968 1918 97 22 stamps,
1075 1917 103 23 delivery
1193 1917 46 18 and
1253 1917 149 24 registration

969 1941 26 18 of
1000 1941 88 21 letters,
1098 1940 89 24 receipt
1201 1940 27 18 of
1240 1940 95 23 parcels,
1354 1940 47 23 &c,

968 1964 58 19 from
1037 1964 16 18 9
1061 1969 52 13 a.m.
1123 1965 25 16 to
1158 1965 15 17 5
1183 1969 54 18 p.m.

993 1988 45 18 For
1055 1992 85 18 money
1157 1987 68 18 order
1242 1987 47 18 and
1307 1987 95 23 savings

967 2011 63 19 bank
1044 2010 113 22 business,
1174 2011 15 17 9
1204 2015 52 14 a.m.
1274 2011 25 17 to
1317 2011 13 17 4
1347 2015 54 18 p.m.

968 2034 135 22 Saturdays,
1114 2034 15 18 9
1138 2039 52 13 a.m.
1200 2034 27 17 to
1235 2034 15 18 5
1260 2039 52 17 p.m.

992 2057 45 18 For
1045 2057 122 24 telegraph
1183 2056 115 21 business,
1313 2056 60 19 from
1387 2057 15 18 9

967 2086 52 14 a.m.
1029 2081 25 17 to
1063 2081 15 17 5
1088 2085 54 18 p.m.

991 2103 98 23 Letters,
1101 2103 75 19 books
1193 2103 47 18 and
1252 2108 150 18 newspapers

967 2132 44 13 can
1014 2127 28 18 be
1048 2126 128 23 registered
1183 2127 25 17 to
1216 2131 46 18 any
1271 2128 53 21 part
1330 2126 25 17 of
1361 2126 40 18 the

967 2150 73 18 world
1049 2155 31 13 on
1088 2150 112 23 payment
1211 2153 22 14 ot
1251 2154 14 13 a
1278 2149 36 18 fee
1331 2149 26 18 of
1371 2150 30 18 3d

967 2173 24 18 in
997 2172 105 19 addition
1108 2173 26 17 to
1137 2173 41 17 the
1184 2172 109 23 ordinary
1296 2173 104 22 postage.

990 2196 47 19 The
1046 2195 71 20 Office
1126 2195 48 19 will
1180 2201 95 17 re-open
1282 2201 31 12 on
1322 2196 66 18 Satur-

967 2219 58 22 days
1033 2219 56 23 only
1098 2219 36 18 for
1147 2219 28 18 15
1190 2219 103 18 minutes
1309 2218 36 19 for
1360 2219 41 18 the

966 2242 103 24 delivery
1083 2242 25 18 of
1122 2242 82 18 letters
1219 2242 60 18 after
1293 2242 40 18 the
1347 2242 54 19 mail

966 2265 103 24 arriving
1077 2266 26 18 at
1112 2264 54 20 7.40
1174 2270 54 18 p.m.
1239 2265 19 18 is
1268 2265 85 19 sorted.

1113 2288 27 19 R.
1154 2289 27 18 D.
1199 2288 130 23 DANSEY,

1225 2312 151 18 Postmaster.

1233 60 61 19 the
1320 60 57 20 hot
1404 62 92 19 lakes
1525 62 170 26 chronicle,
1723 65 190 23 Wednesday,
1943 66 125 20 October
2096 69 18 21 7,
2131 70 12 18 i
2143 70 38 18 896

974 121 42 20 TF
1030 122 59 19 YOU
1110 122 57 19 AEE
1188 123 66 19 SICK
1270 123 21 18 in
1303 129 40 18 any
1359 129 44 19 way

973 143 24 22 -L
1025 148 102 19 whatever
1142 149 50 18 send
1207 155 13 13 a
1235 148 93 21 stamped
1344 155 48 12 enve-

972 172 46 25 lope
1026 176 21 16 to
1057 180 37 13 oar
1104 174 89 25 Agency,
1352 177 52 16 state

972 199 35 18 the
1016 205 44 13 ca9e
1070 206 22 13 as
1109 201 98 24 minutely
1216 207 21 12 as
1256 200 89 25 possible
1364 200 40 18 and

973 250 41 18 Our
1023 256 72 20 ageuts
1110 258 33 12 are
1153 252 28 18 all
1192 251 102 25 qualified.
1328 251 21 18 If
1364 257 40 18 you

972 276 77 19 enclose
1059 278 23 17 2s
1099 277 25 19 6d
1141 283 28 13 we
1186 277 42 19 will
1245 276 49 20 send
1308 283 41 18 you
1368 283 36 13 our

973 301 44 19 best
1025 303 83 24 remedy
1117 303 31 19 for
1158 303 34 19 the
1207 309 45 13 ease
1271 303 79 24 lasting
1364 308 40 18 you

972 330 39 16 two
1033 329 73 18 weeks.
1143 329 45 18 You
1207 335 49 13 save
1274 334 72 18 money
1365 329 39 17 and

972 353 84 19 doctors'
1067 354 53 18 bills.
1147 354 48 19 You
1204 355 77 18 receive
1299 353 70 19 advice
1378 360 26 12 on

972 379 28 18 all
1010 379 71 24 points,
1094 383 40 15 and.
1143 384 35 15 tuo
1187 383 71 22 purest
1268 379 22 19 of
1306 379 98 19 remedies

972 410 50 17 sent,
1031 409 21 15 at
1059 412 26 12 no
1092 409 56 15 extra
1156 409 41 16 cost
1207 407 50 17 than
1265 405 17 19 if
1290 405 114 25 personally

972 430 84 25 bought,
1065 431 26 23 by
1100 431 62 25 doing
1169 438 50 18 your
1225 431 92 19 business
1324 431 48 18 with
1380 437 24 12 us

972 456 27 24 by
1009 459 51 22 post.
1089 457 83 19 Consult
1186 461 19 15 at
1216 463 54 13 once.
1304 457 100 18 Ailmeats

972 482 65 19 which
1047 489 39 16 are,
1098 486 20 15 at
1127 483 34 19 the
1171 483 48 18 time
1236 483 88 24 thought
1340 485 21 16 to
1379 482 25 19 be

972 507 58 25 light,
1042 515 33 12 are
1085 510 55 17 often
1150 509 35 18 the
1195 509 113 25 beginning
1318 508 21 19 of
1355 508 40 19 seri-

972 540 36 12 ous
1017 540 152 19 consequences,
1181 535 66 18 which
1266 534 18 19 if
1301 534 62 19 taken
1382 534 22 18 in

971 559 48 19 time
1029 566 34 13 are
1072 560 87 19 checked
1169 560 41 19 and
1219 560 68 19 cured.

971 593 167 19 G-KEATFORD
1153 593 161 20 BOTANICAL
1334 593 67 24 COY.,

1075 628 148 21 Wellington,
1236 628 40 18 and
1286 630 21 16 at

993 652 82 23 Sydney,
1085 654 117 19 Melbourne,
1213 654 50 21 Cape
1270 654 63 16 Town,
1343 652 38 18 and

1092 677 86 19 Lincoln,
1190 677 97 20 England.

1012 2368 30 41 A,
1072 2368 69 41 AND
1167 2368 30 41 G,
1225 2368 126 47 BROOK,

966 2427 81 24 BOOT
1061 2427 72 24 AND
1147 2427 83 24 SHOE
1252 2427 146 29 MAKERS,

1026 2468 87 20 Fenton'
1129 2468 89 24 Stbeet,
1244 2469 102 19 IVotorua.

967 2500 46 20 And
1035 2503 21 16 at
1087 2501 82 18 Parnell
1192 2507 18 13 ai
1220 2501 12 18 d
1262 2500 135 20 Newmarket.

992 2569 66 23 Large
1068 2569 38 18 and
1119 2569 66 20 varied
1203 2569 62 20 Stick
1277 2569 21 19 of
1308 2569 89 23 English,

968 2595 85 25 Foreign
1066 2597 37 18 and
1116 2595 90 20 Colonial
1220 2596 60 19 B»>tn
1291 2597 36 18 and
1336 2596 61 19 Shoes

1028 2623 21 18 to
1060 2622 72 19 choose
1143 2623 50 18 from
1206 2624 21 17 at
1239 2622 33 19 the
1284 2624 50 17 monfr

1001 2660 215 31 REASONABLE
1239 2659 125 32 PRICES.

1057 2700 93 21 FKESH
1167 2701 89 19 STOCK
1269 2701 37 19 OF

967 2735 167 23 FOOTBALL
1148 2735 99 23 BOOTS
1258 2735 42 25 just
1313 2735 84 20 arrived.

967 2776 34 19 All
1016 2776 70 19 orders
1103 2776 38 19 and
1159 2776 75 25 repairs
1251 2775 146 26 expeditiously

1129 2802 103 19 executed.

967 2836 21 18 S.
1003 2836 24 19 B.
1040 2836 148 22 PORDTCB,
1215 2846 8 3 -
1247 2845 9 4 -
1279 2836 117 22 Manager.

967 3032 81 45 THE
1073 3033 206 19 UNDERSIGNED
1308 3033 51 24 begs
1377 3035 19 17 to

1035 3059 49 18 offer
1095 3059 100 19 Nursery
1207 3059 64 19 Stock
1281 3060 21 17 of
1312 3059 26 18 nil
1353 3059 33 18 des-

967 3084 101 25 criptions,
1088 3085 57 18 seeds
1166 3085 40 18 and
1225 3084 159 26 appliances—in-

967 3111 82 24 cluding
1060 3110 48 18 New
1120 3111 89 17 Zealand
1225 3111 66 23 Trees,
1312 3110 83 24 Shrubs,

968 3136 75 22 Plants,
1063 3136 50 19 Tree
1124 3136 68 22 Ferns,
1210 3136 69 23 Ferns,
1300 3137 39 22 &c,
1356 3139 39 21 &c,

969 3162 75 24 packed
1054 3162 19 18 in
1085 3162 56 19 wood
1155 3162 38 19 mid
1208 3168 73 13 canvas
1296 3169 54 12 cases
1367 3163 29 18 for

968 3188 34 19 the
1011 3188 96 22 Colonies,
1120 3188 40 19 and
1171 3189 20 17 in

968 3214 31 18 for
1022 3214 75 18 distant
1120 3214 107 19 countries.
1268 3214 68 19 Medal
1358 3214 38 19 and

971 3239 91 25 Diploma
1073 3240 89 19 received
1173 3240 32 18 for
1217 3240 72 24 plants,
1301 3241 39 21 &c,
1351 3242 45 17 thus

968 3268 44 16 sent
1022 3269 19 14 to
1053 3266 34 17 the
1211 3266 125 22 Exhibition,
1345 3266 39 18 Lon-

968 3291 45 23 don,
1265 3292 21 18 iu
1293 3291 103 19 Auckland

969 3319 23 16 35
1003 3323 64 19 years.

1046 3351 37 32 C,
1100 3351 43 32 Y,
1160 3351 160 36 WRKN,

968 3392 39 18 Mt.
1016 3392 104 18 hobson
1127 3392 129 20 nursery,
1265 3392 131 20 remuera,

1091 3423 120 21 Auckland,
1224 3423 51 19 N.Z.

539 3923 17 16 A
565 3920 63 19 choice
636 3917 87 19 selection
736 3917 21 16 of
770 3915 25 17 oil
809 3915 98 23 paintings
922 3915 26 20 by

515 3946 32 17 Mr
555 3945 21 17 C.
586 3941 99 20 Blomfield
692 3945 45 16 may
744 3944 44 12 now
796 3938 25 17 be
829 3943 43 12 seen
880 3938 21 16 at
916 3936 32 17 the

515 3970 118 17 Chronicle
642 3965 62 18 Office.
729 3962 52 21 They
790 3960 92 23 comprise
891 3965 57 12 views

515 3993 19 16 in
543 3991 40 18 this
590 3985 149 26 neighborhood,
749 3984 100 20 Wairakei,
864 3982 70 18 Whaka-

515 4018 106 14 rewarewa,
631 4012 39 18 &c,
683 4009 38 19 and
737 4008 49 17 from
798 4007 51 17 their
860 4005 79 18 faithful-

515 4043 43 12 ness
578 4035 38 18 and
633 4032 94 19 attention
743 4032 20 16 to
783 4030 59 17 detail
862 4035 31 11 arc
906 4028 42 17 well

516 4059 62 18 worth
590 4058 33 17 the
631 4055 94 18 attention
733 4054 20 18 of
761 4054 62 17 lovers
836 4052 20 18 of
864 4053 35 17 art.
925 4051 23 17 In

516 4082 86 18 addition
610 4082 20 16 to
638 4080 52 17 these
699 4078 52 18 there
764 4082 32 12 are
812 4082 12 11 a
836 4075 81 17 number
929 4075 20 17 of

516 4107 59 16 water
582 4104 51 18 color
640 4101 84 19 sketches
732 4099 82 19 suitable
822 4099 30 18 for
859 4098 90 22 birthday

516 4135 21 11 or
546 4128 68 18 Easter
619 4125 84 23 CardH.*^,

1010 3469 114 32 MISS
1156 3469 209 36 FRENCH,

985 3521 265 26 ANGLO-PARISIAN
1281 3521 89 25 DRESS-

1127 3556 114 25 MAKER.

1068 3594 66 23 (Late
1144 3595 26 18 of
1176 3594 123 23 Dunedin.)

984 3634 77 43 3EGS
1071 3637 22 16 to
1103 3634 92 19 intimate
1207 3638 21 15 to
1246 3635 35 18 the
1296 3634 64 19 ladies
1378 3635 21 17 of

1035 3660 91 20 Rotorua
1150 3660 45 20 that
1213 3660 36 19 she
1268 3660 37 19 lias
1324 3660 76 18 started

969 3686 92 19 business
1084 3686 21 18 in
1128 3686 157 23 Fentou-street,
1310 3686 89 24 opposite

969 3713 34 18 the
1013 3711 69 20 Grand
1096 3711 68 20 Hotel.

1430 124 49 46 R.
1519 124 338 51 SPRECKLEY,

1527 181 53 16 Next
1588 180 33 17 the
1635 180 46 18 Post
1694 180 63 21 Office,

1427 211 236 22 SHORTLAND-ST,
1677 211 181 19 AUCKLAND.

1473 243 79 23 Agent
1559 243 36 17 for
1601 242 92 18 Gordon
1700 242 21 18 &
1729 243 82 18 Gotch.

1508 288 58 17 LIST
1574 287 32 18 OF
1615 288 59 17 NEW
1686 288 90 18 BOOKS.

1750 324 55 21 P»per
1809 325 49 15 Cloth

1427 345 69 15 Cameo*
1653 346 55 15 Marie
1717 346 62 15 Corelli
1791 348 10 13 2
1809 347 9 14 6
1831 347 8 14 3
1849 348 9 14 6

1427 366 36 15 The
1479 365 71 22 Mighty
1565 367 52 14 Atom
1712 378 13 8 ~
1793 369 9 14 2
1810 368 10 14 6
1832 368 9 15 3
1851 369 9 14 6

1426 386 36 17 The
1470 386 76 17 Sorrows
1555 387 18 16 of
1581 386 53 16 S.itan
1714 399 11 8 ~
1792 390 10 14 2
1811 389 9 15 6
1832 389 9 15 3
1850 390 10 14 6

1427 408 87 16 Barabbas
1713 421 11 7 ~
1791 410 10 15 2
1810 409 10 15 6
1832 410 9 15 3
1850 411 9 14 6

1427 428 66 17 Behind
1500 430 30 15 the
1540 429 58 20 Magic
1606 429 62 16 Mirror
1719 430 61 15 Birrell
1793 432 9 13 2
1810 430 9 15 6
1832 432 9 13 3
1851 432 9 13 6

1426 449 36 16 The
1466 450 84 16 Eleventh
1555 450 146 18 Commandment,
1707 451 77 15 Sutcliffe
1792 452 7 14 2
1809 452 9 14 6
1832 452 9 14 3
1851 453 9 13 6

1427 472 15 13 A
1447 471 65 16 Viotim
1517 471 18 15 of
1541 470 50 16 Good
1595 470 54 17 Luck.
1656 471 28 16 W.
1690 471 22 18 E,
1718 472 62 15 Norris
1790 473 10 14 2
1809 473 11 14 6

1426 491 36 17 The
1469 492 57 16 Wood
1531 492 71 20 Beyond
1607 492 29 16 the
1641 491 67 21 World,
1717 492 63 16 Morria
1792 494 9 14 2
1810 494 9 14 6

1426 513 69 19 Among
1503 513 29 16 the
1540 512 64 16 Freaks
1653 512 29 17 W.
1691 512 23 18 It.
1722 513 57 16 Alden
1792 515 9 14 2
1810 515 10 14 6
1832 515 9 14 3
1851 515 9 14 6

1427 533 34 16 Out
1469 534 18 15 of
1492 534 40 16 Due
1538 533 62 17 Season
1616 533 72 17 Adeline
1694 534 85 20 Serjeant
1791 536 11 14 2
1810 536 10 14 6

1426 555 98 16 Transition
1651 554 22 17 G.
1682 555 22 16 F.
1713 555 67 16 Brooke
1792 557 28 19 2.6

1426 575 35 16 The
1465 575 54 17 Years
1526 575 38 16 that
1569 575 28 17 the
1604 576 64 16 Locust
1674 576 45 16 hath
1727 576 56 16 Eaten

1570 597 57 15 Annie
1634 597 22 15 E.
1665 597 114 15 Holdsworth
1791 599 10 14 2
1809 599 10 13 6
1832 598 9 15 3
1851 599 9 14 6

1427 617 52 16 loban
1486 617 55 16 Israel
1555 618 18 21 (a
1581 618 55 16 South
1645 618 71 15 African
1726 618 57 21 Story)

1635 639 68 20 George
1712 639 68 15 Cossins
1832 640 9 14 3
1849 640 10 15 6

1427 659 27 16 Mr
1463 659 59 19 Bailey
1530 659 67 17 Martin
1616 672 18 5 ...
1657 659 55 21 Percy
1721 659 59 17 White
1792 661 10 15 2
1811 661 9 14 6
1832 662 9 14 3
1851 661 9 15 6

1427 683 14 12 A
1452 680 56 16 Home
1515 680 18 16 in
1543 680 81 16 Inveresk
1663 680 21 17 T.
1693 679 21 17 L.
1724 681 56 16 Paton
1792 684 9 13 2
1809 683 10 13 6
1833 682 9 15 3
1851 682 9 15 6

1425 701 36 16 The
1472 703 55 14 Green
1536 701 66 17 Groves
1616 701 18 16 of
1647 701 98 21 Balgowrie

1630 722 18 17 J.
1657 722 25 17 H.
1690 722 90 17 Findlator
1792 724 9 15 2
1811 724 9 15 6
1832 724 9 15 3
1851 724 9 15 6

1426 743 26 16 Dr
1460 743 113 21 Congalton's
1583 743 69 21 Legacy
1660 743 24 17 H.
1693 743 87 17 Johnston
1792 746 9 14 2
1810 746 10 13 0
1832 745 9 15 3
1850 745 10 15 6

1426 765 36 15 The
1470 764 49 21 King
1527 765 18 15 of
1555 765 92 16 Andaman
1709 765 70 16 Cobban
1792 766 9 15 2
1810 767 10 14 6
1832 767 9 14 3
1851 767 9 14 6

1427 786 15 15 A
1451 786 40 15 Mhd
1501 785 18 16 of
1527 785 29 17 the
1564 785 62 21 Fjords
1738 786 43 16 Deir
1832 788 9 14 3
1849 787 11 15 6

1427 807 41 18 Cleg
1477 806 53 20 Kelly
1648 806 16 16 S.
1670 806 24 16 R.
1701 807 80 16 Crockett
1793 809 9 14 2
1811 808 9 15 6
1832 809 9 14 3
1851 809 9 14 0

1426 827 49 21 Lady
1483 827 156 21 Val'sElopement
1646 828 17 16 J.
1673 828 107 21 Bickerdyke
1792 830 9 14 2
1810 830 10 14 6
1832 830 9 14 3
1851 830 8 14 0

1426 849 36 16 The
1470 849 96 21 Expiation
1573 850 19 15 of
1598 849 58 20 Wynn
1665 849 73 16 PaliHser

1677 870 21 16 B.
1708 870 73 16 Mitfoid
1793 871 9 15 2
1811 871 10 15 6

1427 891 16 15 A
1452 890 77 16 Humble
1537 891 105 20 Enterprise,
1649 891 21 16 A..
1677 891 103 20 Cambridge
1792 893 9 14 2
1811 893 9 13 6
1832 893 9 14 3
1851 893 9 14 6

1426 912 37 15 The
1471 912 89 15 Beuutiful
1568 912 60 16 White
1635 912 56 19 Devil,
1701 912 80 21 Boothby
1792 913 10 15 2
1811 913 9 15 6
1832 913 9 15 3
1851 914 9 13 6

1429 936 13 12 \
1451 933 32 15 Bid
1491 933 28 15 for
1526 933 78 16 Fortune
1734 945 11 8 ~
1790 935 11 15 2
1809 935 10 14 6
1832 935 9 14 3
1851 935 9 14 6

1427 953 19 16 In
1456 953 75 21 Strange
1538 954 89 21 Company
1735 966 11 8 „
1793 956 9 15 2
1811 955 9 15 6
1833 955 9 15 3
1851 955 9 15 6

1426 974 37 16 The
1472 975 88 20 Marriage
1567 980 19 10 or
1594 975 63 15 Esther
1736 987 11 7 ~
1794 977 8 15 2
1811 977 10 14 6
1833 976 9 15 3
1851 977 9 14 0

1427 996 36 15 The
1470 995 85 18 Tremlett
1562 996 96 16 Diamonds
1681 996 26 16 St.
1717 997 64 20 Aubyn
1833 998 9 15 3
1851 998 9 15 0

1427 1017 20 15 In
1454 1016 57 17 Haste
1518 1018 34 15 and
1557 1021 18 12 at
1580 1017 69 16 Leisure
1656 1018 24 15 E.
1687 1016 21 17 L.
1717 1018 64 15 Linton
1794 1019 8 14 2
1811 1019 9 15 6

1429 1039 9 14 i
1442 1039 21 15 he
1471 1038 66 16 Master
1670 1039 17 15 1.
1696 1039 86 20 Zaugwill
1833 1040 9 14 3
1851 1040 9 14 0

1427 1061 15 13 A
1451 1060 109 15 Komauceof
1563 1060 41 15 Two
1611 1060 66 16 Worlds
1689 1060 23 16 M.
1719 1060 62 15 Corelli
1794 1061 8 14 2
1812 1061 9 15 6
1834 1061 9 14 3
1852 1061 8 14 0

1427 1083 8 12 J
1440 1080 32 16 ude
1480 1080 30 16 the
1519 1081 76 16 übscura
1635 1080 76 17 Thomas
1719 1081 59 20 Hardy
1794 1082 27 15 28
1834 1082 9 14 3
1851 1082 10 15 C

1427 1101 20 16 In
1457 1101 29 16 the
1496 1102 49 20 Days
1552 1102 18 15 of
1578 1102 93 20 Adversity
1710 1102 67 16 Burton
1834 1103 9 14 3
1852 1103 9 15 6

1427 1122 36 16 The
1472 1122 57 16 Heart
1535 1124 20 15 of
1563 1122 29 17 the
1604 1123 60 16 World
1694 1123 87 21 Haggard
1794 1124 27 15 26
1833 1124 10 15 3
1852 1125 9 14 6

1427 1144 36 15 The
1472 1143 92 22 Courtship
1573 1145 17 15 of
1599 1145 63 15 Moiice
1670 1144 75 16 Buckler

1689 1166 22 16 A.
1720 1166 61 15 Mason
1794 1167 8 14 2
1813 1167 8 14 6
1834 1167 10 14 3
1852 1167 9 14 6

1427 1187 38 15 The
1472 1186 58 21 Light
1538 1187 39 15 that
1584 1187 60 15 Failed
1696 1187 87 20 Kippling
1795 1188 9 14 2
1813 1188 8 14 6
1834 1188 9 15 3
1853 1188 8 14 6

1485 1214 41 16 Add
1533 1213 81 21 Postage,
1623 1213 22 16 2d
1654 1214 17 14 in
1681 1213 28 16 tho
1717 1213 83 21 Shilling.

1509 1256 178 16 FORTHCOMING
1697 1256 82 17 BOOKS,

1427 1286 87 16 Vendetta
1660 1286 55 15 Marie
1722 1286 62 15 Corelli
1795 1286 9 15 2
1813 1287 9 14 6
1834 1286 10 15 3
1853 1287 8 14 6

1428 1307 72 16 Thelraa
1716 1319 12 8 „
1795 1308 9 14 2
1813 1308 9 14 6
1835 1308 9 14 3
1853 1308 8 14 6

1427 1329 69 15 Ardath
1716 1340 12 8 ~
1794 1329 10 14 2
1813 1329 9 14 6
1835 1329 9 14 3
1853 1330 8 13 6

1427 1350 36 16 The
1472 1349 40 16 Soul
1520 1349 19 16 of
1549 1349 56 17 Lilith
1621 1362 18 5 ...
1715 1361 11 8 „
1794 1350 9 14 2
1811 1354 10 10 o
1834 1351 10 14 3
1853 1350 8 15 6

1428 1371 109 16 Wormwood
1556 1385 18 4 ...
1621 1384 18 4 ...
1715 1382 12 8 ~
1794 1371 10 15 2
1813 1373 8 13 6
1835 1372 9 14 3
1852 1372 9 15 6

1448 1392 38 16 Tho
1494 1392 54 16 above
1557 1392 35 16 will
1600 1392 21 16 bo
1630 1392 56 15 issued
1694 1395 18 12 at.
1724 1392 47 15 short
1780 1392 81 15 intervals

1427 1414 18 15 in
1456 1414 28 16 the
1497 1414 50 15 order
1561 1413 62 16 named
1637 1413 17 15 in
1670 1413 99 15 Melhueu's
1785 1413 76 15 Colonial

1427 1435 81 21 Library.
1533 1435 53 20 Early
1595 1435 56 15 orders
1660 1439 28 10 are
1701 1435 94 19 leijuested.

1477 1477 57 16 NEW
1547 1477 114 16 VOLUMES
1675 1476 134 17 EXPECTED.

1427 1507 114 16 Sentimental
1549 1507 72 21 Tommy
1660 1507 18 15 J.
1687 1506 27 16 M.
1723 1506 58 16 Barrie
1794 1507 27 15 26
1835 1507 9 15 3
1852 1507 9 15 6

1428 1529 72 20 Hodney
1508 1529 52 15 Stono
1571 1541 17 4 ...
1627 1528 22 16 A.
1658 1528 60 15 Couan
1726 1528 56 20 Doyle
1794 1528 27 15 26
1834 1529 9 14 3
1852 1529 9 14 6

1427 1550 37 16 The
1470 1551 56 15 tireen
1534 1550 43 16 Man
1641 1549 18 16 S.
1670 1549 23 15 R.
1701 1549 80 16 Crockett
1794 1550 9 14 2
1812 1550 9 14 6
1834 1550 9 14 3
1851 1550 10 14 6

1427 1571 36 16 The
1479 1571 83 20 Martian,
1578 1576 9 11 3
1602 1576 38 11 new
1655 1570 50 17 novel
1719 1571 22 20 by
1757 1570 29 16 Du

1470 1592 82 20 Maurier,
1573 1592 62 16 author
1651 1593 18 15 of
1793 1592 27 15 26
1834 1592 27 15 36

1462 1628 83 17 OItDEUS
1557 1631 38 14 FOK
1607 1632 66 12 AIiOVE
1690 1632 100 12 RECEIVED
1805 1628 20 16 at

1518 1651 149 17 CHRONICLE
1681 1650 78 18 Office.

1425 1728 205 41 SOMETHING
1662 1728 45 40 TO
1742 1727 93 40 READ
1849 1747 9 29 T

1427 1862 241 55 Supplied
1691 1862 163 55 Regu-

1501 2200 276 36 OFFice.

1474 2267 192 31 Canterbury
1698 2266 108 30 Times,

1468 2307 219 26 Christenurch
1717 2308 94 30 Press,

1483 2349 70 26 New
1567 2349 134 26 Zealand
1724 2348 75 31 Mail,

1514 2390 111 32 Family
1640 2390 126 31 Reader,

1439 2432 107 32 Young
1569 2432 115 25 Ladies'
1705 2432 134 31 Journal,

1491 2474 90 25 Black
1607 2474 59 24 and
1683 2473 106 31 White,

1424 2515 171 26 Illustrated
1618 2514 124 26 London
1761 2515 94 30 News,

1421 2556 63 26 The
1505 2556 115 30 Album,
1654 2556 63 25 The
1732 2556 123 31 Sketch,

1501 2597 120 32 Sydney
1642 2597 134 30 Bulletin,

1672 2638 73 31 Mail,

1476 2680 90 25 Town
1580 2680 59 25 and
1656 2679 143 33 Country,

1529 2721 218 30 Australasian,

1577 2763 133 29 Referee,

1421 2804 230 33 Cosmopolitan
1688 2804 167 32 Magazine,

1522 2846 112 25 Strand
1741 2865 13 11 „

1499 2886 140 26 Windsor
1741 2907 13 11 „

1501 2928 138 32 Ludgate
1742 2949 12 10 „

1473 2970 118 25 Review
1611 2970 33 24 of
1663 2969 141 31 Reviews,

1487 3011 126 25 Woman
1633 3012 33 24 at
1684 3011 104 30 Home,

1420 3052 151 26 Weldon's
1584 3052 127 26 Fashion
1728 3052 125 26 Journal

1454 3093 129 26 Schild's
1599 3093 127 26 Fashion
1775 3114 13 10 „

1466 3135 181 31 Something
1668 3136 33 24 to
1717 3135 93 31 Read,

1421 3176 183 32 Snapshots,
1627 3176 147 30 Answers,
1795 3176 45 26 Tit-

1501 3219 68 28 bits,
1583 3218 123 31 Scraps,
1728 3218 51 25 &c.

1421 3259 65 26 And
1502 3260 36 25 all
1557 3260 96 25 Home
1670 3262 61 23 and
1747 3259 90 26 Colon-

1439 3301 35 25 ial
1492 3300 113 32 Papers
1618 3300 23 25 &
1655 3300 184 32 Magazines.

1587 3384 101 23 THe

1423 3435 246 42 MASTERPIECE
1688 3436 164 41 LIBRARY.

1422 3508 142 32 Popular
1577 3508 128 31 Novels,

1455 3568 65 26 The
1534 3568 115 33 Penny
1662 3568 106 32 Poets,

1489 3630 109 25 Books
1609 3630 109 25 fortlie
1729 3630 126 26 Bairns.

1421 3742 206 46 JJewnes'
1659 3742 196 45 Famous

1562 3826 162 46 Books.

1460 3957 165 43 BROADER
1663 3956 154 41 BRITAIN,

1424 4022 30 26 A
1483 4019 175 28 Collection
1682 4017 35 26 of
1738 4017 99 26 Photo-

1490 4059 131 34 graphic
1636 4059 109 26 Views
1757 4058 35 25 of

1541 4101 54 25 the
1615 4099 121 26 World.

999 3780 50 46 E.
1099 3779 270 53 LYONS,

1090 3835 188 36 TAILOB,

971 3877 35 26 (In
1015 3876 35 20 the
1063 3876 98 26 premises
1176 3876 59 24 lateh,
1261 3875 95 25 occupied
1373 3875 27 25 by

1076 3902 27 19 H.
1114 3902 35 19 W.
1158 3901 138 26 Neighbour.)

989 3936 81 19 MAIN
1082 3936 91 22 BOAD,
1188 3934 192 20 OHINEMUTU.

973 3984 245 47 RESPECTFULLY
1227 3983 49 19 calls
1284 3983 35 19 the
1335 3985 55 17 atten-

1045 4011 43 19 tion
1098 4011 21 18 of
1128 4009 109 21 Residents
1244 4012 21 16 to
1272 4009 32 19 his
1312 4015 41 13 new
1362 4009 38 19 and

971 4038 68 19 varied
1049 4036 55 19 stock
1119 4037 21 18 of

971 4062 124 25 SPRING
1105 4062 23 23 &
1140 4060 140 25 SUMMER
1292 4059 107 24 GOODS.

985 4116 67 18 Style
1066 4115 16 18 &
1089 4114 93 19 Perfect
1194 4113 38 19 Fix
1240 4112 147 20 Guaranteed.

932 4208 99 40 Ask
1061 4206 70 39 for
1165 4201 262 42 Hancock's
1461 4196 273 43 Celebrated
1779 4189 186 43 XXXX
1989 4187 112 39 Ales
2128 4188 94 37 and
2253 4187 148 40 Stout.

2375 134 176 71 J-AK
2571 138 82 52 ES
2707 139 72 71 DJ
2801 141 303 58 STRICT.

2115 212 91 19 Tourists
2216 217 41 14 an*
2269 212 90 21 Invalids
2370 215 84 25 'riuit.bg
2464 215 34 19 tho
2508 216 138 21 Wonderland
2656 220 21 18 of
2686 219 50 19 New
2746 220 92 20 Zealand
2848 222 39 18 will
2895 223 40 19 find
2945 226 33 18 the

2069 251 436 79 GRAND
2596 251 492 89 HOTEL'

2369 356 223 40 iitJKtl!

1976 406 51 16 most
2037 404 87 25 elegant,
2136 407 133 19 comfortable
2277 408 40 18 and
2328 408 44 18 best
2381 409 111 24 appointed
2502 410 154 20 establishment
2666 412 21 18 in
2707 412 51 19 New
2775 414 90 19 Zealand
2892 416 14 19 it
3003 421 61 16 renin)
3095 423 14 14 ♦!
3170 425 5 12 i

1896 429 16 16 L
2018 429 4 31 r
2351 434 49 18 with
2410 435 34 17 the
2455 438 52 16 most
2522 436 81 18 modern
2618 438 147 19 conveniences.
2975 434 11 9 °
3025 429 13 16 P
3095 429 117 21 turougnou

1908 454 57 19 THE
1978 454 92 19 HOTEL
2088 456 17 18 is
2123 457 22 18 in
2164 457 35 20 the
2217 457 116 20 immediate
2348 460 170 24 neighbourhood
2536 462 22 18 of
2575 462 35 18 the
2628 462 70 22 Priest,
2719 463 83 24 Rachel,
2822 465 122 22 Postmaster
2966 471 37 16 and
3020 471 56 16 nrW
3092 474 41 13 i..,n
3144 481 7 6 ■
3176 477 14 10 <i

1882 483 89 16 curative
1980 484 111 21 properties
2101 487 21 13 or
2133 483 65 18 which
2213 489 35 13 are
2264 484 147 20 worhLfamed.
2439 485 55 19 Bath
2505 486 67 19 chairs
2583 488 39 18 and
2632 489 117 18 attendants
2759 496 34 12 are
2804 492 95 22 provided
2910 498 19 13 to
2942 500 73 15 convev
3029 480 61 35 iivlli
3107 478 20 37 f
3198 483 12 32 £

1883 506 50 18 from
1943 506 34 18 the
1987 512 80 13 various
2079 506 142 21 bath-houses.
2248 509 43 19 The
2302 510 106 19 bedvooms
2418 511 42 19 and
2478 513 88 24 retiring
2587 519 66 12 rooms
2672 520 34 12 are
2725 515 59 19 fitted
2801 517 48 18 with
2878 499 73 42 specLd
2961 501 71 40 SSrd
3048 525 67 16 toth«

1883 534 64 16 meats
1957 531 21 19 of
1986 534 71 22 guests
2066 532 20 18 in
2097 534 69 18 search
2176 534 22 19 of
2207 535 91 18 renewed
2308 536 99 24 strength.
2888 525 12 18 P
2972 525 62 21 egar(i
3048 527 21 16 to
3081 525 34 19 the
3131 532 79 20 squire

1908 557 42 18 The
1964 557 61 19 Baths
2036 560 21 16 at
2067 557 34 19 tho
2109 558 129 21 Sanatorium
2250 560 51 19 have
2312 562 98 19 attracted
2420 569 61 12 raanv
2491 563 82 20 visitors
2592 564 22 19 of
2632 564 40 19 late
2693 572 69 14 years-
2789 571 93 15 amongst
2898 570 56 16 tho**
2966 572 43 14 ,vt.«
3017 574 5 12 1
3032 581 9 5 „
3080 576 8 10 t
3135 576 7 10 i
3174 578 15 8 ■••
3203 572 8 14 k

1883 582 32 18 bei
1924 583 34 17 the
1968 583 144 24 convalescent,
2123 591 93 17 nervous,
2227 585 118 24 rheumatic,
2356 587 41 18 and
2406 587 101 26 sleepless.
2789 572 94 21 amount
2898 572 56 18 those
2966 572 43 19 who
3017 574 52 20 have
3079 576 63 20 found
3153 578 58 19 relief

1909 607 90 19 Rotorua
2008 609 17 18 is
2036 609 33 18 the
2088 613 67 15 centre
2173 610 53 20 from
2244 611 65 19 which
2328 612 28 18 all
2377 613 67 24 points
2454 614 22 18 of
2485 614 85 19 interest
2579 616 21 18 in
2616 616 34 18 the
2660 616 94 19 Thermal
2765 617 85 25 Springs
2865 620 82 21 District
2964 630 44 12 rnav
3024 625 24 17 hj«
3204 630 6 12 i

1882 633 74 26 special
1966 634 94 18 facilities
2070 641 33 13 are
2112 636 98 24 provided
2220 637 32 18 for
2259 637 57 19 those
2324 637 21 19 in
2354 638 70 19 search
2434 640 22 18 of
2463 640 34 18 the
2508 640 101 19 beautiful
2620 642 40 18 and
2674 642 120 21 marvellous
2996 631 13 18 7
3062 628 84 19 reached
3149 643 5 9 >
3172 636 24 12 au
3199 630 13 19 <*

1975 665 181 19 MAGNIFICENT
2169 668 176 18 APARTMENTS.
2474 671 85 18 LOFTY
2571 672 144 19 BEDROOMS.
2833 677 113 19 PERFECT
2961 680 152 21 SANITATION

2025 689 25 19 In
2061 689 56 19 short
2126 696 15 12 a
2150 696 125 14 first-class
2288 691 172 20 Establishment
2469 694 88 25 offering
2565 696 59 24 equal
2633 696 94 19 comforts
2737 699 21 16 to
2768 697 35 20 tho
2812 699 44 19 best
2871 701 62 19 hotels
2942 703 21 18 in
2973 704 77 25 Europe

2121 741 87 23 Suites
2225 742 28 23 of
2264 742 169 29 Apartments
2443 744 66 24 with
2520 746 97 29 special
2629 748 156 23 attendance
2799 750 39 22 for
2853 751 127 25 Families-

1883 774 97 25 Spacious
1990 774 127 20 Promenade
2127 776 113 22 Balconies,
2251 776 58 25 Snug
2321 777 89 23 Alcoves,
2422 778 40 19 and
2478 779 127 26 luxuriously
2621 781 109 24 appointed
2739 783 104 26 Drawing,
2862 785 69 24 Music,
2949 788 139 21 Conversation
3112 792 93 17 T?™i;„,r

2335 804 99 24 Smoking
2443 805 40 18 and
2494 805 86 19 Billiard
2589 807 80 18 Rooms.
2698 807 70 20 Baths.
3011 802 2 26 '
3026 802 2 26 '
3092 802 3 26 '
3113 802 63 10 ivc,lul

2120 837 37 21 £3-
2173 835 117 20 SPECIAL
2304 836 160 21 ATTENTION
2478 838 68 20 PAID
2559 840 33 19 TO
2606 840 117 20 CUISINE
2737 843 60 18 AND
2811 844 122 20 SERVICE.
2947 850 35 21 4-}

1910 866 33 19 All
1954 867 178 19 communications
2144 867 28 25 by
2182 867 59 19 letter
2251 874 22 12 or
2284 868 98 23 telegram
2392 869 41 19 will
2443 870 76 19 receive
2528 874 81 22 prompt
2619 873 104 19 attention.

1941 917 76 44 W.
2045 919 57 42 A.
2130 918 311 53 BOULTON,

2355 979 60 24 (Late
2424 981 21 17 of
2453 979 115 19 Grosvenor
2577 979 68 24 Hotel,
2657 979 95 28 Sydney.)

2910 929 243 54 Manager.

2157 1042 333 49 roxorum

1886 1085 150 46 COAL
2057 1085 125 46 AND
2206 1085 320 49 FIREWOOD
2561 1089 204 47 DEPOT.

1930 1174 141 28 iESSRS
2090 1176 32 28 F.
2142 1176 196 27 GOODSON
2359 1178 28 26 &
2409 1179 33 25 C.
2463 1178 227 27 GRIFFITHS
2709 1179 61 32 beg

1885 1204 58 33 i®\
1978 1208 32 25 to
2023 1208 106 33 notify
2142 1209 54 26 the
2210 1209 171 26 Residents
2394 1211 35 25 of
2439 1211 144 26 Rotorua
2602 1212 70 25 that
2691 1212 80 32 they

1884 1246 54 19 are
1946 1246 73 20 now
2031 1242 157 32 prepared
2196 1243 33 25 to
2239 1243 119 25 deliver
2368 1246 31 23 to
2410 1250 64 27 any
2483 1245 73 32 part
2568 1244 35 26 of
2611 1244 53 26 the
2673 1245 97 25 Town

1967 1282 103 32 THE
2095 1284 127 32 BEST
2245 1284 286 34 HOUSEHOLD
2554 1286 126 36 COAL,

2265 1326 127 24 HLSO

1917 1357 155 33 RATA
2095 1359 115 33 AND
2232 1360 166 33 TAWA
2422 1360 314 38 FIREWOOD,

1886 1399 43 24 At
1942 1398 54 25 the
2014 1399 171 27 LOWEST
2199 1401 200 26 CURRENT
2410 1402 135 26 RATES
2560 1405 32 23 at
2605 1402 53 26 the
2667 1402 85 26 short-

2243 1435 47 24 est
2308 1435 112 25 notice.

2321 1475 10 9 0

1910 1486 84 24 Goods
2013 1487 132 25 delivered
2159 1489 68 23 with
2246 1492 163 28 promptness
2425 1493 27 21 to
2474 1491 37 24 all
2526 1493 73 27 parts
2613 1493 27 21 of
2654 1492 45 23 the
2714 1491 43 24 Dis-

1881 1514 64 22 trict
1956 1513 67 23 after
2031 1515 135 26 arrivallof
2173 1516 84 23 trains

2080 1549 95 24 Orders
2194 1557 59 23 may
2270 1551 31 22 be
2317 1551 50 23 left
2380 1553 28 21 at
2420 1551 46 23 the
2482 1552 91 28 Yards,

1970 1583 387 37 PUKU7STUK
2394 1587 294 35 STREET.

2794 1056 233 50 KUSABS
3061 1063 152 47 BROS

2897 1115 207 37 MAMAKXj

2792 1150 73 41 SAW
2879 1152 25 40 &
2930 1154 148 43 PLANING
3100 1159 115 41 MILLS.

2794 1280 132 20 GENUINE
2940 1282 59 19 DliY
3015 1285 77 19 LAND
3109 1286 109 21 TIMBER

2897 1312 29 16 LN
2938 1313 51 16 TIIE
3002 1313 113 20 MARKET.

2795 1356 124 42 MESSES
2938 1358 98 19 KUSABS
3053 1361 70 18 BROS,
3137 1362 37 25 beg
3191 1370 18 11 re-

2868 1381 100 22 spectfully
2973 1383 20 16 to
3001 1382 68 20 inform
3079 1385 31 17 the
3122 1386 66 18 Public
3201 1392 17 12 ol

2796 1402 75 17 Kotorua
2879 1404 32 15 and
2921 1404 72 21 vicinity
3002 1406 37 16 that
3048 1408 40 20 they
3102 1408 44 17 have
3161 1412 48 14 estab-

2794 1423 52 16 lished
2856 1430 9 9 a
2875 1425 41 19 yard
2925 1425 17 15 in
2956 1425 123 23 Hiueraoa-st.,
3088 1430 32 15 and
3136 1435 30 11 can
3181 1436 37 10 now

2794 1447 61 18 Mipply
2864 1444 28 17 the
2900 1445 49 17 fin«Bt
2957 1447 42 16 class
3013 1449 19 14 of
3046 1449 81 22 Building
3140 1450 78 18 Material

2794 1470 16 10 111
2820 1466 28 15 the
2857 1465 72 18 Market.
2945 1468 17 14 It.
2970 1468 14 15 is
2992 1470 99 20 unequalled
3100 1472 16 15 in
3125 1472 93 21 durability

2794 1487 33 15 mid
2836 1486 101 22 impervious
2946 1490 17 15 to
2972 1489 28 17 the
3009 1492 65 15 attacks
3090 1493 18 15 of
3121 1493 49 16 borer
3184 1495 34 15 and

2793 1507 32 20 dry
2836 1512 32 13 rot.
2891 1509 51 15 Their
2950 1515 17 10 su

2794 1533 43 11 most.
2846 1535 67 10 miKjfrn
2923 1531 44 20 uppli

2999 1512 32 15 nils
3039 1518 28 10 H.re
3076 1513 47 16 fitted
3134 1515 41 15 with
3190 1516 22 15 thi

2999 1538 20 9 cs
3028 1534 33 15 aud
3070 1535 28 15 the
3107 1536 37 15 firm
3157 1536 14 16 is
3181 1537 31 15 üb!i

1905 1729 120 19 AGENTS
2039 1729 61 19 FOE,
2108 1731 62 18 THE
2179 1731 51 19 N.Z.
2242 1732 137 19 EXPRESS
2392 1733 40 19 Co.

2074 1828 141 32 SUMMER
2248 1830 127 32 GOODS!

2210 1889 158 31 SUMMER!
2380 1891 104 30 GOODS

2126 2081 136 23 INVITES
2273 2081 67 24 THE
2356 2081 119 24 PUBLIC

2086 2125 35 23 To
2149 2131 43 17 scj
2211 2125 47 23 the
2274 2125 66 23 New
2354 2125 122 23 Material
2492 2126 28 22 in

2143 2167 87 19 WEST
2239 2167 38 18 OF
2291 2167 171 19 ENGLAND'S

2224 2247 177 23 WOOLLENS,

2371 2288 134 22 TWEEDS,

2094 2327 105 20 Suitable
2208 2327 36 18 for
2256 2327 41 18 the
2305 2327 98 23 Coming
2412 2327 96 19 Season.

1879 2427 261 46 Auckland
2163 2425 97 47 and
2281 2425 236 45 Waikato
2545 2425 214 57 Agency.

2119 2491 85 19 NEAR
2222 2489 151 20 CATHOLIC
2388 2489 133 19 CHURCH.

2208 2521 231 34 ROTOEUA.

1879 2597 64 41 THE
1957 2596 223 19 UNDERSIGNED
2193 2595 58 23 begs
2257 2595 26 17 to
2291 2593 107 19 intimate
2408 2594 24 17 to
2441 2594 41 17 the
2491 2594 124 18 Residents
2627 2594 26 18 of
2660 2594 103 19 Rotorua

1924 2620 53 18 that
1991 2620 29 18 he
2034 2620 43 18 has
2090 2620 53 22 just
2161 2617 111 22 received,
2288 2616 47 19 and
2351 2622 53 13 now
2421 2616 69 19 offers
2498 2618 26 17 at
2536 2617 126 19 LOWEST
2683 2618 80 18 CASH

1878 2643 111 22 PRICES,

2027 2683 99 24 NEW
2141 2681 147 25 SPRING
2307 2681 132 28 GOODS,
2459 2681 146 31 including:

1878 2733 111 19 STRAW'
2001 2732 80 19 HATS
2090 2732 24 18 in
2123 2732 67 23 great
2198 2730 115 22 varieties,

2049 2763 92 19 PRINT
2154 2763 96 18 DRESS
2264 2761 106 19 PIECES
2379 2761 27 18 of
2411 2762 90 17 newest
2509 2761 112 23 patterns,

2321 2792 138 23 RIBBONS,
2474 2792 102 23 LACES,
2625 2793 46 22 &c,
2721 2792 40 21 &o.

2290 2825 64 18 ALSO

1879 2858 223 29 CRETONNE
2133 2857 84 26 FOR
2248 2855 220 28 COVERING
2505 2856 257 27 FURNITURE.

2082 2935 62 55 s.
2192 2904 366 92 dXndo,

2152 3005 204 25 COMMISSION
2369 3005 119 24 AGENT.

2208 3084 231 33 ROTORUA.

2794 1553 18 13 to
2827 1550 60 22 supply
2904 1556 33 17 any
2952 1558 22 15 qu
2981 1555 50 19 unity
3047 1555 19 16 of
3080 1555 37 21 Dry
3135 1556 83 21 Building

2794 1572 78 15 Material
2881 1578 21 10 on
2911 1573 28 15 the
2948 1576 72 15 shortest
3028 1577 61 16 notice.

2794 1622 138 30 Skirtings,
2940 1624 174 32 Architraves,
3120 1628 82 25 Mould-

2829 1657 66 29 ings,
2907 1660 50 22 and
2966 1660 110 25 Dressed
3085 1663 101 24 Timber

2858 1696 28 23 of
2894 1704 78 23 every

2883 1740 107 29 Always
3001 1749 32 16 on
3043 1743 82 25 Hand.

2817 1773 118 24 HENAXJ
2946 1775 104 24 HOUSE
3062 1777 127 26 BLOCKS.

2812 1820 48 16 Price
2869 1820 46 17 Lists
2923 1827 21 10 on
2953 1822 102 22 application
3064 1827 18 13 to

2791 1854 221 35 KUSABS
3047 1859 170 35 BROS:

2864 1904 115 20 MAMAKU
2992 1913 25 12 or
3029 1908 111 20 OHAUPO.

2916 1943 26 17 Or
2949 1945 21 16 at
2977 1944 31 18 the
3021 1945 67 22 Yards,

2813 1976 122 20 HDTEMOA
2947 1980 100 21 STREET,
3066 1982 127 20 ROTORUA.

2792 2025 214 48 Rotorua
3047 2030 166 48 Tours.

2791 2126 24 24 X
2853 2131 43 17 that
2904 2138 10 10 a
2928 2133 74 23 regular
3012 2134 51 23 daily
3076 2136 56 18 coach
3149 2139 68 17 service

2789 2154 83 17 between
2881 2154 89 20 Okoroire
2979 2157 36 17 aud
3026 2158 83 18 Rotorua
3123 2161 38 17 and
3177 2162 39 17 vice

2788 2182 52 12 versa
2849 2177 14 17 is
2872 2183 42 11 now
2923 2180 87 22 running.

2811 2200 38 16 The
2857 2200 115 25 advantages
2978 2208 10 12 0
3003 2204 37 17 this
3046 2206 53 15 route
3104 2211 31 12 are
3140 2213 63 12 numer-

2788 2228 38 14 ous,
2837 2229 11 10 a
2857 2225 101 17 somewhat
2970 2226 72 18 tedious
3051 2228 77 23 railway
3135 2229 80 24 journey

2787 2246 15 17 is
2812 2246 74 21 broken,
2897 2248 36 16 and
2942 2248 31 17 the
2989 2252 53 15 route
3059 2253 90 17 traverses
3165 2259 50 13 some

2788 2269 20 17 of
2825 2269 32 17 the
2873 2270 83 18 loveliest
2972 2272 52 17 Bush
3040 2273 79 24 Scenery
3135 2275 21 18 in
3168 2276 46 19 New

2788 2291 86 19 Zealand.

2826 2323 103 24 PARES,
2946 2326 40 17 10s
2995 2327 81 19 EACH
3089 2329 81 20 WAY.

2787 2351 91 23 Special
2894 2352 162 24 Conveyances
3073 2361 43 14 can
3136 2355 65 22 be~ar-

2930 2378 87 22 ranged
3025 2378 40 19 for.

2787 2420 208 21 Leave--Okoroire
3004 2424 35 18 for
3052 2425 103 21 Rotoraa
3168 2429 47 18 and

2856 2444 215 23 Whakarewarewa
3100 2449 61 21 dailv
3189 2458 14 12 a

2858 2468 28 18 10
2895 2473 50 14 a.m.

2787 2490 75 19 Leave
2886 2491 102 19 Rotoraa
2996 2494 45 18 and
3050 2494 149 22 Whakarewa-

2855 2519 61 14 rewa
2932 2516 34 17 tor
2980 2516 114 25 Okoroire,
3111 2520 62 22 daily
3189 2523 24 17 at

2857 2538 29 17 10
2894 2543 50 14 a.m.

2810 2561 30 17 All
2860 2566 108 17 passengers
2987 2569 31 11 are
3034 2564 75 19 advised
3130 2568 20 16 to
3165 2568 48 17 avail

2786 2583 109 18 themselves
2904 2585 20 16 of
2932 2585 36 17 this
2985 2586 60 17 Route
3059 2594 20 10 as
3095 2589 89 19 Okoroire
3198 2592 15 16 is

2785 2612 35 11 one
2836 2607 19 16 of
2865 2608 32 16 the
2905 2608 51 17 show
2965 2608 60 22 places
3043 2611 19 16 of
3078 2611 31 18 the
3126 2613 85 18 Thermal

2786 2630 83 19 District,
2890 2630 37 18 and
2942 2637 23 11 no
2981 2632 43 17 visit
3038 2634 20 16 to
3074 2634 32 17 the
3120 2636 61 17 Lakes
3198 2637 14 17 is

2786 2653 90 22 complete
2886 2654 77 17 without
2969 2655 23 17 its
2998 2655 97 19 inclusion.

2809 2676 72 22 Special
2889 2677 91 17 attention
2991 2678 15 17 is
3020 2679 58 17 called
3092 2682 19 16 to
3125 2682 32 17 the
3173 2683 39 17 fact

2785 2698 42 18 that
2836 2705 10 11 a
2855 2700 55 16 coach
2919 2700 59 17 leaves
2991 2701 83 19 Rotorua
3083 2704 37 17 and
3130 2705 67 18 Whaka-

2784 2727 99 13 rewarewa
2892 2729 23 11 on
2924 2723 75 23 Sunday
3008 2726 19 16 at
3038 2726 19 16 10
3066 2732 43 11 a.m.

2918 2770 158 18 HGENTS:

2785 2794 72 17 THOS.
2871 2795 67 18 COOK
2955 2796 15 17 &
2988 2797 53 19 SOX,
3059 2799 99 19 Auckland
3174 2802 38 17 and

2954 2820 87 18 Rotoraa.

1912 3208 393 67 PftLftee
2303 3175 32 21 H

2147 3283 88 22 (Under
2248 3282 58 18 New
2317 3281 183 23 Management.)

1903 3347 93 19 Situated
2007 3347 20 19 in
2037 3347 35 19 the
2082 3349 53 16 most
2142 3345 76 19 central
2234 3344 87 26 position
2338 3344 21 19 in
2379 3344 34 19 the
2432 3349 46 13 new
2494 3342 107 26 township,
2622 3342 90 25 opposite
2728 3342 35 18 the

1877 3373 126 19 Courthouse
2013 3373 40 19 and
2063 3373 20 18 in
2095 3374 52 17 clo-o
2157 3371 109 26 proximity
2276 3373 20 16 to
2307 3370 34 19 tho
2352 3370 48 19 Post
2411 3370 67 22 Office,
2489 3369 133 22 Sanatorium,
2643 3368 64 19 Baths
2722 3368 40 18 and

1878 3399 92 25 Railway
1985 3399 84 18 Station.

1903 3434 42 18 The
1956 3434 72 18 Hotel
2037 3432 117 19 commands
2164 3438 13 12 a
2186 3431 130 25 magnificent
2325 3431 50 18 view
2385 3430 22 18 of
2417 3429 34 19 the
2461 3429 58 19 Lake
2529 3429 39 18 and
2578 3429 7 17 i
2601 3428 106 18 furnished
2714 3427 49 20 with

1877 3466 25 12 an
1912 3466 35 18 eye
1959 3463 19 15 Lo
1987 3458 35 20 the
2032 3459 85 19 comfort
2127 3458 21 18 of
2158 3458 26 18 its
2194 3461 89 21 patrons.
2442 3451 16 24 /

1903 3493 42 19 The
1955 3493 86 25 position
2052 3493 21 18 of
2083 3493 35 18 the
2130 3492 70 19 House
2216 3490 82 20 renders
2314 3490 17 19 it
2349 3489 112 26 peculiarly
2480 3489 87 18 suitable
2585 3488 32 20 for
2638 3487 124 21 commercial

1878 3526 45 12 men
1933 3519 84 25 visiting
2027 3519 34 18 the
2071 3521 61 16 town.

1913 3564 166 25 BILLIARD
2102 3563 114 26 ROOM.
2359 3561 148 26 SAMPLE
2530 3561 133 31 ROOMS,
2677 3561 52 25 &c.

2440 3587 3 16 1

2043 3618 177 32 Telegrams
2235 3615 152 34 promptly
2401 3616 151 28 attended
2565 3617 40 23 to.

1879 3692 47 45 F.
1950 3690 272 54 WATERS,

2507 3687 251 48 Manager.

1878 3787 41 39 6,
1949 3787 44 40 11.
2030 3785 267 40 eBQCHffIB©
2297 3812 10 20 ?

1917 3848 99 26 SHIPS
2027 3847 102 26 YACHT
2143 3846 126 26 BROKER.

1935 3881 193 21 COMMISSION
2140 3881 109 23 AGENT,

1884 3912 81 45 HAS
1987 3910 55 20 EOR
2065 3909 70 19 SALE
2154 3916 12 12 a
2184 3909 87 19 number
2288 3909 22 19 of

1959 3939 63 17 steam
2044 3935 105 23 launches,
2169 3935 77 24 yachts,
2269 3935 40 18 and

1877 3963 81 26 pulling
1970 3962 58 19 boats
2046 3961 89 19 suitable
2154 3961 33 18 for
2204 3960 46 19 lake
2269 3962 40 17 and

1877 3989 53 19 river
1937 3987 63 21 work.

1942 4018 186 20 CoKUESTONDENCE
2148 4016 96 19 INVITED.

2041 4068 102 19 Address:

1903 4102 32 22 15,
1947 4099 154 22 QUEEN-ST.,
2116 4097 165 20 AUCKLAND.

2438 3798 219 20 MASSAGE.

2444 3877 115 20 FRASER.
2570 3876 95 25 qualified
2681 3876 80 19 Ameri-

2332 3930 79 18 located
2426 3930 22 19 in
2464 3930 96 18 Rotorua.
2596 3928 40 18 Sho
2660 3928 38 19 has
2721 3928 40 18 had

2331 3955 139 19 considerable
2483 3954 116 25 experience
2608 3953 21 19 in
2645 3955 34 17 the
2698 3956 63 16 tr<.at~

2331 3984 56 15 ment
2406 3982 21 18 of
2443 3980 64 19 ladies
2517 3979 39 19 and
2565 3979 113 24 gentlemen
2689 3979 61 19 suffer-

2331 4007 37 24 ing
2376 4007 52 19 from
2447 4006 90 22 Sciatica,
2554 4005 146 22 Rheumati-m,
2712 4005 49 19 Stiff

2330 4032 73 23 Joints,
2425 4031 114 26 Dyspepsia
2557 4031 39 18 and
2614 4031 28 18 all
2658 4031 63 19 forms
2739 4031 22 19 of

2330 4057 94 19 Nervous
2439 4057 112 20 Disorders.

2377 4100 109 18 Addmess:
2502 4098 96 20 GRAND
2612 4098 98 20 HOTEL.

2785 2871 18 16 A
2820 2870 112 18 MEMBER
2949 2872 32 16 OF
3001 2873 51 17 THE
3073 2874 86 18 HOUSE
3180 2877 32 17 OF

2874 2894 245 21 REPRESENTATIVES.

2808 2933 95 24 Speaking
2916 2940 23 11 on
2954 2935 30 17 the
2998 2935 103 24 Pharmacy
3114 2938 37 18 Bill
3165 2940 45 17 said,

2845 2957 101 22 profession
2960 2958 32 17 has
3005 2959 52 18 made
3074 2960 35 18 less
3125 2968 87 15 progress

2785 2980 68 23 during
2862 2980 31 17 the
2910 2980 36 17 last
2963 2982 31 15 100
3009 2987 53 16 years
3076 2983 45 18 than
3136 2985 43 17 that
3192 2985 20 18 of

2902 3010 21 10 or
2932 3004 58 16 words
2999 3006 20 15 to
3027 3004 42 19 that
3081 3006 59 18 effect.
3173 3008 38 17 The

2785 3026 78 17 M.TI.R.
2879 3026 56 22 spoke
2948 3027 79 17 without
3039 3029 94 23 thinking,
3151 3036 21 12 or
3187 3031 24 17 he

2785 3073 105 17 statement.
2915 3072 29 18 He
2953 3073 94 24 evidently
3060 3075 54 17 knew
3129 3077 82 23 nothing

2785 3096 20 16 of
2813 3096 32 16 the
2853 3101 40 11 new
2902 3095 75 22 remedy
2984 3097 71 17 termed

2924 3120 149 18 NEUROL

2785 3140 60 16 which
2854 3139 21 20 is,
2879 3139 20 18 in
2901 3140 114 23 comparison
3022 3142 44 17 with
3073 3144 87 17 remedies
3166 3144 46 17 used

2785 3168 46 11 even
2839 3163 21 16 20
2870 3168 51 17 years
2930 3170 42 15 apro,
2982 3170 19 11 as
3008 3163 49 24 light
3066 3167 19 15 to
3093 3166 95 18 darkness.

2923 3192 150 18 NEUROL

2785 3212 15 17 is
2808 3217 11 12 a
2833 3211 126 24 scientifically
2975 3215 89 21 prepared
3081 3215 94 22 medicine,
3193 3217 19 17 in

2785 3235 32 18 the
2827 3236 47 16 form
2883 3235 19 18 of
2910 3236 89 21 powders.
3025 3237 17 17 It
3050 3244 15 11 is
3073 3240 33 15 not
3119 3239 83 24 disagree-

2785 3258 42 18 able
2834 3258 4 22 :
2852 3258 15 17 it
2876 3258 14 17 is
2899 3260 33 16 not
2940 3258 98 21 exT*'nsive
3045 3258 3 22 ;
3062 3261 16 16 it
3086 3261 33 18 lies
3127 3262 20 17 in
3160 3264 53 16 small

2785 3287 84 16 compass
2876 3281 4 27 ;
2894 3281 15 17 it
2918 3283 82 15 contains
3009 3288 24 11 no
3042 3284 69 21 opium,
3129 3287 86 21 morphia

2785 3310 21 11 or
2820 3304 115 22 antipyrine;
2954 3305 14 17 it
2986 3305 37 18 will
3039 3308 34 15 not
3089 3313 43 12 cure
3148 3314 54 17 every-

2785 3326 56 23 thing
2849 3326 33 19 but
2897 3328 15 16 it
2926 3328 14 17 is
2954 3328 82 17 effective
3048 3330 20 16 in
3081 3330 26 17 all
3120 3337 50 12 cases
3184 3332 29 18 for

2785 3351 60 16 which
2854 3351 15 15 it
2878 3351 14 16 is
2904 3351 144 19 recommended.

2925 3380 149 18 NEURGL

2786 3399 37 17 will
2832 3399 66 17 relieve
2906 3406 55 16 every
2970 3401 46 16 form
3034 3403 20 15 of
3071 3403 94 18 headache
3180 3405 34 17 not

2785 3422 67 17 caused
2860 3422 24 23 by
2893 3423 52 16 brain
2956 3423 75 18 disease.

2924 3452 150 19 NEUROL

2785 3483 52 12 cures
2857 3478 96 22 neuralgia
2973 3479 20 17 of
3008 3479 32 18 the
3057 3481 39 17 face
3113 3481 36 17 and
3165 3482 48 18 head

2785 3506 50 11 more
2844 3500 95 23 promptly
2947 3502 45 16 than
3002 3503 81 21 quinine.

2807 3523 34 17 LA
2847 3523 99 19 GRIPPE,
2956 3530 21 11 or
2983 3525 147 19 INFLUENZA
3137 3527 47 18 loses
3189 3529 24 16 its

2785 3548 68 15 terrors
2862 3546 15 17 if
2885 3546 104 19 NEUROL
2998 3549 15 16 is
3022 3549 56 17 taken
3087 3552 20 14 at
3116 3551 31 16 the
3161 3557 38 11 com-

2785 3571 114 15 mencement
2908 3570 20 16 of
2936 3570 32 17 the
2976 3571 69 18 nttaek.

2808 3592 85 18 COLDS.
2933 3593 138 22 CATARRHS,
3107 3596 97 18 FEVERS

2785 3615 172 17 RHEUMATISM
2980 3622 32 12 are
3037 3618 26 16 all
3084 3618 79 18 relieved
3187 3620 25 19 by

2785 3638 110 17 NEUROL.

2808 3660 37 18 For
2864 3667 71 11 women
2955 3662 105 18 NEUROL
3076 3664 16 17 is
3110 3665 101 23 peculiarly

2784 3683 85 19 suitable,
2879 3684 14 16 it
2902 3690 51 12 cures
2962 3685 25 17 all
3001 3686 73 21 painful
3089 3693 72 16 cramps
3174 3683 36 22 anil

2784 3707 54 17 other
2845 3707 59 21 pains.

2806 3729 63 22 Every
2889 3730 63 19 miner,
2973 3731 91 18 bushman
3090 3733 35 17 and
3148 3734 63 17 settler

2784 3752 66 17 should
2859 3758 71 16 possess
2938 3759 11 11 a
2958 3754 36 17 box
3003 3755 21 16 of
3031 3755 110 18 NEUROL.
3168 3757 18 16 It
3194 3756 15 18 is

2784 3781 11 11 a
2803 3775 90 17 medicine
2902 3776 51 16 chest
2961 3777 19 16 in
2989 3778 54 16 small
3052 3784 88 16 compass.

2807 3798 45 17 Sold
2860 3798 25 22 by
2894 3799 25 16 all
2928 3799 124 23 storekeepers
3064 3801 36 17 and
3117 3802 90 18 chemists,

2784 3821 19 16 2s
2812 3826 33 16 per
2853 3820 43 19 box.
2906 3827 21 11 or
2935 3825 42 18 post
2991 3823 38 17 free
3045 3824 47 17 from
3106 3824 102 17 NEUROL

2784 3843 40 18 Co.,
2834 3843 104 21 Auckland,
2948 3846 20 16 2s
2978 3845 27 18 Id.

2919 3867 47 18 from
2975 3868 127 23 Kempthorne
3110 3869 36 17 and
3152 3869 44 17 Pres-

2783 3894 34 15 sor,
2827 3895 22 11 or
2857 3889 92 18 Sharland
2958 3891 36 17 and
3003 3892 31 17 Co.

2817 3935 158 21 Government
2994 3940 47 18 Life
3062 3940 138 18 Insurance.

2827 3970 48 14 LOW
2883 3967 196 20 PBEMIUMs7~LAKGE
3091 3974 95 13 BONUSES.

2814 3998 34 13 The
2854 3999 109 14 Watchwords
2969 4002 17 12 of
2991 4002 28 13 tho
3026 4003 45 12 Office
3078 4006 43 8 nre-

2847 4015 104 18 Llberallty
2962 4018 19 13 to
2991 4018 154 16 Policy-holders.

2886 4033 97 16 Economy
2993 4034 19 12 in
3023 4034 136 15 Management.

2926 4049 86 20 STATE_
3019 4050 121 13 SECURITY.

2812 4066 114 16 Accumulated
2935 4069 53 13 Funds
2998 4069 57 14 exceed
3064 4071 16 14 lij
3089 4069 69 14 Millions
3167 4071 28 15 stg.

2949 4097 13 13 J.
2970 4097 19 14 H.
2998 4089 132 24 iuCHABDSON,
