3300 4360
1255 137 58 19 THE
1327 137 58 20 HOT
1399 138 92 20 LAKES
1505 138 165 21 CHRONICLE
1683 139 190 24 WEDNESDAY,
1889 140 129 20 OCTOBER
2033 141 19 23 7,
2069 142 48 17 1896

2823 4107 80 17 Printed
2919 4107 39 17 and
2974 4107 101 23 published
3085 4107 26 23 by
3119 4107 22 17 F.
3152 4107 21 17 F.
3187 4107 56 18 WATT,

2846 4132 20 15 at
2874 4130 33 17 the
2916 4130 103 23 registered
3033 4130 86 23 printing
3130 4131 56 16 office.
3196 4130 47 17 Hint*

2845 4159 43 11 inoa
2897 4154 64 19 street,
2971 4154 91 16 Eotorua.

2846 4185 171 19 WEDNESDAY,
3031 4184 116 18 OCTOBER
3157 4185 16 19 T,
3182 4184 47 17 1896.

100 223 160 52 PURE
298 224 295 53 AERATED
640 224 288 54 WATERS.

214 356 45 20 One
274 356 22 20 of
313 356 33 19 the
356 355 119 20 necessities
485 355 23 19 of
517 355 35 19 tho
561 355 80 26 coming
651 356 76 20 Season
737 357 42 19 will
788 357 26 19 be

131 413 115 24 COOL
286 412 96 24 AND
424 410 334 27 REFRESHING
798 413 162 24 DRINK

94 473 142 20 UntiDctured
249 473 23 24 by
281 478 37 17 any
329 471 130 19 Deleterious
475 471 101 20 Chemical
586 471 138 25 Compounds.
753 472 19 18 A
782 471 60 20 drink
852 473 22 18 at
884 479 50 13 once

291 525 185 30 Exhilarating
497 525 52 24 and
567 525 166 30 Refreshing,

69 583 39 18 and
121 581 65 19 which
202 580 36 20 will
249 587 60 19 prove
320 588 11 12 a
342 581 117 24 preventive
469 580 23 20 of
499 580 117 25 Dyspepsia
632 580 39 18 and
688 581 28 18 all
732 581 94 19 Internal
844 581 116 21 Disorders.

95 607 88 19 Aerated
195 607 82 19 Waters
288 608 38 18 and
337 608 98 22 Cordials,
454 607 122 25 comprising
593 607 35 18 the
636 605 75 21 Purest
721 607 121 24 Lemonade,
860 609 35 19 the
904 609 56 20 Most

69 635 103 19 Delicious
184 633 34 19 Gii
226 639 35 19 ger
271 633 45 24 Ale,
330 633 179 26 Highly-charged
527 633 52 19 Soda
590 633 80 24 Water,

275 684 401 36 ZOLHKON
697 687 58 37 E,

68 753 11 11 a
88 752 44 13 new
140 745 150 26 Invigorating,
300 746 150 19 non-alcoholic
460 746 104 25 Beverage
573 745 4 27 ;
594 746 56 19 Lime
659 746 60 19 Juice
736 746 88 25 Cordial,
836 746 124 26 Raspberry,

68 772 140 26 Peppermiut,
220 772 77 23 Cloves,
308 772 51 18 Pine
369 772 73 25 Apple,
454 772 41 19 and
506 774 75 17 Lmiuu
593 772 76 25 Syrups
679 773 40 18 aud
738 773 136 25 Sarsaparilla
890 780 35 13 are
934 774 26 18 all

338 799 156 19 manufactured
505 805 26 13 on
540 798 34 20 the
582 798 105 26 premises.

258 823 116 20 Lemonade
383 825 41 18 and
435 825 78 24 Ginger
522 825 44 23 Ale,
577 827 72 22 quarts
659 825 40 19 and
706 825 63 26 pints.

92 925 75 78 C.
218 924 83 76 A,
360 924 421 88 CLARKE,
830 925 104 79 Jr.

71 1060 884 116 CLEARANCE'SALE.

97 1228 66 23 OUR
186 1226 165 24 PREMISES
373 1226 158 24 DISPOSED
556 1226 39 23 OF

464 1253 38 22 TO
515 1252 51 23 MR
591 1252 22 23 J.
635 1252 128 23 TONSON
779 1251 153 24 GARLICK.

73 1322 404 47 Electro-Plated
498 1321 150 45 Ware

672 1378 288 56 Lampware

72 1437 298 46 Brushware

496 1493 288 46 Enamelled
810 1493 150 45 Ware

73 1552 205 54 Knives,
312 1551 171 55 Forks,
506 1551 205 56 Spoons.

146 1670 57 38 CT.
257 1669 61 37 <Sc
478 1668 381 39 IDIOZEOIIir
866 1698 16 17 7

136 1769 109 28 Having
260 1768 56 24 sold
331 1775 46 16 our
398 1768 89 26 Queen
503 1768 52 24 and
570 1768 83 22 Lome
669 1767 85 23 Street
769 1767 130 23 Premises

191 1801 26 22 to
230 1799 41 23 Mr
281 1799 23 23 J.
320 1799 24 22 T.
357 1799 115 27 Garlick,
483 1799 46 23 the
539 1798 86 24 whole
636 1799 28 22 of
672 1805 46 16 our
729 1798 80 23 Stock
821 1798 28 22 of

302 1840 435 33 IRONMONGERY,

97 1893 73 22 Must
179 1893 33 22 he
223 1892 56 23 sold
289 1892 39 23 for
338 1891 76 29 Cash,
424 1899 28 16 as
467 1899 41 16 we
516 1891 60 30 give
583 1898 34 22 up
625 1891 151 29 possession
786 1891 28 22 in
823 1890 112 23 October.

72 2081 164 47 WILL
252 2081 75 46 BE
346 2081 220 47 ISSUED
585 2080 164 47 NEXT
762 2080 198 47 WEEK.

73 2414 355 56 ANCIENT
471 2413 466 57 MAORILAND

332 2524 52 32 By
402 2522 165 28 ELSDON
589 2522 114 27 BEST.

92 2711 7 13 •
113 2702 7 11 K
122 2698 58 26 HE
200 2698 122 32 Papers
337 2704 74 20 now
424 2696 176 34 appearing
613 2696 34 26 in
661 2696 55 26 the
730 2696 84 26 HOT
826 2695 139 27 LAKES

87 2723 18 40 1
122 2731 244 27 CHRONICLE
379 2731 103 26 under
494 2731 55 25 the
562 2731 102 25 above
677 2729 73 27 title
763 2729 68 27 will
840 2729 125 34 shortly

71 2765 38 25 be
122 2764 170 33 published
304 2764 34 25 in
350 2764 166 33 pamphlet
529 2763 90 26 form.

278 2870 132 47 Price
435 2871 94 46 One
563 2870 200 56 Shilling.

105 3058 191 32 Advertising
308 3058 108 26 Terms
429 3065 39 19 on
482 3058 189 33 application
693 3060 34 24 at
746 3057 217 27 CHRONICLE

72 3092 106 25 Office.

73 3281 81 19 Under
160 3281 42 18 the
207 3281 172 23 distinguished
384 3282 130 23 patronage
521 3281 27 18 of
550 3281 43 18 His
599 3281 140 24 Excellency
748 3281 62 19 Lord
819 3281 144 23 Carrington,

95 3314 121 17 Governor
225 3312 25 18 of
257 3312 101 23 N.S.W.,
368 3312 48 19 and
424 3312 62 19 Lord
503 3312 95 19 Onslow
607 3312 120 19 Governor
736 3313 26 18 of
768 3313 58 18 New
835 3312 105 20 Zealand.

523 3434 437 106 fioret,

235 3573 579 39 TKURKNGK.

76 3653 86 44 THE
202 3653 85 24 STAR
318 3655 17 18 is
344 3656 132 24 pronounced
485 3656 28 25 by
528 3657 27 19 its
566 3657 88 20 Pr.crons
670 3660 21 18 to
705 3659 27 19 be
746 3659 37 19 the
798 3659 47 20 best
857 3659 54 20 built
925 3661 41 20 and

142 3679 45 20 best
196 3680 107 19 furnished
313 3681 63 19 Hotel
386 3682 22 18 in
416 3682 36 18 the
462 3682 68 19 North
539 3683 78 19 Isknd.

108 3711 136 26 Private
257 3711 106 28 Suites
372 3714 22 18 of
403 3713 134 25 Apartments
546 3714 32 19 for
589 3714 101 21 Families.

390 3746 104 31 Sample
508 3747 95 24 Rooms
623 3749 33 19 for
670 3750 132 20 Commercial
812 3751 127 22 Gentlemen.

74 3778 90 19 Coaches
172 3777 57 19 leave
238 3778 35 20 the
282 3779 62 19 Hotel
353 3780 33 19 for
401 3781 35 18 the
449 3781 68 19 Lakes
536 3789 26 12 on
577 3784 76 19 arrival
668 3785 22 18 of
706 3785 27 20 all
751 3787 105 18 steamers.
885 3787 81 25 Special

182 3803 92 26 Buggies
290 3805 40 19 and
340 3806 76 19 Saddle
426 3806 80 21 Horses
515 3814 36 13 can
567 3808 26 19 be
610 3809 98 21 obtained
724 3812 33 19 for
765 3812 28 19 all
805 3817 57 20 parts

431 3834 21 18 of
462 3833 35 20 the
513 3834 97 25 Country.

76 3864 186 26 First-class
275 3864 125 34 Sailing
414 3867 62 26 and
489 3868 137 32 Rowing
639 3869 99 28 Boats
751 3871 49 27 for
811 3873 155 27 Pleasure

338 3900 64 25 and
419 3900 136 33 Fishing
567 3902 135 27 Parties.

76 3939 64 26 The
173 3937 162 26 Saltwater
365 3939 129 34 Bathing
529 3942 126 27 Pavilion
692 3945 23 25 is
750 3946 102 26 within
876 3947 90 27 three

279 3971 138 27 minutes'
440 3975 75 25 walk
536 3976 33 25 of
584 3977 55 24 the

295 4011 119 26 Telegrams
433 4015 80 19 receive
539 4019 82 23 prompt
640 4019 107 20 attention.

384 4150 282 33 PROPRIETOR.

1349 357 152 33 THE

1221 456 204 109 Lakes

988 718 242 54 Published
1254 729 143 44 every
1416 716 284 58 Wednesday
1715 717 139 47 Jlfter-

1367 786 134 38 noon,

1193 957 113 41 RATES
1332 957 44 42 OF
1401 957 278 43 SUBSCRIPTION:

1150 1029 62 18 PAID
1226 1030 30 17 IN
1268 1030 130 18 ADVANCE.
1588 1030 100 19 BOOKEI

1172 1070 46 23 Six
1228 1070 107 23 Months
1346 1070 29 23 5s
1385 1077 5 21 ;
1630 1073 37 21 6s.

1171 1096 53 23 One
1240 1096 68 23 Year
1318 1096 44 23 10s
1373 1104 5 20 ;
1616 1098 51 23 12s.

1166 1201 339 33 ADVERTISING
1523 1202 159 33 BATES
1693 1209 7 31 ;

1012 1258 65 19 Three
1089 1257 100 25 Shillings
1199 1263 37 19 per
1246 1257 46 19 inch
1299 1264 36 18 per
1345 1258 61 22 issue,
1416 1264 28 19 up
1452 1260 21 17 to
1480 1259 11 17 3
1500 1258 114 19 insertions.
1630 1259 131 26 Subsequent
1768 1259 113 20 Insertions

986 1284 44 19 hall:
1040 1288 60 15 rates.
1132 1283 80 26 Special
1223 1286 61 16 terms
1295 1284 32 19 lor
1336 1284 73 25 longer
1421 1284 88 25 periods.

1011 1338 180 19 Announcements
1200 1337 23 18 of
1234 1336 70 19 Births
1315 1337 40 18 and
1366 1337 78 19 Deaths
1454 1343 35 13 are
1499 1338 88 22 charged
1603 1340 22 16 2s
1640 1339 57 23 each,
1717 1342 36 17 not
1771 1340 111 26 exceeding

986 1367 23 17 30
1020 1365 73 19 words.
1122 1364 104 23 Marriage
1237 1366 172 16 announcements
1425 1365 28 17 3s.
1481 1363 208 25 NOTE.—These
1704 1365 111 30 charges
1837 1373 44 17 are

985 1392 40 22 for
1036 1390 178 30 Prepayment
1224 1388 72 31 Only-

1093 1538 243 47 JOBBING
1371 1540 400 49 DEPJIRT.ME.NT.

988 1627 158 31 Invoices,

1038 1668 174 31 Billheads,

1088 1710 105 26 Memo
1205 1710 122 33 Forms,

1140 1751 83 26 Bills
1236 1750 34 27 of
1278 1752 92 31 Fare,

1190 1793 155 26 Business
1369 1794 110 33 Cards,

1240 1834 142 34 Visiting
1403 1836 109 32 Cards,

1321 1877 98 26 Menu
1437 1878 109 32 Cards,

1375 1919 152 33 Luggage
1540 1920 125 34 Labels,

1420 1961 74 26 Ball
1512 1961 236 34 Programmes,

1473 2005 172 33 Circulars,

1543 2047 139 32 Posters,

1593 2089 183 33 Handbills,

1687 2131 196 34 Pamphlets,

1158 2169 65 33 &c.,
1324 2169 68 34 &c,
1494 2171 66 33 &>c.,
1664 2173 57 26 &c.

1051 2253 125 47 Done
1211 2259 50 41 at
1298 2255 81 54 the
1402 2255 223 54 Shortest
1646 2256 181 47 .Notice.

993 2441 541 59 STATIONERY!

1305 2531 576 58 STATIONERY!!

1239 2642 72 46 On
1336 2643 113 47 Sale
1480 2646 53 44 at
1567 2644 88 46 the

1059 2747 438 66 GHRONieLe
1531 2750 286 66 ©FFiee

989 2846 67 19 Plain
1064 2847 48 18 and
1120 2846 80 24 Fancy
1209 2847 67 23 Note,
1292 2848 133 23 Envelopes
1433 2848 31 19 all
1473 2848 65 23 sizes,

989 2870 127 23 Mourning
1125 2870 74 23 Paper
1208 2871 46 18 and
1263 2871 138 24 Envelopes,
1416 2872 153 19 Commercial
1578 2873 142 24 Stationery,

990 2893 116 24 Foolscap
1115 2894 75 22 Paper
1198 2894 47 18 and
1254 2894 90 19 Official
1352 2895 138 23 Envelopes,

990 2916 117 24 Drawing,
1119 2916 114 23 Exercise,
1241 2917 180 20 Memorandum
1429 2919 47 18 and
1484 2919 110 19 Account
1602 2919 86 24 Books,

990 2940 108 23 Ledgers,
1110 2940 117 22 Journals,
1238 2940 51 24 Day
1298 2942 47 17 and
1354 2942 62 18 Cash
1423 2942 85 22 Books,

990 2963 81 19 Letter
1079 2964 84 21 Books,
1175 2964 107 22 Brushes,
1293 2964 84 19 Water
1477 2965 47 23 &c,

989 2987 125 23 Stephen's
1123 2987 105 23 Writing
1236 2988 47 18 and
1291 2987 108 24 Copying
1407 2989 63 22 Inks,

989 3010 107 23 Blotting
1105 3010 79 23 Paper,
1195 3010 111 19 Business
1315 3012 48 18 and
1376 3011 98 24 visiting
1483 3011 79 23 Cards,

988 3033 57 18 Blue
1055 3033 97 22 Pencils,
1163 3034 63 17 Lead
1235 3034 46 18 and
1290 3034 65 19 Slate
1364 3035 98 22 Pencils,
1473 3036 46 18 and
1528 3036 82 22 Slates,

988 3057 111 23 Marking
1107 3057 51 21 Ink,
1168 3057 67 18 India
1243 3057 94 19 Rubber
1346 3058 84 23 Bands,
1441 3058 62 19 Gum
1511 3059 46 19 and
1566 3060 117 18 Gummed
1691 3060 81 24 Paper,

988 3080 104 18 Indexed
1103 3080 66 22 Files,
1184 3080 46 18 and
1239 3081 74 23 Paper
1322 3081 69 23 Clips,

988 3104 136 22 Inkstands,
1134 3103 47 18 and
1190 3103 97 20 Bottles.

1388 3157 96 17 HLSO

1023 3205 21 23 A
1065 3205 140 26 CHOICE
1220 3205 210 26 SELECTION
1449 3206 47 25 OF
1512 3206 186 26 BIRTHDAY
1719 3207 130 26 CARDS.

992 3351 346 61 NEWS
1403 3352 475 62 AGENCY.

1052 3457 195 56 English
1272 3457 206 56 Foreign,
1507 3459 90 45 and
1621 3459 202 46 Colonial

1143 3523 180 55 Papers,
1345 3523 282 55 .Magazines,
1651 3525 86 47 &e.

992 3598 187 43 SYDNEY
1218 3601 238 42 BULLETIN
1494 3602 31 41 &
1564 3603 318 42 CANTERBURY

1240 3657 148 42 TIMES
1416 3657 61 42 ON
1506 3658 128 42 SALE.

1186 3834 93 72 To
1329 3836 350 72 Tourists.

990 3955 193 58 .flgeney
1206 3958 78 47 for
1303 3959 218 49 .Martin's
1547 3963 167 54 Photos
1736 3963 56 47 of
1802 3965 81 54 t!?e

1337 4017 208 46 District.

1929 331 341 57 Hydropathic
2313 333 162 55 Hotel,
2524 333 234 46 Rotorua.

2186 414 223 34 ESTABLISHED
2431 416 76 32 1881.

1901 473 71 19 Under
1987 473 35 19 the
2031 474 113 24 patronage
2154 473 22 19 of
2185 473 33 19 Sir
2228 473 35 20 W.
2284 474 87 25 Jervois,
2388 475 47 19 Earl
2454 476 38 19 and
2510 475 103 20 Countess
2632 475 22 20 of
2673 475 118 26 Hopetoun,

2072 499 35 19 the
2119 499 55 19 Hoc.
2185 500 89 20 Premier
2283 501 39 19 and
2338 501 103 19 Members
2457 502 22 19 of
2489 502 131 20 Parliament.

1927 603 42 20 The
1980 604 64 20 Hotel
2056 604 16 18 is
2082 604 90 19 situated
2181 610 26 12 on
2218 611 25 12 an
2253 605 93 20 elevated
2357 605 88 26 position
2456 613 25 12 on
2491 607 35 19 the
2536 607 70 19 shores
2622 606 22 20 of
2660 606 56 20 Lake
2731 605 51 20 Boto-

1901 636 44 18 rua,
1955 631 123 19 convenient
2089 635 21 14 to
2120 631 27 18 all
2157 630 35 20 ih«
2202 630 65 25 sights
2277 631 20 19 in
2308 632 35 20 the
2354 632 88 20 district.

1973 682 114 31 Sulphur
2100 682 52 24 and
2165 682 112 25 Mineral
2291 683 84 24 Baths
2389 684 20 19 in
2420 684 36 19 the
2467 685 96 19 Grounds
2574 685 22 19 of
2606 685 36 19 the
2652 684 72 20 Hotel.

2034 788 20 19 A
2071 787 107 20 reduction
2194 787 17 20 is
2228 788 59 20 made
2303 791 21 16 to
2336 788 77 26 weekly
2423 795 23 13 or
2456 789 90 26 monthly
2557 789 106 20 boarders.

1903 838 70 20 Guide
1983 840 68 19 Books
2061 840 40 19 and
2111 840 133 19 information
2256 842 63 22 gratis
2329 843 23 18 at
2362 841 55 20 Cook
2434 841 37 19 and
2490 842 57 19 Sons'
2564 842 52 26 (sole
2633 843 81 25 agents)
2731 842 65 19 offices

2216 866 127 26 throughout
2354 868 35 19 the
2399 868 85 24 Colony.

1904 915 44 46 T.
1971 915 43 48 C.
2037 916 329 54 DR.QD.HJIR.T.
2423 944 18 7 -
2493 944 18 7 -
2557 919 239 56 .Manager.

1938 1149 277 65 NOTICe
2247 1150 104 65 TO
2380 1150 380 65 TOURISTS.

1938 1290 65 26 The
2022 1290 217 32 undersigned
2258 1292 28 25 is
2309 1298 75 20 now
2405 1292 140 32 running
2568 1292 144 33 Buggies
2736 1292 62 26 and

1905 1324 142 26 Coaches
2069 1325 34 25 to
2122 1324 55 26 the
2190 1324 166 33 following
2368 1325 108 33 places
2489 1325 34 26 of
2536 1325 136 26 interest
2691 1325 34 26 in
2745 1325 53 26 the

1904 1357 243 32 neighborhood
2164 1360 33 23 at
2214 1359 130 31 greatly
2368 1358 137 26 reduced
2529 1360 95 25 rates.
2673 1358 125 33 Special

1905 1390 184 26 reductions
2098 1390 49 26 for
2160 1391 88 32 large
2257 1392 129 32 parties.

1904 1431 331 23 WHAKAREWAREWA;
2272 1432 173 22 WAIRAKEI,
2467 1432 102 19 TAUPO
2584 1433 21 18 &
2623 1433 61 19 THE

2046 1454 145 19 TIKITERE
2204 1455 20 18 &
2238 1455 105 19 OKERE
2357 1454 110 24 FALLS;
2481 1455 175 20 WAIOTAPTJ.

1929 1486 129 19 N.B.—The
2067 1486 102 19 Tikitere
2178 1487 53 23 Trip
2241 1492 43 14 can
2293 1492 54 14 now
2355 1487 30 19 be
2393 1487 116 19 extended
2518 1488 25 18 to
2552 1488 40 18 the
2601 1488 60 18 head
2670 1488 27 18 of
2703 1487 94 23 Rotoiti,

1905 1510 85 18 thence
2005 1510 25 18 to
2045 1510 114 22 Rotoehu,
2176 1510 101 24 opening
2290 1517 32 17 up
2340 1516 65 13 some
2423 1510 26 19 of
2462 1511 40 18 the
2523 1511 116 19 Grandest
2653 1511 103 23 Scenery
2775 1511 23 18 in

1905 1532 59 19 New
1972 1533 107 19 Zealand.

1919 1581 94 27 Special
2025 1583 170 25 Conveyances
2206 1581 45 20 and
2263 1582 87 20 Saddle
2362 1582 84 20 Horses
2457 1585 22 16 to
2490 1582 27 20 all
2529 1586 61 23 parts
2607 1584 22 18 of
2642 1583 40 19 the
2699 1582 86 20 district

2231 1612 23 16 at
2266 1610 117 22 Moderate
2395 1609 77 24 FJates.

1952 1656 48 19 Bus
2006 1657 78 18 leaves
2091 1656 65 19 Lake
2162 1657 86 22 House,
2256 1658 85 23 calling
2348 1659 26 17 at
2380 1658 31 18 all
2418 1658 82 17 Hotels
2506 1658 46 18 and
2559 1658 117 23 Boarding
2682 1658 94 18 Houses

1929 1680 35 18 for
1973 1680 226 23 Whakarewarewa,
2210 1680 69 19 twice
2288 1682 118 21 forenoon,
2416 1680 68 19 twice
2493 1681 130 20 afternoon.

2211 1714 46 47 J.
2303 1715 325 56 FALLOONA,

2435 1788 302 57 Proprietor.

2059 1865 135 27 STABLES
2218 1865 80 27 NEAR
2323 1866 78 26 LAKE
2422 1865 97 27 HOUSE
2543 1865 104 27 HOTEL.

2651 2120 103 42 AS/0

2201 2230 167 82 w%

2718 2354 36 23 m

2094 2643 46 22 OLD
2148 2643 71 22 SPECIAL

2119 2686 27 24 m

2071 2731 5 9 7
2077 2731 23 26 0

1950 2758 92 48 wm

2086 2759 26 24 ©

2102 2784 60 29 &&

2114 2820 4 13 .
2133 2820 18 11 ■■■..

2054 2841 163 41 D.C.L-.BRAWDJ

2054 2880 163 13 IPISTILLERSO'Vi'"'''•

2401 2686 71 41 OLD
2494 2701 71 24 and
2589 2693 162 31 MELLOW

2271 2742 58 31 the

2246 2774 210 35 SCOTLAND
2489 2776 229 38 PRODUCES

2263 2906 191 46 Proprietors-

2220 2964 52 56 ■*
2291 2955 285 65 DISTILLERS
2610 2955 51 63 0
2691 2955 51 68 I?

2229 3044 41 18 -a
2321 3029 171 38 £MM#G/f,
2512 3034 143 29 JCW/M/?.

1912 3157 61 53 L.
2045 3158 68 52 D.
2184 3158 327 53 NATHAN
2575 3157 50 45 ft.
2690 3157 60 45 H<

1949 3253 432 53 WAVERLEY
2467 3252 280 64 HOTEL,

2007 3317 167 37 QUKEN
2200 3317 205 36 STHEKT,
2424 3316 273 33 AUCKLAND,

2135 3357 107 19 UNDER
2254 3358 76 19 NEW
2343 3357 225 19 MANAGEMENT.

2124 3389 456 61 JOSEROteRJIE,

2033 3468 61 19 fLate
2104 3468 22 18 of
2135 3468 34 19 the
2179 3467 57 20 Lake
2246 3469 71 19 House
2332 3469 41 19 and
2387 3467 74 20 Palace
2470 3467 79 22 Hotels,
2561 3467 98 22 Rotorua,
2663 3467 3 22 -
2666 3467 4 22 )

2154 3498 49 19 Has
2208 3499 52 23 just
2269 3499 73 19 taken
2353 3504 56 13 over
2417 3498 48 19 this
2474 3498 76 19 Hotel.

1906 3523 129 19 TraveUers
2044 3522 47 19 will
2100 3522 48 18 find
2157 3528 70 17 every
2235 3523 98 18 Modern
2343 3522 160 19 Convenience
2512 3521 122 18 combined
2639 3521 58 17 with
2703 3521 95 23 Civility

2211 3546 47 18 and
2263 3546 98 23 Prompt
2368 3545 123 19 attention.

1931 3591 45 19 The
1987 3590 99 20 situation
2096 3590 21 19 of
2132 3590 35 19 the
2182 3590 125 20 Waverley
2325 3590 84 20 renders
2428 3590 16 19 it
2463 3589 95 26 specially
2577 3589 120 19 convenient
2715 3589 32 18 for
2762 3589 35 19 the

1906 3616 119 26 Travelling
2035 3616 73 20 Public
2119 3616 40 19 and
2177 3616 88 20 Visitors
2281 3620 20 16 to
2318 3617 36 19 the
2371 3616 45 25 City
2432 3616 52 19 from
2499 3615 34 19 the
2550 3615 90 24 Country
2657 3614 27 25 by
2704 3615 55 18 train
2775 3622 22 12 or

1907 3646 92 16 steamer.

1908 3668 103 31 Special
2020 3668 208 29 Arrangements
2237 3669 77 23 made
2323 3669 41 23 for
2375 3668 45 23 the
2435 3667 176 24 convenience
2625 3666 28 23 of
2665 3665 131 25 Families.

2100 3707 200 16 NIGHT
2346 3705 262 18 PORTER.

1909 3749 176 26 First-class
2101 3748 116 26 Billiard
2234 3749 120 26 Rooms.
2390 3748 100 25 Wines
2503 3747 60 25 and
2579 3745 110 33 Spirits
2702 3745 34 25 of
2741 3745 55 26 the

1987 3783 69 25 best
2072 3782 125 25 Brands.
2242 3781 171 27 Hancock's
2435 3780 82 26 Prize
2530 3779 104 25 XXXX
2649 3778 70 26 Ales

2180 3814 113 33 always
2312 3820 38 20 on
2377 3813 140 32 draught.

1907 3890 69 43 JVP
2011 3888 79 43 W.
2131 3889 45 43 J.
2207 3888 46 44 N
2254 3889 86 21 APIER>
2369 3881 209 45 Rotorua
2604 3878 193 56 Library

1907 3952 171 19 BARRISTER
2091 3951 65 19 AND
2174 3951 166 19 SOLICITOR.
2375 3970 26 7 _
2413 3970 34 7 „,,
2472 3955 16 3 ~
2543 3954 6 23 ;
2638 3954 30 3 —
2668 3953 23 4 ~

2479 3970 52 19 from
2543 3971 23 16 10
2578 3975 47 13 a.m.
2635 3975 21 12 to
2667 3975 11 11 o
2688 3974 48 18 p.m.
2757 3969 40 18 and

1908 3992 145 18 Commissioner
2068 3992 21 17 of
2101 3991 33 17 the
2148 3991 89 23 Supreme
2251 3992 59 18 Court
2322 3992 20 18 of
2366 3987 43 31 \J
2426 3997 44 18 6.30
2481 3998 21 17 to
2511 3997 23 17 10
2542 3994 147 26 p.m.Sundays
2695 3993 66 25 till9p
2769 4001 28 12 hi.

2102 4015 23 17 FI
2126 4015 7 22 J
2134 4021 13 11 I-
2383 4025 176 23 Subscription:
2571 4024 43 19 20s
2623 4024 44 18 Per
2674 4023 103 20 Annum.

1908 4047 88 17 Solicitor
2004 4048 20 17 to
2032 4046 33 18 the
2077 4046 48 18 N.Z.
2281 4046 61 18 under
2391 4055 20 19 V
2412 4055 6 18 j
2420 4055 59 19 ßitora
2495 4060 47 17 may
2559 4059 85 18 procure
2658 4051 70 20 Books
2745 4052 53 20 from

1973 4071 40 16 The
2021 4070 99 17 Advances
2127 4070 21 16 to
2154 4069 78 17 Settlers
2410 4081 87 21 Library
2507 4086 11 12 Q
2523 4066 16 15 V
2653 4084 12 13 &
2778 4079 20 18 q{

1907 4101 99 18 Victoria
2014 4102 90 19 Ahcade,
2115 4100 111 21 Queen-3T,
2235 4100 106 18 Auckland.
2365 4110 36 16 not
2409 4107 42 18 leBS
2460 4109 7 15 t
2468 4106 13 18 ii
2483 4112 26 12 an
2529 4107 28 21 Sg)
2576 4111 25 13 an
2604 4105 12 19 &
2633 4104 125 25 purchasing
2778 4106 20 17 Is

1929 4140 72 23 Money
2009 4142 21 16 to
2036 4140 55 18 Lend
2099 4145 23 12 on
2133 4140 85 17 freehold
2232 4140 82 18 security
2322 4141 21 16 at
2365 4138 79 18 coupon
2453 4131 33 19 for
2495 4137 60 19 every
2567 4130 54 19 Four
2630 4130 72 19 books,

1906 4164 37 16 low
1959 4165 50 16 rates
2027 4164 20 16 of
2059 4164 84 16 interest.
2173 4163 71 22 Money
2256 4163 85 18 invested
2390 4158 44 19 The
2451 4157 87 24 Library
2561 4163 17 12 is
2597 4163 52 18 open
2671 4157 76 24 during
2764 4157 34 18 the

1906 4187 30 17 for
1945 4186 66 19 clients
2020 4187 39 17 free
2067 4186 21 17 of
2096 4185 75 23 charge.
2365 4184 93 24 evening.

2814 202 229 41 HINEMOA
3074 202 141 50 STORE

2813 270 167 19 XirriLLIAM
3001 271 108 20 ROGERS
3125 273 66 21 directs
3204 286 13 13 at
3219 294 5 3 .

2831 301 8 11 »
2848 300 11 13 T
2891 297 78 18 tention
2980 300 21 15 to
3008 297 35 20 the
3052 297 103 27 following
3162 297 52 27 line*.
3220 297 4 27 t

2836 327 176 42 mmm
3061 329 151 47 goobe,

2813 375 102 25 Bycroft's
2925 376 111 19 Snowdrift
3047 377 50 19 N.Z.
3106 377 60 21 Flour

2814 401 103 23 Sultanas,
2928 402 101 19 Muscatel
3037 403 39 19 and
3085 403 94 22 Valencia
3190 408 36 23 Eaj,

2867 428 47 19 sins,
2926 428 41 19 and
2975 428 99 20 Currants

2815 453 49 24 Figs
2872 454 40 18 and
2923 454 111 19 Preserved
3045 455 82 25 Ginger,
3138 457 62 25 Spices

2814 479 76 19 Leruon
2900 480 40 18 and
2951 480 82 25 Orange
3044 481 49 20 Peel

2870 506 70 18 White
2951 507 113 23 Sugar—A
3079 508 110 25 Speciality.

2817 531 50 19 New
2877 532 91 18 Zealand
2975 532 64 25 Dairy
3047 534 139 21 Association's
3191 538 36 23 But.

2920 560 37 17 ter.

2841 583 61 19 TEA.
2961 584 113 19 COFFEE.
3129 587 82 23 COCOA.

2878 710 160 43 HINEMOA
3067 714 119 42 STORE,

2820 789 53 44 B.
2914 790 44 43 S.
3006 791 34 44 C
3061 793 77 17 OB,
3141 803 5 7 '
3162 794 64 23 EII
3227 789 2 46 <

2926 846 220 24 ARCHITECT,

2898 881 99 25 Building
3011 884 109 24 Surveyor,
3137 885 35 18 <fec.

2822 956 69 22 Agent
2911 955 33 19 for
2962 955 35 19 the
3021 956 97 20 National
3143 957 43 21 Fire
3205 964 26 19 and

2912 981 81 19 Marine
3000 982 114 20 Insurance
3125 984 35 19 Co.

2848 1038 23 21 T
2887 1038 17 20 0
2920 1039 20 20 K
2956 1040 18 19 O
2989 1040 11 19 I
3017 1042 17 18 A
3106 1042 127 20 ITlliif

2820 1122 246 35 BOARDING
3084 1126 149 39 HOUSIG,

2821 1183 111 27 Opposite
2947 1185 40 19 the
3003 1186 54 18 Post
3068 1186 46 19 and
3125 1188 108 29 Telegraph

2998 1211 80 20 Office.

2821 1242 45 18 And
2887 1248 49 13 npar
2956 1242 34 20 the
3010 1244 120 19 Celebrated
3156 1245 77 25 PIJIEST

2860 1268 117 20 RACHEL
2994 1270 39 19 and
3047 1270 57 20 other
3115 1272 86 20 BATHS

2965 1295 144 22 ROTORUA.

2821 1345 111 33 TERMS:
2941 1347 43 19 25s
2992 1353 41 18 per
3039 1350 72 22 week,
3121 1350 28 18 5s
3156 1355 38 18 per
3200 1353 31 25 day

2854 1378 115 40 MRS
3014 1380 199 49 YOUNG,

2954 1428 173 22 PROPRIETRESS.

2823 1495 153 48 Rotor
2981 1511 61 33 ua
3061 1499 175 61 Bakery

2824 1627 127 54 T.S.

2836 1697 104 34 BAKER
2951 1700 26 31 &
2988 1700 241 36 CONFECTIONER.

2874 1777 86 24 Bread
2972 1779 134 25 delivered
3122 1781 76 30 daily.

2874 1846 167 26 GROCERIES,

3019 1884 144 23 DRAPERY,

3014 1922 45 14 AND

2820 1948 124 19 GENERAL
2951 1950 207 19 STOREKEEPER'S
3165 1952 72 20 GOODS.

2840 2002 41 44 <J.
2912 2002 48 47 R.
2994 2003 230 52 LU^DOJJ,

2954 2072 166 24 SOLICITOR,

2843 2108 28 20 2G,
2883 2108 217 23 SIIORTLAND-STREET,
3110 2112 112 17 AUCKLAND.

2817 2154 155 19 N.B.—Attends
2982 2158 80 21 country
3071 2157 68 17 Courts
3148 2157 25 23 by
3184 2159 54 22 special

2817 2180 139 20 arrangement.

2874 2234 315 50 .AUCKLAND

2829 2312 177 43 COFFEE
3045 2315 184 42 PALACE.

2869 2384 146 32 QUEEN
3034 2387 164 34 STREET,

2815 2442 65 26 Also
2903 2446 108 31 opposite
3033 2446 109 24 Herald
3168 2448 70 30 Offiu.

2845 2555 52 47 E.
2946 2557 268 57 WATERS,

2915 2637 241 26 PROPRIETOR.

2866 2703 29 26 J.
2916 2704 50 26 W.
2989 2705 209 30 WRIGLEY,

2839 2770 382 25 ARCHITECT,

2944 2804 183 18 ROTORUK.

2843 2867 69 25 Agent
2921 2869 33 18 for
2969 2869 36 19 the
3022 2869 64 19 South
3107 2869 79 20 British
3204 2870 27 19 Fir

2817 2893 40 19 and
2868 2893 80 20 Marine
2958 2895 111 19 Insurance
3080 2895 110 26 Company.

2819 2954 119 32 UNITED
2960 2955 187 33 INSURANCE
3167 2956 62 33 COY.

2880 3061 152 30 CAPITAL,
3047 3063 144 29 £500,000.

2823 3130 88 45 FIRE
2919 3131 54 19 ribics
2981 3133 21 18 of
3009 3133 27 18 all
3045 3133 73 19 classes
3125 3133 114 19 undertaken

2888 3159 21 16 at
2919 3157 70 20 lowest
3000 3163 80 15 current
3090 3163 61 15 rates.

2819 3190 75 20 Claims
2903 3192 73 19 settled
2986 3194 102 24 promptly
3098 3194 40 19 and
3151 3194 88 25 liberally.

2830 3239 48 18 Now
2887 3241 83 17 Zealand
2981 3243 55 17 Head
3045 3243 64 20 Office,
3118 3243 115 24 Wellington.

2854 3268 90 18 Resident
2954 3269 47 21 Sec,
3010 3269 68 18 James
3087 3270 17 18 S.
3118 3270 97 19 Jameson.

2945 3304 100 17 Auckland
3054 3304 74 23 Agent:

2881 3330 23 17 A.
2918 3330 109 22 Heather,
3038 3332 76 17 Custom
3122 3332 68 18 Street.

2953 3368 85 18 Rotorua
3047 3368 73 24 Agent:

2866 3401 21 16 F.
2901 3401 22 17 F.
3015 3403 117 17 Chronicle
3143 3403 62 17 Office

2819 3445 29 19 W.
2855 3446 22 17 L.
2884 3446 60 18 Foks-
2951 3451 32 16 er,
2993 3451 45 17 c.e.,
3064 3448 24 17 n.
3100 3448 29 17 AV.
3139 3448 101 17 Mitchell.

2903 3483 39 10 LATE
3074 3484 98 11 AUTHORISED
3180 3485 38 10 LANP

2819 3498 80 12 ENGINEER
2906 3500 70 10 UIDLAND
2982 3500 76 12 RAILWAY.
3078 3502 10 9 &
3097 3501 56 11 UINING
3168 3499 73 13 SURVEYOR

2819 3516 87 16 HaUKAKI
2915 3517 109 16 FIXIStULA.
3062 3517 83 16 RoTOHtTA
3154 3518 13 15 &
3177 3520 7 13 1
3188 3523 52 11 AKIWi.

2821 3585 160 42 FORSTER
3008 3587 25 40 k
3066 3587 174 41 MITCHELL

2847 3644 112 27 MINING
2975 3645 171 27 ENGINEERS
3166 3647 57 25 AND

2947 3680 187 29 SURVEYORS,

2819 3721 120 19 VALUERS
2952 3723 34 17 OF
2993 3724 100 17 MINING
3104 3724 54 17 AND
3168 3721 73 21 OTHEB

2953 3747 165 21 PROPERTIES,

2888 3783 108 21 Hatjraki,
3014 3784 51 17 New
3079 3784 104 17 Zealand.

2842 3846 95 18 Members
2946 3846 20 18 of
2974 3846 33 18 the
3015 3847 47 17 N.Z.
3073 3847 90 17 Institute
3175 3847 20 18 of
3208 3846 34 18 Sur-

2888 3947 120 18 Normanby
3020 3949 64 19 Road,
3095 3949 89 17 Paeroa.

2892 3998 26 19 [E
2937 4005 65 19 paper
3021 3999 41 18 and
3078 3998 113 26 Envelopes
3208 3995 35 22 with

2900 4024 82 25 printed
2996 4025 90 25 heading
3097 4027 21 16 at
3128 4025 64 25 cheap
3200 4029 43 14 rate:

2821 4053 21 16 at
2852 4050 107 19 Chronicle
2974 4051 62 18 office.
