2540 4050
68 2239 54 23 .The
145 2239 60 20 three
225 2238 57 27 ships
300 2238 24 20 in
343 2238 82 26 Cloudy
443 2239 46 25 Bay
506 2237 43 21 had
571 2237 72 21 ceased

50 2267 102 26 lowering
157 2266 57 20 their
223 2266 61 20 boats
289 2266 24 19 in
324 2272 145 20 consequence
477 2265 23 20 of
507 2266 38 20 the
554 2265 89 26 scarcity

48 2295 28 19 of
89 2296 91 18 cetacea.
208 2294 45 20 The
260 2294 104 20 schooner
373 2295 52 19 New
432 2293 123 25 Zealander,
564 2293 79 26 Guard,

49 2329 44 12 was
102 2322 65 19 about
177 2324 22 17 to
211 2324 52 17 start
272 2322 35 19 for
316 2321 89 20 Nelson.
407 2332 27 4 —
434 2321 55 20 Ibid.

139 2383 291 17 METEOROLOGICAL
443 2383 108 17 TABLE.

1297 2271 4 6 •
1321 2258 44 23 We
1376 2265 39 16 are
1425 2258 84 31 happy,
1514 2261 24 20 to
1549 2258 29 23 be
1590 2257 51 24 able
1653 2261 23 20 to
1689 2261 67 25 state,
1768 2265 62 23 upon
1843 2256 37 25 the

1287 2291 116 31 authority
1413 2291 25 24 of
1449 2291 98 31 Captain
1565 2290 104 24 Jackson
1690 2291 25 23 of
1732 2291 38 23 the
1789 2289 90 25 Nelson
1879 2307 2 4 -

1288 2324 94 30 Packet,
1399 2324 50 24 that
1467 2324 39 24 the
1523 2324 121 31 Industry,
1665 2324 136 24 announced
1820 2332 60 16 some

1288 2359 55 23 time
1354 2359 62 23 since
1435 2366 26 16 as
1480 2366 29 16 on
1529 2358 67 24 shore
1614 2366 56 15 near
1683 2357 38 24 the
1741 2357 138 29 Manawatu,

1288 2391 42 24 has
1346 2392 57 23 been
1415 2396 41 27 got
1467 2392 35 23 off
1511 2392 95 23 without
1617 2391 71 24 much
1698 2391 96 31 damage
1807 2395 24 20 to
1842 2391 38 24 her

1289 2425 57 30 hull,
1359 2425 44 24 and
1415 2426 21 23 is
1453 2433 52 16 now
1524 2425 103 31 refitting
1645 2425 25 23 in
1690 2425 38 23 the
1749 2425 131 23 Manawatu

1288 2460 69 22 river.
1393 2458 99 32 Captain
1503 2458 103 24 Jackson
1624 2458 124 31 expressed
1760 2466 13 15 a
1789 2459 91 23 favour-

1289 2492 51 24 able
1357 2493 93 31 opinion
1469 2493 24 23 of
1509 2493 38 23 the
1567 2492 134 23 Manawatu
1719 2493 68 28 river,
1806 2491 45 24 and
1868 2500 12 15 a

1288 2526 141 31 willingness
1447 2530 23 19 to
1490 2526 108 23 continue
1617 2530 24 19 to
1662 2525 63 24 trade
1743 2525 73 30 there,
1833 2526 20 23 if
1868 2533 12 16 a

1289 2559 87 31 trifling
1386 2561 102 29 expehce
1498 2566 60 17 were
1570 2558 106 25 incurred
1688 2559 24 23 in
1723 2559 81 31 laying
1815 2559 65 23 down

1288 2601 16 15 a
1321 2593 67 31 buoy,
1401 2593 46 23 and
1468 2593 103 30 erecting
1590 2600 14 15 a
1623 2592 80 31 couple
1724 2592 25 24 of
1764 2592 65 31 poles
1846 2592 34 24 for

1288 2625 55 24 land
1355 2625 86 25 marks.
1477 2626 46 23 We
1535 2634 38 15 are
1583 2625 54 31 glad
1648 2629 23 19 to
1683 2626 29 23 be
1724 2625 50 24 able
1787 2629 23 20 to
1822 2630 58 19 state

1291 2660 49 24 that
1351 2667 29 17 an
1390 2660 139 31 application
1538 2667 31 16 on
1578 2659 39 24 the
1627 2658 91 33 subject
1728 2658 43 24 has
1779 2658 101 24 received

1289 2701 16 16 a
1314 2693 132 24 favourable
1453 2700 101 22 .answer,
1568 2692 45 24 and
1624 2693 50 24 that
1688 2692 51 24 Col.
1752 2691 128 25 Wakefield

1289 2727 42 23 has
1342 2726 116 33 promised
1477 2731 23 19 to
1519 2727 52 30 give
1590 2726 38 24 the
1640 2733 123 24 necessary
1781 2726 99 24 instruc-

1291 2761 61 22 tions
1369 2760 163 31 immediately,
1547 2768 26 15 so
1591 2759 52 24 that
1660 2759 170 24 henceforward
1848 2766 32 17 we

1289 2793 61 32 hope
1368 2794 66 24 there
1451 2793 47 25 will
1516 2794 28 23 be
1561 2801 30 15 no
1609 2801 82 16 rea-.on
1710 2797 25 19 to
1755 2797 61 19 utter
1837 2801 43 23 any

1291 2827 123 32 complaint
1430 2835 35 19 on,
1472 2827 40 24 the
1523 2831 60 20 want
1601 2827 25 23 of
1643 2826 99 25 suitable
1761 2827 81 31 guides
1858 2832 22 18 to

1291 2861 38 23 the
1342 2862 142 22 Manawatu.
1504 2876 3 4 •

1324 2919 25 24 A
1358 2923 85 27 report,
1455 2919 31 31 by
1497 2918 39 25 the
1554 2917 127 32 Pickwick,
1694 2926 132 16 announces
1845 2919 38 23 the

1289 2951 110 26 Minerva
1407 2956 23 20 to
1441 2952 29 24 be
1482 2960 15 16 a
1507 2952 57 24 total
1575 2952 77 24 wreck
1660 2957 24 19 at
1696 2952 114 24 Hawke's
1818 2952 49 32 Bay
1874 2961 7 21 ;

1291 2986 51 24 that
1358 2986 38 25 the
1408 2985 75 30 Ariel,
1497 2985 155 30 Mulhollarid,
1664 2985 43 25 has
1725 2986 61 24 been

1290 3020 72 29 there,
1380 3020 43 24 but
1434 3020 21 23 is
1468 3027 51 16 now
1537 3020 34 23 off
1587 3020 47 24 and
1651 3020 26 24 in
1694 3028 14 16 a
1718 3017 166 34 rivefjhaving

1291 3054 53 23 nine
1355 3054 46 23 feet
1413 3053 26 24 of
1448 3058 71 19 water
1530 3062 30 15 on
1571 3053 40 24 the
1621 3053 43 24 bar
1672 3063 7 6 •
1761 3053 39 24 the
1815 3052 68 25 Har-

1290 3086 76 32 lequin
1380 3086 47 25 and
1440 3086 128 30 Catherine,
1578 3086 58 24 both
1646 3086 127 31 belonging
1784 3091 25 23 to.
1816 3086 65 32 Capt.

1291 3120 115 32 Mayhew,
1430 3121 26 23 of
1476 3120 40 24 the
1534 3120 51 32 Bay
1604 3120 26 24 of
1646 3120 103 30 Islands,
1772 3128 39 16 are
1835 3119 48 25 also

1291 3154 80 23 ashore
1392 3157 24 20 at
1439 3152 113 26 Hawke's
1575 3153 61 31 Bay.
1673 3154 52 24 The
1747 3157 79 28 report
1844 3161 39 16 re-

1291 3187 106 31 specting
1406 3187 40 23 the
1456 3186 110 24 Minerva
1577 3187 45 24 and
1628 3186 72 25 Ariel
1709 3194 35 17 we
1754 3187 50 24 fear
1814 3188 21 23 is
1846 3191 37 20 too

1291 3220 52 24 well
1359 3220 101 24 founded
1461 3233 32 4 —
1494 3221 43 23 but
1547 3228 34 16 we
1599 3220 59 24 have
1671 3228 103 16 reasons,
1784 3225 24 19 to
1826 3220 58 33 hope

1291 3254 66 29 that,,
1360 3262 25 15 so
1396 3253 37 24 far
1443 3262 26 15 as
1481 3254 19 24 it
1510 3253 84 24 relates
1604 3258 25 19 to
1641 3253 40 25 the
1691 3253 133 33 Harlequin
1841 3255 43 24 and

1294 3287 127 29 Catherine,
1434 3288 20 23 it
1469 3295 55 22 may
1535 3291 42 20 not
1587 3295 71 22 prove
1670 3292 61 20 true.

146 3538 126 21 AGENTS
285 3538 59 21 FOR
359 3538 72 21 THIS
444 3538 111 23 PAPER.

74 3565 39 18 Mr.
126 3565 128 18 BURCHAM
348 3564 77 18 Petoni.

73 3587 40 17 Mr.
125 3587 20 18 F.
157 3586 24 18 G.
193 3585 89 20 MOORE
347 3585 73 18 Nelson
428 3585 77 19 Haven.
533 3598 2 7 <

73 3608 40 17 Mr.
125 3609 18 16 J.
152 3608 22 18 B.
183 3607 93 18 BAINBS
352 3606 47 22 Nott
406 3606 111 23 Plymouth,
522 3607 106 20 TaranaW.

75 3629 39 19 Mr.
126 3629 27 19 H.
164 3628 123 19 CHURTON
353 3628 117 22 Wan&anui.

76 3651 37 18 Mr.
126 3650 31 18 W.
169 3650 100 19 WILSON
350 3649 44 22 Bay
399 3649 22 18 of
429 3648 86 19 Islands.

225 3683 127 15 LATEST
367 3682 110 16 DATES.

64 3717 102 21 London.,
238 3717 46 22 May
315 3718 17 17 1.
341 3717 2 21 j

64 3739 103 19 Auckland
233 3737 47 22 July
308 3739 28 17 90.

64 3761 78 22 Sydney
233 3760 50 22 Aug.
306 3760 29 17 30.

64 3783 42 18 Van
131 3781 102 18 Dieman's

84 3803 56 18 Lxnd
233 3801 47 21 May
306 3801 29 19 97.

360 3717 74 17 Nelson
549 3718 52 21 Aug.
611 3718 29 19 37.

364 3737 46 19 New
415 3737 126 22 Plymouth..
556 3738 49 22 July
611 3740 29 17 26;

364 3758 42 22 Bay
411 3758 23 19 of
440 3758 98 19 Islands.'.
544 3758 46 19 Feb.
594 3770 3 5 .
623 3761 18 18 i'.
648 3758 2 9 x

364 3780 45 18 Port
416 3779 73 22 Phillip
503 3780 89 23 ....May
623 3782 17 17 3.

364 3800 92 20 Adelaide
542 3801 53 18 Mar.
611 3803 30 17 98.

1935 1440 134 25 Whaling
2091 1449 29 16 in
2144 1448 167 17 connection
2335 1449 68 16 with
2426 1442 64 24 New

1904 1473 137 25 Zealand.
2043 1487 35 4 —
2079 1474 52 24 Our
2142 1475 92 23 readers
2246 1474 49 24 will
2305 1474 49 24 find
2364 1475 25 23 in
2399 1475 94 25 another

1902 1511 52 27 part
1973 1508 26 23 of
2020 1508 47 23 this
2085 1507 63 31 day's
2172 1507 102 29 Gazette,
2295 1516 14 15 a
2326 1508 67 24 letter
2414 1509 79 30 signed

2149 1548 29 16 on
2205 1540 45 24 this
2272 1540 79 24 rather
2372 1542 122 31 important

1904 1574 97 31 subject.
2038 1574 50 24 The
2100 1574 193 24 communication
2311 1574 19 23 is
2343 1574 121 25 humorous
2476 1578 18 22 it

1904 1613 63 18 must
1978 1607 29 24 be
2026 1607 118 29 admitted,
2156 1607 42 24 but
2217 1615 32 15 we
2265 1607 48 24 had
2333 1609 75 23 much,
2418 1609 75 24 rather

1905 1640 49 24 that
1966 1648 42 16 our
2029 1641 118 31 respected
2166 1641 179 31 correspondent
2365 1641 45 24 had
2428 1642 65 24 made

1904 1673 99 30 himself,
2015 1674 24 23 in
2059 1682 64 16 some
2138 1674 83 31 degree
2241 1679 24 19 at
2283 1674 66 30 least,
2361 1677 132 29 acquainted

1904 1707 56 24 with
1972 1707 38 24 the
2022 1708 90 31 subject
2122 1717 6 20 ;
2149 1708 66 23 when
2227 1715 33 16 we
2271 1707 45 24 feel
2318 1713 3 7 1
2333 1709 122 24 convinced
2466 1710 28 24 he

1905 1740 75 24 would
1992 1741 89 24 neither
2169 1742 58 22 been
2245 1741 100 24 inclined
2366 1747 22 19 to
2409 1747 57 19 treat
2478 1745 17 22 it

1904 1774 92 31 lightly,
2008 1782 43 16 nor
2063 1780 22 18 to
2105 1775 68 31 fancy
2185 1774 50 24 that
2254 1774 40 24 the
2305 1775 88 24 British
2406 1776 89 24 Parlia-

1905 1813 65 18 ment
1980 1807 47 24 will
2039 1808 127 31 ultimately
2177 1811 41 20 not
2229 1807 54 25 take
2302 1816 30 24 up
2344 1809 36 23 the
2399 1810 96 31 subject,

1905 1849 43 23 aye
1960 1841 45 24 and
2017 1841 106 32 legislate
2133 1849 63 23 upon
2208 1842 24 29 it,
2245 1841 47 24 and
2309 1842 49 24 that
2369 1847 23 19 at
2402 1851 29 16 no
2444 1851 53 24 very

1906 1874 87 24 distant
2011 1875 87 31 period.
2136 1875 50 23 .We
2206 1875 59 23 have
2283 1875 49 23 had-
2349 1878 103 22 occasion
2474 1882 21 19 to

1906 1909 58 22 view
1975 1908 38 23 the
2025 1908 87 32 bounty
2125 1914 87 26 system
2229 1910 24 22 in
2273 1917 14 15 a
2299 1910 85 31 variety
2396 1910 24 23 of
2436 1918 59 23 ways

1908 1941 43 24 and
1964 1942 79 23 under'
2049 1942 105 24 different
2172 1946 98 27 aspects,
2284 1943 46 23 and
2349 1951 40 15 our
2408 1945 87 30 experi-

1908 1983 55 16 ence
1980 1983 56 23 goes
2058 1980 22 19 to
2100 1976 109 23 convince
2220 1983 35 21 us,
2273 1981 24 18 at
2307 1976 66 30 least,
2391 1976 50 25 that
2459 1977 37 24 the

1907 2013 57 19 acts-
1975 2009 25 23 of
2022 2008 40 24 the
2236 2017 61 16 were
2314 2010 25 23 in
2356 2016 61 18 most
2435 2018 62 17 cases

1908 2041 54 23 wise
1975 2041 45 23 and
2033 2040 67 32 good,
2112 2041 43 22 but
2172 2041 40 22 the
2228 2047 54 16 men
2450 2049 46 16 em-

1907 2074 90 31 ployed,
2010 2074 45 23 and
2073 2074 50 23 that
2140 2073 105 30 through,
2259 2081 14 15 a
2293 2081 80 16 course
2384 2074 26 23 of
2423 2082 72 23 years,

1908 2107 58 23 have
1977 2108 24 22 in
2013 2112 61 19 most
2085 2115 64 15 cases
2161 2106 126 24 succeeded
2298 2107 23 22 in
2333 2108 116 32 reversing
2460 2108 36 24 the

1909 2140 78 24 effects
1999 2140 26 24 of
2039 2140 39 24 the
2098 2140 98 31 original
2215 2140 47 24 Act
2281 2140 25 24 of
2321 2140 139 25 Parliament
2472 2150 23 16 so

1909 2174 144 30 completely,
2066 2174 49 23 that
2126 2174 39 23 the
2178 2178 57 19 term
2250 2173 45 24 bad
2305 2174 92 24 became
2409 2175 86 32 strictly

1910 2208 135 31 applicable.
2071 2207 76 23 There
2159 2212 84 18 cannot
2253 2207 105 24 however
2366 2208 27 23 be
2406 2216 13 16 a
2429 2208 68 24 boubt

1909 2241 49 24 that
1970 2241 66 24 those
2046 2241 110 31 unhappy
2166 2240 86 24 results
2271 2241 74 24 would
2358 2241 26 24 be
2396 2241 100 25 obviated

1909 2274 31 31 by
1952 2282 30 16 an
1999 2275 93 30 activity
2104 2275 24 23 in
2147 2274 123 31 enquiring
2287 2275 48 23 into
2354 2275 88 30 abuses,
2455 2275 41 24 and

1910 2316 28 15 an
1951 2307 83 24 almost
2046 2312 105 19 constant
2161 2308 95 31 anxiety
2267 2315 30 16 on
2309 2308 38 23 the
2359 2314 50 26 part
2421 2308 25 24 of
2460 2309 37 24 the

1912 2341 160 24 Government
2088 2346 24 18 to
2126 2341 89 31 modify
2226 2349 26 15 or
2264 2342 46 22 suit
2332 2341 37 24 the
2380 2347 82 19 statute
2474 2347 21 19 to

1911 2375 36 24 the
1961 2375 105 31 changed
2083 2375 178 24 circumstances
2279 2375 83 30 which,
2374 2375 60 24 often
2449 2376 23 23 in
2483 2385 12 14 a

1910 2416 54 25 very
1975 2409 45 24 few
2037 2416 66 24 years
2114 2409 26 23 in
2151 2416 14 16 a
2184 2413 97 26 country
2292 2407 48 25 like
2352 2409 71 23 Great
2434 2409 61 24 Brit-

1910 2442 46 30 ain,
1974 2442 84 24 render
2076 2442 133 31 essentially
2226 2450 121 23 necessary
2359 2451 13 14 a
2389 2442 80 24 revisal
2478 2443 20 24 if

1909 2481 40 19 not
1961 2484 12 15 a
1992 2476 99 24 reversal
2110 2477 26 22 of
2152 2475 38 25 the
2209 2475 183 32 Parliamentary
2405 2481 88 19 statute.

1909 2509 44 24 We
1973 2509 58 24 have
2052 2509 131 32 personally
2194 2509 101 24 suffered
2304 2509 59 24 from
2380 2518 15 15 a
2405 2514 59 19 want
2474 2510 23 23 of

1909 2543 95 32 activity
2015 2543 25 24 in
2051 2543 38 24 the
2233 2543 52 23 that
2302 2543 27 23 be
2366 2547 21 19 to
2399 2550 26 17 as
2436 2548 60 27 great

1909 2584 30 16 an
1951 2582 80 19 extent
2042 2576 98 32 perhaps
2153 2584 25 16 as
2196 2584 54 16 man
2271 2584 52 15 ever
2338 2576 103 30 suffered,
2455 2576 41 24 and

1909 2615 38 26 yet
1970 2618 34 16 we
2025 2610 57 24 have
2105 2615 40 18 not
2164 2610 95 24 become
2281 2618 29 16 an
2334 2615 38 18 out
2394 2611 43 23 and
2460 2616 36 17 out

1909 2643 106 29 Radical,
2028 2644 44 23 and
2084 2643 91 24 confess
2192 2651 33 16 we
2236 2642 50 25 still
2300 2643 52 24 love
2364 2644 38 23 the
2412 2643 52 24 land
2475 2644 23 23 of

1910 2684 41 16 our
1963 2677 97 30 nativity
2071 2677 45 23 and
2127 2677 30 22 its
2169 2676 65 24 laws.
2252 2690 3 5 ■

1943 2710 49 24 But
2003 2714 24 19 to
2038 2714 79 20 return
2128 2714 24 19 to
2167 2717 43 16 our
2229 2710 190 32 correspondents
2436 2718 59 16 com-

1909 2743 150 25 munication.
2093 2743 46 24 We
2151 2750 41 17 can
2212 2750 49 16 now
2276 2743 65 23 leave
2352 2743 39 24 the
2402 2743 63 25 ideas
2475 2743 22 24 of

1935 2777 78 24 Senex
2131 2784 30 16 on
2172 2776 40 25 the
2222 2776 73 24 whale
2307 2781 23 19 to
2342 2776 37 25 the
2391 2778 104 23 criticism

1911 2811 26 23 of
1951 2816 60 18 most
2024 2811 26 23 of
2064 2818 41 16 our
2116 2810 101 24 readers.
2245 2810 47 24 We
2299 2809 59 25 have
2368 2811 66 24 made
2445 2819 50 15 con-

1911 2844 113 24 siderable
2044 2844 78 24 efforts
2140 2848 24 19 to
2183 2844 166 23 communicate
2367 2844 39 24 the
2421 2844 74 24 know-

1911 2877 67 32 ledge
1989 2886 35 16 we
2035 2877 122 33 possessed
2168 2885 30 16 on
2219 2877 39 24 the
2271 2877 88 32 subject
2378 2879 24 23 in
2417 2879 77 23 former

1911 2912 110 24 numbers
2034 2912 26 23 of
2073 2912 39 23 the
2126 2911 104 25 Gazette.
2268 2911 52 24 Our
2329 2916 131 20 statements
2469 2918 25 17 on

1911 2945 47 25 this
1978 2945 91 32 subject
2088 2953 39 16 are
2145 2944 32 25 all
2195 2944 39 25 the
2245 2945 74 24 result
2331 2945 25 24 of
2370 2946 124 31 experience

1911 2979 55 24 with
1985 2979 175 32 opportunities,
2176 2978 76 25 which
2256 2985 43 17 nno
2316 2985 53 17 man
2379 2986 53 17 ever
2443 2985 50 25 pre-

1911 3012 89 32 viously
2017 3013 101 31 enjoyed,
2132 3012 46 24 and
2195 3019 34 17 we
2250 3019 40 17 are
2305 3011 94 33 pleased
2416 3017 22 19 to
2450 3011 43 29 add,

1911 3046 55 24 with
1978 3055 14 14 a
2002 3046 53 24 love
2066 3046 31 29 of,
2110 3046 45 24 and
2165 3054 14 15 a
2196 3045 75 25 desire
2283 3050 23 19 to
2318 3046 132 31 investigate
2462 3044 31 25 the

1912 3079 72 30 truth,
1995 3080 27 25 in
2033 3079 74 25 which
2119 3088 33 16 we
2164 3079 46 24 will
2222 3079 63 32 yield
2295 3083 23 20 to
2330 3087 29 17 no
2368 3087 42 16 one
2421 3079 71 30 living,

1911 3112 45 25 We
1973 3113 60 24 have
2053 3113 80 24 within
2152 3113 66 24 these
2238 3113 45 24 few
2300 3112 57 32 days
2377 3112 47 25 had
2444 3112 48 23 facts

1912 3147 75 24 stated
1998 3152 24 18 to
2034 3155 28 16 us
2071 3155 26 16 as
2105 3146 150 32 information
2264 3146 75 24 which
2347 3154 32 16 we
2388 3145 105 25 ourselves

1911 3180 47 24 had
1974 3181 60 23 been
2054 3180 37 24 the
2104 3180 59 31 first
2181 3185 24 18 to
2222 3180 66 32 point
2305 3178 40 25 but
2362 3184 41 19 not
2413 3179 51 31 only
2473 3180 20 22 in

1911 3214 100 30 Britain,
2022 3214 42 24 but
2074 3215 31 23 in.
2112 3214 66 24 New.
2181 3213 104 24 Zealand
2295 3222 7 21 ;
2321 3213 42 24 but
2373 3213 46 24 this
2431 3213 20 23 is
2462 3212 31 24 the
2507 3232 4 2 -

1912 3256 50 23 way
1973 3248 26 24 of
2014 3248 41 24 the
2071 3248 79 29 world,
2164 3247 46 24 and
2229 3255 36 16 we
2283 3254 51 17 care
2352 3251 40 20 not
2408 3246 35 25 for
2461 3246 31 23 the

1911 3281 59 30 how,
1998 3281 66 24 truth
2087 3286 53 27 gets
2163 3279 170 30 disseminated,
2355 3279 106 33 provided
2478 3279 15 23 it
2513 3292 2 5 -

1912 3315 54 24 does
1985 3323 35 16 so.
2064 3315 97 31 Having
2178 3313 157 31 accidentally,
2354 3321 30 16 on
2403 3313 90 33 opening
2514 3332 2 10 ,

1912 3356 42 16 our
1977 3349 190 32 correspondents
2185 3346 190 25 communication
2394 3351 48 20 cast
2459 3352 34 18 our

1912 3390 54 24 eyes
1979 3391 31 15 on
2020 3382 38 24 his
2076 3382 54 24 idea
2148 3381 27 23 of
2188 3380 62 24 what
2259 3379 82 24 baleen
2361 3381 25 23 in
2398 3380 62 24 truth
2468 3380 24 28 is,

1912 3415 46 24 and
1974 3416 74 24 found
2064 3415 49 24 him
2131 3414 71 24 make
2220 3413 41 24 the
2278 3413 124 25 admission
2409 3414 51 24 'that
2468 3413 24 24 he

1912 3450 117 31 imagined
2039 3450 19 23 it
2074 3453 24 19 to
2116 3448 88 24 consist
2214 3446 25 25 of
2246 3446 52 31 jnu>
2310 3446 67 25 bones
2387 3447 45 24 and
2442 3446 50 32 fins,

1912 3491 34 16 we
1957 3483 77 31 really-
2038 3487 23 19 at
2071 3482 53 23 first
2133 3481 47 23 had
2201 3479 84 25 doubts
2296 3481 26 23 of
2337 3481 38 24 the
2385 3480 107 32 propriety

1912 3517 27 23 of
1948 3524 57 16 even
2017 3515 95 31 reading
2120 3514 39 24 the
2172 3514 192 24 communication
2374 3519 25 19 to
2407 3522 29 16 an
2446 3511 44 26 end.

1909 3549 48 24 We
1971 3549 40 24 did
2029 3556 33 22 so,
2079 3548 115 29 however,
2213 3547 47 24 and
2274 3547 65 25 leave
2356 3548 38 23 the
2414 3546 78 32 subject

1912 3582 55 24 with
1977 3582 88 31 merely
2080 3580 136 32 remarking
2233 3580 59 32 that,
2305 3589 34 16 we
2358 3580 80 25 should
2455 3577 37 26 feel

1911 3615 100 25 inclined
2022 3619 26 20 to
2058 3615 65 31 place
2133 3615 26 23 in
2177 3615 131 31 opposition
2326 3619 23 19 to
2360 3622 44 21 our.
2412 3619 78 19 corres-

1911 3648 114 33 pondents
2046 3648 108 25 Political
2173 3648 157 32 Economy—
2330 3656 25 16 as
2370 3648 88 30 solving
2466 3644 26 25 all

1912 3683 119 31 questions
2053 3682 132 32 respecting
2210 3682 40 24 the
2300 3683 108 31 granting
2426 3681 67 23 boun-
2502 3704 4 3 .

1911 3717 45 23 ties
1991 3715 46 25 and
2069 3715 118 33 repealing
2195 3715 77 25 duties
2294 3728 35 5 —
2329 3714 43 26 Dr.
2385 3712 105 27 Morrison

1912 3748 46 25 and
1975 3749 38 24 his
2033 3749 42 32 pill
2092 3749 125 30 universal,
2236 3757 27 16 as
2284 3758 14 15 a
2314 3748 91 32 remedy
2422 3747 32 25 for
2466 3743 25 25 all

1912 3783 111 29 diseases,
2035 3782 55 32 they
2100 3791 38 16 are
2149 3784 39 24 six
2200 3782 46 25 and
2257 3782 165 25 half-a-dozen.
2455 3776 44 25 We.

1912 3820 66 21 court
1994 3824 14 16 a
2019 3817 193 24 communication
2232 3824 31 16 on
2273 3815 39 25 the
2325 3815 87 32 subject
2422 3813 23 24 of
2460 3818 29 16 re-

1911 3849 95 32 pealing
2015 3849 76 25 duties
2099 3859 8 20 ;
2120 3854 23 20 to
2155 3858 15 16 a
2178 3849 85 32 partial
2274 3853 85 21 extent.

1305 3364 3 4 .
1325 3344 48 24 Mr.
1384 3344 90 30 Deans,
1484 3352 44 17 one
1539 3345 25 24 of
1573 3344 40 25 the
1624 3350 63 19 most
1697 3345 132 32 intelligent
1840 3346 44 24 and

1292 3378 146 32 persevering
1462 3378 24 23 of
1508 3386 42 17 our
1573 3378 118 31 colonists,
1712 3378 42 25 has
1777 3380 107 24 returned

1291 3412 60 24 from
1368 3419 29 16 an
1413 3411 115 25 extended
1545 3413 45 30 trip
1603 3412 65 24 down
1681 3413 38 23 the
1737 3413 62 24 East
1815 3413 69 25 Coast

1293 3446 25 23 of
1328 3444 88 25 Middle
1424 3445 90 24 Island.
1549 3445 46 24 We
1606 3446 56 24 hear
1674 3446 30 24 he
1714 3446 82 32 brings
1804 3446 80 33 highly

1291 3478 132 25 favourable
1438 3479 149 24 information
1606 3479 26 24 of
1650 3479 50 25 that
1716 3479 106 33 locality,
1841 3481 43 24 and

1293 3520 62 16 some
1367 3512 91 24 curious
1470 3516 98 21 account
1579 3512 25 24 of
1611 3512 40 25 the
1658 3512 79 32 Royal
1744 3511 67 26 Mail
1817 3514 67 32 being

1293 3551 23 19 at
1342 3545 85 25 anchor
1450 3546 24 23 in
1497 3545 98 25 Milford
1618 3545 94 30 Haven,
1736 3547 103 31 engaged
1860 3549 24 22 in

1293 3578 120 32 collecting
1425 3579 80 25 Green
1515 3579 72 24 Stone
1598 3580 37 23 for
1646 3578 40 25 the
1693 3580 77 25 China
1777 3580 106 31 'Market,

1293 3613 74 25 where
1376 3613 20 23 it
1413 3612 21 24 is
1446 3613 51 24 said
1507 3617 24 19 to
1542 3613 29 23 be
1583 3612 74 25 worth
1668 3613 98 32 £1500,
1775 3622 42 24 per
1828 3618 39 20 ton
1875 3624 7 20 ;

1293 3647 39 24 the
1341 3650 95 20 account
1447 3645 89 25 further
1544 3650 72 20 states
1629 3646 50 25 that
1688 3646 38 25 the
1735 3646 80 32 Royal
1819 3646 65 26 Mail

1293 3680 42 24 has
1346 3679 91 32 already
1448 3679 97 25 secured
1558 3681 31 23 10
1601 3684 54 19 tons
1666 3688 27 16 or
1713 3680 79 25 Green
1804 3681 79 30 Stone,

1293 3718 23 19 to
1336 3712 37 25 the
1394 3713 67 26 value
1482 3712 27 25 of
1527 3713 125 29 £15,000.
1689 3713 44 24 We
1754 3714 59 24 wish
1835 3714 47 25 Mr.

1293 3747 78 24 Deans
1383 3745 80 25 would'
1476 3746 81 24 favour
1570 3745 40 25 the
1627 3745 78 33 public
1716 3747 57 24 with
1784 3756 15 16 a
1808 3752 76 27 report

1293 3780 26 24 of
1333 3780 36 24 his
1387 3780 54 32 trip,
1463 3787 26 16 as
1507 3787 35 16 we
1559 3779 47 24 feel
1623 3780 116 25 confident
1751 3780 38 25 the
1807 3781 77 32 public

1295 3813 79 30 would,
1386 3813 58 25 with,
1456 3812 93 32 justice,
1561 3812 66 33 place
1638 3820 69 25 every
1718 3814 131 25 confidence
1859 3815 25 23 in

1294 3855 44 22 any
1349 3851 123 20 statement
1483 3846 94 31 coming
1588 3846 60 24 from
1658 3846 39 24 his
1708 3855 54 22 pen.

1914 3917 31 22 To
1953 3917 37 22 the
1997 3916 79 23 Editor
2085 3916 27 26 ef
2123 3917 36 20 the
2187 3917 54 21 New
2253 3916 94 21 Zealand
2357 3914 89 25 Qaxettt,
2455 3908 34 24 and

2073 3944 128 27 Wellington
2210 3944 137 27 Spectator^'
2354 3947 24 9 ■•■■

1917 3993 2 6 ,
1940 3979 75 27 Sir,—
2014 3977 55 25 -The
2081 3978 82 23 writer.
2166 3977 26 22 of
2203 3977 39 24 the
2251 3977 93 27 lending
2349 3975 74 26 article
2429 3974 23 22 in
2460 3972 29 24 the

73 3835 41 18 Tlit
121 3835 99 22 following:
226 3838 33 14 are
267 3834 33 22 tna
307 3834 81 22 quarter
396 3833 48 22 days
451 3833 23 19 ot
481 3833 45 19 this
533 3838 61 18 paper
599 3840 29 12 :—

160 3852 70 22 March
277 3867 15 6 ..
342 3853 17 19 ..'
406 3866 14 6 ..
429 3855 2 7 '
470 3855 70 17 ..31st.

161 3877 52 18 June
489 3877 54 16 30tn.

160 3898 134 22 September..
331 3905 3 4 -
491 3897 54 18 30th.

161 3919 107 18 December
491 3919 51 17 81st.

75 3940 84 19 Persons
165 3940 111 23 previously
281 3941 23 16 to
315 3939 148 24 discontinuing
474 3940 53 18 their
533 3944 71 18 papers
611 3940 38 19 and

52 3962 171 22 advertisements,
229 3962 54 18 must
289 3961 60 19 settle
354 3960 35 20 tbe
399 3962 94 19 accounts
500 3961 38 19 duo
546 3965 27 18 up
584 3963 22 16 to
615 3963 36 17 tat

53 3984 54 17 datt.

704 487 25 24 A
742 493 107 24 pressure
861 485 27 26 of.
905 483 63 25 other
977 485 164 30 engagements
1152 482 42 23 has
1206 490 40 23 pre
1247 496 11 19 T

670 519 84 25 vented
763 527 28 16 us
802 518 60 25 from
875 517 152 31 commenting
1042 523 62 24 upon
1121 515 39 24 the
1166 538 2 5 ,
1180 515 77 24 obser-

672 554 89 23 vations
773 552 26 24 of
812 552 40 24 the
865 550 104 29 Colonist,
982 549 92 24 elicited
1090 548 30 31 by
1139 556 30 16 an
1181 548 77 24 article

672 587 24 22 in
708 593 40 16 our
760 593 70 24 paper
842 584 27 24 of
884 583 110 31 Saturday
1006 583 54 23 last.
1102 581 44 24 We
1159 581 47 24 feel
1218 582 44 27 but.

672 619 59 24 little
753 623 76 27 regret
849 621 25 20 at
889 617 56 28 this,
967 624 25 16 as
1008 616 19 23 it
1044 614 44 24 has
1105 614 102 24 afforded
1220 614 38 24 the

673 652 145 32 opportunity
830 651 27 24 of
872 650 114 30 obtaining
997 648 141 24 anabsolute
1149 648 107 31 unquali-

672 685 46 24 fied
741 684 176 24 contradiction-
928 683 35 23 of-
975 690 15 16 a
1013 685 122 20 statement
1156 681 27 23 of
1185 681 71 29 -<fact,

672 718 74 24 which
758 725 46 16 was
815 716 109 25 intended
935 720 23 19 to
966 715 99 24 blacken
1077 715 38 22 the
1126 715 130 31 reputation

672 751 26 24 of
721 750 93 25 Colonel
834 749 133 29 Wakefield,
986 748 46 24 and
1051 747 98 32 through
1235 751 21 20 to

672 784 89 24 involve
773 784 38 23 the
827 784 121 23 Directors
962 782 23 23 of
1001 781 38 24 the
1063 781 120 31 Company
1200 781 24 23 in
1244 789 12 15 a

672 817 85 32 charge
776 818 26 22 of
814 817 41 23 the
874 820 61 20 most
952 814 110 33 profound
1081 813 173 25 dissimulation.

674 851 52 28 The,
737 850 140 31 Company's
884 849 77 31 Agent
966 848 43 23 has
1018 849 68 30 given
1095 847 38 23 the
1143 852 63 19 most
1216 855 40 16 ex-

671 884 68 31 plicit
758 884 75 24 denial
851 883 26 23 of
891 882 38 24 the
952 882 110 23 assertion
1084 880 49 24 that
1153 880 30 23 he
1206 888 50 16 ever

672 918 55 23 used
747 918 39 23 the
935 914 100 32 imputed
1055 918 24 20 to
1093 913 57 30 him,
1172 921 25 16 or
1196 933 6 6 v
1208 913 48 25 said

672 958 44 24 any
728 950 66 31 thing
805 951 50 23 that
865 950 55 23 bore
932 948 35 24 the
979 951 110 21 remotest
1100 946 122 32 similarity
1234 951 21 20 to

672 985 57 22 such
740 984 146 32 expressions
898 990 26 15 or
934 981 115 31 thoughts.
1093 980 69 24 Even
1173 979 45 25 had
1228 980 28 24 he

672 1016 140 25 entertained
820 1016 59 24 such
889 1016 74 28 views,
964 1027 34 4 —
998 1013 75 25 which
1080 1021 42 16 one
1129 1021 55 16 man
1191 1014 65 24 could

671 1050 102 31 scarcely
794 1050 101 30 imagine
912 1049 26 22 in
959 1047 101 29 another,
1084 1046 50 24 who
1152 1054 48 16 was
1217 1051 39 20 not

670 1083 96 24 himself
786 1081 197 31 constitutionally-
994 1089 31 16 an
1043 1080 113 31 intriguer
1176 1080 45 24 and
1242 1089 14 15 a

670 1117 141 29 dissembler,
813 1129 34 3 —
847 1115 30 24 he
886 1119 62 20 must
954 1114 55 24 have
1016 1114 45 23 lost
1069 1113 30 24 all
1108 1113 49 24 that
1168 1114 87 23 caution

670 1150 45 24 and
734 1150 46 23 self
795 1149 96 29 control,
912 1148 36 23 for
962 1147 75 24 which
1060 1154 56 17 even
1133 1146 38 24 his
1189 1150 66 21 worst

670 1184 101 23 enemies
781 1183 48 23 will
839 1183 52 31 give
904 1181 46 24 him
961 1181 78 28 credit,
1058 1180 21 24 if
1093 1179 29 24 he
1141 1179 46 25 had
1200 1188 55 16 even

668 1216 111 24 breathed
797 1216 58 24 such
873 1224 13 15 a
904 1215 72 31 policy
994 1215 49 22 into
1063 1214 39 23 the
1121 1221 41 16 ear
1180 1214 26 23 of
1219 1214 36 24 his

669 1254 61 19 most
747 1251 104 22 intimate
868 1248 93 24 friends.
997 1247 48 24 But
1063 1247 45 23 this
1126 1247 22 23 is
1169 1247 86 32 alleged

670 1287 23 19 to
710 1283 58 24 have
787 1282 109 24 occurred
914 1285 23 20 at
948 1290 12 15 a
969 1280 85 25 Public
1065 1280 108 31 Meeting
1183 1281 25 23 in
1218 1280 37 24 the

669 1316 135 31 Exchange.
858 1315 45 24 We
929 1322 55 17 were
1013 1317 94 29 present
1136 1318 24 19 at
1189 1322 66 24 every

670 1350 84 24 Public
772 1350 107 30 Meeting
905 1348 53 24 held
976 1348 34 23 in'
1025 1347 50 24 that
1096 1354 65 17 room
1183 1347 72 24 which

670 1383 97 24 Colonel
795 1381 131 25 Wakefield
957 1381 42 24 has
1034 1379 115 25 attended.
1211 1380 44 25 We

669 1416 58 24 have
745 1416 89 31 spoken
851 1420 24 19 to
898 1423 13 15 a
929 1418 61 28 great
1010 1414 102 26 number,
1126 1414 26 23 of
1167 1414 88 31 gentle-

668 1458 54 15 men
744 1450 51 23 who
818 1449 68 24 could
902 1453 40 19 not
957 1447 104 32 possibly
1080 1447 58 23 have
1162 1448 94 31 escaped

668 1483 98 31 hearing
790 1491 26 15 so
844 1481 150 29 remarkable,
1023 1489 26 15 so
1079 1480 137 32 astounding
1227 1487 2 6 '
1243 1489 13 16 a

670 1516 145 29 declaration,
834 1515 47 24 had
898 1516 19 22 it
935 1522 48 16 ever
1002 1515 58 23 been
1080 1514 66 24 made
1170 1522 25 16 or
1213 1522 43 24 any

669 1549 66 32 thing
745 1549 49 25 like
808 1550 20 23 it
836 1558 7 20 ;
866 1550 19 23 it
903 1549 20 23 is
942 1556 38 16 our
997 1547 88 32 painful
1105 1547 57 32 duty
1175 1551 22 20 to
1216 1556 40 23 say

669 1583 50 24 that
731 1583 38 24 the
780 1582 73 24 whole
865 1586 126 24 statement,
1004 1582 24 22 in
1037 1581 58 23 form
1107 1581 46 24 and
1166 1581 23 23 in
1201 1581 54 24 sub-

670 1621 85 25 stance,
768 1617 20 23 is
800 1624 14 16 a
825 1623 62 17 mere
898 1615 148 28 fabrication,.
1051 1614 58 24 from
1124 1614 40 23 the
1176 1614 79 32 begin-

670 1651 41 30 ing
721 1654 23 19 to
807 1649 54 24 end.
891 1649 25 24 It
926 1649 20 23 is
954 1647 130 32 impossible
1091 1647 51 24 that
1150 1648 106 24 evidence

670 1691 62 16 more
752 1683 112 32 complete
874 1682 68 24 could
959 1682 28 23 be
1005 1680 115 33 produced
1141 1681 56 24 than
1214 1689 40 22 we,

670 1717 46 23 and
727 1725 14 15 a
751 1721 50 19 vast
821 1717 98 23 number
938 1723 33 16 are
990 1715 25 23 in
1032 1715 134 31 possession
1184 1715 30 30 of,
1233 1719 22 19 to

669 1758 69 23 prove
751 1750 37 23 the
797 1749 117 24 falsehood
915 1762 33 4 —
949 1748 42 25 and
1003 1748 120 29 therefore,
1134 1748 73 24 under
1219 1748 36 25 the

670 1783 103 31 peculiar
785 1783 181 28 circumstances,
980 1781 40 30 the,
1030 1781 88 28 malice,
1133 1781 27 24 of
1169 1781 38 25 the
1219 1790 36 15 ac-

670 1818 104 22 cusation
782 1816 100 32 brought
893 1817 85 30 against
986 1823 15 16 a
1011 1814 77 33 public
1098 1816 77 23 officer
1182 1816 26 23 in
1218 1815 37 24 the

670 1855 95 26 present
787 1851 111 23 instance.
947 1849 50 24 The
1018 1848 54 31 only
1095 1848 67 32 thing
1183 1853 25 19 to
1229 1849 27 24 be

669 1884 114 23 lamented
794 1884 20 23 is
826 1884 51 23 that
890 1883 38 24 the
939 1883 79 31 poison
1027 1890 53 23 may
1093 1882 26 23 be
1133 1882 122 24 circulated

671 1918 75 23 where
765 1917 37 24 the
821 1917 101 24 antidote
934 1916 45 24 will,
997 1923 69 17 never
1077 1915 77 24 reach.
1190 1915 66 25 Even

672 1951 20 23 if
709 1959 41 15 our
762 1955 173 26 contemporary
946 1949 86 29 should,
1051 1949 25 24 in
1087 1957 14 15 a
1118 1949 139 31 subsequent

670 1985 105 28 number,
785 1983 161 31 acknowledge
955 1983 37 23 his
1003 1982 106 29 mistake,
1131 1982 63 24 there
1213 1983 19 28 js
1244 1991 12 16 a
1261 1985 2 25 I

670 2018 130 29 pernicious
813 2016 125 31 advantage
950 2016 20 23 in
980 2015 65 24 three
1055 2015 54 30 days
1115 2016 11 23 ?
1138 2016 64 30 prior
1211 2016 44 23 cir-
1261 2017 2 20 1

671 2050 100 24 culation
783 2049 26 24 of
818 2058 13 14 a
842 2049 121 28 falsehood,
977 2048 82 29 which,
1072 2049 23 21 in
1107 2047 39 24 the
1159 2049 97 23 calcula-
1261 2047 2 7 '

671 2084 49 23 tion
732 2084 27 23 of
776 2091 14 15 a
808 2082 128 24 celebrated
951 2081 124 32 politician,
1096 2089 46 15 was
1161 2081 96 31 thought

671 2116 114 24 sufficient
797 2121 23 19 to
830 2116 83 31 justify
925 2115 34 24 the
971 2115 80 31 giving
1062 2119 54 19 vent
1128 2119 24 19 to
1164 2115 25 29 it,
1202 2123 55 15 even

671 2150 55 23 with
744 2149 38 24 the
794 2150 112 31 certainty
918 2149 25 24 of
954 2157 14 15 a
989 2148 84 32 speedy
1085 2148 171 25 contradiction.

672 2183 105 25 Another
787 2184 76 22 writer
874 2183 41 23 has
928 2182 46 24 said
987 2183 48 23 that
1047 2190 14 15 a
1069 2189 53 16 man
1134 2182 31 31 by
1173 2187 84 19 assert-

672 2217 40 32 ing
724 2225 13 15 a
749 2216 119 24 falsehood
883 2225 65 23 every
957 2215 46 31 day
1014 2216 35 23 for
1061 2215 79 24 twelve
1159 2216 98 30 months,

671 2251 46 23 will
729 2258 63 16 come
804 2255 23 19 at
839 2250 45 24 last
895 2255 23 18 to
928 2249 85 25 believe
1023 2250 26 27 it,
1063 2256 56 16 even
1130 2249 90 30 though
1230 2249 28 24 he

673 2283 41 25 has
726 2284 108 24 invented
843 2285 19 22 it
872 2283 97 24 himself.
1007 2282 51 24 The
1069 2288 59 18 most
1136 2279 123 28 charitable

673 2317 131 24 conclusion
820 2325 35 16 we
867 2324 43 17 can
919 2317 57 24 form
987 2316 29 29 is,
1037 2315 50 25 that
1096 2324 42 16 our
1158 2321 100 19 contem-

674 2359 83 23 porary
771 2351 42 24 has
832 2359 26 16 so
876 2350 56 31 long
947 2349 98 24 brooded
1065 2357 54 16 over
1138 2349 60 24 what
1217 2357 42 17 one

672 2392 54 16 man
736 2384 75 32 might
830 2385 103 31 possibly
948 2383 58 24 have
1018 2383 57 30 said,
1095 2391 33 16 on
1147 2391 14 15 a
1172 2383 86 24 certain

674 2418 111 29 occasion,
803 2418 22 24 if
845 2418 29 23 he
891 2425 57 16 were
964 2416 118 28 actuated,
1089 2416 32 32 by
1138 2416 40 24 the
1197 2417 62 24 blind

674 2452 121 30 animosity
808 2452 25 23 of
845 2460 63 15 some
919 2451 63 24 other
993 2458 62 21 man,
1076 2450 50 24 that
1136 2450 31 24 he
1184 2450 43 24 has
1237 2455 24 19 at

672 2485 46 24 last
724 2485 96 24 cheated
825 2484 96 25 himself
926 2485 43 23 into
976 2493 30 15 an
1011 2484 150 31 imagination
1166 2483 50 25 that
1222 2484 38 24 the

674 2519 66 31 thing
762 2518 73 32 really
856 2518 42 24 has
921 2518 55 24 been
999 2517 58 25 said.
1099 2517 48 24 We
1169 2517 91 25 dismiss

673 2553 46 23 this
737 2552 60 31 topic
820 2551 55 25 with
899 2551 38 24 the
956 2550 95 25 remark
1074 2550 50 25 that
1147 2550 113 25 whatever

674 2587 105 31 opinions
796 2593 55 24 may
862 2585 29 24 be
902 2584 87 25 formed
1004 2584 24 24 of
1039 2584 83 24 Public
1133 2584 126 32 Meetings,

674 2620 62 24 such'
741 2618 56 25 bold
806 2619 124 24 assertions
942 2623 20 19 at
972 2618 67 29 least,
1055 2618 121 31 according
1187 2623 24 19 to
1222 2618 38 24 the

674 2654 69 23 views
755 2653 26 24 of
794 2653 40 24 the
848 2650 104 32 Colonist,
970 2660 41 16 are
1022 2651 73 25 better
1111 2651 115 25 hazarded
1236 2653 25 23 in

673 2686 84 24 heated
768 2686 134 24 assemblies
919 2686 42 23 and
973 2684 105 25 crowded
1094 2685 165 32 atmospheres,

674 2721 55 23 than
740 2721 25 23 in
776 2720 39 24 the
827 2719 103 24 columns
941 2718 22 25 of
973 2727 15 15 a
999 2723 69 28 party
1077 2719 132 31 periodical.

708 2760 52 25 The
769 2761 102 31 peculiar
882 2760 77 24 horror
978 2759 57 24 with
1052 2759 75 24 which,
1147 2766 42 17 our
1206 2767 54 16 con-

674 2798 130 28 temporary
815 2802 76 16 seems
908 2798 24 19 to
947 2793 83 32 regard
1042 2793 84 23 Public
1134 2792 126 32 Meetings,

675 2828 42 23 has
732 2828 59 23 been
811 2827 124 32 expressed
951 2834 65 17 more
1035 2826 56 24 than
1110 2834 57 16 once
1187 2827 26 23 in
1225 2827 36 23 his

675 2869 79 24 paper,
766 2860 45 25 and
821 2860 123 32 attempted
954 2865 24 19 to
996 2860 29 24 be
1037 2860 87 31 argued
1136 2864 41 20 out
1188 2861 25 23 in
1223 2860 38 24 the

676 2902 63 16 same
760 2895 72 23 strain
850 2893 50 24 that
917 2901 31 16 we
970 2893 116 29 recollect,
1104 2901 64 16 some
1192 2894 69 31 thirty

675 2935 67 24 years
763 2935 43 23 ago
823 2928 59 23 used
900 2931 23 19 to
942 2927 27 24 be
989 2926 96 32 adopted
1101 2927 27 24 in
1145 2927 39 24 the
1202 2933 60 18 most

676 2961 121 32 drivelling
809 2961 25 24 of
849 2960 40 25 the
899 2960 57 24 ultra
968 2960 65 31 Tory
1041 2968 90 24 papers.
1157 2960 30 24 In
1199 2961 62 24 these

675 2995 70 24 bitter
756 2995 111 23 allusions
877 2999 25 19 to
913 2994 82 24 Public
1001 2995 119 30 Meetings
1128 2994 30 24 he
1166 2994 43 24 has
1221 2994 39 24 de-

676 3028 121 32 preciated,
821 3032 41 20 not
891 3027 82 31 merely
995 3027 37 24 his
1061 3032 150 27 countrymen
1236 3029 26 22 in

675 3062 95 32 general
781 3062 45 24 and
837 3062 67 24 those
922 3062 23 23 of
959 3061 59 24 Port
1034 3060 128 25 Nicholson
1173 3062 25 23 in
1208 3069 52 24 par-

675 3096 89 28 ticular,
777 3095 42 24 but
830 3095 29 24 he
877 3095 42 24 has
936 3095 58 24 dove
1010 3094 62 24 what
1083 3095 68 23 could
1170 3095 56 31 only
1234 3095 27 24 be

676 3129 109 32 expected
796 3129 60 24 from
868 3129 39 23 the
919 3128 80 24 servile
1010 3136 71 23 organ
1092 3128 26 24 of
1128 3137 63 15 some
1203 3128 59 32 dirty

675 3163 59 24 little
745 3163 103 31 despotic
855 3162 123 32 provincial
990 3161 159 24 Government
1149 3175 33 4 —
1182 3163 29 23 he
1220 3162 42 24 has

677 3196 58 24 done
746 3196 60 24 what
816 3196 31 24 he
865 3196 66 24 could
940 3199 22 20 to
981 3194 95 25 weaken
1094 3195 40 24 the
1153 3203 76 24 power
1240 3196 25 24 of

677 3230 38 24 the
727 3230 53 31 only
791 3229 132 25 semblance
937 3229 73 24 which
1029 3229 116 24 remained
1166 3233 24 20 to
1201 3237 28 16 us
1239 3229 26 24 of

675 3264 98 31 popular
791 3264 151 28 institutions,
954 3262 40 24 the
1011 3262 73 24 moral
1093 3270 77 23 power
1190 3263 72 23 which

676 3305 33 16 we
721 3297 94 27 derived
825 3297 61 23 from
897 3297 38 24 the
944 3296 133 31 expression
1096 3295 26 24 of
1138 3304 41 16 our
1197 3297 65 31 opin-

676 3331 51 23 ions
740 3331 26 23 in
779 3330 85 24 Public
875 3330 125 31 Meetings.
1035 3329 52 24 One
1094 3329 75 24 would
1182 3330 81 24 almost

672 3364 104 32 ■imagine
801 3364 50 23 that
874 3371 41 16 our
936 3367 172 27 contemporary
1129 3363 47 24 had
1201 3371 62 16 some

675 3398 91 31 painful
785 3392 172 29 reminiscences
978 3404 26 16 or
1023 3396 154 32 forebodings,
1191 3396 72 25 which

676 3431 102 32 inspired
790 3430 52 25 him
859 3430 56 24 with
933 3430 44 24 this
995 3429 84 24 dislike
1098 3434 29 22 to.
1142 3430 61 24 what
1220 3430 43 25 has

675 3464 117 33 generally
816 3464 61 24 been
899 3463 108 32 regarded
1030 3471 26 15 as
1078 3471 14 15 a
1114 3464 105 24 bulwark
1240 3464 27 24 of

675 3498 84 32 liberty
759 3511 29 4 —
788 3497 44 28 ;the
844 3497 125 24 discussion
983 3496 102 25 between
1099 3497 50 24 free
1160 3498 102 29 citizens,

675 3532 50 24 face
737 3536 24 20 to
771 3531 60 24 face.

710 3572 26 24 It
747 3573 20 23 is
783 3571 137 32 impossible
936 3571 35 24 for
989 3578 28 16 us
1036 3575 24 19 to
1074 3578 31 24 go
1117 3578 55 17 over
1183 3571 32 25 all
1225 3572 38 24 the

677 3606 73 31 topics
767 3605 76 24 which
861 3605 120 24 constitute
1001 3604 39 24 the
1058 3604 91 32 farrago
1169 3606 25 23 of
1216 3605 47 24 this

677 3639 146 25 voluminous,
840 3638 120 24 discourse.
1008 3637 52 24 Our
1076 3642 187 29 .contemporary,

677 3671 38 24 the
726 3679 63 17 more
801 3671 118 33 pointedly
928 3671 27 24 he
966 3672 22 22 is
999 3671 93 31 pressed
1103 3671 56 26 with
1171 3672 94 25 distinct

677 3705 46 23 and
743 3705 92 31 specific
851 3705 100 31 charges,
973 3704 38 24 the
1034 3712 62 16 more
1119 3705 145 32 vehemently

679 3737 78 24 affects
769 3742 23 19 to
804 3739 153 23 re-criminate
966 3747 7 20 ;
987 3737 66 24 takes
1063 3737 82 33 refuge
1155 3739 25 23 in
1190 3746 73 24 vague

679 3770 153 31 generalities,
844 3771 53 30 and,
908 3771 44 25 like
964 3771 40 24 the
1022 3771 44 24 fair
1076 3779 43 16 sex
1129 3771 68 25 when
1208 3780 55 17 con-

679 3803 76 24 victed
763 3803 32 32 by
805 3804 39 23 the
854 3808 62 20 most
933 3805 139 24 indubitable
1082 3804 117 30 evidence,
1211 3806 53 32 only

679 3838 59 22 rises
748 3837 25 23 in
789 3837 113 24 invective
920 3838 41 24 and
978 3842 106 27 attempts
1094 3843 30 19 Jto
1140 3838 90 28 silence,
1235 3847 28 17 us

679 3870 31 31 by
720 3874 91 19 countte
820 3869 95 33 charges
926 3871 43 24 and
979 3871 163 31 vituperation.

849 3908 64 23 Nihil
922 3912 29 20 e&t
959 3909 107 23 audacius
1074 3909 45 24 illia
1182 3904 13 28 /

968 3953 4 5 .
1193 3954 3 3 .

714 3971 25 24 It
742 3970 41 25 has
790 3971 85 31 always
881 3971 55 25 been
942 3972 147 31 represented
1095 3971 32 33 by
1135 3971 129 32 disputants

1326 3904 25 25 A
1366 3904 193 25 communication
1575 3904 43 24 has
1636 3904 52 32 just
1704 3904 60 25 been
1782 3906 102 25 received

1293 3938 59 24 from
1364 3939 40 23 the
1420 3939 101 24 Messrs.
1533 3937 95 25 Kebble
1648 3942 25 20 at
1691 3937 148 32 Manawatu/
1846 3948 38 16 ac-

1293 3972 120 30 quainting
1424 3979 29 17 us
1470 3971 53 24 that
1538 3971 40 24 the
1599 3972 54 26 Saw
1672 3971 63 30 Mill,
1748 3972 89 28 erected
1853 3973 31 33 by

561 52 102 48 Wiyt
688 47 123 45 <N*fo
832 50 209 42 maimxt*
1067 49 193 48 QStiQttU
1283 49 93 41 auto
1399 49 313 47 WftilinQtoti
1731 46 256 50 £p*ttat<a\

113 143 170 24 SHIPPING
301 144 276 23 INTELLIGENCE.

713 141 3 4 '
748 154 7 9 .„
790 138 101 22 Ncrtice
905 134 31 25 to
952 136 192 22 Subscribers."'

671 174 79 26 Papers
764 172 95 21 will-not
865 172 32 19 .be
909 172 47 18 tent
970 172 21 17 to
1002 174 91 21 persons
1103 172 68 22 living
1185 172 38 17 6ut
1236 172 27 21 vf

696 197 63 31 P^ort'
759 199 123 24 Nicholson,
898 197 70 20 tmiets
977 191 159 30 arrangement*
1138 212 5 5 ,
1148 202 48 17 are,
1199 196 61 20 made

666 231 1 9 <
693 228 39 24 for
740 227 37 20 the
781 227 102 25 payment
891 220 29 30 of
924 224 37 21 the
968 229 62 21 tame,
1041 223 92 26 through
1149 229 29 14 an
1182 222 81 27 .'Agent',

696 256 25 18 at
733 254 135 20 Wellington.

153 206 4 15 :
275 198 143 21 ARRIVED.
451 191 123 36 '.'.',

82 229 58 27 Sept.
151 229 22 25 8,
191 229 102 23 schooner
312 231 84 23 Ocean;-
407 231 33 25 25,
451 230 122 26 Furguson,'
586 229 55 21 from

54 256 89 21 Nelson.

80 284 61 20 Same
151 284 49 26 day,
210 285 103 21 schooner
322 286 53 19 New
382 285 120 26 Zealander,
513 285 36 24 27,
560 283 81 26 Guard,

53 310 54 20 from
119 311 83 26 Cloudy
211 311 52 26 Bay.

1902 139 65 23 those
1971 138 147 31 'gentlemen,
2130 139 47 24 had
2182 157 6 12 ,
2195 139 59 24 been
2258 139 38 28 /at
2306 139 72 24 work.
2391 162 3 3 .
2413 140 77 25 Those

1902 171 26 24 of
1942 179 43 16 our
1995 170 93 25 readers
2098 171 51 24 who
2170 180 38 16 are
2230 180 75 16 aware
2363 173 42 25 the,
2412 178 78 19 extent

1902 204 44 24 and
1963 204 58 24 bulk
2039 204 27 24 of
2087 204 38 24 the
2150 205 134 31 machinery
2302 206 132 32 composing
2453 206 37 24 the

1902 236 54 25 Saw
1967 236 55 25 Mill
2040 241 24 20 at
2080 237 140 30 Manawatu,
2232 238 148 31 will-rejoice
2434 238 56 25 hear

1902 269 49 24 that
1961 277 31 16 no
2003 270 103 24 accident
2118 270 26 24 of
2159 278 42 22 any
2215 276 49 19 sort
2273 271 47 24 had
2331 272 115 24 occurred.

669 322 120 43 New
822 313 209 48 Zealand
1065 317 189 48 Gazette

671 372 5 21 :
701 381 77 27 lANI)
792 377 214 28 WELLINGTPN
1025 376 189 24 SPECTATOR.

290 360 124 21 SAILED.-
540 373 5 6 ,

80 393 59 26 Sept.
152 394 19 23 7,
183 395 70 19 cutter
261 394 68 25 Royal
341 393 99 27 William',
451 393 27 21 43
489 395 57 22 tons,
557 384 89 30 liovett*
651 396 1 6 '

52 419 34 21 for
98 421 83 25 Cloudy
192 421 52 25 Bay.
484 436 3 7 ,
550 419 102 27 <£.■>...

669 427 33 22 '''"■
732 434 160 24 'Saturday,
908 433 135 21 September
1058 431 34 26 10,
1107 431 63 21 1842.

1937 325 99 25 Messrs.
2050 327 106 23 Bethune
2168 327 45 24 and
2234 327 94 24 Hunter
2346 328 99 31 exposed
2462 328 30 32 by

1902 359 77 31 public
1991 358 57 30 sale,
2062 367 29 16 on
2102 360 115 31 Saturday
2227 359 53 30 last,
2293 369 14 15 a
2317 360 34 24 lot
2366 362 127 31 consisting

1902 392 27 23 of
1943 386 90 30 30<fi'rie
2045 388 84 28 heifers
2139 393 45 24 and
2196 400 70 22 cows;
2282 393 85 32 mostly
2385 394 25 23 in
2420 393 69 31 -calf;

1902 424 64 25 these
1975 424 47 25 had
2032 425 60 24 been
2103 433 63 16 some
2177 426 57 24 time
2250 426 26 23 in
2294 426 40 24 the
2354 427 137 30 settlement,

1902 457 45 25 and
1964 465 61 17 were
2044 466 14 16 a
2165 452 42 31 lot*
2254 459 53 24 The
2328 459 81 24 lowest
2429 461 64 30 price

1902 490 108 25 obtained
2029 499 48 16 was
2095 492 55 23 £10
2175 494 62 27 10s.,
2260 492 40 25 the
2321 492 91 31 highest
2430 494 63 29 £17,

1902 531 96 24 average
2020 524 56 24 £13
2099 525 38 25 7s.
2161 525 40 24 6d.
2248 525 53 24 The
2323 525 56 25 total
2399 531 94 19 amount

1903 557 107 24 obtained
2029 557 92 31 having,
2136 557 59 24 been
2213 558 82 25 £428.
2341 558 75 25 There
2434 567 59 16 were

1903 589 126 32 altogether
2041 590 80 24 eleven
2137 591 146 30 purchasers.
2326 591 46 25 We
2390 592 103 24 consider

1904 623 38 24 the
1953 623 49 24 sale
2013 624 153 30 satisfactory,
2178 623 46 24 and
2234 624 124 24 indicative
2375 625 24 24 of
2415 625 78 24 health

1902 656 26 24 in
1938 656 40 24 the
1989 656 144 27 settlement:,
2276 680 4 3 .
2408 663 4 3 '
2445 657 4 7 '
2461 663 3 4 '

1935 711 47 25 We
1992 718 86 26 regret.
2081 718 22 19 to
2116 722 120 16 announce
2246 713 40 24 the
2299 713 67 24 death
2376 713 25 24 of
2409 722 30 16 no
2447 715 47 24 less

1904 744 54 25 than
1977 750 43 19 two
2033 747 26 23 of
2074 747 38 24 the
2128 748 52 24 four
2198 747 139 32 gentlemen,
2359 755 135 24 passengers

1902 779 26 23 in
1940 778 75 25 H.M.
2034 779 53 32 brig
2108 781 114 28 Victoria,
2241 780 47 24 and
2307 780 74 24 which
2402 781 92 24 entered

1903 819 42 16 our
1962 816 53 27 port
2036 821 30 16 on
2080 814 38 23 the
2139 811 100 27 llthTof
2252 812 97 32 August
2366 813 51 30 last,
2435 814 59 24 from

1904 844 133 26 Auckland.
2084 847 42 23 All
2143 847 65 24 these
2229 845 212 33 gentlemeri%ave,
2461 855 33 16 we

1905 878 148 30 understand,
2074 880 149 31 experienced
2243 888 30 16 an
2292 880 78 25 attack
2382 880 25 24 of
2423 880 71 30 fever,'

1903 908 142 35 presenting
2048 913 19 23 it
2078 913 19 23 is
2107 913 52 24 said
2170 913 95 31 typhoid
2273 917 135 27 symptoms.
2438 913 56 25 Two

1903 944 58 24 have
1982 944 59 30 died,
2064 946 89 32 namely
2165 946 78 25 Lieut.
2265 946 120 30 Paddock,
2401 946 33 25 H.
2452 946 41 30 N.,

1904 978 44 23 and
1959 985 31 17 on
2008 978 87 33 Friday
2106 979 39 24 the
2164 979 48 24 2nd
2223 981 65 27 inst.,
2309 979 103 25 William
2419 990 3 5 ■
2431 979 63 25 Pon-

1903 1011 74 31 sonby
1983 1011 117 31 Lowther,
2111 1013 69 31 Esq.,
2192 1012 101 32 aged-20
2300 1020 75 24 yearsj
2382 1018 112 26 youngest

1904 1052 41 16 son
1964 1045 28 23 of
2007 1045 90 33 Gorges
2117 1046 117 30 Lowther,
2332 1045 26 25 of
2375 1046 119 32 Hampton

1903 1077 74 29 Park,
1990 1078 188 26 Somersetshire.
2256 1072 18 14 ht
2304 1083 5 3 '
2345 1075 13 11 ''

1937 1117 47 23 His
2003 1117 124 33 Lordship,
2147 1118 39 24 the
2205 1118 98 31 Bishop,
2322 1118 21 23 is
2365 1118 85 23 known
2472 1122 22 19 to

1902 1149 58 24 have
1968 1151 99 23 suffered
2075 1151 94 32 slightly
2177 1152 61 23 from
2248 1152 161 31 indisposition
2418 1151 76 24 whilst

1902 1183 62 29 here,
1982 1183 42 24 but
2035 1184 40 23 the
2085 1190 109 18 accounts
2206 1185 59 23 from
2277 1184 132 28 Auckland,
2422 1185 72 23 where

1903 1215 28 24 he
1943 1224 51 16 now
2006 1217 28 28 is,
2046 1222 79 27 report
2137 1218 37 22 his
2198 1217 118 31 Lordship
2328 1221 24 19 to
2362 1218 29 22 be
2405 1218 24 22 in
2441 1225 53 24 pos-

1903 1249 89 24 session
2004 1249 27 23 of
2046 1250 113 23 excellent
2178 1250 86 24 health.
2303 1250 51 23 The
2366 1250 72 24 whole
2450 1251 44 23 cir-

1904 1286 132 20 cumstance
2048 1284 71 22 forms
2132 1291 14 15 a
2157 1283 89 32 subject
2258 1283 51 23 well
2322 1283 121 31 deserving
2456 1284 38 24 the

1904 1316 111 23 attention
2028 1317 25 22 of
2064 1325 40 14 our
2116 1316 97 23 medical
2232 1324 61 21 men,
2312 1316 43 23 and
2374 1324 31 15 we
2425 1317 69 24 doubt

1903 1353 41 19 not
1955 1349 60 29 that,
2028 1350 25 23 in
2062 1366 2 6 ,
2072 1350 42 24 due
2133 1357 91 22 season,
2236 1358 35 15 we
2283 1350 47 23 will
2347 1350 29 23 be
2386 1350 108 24 favoured

1903 1382 55 24 with
1970 1388 17 17 a*
1995 1383 192 24 communication
2199 1391 30 15 on
2241 1383 40 24 the
2294 1383 98 31 subject.

278 470 34 20 IN
327 471 85 19 PORT.

76 504 84 25 Barque
178 503 116 26 Clydeside,
305 504 42 19 256
362 506 58 21 tons,
438 502 132 25 Mathieson,
585 503 58 20 refit-

48 530 55 27 ting.
132 530 69 21 Waitt
209 531 44 20 and
261 531 74 26 Tyser,
343 530 89 26 Agents.

77 558 84 26 Barque
169 558 129 26 Indemnity,
308 558 42 20 450
366 561 57 21 tons,
440 558 87 25 Adams,
540 557 103 26 refitting.

50 586 89 24 Agents,
151 585 68 20 Waitt
228 586 43 19 and
280 586 75 24 Tyser.

79 612 109 21 Schooner
212 613 57 25 Ann,
294 614 28 19 22
348 615 58 22 tons,
430 612 84 26 Brown,
538 612 50 21 laid,
607 617 37 20 up.

49 640 79 26 Agent,
138 640 69 20 Waitt
218 640 41 20 and
269 640 74 27 Tyser.

78 667 51 25 Brig
140 668 94 23 Patriot,
247 668 38 21 189
296 670 58 22 tons,
361 668 93 26 Wright.
474 668 79 24 Agent,
562 666 82 26 Penny.

79 694 109 21 Schooner
204 695 79 25 Maori,
296 696 25 20 15
336 698 58 19 tons.
422 694 41 21 For
477 694 35 21 the
527 696 60 18 coast
602 693 44 20 and

51 721 89 22 Nelson.

79 749 109 21 Schooner
197 750 99 24 Look-in,
304 750 27 20 82
342 751 57 23 tons,
407 749 81 26 Finlay.
525 748 69 21 Wad«
602 748 44 20 and

50 776 46 24 Co.,
108 777 89 25 Agents,

79 804 110 20 Schooner
197 804 122 26 Richmond,
337 804 27 20 30
374 805 49 19 tons
439 803 99 21 Sinclair.
564 804 80 25 Agent,

50 831 36 21 W.
98 831 140 21 Fitzherbert.

79 859 110 21 Schooner
204 859 118 24 Catherine,
339 859 41 20 179
395 861 55 23 tons,
469 858 137 26 Bunnatyne,
621 858 22 20 J.

49 886 120 25 Wade^and
181 886 47 22 Co.,
240 886 89 25 Agents.

79 914 109 20 Schooner
197 914 84 25 Henry,
294 914 25 20 17
336 915 58 24 tons,
404 913 120 27 Daymond.
554 913 90 26 Agents,

49 941 95 21 Wallace
153 941 43 20 and
206 941 39 21 Co.

77 969 124 26 Brigantine
211 969 101 25 Hannah,
324 970 27 20 90
368 971 57 22 tons,
435 969 56 21 Bell.
519 968 73 21 Willis
601 968 43 20 and

50 996 48 23 Co.,
110 997 88 24 Agents.

77 1134 83 26 Barque
169 1134 129 25 Brougham,
309 1134 41 20 227
357 1136 58 21 tons,
423 1132 118 22 Robinson.
562 1133 78 25 Agent,

49 1162 111 18 Boulcott.

76 1024 124 26 Brigantine
219 1025 93 24 Success,
331 1025 26 19 82
377 1026 57 23 tons,
448 1023 86 21 Mason.
564 1023 26 21 C.
610 1023 32 20 M.

49 1051 78 24 Evans,
138 1052 79 25 Agent,
228 1052 114 25 repairing.

77 1079 84 26 Barque
170 1079 62 25 Lady
241 1079 66 25 Mary
316 1079 96 25 Pelham,
424 1078 41 20 206
475 1079 58 23 tons,
551 1077 87 26 Harper

50 1106 66 21 Wade
126 1106 43 20 and
179 1106 48 24 Co.,
236 1106 88 24 Agents.
345 1106 42 20 For
397 1106 35 19 the
440 1105 93 25 whaling
542 1105 97 25 grounds

79 1189 123 25 Brigantine
214 1189 122 25 Vanguard,
347 1189 26 20 61
381 1191 56 21 tons,
449 1188 97 26 Murray.
575 1186 67 21 Waitt

49 1218 43 19 and
101 1217 73 25 Tyser,
185 1217 88 25 Agents.
303 1216 44 21 For
355 1216 89 21 Nelson.

77 1245 83 25 Barque
169 1245 55 20 Jane
236 1244 85 24 Goudie,
332 1244 41 21 280
387 1246 55 20 tons,
454 1243 91 20 Goudie.
575 1242 67 21 Waitt

49 1272 42 20 and
101 1272 73 26 Tyser,
186 1272 87 26 Agents.
303 1271 42 21 For
354 1271 130 26 Valparaiso.

80 1299 76 21 Cutter
164 1300 110 24 Brothers,
284 1299 28 20 44
324 1302 57 22 tons,
393 1299 75 20 Bruce.
498 1297 86 22 Rhodes
601 1298 41 19 and

51 1326 49 24 Co.,
110 1327 89 24 Agents.

79 1520 110 19 Schooner
211 1520 52 21 New
287 1519 120 26 Zealander,
432 1518 27 22 27
478 1520 57 23 tons,
560 1518 80 20 Guard.

50 1547 67 20 Waitt
127 1547 41 20 and
179 1547 73 25 Tyser,
264 1550 87 22 Agents.

78 1355 110 20 Schooner
203 1355 73 23 Mana,
292 1355 27 19 27
336 1356 58 23 torn,
404 1354 83 26 Swany.
514 1353 72 21 Willis
601 1353 43 20 and

51 1382 32 20 Co
94 1396 6 7 .
110 1383 89 25 Agents.

79 1410 76 20 Cutter
173 1409 116 25 Pickwick,
300 1409 28 20 38
347 1411 57 22 tons,
425 1409 75 26 Styles.
540 1407 101 28 Captain,
649 1422 2 6 ,

49 1437 78 26 Agent.

81 1465 109 19 Schooner
198 1465 74 24 Ocean,
287 1465 26 19 25
329 1466 57 23 tons,
397 1464 117 26 Furguson.
539 1463 103 24 Wallace,

50 1493 43 20 and
104 1492 46 24 Co.,
161 1493 88 23 Agents.

1285 145 26 15 as
1323 146 13 16 a
1347 142 83 19 source'
1438 138 27 24 of
1477 137 106 33 pleasure
1595 138 46 24 and
1651 146 15 15 a
1676 138 53 31 sign
1740 138 27 24 of
1778 138 95 31 victory,

1285 174 24 20 to
1321 177 47 17 see-
1377 170 63 25 one's
1459 176 115 26 opponent
1591 170 91 25 excited
1698 176 24 19 to
1724 167 10 33 [~
1737 171 69 31 fury;
1825 171 54 30 but,'

1285 210 65 18 even,
1355 204 25 22 in
1390 203 39 24 the
1435 212 137 23 'paroxysm,
1580 211 43 16 our
1634 208 187 27 contemporary/
1824 208 50 20 true

1286 240 23 19 to
1330 236 40 23 the
1386 236 78 32 ruling
1467 249 2 12 i
1482 236 178 32 passion/^does
1677 241 42 19 not
1726 243 9 5 ~
1742 236 81 32 forget'
1838 236 37 25 his

1284 268 66 25 habit
1356 290 3 4 .
1369 269 23 24 of
1410 269 182 25 self-laudation.
1629 269 41 25 He
1684 269 140 30 commends,
1842 277 32 17 we

1285 301 48 25 had
1342 302 82 24 almost
1435 303 51 24 said
1497 303 28 24 he
1537 303 130 28 canonizes,
1678 301 95 25 himself
1790 303 35 23 for
1837 302 37 25 the

1285 336 88 23 virtues
1384 336 25 23 of
1417 336 105 31 patience
1533 336 45 24 and
1589 336 141 31 placability.
1766 335 46 25 We
1822 336 52 31 give

1286 367 49 24 him
1345 368 42 24 full
1399 369 71 23 credit
1481 369 35 24 for
1526 368 38 24 his
1575 369 105 31 patience
1683 369 76 29 .;-hutj
1764 376 35 16 we
1808 362 75 33 think*

1285 400 51 24 that
1346 400 36 24 his
1389 401 132 32 placability
1531 402 21 22 is
1563 402 31 23 in*
1600 406 36 19 an'
1636 402 95 24 lnverse
1735 402 139 31 .proportion

1286 438 24 19 to
1322 434 50 23 that
1380 435 94 31 quality,
1486 435 54 28 and,
1548 435 24 23 in
1583 442 19 16 a-
1608 435 179 30 parliamentary
1797 442 86 22 sense,*

1284 466 52 24 that
1352 467 37 24 his
1410 468 100 24 candour
1527 468 46 24 and
1589 469 102 30 veracity
1710 475 38 17 are
1764 467 68 31 equal
1851 472 23 19 to

1285 500 81 23 either.
1392 501 51 23 -He
1462 501 115 23 threatens
1596 505 24 19 to
1637 501 77 23 follow
1726 509 26 16 us
1772 501 55 23 with
1838 500 45 25 his.

1284 533 169 25 reclamations.
1489 533 66 25 Does
1577 534 29 23 he
1614 534 10 24 ?
1656 534 49 24 We
1727 541 81 17 assure
1827 534 47 23 him

1285 565 50 25 that
1346 566 22 23 if
1380 567 27 23 he
1418 567 21 23 is
1444 574 58 17 .now
1520 567 84 23 under,
1610 567 38 24 the
1657 571 113 26 .torture,,
1775 567 66 26 what,
1846 566 29 25 he

1284 599 58 24 feels
1360 600 20 23 is
1398 600 42 23 but
1456 600 40 24 the
1514 600 118 31 crumpled
1653 607 54 17 rose
1724 600 49 24 leaf
1793 600 26 23 of
1837 599 39 25 the

1284 633 107 30 sybarite,
1403 637 24 19 to
1439 630 61 27 what
1510 640 34 17 we
1557 633 82 24 should
1658 633 82 29 inflict,
1752 633 23 24 if
1790 641 35 16 we
1837 633 38 24 did

1283 670 43 19 not
1361 666 50 24 love
1508 674 26 16 as
1556 666 66 24 Isaac
1640 666 94 24 Walton
1746 666 90 31 enjoins
1849 674 26 16 us

1284 703 24 19 to
1327 699 51 24 love
1396 699 39 23 the
1453 699 121 32 quivering
1593 700 82 29 insect,
1691 699 87 28 whilst.
1786 707 34 17 we
1837 707 38 17 are

1283 732 113 30 impaling
1405 732 50 24 him
1465 740 63 22 upon
1539 732 38 24 the
1589 732 71 25 hook.

1319 765 55 30 But,
1383 765 93 32 enough
1487 765 25 25 of
1527 766 54 29 this,
1593 765 55 24 with
1660 765 75 24 which
1747 765 39 25 the
1797 765 79 32 public

1284 805 40 17 are
1335 806 29 16 no
1376 807 62 16 more
1450 799 125 24 concerned
1585 798 65 25 .than
1663 807 25 15 as
1700 799 19 23 it
1736 798 67 24 bears
1816 807 59 23 upon

1283 831 61 25 their
1366 832 54 24 vital
1440 833 116 28 interests,
1575 833 33 30 by
1624 831 123 32 unfolding
1766 831 38 24 the
1827 832 49 24 real

1283 865 71 24 views
1366 866 25 23 oT
1403 865 67 24 those
1482 865 50 24 who
1547 870 97 27 attempt
1655 869 24 19 to
1690 865 114 24 influence
1817 865 59 24 their

1284 898 105 30 conduct,
1411 899 101 31 through
1535 898 61 24 their
1610 898 124 32 judgment
1753 898 45 24 and
1816 898 59 24 their

1283 932 74 23 moral
1377 932 106 32 feelings,
1502 940 27 17 or
1547 932 99 32 through
1665 931 60 24 their
1747 931 129 33 prejudices

1283 964 46 24 and
1340 965 58 24 their
1408 966 115 31 passions.
1558 965 46 25 We
1614 965 58 25 have
1684 965 79 24 drawn
1774 973 13 15 a
1798 965 42 24 bill
1853 965 23 24 of

1283 998 133 24 indictment
1427 1000 91 31 against
1530 1007 41 16 our
1583 1004 117 27 opponent
1709 1007 7 21 ;
1735 999 19 24 it
1773 999 102 24 contains

1283 1039 70 24 many
1359 1036 78 20 counts
1439 1045 34 4 —
1474 1032 93 24 distinct
1571 1033 46 23 and
1622 1032 136 31 intelligible
1764 1032 96 31 charges
1867 1042 5 19 ;

1283 1064 30 24 he
1328 1065 21 23 is
1361 1066 119 30 arraigned
1491 1070 24 19 at
1526 1066 39 23 the
1577 1066 41 23 bar
1636 1066 26 23 of
1676 1065 78 32 public
1775 1066 98 31 opinion,

1283 1098 45 24 and
1337 1098 19 24 it
1366 1099 20 23 is
1397 1103 39 19 too
1457 1099 46 23 late
1515 1106 51 16 now
1583 1099 36 23 for
1638 1099 48 23 him
1705 1103 23 19 to
1746 1099 64 23 vault
1826 1099 48 23 into

1283 1131 40 24 the
1339 1132 100 30 position
1459 1131 26 24 of
1500 1139 14 16 a
1532 1132 148 29 Prosecutor,
1705 1132 58 23 after
1784 1132 29 24 he
1833 1132 41 24 has

1282 1164 96 31 pleaded
1390 1164 44 24 and
1447 1165 88 23 thrown
1548 1164 91 24 himself
1651 1173 61 22 upon
1722 1164 39 24 tire
1771 1171 102 25 country.

1283 1197 37 24 To
1332 1206 43 16 one
1386 1198 91 31 charge,
1491 1198 25 23 of
1532 1198 130 32 tampering
1672 1198 56 23 with
1740 1198 39 23 the
1791 1198 83 24 Native

1284 1231 122 29 Question,
1425 1231 31 24 he
1477 1239 100 16 answers
1599 1230 52 25 that
1669 1231 86 31 justice
1773 1230 41 24 has
1834 1237 41 18 not

1282 1265 59 24 been
1354 1265 56 24 done
1422 1268 24 20 to
1465 1265 39 24 the
1524 1265 106 24 Natives.
1665 1265 46 23 We
1729 1269 82 26 expect
1828 1265 48 24 him

1283 1301 24 20 to
1319 1299 110 23 maintain
1442 1298 46 23 this
1498 1298 54 32 plea
1562 1298 32 31 by
1606 1298 58 24 solid
1677 1298 44 23 and
1740 1299 136 30 convincing

1282 1332 79 30 proofs
1369 1341 6 19 ;
1394 1332 53 29 and,
1459 1331 68 24 when
1538 1331 28 24 he
1578 1332 42 23 has
1639 1332 59 23 done
1710 1331 56 29 this,
1779 1339 34 16 we
1830 1332 46 23 will

1282 1372 56 24 pass
1356 1373 27 15 on
1402 1370 24 18 to
1443 1365 40 24 the
1505 1365 66 24 other
1590 1369 64 28 parts
1675 1365 27 23 of
1719 1364 40 24 the
1780 1372 95 16 accusa-

1283 1399 58 23 tion.
1377 1399 71 23 Until
1468 1398 63 29 then,
1552 1407 33 15 we
1604 1398 54 24 hold
1676 1402 24 20 to
1719 1406 42 17 our
1779 1398 97 32 original

1282 1432 101 31 position
1388 1445 34 4 —
1427 1432 51 24 that
1505 1432 40 24 the
1573 1432 103 23 Colonist
1704 1431 41 25 has
1775 1432 101 23 asserted

1283 1465 52 24 that
1356 1465 74 24 which
1450 1466 20 23 is
1489 1469 83 20 untrue
1582 1474 7 20 ;
1618 1465 58 29 that,
1697 1465 19 23 if
1731 1469 60 25 true,
1808 1465 29 24 he
1855 1465 20 24 is

1283 1506 27 16 as
1331 1499 66 23 much
1420 1498 143 33 responsible
1585 1499 36 23 for
1642 1499 20 23 it
1686 1506 25 16 as
1741 1506 44 23 any
1809 1498 65 24 other

1283 1539 85 24 person
1376 1541 6 20 ;
1394 1532 57 29 that,
1471 1533 24 23 of
1521 1532 31 23 all
1573 1533 68 23 times
1660 1531 38 24 for
1719 1533 89 30 raising
1828 1532 48 23 that

1284 1566 112 31 question,
1426 1566 47 23 this
1502 1566 21 23 is
1550 1566 38 23 the
1617 1569 61 20 most
1700 1566 174 28 unseasonable,

1284 1599 85 30 during
1390 1599 39 24 the
1453 1600 82 30 sitting
1556 1599 26 23 of
1608 1599 39 23 the
1677 1599 197 29 Commissioner;

1284 1632 51 24 that
1357 1632 100 24 whether
1478 1637 52 19 true
1552 1640 26 16 or
1596 1632 66 29 false,
1682 1632 39 23 the
1742 1632 134 32 population

1284 1665 55 24 here
1352 1673 37 16 are
1396 1670 43 19 not
1448 1666 139 23 answerable
1597 1666 35 23 for
1643 1666 19 23 it
1672 1674 5 21 ;
1699 1666 53 29 and,
1772 1665 50 24 that
1837 1665 39 24 the

1284 1704 70 18 worst
1364 1707 81 23 enemy
1457 1699 26 23 of
1497 1700 40 23 the
1548 1699 84 24 Native
1644 1707 26 15 as
1686 1699 52 23 well
1754 1706 26 17 as
1799 1699 77 23 Euro-

1283 1740 60 24 pean
1367 1732 139 24 inhabitants
1525 1733 25 23 of
1574 1733 46 22 this
1632 1733 98 28 district,
1751 1732 67 23 could
1837 1738 39 18 not

1285 1766 58 24 have
1356 1766 55 24 done
1422 1774 14 16 a
1450 1774 60 16 more
1524 1766 152 31 thoughtless,
1690 1774 14 15 a
1714 1774 64 15 more
1789 1766 87 31 unjust,

1285 1800 45 23 and
1342 1808 14 15 a
1371 1807 61 16 more
1452 1799 128 31 dangerous
1599 1799 68 31 thing
1684 1804 24 19 at
1726 1800 40 23 the
1785 1804 91 26 present

1282 1833 115 31 juncture,
1415 1833 57 23 than
1490 1838 22 18 to
1535 1840 41 24 say
1597 1832 51 24 that
1662 1833 85 31 justice
1770 1832 42 24 has
1834 1837 41 19 not

1286 1867 57 22 been
1355 1867 57 22 done
1424 1871 23 18 to
1459 1866 39 23 the
1509 1866 97 23 Natives
1617 1867 27 22 of
1658 1866 47 23 this
1717 1866 140 23 settlement.

1322 1901 67 23 Since
1401 1900 92 31 writing
1502 1900 39 23 the
1549 1900 121 31 foregoing
1676 1907 33 15 we
1716 1900 59 23 have
1781 1899 97 32 perused

1286 1933 38 24 the
1337 1934 67 23 letter
1423 1934 25 23 of
1472 1933 96 24 Colonel
1588 1933 129 24 Wakefield
1727 1942 6 19 ;
1754 1933 45 24 and
1819 1933 59 23 like-

1287 1968 55 22 wise
1350 1967 65 23 those
1427 1967 25 23 of
1462 1967 45 29 ,the
1521 1966 121 24 Governor
1654 1967 44 23 and
1715 1967 50 23 Mr.
1785 1966 93 24 Clarke.

1288 2001 184 29 Nothing-could
1483 2001 28 22 be
1523 2007 62 16 more
1594 2000 150 30 satisfactory
1755 1999 56 24 than
1829 2000 49 23 that

1286 2033 27 23 of
1336 2033 37 23 his
1393 2032 152 31 Excellency.
1599 2032 72 31 Upon
1701 2033 50 22 that
1778 2033 26 23 of
1830 2032 47 24 Mr.

1288 2066 85 23 Clarke
1384 2074 34 15 we
1429 2065 68 24 make
1508 2072 31 16 no
1558 2065 147 24 observation
1726 2070 23 19 at
1771 2069 93 27 present
1871 2074 5 20 ;

1286 2100 19 22 it
1316 2100 29 28 is,
1358 2100 23 22 in
1392 2100 55 28 fact,
1469 2103 36 18 too
1525 2099 137 30 surprising,
1676 2098 66 23 when
1759 2098 80 31 placed
1856 2100 23 22 in

1284 2132 169 32 juxtaposition
1470 2132 55 23 with
1543 2132 39 23 the
1602 2132 137 30 concluding
1754 2133 125 30 paragraph

1287 2167 27 22 of
1334 2166 36 24 his
1379 2164 177 33 .'Excellency's
1577 2165 76 29 letter,
1679 2171 22 17 to
1724 2166 91 30 require
1837 2173 42 24 any

1288 2204 156 25 commentary
1454 2206 29 17 on
1497 2207 40 16 our
1549 2204 59 25 part.

78 1606 93 20 LATEST
186 1611 65 14 FKOM
261 1611 47 14 THE
317 1604 123 21 WHALING
454 1604 125 20 STATIONS.
609 1602 35 28 By

49 1633 37 20 the
96 1633 101 20 kindness
207 1633 23 20 of
240 1633 42 20 Mr.
293 1632 36 21 W.
339 1632 79 24 Deans,
427 1632 24 20 of
459 1632 77 23 Okiwi,
547 1632 47 19 who
602 1631 41 20 lias

46 1660 47 26 jnst
101 1660 99 20 returned
205 1661 23 19 in
235 1660 36 20 the
278 1661 69 19 cutter
353 1660 102 20 Brothers
462 1660 55 20 from
525 1660 36 19 the
568 1659 76 20 south-

49 1688 64 25 ward,
129 1694 31 14 we
169 1689 54 19 have
236 1688 53 20 been
305 1687 102 21 favoured
420 1687 50 20 with
486 1687 36 20 the
534 1686 110 26 following

46 1717 59 19 •state
124 1716 25 20 of
171 1715 36 21 the
225 1715 102 26 fisheries,
347 1715 52 21 with
418 1715 35 19 the
471 1720 72 15 names
561 1714 25 20 of
606 1714 38 20 the

48 1744 79 25 fishery
143 1743 42 20 and
200 1743 121 24 headsmen,
338 1743 69 20 which
422 1743 27 19 he
466 1743 37 19 has
521 1741 122 28 personally

48 1771 78 21 visited
133 1778 6 13 :
141 1782 28 3 —
169 1771 52 25 July
227 1771 34 24 28,
270 1773 23 17 at
299 1770 82 23 Peraki,
391 1770 158 27 Hemplemans,
559 1771 14 19 8
580 1772 50 18 tons
636 1777 6 17 ;

49 1799 56 20 ditto
116 1799 63 23 ditto,
195 1798 98 24 Ekalaki,
312 1797 67 26 Price,
396 1798 25 20 60
432 1800 49 18 tons
487 1806 6 18 ;
511 1797 55 21 ditto
578 1797 64 25 ditto,

49 1826 41 20 Go'
96 1826 90 23 Ashore,
192 1826 77 24 Wood,
277 1826 26 20 28
310 1828 58 18 tons.
369 1836 28 4 —
397 1826 83 25 August
486 1826 35 24 26,
528 1827 22 18 at
555 1824 88 21 Jacob's

49 1853 72 24 River,
147 1853 90 25 Howell,
262 1854 27 20 40
317 1856 49 18 tons
376 1861 7 17 ;
413 1853 53 21 ditto
493 1853 62 24 ditto.
575 1853 68 24 Bluff,

50 1881 100 26 Sterling,
159 1882 27 19 30
193 1884 57 17 tons.
251 1891 28 5 —
279 1880 84 27 August
373 1882 35 23 28,
416 1883 21 18 at
447 1880 117 24 Wikowiti,
573 1880 69 25 Lone,

49 1910 14 19 3
74 1912 49 17 tons
131 1917 6 16 ;
159 1909 56 20 ditto
232 1908 63 26 ditto,
313 1908 117 25 Wikowiti,
451 1908 76 23 Smith,
550 1908 12 19 6
579 1910 50 18 tons
637 1915 5 17 ;

49 1936 54 21 ditto
114 1936 62 24 ditto,
188 1936 91 24 Maraki,
291 1936 96 26 Hughes,
396 1937 26 19 30
433 1938 62 22 tons;
511 1936 56 19 ditto
577 1936 65 24 ditto,

48 1964 103 24 Toutuki,
164 1964 98 24 Cheslan,
272 1964 28 19 40
310 1966 57 18 tons.
395 1964 45 19 The
458 1966 59 23 great
526 1962 119 27 complaint

49 1993 22 18 at
82 1992 29 19 all
120 1992 36 19 the
169 1991 62 20 shore
245 1991 104 23 'fisheries,
359 1991 21 20 is
395 1992 36 19 the
440 1991 90 20 number
547 1990 24 20 of
583 1990 64 26 ships'

49 2019 79 25 fishing
138 2025 29 14 on
183 2019 37 19 the
237 2021 66 20 coast,
321 2018 68 20 added
400 2021 23 17 to
440 2025 13 13 a
461 2024 51 20 very
528 2018 117 19 inclement

51 2051 83 15 season.
153 2046 68 19 There
231 2051 35 14 are
275 2045 98 26 upwards
379 2045 25 20 of
411 2045 67 26 thirty
485 2045 82 20 French
576 2044 67 26 ships.

48 2073 62 20 Most
117 2073 24 20 of
148 2073 62 20 those
220 2073 81 25 spoken
307 2072 27 26 by
345 2073 36 19 the
391 2074 68 19 cutter
468 2072 113 26 expressed
588 2072 56 19 their

47 2101 130 25 willingness
194 2102 24 18 to
228 2100 49 21 vi&it
292 2100 43 20 this
349 2102 50 24 port
407 2100 34 20 for
457 2100 95 26 supplies
561 2100 20 19 if
594 2099 51 26 they

47 2134 55 14 were
118 2128 88 20 assured
224 2128 47 20 that
287 2128 65 26 pilots
371 2128 42 20 had
430 2128 54 19 been
503 2127 140 21 established.

49 2156 68 26 Many
127 2156 25 20 of
163 2153 37 22 the
210 2155 62 20 shore
281 2155 79 26 parties
371 2155 141 26 contemplate
515 2155 97 25 -moving
621 2157 23 17 to

50 2183 37 21 the
96 2187 52 17 west
157 2187 59 16 coast
231 2183 36 20 the
276 2185 51 18 next
342 2188 84 20 season,
435 2183 69 19 where
515 2183 37 19 the
566 2182 78 21 whales

51 2218 35 14 are
97 2211 45 20 said
151 2213 24 18 to
185 2211 85 25 be'very
279 2210 108 26 plentiful.
388 2221 28 4 —
418 2211 99 19 Colonist.

62 2415 44 20 for
115 2415 36 19 the
160 2420 46 14 weei

261 2414 40 25 ling

341 2420 47 14 iurs(

393 2415 6 13 r
398 2420 33 19 «y,

454 2414 47 25 iept.

66 2500 49 15 1842.

153 2478 52 17 Time
212 2479 21 16 of

149 2500 89 16 Observa-

170 2520 45 17 tion.

267 2488 57 16 Baro-

262 2511 65 15 meter.

343 2489 87 16 Thermo-

355 2512 66 14 meter.

462 2503 55 35 la*

560 2498 62 17 Wind.

47 2578 85 20 Friday-

47 2640 31 18 Sat

174 2579 9 15 8

172 2600 54 20 Ip.m.

174 2642 8 16 8

173 2663 51 21 Ip.m.

172 2685 10 15 5

173 2705 9 16 8

173 2727 55 20 Ip.m.

173 2749 9 14 5

174 2769 9 15 8

175 2790 54 20 Ip.m.

174 2811 10 16 5

175 2832 9 16 8

174 2853 54 21 Ip.m.

174 2875 8 15 5

174 2896 9 15 8

173 2917 21 20 lp
202 2921 26 12 m.

174 2939 8 15 5

174 2960 9 15 8

174 2981 53 20 Ip.m.

268 2580 59 16 30.530

268 2601 59 17 30.510

267 2622 60 17 30.420

267 2643 60 17 30.390

267 2665 60 16 30.320

268 2686 59 17 30.270

370 2579 28 16 47.

370 2601 28 15 56.

372 2622 28 15 53.

372 2643 28 16 51.

372 2665 27 15 58.

371 2686 28 16 60.

457 2602 59 17 None.

541 2580 52 17 N.W.

539 2601 54 17 N.W.

540 2622 52 18 N.W.

539 2643 54 18 N.W.

540 2665 52 17 N.W.

539 2685 53 18 N.W.

541 2707 52 17 N.W.

540 2729 42 16 S.E.

541 2750 41 17 S.E.

541 2771 41 17 S.E.

541 2792 43 17 S.E.

542 2813 43 17 S.E.

542 2833 89 22 Easterly.

542 2855 91 21 Easterly.

542 2876 91 19 Easterly.

542 2897 53 17 N.W.

541 2918 54 18 N;W.

541 2940 54 17 N/W.

541 2961 43 17 S.E.

541 2983 43 16 S.E.

541 3004 43 16 S.E.

462 2666 59 16 None.

48 2703 85 21 Sunday..

268 2769 60 18 29.640

269 2791 60 17 29.740

269 2812 60 17 29.750

269 2834 61 16 29.810

269 2854 61 17 29.760

269 2876 60 16 29.610

269 2897 60 17 29.980

268 2919 61 16 29.890

268 2940 60 16 29.900

269 2960 60 17 30.110

268 2982 60 16 30.130

268 3003 60 17 30.140

459 2729 59 17 None.

48 2766 86 21 Monday.

49 2829 85 22 Tuojday

48 2892 45 18 W«d

373 2771 27 16 50.

372 2791 28 17 49.

373 2812 27 17 48.

374 2833 27 17 45.

373 2854 27 16 49.

373 2876 27 17 52.

374 2897 27 17 51.

374 2919 27 17 59.

373 2940 27 17 58.

373 2962 28 16 54.

372 2983 28 16 55.

373 3004 27 16 55.

469 2792 40 17 0.80

470 2856 39 16 0.15

441 2931 6 5 .
470 2919 38 17 0.13

49 2956 83 18 Thurs...

460 2982 59 17 None.

52 3060 82 23 Friday...

51 3124 33 18 Sat

50 3187 85 21 Sunday..

51 3250 84 20 Monday.

175 3064 11 16 8

175 3085 54 21 Ip.m.

175 3107 10 14 5

177 3128 9 14 8

175 3149 54 19 Ip.m.

175 3170 10 15 5

176 3190 10 16 8

177 3211 54 21 lp.ni.

176 3233 10 15 5

177 3253 9 16 8

176 3275 56 20 Ip.m.

176 3297 10 15 6

177 3317 10 16 s

177 3338 55 21 Ip.m.

177 3360 10 15 i

177 3381 10 15 8

177 3401 56 21 Ip.m.

177 3424 10 15 5

177 3444 10 16 S

177 3465 56 21 Ip.m.

177 3487 10 15 s

387 3046 127 17 REMARKS.

256 3066 55 21 Light
318 3067 63 17 breeze
388 3067 36 17 and
431 3068 43 16 fine.

298 3088 34 17 Do.
377 3088 32 17 Do.
452 3088 34 17 Do.
499 3097 2 4 •

299 3109 33 16 Do.
377 3109 37 17 Do.
454 3109 36 18 Do.

256 3129 95 18 Moderate
358 3130 64 17 breeze
428 3131 38 16 and
471 3135 44 16 very
522 3131 43 16 fine.

299 3150 33 18 Do.
377 3152 35 18 Do.
455 3152 35 16 Do.

268 3177 5 3 •
299 3171 33 17 Do.
377 3172 34 18 Do.
454 3173 34 16 Do.

299 3192 34 17 Do.
352 3205 4 6 ,
377 3193 34 17 Do.
454 3194 33 17 Do.

299 3213 33 18 Do.
377 3215 33 16 Do.
452 3215 45 16 with
505 3215 50 17 rain.

257 3234 66 21 Strong
329 3235 67 17 breeze-
400 3235 45 18 with
450 3235 46 18 rain.

257 3255 94 17 Moderate
357 3257 69 19 breeze,
435 3257 71 20 cloudy.

257 3276 51 15 Calm
316 3277 37 16 and
360 3277 71 21 cloudy.

301 3297 34 17 Do.
377 3298 35 18 Do.
455 3298 45 18 with
506 3298 49 18 rain.

300 3317 35 18 Do.
346 3323 3 3 •
379 3319 33 17 Do.
456 3319 35 17 Do.

279 3344 3 4 ■
300 3338 34 17 Do.
376 3340 34 17 Do.
453 3341 34 17 Do.

301 3358 34 19 Do.
379 3361 34 16 Do.
455 3362 35 16 Ds.

258 3380 55 21 Light
320 3382 64 16 breeze
392 3382 36 16 and
435 3383 43 16 fine.

259 3401 94 17 Moderate
360 3403 63 16 breeze
431 3404 37 16 and
475 3403 42 17 fine.

301 3422 34 17 Do.
379 3423 33 16 Do.
454 3424 34 17 Do.

259 3443 51 17 Calm
316 3443 38 17 and
361 3447 45 17 very
411 3444 41 17 fine-.

259 3464 67 21 Strong
332 3465 64 16 breeze
403 3465 36 16 and
446 3467 88 16 overcast.

302 3485 35 17 Do.
380 3485 34 17 Do.
456 3486 42 17 fine.

52 3313 84 21 Tuesday

52 3377 45 17 Wad

52 3440 52 17 Thur
118 3450 19 8 ...
