2540 4050
1283 2716 119 17 Statement
1409 2721 23 12 of
1439 2721 41 12 the
1493 2716 90 17 Number
1592 2721 25 11 of
1624 2720 41 13 the
1678 2717 92 16 Country
1780 2718 92 17 Sections

1303 2744 105 17 Surveyed
1437 2749 42 12 and
1508 2745 79 16 Chosen
1616 2749 23 12 in
1661 2749 41 12 the
1728 2745 95 18 District
1848 2751 24 12 of

1304 2771 126 17 Manawatu.

1302 3380 38 18 The
1348 3382 55 17 Town
1411 3382 20 17 of
1439 3381 108 22 Wanganui
1553 3381 34 17 has
1597 3380 38 18 also
1646 3382 47 16 been
1704 3381 38 17 laid
1752 3382 35 19 out,
1796 3383 36 17 and
1839 3381 30 19 the'

1282 3402 82 16 Sections
1371 3403 73 15 chosen.

1928 2160 34 27 By
1970 2178 3 5 ,
1982 2168 14 14 a
2011 2160 75 22 notice
2100 2161 119 27 published
2232 2162 24 22 in
2271 2162 38 22 the
2326 2163 53 26 Cape
2392 2164 28 24 of
2433 2164 59 21 Good

1900 2188 61 25 Hope
1972 2189 136 20 Government
2121 2190 87 20 Gazette
2217 2196 27 14 on
2261 2189 38 22 the
2309 2190 52 21 15th
2370 2189 66 27 June,
2455 2198 36 15 we

1901 2214 62 22 learn
1977 2215 49 22 that
2038 2215 36 22 the
2090 2216 111 27 emigrant
2213 2216 92 22 farmers
2315 2218 24 20 at
2354 2217 52 21 Port
2422 2218 70 22 Natal

1901 2241 44 22 had
1964 2242 83 27 openly
2057 2243 102 22 declared
2178 2243 47 22 that
2241 2243 52 27 they
2312 2243 78 22 would'
2400 2248 39 18 not
2453 2252 35 15 re-

1902 2269 90 26 cognise
1999 2269 40 22 the
2046 2269 112 28 authority
2165 2270 27 22 of
2199 2270 35 22 the
2243 2270 82 22 British
2333 2275 155 23 government,

1902 2295 45 22 and
1956 2295 45 22 had
2017 2297 79 21 beaten
2112 2297 37 22 the
2159 2300 74 26 troops
2250 2302 51 17 sent
2315 2297 50 22 into
2378 2297 60 23 their
2446 2298 46 23 dis-

1902 2323 56 21 trict.

1930 2349 47 23 Our
1985 2350 90 22 readers
2091 2358 36 15 are
2138 2358 72 16 aware
2220 2351 48 22 that
2277 2359 14 14 a
2301 2351 61 28 body
2372 2352 26 22 of
2406 2355 84 25 troops,

1903 2376 67 23 about
1988 2382 43 17 two
2048 2377 100 23 hundred
2166 2382 83 24 strong,
2266 2386 58 15 were
2335 2382 47 19 sent
2396 2379 47 23 into
2453 2380 39 22 the

1902 2404 67 21 Natal
1984 2408 102 24 country,
2104 2406 149 21 commanded
2268 2406 31 27 by
2308 2406 94 28 Captain
2418 2406 74 23 Smith

1902 2430 25 22 of
1939 2430 36 23 the
1985 2431 54 22 27th
2053 2432 117 26 regiment.
2199 2432 47 23 The
2259 2432 99 28 journey
2365 2432 57 23 from
2433 2434 57 23 Gra-

1902 2457 71 23 ham's
1978 2458 70 22 Town
2055 2465 43 15 was
2103 2460 126 27 performed
2237 2459 93 22 without
2339 2467 45 20 any
2389 2460 101 23 obstruc-

1903 2484 51 28 tion,
1966 2485 58 22 until
2039 2485 37 22 the
2090 2489 73 25 troops
2173 2486 87 23 arrived
2270 2494 56 15 near
2335 2486 75 28 Natal,
2425 2488 66 22 when

1903 2511 37 22 the
1950 2512 158 23 commandant
2118 2514 26 21 of
2154 2513 40 22 the
2209 2513 92 23 settlers'
2312 2517 75 24 troops
2401 2514 89 23 desired

1904 2538 92 28 Captain
2008 2539 72 22 Smith
2089 2539 110 29 instantly
2207 2545 21 18 to
2234 2541 48 27 quit
2291 2540 75 28 Natal,
2376 2542 46 21 and
2431 2548 59 22 upon

1902 2565 34 22 his
1945 2566 102 27 refusing
2057 2571 21 17 to
2086 2566 27 23 do
2119 2575 31 19 so,
2162 2575 15 14 a
2184 2568 101 27 quantity
2292 2568 25 21 of
2324 2567 65 22 cattle
2397 2568 94 28 belong-

1902 2592 37 27 ing
1949 2597 21 18 to
1981 2593 39 22 the
2031 2594 83 22 British
2124 2598 75 24 troops
2208 2601 56 16 were
2281 2594 69 22 taken
2366 2601 70 22 away,
2446 2596 46 22 and

1902 2620 86 21 various
1998 2624 48 18 acts
2056 2620 26 22 of
2088 2627 131 22 annoyance
2228 2621 147 29 perpetrated.

1928 2646 33 23 To
1977 2651 94 24 prevent
2086 2647 37 23 the
2139 2648 117 28 repetition
2272 2648 27 22 of
2313 2648 56 23 such
2385 2649 106 28 conduct,

1903 2673 93 27 Captain
2005 2674 73 22 Smith
2088 2674 139 23 determined
2238 2678 23 19 to
2276 2675 67 22 make
2359 2683 13 14 a
2382 2676 66 27 night
2457 2680 36 18 at-

1902 2701 51 22 tack,
1963 2709 61 19 upon
2034 2701 37 22 the
2075 2702 62 22 rebel
2143 2707 72 23 camp,
2225 2702 73 23 which
2304 2709 46 15 was
2358 2702 66 23 about
2428 2703 64 23 three

1902 2727 63 23 miles
1973 2730 61 20 from
2050 2728 36 22 the
2102 2730 96 27 position
2216 2729 71 22 which
2300 2729 31 22 he
2340 2736 46 16 was
2395 2737 97 21 occupy-

1902 2755 38 27 ing
1947 2763 6 19 ;
1970 2756 47 21 and
2032 2756 145 28 accordingly
2187 2757 68 21 about
2268 2756 81 22 eleven
2365 2756 93 28 o'clock,
2477 2765 15 14 a

1903 2785 62 25 party
1975 2783 120 27 consisting
2102 2784 24 21 of
2133 2784 35 21 six
2178 2784 91 27 officers,
2281 2783 45 22 and
2336 2791 41 14 one
2387 2783 105 24 hundred

1902 2808 45 22 and
1963 2810 128 27 twenty-six
2100 2810 105 28 privates,
2222 2810 107 22 marched
2344 2811 95 21 towards
2453 2811 39 23 the

1902 2843 64 21 camp
1980 2836 74 22 which
2064 2844 44 15 was
2123 2841 23 18 at
2155 2845 15 14 a
2183 2839 63 26 place
2262 2837 74 22 called
2352 2838 110 27 Congella,
2478 2846 14 15 a

1902 2862 105 23 howitzer
2022 2864 24 21 in
2061 2871 13 14 a
2090 2864 52 22 boat
2157 2864 84 28 having
2258 2865 56 22 been
2329 2869 50 17 sent
2394 2870 23 16 to
2431 2869 61 19 meet

1904 2889 60 23 them
1980 2890 31 28 by
2029 2890 94 23 another
2236 2892 49 22 The
2301 2892 58 26 boat,
2379 2890 110 29 however,

1902 2916 38 22 did
1947 2922 42 17 not
1997 2918 73 22 arrive
2079 2918 24 22 in
2118 2918 62 28 time,
2199 2918 45 22 and
2253 2923 23 17 at
2285 2926 15 14 a
2315 2918 60 22 short
2390 2918 101 24 distance

1901 2944 57 22 from
1972 2944 39 22 the
2027 2952 64 20 camp
2106 2953 14 14 a
2135 2945 75 28 heavy
2222 2945 40 22 fire
2277 2945 27 21 of
2312 2945 117 28 musketry
2445 2953 46 15 was

1902 2972 87 26 opened
2006 2972 59 22 from
2083 2971 38 23 the
2138 2972 66 27 bush,
2223 2972 73 22 which
2311 2972 125 26 compelled
2450 2973 40 22 the

1900 2998 93 22 soldiers
2002 3001 25 19 to
2036 2999 72 21 retire.
2138 2999 49 22 The
2196 3002 76 18 return
2283 2999 27 21 of
2316 2998 39 22 the
2363 2999 71 22 killed
2443 2999 47 23 and

1902 3025 107 22 wounded
2016 3025 20 21 is
2045 3029 40 17 not
2090 3025 125 28 published,
2225 3025 42 23 but
2272 3025 20 22 it
2295 3028 62 20 must
2365 3025 57 23 have
2429 3027 61 25 heen

1901 3052 159 27 considerable,
2071 3053 45 21 and
2123 3052 107 22 included
2237 3052 62 22 three
2309 3052 93 28 officers,
2414 3053 76 24 Lieut.

1902 3078 80 28 Wyatt,
1994 3079 24 22 of
2031 3079 36 21 the
2078 3079 73 28 Royal
2160 3079 114 28 Artillery,
2285 3079 77 28 killed,
2372 3080 45 22 and
2426 3081 63 28 Capt.

1900 3105 111 23 Lonsdale
2022 3106 45 22 and
2076 3106 73 22 Lieut.
2160 3106 114 28 Tunnard,
2286 3107 26 21 of
2322 3106 38 22 the
2368 3107 54 23 27th
2431 3108 59 27 regi-

1900 3137 68 23 ment,
1985 3133 101 27 severely
2102 3133 118 27 wounded,
2238 3133 45 23 and
2300 3133 61 23 from
2375 3133 40 23 the
2431 3142 60 16 oxen

1900 3159 47 21 that
1963 3167 56 16 were
2037 3159 105 28 drawing-
2151 3159 64 23 them
2229 3160 67 28 being
2310 3160 57 28 shot,
2374 3177 2 5 .
2383 3163 46 23 two
2443 3162 47 22 six-

1898 3187 110 26 pounders
2018 3194 56 15 were
2083 3187 42 22 left
2133 3187 91 27 behind,
2253 3188 49 22 The
2306 3187 74 23 rebels
2385 3188 105 24 followed

1900 3213 36 21 the
1946 3219 74 23 troops
2031 3219 22 16 to
2063 3213 37 23 the
2112 3222 73 20 camp,
2196 3214 43 22 and
2245 3215 107 22 attacked
2360 3215 17 21 it
2387 3222 29 16 on
2426 3215 62 23 three

1900 3239 64 29 sides,
1975 3240 48 22 and
2034 3248 56 14 were
2102 3241 52 22 with
2168 3241 110 29 difficulty
2288 3242 80 22 beaten
2377 3242 35 23 off
2420 3243 70 22 about

1899 3273 29 15 an
1937 3267 57 23 hour
2001 3267 77 23 before
2090 3267 108 29 daylight.

1926 3294 94 29 Captain
2030 3294 72 23 Smith
2110 3296 73 27 urged
2191 3295 38 23 the
2237 3295 112 29 necessity
2356 3296 24 22 of
2386 3295 104 24 immedi-

1899 3321 58 28 ately
1966 3321 97 28 sending
2075 3321 48 24 him
2133 3330 14 14 a
2152 3323 186 27 .reinforcement,
2351 3330 24 15 as
2384 3323 35 23 his
2427 3323 63 25 force

1899 3355 43 15 was
1955 3349 81 26 totally
2045 3349 134 29 inadequate
2187 3354 30 24 ,to
2227 3351 98 26 perform
2340 3350 37 22 the
2387 3349 56 29 duty
2452 3357 36 16 re-

1898 3375 79 28 quired
1986 3377 26 20 of
2018 3377 25 21 it.
2095 3391 2 6 v
2305 3396 4 7 v

1924 3402 48 22 The
1987 3402 94 23 handful
2090 3404 27 22 of
2130 3403 78 29 people
2219 3407 27 23 ,at
2255 3403 77 28 Natal,
2349 3403 42 27 (we
2399 3403 89 23 believe

1898 3429 68 23 about
1975 3430 78 22 fifteen
2064 3430 128 28 thousand,)
2210 3436 80 17 cannot
2304 3431 58 31 hope
2375 3431 51 21 that
2434 3431 55 27 they

1898 3455 44 23 will
1960 3457 27 22 be
2005 3457 95 23 allowed
2119 3462 23 18 to
2161 3459 64 22 settle
2244 3466 25 14 as
2288 3465 29 15 an
2335 3457 153 28 independent

1898 3483 93 28 Colony,
2001 3488 104 24 contrary
2115 3488 23 19 to
2147 3485 40 22 the
2196 3485 54 22 wish
2259 3485 27 21 of
2292 3485 38 21 the
2344 3484 83 22 British
2437 3485 49 21 Go-

1898 3515 126 24 vernment,
2039 3511 45 22 and
2092 3512 120 27 therefore,
2226 3511 97 28 prudent
2332 3518 25 15 as
2366 3511 57 28 they'
2427 3511 59 22 have

1890 3537 104 24 thitherto
2009 3538 80 23 shown-
2100 3539 139 26 themselves,
2255 3546 34 15 we
2302 3544 43 16 can
2359 3537 80 33 hardly
2449 3546 39 14 ac-

1898 3567 65 20 count
1977 3566 36 21 for
2031 3565 57 22 their
2102 3566 86 28 having
2203 3564 145 23 commenced
2361 3564 124 28 hostilities,

1898 3591 72 23 which
1978 3593 32 27 by
2017 3593 85 27 seizing
2111 3593 38 22 the
2159 3593 73 26 cattle,
2243 3592 54 28 they
2304 3598 83 21 appear
2394 3594 24 20 to
2427 3591 59 23 have

1897 3619 64 22 done.
2132 3625 19 14 v
2292 3634 5 9 t
2305 3639 4 4 ,
2325 3635 3 6 ,

1897 3650 25 20 !>
1925 3646 121 23 Whatever
2060 3650 58 24 steps
2134 3654 54 20 may
2201 3646 37 22 be.
2243 3645 75 28 taken,
2333 3645 37 22 the
2383 3646 103 27 question

1898 3673 44 23 will
1956 3674 35 22 be.
1998 3681 14 15 a
2022 3681 53 21 very
2085 3673 96 24 difficult
2194 3680 42 15 one
2250 3674 23 21 to
2287 3672 72 27 settle,
2369 3672 36 23 for
2418 3673 68 22 while

1897 3700 37 22 the
1949 3700 89 23 settlers
2051 3701 86 22 remain
2151 3700 24 23 in
2191 3707 64 20 arms,
2272 3700 54 27 they
2335 3699 45 22 will
2392 3699 30 23 be
2432 3707 55 16 con-

1897 3727 88 24 sidered
1997 3728 81 27 rebels,
2093 3727 46 23 and
2148 3727 39 22 the
2204 3727 155 22 Government
2371 3727 75 22 refuse
2462 3731 23 18 to

1897 3756 57 21 treat
1967 3754 55 23 with
2033 3754 59 23 them
2100 3763 6 19 ;
2123 3754 51 22 and.
2181 3753 55 23 until
2252 3753 53 28 they
2314 3760 39 15 are
2366 3754 86 22 certain
2462 3755 28 22 of

1896 3781 129 28 obtaining,
2030 3781 112 29 equitable
2145 3784 82 23 .terms,
2243 3780 38 23 the
2290 3779 87 24 settlers
2387 3780 46 23 will
2448 3788 37 16 re-

1896 3808 46 23 fuse
1952 3812 23 19 to
1985 3808 39 29 lay
2032 3808 65 22 down
2107 3807 59 23 their
2176 3814 64 15 arms.
2279 3814 4 5 -
2295 3807 4 10 '
2426 3817 6 3 -

1923 3835 54 22 Thi
1990 3835 20 22 is
2019 3834 92 23 another
2123 3834 70 28 Whig
2204 3833 79 29 legacy
2291 3834 36 22 for
2340 3833 37 23 the
2388 3833 97 24 Conser-

1897 3861 72 24 vative
1979 3862 159 22 Government.
2413 3874 13 20 \
2448 3877 10 10 *

1923 3909 48 24 The
1981 3910 110 28 Emperor
2099 3910 27 22 of
2136 3909 85 27 Rusiia.
2226 3909 41 23 has
2274 3909 75 23 issued
2355 3910 131 29 imperative

1897 3937 74 23 orders
1992 3936 137 28 throughout
2151 3936 36 24 his
2215 3937 128 23 dominions
2369 3938 117 27 enforcing

1897 3963 83 30 strictly
1991 3964 38 23 the
2038 3963 54 23 lawa
2099 3963 98 28 relating
2206 3967 22 19 to
2234 3970 15 16 a
2253 3964 47 22 free
2308 3963 62 25 trade
2377 3965 107 29 itngrain.

53 143 43 22 last
110 140 94 23 number
228 137 26 22 of
275 135 42 23 the'
333 136 97 25 Colonist,
451 141 90 16 accuses
561 142 36 15 me
617 136 26 22 of

54 167 108 30 charging
180 165 45 21 him
240 160 190 29 with'tampering
443 161 60 26 with,
512 161 39 23 the
564 162 76 22 native

54 194 108 29 question.
221 193 80 32 '"'",'
368 200 3 7 '
406 197 3 5 '
535 200 3 3 '
571 196 3 6 '

80 228 24 22 It
111 228 20 21 is
140 229 54 23 true,
205 223 49 24 that
261 222 39 22 the
312 224 86 20 Gazette
406 223 26 22 of
438 223 44 22 last
487 223 69 28 week,
563 223 78 22 makes

55 254 43 23 this
106 253 80 26 charge
195 251 87 27 against
364 250 41 22 but
419 249 11 22 I
446 252 77 21 am_at
538 257 18 14 a.
564 249 45 22 loss
618 253 23 18 to

54 279 103 25 conceive
165 277 60 28 -why
241 277 17 21 F
272 284 38 14 am
324 277 55 22 held
397 276 145 23 accountable
560 277 38 21 for
612 277 28 21 its

53 306 116 28 opinions.-
195 304 13 21 I
219 310 42 15 can
270 303 54 33 only
333 311 46 21 say,
392 303 49 22 that
449 304 12 21 I
470 303 67 22 knew
544 303 96 28 nothing

54 334 25 23 of
88 332 38 23 the
135 330 78 23 article
220 330 100 23 referred
334 334 24 19 to
367 329 59 24 until
435 330 12 22 I
457 337 50 15 saw.
510 330 19 22 it
537 329 25 23 in
570 330 68 27 print.

80 366 11 22 I
107 371 38 15 am
158 363 87 23 further
250 363 101 23 'accused
367 364 28 22 of
404 363 83 29 having
500 363 67 23 made

54 393 77 23 efforts-
138 391 36 22 for
185 390 41 29 the,
239 390 138 28 adjustment
391 391 26 21 of
426 392 77 20 native

53 419 41 23 and
104 417 25 23 of
138 416 92 29 having,
240 419 24 19 at
272 425 14 13 a
294 418 75 27 public
378 418 107 27 meeting,
493 416 52 22 held
561 419 24 19 at
601 416 37 22 the

190 443 104 23 declared
388 444 12 22 I
409 444 46 22 had
464 447 41 19 not
514 443 67 22 taken
593 451 45 19 any

51 474 61 27 great
120 470 87 22 trouble
221 473 24 19 to
254 477 54 20 urge
313 477 67 21 upon
389 471 101 28 Captain-
494 470 96 22 Hobson
595 470 43 22 -the

51 496 107 29 necessity
167 497 26 22 of
199 497 39 22 the
247 497 128 23 settlement
385 498 26 21 of
420 497 41 23 the
468 497 76 22 native
547 496 90 26 'claims,

51 526 100 25 because,
160 524 26 22 in
196 524 139 28 compliance
345 524 54 22 with
408 524 38 22 the
459 523 146 23 instructions
615 519 25 26 of

52 552 34 22 the
95 552 122 26 Company,
225 551 12 21 I
242 558 45 14 was
293 551 99 22 desirous
398 550 26 22 of
427 550 96 28 keeping
527 550 38 22 the
572 556 66 21 ques-

52 579 44 22 tion
103 585 64 20 open;
177 577 24 23 in
209 577 65 22 order
282 577 49 23 that
340 578 18 22 it
366 577 73 27 might
446 578 29 22 be
484 577 66 22 made
562 583 30 15 an
602 576 35 22 in-

52 607 106 21 strument
162 605 26 21 in
192 604 38 22 the
239 604 71 22 hands
317 605 26 21 of
347 604 39 22 the
393 604 114 22 Directors
512 604 35 21 for
550 603 87 22 attack-

50 633 37 25 ing
93 630 38 22 the
141 631 70 22 Local
427 631 55 22 This
486 630 151 28 procedures

52 658 114 22 described
173 665 24 15 as
206 657 39 22 the
254 665 62 15 more
324 658 110 28 impolitic
443 658 46 22 and
498 657 77 27 unjust
614 663 23 15 as

51 685 17 21 it
76 684 39 22 has
126 684 60 22 since
195 685 112 28 appeared
315 684 50 22 that
374 684 12 22 I
394 691 46 15 was
449 687 25 19 at
486 684 38 22 the
537 686 101 19 moment

51 710 127 23 authorised
186 711 32 27 by
228 711 91 27 Captain
326 711 95 22 Hobson
432 710 98 28 to'adopt
536 710 37 21 the
583 710 54 27 only

50 737 69 27 really
128 737 99 22 efficient
242 744 117 15 measures'
367 738 36 21 for
415 737 92 27 putting
522 744 14 14 a
550 740 50 24 stop
615 739 22 19 to

49 765 36 21 the
96 764 97 28 disputes
202 764 52 21 thus
260 763 137 27 occasioned,
413 764 31 27 by
460 764 84 27 buying
562 770 31 22 up
608 763 27 22 all

49 790 129 22 unsatisfied
406 803 4 7 v

77 825 10 22 I
98 823 62 33 reply
168 826 24 20 to
202 824 62 22 these
273 825 71 26 grave'
357 824 99 28 charges,
474 824 95 23 because
584 823 52 28 they

52 859 43 19 are,
105 850 79 23 unlike
193 858 62 15 some
263 851 122 28 preceding
394 851 64 26 'ones,
477 851 88 28 specific
573 858 5 20 ;
599 851 37 21 be-

51 885 64 15 cause
126 877 54 31 they
189 877 67 23 affect
265 877 37 23 the
312 877 116 23 character
436 879 27 21 of
472 877 39 23 the
525 877 111 22 Directors

51 905 25 22 of
86 904 38 22 the
132 905 3 4 '
142 905 56 21 New
206 904 104 23 .Zealand
327 905 128 28 Company;
472 904 52 27 and,
531 904 54 22 Jest
600 911 36 20 my

51 931 122 23 continued
182 931 81 22 silence
277 931 73 22 under
365 933 138 21 accusations
518 931 118 22 contained

50 959 23 21 in
89 958 38 22 the
145 959 99 24 Colonist,
260 958 71 28 might
346 958 53 22 lead
413 957 38 23 the
465 957 76 29 public
551 961 23 18 to
585 964 51 15 con-

51 985 64 22 clude
125 985 49 22 that
184 985 11 22 I
207 985 56 22 have
273 992 35 15 no.
312 992 86 15 answer
407 988 22 18 to
438 985 70 22 them.

77 1019 28 21 In
119 1021 88 26 respect
223 1022 23 18 to
261 1018 38 23 the
409 1018 26 21 of
444 1018 91 26 having,
545 1016 45 23 had
600 1016 36 23 the

49 1045 56 27 folly
114 1049 22 18 to
150 1049 61 19 utter
225 1049 23 18 at
263 1053 21 14 a.
290 1046 81 27 pub.Uc.
381 1045 105 26 meeting,
498 1044 37 22 the
545 1043 91 25 .wicked

49 1079 94 22 purpose
154 1072 26 22 of
189 1072 165 28 keepingiopeu
363 1071 43 24 ;the
415 1072 76 21 native
501 1070 102 27 question
614 1071 22 20 in

51 1098 62 22 order
122 1101 23 19 to
153 1098 89 22 furnish
256 1098 98 26 grounds
364 1098 25 21 of
400 1097 75 22 attack
491 1104 30 15 on
532 1096 37 22 the
578 1096 58 23 local

53 1126 166 25 Government;
235 1125 12 22 I
260 1125 92 25 declare,
364 1126 57 19 most
436 1123 115 27 solemnly,
562 1122 51 23 that
625 1123 11 22 I

52 1159 67 15 never
134 1154 23 19 at
171 1159 45 19 any
227 1151 52 22 time
297 1151 65 22 made
376 1150 54 22 such
446 1158 14 14 a
474 1153 127 23 statement,
611 1157 25 14 or

51 1178 54 22 used
114 1178 72 22 words
195 1178 72 22 which
274 1185 48 19 can,
331 1177 31 27 by
366 1185 44 19 any
416 1176 157 27 construction,
583 1176 53 23 bear

51 1206 49 21 that
106 1205 168 28 interpretation
280 1212 6 19 ;
298 1204 50 27 and,
360 1204 20 23 I.
382 1204 136 27 confidently
526 1204 87 27 appeal,
614 1207 22 18 to

51 1232 36 22 the
98 1239 90 21 persons
199 1231 125 22 assembled
340 1234 23 19 at
372 1231 37 22 the
418 1231 76 27 public
505 1230 99 28 meeting
611 1230 24 22 in

52 1258 107 28 question,
171 1261 24 20 to
204 1258 141 23 corroborate
355 1265 39 20 my
402 1258 117 22 assertion.

77 1292 42 27 My
132 1292 142 22 instructions
292 1293 58 21 from
369 1291 38 22 the
427 1291 115 30 Directors
557 1291 26 21 of
601 1291 36 22 the

52 1320 121 27 Company,
183 1321 23 20 to
216 1319 64 22 assist
293 1319 92 27 Captain
403 1319 91 21 llobson
503 1319 24 21 in
536 1325 43 20 any
588 1326 49 19 way

50 1345 23 22 in
82 1353 39 24 my
129 1354 81 19 power,
219 1346 42 22 and
272 1353 43 20 my-
319 1352 48 15 own
378 1350 46 17 acts
433 1341 149 34 o|fdeference
592 1345 45 22 and

51 1369 131 26 submission
191 1376 24 19 to
223 1373 35 21 his
267 1372 117 27 authority,
395 1371 57 23 have
461 1372 57 22 been
530 1374 36 19 too
576 1372 61 21 often

51 1399 117 28 published
177 1402 22 19 to
216 1399 81 22 render
312 1399 18 22 it
344 1406 119 20 necessary
472 1399 35 21 for
517 1405 38 15 me
564 1401 24 19 to
599 1406 38 19 say

51 1426 49 22 that
108 1425 53 28 they
171 1433 37 15 are
219 1429 39 18 not
272 1426 121 22 consistent
403 1425 51 22 with
470 1425 38 22 the
519 1425 119 22 diabolical

51 1452 61 28 spirit
120 1453 93 28 implied
220 1453 24 21 in
255 1452 37 22 the
301 1453 80 27 speech
392 1452 121 22 attributed
522 1454 23 19 to
556 1459 43 15 me.

77 1486 33 22 To
119 1491 74 17 revert
208 1489 24 19 to
241 1494 38 21 my
288 1486 109 33 supposed
412 1489 67 19 want
482 1486 26 21 of
520 1486 73 21 efforts
602 1486 35 22 for

52 1512 37 23 the
100 1512 135 28 adjustment
244 1515 26 20 of
274 1516 74 19 native
359 1513 104 27 disputes.
492 1513 33 22 At
534 1512 37 22 the
582 1513 55 27 pub-

51 1540 28 21 lic
84 1540 104 28 meeting,
195 1540 55 22 held
259 1547 54 15 soon
322 1540 56 22 after
386 1540 169 26 Ranghiaieta's
562 1540 75 22 attack

52 1573 27 15 on
91 1566 36 22 the
145 1568 92 21 Porirua
253 1568 91 26 settlers,
356 1567 11 21 I
379 1566 123 28 explained,
515 1566 11 22 I
543 1566 92 28 believe,

51 1596 21 18 to
82 1593 38 22 the
130 1594 135 22 satisfaction
276 1594 25 22 of
313 1594 28 22 all
350 1597 96 24 present,
460 1594 33 25 (as
504 1593 93 22 evinced
608 1594 29 28 by

50 1620 38 21 the
106 1621 78 27 manly
202 1621 188 27 congratulations
409 1620 26 22 of
454 1620 38 22 the
510 1620 127 27 gentleman

51 1646 50 22 who
110 1647 45 22 had
163 1648 43 21 felt
221 1648 18 21 it
254 1648 33 20 his
297 1648 54 27 duty
361 1650 23 19 to
399 1647 101 27 question
513 1655 37 13 me
561 1654 29 14 on
599 1648 38 20 the

51 1673 102 28 subject,)
164 1674 50 22 that
228 1674 12 22 I
256 1674 45 22 had
317 1674 57 22 done
390 1674 31 21 all
435 1674 25 22 in
469 1681 39 21 my
517 1681 80 21 power,
608 1674 29 28 by
644 1675 2 27 |

51 1702 184 26 representations
252 1704 23 18 to
291 1701 36 22 the
347 1700 130 22 authorities
489 1700 53 22 'and
560 1703 22 19 to
601 1701 36 21 the

53 1727 54 22 New
124 1728 99 22 Zealand
240 1728 121 27 Company,
378 1731 22 18 to
419 1728 93 27 remedy
528 1728 36 21 the
584 1728 54 21 evils

53 1754 137 28 complained
213 1755 29 21 of.
279 1755 73 22 Those
375 1755 186 27 representations
581 1762 58 14 were

53 1781 64 21 made
133 1781 125 27 previously
268 1784 23 18 to
301 1782 37 21 the
353 1781 51 21 visit
412 1781 25 21 of
450 1782 34 21 his
502 1781 136 28 Excellency

52 1808 37 21 the
104 1808 119 22 Governor
238 1811 22 19 to
277 1808 53 22 Port
346 1807 133 23 Nicholson.
507 1808 66 27 Upon
591 1808 48 22 that

53 1834 101 22 occasion
164 1835 13 21 I
186 1835 105 22 obtained
300 1835 58 22 from
371 1835 93 27 Captain
476 1835 99 22 Hobson.
586 1835 53 22 with

52 1861 37 21 the
100 1861 118 23 assistance
228 1862 26 21 of
265 1862 37 22 the
318 1862 107 26 powerful
438 1862 46 22 and
494 1862 144 27 enlightened

53 1888 114 28 advocacy
176 1889 26 21 of
208 1889 38 21 the
256 1889 67 22 Chief
329 1888 86 23 Justice
427 1889 44 22 and
481 1888 37 22 the
530 1889 109 28 Attorney

54 1915 103 27 General,
171 1915 67 22 what,
247 1923 43 14 was
307 1916 128 22 considered
443 1916 39 27 'by
491 1922 68 20 many
573 1916 65 22 influ-

53 1942 67 21 ential
129 1942 93 27 settlers,
234 1942 50 22 who
300 1950 57 14 were
367 1942 133 27 acquainted
510 1942 54 22 with
573 1942 24 27 it,
611 1950 25 14 an

53 1968 71 28 ample
134 1976 119 15 assurance
268 1969 26 22 of
303 1969 104 23 facilities
422 1972 24 19 to
462 1973 40 23 put
519 1972 22 18 to
554 1973 47 18 rest
610 1969 29 22 all

53 1996 101 27 disputed
164 1996 120 27 questions,
292 1997 99 21 between
402 1996 37 21 the
450 1996 85 22 settlers
545 1996 45 22 and
601 1997 37 21 the

52 2027 93 17 natives.
183 2023 23 20 It
223 2030 44 13 whs
286 2022 118 22 contained
420 2022 24 21 in
447 2029 2 8 1
462 2023 39 21 the
524 2022 115 27 following

51 2047 65 22 letter
123 2047 60 22 from
193 2048 34 21 his
237 2047 134 29 Excellency
377 2056 6 13 :

230 2081 25 17 To
264 2081 29 17 W.
301 2081 106 22 Wdkefield,
415 2081 46 23 Etq.

72 2107 41 19 Sir,
136 2108 21 16 In
171 2107 50 16 order
233 2109 18 14 to
263 2108 61 16 enable
335 2112 36 16 you
379 2109 18 15 to
409 2107 46 17 fulfil
467 2108 31 16 the
509 2110 128 19 engagements

52 2128 57 16 which
117 2128 31 17 the
159 2128 45 17 New
216 2128 78 17 Zealand
309 2129 90 20 Company
408 2128 48 17 hve
467 2130 74 15 entered
547 2129 39 16 into
594 2130 44 16 with

53 2149 29 16 the
90 2149 64 21 public,
162 2149 11 17 I
180 2150 34 20 beg
219 2151 17 14 to
244 2149 83 20 acquaint
334 2154 42 16 you,
383 2150 27 16 for
420 2154 46 16 your
473 2150 69 20 private
549 2150 88 20 guidance

53 2170 35 16 and
96 2170 120 19 information,
225 2170 39 16 that
275 2170 30 16 the
317 2170 62 17 Local.
383 2171 122 16 Government
512 2170 36 17 will
556 2171 81 16 sanction

53 2195 34 16 any
94 2190 89 21 equitable
190 2192 127 19 arrangement
326 2196 36 15 you
373 2195 41 16 may
421 2192 55 16 make
484 2192 19 16 to
513 2192 66 16 induce
587 2192 51 16 those

54 2211 79 19 Natives,
141 2212 40 16 who
188 2211 59 17 reside
254 2211 63 17 within
324 2212 31 16 the
362 2211 57 17 limits
428 2213 78 16 referred
515 2214 18 15 to
544 2213 18 16 in
571 2213 33 16 the
611 2217 28 12 ac-

53 2232 118 21 companying
177 2232 91 19 schedule,
273 2233 18 16 to
298 2232 48 21 yield
353 2237 25 16 up
384 2233 101 20 possession
490 2234 20 16 of
515 2233 47 17 their
569 2233 70 17 habita-

53 2253 37 16 tion
95 2258 3 14 ;
105 2253 34 16 hut
143 2253 10 17 I
160 2254 34 20 beg
200 2257 35 17 you
240 2253 65 21 clearly
310 2255 17 14 to
331 2253 116 20 understand,
452 2255 40 15 that
497 2258 24 12 no
525 2255 113 21 compulsory

53 2277 91 13 measurei
152 2274 27 16 for
185 2274 48 16 their
240 2274 79 17 removal
325 2274 37 16 will
371 2274 23 17 be
401 2275 102 20 permitted.

75 2301 9 16 I
91 2301 46 16 have
143 2302 52 15 made
206 2301 38 17 this
253 2302 151 16 communication
417 2302 76 21 private,
503 2302 37 17 leit
545 2303 93 21 profligate

53 2326 20 12 or
80 2322 103 16 disaffected
189 2327 81 16 persons,
278 2323 79 20 arriving
363 2324 19 15 at
388 2323 32 16 the
427 2323 105 20 knowledge
537 2323 20 17 of
562 2324 46 16 such
616 2328 21 12 an

53 2343 192 21 arrangement,might
251 2345 69 19 prompt
327 2343 32 17 the
366 2343 75 18 Natives
449 2345 19 15 to
475 2344 54 17 make
536 2345 103 16 exorbitant

53 2364 93 16 demands.
313 2378 4 4 .

220 2385 11 16 I
237 2385 47 16 have
291 2385 31 16 the
328 2385 71 16 honour
406 2386 18 15 to
431 2385 28 20 be,
468 2385 33 20 Sir,

283 2405 50 18 Your
339 2408 48 14 most
394 2406 85 17 obedient
484 2408 78 18 servant,

303 2432 4 4 '
366 2432 81 20 (Signed)
489 2432 29 17 W.
531 2432 87 18 Hobson.

73 2451 114 21 Wellington,
195 2451 105 21 September
307 2453 15 19 6,
331 2452 48 17 1841.

79 2479 118 27 Although
206 2480 38 22 the
259 2480 68 22 above
336 2480 67 22 letter
412 2480 38 22 did
463 2483 41 19 not
517 2486 122 22 guarantee

54 2514 14 14 a
75 2507 165 26 proportionate
255 2506 74 22 award
338 2507 26 21 of
374 2507 54 22 land
443 2511 24 18 to
477 2507 36 23 the
524 2508 115 29 Company

53 2533 36 22 for
96 2540 45 20 any
150 2533 87 22 further
247 2533 75 28 outlay
331 2533 53 26 they
390 2533 71 28 might
472 2535 63 22 incur
544 2535 23 22 in
578 2543 61 14 com-

53 2561 120 26 pensating
180 2560 39 22 the
228 2560 75 22 native
312 2560 35 22 for
356 2559 58 23 their
425 2561 117 28 locations,
556 2562 34 26 (as
600 2563 39 21 has

54 2594 61 14 more
125 2587 55 22 than
189 2594 58 15 once
255 2587 56 22 been
322 2587 96 21 asserted
432 2590 23 20 to
465 2589 28 21 be
508 2589 36 21 the
555 2596 51 15 case
615 2589 22 22 in

53 2613 37 22 the
104 2613 103 23 columns
221 2613 27 22 of
258 2613 37 22 the
307 2615 106 26 Colonist),
425 2614 11 22 I
449 2615 51 22 took
510 2616 128 22 immediate

54 2644 65 23 steps,
129 2639 24 23 in
163 2641 139 27 conjunction
312 2641 53 25 wjth
375 2641 38 22 the
421 2641 58 23 local
493 2643 116 22 Protector
618 2644 24 21 of

53 2667 140 27 Aborigines,
205 2671 23 18 to
238 2667 74 22 obtain
324 2668 123 27 possession
459 2669 35 21 for
503 2669 37 22 the
554 2670 83 27 public,

53 2693 26 22 of
84 2693 36 22 the
131 2694 41 22 site
181 2695 27 21 of
217 2693 37 23 the
263 2695 110 27 proposed
382 2695 173 23 Custom-house
564 2697 24 22 in
600 2697 36 22 the

53 2720 32 22 Te
95 2721 47 21 Aro
157 2721 55 27 Pah,
229 2720 44 22 and
289 2721 65 23 other
363 2725 60 25 spots
438 2723 107 28 occupied
561 2723 31 29 by
601 2724 36 22 the

51 2747 93 22 natives.
172 2748 63 27 They
242 2747 46 23 had
296 2748 127 28 previously
431 2750 119 27 expressed
564 2749 75 24 them-

53 2773 71 23 selves
133 2774 85 27 willing
230 2777 24 19 to
268 2782 90 15 remove
371 2778 24 19 to
405 2775 57 23 their
470 2784 99 15 reserves
576 2785 7 20 ;
599 2778 40 22 but

51 2800 38 22 the
99 2801 44 27 day
222 2801 38 21 the
274 2801 116 28 departure
401 2803 26 21 of
437 2803 38 21 the
486 2804 154 23 Government

51 2827 56 27 brig,
123 2827 45 22 and
182 2827 51 22 four
247 2827 54 27 days
316 2829 57 21 after
386 2829 37 21 the
440 2829 51 22 dale
507 2830 26 22 of
545 2831 92 27 Captain

52 2853 93 23 Hobson
149 2855 17 20 's
180 2853 64 22 letter
254 2857 23 18 to
285 2861 43 19 me,
338 2862 60 20 upon
407 2862 40 21 my
456 2856 82 28 urging
548 2857 69 27 them,
628 2858 11 22 I

52 2887 45 15 was
111 2880 120 27 presented
239 2879 54 23 with
296 2888 4 4 1
305 2881 38 21 the
358 2884 53 19 note
421 2883 27 21 of
458 2883 74 22 which
545 2883 40 22 the
598 2885 41 21 fol-

51 2907 85 27 lowing
143 2907 21 22 is
173 2914 14 15 a
197 2914 56 20 copy
259 2914 6 15 :
364 2914 19 18 -;

427 2935 78 21 Poneke,
512 2937 107 21 Hepetema,

474 2958 25 16 Te
507 2958 25 19 10,
540 2959 48 16 1841.

73 2975 53 17 Ehoa
132 2975 16 17 E
154 2975 109 21 Wr.irarapa,

73 3003 149 17 Etoheanakoe
233 3004 21 16 ki
263 3004 57 16 tetahi
333 3005 50 20 puka
395 3006 80 19 pukano
488 3007 19 16 te
522 3006 81 18 Kawana
609 3007 30 17 kia

52 3025 49 18 kaua
108 3024 18 16 ai
133 3029 10 12 c
148 3024 44 21 pehi
198 3025 70 16 koutou
274 3025 20 16 ki
299 3030 11 11 o
316 3025 69 17 koutou
392 3026 26 17 Fa
428 3026 32 17 kia
470 3027 49 17 kaua
525 3027 17 17 al
550 3032 9 13 e
566 3029 55 20 tango
628 3034 11 11 o

52 3046 70 16 koutou
127 3044 119 21 ngakinga'te
251 3045 76 20 pakeha;
335 3049 3 3 '

74 3065 37 18 Kia
117 3069 56 17 rongo
179 3065 38 18 mai
222 3065 71 18 koutou
298 3067 20 16 ki
324 3068 19 15 te
349 3067 51 21 kupu
406 3069 38 16 ote
451 3069 81 17 Kawana
539 3074 10 12 c
557 3074 42 12 mea
605 3074 34 13 ana

53 3087 19 17 ia
78 3086 22 18 lei
105 3086 33 16 hai
143 3087 36 16 rite
185 3086 21 17 ki
213 3088 18 15 te
238 3086 82 23 ritengao
327 3089 33 15 tou
366 3089 51 16 tatou
423 3090 47 19 ture,
477 3090 31 16 kia
512 3090 54 21 pehia
569 3091 70 17 koutou

53 3107 20 18 ki
79 3109 20 16 te
105 3107 44 17 kore
155 3108 71 17 koutou
232 3112 11 12 c
249 3107 51 18 waka
307 3113 20 12 ac
334 3109 32 16 kia
369 3109 59 17 haere.

331 3130 3 4 '
353 3130 27 16 No
387 3132 19 15 te
413 3131 81 16 Kawana
500 3132 54 19 tenei,

390 3151 52 17 Puka
447 3152 55 21 puka,
532 3161 4 3 -

173 3183 34 6 ..-
222 3184 3 4 .
235 3184 4 5 .
359 3172 81 20 (Signed)
482 3173 28 17 Ts
522 3173 96 21 Kanaka,

425 3194 19 16 te
450 3193 34 17 wai
491 3193 46 17 tiaki
544 3198 10 12 o
561 3198 38 17 nga

59 3210 341 45 "JS2S^t'---'F'-
526 3225 66 18 Maori.

220 3265 31 5 ...
275 3265 4 4 .
286 3260 125 18 Translation.

184 3290 3 3 '
263 3286 154 21 Port-Nicholson,
426 3287 103 22 September
537 3289 25 20 10,
571 3289 48 17 1841.

73 3311 79 18 Prikkd
162 3313 137 20 Waihasapa,
321 3313 42 17 You
376 3313 33 17 ask
422 3313 29 17 for
464 3318 12 13 a
485 3314 54 16 letter
550 3314 49 18 from,
609 3315 30 17 the

53 3332 95 21 Governor,
156 3334 41 17 that
204 3334 31 17 the
242 3333 54 18 white
303 3339 44 12 man
354 3339 41 16 may
402 3335 32 16 not
441 3335 52 16 drive
498 3339 37 17 you
540 3335 49 18 from
595 3340 44 17 your

53 3353 55 21 pah's,
113 3358 20 12 or
140 3354 46 18 seize
192 3359 47 17 your
244 3353 122 19 cultivation*.

73 3374 63 18 Listen
141 3376 19 16 to
167 3376 32 17 the
207 3376 50 17 word
263 3375 21 17 of
295 3377 31 16 the
338 3376 101 17 Governor:
451 3377 24 16 he
486 3381 48 17 says,
546 3377 41 17 that
597 3378 16 16 it
623 3378 15 17 is

53 3396 32 15 not
92 3396 93 21 according
191 3398 19 15 to
216 3401 34 12 our
255 3396 44 18 laws
307 3398 40 16 that
356 3401 38 17 you
400 3397 67 17 should
473 3398 21 16 be
501 3398 70 20 driven,
579 3399 18 16 if
604 3403 35 17 you

53 3415 22 18 do
82 3417 32 15 not
120 3420 53 17 agree
178 3419 19 15 to
207 3422 28 16 go.

73 3436 44 17 This
123 3437 54 18 letter
182 3438 17 17 is
206 3439 47 16 from
259 3438 32 18 the
298 3440 98 16 Governor.

361 3460 82 21 (Signed)
486 3460 90 21 Claakb,

247 3480 5 10 '
293 3480 8 14 -'
374 3481 92 18 Protector
473 3482 20 17 ef
496 3482 32 17 the
536 3482 82 18 Natives.

72 3499 26 17 To
107 3500 105 21 Wairarapa,
220 3501 53 17 Chief
278 3502 20 17 of
302 3502 76 21 Pipitea.
403 3510 4 3 -

78 3525 13 21 I
100 3526 57 23 need
167 3526 80 28 hardly
256 3535 53 21 say,'
319 3528 49 23 that
378 3528 29 22 all
416 3529 138 28 subsequent
564 3530 74 23 efforts

52 3553 23 19 to
86 3551 63 24 effect
163 3553 38 23 the
214 3555 99 22 removal
322 3555 28 22 of
360 3555 39 22 the
415 3556 88 23 natives
512 3556 127 26 fromUand

53 3577 47 23 sold
107 3579 32 28 by
145 3580 62 23 them
213 3581 23 22 in
244 3580 42 23 this
292 3582 93 27 district,
395 3582 30 28 by
432 3582 40 23 the
480 3590 62 15 same
552 3591 84 21 means,

52 3604 56 23 have
117 3607 57 22 been
183 3608 24 21 in
218 3608 63 26 vain;
289 3608 49 23 -but
348 3609 11 22 I
373 3612 57 19 have
444 3610 108 28 sanguine
568 3610 69 30 hopes

52 3632 53 27 that,
120 3632 30 28 by
158 3633 103 24 facilities
274 3632 69 31 lately
353 3636 87 28 opened
454 3640 24 19 to
489 3645 45 21 me,
552 3638 12 22 I
580 3638 58 22 shall

51 3659 29 20 be
91 3659 99 29 enabled,
206 3660 76 24 within
295 3669 29 15 no
338 3662 54 28 long
405 3664 84 28 period,
507 3668 24 19 to
545 3672 92 16 remove

52 3684 39 22 the
98 3685 148 25 obstructions
258 3691 24 19 to
292 3688 37 22 the
339 3690 61 27 quiet
407 3692 98 21 location
515 3692 25 22 of
552 3692 85 23 settlers

54 3716 29 17 on
92 3712 37 22 the
139 3713 103 29 disputed
249 3718 66 24 spots.
381 3714 2 7 '

79 3744 13 23 I
100 3744 57 25 have
164 3747 61 23 heen
239 3747 133 28 reluctantly
379 3751 126 27 compelled
519 3754 22 21 to
552 3753 85 23 extend

53 3777 37 21 my
98 3774 187 23 communication
294 3778 23 18 to
326 3775 45 22 this
378 3775 85 29 length,
479 3779 45 22 and
533 3782 24 19 to
563 3778 74 29 'quote

53 3798 37 22 the
105 3799 128 23 documents
247 3801 78 23 above.
360 3802 13 22 I
388 3803 84 23 submit
484 3805 62 24 them
559 3809 26 20 to
599 3807 38 23 the

53 3826 81 27 public,
152 3834 26 14 in
194 3827 122 23 refutation
334 3829 26 21 of
380 3829 40 23 the
437 3831 84 24 serioua
543 3833 95 26 charges

53 3852 95 27 brought
155 3854 90 27 against
251 3861 38 15 me
296 3855 24 21 in
329 3855 38 22 the
378 3856 97 24 Colonist.

214 3886 13 23 I
237 3894 44 20 am,
291 3887 42 28 Sir,

227 3913 64 24 Your
299 3914 105 25 obedient
411 3916 92 25 humble
511 3925 98 24 servant,

270 3969 5 8 ,
358 3948 113 31 Wii,i.um
484 3952 152 27 Wamfield.

1337 3436 19 27 V

1309 3455 34 28 By
1352 3456 39 22 the
1396 3456 57 22 'first
1465 3456 68 27 table,
1549 3456 18 22 it
1582 3463 95 25 appears
1691 3456 50 22 that
1757 3457 61 22 there
1832 3464 37 16 are

1281 3484 40 20 812
1340 3483 96 23 sections
1459 3483 24 22 in
1509 3484 38 22 the
1570 3483 184 28 neighbourhood
1773 3483 24 23 of
1817 3484 52 22 Port

1282 3509 130 28 Nicholson,
1423 3516 26 16 or
1455 3512 77 25 81,200
1540 3516 63 16 acres
1609 3518 6 19 ;
1632 3510 48 22 and
1697 3511 12 21 I
1720 3511 43 26 beg
1772 3514 22 18 to
1805 3514 64 25 state,

1282 3537 49 21 that
1339 3537 44 25 the,
1384 3537 71 23 whole
1470 3537 26 21 of
1506 3536 105 29 itj^withc
1616 3537 83 27 trifling
1715 3537 121 28 exception,
1850 3538 19 23 is

1282 3563 25 22 fit
1314 3563 36 23 for
1359 3563 136 23 'cultivation
1502 3572 6 20 ;
1516 3564 55 24 .and
1587 3563 50 24 that
1651 3564 12 22 I
1679 3563 59 23 have
1753 3571 29 15 no
1801 3565 68 22 doubt

1281 3591 125 28 respecting
1416 3591 46 22 -the
1485 3590 163 29 practicability
1658 3596 3 4 '
1672 3591 26 21 of
1712 3596 3 4 '
1721 3592 148 28 constructing

1281 3617 59 28 good
1349 3617 109 23 available
1467 3618 68 22 roads
1543 3617 98 27 through
1651 3617 39 22 the
1704 3621 95 25 country
1813 3619 56 22 hav-

1280 3652 40 17 ing
1338 3645 66 22 made
1423 3644 139 28 experiment
1580 3644 31 22 of'
1624 3643 40 23 the
1681 3643 89 28 Karon,
1788 3645 79 29 which,

1282 3671 107 28 although
1398 3671 132 28 apparently
1535 3671 77 22 cutoff
1616 3670 60 23 from
1684 3671 53 22 Port
1745 3671 124 25 Nicholson

1281 3698 29 28 by
1319 3697 39 24 the
1368 3698 108 23 Tinakori
1483 3705 78 20 range,
1571 3704 54 21 may
1632 3697 30 23 be
1670 3698 98 23 reached
1777 3700 92 23 without

1281 3732 44 19 ang
1335 3724 163 29 objectionable
1508 3724 109 28 gradient.
1723 3727 3 3 '
1812 3747 4 4 ,
1839 3727 4 4 '

1307 3753 34 21 To
1350 3752 40 22 tell
1399 3759 44 21 you
1453 3751 48 23 that
1509 3751 39 23 the
1557 3753 59 20 town
1626 3751 20 21 is
1654 3751 47 23 laid
1707 3754 48 26 out,
1766 3753 45 24 and
1821 3754 48 23 that

1279 3782 64 25 goats
1360 3786 40 14 can
1413 3778 87 27 readily
1518 3778 67 22 climb
1599 3778 44 22 -the
1661 3779 96 28 ground,
1772 3787 53 22 may
1839 3782 30 22 be

1281 3805 81 23 almost
1370 3812 151 20 unnecessary
1528 3813 5 20 ;
1543 3805 69 27 since,
1621 3803 23 24 if
1650 3805 12 22 I
1672 3806 96 23 mistake
1776 3812 46 24 not,
1830 3808 39 23 the

1280 3833 85 26 ground
1376 3840 30 15 on
1411 3831 75 24 which
1493 3836 59 23 your
1560 3831 64 23 office
1634 3832 83 29 stands,
1728 3833 20 22 is
1758 3835 80 22 rented
1846 3838 23 21 at

1281 3861 31 22 1
1322 3866 42 21 per
1373 3859 47 22 foot
1426 3859 104 27 frontage
1539 3865 41 21 per
1588 3866 92 17 annum.

1308 3885 12 23 I
1330 3885 59 23 shall
1397 3885 117 27 conclude;
1530 3885 32 28 by
1577 3885 86 24 further
1679 3885 125 31 observing,
1820 3888 49 24 that

1280 3913 63 22 there
1352 3913 21 22 is
1387 3920 29 15 an
1430 3912 84 22 almost
1529 3912 138 23 exhaustless
1683 3916 78 20 extent
1775 3915 22 22 of
1810 3916 59 27 good

1280 3939 39 27 fljkt
1328 3939 55 24 land
1396 3940 25 23 in
1438 3939 130 33 Wairarajpa
1581 3939 74 29 valley
1662 3947 14 21 ;.
1685 3940 47 23 and
1746 3941 14 22 I
1775 3944 64 20 trust,
1844 3946 25 19 to

1280 3973 40 16 ne.
1327 3966 40 23 the
1376 3966 44 29 day
1429 3965 64 24 when
1507 3965 45 24 this
1567 3966 103 24 valuable
1686 3967 89 23 district
1782 3968 45 23 will
1841 3969 28 22 be

669 135 30 20 To
710 135 35 20 the
751 135 77 21 Editor
838 134 28 26 of
875 136 35 19 the
1015 135 94 20 Zealand
1117 135 86 20 Gazette
1213 135 48 20 and-

823 162 126 26 Wellington
1243 163 6 8 *

695 196 51 22 Mr.
766 197 97 26 Editor,
895 196 10 22 I
916 195 63 23 -have
994 195 54 22 read
1062 202 57 21 your
1135 195 76 22 article
1227 202 28 15 on

667 222 39 23 the
716 223 148 28 comparative
870 223 78 21 merits
957 222 26 22 of

667 248 68 23 ''and
752 249 112 28 repealing
1006 248 87 22 fruitful
1118 248 141 32 sources^of

665 275 105 28 injustice
780 275 43 22 and
832 282 96 21 roguery
935 284 6 19 ;
957 274 45 23 and
1012 274 11 22 I
1033 278 60 18 must
1102 280 45 22 say;
1162 275 14 21 I
1190 274 65 23 differ

665 302 54 22 with
728 310 46 19 you
783 309 28 15 on
820 299 55 25 both
885 301 63 23 these
962 301 82 28 points.
1072 301 72 28 .Upon
1159 301 95 27 offering

665 328 42 23 the'
714 328 112 27 following
835 328 151 22 observations
999 334 59 20 upon
1067 327 69 22 -these
1148 327 104 27 subjects,

665 355 19 22 it
693 356 19 20 is
721 359 41 17 not
778 355 57 21 from
851 362 45 20 any
912 355 49 21 fear
976 354 49 22 that
1041 361 58 20 your
1117 354 137 27 suggestions

666 381 46 23 will
721 381 29 22 be
768 381 102 22 attended
885 384 30 24 to,
936 388 58 14 even
1008 381 29 27 by
1053 381 39 21 the
1103 383 91 25 present
1207 381 47 21 Go-

665 412 127 22 vernment,
812 407 201 28 notwithstanding
1029 407 58 25 their
1091 407 60 21 -well
1170 407 83 21 known

664 434 144 50 Eredeliction
823 434 36 22 for
877 433 30 23 all
921 437 64 20 .sorts
1001 433 25 22 of
1039 433 143 27 restrictions,
1202 440 51 21 pro-

681 461 97 27 ibitions,
790 458 134 29 drawbacks,
935 461 46 21 and
995 460 110 27 bounties,
1125 459 72 23 which
1213 466 38 16 are

665 487 39 23 the
714 491 49 19 true
778 487 105 22 emblems
893 487 27 22 of
929 487 61 30 Tory
1006 487 148 27 Legislation:
1170 486 46 22 and
1230 486 27 22 of

665 515 50 21 that
742 513 92 23 thimble
863 513 78 28 rigged
969 513 80 28 policy,
1062 516 36 19 'so
1122 512 132 28 facetiously

665 541 118 22 cherished
791 541 30 26 by
834 539 37 23 the
886 540 66 22 noble
967 540 59 22 Lord
1040 547 49 15 now
1105 543 24 18 at
1142 539 37 22 the
1193 539 61 23 head

665 567 27 22 of
710 567 100 22 Colonial
823 566 81 27 affairs,
924 567 46 26 but,
987 567 93 21 because
1099 566 13 22 I
1127 565 70 27 think,
1216 566 37 22 the

664 601 82 15 sooner
754 594 37 22 the
799 593 106 28 ignorant
917 593 89 28 portion
1022 593 26 21 of
1063 593 43 22 this
1121 592 46 22 and
1183 599 68 20 every

665 621 142 27 community,
828 627 38 15 are
884 620 92 22 weaned
995 620 57 22 from
1073 627 44 20 any
1131 619 77 28 hopes,
1226 626 25 14 or

664 647 107 27 reliance,
792 654 26 14 on
839 646 55 22 such
912 646 87 28 partial,
1014 647 82 26 unjust,
1114 646 44 22 and
1174 652 79 16 conse-

664 673 93 28 quently
776 673 112 22 dishonest
901 673 77 23 modes
993 673 25 22 of
1035 672 134 28 Legislative
1183 672 70 22 inter-

663 701 93 21 ference
766 700 40 22 the'
811 700 80 22 better.
925 700 48 22 The
990 699 50 28 only
1051 699 122 28 justifiable
1181 699 72 21 inter-

663 728 92 22 ference
773 734 26 14 on
819 726 37 22 the
872 730 50 23 part
939 727 27 21 of
983 734 45 19 any
1035 726 142 27 -Legislative
1191 726 63 27 body

659 753 131 28 ,upon>such
799 760 14 15 a
821 753 86 28 subject
917 753 73 22 would
1000 753 34 26 be,
1050 757 24 17 to
1083 755 66 19 enact
1163 752 55 27 that,
1234 752 22 21 if

664 788 47 20 any
725 780 79 22 whale'
813 779 78 23 should
911 780 29 22 be
957 779 71 23 found
1046 779 78 22 within
1140 786 14 14 a
1168 778 85 22 certain

664 807 48 22 line
721 807 28 22 of
759 807 65 26 depth
834 807 74 21 whose
918 807 86 26 baleen,
1019 806 48 22 that
1081 807 18 21 is
1114 806 45 27 jaw
1173 806 79 24 bones,

665 834 47 22 and
719 834 43 22 fins
777 833 78 22 should
869 837 41 18 not
926 834 28 21 b6
970 833 27 21 of
1013 833 38 21 the
1065 832 105 28 average
1170 832 46 28 Act
1230 828 26 25 of

665 861 137 21 Parliament
816 860 144 27 dimensions,
976 860 20 21 it
1010 859 80 22 should
1105 860 28 20 be
1152 859 59 21 fined
1229 858 24 22 in

665 887 56 22 such
736 894 30 15 an
781 889 91 19 amount
888 894 23 14 as
928 886 77 23 .would
1019 886 70 21 afford
1103 893 14 13 a
1130 885 79 21 liberal
1219 892 35 14 re-

665 914 139 22 muneration
822 913 25 21 to'
863 920 45 20 any
924 913 108 22 informer
1049 912 36 22 for
1102 911 38 22 the
1158 911 47 22 risk
1223 912 31 21 he

663 940 77 22 would
748 948 42 14 run
798 940 25 21 in
832 939 94 27 making
935 940 38 21 the
983 939 103 27 requisite
1093 938 160 27 examination,

663 967 78 21 before
751 967 37 21 the
796 966 84 21 animal
890 973 43 14 was
944 965 103 22 declared
1060 964 78 23 lawful
1146 972 65 20 game
1221 965 34 21 for

665 993 39 21 the
714 993 100 21 whalers.
842 992 46 22 But
898 993 11 21 I
919 992 99 27 strongly
1027 994 136 29 suspectany
1168 991 88 27 bounty

666 1016 73 24 which
749 1027 28 14 an
786 1020 96 25 ignorant
893 1018 137 28 Legislature
1041 1018 69 22 could'
1117 1018 27 21 be
1153 1018 99 22 induced

664 1049 24 18 to
698 1046 61 26 offer,
776 1046 73 21 would
865 1048 40 19 not
920 1046 27 21 be
964 1044 129 28 equivalent
1109 1049 21 17 to
1145 1044 37 22 the
1199 1045 52 27 gain

663 1072 74 21 which
747 1072 70 28 might
826 1072 28 21 be
864 1072 65 21 made
946 1072 30 27 by
991 1072 36 21 the
1044 1072 89 22 Marine
1147 1072 105 27 poacher,
1260 1075 2 4 '

664 1106 25 14 or
698 1103 40 23 pot
753 1099 85 26 hunter,
857 1107 24 13 as
897 1106 32 14 we
945 1099 42 21 call
1003 1098 36 22 the
1054 1098 62 22 hand
1131 1098 108 28 poachers
1246 1106 6 19 ;

665 1125 55 26 who,
734 1133 32 14 we
776 1126 26 21 all
813 1126 71 26 know,
900 1126 22 21 in
940 1126 57 27 spite
1014 1125 25 22 of
1049 1125 108 26 bounties,
1175 1124 24 22 in
1215 1125 38 22 the
1260 1127 2 3 '

664 1152 69 27 shape
743 1152 25 22 of
778 1152 57 22 rides
846 1160 27 14 on
886 1152 36 22 the
933 1152 63 22 tread
1006 1152 54 26 mill,
1072 1152 45 22 and
1128 1151 69 22 board
1206 1151 46 22 and

663 1179 94 27 lodging
764 1179 35 22 for
809 1180 37 21 the
858 1180 77 20 winter
943 1187 85 19 season,
1046 1180 45 20 free
1108 1179 28 21 of
1145 1185 104 21 expense,

664 1206 46 21 will
719 1206 40 22 kill
769 1206 110 28 anything
888 1210 63 23 great
960 1206 46 21 and
1019 1206 72 27 small,
1105 1206 24 21 in
1140 1212 78 15 season
1230 1212 25 14 or

668 1236 40 18 out
726 1233 26 21 of
774 1240 84 19 season,
879 1232 72 22 which
966 1232 45 22 will
1025 1233 44 21 suit
1083 1232 38 22 the
1138 1235 45 25 pot.
1221 1232 34 22 To

665 1267 94 20 suppose
776 1260 51 27 that,
837 1260 111 26 throwing
964 1263 40 18 out
1020 1267 13 14 a
1048 1263 60 24 sprat
1121 1263 22 17 to
1159 1258 66 23 catch
1242 1266 14 14 a

664 1286 94 28 herring
773 1286 42 22 will
828 1286 28 22 be
872 1294 62 14 more
949 1286 126 22 efficacious
1091 1286 24 21 in
1131 1285 36 22 the
1183 1285 71 23 whale

660 1312 121 28 flisheries,
801 1313 53 21 than
872 1312 23 22 in
912 1321 43 19 any
971 1313 63 21 other
1049 1312 92 28 pursuit,
1163 1312 11 21 I
1190 1312 66 22 think

665 1340 99 27 displays
780 1340 37 21 but
825 1340 58 21 little
893 1339 117 27 knowlege
1022 1340 26 20 of
1058 1340 37 21 the
1110 1339 143 27 phrenologi-

664 1366 37 22 cal
714 1366 188 28 preponderance,'
907 1367 27 20 of
948 1366 47 24 the.
1003 1366 68 27 bump
1082 1366 25 21 of
1119 1366 136 28 self-appro-

663 1393 99 27 priation
772 1401 22 13 so
803 1393 130 27 peculiarity
948 1392 121 28 developed
1083 1393 25 21 in
1124 1392 38 22 the
1177 1392 78 28 Anglo

666 1420 75 22 Saxon
751 1427 50 15 race
811 1420 26 21 of
847 1420 86 27 bipeds.

693 1447 11 21 I
720 1447 65 21 know
799 1447 63 21 there
881 1454 37 14 are
936 1446 49 22 said
998 1449 23 19 to
1036 1446 30 22 be
1085 1445 130 28 exceptions
1232 1449 23 19 to

665 1473 30 22 all
714 1474 67 26 rules,
799 1474 41 21 but
858 1473 12 22 I
886 1481 69 14 never
978 1480 41 15 can
1039 1473 78 27 admit,
1138 1473 53 28 that,
1209 1481 46 19 you

663 1500 59 21 have
747 1500 65 22 made
820 1516 2 4 .
841 1502 40 19 out
895 1519 3 6 ,
903 1507 45 24 any
973 1507 57 19 case,
1049 1500 53 28 why
1126 1500 37 21 the
1182 1500 73 21 whale

663 1527 83 27 fishery
756 1526 79 23 should
841 1527 57 21 form
909 1535 46 13 one.
959 1526 26 22 in
994 1526 80 22 favour
1083 1526 27 22 of
1114 1526 38 22 the
1161 1526 95 28 infring-

664 1557 64 18 ment
742 1553 24 22 of
784 1552 41 23 the'
835 1553 60 22 rules
910 1555 27 20 of
949 1554 104 21 Political
1070 1554 123 26 Economy,
1210 1553 51 27 and,

665 1580 95 28 thereby
774 1580 89 22 induce-
872 1580 137 22 individuals
1027 1583 23 19 to
1070 1580 91 22 embark
1179 1580 24 22 in
1223 1583 38 19 an'

664 1607 156 27 undertaking,
832 1607 73 22 which
914 1608 17 21 it
938 1608 73 21 would
1017 1615 81 20 appear
1109 1608 39 20 has
1158 1610 39 18 not
1206 1607 48 21 suf-

665 1634 78 22 ficient
759 1634 126 22 attractions
898 1634 24 22 in
932 1634 65 22 itself
1009 1637 22 19 to
1042 1634 52 22 hold
1103 1638 39 18 out
1152 1634 38 22 the
1204 1641 52 21 pro-

665 1662 56 20 mise
731 1661 28 21 of
764 1661 35 21 the
811 1661 103 28 ordinary
922 1664 48 18 rate
980 1662 26 20 of
1016 1662 76 26 profits
1102 1668 59 21 upon
1171 1660 82 28 capital

666 1688 121 23 embarked
793 1688 24 21 in
827 1688 25 21 it.
872 1688 76 21 Never
957 1688 83 26 having
1046 1688 47 22 had
1100 1695 39 20 my
1144 1688 111 21 attention

666 1714 76 22 drawn
752 1718 23 18 to
785 1714 35 22 the
830 1714 89 28 subject
925 1715 25 21 of
957 1714 38 22 the
1002 1715 70 21 whale
1081 1715 106 26 fisheries,
1200 1714 12 22 I
1218 1722 37 14 am

665 1741 105 28 ignorant
784 1749 23 14 as
823 1744 25 18 to
863 1741 50 22 how
922 1742 35 21 far
969 1742 20 21 it
1002 1742 40 21 has
1056 1742 57 21 been
1129 1742 89 26 subject
1233 1745 22 18 to

665 1768 123 27 legislative
798 1768 109 22 controul.
937 1769 52 26 But,
1000 1776 23 14 as
1034 1769 12 22 I
1054 1769 99 26 observe,
1164 1775 45 20 you
1219 1776 36 14 re-

666 1795 35 21 fer
712 1802 21 15 ro
809 1795 128 22 Greenland
1024 1795 133 28 respecting,
1167 1797 87 25 Baleen,

668 1822 114 22 miscalled
791 1823 29 21 as'
828 1829 43 20 you
881 1829 40 20 say
929 1823 58 26 Fins,
999 1823 44 21 and
1051 1822 101 27 vulgarly
1161 1822 73 22 called
1244 1822 11 22 I

667 1856 94 20 suppose
769 1850 60 20 Bone.
855 1849 11 21 I
873 1849 110 23 conclude
990 1856 60 15 some
1057 1849 112 28 quondam
1175 1856 81 20 green-

666 1876 75 26 horns,
753 1876 105 27 fancying
868 1876 48 22 that
926 1884 28 14 an
962 1877 46 21 Act
1014 1877 25 21 of
1046 1876 142 27 Parliament,
1197 1877 57 26 (lik,e

667 1903 41 21 Dr.
720 1903 130 21 Morrison's
865 1903 120 22 Universal
994 1903 71 27 Pills,)
1079 1903 73 22 would
1161 1907 38 18 act
1208 1910 26 15 as
1243 1910 13 15 a

667 1936 127 16 sovereign
803 1929 92 28 remedy
903 1931 34 21 for
945 1938 67 19 every
1018 1930 84 22 disease
1112 1930 22 21 in
1145 1930 38 22 the
1194 1927 61 25 trad-

667 1956 40 27 ing
715 1956 84 24 bodies,
811 1956 87 28 applied
908 1961 23 17 to
937 1957 37 21 the
982 1957 169 22 Constitutional
1159 1964 24 14 or
1194 1957 61 23 State

668 1983 97 27 Quacks,
781 1984 33 21 for
829 1991 14 14 a
858 1983 52 23 dose
928 1985 26 21 of
967 1984 56 21 their
1038 1983 96 28 specific,
1149 1983 46 23 and
1209 1983 46 23 like

667 2005 100 27 children
779 2010 48 22 who
841 2017 38 15 are
888 2010 47 22 told
945 2014 23 18 to
978 2009 65 23 catch
1051 2010 63 22 birds
1129 2011 30 27 by
1166 2011 90 27 putting

666 2036 44 20 salt
719 2043 29 14 on
764 2036 57 22 their
830 2036 57 26 tails,
898 2036 92 22 fancied
1004 2037 48 21 that
1066 2037 123 27 bytyinga
1199 2038 57 27 cbpy

667 2062 26 21 of
705 2062 55 22 Acts
776 2063 24 21 of
812 2062 143 27 Parliament,
971 2063 129 27 regulating
1114 2063 38 21 the
1168 2064 89 20 sizeable

666 2089 121 26 quantities
795 2089 26 22 of
828 2089 82 22 whales
917 2090 57 27 jaws
985 2089 45 22 and
1039 2090 50 27 fins,
1101 2094 22 17 to
1133 2089 37 23 the
1180 2090 41 22 tail
1233 2090 26 22 of

666 2115 39 21 the
715 2116 87 26 animal,
818 2116 19 22 it
847 2117 73 21 would
928 2116 97 28 produce
1035 2124 14 14 a
1058 2116 91 26 general
1159 2124 96 20 average

665 2141 80 28 length
755 2143 26 21 of
787 2144 29 19 all
825 2143 37 21 the
869 2143 58 27 jaws
936 2143 47 21 and
994 2143 39 21 fins
1044 2144 25 21 of
1081 2143 36 22 the
1129 2143 127 23 Greenland

666 2168 89 23 whales.
769 2169 6 4 '
783 2170 165 27 Nevertheless,
959 2170 103 22 however
1077 2170 108 22 desirable
1201 2171 55 22 such

667 2203 28 14 an
707 2201 66 17 event
781 2197 71 27 might
857 2196 59 22 have
927 2197 63 26 been,
1001 2197 18 21 it
1028 2204 72 15 seems
1110 2204 24 15 as
1140 2197 21 22 if
1169 2197 86 23 Green-

665 2222 57 22 land
731 2223 85 28 baleen,
830 2223 45 22 still
888 2231 116 20 preserves
1016 2223 28 22 its
1052 2225 65 21 usual
1127 2224 128 28 variations,

666 2250 42 21 but
723 2254 24 17 at
762 2250 35 24 the
813 2258 61 14 same
889 2251 53 21 time
959 2251 30 21 all
1002 2250 28 22 its
1045 2252 76 21 native
1138 2251 117 28 elasticity,

667 2276 45 22 and
729 2276 91 29 thereby
832 2278 126 26 .continues
976 2280 24 19 to
1018 2278 65 22 elude
1107 2278 38 22 the
1161 2280 96 26 stiffhing

667 2303 78 22 effects
756 2304 25 21 of
786 2304 37 22 the
834 2304 130 22 Greenland
974 2304 92 29 Fishery
1075 2305 62 22 Acts.

693 2330 35 22 As
737 2331 89 27 regards
836 2331 86 28 getting
928 2331 34 22 rid
971 2331 26 22 of
1003 2331 36 22 the
1047 2331 95 28 existing
1152 2333 104 27 complex

667 2356 130 29 legislation,
810 2357 89 23 alluded
910 2363 23 17 to
945 2359 30 26 by
983 2365 50 20 you,
1045 2360 124 27 respecting
1179 2360 77 22 allow-

666 2384 41 27 ing
715 2384 75 27 spirits
799 2384 55 28 duty
862 2385 47 22 free
925 2389 23 17 to
959 2385 37 22 the
1010 2385 97 28 whaling
1115 2387 98 22 stations.
1243 2387 13 23 I

667 2418 67 19 agree
750 2411 51 23 with
818 2419 44 20 you
877 2411 49 23 that
936 2412 11 22 I
962 2412 73 22 would
1050 2413 75 22 rather
1138 2421 38 15 see
1194 2414 61 22 them

667 2437 103 28 doubled,
782 2441 36 19 not
829 2438 53 27 only
893 2446 59 21 upon
968 2439 62 21 those
1041 2439 101 28 supplied
1152 2444 23 18 to
1187 2441 69 22 whal-

666 2464 39 27 ing
714 2466 99 26 stations,
825 2466 39 22 but
875 2469 22 18 at
907 2466 30 22 all
947 2466 93 22 stations
1049 2467 100 22 whether
1159 2467 97 29 whaling

667 2498 25 15 or
702 2492 97 27 trading,,
811 2500 26 14 or
846 2500 29 14 no
886 2493 95 26 trading.
1011 2493 26 21 In
1049 2494 37 22 the
1095 2498 96 24 .present
1199 2499 57 18 state

667 2525 26 15 or
712 2518 11 22 I
743 2519 84 22 should'
846 2519 75 23 rather
939 2527 48 20 say,
1011 2521 73 21 under
1101 2521 39 23 the
1163 2525 94 24 present

667 2545 106 23 financial
790 2550 82 23 system
891 2547 28 22 of
938 2547 37 21 the
1000 2547 74 23 Home
1095 2549 159 28 Government,

666 2572 76 22 forced
752 2580 57 27 upon
820 2573 19 21 it
848 2573 29 28 by
887 2574 37 22 the
935 2574 55 27 folly
999 2574 43 22 and
1051 2575 120 26 ignorance
1181 2576 28 22 of
1216 2577 38 21 the

667 2599 78 27 people
760 2599 139 29 themselves,
915 2601 50 21 who
980 2601 43 21 had
1033 2602 76 22 rather
1124 2603 30 21 be
1168 2603 87 28 cajoled

667 2630 39 17 out
716 2627 27 21 of
753 2629 42 19 40s.
815 2627 52 21 than
889 2634 43 21 pay
942 2630 54 23 205.,
1013 2628 10 22 I
1038 2629 71 28 really
1119 2629 27 22 do
1161 2635 41 16 not
1218 2638 37 13 see

666 2652 49 22 how
725 2653 38 22 the
772 2661 112 15 resources
895 2655 26 21 of
928 2662 42 21 any
980 2655 160 27 Government,
1152 2664 38 14 are
1199 2660 24 18 to
1229 2657 27 22 be

667 2679 114 28 collected,
791 2681 64 22 other
866 2681 53 22 than
929 2682 31 27 by
974 2682 53 22 such
1039 2683 77 22 modes
1122 2683 25 22 of
1152 2683 102 28 indirect,

665 2706 46 22 and
720 2708 161 27 consequently
886 2716 114 19 processes
1009 2716 24 15 as
1043 2710 102 22 Customs
1154 2710 46 22 and
1210 2711 45 22 Ex-

666 2733 44 22 cise
721 2733 76 30 duties,
809 2735 58 22 until
877 2735 37 23 the
931 2736 78 28 people
1018 2735 59 24 shall
1086 2737 92 22 become
1189 2737 65 22 wiser

666 2761 45 21 and
720 2768 37 16 see
771 2761 37 23 the
817 2762 133 28 advantage,
966 2770 24 15 as
1001 2763 48 22 well
1059 2771 31 14 as'
1098 2764 37 22 the
1146 2771 109 21 economy

667 2787 26 21 of
699 2789 82 26 paying
789 2791 45 20 20s.
846 2789 22 21 in
879 2796 13 15 a
899 2790 42 21 fair
950 2790 47 21 and
1004 2790 78 28 simple
1092 2798 55 20 way,
1159 2792 45 21 and
1215 2799 41 14 un-

667 2813 26 22 til
702 2813 54 29 they
764 2815 27 22 do
800 2823 32 18 so,
842 2815 53 28 they
905 2820 61 18 must
1015 2820 93 19 content
1116 2821 22 19 to
1142 2825 46 20 pay
1196 2820 48 20 thro
1251 2819 4 9 '

667 2841 36 20 the
709 2848 54 20 nose,
775 2842 33 22 for
816 2839 58 25 their
882 2843 56 28 folly
948 2844 44 21 and
1001 2852 126 19 ignorance.

695 2868 12 21 1
715 2869 87 21 further
810 2876 66 25 agree
882 2871 54 21 with
944 2878 53 19 you,
1009 2871 48 22 that
1068 2872 11 21 I
1089 2879 37 15 see
1136 2880 30 15 no
1173 2880 81 15 reason

667 2894 50 28 why
728 2895 38 22 the
775 2895 95 28 whaling
881 2897 62 22 trade
954 2897 81 22 should
1048 2898 59 23 have
1116 2899 58 22 their
1182 2900 74 28 spirits

667 2921 57 26 duty
738 2922 53 27 free,
808 2922 54 22 than
881 2923 38 22 the
926 2921 89 24 limber
1029 2925 64 22 trade
1110 2933 25 15 or
1149 2926 38 22 the
1202 2927 54 22 shoe

668 2946 63 24 trade
745 2956 26 14 or
785 2956 45 21 any
844 2949 64 23 other
924 2950 69 23 trade.
1022 2951 23 23 It
1060 2952 19 22 is
1094 2953 53 27 only
1161 2954 96 22 another

667 2974 67 22 mode
744 2975 27 22 of
776 2975 103 28 granting
893 2977 104 22 bounties
1006 2980 22 19 to
1039 2986 43 14 one
1092 2983 34 18 set
1135 2980 26 21 of
1168 2988 54 15 men
1232 2985 23 18 at

667 3001 38 22 the
715 3009 95 21 expense
821 3002 27 22 of
858 3002 38 22 the
905 3007 46 18 rest
959 3005 28 20 of
997 3004 36 22 the
1043 3007 146 27 community,
1209 3008 46 22 and

667 3029 161 28 consequently
836 3030 79 26 unjust
924 3038 30 14 on
963 3031 38 22 the
1009 3036 51 23 part
1069 3032 26 22 of
1102 3040 42 21 any
1155 3034 100 28 Legisla-

667 3059 48 18 ture
725 3055 76 23 bound
810 3060 22 18 to
839 3056 69 23 afford
914 3058 66 27 equal
987 3058 80 28 justice
1077 3060 46 21 and
1130 3062 126 26 protection

667 3085 22 19 to
700 3082 36 27 all,
748 3083 84 28 subject
842 3085 23 20 to
880 3083 58 23 their
945 3085 120 28 influence,
1080 3087 46 22 and
1135 3088 121 28 authority.

667 3109 13 21 I
689 3109 44 21 will
740 3110 46 27 just
794 3109 46 23 add
848 3118 13 14 a
870 3110 44 23 few
922 3112 101 21 remarks
1031 3119 62 21 upon
1106 3121 55 20 your
1175 3116 82 22 antici-

667 3136 69 27 pated
748 3136 79 22 results
846 3137 26 21 of
888 3145 54 21 any*
952 3139 134 27 Legislative
1107 3142 149 23 interference

665 3169 62 22 upon
736 3163 38 22 the
783 3164 86 27 subject
878 3165 25 21 of
910 3166 37 21 the
957 3165 75 22 whale'
1039 3167 88 29 fishery.

695 3196 40 20 Ist.
750 3195 50 22 You
814 3203 40 21 say
863 3196 19 22 it
896 3197 75 22 would
985 3198 28 21 be
1027 3205 29 15 an
1072 3199 146 24 inducement
1233 3204 23 18 to

667 3221 79 23 search
755 3221 33 23 for
802 3224 46 21 and
852 3225 77 25 prefer
942 3224 40 22 the
995 3226 60 20 adult
1064 3226 95 29 animal;
1176 3227 13 22 I
1197 3227 59 23 have

667 3255 31 15 no
705 3248 70 23 doubt
781 3256 45 21 you
831 3250 57 23 have
893 3252 71 22 heard
969 3252 27 22 of
1002 3260 28 14 an
1037 3255 92 21 ancient
1135 3262 120 20 ceremony

668 3275 73 23 called
776 3274 68 30 Being
855 3285 71 15 sworn
936 3281 23 19 at
1136 3281 49 22 The
1196 3288 60 16 cere-

666 3309 72 20 mony
750 3304 110 22 consisted
867 3304 24 23 in
902 3306 36 21 the
952 3307 77 21 novice
1044 3308 67 27 being
1122 3308 133 22 introduced

667 3331 23 20 to
701 3336 13 14 a
723 3332 140 19 conventional
872 3335 34 19 set
912 3333 25 21 of
943 3333 59 26 good
1011 3333 92 29 fellows,
1114 3335 46 22 and
1166 3335 90 22 instead

667 3362 26 15 or
700 3357 80 27 saying
787 3365 65 19 grace
861 3358 77 23 before
947 3360 70 27 meal;
1027 3362 116 28 repeating
1153 3362 56 22 after
1217 3361 38 23 the

668 3384 113 21 Chairman
796 3384 60 28 (who
873 3386 113 22 officiated
1004 3394 23 15 as
1043 3388 88 23 Abbott
1145 3396 30 15 on
1192 3389 63 22 those

667 3411 130 27 occasions,)
826 3412 38 22 the
881 3426 5 3 -
900 3412 115 27 following
1056 3415 158 23 declaration--
1231 3423 25 15 or

667 3437 87 23 solemn
868 3439 60 23 That
944 3440 12 21 I
971 3435 44 27 will
1025 3448 68 16 never
1108 3443 65 22 drink
1192 3444 64 20 small

666 3464 48 21 beer
729 3465 63 22 when
804 3466 11 21 I
825 3473 42 15 can
877 3469 37 24 get
923 3467 39 26 ale,
979 3467 48 22 that
1044 3469 12 22 I
1067 3476 69 16 never
1145 3469 45 23 will
1204 3471 51 21 dine

665 3499 61 20 upon
735 3493 53 25 tripe
796 3492 66 22 when
874 3493 10 21 1
893 3501 42 15 can
944 3497 39 23 get
991 3495 52 28 beef,
1055 3497 45 21 and
1109 3497 66 27 lastly
1183 3504 70 16 never

665 3520 24 20 to
698 3526 45 20 pay
753 3520 34 22 for
795 3520 109 28 anything
912 3521 21 22 if
940 3521 12 22 I
963 3529 43 15 can
1015 3526 38 23 get
1062 3523 19 22 it
1088 3523 36 23 for
1133 3523 104 29 nothing.

694 3552 69 28 Now,-
771 3553 10 22 1
791 3553 58 23 have
855 3561 31 15 no
895 3555 78 28 doubt,
985 3563 14 15 a
1004 3556 83 24 similar
1096 3561 46 19 sort
1157 3558 27 22 of
1196 3558 58 22 free-

665 3587 108 21 masonry
782 3580 67 23 exists
858 3586 106 24 amongst
971 3582 38 23 the
1022 3588 64 23 great
1100 3584 59 29 body
1178 3587 28 21 of
1215 3585 39 23 the

664 3607 121 22 whalers
785 3615 69 15 never
869 3612 24 19 to
909 3609 66 22 catch
989 3617 13 15 a
1015 3611 49 22 calf
1076 3612 64 22 when
1149 3611 55 29 they
1213 3620 41 15 can

664 3634 53 22 take
726 3634 40 22 the
775 3642 51 20 cow,
838 3635 45 22 and
892 3636 83 28 always
985 3640 22 19 to
1020 3638 52 22 take
1086 3638 39 25 the
1225 3640 29 27 by

665 3660 39 23 the
716 3660 67 24 horns
814 3662 77 22 rather
899 3662 55 23 than
964 3663 39 23 the
1036 3672 49 15 cow
1092 3666 32 28 by
1135 3665 38 22 the

665 3695 26 14 or
701 3687 38 23 the
748 3688 46 23 calf
803 3688 32 28 by
844 3688 37 23 the
898 3697 49 15 ears
953 3698 6 20 ;
983 3691 46 28 but,
1046 3699 25 15 as
1085 3692 50 22 half
1147 3699 15 15 a
1175 3692 50 22 loaf
1235 3693 19 22 is

663 3714 76 23 better
745 3715 54 22 than
808 3723 30 14 no
846 3716 79 28 breads
933 3720 23 19 to
965 3718 52 22 take
1025 3719 61 22 what
1088 3725 4 3 1
1096 3716 53 31 they
1157 3726 44 15 can
1208 3723 46 24 get.

665 3742 63 26 This,
740 3742 12 23 I
762 3742 91 28 believe,
863 3742 47 24 will
919 3745 27 21 be
955 3745 70 22 found
1036 3749 23 19 to
1067 3746 30 22 be
1107 3746 38 22 the
1154 3747 62 21 creed
1224 3747 30 28 by

664 3768 75 23 which
748 3769 30 23 all
785 3770 75 22 trades
868 3777 40 16 are
917 3772 90 27 swayed
1013 3780 7 19 ;
1035 3773 46 21 and
1088 3772 46 24 like
1148 3773 30 22 all
1188 3774 66 22 other

665 3795 78 23 creeds
751 3796 55 25 keep
815 3796 50 23 that
873 3797 55 23 hold
936 3805 31 15 on
981 3798 38 23 the
1034 3799 103 23 interests
1143 3817 3 6 ,
1154 3800 26 22 of
1196 3800 58 22 their

664 3822 91 23 various
769 3821 124 31 adherents,
908 3824 49 23 that
965 3825 46 22 will
1023 3826 70 22 resist
1104 3826 30 22 all
1149 3829 105 26 attempts

663 3852 26 20 to
698 3849 90 23 weaken
797 3850 59 23 their
868 3850 115 24 influence
999 3852 30 30 by
1034 3852 134 28 .legislative
1182 3853 72 23 inter-

664 3876 99 27 ference,
773 3876 102 23 however
882 3877 56 28 high
947 3878 40 21 the
1002 3878 120 29 authority;
1138 3887 26 15 or
1180 3880 74 23 omni-

663 3906 80 26 potent
750 3906 29 20 its
786 3911 86 21 powers
881 3904 27 22 of
918 3904 116 28 enforcing
1042 3905 62 22 them
1113 3913 54 21 may
1175 3906 38 24 be.

691 3929 54 24 You
758 3930 116 28 conclude,
889 3931 32 28 by
936 3930 126 30 observing,
1073 3932 49 22 that
1129 3932 39 23 the
1178 3933 75 24 Home

665 3957 161 27 Government,
837 3963 38 17 are
884 3960 24 23 at
917 3957 44 23 this
976 3957 61 29 time,
1053 3958 80 30 deeply
1152 3961 102 29 engaged

555 45 99 49 2TJ)O
677 47 120 42 ycip
822 47 212 42 Ztalanh
1059 49 192 43 i&aytttt
1276 47 90 41 anft
1390 48 302 48 ffjUUtngton
1714 45 252 51 pmatot\

1891 136 96 27 brought
2010 136 79 22 within
2111 144 41 15 one
2175 138 62 27 day's
2258 139 100 28 journey,
2381 139 25 21 of
2426 140 52 22 Port

1891 162 120 22 Nicholson
2023 164 30 26 by
2062 170 75 16 means
2147 164 27 22 of
2184 171 15 15 a
2207 165 58 26 good
2274 165 61 22 road.

1973 190 11 21 I
1995 197 44 20 am,
2051 190 38 27 Sir,

1957 226 9 14 %
2029 218 6 10 x
2041 216 63 22 Your
2112 216 108 22 obedient
2227 216 91 24 humble
2325 222 96 24 servant,

2045 268 3 3 .
2196 263 2 5 ,
2210 242 55 29 Siif.
2280 244 71 22 Chas.
2366 245 90 25 Brees..
2465 263 4 5 ,

1892 270 110 30 Principal
2010 273 111 28 Surveyor
2135 277 23 19 to
2174 274 39 22 the
2218 275 16 22 '
2234 275 51 22 New
2299 275 100 23 Zealand
2412 277 66 22 Com-

2060 307 61 20 pany
2130 304 24 18 at
2161 301 144 27 Wellington.

1919 325 84 28 Survey
2013 325 78 28 Office,
2102 326 151 28 Welllington,
2265 328 59 27 Sept.
2335 330 21 25 3,
2368 330 59 21 1842.

1892 379 72 23 NEW
1977 381 151 23 ZEALAND
2144 383 170 28 EXTRACTS,
2334 392 61 15 from
2412 386 65 22 THE

1971 408 84 27 Sydney
2063 409 98 26 Morning
2171 411 90 24 Herald,
2270 412 86 24 August
2365 412 34 21 19.

1281 125 23 21 in
1313 124 86 26 making
1407 125 52 22 laws
1468 125 36 22 for
1510 125 38 23 the
1557 127 117 25 regulation
1684 127 26 21 of
1721 128 40 20 her
1769 126 94 22 colonies

1283 150 41 22 and
1333 151 57 21 their
1404 151 68 26 trade.
1505 153 63 27 This,
1585 153 114 28 certainly,
1715 153 20 22 is
1751 160 30 14 an
1796 152 67 22 awful

1282 181 183 24 announcement,
1476 179 46 22 and
1535 179 19 22 is
1568 179 107 28 certainly
1677 179 54 22 .well
1743 178 120 23 calculated

1281 208 22 18 to
1312 204 81 27 inspire
1403 212 25 14 us
1445 205 146 28 antipodeans
1606 204 54 24 with
1676 214 29 14 an

1282 230 66 23 dread
1357 231 26 21 of
1394 231 37 22 the
1440 238 62 15 more
1507 232 56 22 than
1569 232 133 28 probability
1712 232 27 22 of
1749 231 47 23 that
1804 231 59 28 body

1282 257 123 28 exercising
1414 263 35 16 no'
1459 258 66 22 small
1539 258 64 22 share
1619 259 25 21 of
1661 259 113 21 influence
1787 257 24 22 in
1825 265 38 15 our

1281 283 71 27 newly
1362 284 88 22 created
1459 285 126 27 Municipal
1768 284 95 27 forming

1281 318 23 14 as
1312 317 34 14 we
1356 310 35 28 do,
1409 318 42 14 one
1466 311 26 21 of
1508 311 38 22 the
1561 311 80 22 Junior
1657 311 116 22 Branches
1789 310 24 22 of
1824 310 39 22 her

1282 336 98 23 Colonial
1396 337 76 27 family
1479 346 6 19 ;
1497 341 23 19 at
1530 338 37 22 the
1576 345 60 14 same
1647 338 62 26 time,
1730 338 12 21 I
1756 337 107 28 perfectly

1281 368 69 22 agree'
1358 363 54 23 with
1428 371 51 21 you,
1498 365 50 21 that
1566 364 44 22 this
1618 364 18 21 is
1646 371 14 14 a
1669 367 60 19 most
1737 364 126 21 favourable

1281 390 137 48 3jportunity
1439 393 23 19 to
1488 391 112 27 petitition
1624 397 40 15 our
1681 391 64 21 Dear
1765 390 98 27 Mammy

1299 418 85 26 ountry,
1404 416 47 23 that
1465 417 40 21 she
1522 417 45 21 will
1586 417 65 22 order
1668 417 42 21 her
1728 419 56 19 state
1801 417 62 21 tailor

1280 445 22 20 to
1311 449 100 16 measure
1420 451 26 14 us
1454 444 36 21 for
1498 451 14 14 a
1521 451 44 14 new
1575 444 50 26 suit,
1635 443 45 22 and
1693 444 19 21 if
1724 444 57 21 after
1796 443 67 27 doing

1281 477 29 19 so,
1326 468 44 23 she'
1384 470 73 22 would
1474 470 109 28 persuade
1601 477 42 15 our
1660 473 73 25 trusty
1752 469 44 23 and
1814 470 49 22 well

1280 494 92 24 beloved
1387 497 118 27 guardians
1524 501 22 18 to
1564 497 32 22 let
1615 503 28 15 us
1664 497 73 27 alone,
1756 496 19 22 it
1791 496 72 23 would

1279 521 81 23 indeed
1369 523 27 22 be
1407 523 24 22 of
1444 523 54 22 vital
1507 524 138 24 importance
1655 527 24 18 to
1690 523 55 22 New
1756 523 106 27 Zealand,

1280 556 23 15 as
1319 547 51 24 well
1383 557 25 14 as
1422 553 23 18 to
1461 550 71 22 Great
1546 550 93 26 Britain,
1723 549 140 29 particularly

1280 574 119 29 gratifying
1408 579 22 19 to
1439 583 58 21 your
1505 579 103 20 constant
1617 577 85 21 reader.

1363 614 3 8 >
1660 604 78 20 Senex
1752 603 85 21 Albus.

1282 650 27 18 To
1318 650 36 16 the
1362 650 78 18 Editor
1448 650 29 23 of
1488 650 37 19 the
1561 650 53 18 New
1624 650 95 18 Zealand
1730 650 86 18 Gazette
1825 650 41 18 and

1434 675 129 26 Wellington
1573 676 125 25 Spectator.'
1697 672 13 15 17

1307 705 47 27 Sib,
1385 706 22 22 A
1422 707 41 21 few
1480 708 81 21 week's
1570 705 67 29 back^
1644 706 87 22 several
1747 705 118 23 communi-

1282 732 80 22 cations
1371 733 108 28 appeared
1489 734 23 21 in
1529 741 57 20 your
1600 741 75 19 paper,
1687 733 125 27 respecting
1829 733 35 22 the

1282 758 84 27 Baking
1382 759 119 28 Company,
1512 760 73 22 which
1602 764 23 17 at
1634 760 44 22 last
1692 760 46 21 had
1752 760 37 21 the
1801 760 65 22 effect

1282 786 25 21 of
1317 785 82 28 calling
1410 793 12 14 a
1434 787 98 27 meeting
1549 787 26 22 of
1586 786 118 28 members,
1716 786 46 23 and
1776 786 36 22 the
1828 794 37 20 ap-

1282 812 122 28 pointment
1418 813 26 22 of
1459 821 14 14 a
1487 820 50 16 new
1552 814 140 21 Committee.
1726 813 59 22 That
1800 814 65 21 Com-

1282 839 81 27 mittee,
1373 840 21 21 if
1405 839 51 27 they
1465 840 58 22 have
1535 840 57 22 done
1606 847 44 20 any
1659 840 72 27 thing,
1744 840 54 21 have
1808 840 57 23 been

1282 865 72 22 rather
1372 871 77 22 secret,
1470 873 24 15 as
1514 867 38 22 the
1575 866 155 23 shareholders
1753 867 114 27 generally

1282 891 63 23 don't
1352 892 66 23 know
1426 893 60 22 what
1495 893 53 27 they
1556 900 37 15 are
1603 893 74 27 about,
1687 901 24 14 or
1721 893 59 22 what
1789 900 76 15 course

1282 919 24 22 of
1328 919 151 27 proceedings'
1492 919 60 27 they'
1565 927 38 14 are
1624 919 85 27 taking.
1752 920 64 26 Now,
1835 920 32 21 al-

1282 943 82 28 though
1381 946 55 22 each
1451 946 137 22 individuals
1601 946 89 27 portion
1697 946 26 23 .is
1737 949 41 18 not
1793 946 72 27 much,

1282 969 41 25 still
1333 973 19 20 it
1361 977 109 18 amounts.
1474 980 29 20 up
1512 976 24 18 to
1546 980 14 14 a
1573 977 74 27 pretty
1657 972 151 22 considerable
1818 980 49 15 sum

1283 998 49 23 with
1343 999 37 22 the
1389 999 71 22 whole
1476 1000 67 27 body,
1554 999 45 22 and
1614 999 73 22 which
1697 1006 70 20 many
1776 999 63 22 think
1849 1000 18 21 is

1282 1026 40 21 lost
1340 1025 35 22 for
1392 1033 63 20 ever;
1477 1033 25 15 so
1523 1026 47 22 that
1589 1026 80 22 ill-will
1688 1026 19 22 is
1727 1026 140 27 engendered

1282 1053 96 22 between
1387 1053 38 22 the
1440 1054 143 26 proprietors,
1594 1053 112 26 Trustees,
1718 1053 46 21 and
1777 1052 38 23 the
1831 1053 36 22 old
1872 1056 2 10 '

1282 1078 42 23 and
1334 1086 51 15 new
1394 1080 149 22 Committees;
1571 1080 108 27 Trusting
1689 1080 43 21 this
1743 1087 50 20 may
1803 1080 65 27 bring

1282 1106 92 22 forward
1383 1114 28 14 an
1421 1110 96 19 account
1526 1107 27 21 of
1563 1107 58 21 their
1634 1107 152 26 proceedings,

1587 1134 10 21 I
1608 1134 93 26 remain,

1601 1159 81 22 Your's
1691 1160 151 28 respectfully,'

1314 1237 50 24 The
1382 1239 115 30 following
1507 1239 68 23 letter
1592 1239 21 22 is
1629 1238 62 23 from
1709 1239 40 22 the
1769 1237 100 25 Colonist

1282 1270 24 24 of
1320 1271 109 32 Tuesday
1441 1280 5 16 ::

1309 1309 47 28 Sir,
1387 1310 125 28 Observing
1523 1317 29 15 an
1563 1312 87 19 extract
1658 1310 59 21 fiom
1729 1317 13 14 a
1751 1309 66 22 letter
1827 1310 25 21 of
1856 1318 14 14 a

1281 1336 129 28 gentleman
1419 1337 24 22 in
1458 1336 124 23 Auckland
1596 1340 23 17 to
1636 1335 19 22 a'
1666 1336 76 22 friend
1757 1336 24 21 in
1799 1336 70 23 Edin-

1283 1362 75 28 burgh,
1373 1364 25 22 in
1415 1364 37 21 the
1467 1365 53 20 New
1535 1364 93 21 Zealand
1639 1364 99 26 Colonist,
1752 1363 26 21 of
1788 1363 81 28 Friday

1282 1390 46 26 last,
1343 1390 23 23 in
1377 1390 73 23 which
1465 1399 14 14 a
1490 1391 137 27 comparison
1643 1390 19 22 is
1677 1390 80 22 drawn
1771 1390 98 22 between

1283 1417 51 22 Port
1358 1417 126 22 Nicholson
1508 1418 46 22 and
1563 1424 4 3 '
1578 1416 126 28 Auckland,
1730 1416 46 23 and
1797 1417 72 22 which

1282 1443 97 24 abounds
1388 1445 24 21 in
1422 1452 76 20 errors,
1510 1445 13 22 I
1533 1444 102 23 consider
1644 1444 19 22 it
1670 1451 40 21 my
1719 1444 56 27 duty
1785 1447 21 18 to
1815 1451 55 15 con-

1283 1470 79 23 tradict
1377 1471 53 22 such
1445 1474 60 24 parts
1521 1479 24 14 as
1563 1479 38 19 my
1615 1472 86 25 perfect
1715 1470 116 28 knowlege
1848 1471 22 22 of

1282 1497 35 22 the
1331 1498 58 22 facta
1403 1498 23 21 in
1442 1498 101 28 question
1562 1498 88 22 entitles
1666 1505 36 15 me
1719 1501 23 18 to
1754 1497 70 27 judge
1839 1498 28 27 of,

1282 1524 43 21 and
1333 1526 24 20 to
1373 1524 72 23 which
1463 1525 11 22 I
1490 1525 57 22 shall
1562 1524 88 23 confine
1667 1524 94 28 myself;
1782 1524 88 28 leaving

1281 1551 33 22 his
1333 1551 152 23 observations
1500 1560 30 14 on
1547 1552 39 21 the
1599 1551 99 22 harbour
1718 1555 22 18 to
1757 1550 74 24 others
1847 1555 22 18 to

1283 1577 80 20 notice.

1308 1604 48 23 The
1380 1604 120 23 Auckland
1523 1605 176 27 correspondent
1723 1608 73 24 states,
1822 1605 48 22 that

1304 1631 61 23 there
1375 1640 38 14 are
1423 1635 39 19 not
1478 1635 43 19 two
1537 1632 102 22 hundred
1654 1639 63 15 acres
1737 1632 27 21 of
1778 1632 54 22 land
1846 1632 24 22 fit

1281 1658 34 22 for
1324 1659 129 22 cultivation
1460 1667 6 18 ;
1477 1658 53 29 they
1538 1660 57 21 have
1606 1663 40 18 not
1656 1666 56 15 even
1723 1659 56 22 been
1789 1659 49 22 able
1848 1662 22 19 to

1282 1684 44 23 find
1337 1693 13 14 a
1359 1693 65 20 space
1433 1686 61 26 large
1504 1686 89 27 enough
1603 1689 22 18 to
1636 1686 80 28 supply
1726 1686 37 21 the
1774 1686 95 22 number

1283 1712 24 22 of
1316 1715 60 20 town
1385 1720 61 15 acres
1455 1712 73 23 which
1540 1713 52 27 they
1601 1712 58 23 have
1669 1713 56 25 sold,
1743 1712 43 22 and
1799 1720 71 20 many

1283 1739 25 22 of
1318 1738 62 23 them
1389 1747 37 14 are
1437 1740 63 21 stuck
1510 1740 24 21 in
1542 1739 108 22 localities
1660 1740 74 21 which
1744 1747 14 14 a
1766 1744 52 23 goat
1828 1747 41 14 can

1282 1766 78 28 hardly
1371 1767 65 22 climb
1444 1775 6 19 ;
1489 1767 44 22 and
1540 1767 49 21 that
1620 1766 57 23 their
1688 1773 116 21 surveyors
1813 1766 57 23 have

1281 1793 57 22 been
1349 1790 92 30 striving
1452 1793 55 22 hard
1517 1797 23 18 to
1549 1797 38 23 get
1603 1801 13 14 a
1627 1792 138 30 practicable
1779 1794 53 21 road
1848 1797 22 18 to

1283 1820 36 21 the
1329 1820 103 26 interior;
1443 1820 41 22 but
1493 1820 66 27 have,
1570 1828 23 14 as
1603 1825 45 23 yet,
1665 1820 97 28 entirely

1283 1846 57 23 That
1350 1847 63 22 there
1422 1848 19 21 is
1451 1855 62 14 some
1523 1847 94 22 mistake
1625 1847 63 28 here,
1705 1848 20 21 is
1740 1854 53 20 very
1804 1848 66 26 clear,

1283 1880 24 15 as
1316 1873 38 23 the
1364 1874 112 26 following
1488 1874 70 22 tables
1567 1874 45 22 will
1622 1874 59 22 shew
1689 1882 5 14 :

1284 1926 120 17 Statement
1410 1931 35 12 .op
1464 1930 41 13 the
1524 1927 89 16 Number
1630 1930 25 13 op
1669 1927 93 16 Country
1779 1926 91 17 Section's

1303 1955 115 23 subveyeb^
1423 1959 41 12 and
1477 1954 80 17 clcoiex
1571 1959 22 11 in
1608 1959 40 12 the
1667 1954 97 17 district
1782 1959 23 12 op
1820 1956 50 15 fort

1305 1982 119 15 Nicholson.

1895 477 3 5 ,
1975 465 57 14 were
2047 458 107 22 favoured
2168 458 45 22 last
2227 459 64 27 night
2304 459 55 23 with
2370 467 12 15 a
2393 461 48 26 Bay
2456 461 26 28 of

1891 483 89 28 Islands,
1989 485 104 27 Observer,
2105 485 27 22 of
2142 485 38 22 the
2196 485 50 22 14th
2262 486 62 27 July,
2335 486 56 22 from
2406 485 74 25 which

1892 517 33 14 we
1934 510 62 22 learn
2005 512 50 21 that
2064 512 37 21 the
2111 512 67 27 delay
2196 512 26 21 of
2227 512 40 26 ,the
2285 513 155 23 Government
2454 515 26 22 in

1892 536 90 28 settling
1991 537 38 22 the
2039 538 54 22 land
2105 539 86 26 claims,
2201 546 51 19 was,
2264 546 24 14 as
2302 539 24 22 in
2343 539 63 23 other
2420 545 61 23 parts

1894 562 25 22 of
1931 563 37 22 the
1981 564 88 28 colony,
2080 565 93 27 causing
2187 569 62 23 great
2264 565 180 29 dissatisfaction,
2455 576 26 14 so

1893 590 68 22 much
1979 598 31 20 so,
2032 592 48 20 that
2098 599 28 14 an
2144 592 132 22 association
2295 593 36 22 for
2347 593 134 28 purchasing

1892 615 64 22 lands
1964 617 58 22 from
2033 618 39 21 the
2081 617 70 23 chiefs
2160 619 27 21 of
2193 619 38 21 the
2241 618 84 29 Fegees
2336 627 25 14 or
2370 620 36 22 the
2417 621 64 21 Mar-

1893 649 79 21 quesas
1980 651 46 14 was
2034 644 77 22 talked
2121 644 30 28 of,
2159 645 35 21 for
2204 645 36 22 the
2247 652 96 21 purpose
2353 647 24 21 of
2381 647 100 28 forming

1893 676 14 14 a
1921 670 130 22 settlement
2082 671 121 22 somewhat
2217 679 28 24 pn
2260 673 39 21 the
2314 673 75 22 model
2405 674 26 22 of
2442 674 39 22 the

1895 696 97 23 Grecian
2178 698 23 21 It
2215 698 18 21 is
2250 703 40 17 not
2307 699 106 28 probable
2432 700 50 23 that

1894 730 44 18 any
1948 724 54 21 such
2010 723 81 22 foolish
2107 727 49 24 step
2166 724 45 22 will
2227 724 27 22 be
2264 726 75 27 taken,
2351 733 41 15 nor
2406 727 75 23 would

1893 749 18 22 it
1921 750 27 21 be
1958 750 93 22 allowed
2060 750 31 28 by
2101 750 37 23 the
2154 750 82 22 British
2253 752 153 22 Government
2422 761 59 15 were

1892 776 20 21 ill
1926 779 28 20 to.
1963 777 28 22 be
2006 778 122 27 attempted
2136 785 6 19 ;
2166 777 42 22 but
2224 777 64 23 when
2304 786 53 14 men
2373 780 108 28 seriously

1895 804 147 28 contemplate
2058 804 54 22 such
2127 804 168 28 undertakings,
2311 806 20 20 it
2345 806 71 22 shows
2431 807 51 22 how

1895 830 56 27 deep
1961 830 58 23 their
2028 838 63 15 sense
2102 831 26 22 of
2138 831 39 22 the
2185 830 105 28 injustice
2301 832 27 21 of
2334 832 38 21 the
2382 832 100 23 Govern-

1893 860 63 18 ment
1966 861 61 17 must
2036 858 35 20 be.

1922 883 198 23 Re-emigration.
2151 884 92 28 Captain
2257 884 79 28 -King,-
2342 885 27 21 of
2378 885 37 23 the
2430 886 51 28 brig

1897 910 85 31 Cyprus,
1999 910 41 22 has
2055 911 78 27 placed
2147 912 23 21 in
2185 918 40 15 our
2237 911 72 22 hands
2326 919 14 14 a
2355 912 126 28 document,

1895 937 78 26 signed
1990 937 32 25 by
2041 938 84 21 several
2142 938 137 26 respectable
2298 938 139 24 inhabitants
2459 945 24 17 at

1895 963 119 22 Auckland
2023 964 46 21 and
2078 963 142 27 Kororarika,
2231 966 148 26 empowering
2387 966 54 27 him,
2452 974 31 15 on

1896 989 56 22 their
1961 993 68 24 parts,
2040 993 23 18 to
2074 991 107 26 purchase
2192 997 29 15 an
2234 991 77 27 island,
2323 997 22 17 to
2356 992 38 22 the
2405 996 78 19 extent

1897 1016 26 21 of
1934 1017 90 27 100,000
2039 1023 68 20 acres,
2118 1018 23 21 in
2137 1014 6 11 1
2158 1024 63 15 some
2236 1021 50 23 part
2300 1018 27 22 of
2337 1018 38 22 the
2391 1019 90 28 Pacific,

1895 1042 38 22 the
1944 1043 132 28 Marquesas
2085 1044 45 21 and
2138 1043 84 28 Fegees
2230 1044 66 28 being
2302 1046 180 22 recommended.

1896 1069 23 22 It
1927 1070 18 21 is
1954 1070 109 28 expected
2073 1070 49 22 that
2132 1070 130 28 emigration
2274 1075 22 18 to
2307 1079 13 14 a
2330 1072 153 23 considerable

1897 1100 81 24 extent,
2005 1097 45 22 will
2069 1097 51 22 take
2138 1098 65 27 place
2221 1097 57 23 from
2298 1098 57 22 New
2373 1099 108 28 Zealand,

1897 1123 73 27 owing
1978 1127 23 18 to
2011 1124 39 21 the
2060 1124 96 23 conduct
2166 1124 32 22 of-
2206 1124 154 23 Government
2372 1125 24 22 in
2407 1126 77 28 delay-

1897 1149 39 27 ing
1945 1157 23 15 so
1977 1151 55 27 long
2042 1150 37 23 the
2088 1151 126 22 settlement
2222 1152 25 21 of
2257 1151 53 23 land
2319 1152 85 22 claims.
2433 1153 23 22 It
2465 1154 21 21 is

1896 1176 134 23 understood
2040 1177 37 22 the
2086 1178 128 22 settlement
2227 1178 68 22 about
2305 1183 23 17 to
2338 1179 28 21 be
2374 1180 109 27 founded,

1895 1202 20 23 is
1932 1206 22 19 to
1970 1204 28 21 be
2017 1204 136 28 republican,
2170 1204 47 23 and
2234 1205 77 27 totally
2326 1208 159 21 unconnected

1898 1230 51 21 with
1959 1230 118 28 European
2085 1238 25 15 or
2125 1239 46 19 any
2182 1232 62 21 other
2253 1239 82 20 -power
2342 1232 10 27 ;'.
2359 1230 53 24 itf'is
2422 1237 23 18 to
2454 1234 30 22 be

1896 1258 121 21 somewhat
2032 1265 29 14 on
2076 1258 36 22 the
2132 1258 76 22 model
2225 1258 33 21 of-
2271 1258 38 22 the
2330 1259 97 23 Grecian
2445 1268 36 14 re-

1895 1283 93 26 publics.
2018 1284 92 28 Captain
2121 1285 63 27 King
2198 1287 64 20 starts
2276 1285 25 22 in
2316 1293 14 14 a
2343 1286 43 22 few
2397 1286 54 28 days
2461 1294 25 15 as

1898 1310 195 28 Plenipotentiary,
2102 1315 33 18 to
2152 1314 60 19 treat
2228 1311 53 22 with
2304 1312 38 21 the
2365 1313 121 28 Sovereign

1897 1336 81 23 Chiefs.
2007 1338 49 21 The
2065 1341 129 25 prospectus
2203 1338 26 21 of
2239 1338 37 22 the
2286 1338 67 22 Joint
2363 1340 66 22 Stock
2440 1341 44 21 As-

1897 1364 106 21 sociation
2022 1371 53 20 may
2093 1364 26 22 be
2138 1372 54 15 seen
2213 1368 23 18 at
2253 1365 39 22 the
2311 1366 64 22 office
2394 1367 26 21 of
2440 1367 45 22 this

1896 1397 105 20 paper,
2001 1392 47 25 .Bay
2059 1391 26 25 of
2094 1392 83 20 Islands
2188 1392 105 22 Observer.

1925 1416 66 24 Land
1999 1418 66 22 Sale.
2095 1418 47 23 The
2152 1419 44 22 last
2202 1422 93 25 attempt
2300 1418 42 23 has
2352 1420 56 21 been
2419 1420 66 23 made

1897 1443 31 27 by
1944 1444 37 23 the
1999 1445 152 22 Government
2167 1446 78 27 to-day
2258 1449 23 19 to
2298 1453 92 21 procure
2405 1454 81 22 money

1897 1470 56 22 from
1965 1472 38 21 the
2017 1472 85 28 people,
2119 1473 40 22 but
2173 1472 39 23 the
2227 1476 95 24 attempt
2337 1474 40 21 has
2391 1474 96 28 signally

1897 1497 74 23 failed.
2001 1499 33 21 Of
2041 1499 30 22 all
2081 1499 37 22 the
2126 1499 54 22 land
2189 1503 39 25 put
2236 1507 29 20 up
2276 1504 21 17 to
2305 1501 89 21 auction
2403 1500 33 29 by
2446 1501 39 22 the

1899 1524 160 29 Government,
2079 1527 53 27 only
2148 1530 44 18 two
2212 1526 126 22 allotments
2353 1534 57 15 were
2429 1528 56 27 sold,

1898 1551 44 22 and
1952 1552 62 22 these
2024 1560 56 14 were
2090 1553 88 27 bought
2185 1557 24 18 at
2215 1553 37 22 the
2260 1557 65 24 upset
2333 1554 59 27 price
2403 1554 30 27 by
2439 1555 46 22 Mr.

1899 1578 120 28 Shepherd,
2035 1580 37 21 the
2082 1580 101 22 Colonial
2193 1581 126 21 Treasurer.
2349 1580 44 22 Mr.
2405 1581 84 23 Mason,

1899 1607 65 23 again
1982 1606 47 22 and
2046 1607 65 27 again
2127 1606 109 22 exnorted
2252 1607 36 21 the
2305 1607 77 28 people
2399 1611 22 18 to
2433 1608 53 33 buy.

1898 1630 39 23 He
1947 1633 142 27 represented
2105 1634 39 21 the
2153 1634 57 21 land
2224 1641 24 14 as
2257 1634 70 27 being
2340 1635 147 28 exceedingly

1898 1658 53 28 rich,
1964 1660 45 21 and
2024 1660 36 21 the
2071 1660 156 23 Government
2242 1661 86 22 officers
2338 1668 24 15 as
2372 1662 66 27 being
2446 1669 40 14 ex-

1900 1686 106 28 cessively
2015 1693 60 21 poor.
2105 1688 36 21 He
2152 1687 108 22 exhorted
2269 1687 38 22 the
2316 1688 79 27 people
2408 1692 22 18 to
2441 1689 46 28 pity

1900 1712 54 28 their,
1971 1714 112 21 condition
2100 1714 42 22 but
2150 1714 24 22 in
2188 1714 58 22 vain.
2274 1714 49 22 The
2337 1715 78 27 people
2430 1723 58 15 were

1898 1738 138 27 inexorable.
2064 1740 47 23 The
2121 1742 120 21 Treasurer
2255 1742 66 21 acme
2335 1742 153 27 sympathised

1900 1766 51 22 with
1968 1766 35 23 the
2017 1767 106 27 sufferers,
2142 1768 48 22 and
2206 1768 127 22 subscribed
2349 1769 36 21 the
2395 1769 60 28 price
2466 1769 24 23 of

1899 1796 42 19 two
1951 1794 127 22 allotments
2089 1799 22 17 to
2121 1795 63 27 keep,
2189 1795 33 22 his
2232 1795 91 22 brother
2332 1796 86 22 officers
2427 1796 59 22 from

1900 1821 105 27 starving.
2035 1821 54 22 This
2103 1822 19 22 is
2136 1829 14 15 a
2163 1822 137 22 lamentable
2315 1822 47 22 and
2377 1823 40 21 sad
2431 1827 57 18 state

1900 1847 26 21 of
1932 1846 80 28 things,
2024 1848 45 22 and
2078 1856 33 14 we
2117 1852 75 24 regret
2199 1849 68 22 much
2272 1852 23 18 to
2304 1849 57 22 hear
2369 1848 49 24 that
2425 1849 62 23 there

1900 1881 37 14 are
1947 1881 52 15 men
2011 1882 56 15 even
2076 1876 24 21 in
2107 1876 127 27 Auckland,
2245 1884 24 14 so
2276 1876 85 22 callous
2367 1876 45 22 and
2421 1877 69 22 hard-

1900 1900 93 23 hearted
2001 1909 26 14 as
2039 1905 22 18 to
2070 1902 81 27 rejoice
2165 1906 25 18 at
2199 1902 54 23 such
2264 1911 14 14 a
2291 1903 75 27 public
2376 1903 112 28 calamity.

1900 1928 42 21 We
1951 1935 38 15 are
1999 1929 99 28 credibly
2107 1929 111 23 informed
2232 1929 48 23 that
2293 1937 62 15 some
2366 1931 25 21 of
2402 1931 37 21 the
2450 1930 39 23 old

1900 1955 88 22 settlers
1999 1956 46 21 and
2055 1956 54 22 land
2115 1957 123 26 claimants,
2248 1957 49 21 who
2304 1964 37 14 are
2351 1957 22 21 in
2381 1957 39 23 the
2427 1957 63 23 habit

1900 1982 25 21 of
1931 1982 136 27 assembling
2079 1987 24 17 at
2117 1991 14 14 a
2140 1983 65 27 place
2221 1983 72 23 called
2307 1983 38 23 the

1901 2009 103 22 manifest
2014 2011 54 20 such
2078 2017 29 15 an
2117 2015 100 17 extreme
2227 2013 59 19 want
2295 2011 26 21 of
2328 2010 91 29 feeling,
2431 2019 24 15 as
2464 2016 24 17 to

1900 2035 124 22 illuminate
2040 2036 57 22 their
2105 2037 82 22 houses
2197 2045 28 14 on
2239 2037 44 22 this
2296 2037 120 23 disastrous
2424 2046 66 14 occa-

1901 2062 55 20 sion.
1984 2063 56 19 Ibid.
2268 2065 5 7 '

2001 2112 90 24 CAPE
2109 2113 45 23 OF
2168 2114 96 23 GOOD
2279 2114 104 23 HOPE.

1342 2066 68 16 Names
1418 2066 21 16 of
1444 2065 92 17 Districts.

1608 2045 81 17 Sections
1694 2046 88 21 surveyed

1627 2067 62 16 before
1697 2067 31 16 the
1735 2067 31 17 Bth

1666 2088 59 20 April.

1791 2046 81 17 Sections

1799 2068 57 16 under

1792 2088 74 20 Survey.
1873 2105 3 4 t

1607 2148 41 17 Laid
1654 2150 36 16 out.

1701 2150 76 16 Chosen.

1282 2191 54 17 Town
1345 2190 76 17 District

1283 2212 82 16 Harbour
1374 2212 75 16 District

1283 2232 65 17 Evans'
1356 2233 39 20 Bay
1404 2232 73 17 District

1283 2253 53 17 Ohiro
1344 2253 76 17 District
1429 2258 27 12 ...;

1283 2274 63 17 Karori
1437 2275 11 16 :.

1283 2295 74 17 Makara

1283 2317 92 19 Kinapora
1501 2322 11 12 :.
1581 2317 10 21 \

1284 2337 73 17 Porirua
1580 2338 8 19 j

1284 2359 78 19 Tukapu

1283 2380 67 16 Ohariu

1282 2401 48 15 Hutt

1282 2420 62 17 Watt's
1353 2422 99 16 Peninsula

1283 2442 61 16 Pawal-
1349 2444 94 19 tanga-mu
1450 2447 11 12 .:

1282 2463 60 20 Lowry
1349 2464 39 20 Bay

1282 2484 69 16 Horoki
1358 2484 98 21 (probably)
1571 2488 25 14 :...

1283 2505 104 17 Karo-Karo
1395 2506 34 16 and
1438 2505 71 21 Sundry
1516 2506 53 16 Farts
1579 2517 17 5 ...

1659 2191 10 17 7

1648 2213 20 15 69

1659 2234 11 15 4

1648 2255 20 15 18

1647 2275 23 16 24

1648 2296 20 16 39

1638 2328 31 15 108

1649 2359 20 16 39

1649 2380 20 16 37

1649 2401 20 16 74

1649 2422 20 15 12

1647 2444 22 15 68

1753 2192 9 16 7

1740 2213 20 16 51

1751 2234 12 16 4

1741 2255 20 16 18

1740 2276 23 16 24

1741 2297 21 15 39

1731 2329 31 16 108

1741 2361 21 15 39

1741 2382 21 15 35

1741 2402 21 16 74

1741 2423 18 16 11

1741 2444 21 16 33

1842 2329 9 16 8

1830 2382 20 15 40

1821 2403 30 15 100

1843 2466 8 15 5

1823 2486 29 17 150

1833 2508 19 16 10

1636 2548 33 16 499

1637 2569 31 16 313

1730 2549 32 16 443

1821 2550 31 15 313

1282 2609 80 17 Number
1367 2610 21 17 of
1393 2610 79 17 Sections
1477 2611 19 15 at
1503 2611 87 20 preienfl

1302 2630 90 21 explored,
1397 2631 93 20 surveyed,
1495 2636 21 12 or
1520 2631 58 17 under
1586 2627 4 21 I

1302 2656 67 16 survey
1372 2652 19 17 in
1396 2652 29 17 the
1429 2652 148 20 neighbourhood
1585 2655 5 21 {

1302 2672 20 17 of
1327 2672 43 17 Fort
1379 2673 97 16 Nicholson
1580 2669 10 24 )

1638 2642 31 16 812

1345 2856 67 18 Names
1418 2856 20 17 of
1442 2856 94 17 Districts.

1607 2836 82 16 Sections

1625 2856 62 18 before

1666 2878 26 19 Aj

1694 2836 89 20 surveyed

1695 2856 31 17 the
1735 2857 30 16 Bth

1690 2877 36 17 >ril.

1792 2836 82 17 Sections

1799 2858 59 16 under

1795 2879 74 21 Survey.

1607 2940 43 17 Laid
1654 2942 37 15 out.

1703 2941 76 16 Chosen.

1283 2981 115 18 Horowenua

1283 3002 103 18 Manawatu

1638 2983 31 16 185

1638 3003 29 17 101

1742 2983 20 16 79

1741 3004 21 16 97

1821 3004 29 16 300

1637 3045 32 17 286

1638 3066 31 17 300

1732 3045 30 17 176

1820 3046 30 16 300

1283 3106 80 18 Number
1371 3107 17 17 oi
1396 3107 79 17 Sections
1483 3107 105 21 explored,,

1303 3129 94 20 surveyed,
1409 3133 19 12 or
1438 3128 59 17 under
1509 3130 69 19 Survey
1583 3124 10 30 j-

1302 3150 20 14 at
1327 3149 106 17 Manawatu

1637 3129 32 16 586

1307 3190 96 18 District
1414 3196 23 12 of

1283 3232 56 20 Right
1344 3231 52 19 bank
1402 3233 20 17 of
1426 3232 57 18 River

1282 3253 40 16 Left
1329 3253 76 21 bank.of
1410 3254 47 17 river

1638 3232 30 17 ISO

1638 3253 30 17 IS7

1730 3232 32 16 114

1730 3253 30 16 165

1283 3294 80 18 Number
1370 3295 20 17 of
1396 3295 79 17 Seotions
1481 3297 18 15 at
1503 3295 74 21 present
1581 3306 6 5 .

1302 3316 87 20 explored
1403 3317 37 16 and
1454 3316 89 21 surveyed
1558 3312 33 28 at[

1302 3335 108 22 Wanganui.
1579 3334 8 11 *

1636 3316 32 16 367

1727 3316 33 17 279
