2540 4050
1913 3918 72 18 Printed
1995 3919 39 17 end
2046 3920 97 20 published
2158 3925 57 17 every
2230 3921 115 20 Wednesday
2361 3921 36 16 and
2406 3920 83 19 Saturday

1934 3939 92 22 morning,-
2033 3940 27 21 by.
2075 3941 84 17 Samoth.
2172 3942 91 19 Rivaxi,
2278 3943 22 16 at
2313 3943 33 15 the
2361 3942 53 16 Office
2429 3941 20 17 of
2459 3941 29 16 th»

1934 3960 49 18 Xfar
1992 3960 99 18 Zkalakd
2101 3960 92 19 GAixru
2203 3966 45 13 a>td
2258 3962 137 17 Wellington
2409 3962 80 17 Bp«ota-

1934 3985 40 15 Toa,
1985 3981 155 22 Mannir>*itr««t>
2148 3982 117 23 Wellington,
2276 3984 46 18 Fort
2333 3983 104 19 NUholion,
2449 3981 40 17 K*w

1935 4002 81 16 Ifcalaai.

556 51 101 49 Stty*
681 51 119 42 Ntto
826 49 209 43 Zttrtanlr
1061 49 192 47 (&a}tttt
1278 49 93 40 attb
1395 47 299 48 WtoiUmton
1720 46 255 50 gqpectalac*

1908 137 215 24 WHOLESALE
2152 138 129 26 PRICES
2314 138 175 26 CURRENT.

2005 176 131 15 CORRECTED
2151 177 30 15 UP
2195 177 30 15 TO
2239 176 57 16 LAST
2311 176 81 20 NIGHT,.

1998 209 4 4 •
2013 213 39 11 ...
2145 215 28 5 -■
2192 223 4 4 .
2225 212 5 13 1
2242 201 32 21 &''
2282 206 22 14 »•■
2322 203 12 17 d
2336 214 6 6 -
2380 203 33 25 „&
2428 208 23 18 ,■►
2474 206 19 15 <>•

1909 230 48 22 Alb
1964 237 12 14 J-
1985 230 28 22 In
2021 229 77 29 bottle,
2105 237 42 22 per
2155 231 72 22 hhd..
2286 234 19 20 O.
2329 233 15 20 0
2360 245 24 8 •*<
2397 234 28 20 0'
2439 232 26 22 0'
2479 235 14 20 0

2077 264 43 20 per
2124 258 103 22 barrel.'.
2244 260 25 22 5.,
2288 261 14 20 0
2329 260 15 20 0
2361 272 19 7 ..
2397 261 15 20 0
2439 261 14 20 0
2479 262 14 19 0

2044 301 3 4 .
2078 284 150 28 perdoz:....
2246 287 56 21 013
2328 286 16 21 0
2361 300 18 5 ..
2397 287 15 20 0
2438 288 14 19 0
2479 289 14 19 0

1909 310 95 21 Arrack
2012 318 8 14 :
2033 310 43 23 Per
2083 311 45 25 gal.
2137 312 25 21 in
2171 311 63 22 bond
2246 314 15 20 0
2289 314 12 20 1
2329 313 15 20 91..9
2347 317 3 9 1
2361 326 6 6 .
2374 326 6 7 .
2397 314 15 20 0
2438 314 15 20 2
2479 318 13 19 o

1907 336 91 23 Bread:
2013 337 94 24 Per-21b.
2119 338 50 22 loaf
2183 352 47 7 ....
2248 341 14 20 0
2288 341 16 20 0
2329 339 15 22 7
2361 352 19 8 ..
2397 341 15 24 Q
2439 340 20 26 0,
2479 341 14 20 0

1908 363 58 22 Beef
1972 371 6 14 :
1993 363 78 28 Fresh,
2087 371 91 16 carcase
2194 371 48 21 per.
2251 383 3 4 ,
2277 375 4 8 <

1999 414 5 4 s
2021 390 24 22 lb
2164 390 99 31 ••"•••',,o,
2286 393 14 20 0
2315 393 28 21 10
2359 406 19 7 -
2395 393 57 21 0.0
2478 394 14 20 0

2013 417 54 27 Salt,
2076 424 40 20 per
2128 418 69 22 tierce
2211 432 19 7 ..
2270 425 59 16 none
2348 430 31 12 .»♦
2397 421 16 20 O
2438 421 15 20 0
2480 421 13 20 0

2013 443 44 22 Do.
2067 451 38 20 per
2118 444 111 23 barrel.**
2251 446 77 21 ..'none
2359 458 19 9 .»
2395 448 25 19 O.
2437 447 14 20 0
2479 448 13 19 0

1908 470 91 22 Butter
2005 477 5 15 :
2027 469 63 29 Irish,
2100 478 40 20 per
2148 472 32 21 lb.
2211 484 20 8 >-.
2267 479 62 16 none
2360 486 6 7 .
2373 486 5 7 .
2397 475 18 21 0,
2438 474 14 19 0
2479 475 14 19 0

1993 512 13 8 
2025 497 68 22 Fresh
2248 500 15 21 0
2289 502 14 19 3
2330 500 16 25 3,
2361 512 19 8 .»
2398 502 15 20 0
2439 500 14 21 0
2480 502 13 19 0

1908 528 106 17 JDKANur:
2030 524 57 21 First
2093 524 92 28 quality,
2194 532 41 20 per
2310 535 3 5 •
2366 545 2 5 ,
2391 525 4 4 *
2442 543 6 7 ,
2504 525 11 32 |

1928 547 33 31 ,/.
1969 547 19 21 •'
2053 550 74 28 gallon
2137 551 24 22 in
2171 552 68 28 bond,
2246 552 57 23 07
2321 554 24 21 ,0
2397 554 56 21 09
2479 555 14 19 0
2507 545 8 33 |

1908 577 83 22 Brown
2009 576 87 23 Stout:
2119 585 41 20 per
2173 578 56 22 hhd.
2242 581 14 19 6
2272 580 28 21 10
2326 582 15 19 0
2357 593 20 7 ..
2397 580 14 22 7
2437 581 14 20 0
2479 582 13 19 0

1909 604 83 22 Cigars
1999 611 6 15 :
2015 604 104 28 Manilla,
2125 611 40 21 per
2171 606 63 26 1000,
2246 607 15 20 3
2288 608 15 20 0
2329 608 14 20 0
2359 620 21 7 ..
2397 608 15 20 0
2437 608 15 19 0
2479 608 14 20 0

2013 630 96 23 Inferior
2181 646 49 7 ....
2248 633 11 21 1
2276 634 27 21 18
2329 634 15 21 0
2360 635 51 20 ..2
2437 634 15 20 0
2479 635 14 20 0

1990 667 5 5 -
2014 658 134 27 Havannah,
2154 658 78 28 perlb.
2267 666 61 15 none
2437 661 15 20 0
2479 662 13 19 0

2013 684 245 28 ChinsurahperlOOOl
2275 687 27 21 10
2329 688 14 19 0
2359 699 19 8 ..
2395 688 15 20 0
2437 688 14 19 0
2477 689 14 19 0

2012 712 215 21 Alexandrian....
2246 714 10 20 1
2274 714 27 21 10
2327 714 15 21 0
2358 726 20 7 ..
2395 716 14 19 0
2436 715 14 20 0
2477 716 14 19 0

1908 738 84 23 Coffee
1999 746 6 14 :
2015 738 64 28 Java,
2088 745 41 21 per
2136 738 31 23 lb.
2180 753 7 6 .
2194 753 6 6 .
2209 753 7 7 .
2222 754 6 6 .
2246 741 14 20 0
2288 740 55 22 010
2359 754 6 7 .
2371 754 7 6 .
2396 742 15 20 0
2437 742 12 19 1
2477 742 15 19 3

1908 765 86 22 Cheese
2002 773 5 14 :
2023 765 104 22 Cheshire
2153 780 75 7 ......
2246 768 14 20 0
2288 768 12 20 1
2328 768 15 19 6
2360 781 5 6 .
2371 780 7 7 .
2396 769 15 20 0
2437 768 14 21 0
2478 769 14 20 0

2021 792 55 22 Pine
2085 792 74 28 Apple
2180 795 80 20 ....0
2288 795 123 21 0.0..0
2438 794 11 21 1
2477 795 14 20 2

2020 818 113 23 Dutch...
2246 822 15 20 0
2288 822 15 20 0
2329 820 50 21 o'.,
2418 827 59 15 none

1908 845 101 22 Candles
2016 853 6 14 :
2029 845 93 27 English
2128 853 57 21 wax,
2192 853 42 21 per
2255 843 17 21 "'-
2287 847 3 5 '
2318 844 9 16 ;
2361 853 3 3 '
2396 850 3 4 '

2042 872 30 24 }b
2246 876 14 19 0
2288 876 14 20 3
2323 876 20 22 ,0
2359 888 20 7 ..
2397 876 14 20 0
2439 876 52 20 0.0

1974 905 46 25 .0-
2034 898 80 23 Mould
2245 902 14 21 0
2288 902 11 21 1
2327 902 15 20 3
2359 915 19 6 ..
2437 903 15 20 0
2478 903 15 20 0

2034 926 56 27 Dips
2244 924 16 25 6
2287 929 11 20 1
2326 929 15 19 O
2357 940 21 9 .«
2395 930 14 20 0
2437 929 14 20 0
2477 931 14 19 0

1908 952 89 23 Flour:
2007 952 129 28 lstquality,
2147 956 85 24 perton

2027 980 26 21 of
2063 979 53 22 2000
2125 979 35 22 lbs
2230 982 28 20 28
2286 983 14 19 0
2326 983 15 19 O
2359 983 51 21 ..30
2437 983 14 20 0
2477 985 14 19 0

2003 1006 46 22 2nd
2059 1006 54 22 ditto
2246 1010 15 19 0
2288 1010 14 19 0
2328 1010 83 20 0..20
2437 1011 14 19 0
2478 1011 14 19 0

1908 1033 57 22 Gim:
1985 1033 54 22 Pale
2054 1033 25 22 in
2089 1034 138 21 b0nd......
2245 1036 14 20 0
2287 1036 14 20 3
2328 1036 14 20 0
2359 1050 19 6 ...
2395 1038 14 19 0
2435 1036 16 20 4
2477 1038 14 19 6

1953 1060 63 26 Case,
2023 1062 16 20 4
2044 1060 36 27 gal
2088 1062 38 20 4-5
2134 1061 25 21 in
2167 1061 65 22 bond
2245 1063 14 20 0
2284 1063 17 25 ,0
2328 1063 49 20 0..
2396 1064 11 20 1
2437 1064 14 20 8
2477 1065 14 19 0

1908 1086 78 23 Hams:
2000 1086 129 28 Yorkshire,
2143 1088 88 28 perlb.
2246 1090 14 20 0
2288 1091 13 19 0
2329 1091 14 19 0
2360 1103 18 7 ..
2397 1092 14 19 0
2437 1091 15 19 0
2479 1092 14 20 0

1908 1114 134 27 Mustard:.
2046 1114 43 22 Per
2096 1114 72 23 dozen
2181 1123 19 12 .'.
2209 1130 19 6 ..
2246 1117 55 20 018
2329 1117 50 20 0..
2397 1119 14 19 0
2439 1117 14 21 0
2480 1119 13 19 0

1908 1141 110 22 Mutton:
2039 1142 93 21 Carcase
2141 1149 40 20 per
2190 1142 24 21 lb
2225 1158 6 6 .
2246 1144 14 20 0
2288 1145 13 19 0
2329 1144 14 20 9
2361 1157 17 6 ..
2397 1146 14 18 0
2438 1145 14 19 0
2467 1145 22 20 11

1907 1168 120 21 Muskets:
2041 1167 93 22 Walnut
2140 1168 94 22 stocked
2247 1171 13 19 0
2288 1172 15 19 0
2329 1171 14 19 0
2360 1184 19 7 ..
2397 1173 14 19 0
2427 1171 30 20 15-
2479 1173 14 19 0

1908 1194 74 22 Milk:
1997 1194 44 22 Per
2046 1194 49 28 pint
2246 1198 14 19 0
2288 1198 13 20 0
2328 1197 14 20 3
2360 1210 18 7 ..
2397 1200 14 18 0
2438 1199 14 19 0
2478 1199 15 20 4

1908 1221 52 22 Oil:
1976 1220 104 26 Linseed,
2085 1237 4 5 ,
2089 1228 40 20 per
2138 1222 77 26 gallon
2225 1238 7 6 .
2245 1224 56 20 0-5
2328 1225 15 19 O
2361 1237 19 7 ..
2395 1226 16 19 O
2437 1224 15 21 7
2480 1227 14 19 0

1978 1248 78 26 Black,
2060 1248 24 21 in
2087 1247 175 29 cask,pertonl7
2277 1250 27 21 10
2331 1251 14 19 0
2361 1264 19 7 ..
2397 1253 15 19 0
2439 1253 14 19 0
2479 1253 14 20 0

2015 1275 76 25 Sperm
2231 1276 25 21 75
2286 1277 12 20 0
2327 1277 13 19 0
2358 1291 18 6 ..
2395 1279 12 19 0
2437 1278 13 19 0
2478 1280 11 18 0

1908 1301 73 22 Pork:
1995 1302 77 26 Fresh,
2089 1309 88 14 carcase
2193 1309 42 21 per

2020 1328 24 22 lb
2245 1331 14 20 0
2287 1333 14 19 0
2328 1331 13 20 5
2360 1345 18 7 ..
2396 1334 13 19 0
2437 1334 14 19 0
2477 1335 14 19 0

1908 1354 73 23 Pork:
1997 1355 66 27 Irish,
2074 1362 38 20 per
2122 1355 74 23 barrel
2208 1371 19 6 ..
2244 1358 58 21 00
2329 1359 14 20 0
2361 1371 19 8 ..
2410 1365 60 19 n.one

1908 1382 127 22 Potatoes;
2055 1382 55 22 New
2124 1382 109 29 Zealand,

2079 1416 39 20 per
2127 1413 38 18 ton
2179 1411 78 21 ....5
2286 1413 15 20 0
2328 1413 81 21 0..0
2437 1415 14 19 0
2478 1416 12 19 0

1908 1436 89 22 Porter
2006 1443 6 15 s
2040 1436 101 28 Dunbar,
2152 1437 25 21 in
2185 1437 46 22 bot.

2070 1463 91 27 perdoz
2245 1467 14 19 0
2275 1467 26 20 13
2328 1467 14 19 0
2359 1480 19 6 ..
2396 1469 14 20 0
2437 1469 15 19 0
2479 1469 13 20 0

2012 1490 84 27 Bryant
2106 1490 45 22 and
2161 1490 71 22 Davis
2246 1493 14 19 0
2286 1495 15 19 O
2328 1494 13 20 0
2359 1507 19 6 ..
2396 1496 13 20 0
2437 1496 14 19 0
2478 1496 13 20 0

1907 1516 95 22 Pickles
2013 1524 5 14 :
2049 1517 115 27 Asso^ed,
2193 1525 42 20 per

2076 1543 56 27 doz.,
2157 1548 77 23 quarts
2248 1547 10 19 1
2289 1548 12 20 1
2330 1549 13 19 0
2361 1561 19 7 ..
2398 1551 13 19 0
2439 1550 14 19 0
2480 1550 12 18 0

1909 1571 68 21 Pitch
1989 1577 6 15 :
2027 1570 136 28 Stockholm,
2192 1578 43 21 per

2053 1598 71 21 barrel
2248 1601 13 20 0
2289 1603 14 19 0
2331 1603 14 19 0
2361 1615 19 7 
2399 1603 10 21 1
2427 1603 27 21 10
2481 1606 13 18 0

1908 1624 91 22 Plank:
2025 1624 54 22 Port
2099 1624 135 29 Nicholson,

2053 1658 38 21 per
2100 1653 41 20 100
2148 1652 49 22 feet
2209 1655 94 21 ..0.0
2329 1656 78 22 0..1
2439 1657 10 21 1
2478 1659 13 19 0

1908 1678 65 22 Rice:
1987 1678 107 22 Common
2103 1686 41 20 per
2148 1683 51 18 cwt.
2210 1694 20 6 ..
2248 1683 16 20 0.
2289 1684 14 19 0
2330 1684 13 19 0
2361 1696 19 7 ..
2397 1685 14 20 0
2438 1685 13 19 0
2479 1686 12 19 0

1985 1705 67 22 Good
2246 1709 14 21 1
2286 1711 15 19 6
2328 1711 14 19 0
2359 1723 19 7 ..
2397 1711 15 21 1.
2437 1712 14 19 8
2478 1714 13 19 0

1908 1732 51 22 Rum
1966 1740 6 13 :
1978 1732 35 23 J?.
2023 1733 26 21 B.
2061 1732 32 26 P.,
2107 1740 40 20 per
2155 1733 79 27 gallon

2024 1759 25 22 in
2063 1759 59 22 bond
2246 1763 14 21 0
2286 1764 16 20 4
2329 1763 12 19 0
2360 1777 18 7 ..
2397 1767 13 18 o
2437 1766 13 19 5
2469 1767 23 19 .0

1909 1786 83 22 Suoar:
2009 1786 117 22 Mauritius
2135 1794 41 20 per
2183 1792 51 18 cwt.
2248 1791 13 19 0
2289 1792 14 20 0
2331 1792 49 20 0..
2413 1798 57 15 none

2012 1814 80 21 Brown
2106 1813 55 23 ditto
2178 1829 47 7 ....
2244 1818 11 20 1
2272 1818 27 20 14
2326 1819 82 20 0..2
2436 1820 13 20 0
2477 1822 12 18 0

2013 1841 95 21 Refined
2122 1841 54 28 loaf,
2193 1849 41 20 per

2037 1867 24 22 lb
2247 1872 13 20 0
2289 1872 13 20 0
2330 1872 13 20 9
2361 1885 18 7 ..
2397 1873 14 20 0
2438 1874 13 19 0
2479 1875 12 19 0

2014 1894 93 22 Manilla
2126 1902 40 21 per
2179 1899 49 19 cwt.
2244 1899 13 19 0
2286 1901 13 18 0
2327 1900 49 19 0..
2396 1899 65 22 None

1908 1921 68 22 Sait:
1993 1921 124 28 Liverpool,
2127 1930 40 19 per
2176 1926 41 18 ton
2225 1939 5 6 .
2244 1925 15 20 3
2288 1927 13 19 0
2328 1928 13 18 0
2360 1939 18 6 ..
2395 1928 15 19 4
2437 1928 13 19 0
2478 1930 12 17 0

1908 1949 54 21 Soap
1973 1956 5 14 :
2005 1949 100 21 Hawes's
2128 1949 104 28 London,

2031 1980 99 23 perton.
2232 1979 26 20 35
2288 1979 13 21 0
2329 1981 13 19 0
2360 1992 18 7 ..
2397 1981 12 19 0
2439 1982 14 19 0
2479 1983 14 19 0

2021 2003 118 27 Liverpool
2231 2006 27 20 26
2287 2008 13 19 0
2328 2008 13 19 0
2358 2020 18 6 ..
2395 2010 13 19 0
2437 2008 12 19 0
2478 2010 12 19 0

1908 2030 99 20 Starch:
2022 2029 43 21 Per
2074 2029 28 21 lb.
2126 2039 101 11 .........
2246 2033 55 19 00
2328 2034 14 18 9
2360 2045 18 7 ..
2396 2036 20 18 0-
2438 2035 13 19 0
2479 2036 12 19 0

1908 2055 137 21 Scantling:
2061 2055 42 21 Per
2110 2057 40 21 100
2159 2057 69 21 feet..
2246 2059 14 20 0
2288 2059 13 20 0
2329 2060 13 19 0
2361 2072 17 6 ..
2398 2061 9 20 1
2438 2062 13 19 0
2478 2062 12 19 0

1908 2082 122 22 Shingles:
2046 2083 43 21 Per
2095 2083 61 27 1000,
2166 2083 28 21 N.
2204 2083 26 22 Z.
2247 2085 9 20 1
2289 2086 9 20 1
2329 2087 12 19 0
2360 2099 18 7 ..
2398 2088 9 19 1
2438 2088 13 19 5
2479 2091 11 18 0

2033 2109 68 27 Ditto,
2126 2109 26 22 V.
2163 2110 29 21 D.
2203 2111 27 21 L.
2245 2113 13 19 2
2287 2114 13 19 0
2328 2114 13 19 0
2360 2126 5 6 .
2372 2126 6 7 .
2396 2116 13 19 0
2426 2104 2 5 '
2438 2116 12 19 0
2478 2119 13 16 0

1907 2136 58 22 Tar.
1981 2136 54 22 Coal
2246 2140 10 19 1
2287 2140 13 19 5
2329 2141 14 18 0
2360 2153 18 6 ..
2397 2143 13 18 0
2439 2144 12 18 0
2479 2144 12 19 0

1985 2163 127 21 Stockholm
2248 2166 55 21 110
2330 2168 49 19 0..
2397 2170 14 19 0
2439 2170 12 19 0
2479 2171 12 18 0

1908 2190 43 22 Tea
1959 2196 7 16 i
1974 2190 82 27 Hyson
2060 2189 55 28 skin,
2120 2198 41 19 per
2169 2190 65 23 chest
2246 2192 14 22 7
2289 2194 13 21 7
2329 2195 14 18 0
2361 2196 50 20 ..10
2438 2197 14 19 0
2479 2199 12 18 0

1979 2218 93 26 Congou
2223 2220 38 21 .12
2289 2222 14 20 0
2329 2222 14 19 0
2359 2234 19 7 
2397 2224 13 19 0
2438 2224 13 19 0
2472 2225 19 24 ,0

1908 2244 100 22 Tobacco
2016 2252 5 14 :
2035 2244 141 28 Negrohead,
2193 2252 42 21 per

2061 2271 30 21 lb.
2103 2271 24 22 in
2144 2271 60 22 bond
2246 2275 14 20 0
2289 2275 7 20 ]
2328 2275 50 20 0..
2397 2278 12 19 0
2438 2278 13 19 0
2478 2279 13 18 0

1908 2298 159 22 Turpentine:
2081 2298 147 27 Pergallon..
2246 2302 14 19 0
2289 2305 12 18 S
2329 2304 14 18 0
2361 2315 17 6 ..
2398 2306 13 17 0
2439 2306 12 19 0
2478 2307 12 18 0

1908 2325 157 22 Whalebone:
2082 2325 42 22 Per
2132 2330 96 17 t0n....
2234 2328 26 21 85
2289 2331 14 18 0
2330 2330 13 19 0
2361 2331 50 20 ..90
2439 2332 12 19 0
2478 2333 13 20 0

1909 2352 47 22 Win
1960 2360 27 15 si
2001 2353 88 26 Sherry,
2099 2360 40 20 per
2147 2353 52 27 pipe
2209 2356 51 20 ..28
2288 2357 13 20 0
2330 2357 13 20 0
2361 2358 50 20 ..40
2438 2359 53 20 00

2012 2379 71 28 Ditto,
2097 2387 40 20 per
2150 2380 81 23 dozen.
2238 2383 20 20 ,l
2287 2384 14 20 4
2329 2384 14 20 0
2360 2396 18 7 ..
2395 2385 14 20 2
2438 2386 13 19 0
2477 2387 13 19 0

2013 2407 60 27 Port,
2082 2413 39 21 per
2131 2407 50 27 pipe
2206 2407 52 24 .'.28
2286 2411 14 20 0
2328 2411 13 20 0
2359 2412 50 20 ..60
2437 2413 13 20 0
2475 2414 14 19 0

2080 2441 38 19 per
2129 2435 48 20 doz.
2207 2449 6 6 .
2221 2448 6 7 .
2246 2438 11 19 1
2287 2438 13 20 8
2328 2439 13 18 0
2359 2451 5 6 .
2372 2451 6 5 .
2395 2440 14 19 2
2437 2440 12 19 8
2476 2441 13 19 0

2013 2460 148 28 Champagne,
2176 2461 56 22 ditto
2245 2465 14 19 2
2288 2464 12 20 5
2329 2466 13 19 0
2359 2476 19 8 ..
2395 2466 13 20 3
2425 2466 25 20 10
2477 2467 12 20 0

1909 2487 116 26 Poultry:
2040 2488 79 27 Fowls,
2125 2495 41 20 per
2171 2489 63 27 pair.
2248 2491 20 20 0'
2290 2492 13 20 8
2331 2492 14 20 0
2362 2503 18 8 ..
2399 2494 12 19 0
2427 2494 26 19 16
2479 2495 13 19 0

2039 2514 83 28 Ducks,
2133 2515 57 22 ditto
2209 2519 94 26 ..0,16
2330 2520 14 19 0
2361 2531 19 8 ..
2397 2521 14 19 0
2439 2521 13 19 0
2479 2521 12 19 0

2040 2542 78 27 Geese,
2130 2542 56 22 each
2209 2556 5 8 .
2222 2556 6 8 •
2248 2546 10 20 1
2288 2547 13 20 0
2329 2547 14 19 0
2361 2559 5 6 .
2372 2558 6 7 .
2397 2544 19 23 0~
2439 2547 12 20 0
2478 2549 12 19 0

2039 2568 108 28 Turkeys,
2158 2570 56 22 each
2249 2573 11 20 1
2291 2574 13 19 0
2331 2575 13 18 U
2362 2586 6 6 .
2375 2585 5 7 .
2399 2575 14 19 0
2441 2577 12 17 0
2480 2575 11 19 0

2041 2596 101 27 PiVcons,
2152 2597 80 28 (wild,)

2067 2630 37 18 per
2112 2624 50 26 pair
2182 2626 79 21 ....0
2289 2628 14 19 0
2331 2629 81 19 0..0
2439 2628 12 20 2
2480 2630 12 17 0

2038 2650 83 26 Ducks,
2131 2650 35 23 do.
2177 2651 53 22 do..
2248 2654 13 19 0
2289 2655 13 18 5
2317 2655 27 18 .0
2399 2657 12 18 0
2440 2657 13 18 0
2479 2658 12 17 0

1908 2676 70 22 Eogs:
1993 2676 44 22 Per
2046 2676 101 22 dozen..
2248 2680 14 20 0
2289 2681 15 19 3
2331 2682 50 19 0-..
2399 2683 14 19 0
2441 2683 13 19 0
2480 2683 12 19 0

1908 2730 73 30 Co\y;s:
1995 2729 123 23 Milch....
2234 2734 27 20 20
2289 2735 14 19 0
2330 2735 14 19 0
2361 2727 51 29 1.30
2440 2736 13 20 0
2479 2724 20 32 0*

1908 2757 79 22 Mares
1994 2765 5 13 :
2015 2757 74 22 Brood
2232 2760 28 21 50
2288 2761 13 20 0
2329 2761 13 20 0
2360 2763 51 20 ..90
2433 2763 20 23 .0
2478 2764 13 19 0

1910 2784 110 22 Working
2033 2785 135 22 -Bullocks:
2190 2785 45 22 Per

1934 2812 46 27 pair
2235 2815 28 20 40
2291 2815 14 20 0
2324 2815 23 21 ,0
2362 2817 51 20 ...60
2441 2817 14 19 0
2481 2817 12 19 0

1901 2854 1 5 .
1909 2838 59 21 Hire
1980 2845 26 14 of
2016 2845 68 15 ditto
2091 2846 4 14 :
2110 2839 44 22 Per
2161 2840 52 27 day,
2222 2847 14 14 a

1935 2868 57 19 team
2001 2865 46 22 and
2053 2865 73 23 driver
2237 2869 24 24 ,1
2291 2870 14 20 0
2322 2869 59 23 ,0...
2399 2870 14 20 2
2441 2871 14 19 0
2480 2872 12 18 0

1910 2892 82 22 Sheep:
2007 2892 63 23 Each
2249 2896 17 20 1.
2277 2897 26 24 -,0
2330 2897 14 19 0
2361 2908 19 8 ..
2399 2897 11 20 1
2440 2898 13 20 8
2479 2898 12 20 0

1910 2920 57 22 Boat
1979 2919 74 22 Hire:
2067 2920 169 28 Perday,with-

1935 2963 15 11 ,,
1980 2958 2 6 >
2094 2950 40 18 out
2142 2947 90 22 hands.
2248 2950 13 19 0
2276 2950 27 20 10
2331 2951 14 19 0
2361 2962 20 8 ..
2400 2951 10 20 1
2441 2953 12 19 0
2479 2953 12 19 0

1909 3000 94 22 ■Wages:
2022 2999 147 30 'Mechanics,
2185 3008 60 21 >per,
2323 3018 31 11 lir^

2047 3043 4 6 .
2057 3028 62 21 week
2239 3025 24 25 '2
2291 3031 14 21 0
2325 3031 21 21 .0
2357 3033 56 24 .,3
2442 3034 13 20 0
2479 3034 12 19 0

2040 3054 126 23 Labourers
2183 3058 77 22 .....,1
2277 3058 28 21 10
2332 3059 13 20 0
2363 3070 18 8 ..
2401 3060 10 20 1
2428 3060 27 20 16
2479 3061 12 19 0
2510 3068 5 6 -

2138 3083 124 23 DUTIES.

1909 3108 95 22 British
2015 3109 89 23 Spirits
2322 3113 33 21 4s.
2364 3120 40 20 per
2411 3113 79 28 gallon.

1909 3135 102 22 Foreign
2022 3135 55 23 ditto
2322 3139 32 21 ss.
2364 3147 39 20 per
2410 3140 79 27 gallon.

1908 3163 101 21 Tobacco
2019 3164 178 28 manufactured,
2202 3178 103 8 ........
2324 3167 30 20 Is.
2363 3174 39 19 per
2411 3168 32 21 lb.

2019 3190 216 24 Unmanufactured.
2242 3206 6 6 .
2256 3207 5 6 .
2268 3205 7 8 .
2285 3206 6 8 .
2298 3205 5 9 .
2322 3193 36 22 9d.
2368 3200 40 20 per
2415 3194 32 22 lb.

1910 3217 70 22 Snuff
2187 3232 7 8 ,
2294 3221 59 25 ..,,2s.
2362 3221 79 26 per.lb.

1910 3244 82 22 Cigars
2322 3248 32 20 2s.
2364 3248 79 27 perlb.

1910 3271 77 22 Wines
2016 3285 99 13 ....,..„
2314 3274 24 20 15
2352 3278 105 24 percent.

1908 3298 52 27 Tea,
1968 3316 2 9 ,
1975 3299 86 28 Sugar,
2077 3300 87 28 Flour,
2181 3301 117 27 Wheat,!

1927 3325 42 23 and
1978 3326 64 22 other
2053 3327 93 28 Grain,.
2149 3330 13 19 s
2172 3331 108 24 percent.
2293 3323 5 26 I
2343 3342 9 7 ,
2392 3344 7 11 ,

1910 3352 37 22 All
1953 3353 65 23 other
2027 3354 105 22 Foreign
2137 3355 168 28 prbductionsT
2312 3361 3 4 '
2324 3344 31 21 ad
2357 3356 4 6 '
2364 3344 104 23 ™lorem.

1922 3379 41 23 and
1967 3381 167 22 manufactures
2141 3383 26 20 10
2173 3388 41 20 per
2220 3376 78 32 cent.J

2107 3408 187 25 EXCHANGE.

1911 3448 63 24 Bahk
1983 3448 51 23 bills
2044 3456 28 15 on
2077 3449 99 22 .London
2208 3436 20 43 {.30.
2232 3437 28 20 30
2267 3440 4 10 '
2275 3438 29 22 da
2305 3446 15 20 y
2321 3447 10 14 3
2346 3440 18 22 si
2365 3440 46 28 sH
2428 3442 15 21 2
2455 3449 13 20 P
2470 3448 21 15 er

1915 3489 13 2 _
1936 3489 5 3 .
1952 3489 12 3 _
1988 3483 14 13 
2215 3469 12 20 L
2264 3470 62 18 cent,
2336 3474 116 20 premium.

1912 3489 129 28 OnSydney
2327 3493 73 24 Ditto.

1912 3515 83 23 Private
2001 3515 53 23 Trills
2071 3522 90 15 ....-...'
2293 3527 3 5 •
2303 3520 114 24 Nominal.

1931 3579 35 18 The
1976 3579 50 18 New
2035 3580 98 17 Zealand
2143 3582 96 17 Gazbttb
2244 3579 37 21 aid
2293 3584 135 21 Wellington
2440 3585 51 17 Spec-

1911 3600 81 21 ZA.TOR.iB
1997 3600 97 21 published
2100 3606 55 17 every
2160 3603 118 22 Wednesday,
2286 3605 38 18 and
2334 3606 94 19 Saturday.
2448 3606 41 17 Sub-

1910 3621 57 22 joined
1973 3625 31 13 are
2010 3621 31 17 the
2047 3624 56 15 terms
2106 3628 30 12 :—
2191 3631 11 13 •,
2312 3633 3 2 -
2349 3633 3 4 .

1906 3642 2 3 '
1924 3640 249 23 ■PriciopthePapeb.—
2173 3645 57 21 Forty
2234 3646 86 21 shillings
2325 3651 34 16 per
2366 3652 76 15 annum,
2452 3651 39 16 pay-

1912 3663 36 18 able
1952 3663 21 17 in
1979 3663 81 18 advance
2064 3669 4 15 ;
2080 3669 19 14 qr
2105 3666 119 21 one'ihilling
2229 3667 29 17 for
2263 3668 60 21 single
2328 3669 93 17 numbers.

1932 3684 152 18 Advertisements
2090 3686 37 17 will
2133 3689 35 15 not
2171 3692 70 16 appear
2248 3688 22 17 in
2274 3689 38 17 -the
2317 3687 87 23 iensuing.
2409 3687 82 22 number]

1912 3705 17 17 if
1936 3705 79 17 received
2020 3706 47 17 later
2073 3706 44 18 than
2128 3708 21 16 10
2155 3708 76 21 o'clock,
2237 3713 50 16 a.m.,
2294 3714 24 13 on
2324 3710 33 17 the
2361 3711 92 20 mornings
2460 3711 29 16 be-

1912 3727 35 17 fore
1957 3726 119 21 publication.
2096 3728 159 19 Advertisements
2267 3730 40 17 will
2317 3730 27 17 be-
2349 3731 98 17 continued
2452 3730 34 16 and

1912 3747 73 20 charged
1995 3748 49 17 until
2052 3750 175 21 counter-ordered;,
2230 3751 47 17 such
2283 3751 53 17 order
2338 3753 54 16 must
2397 3753 21 16 be
2426 3753 39 16 sent
2471 3752 17 15 to

1909 3769 34 19 .the
1949 3768 55 16 Office
2015 3770 36 16 two
2069 3769 43 22 days
2129 3770 62 18 before
2201 3772 128 21 publication,!
2333 3773 43 20 and,
2378 3774 51 16 must
2437 3773 21 15 ba
2468 3772 18 16 in

1912 3789 75 20 writing.
2009 3790 156 19 Advertisements
2178 3793 83 17 received
2280 3793 53 21 itfter
2349 3795 22 15 10
2385 3793 66 19 o'clopk
2459 3795 27 14 .on

1913 3810 79 20 Tueiday
2004 3810 37 18 and
2050 3810 65 23 Friday
2124 3813 96 21 mornings
2231 3814 38 17 trill
2279 3814 23 17 be
2312 3814 79 21 charged
2400 3814 50 18 twice
2458 3813 30 16 the

1913 3831 49 17 usual
1966 3831 55 17 rates.
2177 3837 3 5 '
2267 3833 18 12 '."

1933 3851 26 17 All
1965 3852 67 20 orders,
2043 3853 158 21 advertisement*,
2204 3855 50 18 .and..
2258 3855 163 18 communicationi
2427 3856 24 15 .to
2457 3854 32 17 -the

1913 3873 65 19 Editor,
1984 3877 30 13 are
2020 3875 96 19 requested
2121 3877 19 14 to
2147 3876 23 16 be
2175 3875 100 18 addressed
2281 3877 20 15 to
2305 3876 39 17 this
2350 3877 61 15 Office.

282 142 55 21 For
351 141 70 24 Sale,

57 176 94 49 THE
166 176 144 23 COTTAGE
321 174 98 29 situated
429 174 23 22 in
471 174 100 22 Oriental
587 174 57 28 Bay,

132 202 45 23 and
191 202 68 28 lately
268 202 107 28 occupied
389 202 31 26 by
429 201 39 22 the
485 201 159 27 undersigned.

56 230 22 21 A
94 230 54 26 long
165 229 59 22 lease
243 230 25 21 of
284 229 38 22 the
337 228 84 22 section
435 234 60 22 upon
513 228 75 22 which
607 228 38 21 the

54 256 71 22 house
135 256 77 21 stands
220 256 45 22 will
273 256 29 21 be
311 254 103 29 granted.
422 261 2 7 •
642 262 3 6 *

82 283 71 22 Town
162 282 55 23 land
226 282 43 23 will
278 283 28 21 be
316 282 67 21 taken
393 282 24 21 in
426 281 123 27 exchange.

83 310 44 21 For
135 309 86 23 further
228 309 137 29 particulars,
376 308 67 28 apply
450 311 25 19 to

377 340 98 22 George
489 340 90 26 Duppa,
593 346 26 16 or

377 366 36 22 W.
473 367 110 22 Brewer.

82 394 56 27 July
149 395 20 23 7.
181 396 59 21 1842.

54 446 96 48 JUST
164 441 165 27 RECEIVED*
334 449 23 18 at
365 445 37 22 the
411 445 71 22 Office
488 445 25 22 of
520 444 37 23 the

119 472 99 23 Zealand
358 479 13 14 a
381 472 42 21 few
438 471 74 29 copies
522 472 26 21 of
554 472 38 23 the
603 472 42 22 fol-

52 500 83 26 lowing
148 500 79 26 works,
240 499 24 21 of
271 498 46 23 last
325 499 73 27 year's
407 499 143 27 publication,
562 499 45 22 and
621 500 24 21 in

54 526 115 22 excellent
179 526 110 21 condition
297 533 5 14 :
306 536 26 6 —

80 559 47 22 The
143 559 99 22 Poetical
256 559 81 22 Works
355 559 25 21 of
395 559 90 26 Milton,
497 559 53 22 with
565 567 14 14 a
597 567 49 15 me-

52 586 64 27 moir,
136 586 45 22 and
203 593 67 15 seven
293 585 196 23 embellishments
498 586 44 28 .by
561 585 83 28 Fuseli,

52 612 101 27 Westall,
179 613 44 21 and
247 613 94 21 Martin.
389 613 63 28 Also,
476 619 35 15 an'
534 613 113 22 excellent

52 639 96 26 portrait
167 639 27 22 of
208 639 90 28 Milton,
320 639 116 28 engraved
449 641 31 26 by
494 640 22 22 J.
536 640 108 27 Cochran,

51 666 59 22 from
120 673 14 14 a
142 666 127 27 miniature,
280 666 119 28 originally
409 667 23 21 in
443 667 39 22 the
488 667 124 27 possession
623 667 26 22 of

52 693 77 21 Oliver
137 693 124 22 Cromwell.
290 693 12 22 I
314 694 45 22 vol.
367 695 56 24 Bvo.,
430 693 79 23 bound
517 694 25 21 in
548 693 70 22 cloth.

81 719 51 22 Life
148 720 27 21 of
191 719 36 23 £he
244 719 68 23 Duke
329 721 27 21 of
369 720 144 27 Wellington,
535 719 111 28 compiled

53 746 60 22 from
136 745 36 23 his
196 747 91 22 Grace's
311 747 145 28 Despatches,
482 746 118 28 published
622 747 24 22 in

55 775 61 24 1840,
128 773 31 28 by
170 773 88 28 George
267 774 80 27 Soane,
358 773 58 22 A.8.
424 796 4 3 .
444 775 15 21 2
467 773 54 23 vols.
532 773 61 23 cloth
600 773 46 23 and

55 799 102 23 lettered.

78 827 49 22 The
137 827 65 28 Holy
211 826 70 28 Bible,
291 827 130 26 containing
431 826 39 22 the
478 826 45 23 Old
533 827 46 22 and
588 827 57 22 New

54 853 148 28 Testaments,
226 854 53 22 with
302 857 72 24 notes,
393 854 31 27 by
447 854 38 22 the
504 854 58 22 Rev.
582 855 63 21 John

54 880 88 22 H^bart
157 881 104 26 Caunter,
277 880 62 27 8.C.,
355 879 80 23 author
449 881 26 21 of
483 880 37 22 the

37 921 6 5 -
53 907 27 21 of
89 907 39 21 the
316 907 46 22 and
371 907 147 22 embellished
528 908 55 22 with
593 908 53 22 four

53 941 63 20 maps
130 934 46 22 and
192 935 39 21 144
244 935 142 26 engravings,
405 935 59 21 from
483 935 113 28 paintings
615 936 30 27 by

52 960 95 22 Westall
156 961 46 22 and
212 961 92 26 Martin,
316 963 49 20 Svo.
376 961 67 22 cloth.

80 988 49 22 The
139 988 132 27 Beginner's
281 988 89 22 French
385 988 72 27 Book,
470 988 43 23 and
527 988 38 23 the
575 989 71 22 Scho-

52 1013 54 23 lar's
125 1015 87 21 French
228 1015 70 27 Book,
316 1016 29 27 by
356 1015 62 22 Rene
436 1015 76 28 Aliva,
523 1016 81 22 author
623 1016 26 22 of

54 1041 38 22 the
127 1041 166 29 Anti-Spelling

82 1068 144 22 Montacute:
243 1076 24 14 or
276 1076 13 14 a
299 1069 57 22 New
372 1068 66 22 horne
439 1080 29 4 —
468 1068 75 23 who'll
555 1067 90 24 follow?

53 1095 34 27 By
98 1095 56 21 Mrs.
166 1095 65 27 Mary
241 1095 98 22 Clavers.
363 1097 18 20 -2
388 1095 52 22 vols.
452 1098 50 20 Bvo.

81 1121 113 28 Scripture
209 1122 134 28 Biography,
358 1124 34 19 for
403 1122 38 22 the
456 1123 90 27 Young,
558 1123 76 22 embel
640 1135 5 5 •

52 1148 73 22 lished
135 1149 54 21 with
198 1149 77 28 plates.

80 1175 113 28 Voyages,
204 1175 148 28 Adventures,
370 1175 44 22 and
429 1175 97 28 Escapes
541 1177 26 21 of
580 1178 63 27 Capt.

53 1201 100 23 Richard
163 1203 114 26 Falconer,
289 1203 87 22 written
385 1203 31 27 by
426 1203 97 27 himself,
535 1205 10 20 1
556 1205 46 21 vol.

81 1229 98 22 Fisher's
189 1229 103 22 Juvenile
303 1230 69 28 Scrap
381 1230 71 27 Book,
463 1230 36 21 for
506 1232 61 21 1842.

80 1256 50 21 Life
151 1257 46 21 and
216 1257 71 26 Reign
306 1257 28 21 of
344 1257 99 21 William
458 1257 38 22 the
512 1257 91 29 Fourth,
614 1258 31 28 by

52 1282 37 22 the
100 1284 57 21 Rev.
170 1284 29 21 G.
209 1283 29 22 N.
249 1283 96 28 Wright,
358 1284 71 26 M.A.,
441 1286 14 20 2
464 1284 55 22 vols.

80 1310 50 22 Life
139 1310 45 22 and
194 1310 133 28 Campaigns
339 1310 26 23 of
376 1310 36 23 the
423 1311 68 22 Duke
501 1312 26 21 of
533 1311 111 28 Welling-

52 1340 44 23 ton,
107 1338 30 26 by
148 1337 38 22 the
197 1345 59 14 same
267 1338 96 22 Author.
390 1339 14 20 4
414 1338 56 22 vols.

81 1364 49 22 Life
144 1364 47 25 and
204 1364 95 22 services
317 1365 26 22 of
356 1364 94 23 Horatio
464 1364 108 23 Viscount
588 1365 57 23 Nel-

52 1399 49 19 son,
120 1391 57 21 from
191 1391 34 22 his
243 1391 119 29 lordship's
381 1392 155 28 manuscripts,
555 1393 32 27 by
605 1393 39 22 the

52 1418 57 22 Rev.
120 1418 22 21 J.
155 1419 22 21 S.
189 1418 84 26 Clarke,
285 1418 89 27 F.R.S.,
386 1418 46 23 and
442 1419 61 22 John
513 1419 130 29 M'Arthur,

52 1445 60 27 Esq.,
123 1444 88 23 L.L.D.
239 1446 13 19 3
262 1445 56 22 vols.

80 1472 48 22 The
145 1471 81 28 Rhine,
237 1471 67 28 Italy,
315 1471 46 22 and
379 1472 85 23 Greece
474 1472 134 27 illustrated,
619 1473 24 22 in

52 1506 14 14 a
76 1499 67 22 series
154 1499 26 21 of
187 1498 110 28 drawings
313 1499 58 22 from
386 1503 87 24 nature,
486 1500 53 21 with
553 1500 80 22 histori
638 1513 6 4 -

53 1525 34 22 cal
98 1526 45 21 and
152 1525 122 27 legendary
283 1526 153 27 descriptions.

80 1552 156 28 Shakspeare's
247 1552 116 23 Dramatic
374 1552 87 28 Works,
473 1553 52 22 with
536 1553 79 28 plates.
631 1556 11 20 1

52 1580 43 21 vol.

79 1606 145 23 Buchanan's
233 1606 85 28 history
329 1607 26 22 of
362 1607 114 22 Scotland.
505 1608 10 21 1
527 1608 48 21 vol.'

76 1634 99 27 History
185 1634 26 21 of
222 1634 108 27 England,
343 1638 22 17 to
381 1634 36 21 the
434 1634 68 23 death
516 1634 27 22 of
555 1635 88 27 George

52 1660 38 23 the
103 1661 95 27 Second,
207 1660 30 28 by
247 1660 78 23 Oliver
335 1660 138 29 Goldsmith;
490 1662 122 22 continued
621 1665 22 19 to

52 1688 37 21 the
101 1688 127 21 coronation
239 1688 25 21 of
278 1688 80 24 Queen
368 1688 107 27 Victoria,
492 1688 28 27 by
532 1688 37 22 the
584 1690 58 21 Rev.

54 1716 29 21 G.
94 1714 31 23 N.
135 1714 99 29 Wright,
243 1714 66 23 M.A.

79 1741 111 27 Wesley's
214 1743 110 25 Sermons,
343 1741 52 22 with
413 1748 15 15 a
445 1742 101 27 memoir,
570 1743 30 27 by
620 1743 23 22 S.

52 1768 74 27 Drew,
141 1769 66 22 M.A.

78 1796 100 22 Memoir
187 1796 25 22 of
219 1796 56 22 Rev.
285 1795 109 23 Rowland
409 1796 56 26 Hill,
476 1796 30 27 by
516 1796 35 22 W.
563 1796 79 27 Jones,

51 1822 89 23 Author
165 1823 27 22 of
235 1823 170 27 Testamentary
430 1823 115 27 Counsels,
598 1824 45 22 2nd

52 1850 90 22 edition.
172 1852 9 19 1
196 1850 42 22 vol.

79 1877 123 27 Magnall's
211 1876 120 25 Questions
338 1885 6 19 ;
360 1876 101 28 pictorial
473 1876 90 23 edition.

78 1904 106 22 Barton's
196 1904 81 27 Gospel
284 1904 87 27 history
379 1904 26 21 of
410 1904 82 22 Christ.
521 1906 11 20 1
542 1904 44 22 vol.

77 1931 48 21 The
136 1931 80 21 Easter
226 1931 54 24 Gift,
291 1931 30 27 by
331 1931 83 21 L.E.L.
445 1933 11 19 1
468 1930 43 22 vol.

78 1958 49 22 The
137 1958 100 22 Parents'
249 1958 89 27 Friend,
346 1958 30 27 by
384 1958 60 21 John
456 1958 108 26 Morison,
572 1958 70 28 D.D.,

51 1985 89 22 Author
149 1986 26 20 of
324 1989 22 17 to
357 1992 13 14 a
383 1985 179 27 newly-wedded

79 2012 112 27 Scripture
210 2012 91 26 History
315 2012 35 21 for
367 2012 85 22 Youth.
480 2013 14 20 2
510 2012 62 27 vols.,
590 2012 54 22 with

50 2046 65 20 maps
125 2038 45 22 and
179 2038 77 28 plates.

78 2066 49 21 The
146 2065 96 21 Women
261 2064 24 22 of
304 2064 108 28 England,
433 2064 59 22 their
511 2065 75 21 Social
600 2065 43 21 and

52 2092 115 22 Domestic
182 2092 86 26 Duties,
285 2092 31 27 by
326 2092 57 21 Mrs.
398 2091 56 22 Ellis
461 2099 7 19 ;
484 2092 52 21 15th
552 2092 91 22 edition.

53 2121 8 19 1
75 2119 43 21 vol.

78 2147 103 21 Summer
195 2146 45 22 and
249 2145 87 22 Winter
351 2146 24 21 in
389 2144 38 22 the
438 2146 118 27 Pyrenees,
567 2146 31 27 by
605 2145 38 22 the

50 2180 62 14 »arae
122 2173 95 21 Author.
247 2173 10 21 1
268 2172 46 22 vol.

79 2199 139 23 Goldsmiths
226 2199 84 27 history
320 2199 26 21 of
353 2198 36 22 the
400 2199 71 22 earth.
499 2201 15 19 4
522 2199 57 22 vols.

78 2226 108 23 Burder's
196 2227 87 26 Village
293 2227 111 21 Sermons.
434 2226 12 22 I
457 2226 46 22 vol.

78 2253 91 23 Wood's
179 2254 131 26 Dictionary
320 2253 26 22 of
353 2253 37 21 the
401 2253 72 22 Bible.
502 2255 14 20 2
525 2253 56 23 vols.

78 2281 93 22 Smith's
182 2280 110 27 Mecanic,
302 2282 15 20 2
325 2280 56 22 vols.

77 2308 48 22 The
135 2308 65 22 Book
210 2309 25 21 of
247 2308 109 21 Common
367 2307 90 28 Prayer,
468 2307 131 23 illustrated.

78 2335 146 22 Fleetwood's
233 2334 38 23 life
282 2335 25 21 of
315 2334 80 23 Christ.

79 2362 67 22 Fox's
156 2362 110 22 Christain
277 2361 163 28 Martyrology.

77 2389 48 21 The
136 2388 72 23 whole
218 2389 53 27 duty
282 2389 26 21 of
315 2389 64 27 Man,
393 2389 31 27 by
433 2388 40 22 the
483 2388 55 22 Rev.
551 2388 92 23 Charles

51 2416 101 26 Atmore,

78 2443 131 23 Morrison's
219 2442 86 28 Family
315 2443 102 27 Prayers.

79 2471 118 27 Bunyan's
213 2469 112 28 Pilgrim's
341 2471 111 26 Progress,
468 2469 134 28 beautifully
616 2469 16 22 il

50 2497 115 23 lustrated.

78 2524 113 23 Sermon's
200 2524 29 27 by
238 2523 60 23 Blair
307 2523 46 23 and
363 2523 137 23 Whitefield.

78 2551 114 23 Buchan's
202 2551 114 23 Domestic
327 2550 122 23 Medicine.

79 2578 112 22 Walker's
202 2578 154 27 Pronouncing
367 2577 137 28 Dictionary.

78 2605 137 22 Jamieson's
221 2605 130 26 Dictionary
358 2605 26 21 of
387 2605 143 22 Mechanical
541 2605 101 27 Science,

51 2633 62 26 Arts,
123 2633 175 25 Manufactures,
311 2632 40 22 &c.
379 2633 14 20 2
402 2632 64 26 vols.,
476 2633 45 21 4to.

78 2659 174 28 Encyclopaedia
261 2658 127 23 Edinensis.
416 2661 13 19 6
440 2659 56 22 vols.

78 2686 192 27 Drawing-Room
280 2687 69 26 Scrap
358 2685 63 23 Book
429 2686 36 22 for
476 2687 61 21 1842.

79 2713 102 22 Mathew
191 2713 72 22 Wald.

80 2741 83 21 Close's
174 2740 86 27 Family
269 2739 91 28 Prayer.

80 2767 73 27 Guy's
163 2767 98 27 Spelling
271 2767 80 27 Books,
363 2767 40 22 &c.
412 2767 41 22 &c.
463 2768 42 22 &c.

52 2821 41 20 To
109 2820 162 21 Gentlemen
286 2819 148 28 intending
447 2821 29 19 to
493 2822 76 19 enter
583 2821 60 20 into

80 2848 45 20 the
153 2847 144 26 profitable
327 2847 109 26 pursuit
465 2846 31 21 of
522 2847 123 28 Grazing

81 2874 54 21 and
156 2873 136 27 Breeding
312 2874 93 25 Stock,
426 2873 44 22 for
489 2874 89 21 which
599 2875 44 20 the

80 2901 90 22 fertile
189 2901 110 21 Islands
322 2901 40 20 of.
369 2901 69 20 New
456 2901 123 21 Zealand
598 2907 45 15 are

80 2935 31 14 so
126 2928 152 27 peculiarly
292 2928 127 26 adapted.

54 2963 91 49 THE
156 2962 153 26 undersigned
318 2962 44 27 beg
371 2965 22 19 to
401 2962 85 22 inform
496 2962 59 22 their
560 2962 85 22 friends

124 2989 46 23 and
186 2989 38 23 the
238 2989 76 34 public
330 2989 123 28 generally,
470 2989 50 22 that
536 2989 54 28 they
599 2989 46 23 will

177 3017 37 22 for
232 3012 36 26 the
294 3016 101 28 delivery
419 3017 26 21 of
466 3017 40 21 the
529 3016 118 27 following

52 3043 136 28 description
202 3044 24 21 of
233 3043 74 28 Stock,
315 3043 25 22 in
348 3050 45 21 any
403 3043 55 23 Port
467 3043 27 22 of
507 3043 37 22 the
555 3043 91 23 Islands

54 3071 26 21 of
85 3071 57 22 New
151 3071 84 22 Zealan
239 3070 14 22 d
260 3078 4 14 :
266 3082 30 4 —
637 3089 1 8 ,

81 3097 96 23 Horned
193 3097 66 23 cattle
277 3097 126 28 (improved
415 3097 91 27 breeds)
522 3097 27 22 of
560 3097 31 23 all
606 3096 39 23 de-

53 3124 125 28 scriptions,

82 3150 92 33 HorseSj
195 3151 58 23 from
273 3151 39 22 the
334 3152 52 22 best
402 3151 97 28 English
520 3151 45 23 and
571 3161 8 17 ;
581 3151 64 23 Arab

53 3178 69 27 ituds,
140 3179 94 21 suitable
250 3178 34 22 for
302 3179 87 26 racing,
403 3179 86 28 saddle,
500 3186 25 14 or
536 3179 95 23 harness
637 3187 6 19 ;

53 3205 46 23 and
108 3205 109 27 breeding
225 3212 79 20 mares,

151 3232 75 22 Saxon
236 3231 45 23 and
289 3233 88 21 merino
388 3240 64 20 ewes,

82 3258 123 23 Half-bred
220 3259 112 22 Leicester
346 3259 45 23 and
406 3259 89 23 merino
513 3267 64 19 ewes,
594 3267 52 21 par-

54 3285 105 28 ticularly
169 3285 95 28 adapted
276 3285 35 22 for
321 3286 44 22 this
374 3290 102 24 country,
487 3294 25 14 as
520 3287 55 28 they
581 3287 64 22 unite

54 3312 84 28 weight
147 3312 27 22 of
180 3319 86 15 carcass
276 3312 53 22 with
337 3313 98 23 fineness
445 3314 27 22 of
478 3313 64 23 wool.

80 3339 50 23 The
152 3339 152 26 undersigned
327 3344 51 18 can'
396 3340 169 25 accommodate
592 3348 54 21 pur-

54 3367 90 22 chasers
158 3366 29 22 of
198 3365 58 23 their
265 3365 69 23 Stock
351 3366 53 22 with
419 3367 117 22 extensive
550 3368 105 28 grazing.

41 3404 4 5 •
53 3401 63 20 runs,
127 3392 79 24 within
216 3394 40 21 100
264 3392 65 22 miles
339 3393 26 22 of
370 3393 44 22 this
424 3393 61 23 Port.

317 3419 36 23 W.
369 3419 26 23 B.
409 3420 95 23 Rhodes
518 3421 46 23 and
578 3423 39 22 Co.

142 3465 177 23 Dissolution
334 3465 31 21 of
376 3465 184 29 Partnership.

55 3499 187 51 NOTICE;—
242 3499 48 22 The
298 3498 104 23 business
409 3498 99 24 hitherto
518 3501 87 23 carried
614 3508 31 16 on

123 3533 4 3 ■
137 3526 75 24 under
221 3527 38 22 the
273 3525 51 23 firm
339 3525 27 23 of
381 3525 54 28 Hay
450 3527 47 21 and
511 3527 134 29 Machattie,

55 3553 133 24 Merchants
196 3554 44 23 and
249 3553 149 24 Commission
406 3553 97 28 Agents,
519 3554 18 22 is
546 3553 46 24 this
602 3555 44 29 day

54 3581 114 22 dissolved
176 3581 33 28 by
211 3586 3 12 !
221 3580 90 24 mutual
326 3583 101 24 consent,
447 3580 47 22 and
508 3581 31 22 all
552 3590 103 19 persons,

53 3608 110 23 indebted
171 3610 24 20 to
205 3608 54 27 Hay
268 3607 48 23 and
325 3606 134 28 Machattie,
467 3614 46 16 .are
526 3609 129 28 requested-

54 3638 23 19 to
86 3642 46 22 pay
139 3635 40 22 the
188 3642 62 15 same
259 3637 24 20 to
293 3634 46 23 Mr.
349 3634 27 23 T.
394 3634 26 24 Ml.M
419 3638 5 10 1
421 3649 7 7 .
445 3630 145 33 Machattie,'
595 3636 51 23 who

54 3661 46 25 will
109 3661 161 29 discharge.ftll
280 3661 80 24 claims
369 3661 90 28 against
466 3661 99 23 theßaid
572 3661 66 26 firm.;
652 3669 3 9 >

340 3694 4 3 '
360 3694 3 4 '
383 3694 120 24 W.Hatv
585 3696 3 4 '
606 3687 13 19 '"'■
633 3699 6 23 •;

379 3720 240 26 'T.'M.'MaChattib.
635 3734 3 7 ,

82 3749 99 23 Witness
181 3760 29 6 —
210 3750 76 22 James
294 3749 87 23 Smith.-

83 3783 75 22 Dated
169 3786 24 19 at
198 3782 149 28 Wellington,
357 3783 92 28 August
456 3784 21 26 9,
483 3784 61 25 .1842
587 3804 4 5 .

57 3833 73 49 ON
144 3834 15 22 S
161 3834 70 26 ALE,
245 3837 24 19 at
276 3833 40 24 the
327 3835 87 21 Qasttte
429 3834 81 23 Office,
526 3841 30 16 an
567 3838 80 19 exten-

134 3861 48 21 sive
191 3861 45 22 and
244 3861 78 23 varied
330 3864 136 21 assortment
482 3867 26 17 or
524 3862 124 29 stationery

52 3887 37 28 .9£:
94 3894 68 22 ?very
170 3887 143 29 description.
352 3906 13 7 
493 3906 4 4 .
581 3898 3 13 ;

161 3949 4 7 r
271 3936 4 6 i
283 3934 55 21 Po»
352 3934 69 22 Sale.
616 3934 3 5 '
649 3941 3 5 •

59 3956 122 31 CREEDS;
192 3958 38 24 the
238 3959 99 28 produce
351 3960 27 22 of
388 3959 40 23 the
445 3961 94 26 Colony,
550 3961 36 23 for
601 3962 48 22 tale

57 3978 36 29 O
122 3989 24 18 at
156 3985 39 23 the
354 3986 79 24 Office.

1514 137 55 20 'To
1583 136 59 25 Let,
1652 152 4 5 .
1670 136 3 4 '

1294 162 89 50 FOR
1395 162 56 23 such
1460 169 13 15 a
1482 166 58 19 term
1550 162 26 23 of
1581 170 64 20 years
1655 169 24 16 as
1696 169 53 19 may
1757 163 29 22 be
1799 164 84 26 agreed

1366 196 37 20 on,
1414 190 35 21 six
1457 196 62 15 acres
1535 189 67 27 along
1618 189 37 22 the
1665 189 47 22 Kai
1726 185 154 33 Warra-road,

1292 223 29 14 on
1331 216 89 22 Section
1430 216 41 22 No.
1480 216 62 27 &in
1557 223 43 14 one
1616 223 26 14 or
1659 216 67 22 more'
1734 216 52 23 lots.
1792 234 3 4 .
1816 216 64 28 Also,

1290 242 91 23 wanted
1398 250 14 14 a
1431 245 123 20 contractor
1569 242 37 22 for
1624 242 103 28 building
1745 250 15 15 a
1773 243 109 22 weather-

1291 269 101 22 boarded
1404 269 75 27 house,
1496 269 56 23 with
1567 269 65 23 brick
1649 269 119 29 chimnies,
1782 277 32 16 on
1832 270 50 22 said

1291 296 94 22 section.
1411 296 76 28 A.pply
1496 296 24 22 to

1449 341 2 4 .
1479 322 50 23 Mr.
1543 323 157 27 Macdonald,
1711 323 46 22 Kai
1766 323 87 23 Warra.

1295 371 4 2 .
1319 349 46 22 Kai
1374 349 85 27 Warra,
1471 349 54 28 July
1536 352 20 25 8,
1567 348 65 24 1842.'

1441 395 38 20 To
1492 395 35 20 be
1542 395 67 20 Sold
1628 401 31 15 or
1672 396 59 20 Let.

1291 425 93 34 *|>wO
1395 425 101 27 W°oden
1506 425 98 27 Houses,
1615 425 265 29 ontheTinakore-road,

1301 448 24 25 X
1369 452 47 24 the.
1425 452 80 23 second
1523 460 51 14 acre
1592 453 59 21 from
1670 453 95 28 Captain
1781 453 99 28 Smith's;

1335 479 130 27 containing
1477 479 51 22 four
1536 486 76 15 rooms
1621 480 45 22 and
1681 487 15 15 a
1708 487 99 20 passage,
1825 480 56 22 each

1292 505 54 22 with
1364 506 50 22 zinc
1432 505 65 26 roofs,
1523 506 46 22 and
1592 506 24 22 in
1639 514 69 19 every
1725 510 89 25 respect
1832 506 50 22 well

1292 532 102 22 finished.
1422 533 105 25 Terms—
1527 532 25 22 lf
1559 533 55 28 sold,
1625 533 61 22 ifilso
1696 533 36 22 for
1738 533 54 22 each
1797 533 90 28 house;'

1291 559 21 21 if
1322 559 38 27 let,
1371 559 32 23 £1
1414 567 39 20 per
1462 559 62 23 week
1533 560 35 22 for
1578 559 56 23 each
1641 560 80 22 house.
1749 561 77 27 Apply
1835 564 24 19 to

1360 613 2 5 ,
1385 609 1 5 .
1400 608 2 5 .
1494 608 4 5 '
1569 615 3 4 .
1682 594 77 22 James
1773 594 81 22 Watt.

1303 618 146 29 Wellington,
1456 620 57 22 Nov.
1523 620 36 27 27,
1567 622 61 20 1841.

1372 680 33 13 ,
1428 666 85 20 Town
1527 666 79 22 Land
1617 667 42 21 for
1673 667 70 21 Sale.

1292 698 93 34 rpHE
1396 698 74 28 ,\^hole
1487 699 26 22 of
1526 702 60 19 town
1596 700 97 22 sections
1707 700 56 22 Nos.
1772 702 48 26 285,
1832 702 47 26 106,

1298 722 40 25 JL.
1367 725 45 22 and
1428 726 52 26 878,,
1485 726 46 21 and
1543 729 52 25 part
1604 726 26 22 of
1642 731 62 18 town
1717 728 99 21 sections
1830 729 49 26 204,

1291 753 48 25 248,
1350 752 46 22 and
1409 753 42 21 528
1466 759 35 15 are
1515 752 85 23 offered
1608 753 34 22 for
1651 754 55 22 sale.
1724 773 4 3 .
1736 754 58 22 Half
1806 754 26 22 of
1842 754 38 22 the

1291 778 109 28 purchase
1416 786 80 20 money
1505 782 24 19 to
1538 780 87 22 remain
1636 787 29 15 on
1681 783 123 25 mortgage,
1816 783 24 19 at
1854 783 26 20 10

1291 813 40 20 per
1339 809 60 19 cent.
1427 806 43 21 For
1478 806 140 28 particulars,
1628 807 67 28 apply
1705 811 22 18 to

1562 833 98 23 Hanson
1675 834 45 22 and
1735 834 118 22 Aledorf.
1862 849 3 4 ■
1871 846 3 5 ■

1436 900 3 3 .
1465 879 120 21 Heifers,
1588 879 30 21 in
1633 880 69 21 Calf.

1292 905 89 49 FOR
1395 905 84 27 SALE,
1490 905 70 23 about
1572 907 30 21 50
1611 907 101 27 superior
1720 907 58 22 bred
1789 907 90 27 heifers,

1350 936 60 18 most
1426 933 26 21 of
1537 933 74 27 heavy
1625 930 28 25 in'
1658 933 59 28 "'calf,
1736 934 45 22 and
1795 934 85 27 having

1291 959 58 22 been
1368 967 61 14 some
1445 959 50 22 time
1510 960 24 22 in
1548 960 38 22 the
1607 959 92 30 Colony^
1717 964 50 20 not,
1772 961 67 22 liable
1857 965 22 18 to

1291 986 68 22 suffer
1367 987 58 21 from
1434 987 36 21 the
1479 986 77 23 effects
1566 987 26 22 of
1603 987 37 23 the
1657 988 62 22 Toot.
1730 993 3 3 •
1749 988 47 22 The
1809 988 71 22 above

1292 1013 67 21 cattle
1375 1020 42 15 can
1432 1013 27 22 be
1475 1015 100 26 strongly
1588 1015 182 27 recommended,
1788 1022 25 15 as
1826 1015 54 28 they

1291 1039 58 22 have
1365 1040 58 22 been
1439 1040 95 22 selected
1548 1042 59 21 from
1623 1042 37 21 the
1677 1049 121 14 numerous
1813 1042 67 21 cattle

1291 1065 61 29 ships
1360 1067 73 21 which
1442 1067 55 21 have
1514 1068 89 22 arrived
1616 1069 61 21 here.
1683 1073 3 3 '
1706 1069 77 28 Apply
1797 1073 23 18 to
1833 1069 45 22 Mr.

1291 1093 98 28 Revans,
1402 1095 84 20 Gazette
1495 1094 72 28 office,
1579 1102 25 15 or
1612 1098 23 19 to
1646 1096 45 21 Mr.
1703 1089 85 34 Hufke,
1797 1097 82 22 Evans'

1292 1121 55 26 Bay.

1318 1143 136 31 Also,.threo
1463 1147 115 23 well-bred
1588 1156 73 14 mares
1666 1149 26 22 in
1701 1149 52 28 foal,
1767 1154 21 17 to
1797 1150 82 27 impor-

1291 1175 38 21 ted
1338 1174 84 22 horses.

1291 1219 65 27 Ship
1371 1220 84 21 Hotel
1468 1220 21 20 &
1503 1221 117 25 Tavern,
1635 1222 132 19 Manners
1782 1222 97 24 Street,

1442 1253 38 23 BY
1494 1253 88 23 JOHN
1597 1253 131 28 FULLER,

1292 1288 80 19 WINES,
1385 1288 93 20 SPIRITS,
1489 1288 47 14 AND
1546 1288 63 15 MAI.T
1619 1289 98 15 LIQUORS
1728 1289 27 14 OF
1766 1289 114 15 SUPERIOR

1528 1315 109 16 QUALITY.

1365 1333 154 23 Commodious
1528 1342 76 15 rooms
1613 1335 53 22 with
1676 1335 58 28 good
1742 1335 63 22 beds.

1318 1362 93 20 Dinners
1428 1363 35 25 got
1484 1363 64 26 ready
1567 1368 26 15 on
1614 1363 38 20 th&
1661 1364 101 20 shortest'
1774 1364 77 20 notice.

1372 1396 32 14 AN
1414 1396 118 16 ORDINARY
1543 1397 70 14 DAILY
1623 1397 29 14 AT
1661 1392 15 20 2
1694 1390 102 22 O'CLOCK.

1451 1443 2 6 1
1478 1435 94 21 James
1588 1435 110 27 Spiers;-.

1291 1468 191 32 PROSPECT
1504 1469 213 22 BOARDING
1741 1469 137 28 HOUSE,

1367 1503 127 15 GUILDFORD
1508 1504 113 19 TERRACE,
1637 1504 57 15 HILL
1708 1504 92 20 STREET,

1343 1523 29 21 In
1393 1524 35 20 the
1436 1519 3 6 '
1447 1530 47 14 rear
1512 1524 29 25 of
1549 1525 42 19 Dr.
1606 1524 89 21 Evans's
1710 1525 113 26 residence,

1472 1558 74 14 TERMS
1562 1559 131 14 MODERATE.
1702 1556 3 4 '

1291 1596 83 49 DR.
1405 1596 173 28 TURNBULL,
1609 1596 155 28 SURGEON,
1788 1597 92 21 intends

1358 1624 121 26 practising
1486 1623 38 22 the
1534 1624 89 21 various
1632 1624 109 22 branches
1751 1624 26 22 of
1786 1624 35 22 his
1829 1632 51 16 pro-

1291 1650 88 26 fession,
1391 1650 46 22 and
1451 1657 50 20 may
1509 1650 36 22 for
1560 1651 39 21 the
1613 1654 92 24 present
1717 1651 31 21 be
1764 1645 116 28 consulted

1291 1680 23 18 at
1324 1676 74 22 Baron
1411 1676 118 22 Alzdorf's.
1646 1687 3 4 ■
1679 1697 6 2 .
1693 1683 5 13 i
1720 1675 21 20 •''

1318 1704 69 21 River
1397 1704 64 27 Hutt,
1473 1704 59 22 June
1544 1705 32 27 17,
1588 1706 60 20 1542.
1669 1711 4 2 •

1293 1735 27 3 ~
1435 1749 141 23 CHARLES
1593 1749 140 28 HARVEY,

1498 1777 102 25 Tailor,
1615 1778 55 25 &c,
1719 1789 6 13 ,■
1758 1792 3 4 .

1419 1804 112 26 Adjoining
1545 1806 72 19 Kurau
1633 1806 51 19 Toto
1699 1805 55 26 Pah,

1421 1847 18 10 ,
1505 1839 160 20 WELLINGTON,

1293 1858 106 23 T>EGS
1415 1861 22 18 to
1454 1860 75 19 return
1546 1859 81 21 thanks
1644 1862 23 18 to
1684 1859 42 25 the,
1739 1862 82 24 gentry
1835 1859 50 21 and'

1291 1880 46 26 JD
1367 1885 76 27 public
1454 1885 21 21 of
1484 1885 58 22 New
1552 1885 99 22 Zealand
1661 1886 36 21 for
1705 1886 38 21 the
1751 1888 91 25 support
1851 1886 28 21 he

1291 1912 40 21 has
1346 1912 105 21 received
1463 1911 57 22 from
1537 1912 62 23 them
1614 1913 61 21 since
1690 1913 29 22 he
1734 1913 146 21 commenced

1291 1939 108 26 business,
1418 1938 43 22 and
1480 1936 27 25 fie
1525 1947 88 14 assures
1629 1939 60 22 them
1708 1939 49 22 that
1772 1940 18 20 it
1807 1940 26 21 is-
1845 1939 34 22 his

1291 1966 111 21 intention
1413 1970 23 17 to
1446 1966 104 22 continue
1559 1966 35 21 his
1610 1971 59 17 most
1684 1970 117 18 strenuous
1816 1973 54 15 exer

1292 1993 58 22 tions
1360 1997 23 16 to
1393 1993 66 22 merit
1467 2000 13 14 a
1489 1994 150 21 continuance
1649 1994 26 21 of
1682 1994 58 21 their
1749 1996 129 24 patronage.

1301 2020 41 21 ♦C.
1354 2020 28 21 H.
1393 2020 70 21 takes,
1472 2020 41 21 this
1535 2020 145 27 opportunity
1695 2020 26 21 of
1731 2020 83 26 stating
1832 2019 48 22 that

1291 2045 34 22 his
1335 2046 64 21 stock
1408 2046 91 21 consists
1509 2046 27 21 of
1547 2053 14 14 a
1569 2046 59 26 good
1638 2046 86 26 variety
1734 2046 26 21 of
1766 2046 112 27 superfine

1292 2072 77 27 cloths,
1381 2072 108 27 doeskins,
1505 2074 91 23 tweeds,
1612 2073 129 26 moleskins,
1752 2072 125 26 velveteen,

1291 2099 55 27 pilot
1362 2099 67 27 cloth,
1441 2100 37 21 &c.
1489 2100 48 26 &c,
1553 2099 45 22 and
1615 2100 32 21 his
1659 2100 95 26 charges
1766 2100 45 25 (for
1830 2101 49 19 cash

1291 2126 58 26 only)
1361 2126 119 21 moderate.

1428 2173 90 20 Town-
1531 2172 31 21 of
1574 2172 168 21 Manewatu.

1293 2198 92 35 rpHE
1407 2198 215 22 PROPRIETORS
1646 2199 26 21 of
1696 2198 38 22 the
1755 2198 62 22 three
1832 2198 48 23 first

1299 2223 30 25 JL
1381 2226 87 22 choices
1482 2228 23 18 at
1515 2227 38 21 the
1571 2226 43 21 last
1629 2226 106 22 selection
1747 2226 26 21 of
1786 2231 94 23 country

1292 2252 70 27 lands,
1376 2252 83 28 having
1477 2253 139 21 determined
1629 2260 62 19 upon
1708 2252 38 22 the
1762 2253 40 22 site
1817 2253 36 22 for
1867 2261 13 15 a

1305 2280 95 22 TOWN
1415 2280 44 22 ON
1472 2280 64 22 THE
1552 2280 191 22 MANEWATU
1757 2280 108 27 RIVER,

1291 2308 57 21 after
1352 2308 81 20 several
1440 2308 57 20 visits
1506 2311 23 17 to
1538 2307 37 22 the
1585 2307 188 28 neighbouroood,
1785 2307 47 23 and
1842 2308 37 22 the

1291 2337 57 19 most
1367 2334 85 22 careful
1468 2334 45 22 and
1531 2334 85 22 minute
1636 2334 152 22 examination
1803 2335 27 22 of
1842 2335 37 22 the

1292 2367 71 16 entire
1379 2362 91 27 district,
1485 2361 67 22 aided
1567 2362 31 26 by
1607 2361 38 22 the
1659 2361 147 28 professional
1820 2362 58 27 skill,

1291 2388 138 28 knowledge,
1449 2388 42 22 and
1505 2389 133 28 experience
1653 2388 26 22 of
1690 2387 38 23 the
1745 2393 59 18 most
1819 2396 61 15 com-

1291 2419 77 24 petent
1374 2415 88 28 judges,
1478 2422 94 21 propose
1586 2418 24 18 to
1626 2415 55 22 offer
1692 2415 34 21 for
1742 2415 104 29 disposal,
1858 2420 22 18 at

1442 2445 35 19 the
1490 2446 89 23 present
1590 2443 59 26 time,
1662 2442 68 22 about

1291 2468 218 24 TWENTY-FIVE
1544 2469 106 26 ACRES,
1690 2469 36 21 IN
1764 2470 116 23 ALLOT-

1292 2497 113 26 MENTS,
1421 2496 84 23 EACH
1526 2496 41 22 OF
1591 2496 64 22 ONE
1676 2495 150 25 QUARTER
1840 2499 39 21 OF

1506 2523 46 22 AN
1567 2523 91 22 ACRE.

1316 2550 49 22 The
1374 2553 50 26 spot
1433 2551 49 21 thus
1490 2550 98 22 selected
1599 2557 113 21 possesses
1720 2549 38 23 the
1767 2556 58 19 most
1840 2560 39 15 ex-

1291 2577 86 23 tensive
1390 2577 100 27 frontage
1503 2580 23 18 to
1545 2577 55 28 deep
1613 2581 68 18 water
1696 2577 27 21 of
1733 2585 45 21 any
1793 2587 29 14 on
1841 2580 38 21 the

1291 2605 64 22 river.
1385 2605 22 21 It
1424 2604 20 22 is
1462 2604 96 22 situated
1571 2604 49 27 just
1632 2607 23 19 at
1670 2604 50 22 that
1738 2606 64 26 point
1820 2607 58 22 from

1353 2631 73 22 which
1436 2638 14 15 a
1459 2631 51 21 road
1519 2630 76 26 would
1604 2631 85 22 branch
1700 2631 34 22 off
1740 2635 22 19 to
1772 2633 37 22 the

1291 2666 95 15 WOODED
1409 2666 47 14 AND
1475 2664 99 16 FERTILE
1593 2665 120 15 DISTRICTS
1733 2666 76 16 ALONO
1833 2667 45 15 THE

1461 2692 54 14 BASE
1530 2692 29 14 OF
1572 2692 47 14 THE
1633 2692 76 20 IIIILS,

1292 2713 44 22 and
1347 2713 71 21 above
1428 2711 71 23 which
1509 2711 38 23 the
1561 2711 129 27 navigation
1705 2712 40 22 for'
1749 2714 82 22 vessels
1840 2713 39 22 be-

1292 2747 75 15 comes
1378 2740 84 25 tedious,
1472 2739 23 26 if
1499 2741 37 19 not
1546 2739 94 26 difficult.
1670 2739 23 22 It
1699 2739 19 22 is
1724 2739 109 24 therefore
1840 2741 39 22 the

1461 2786 2 5 ,
1487 2767 64 27 point
1559 2766 73 22 where
1644 2765 36 23 the
1700 2779 5 5 >
1728 2769 5 6 '

1293 2800 88 22 LAND
1397 2800 67 22 AND
1478 2800 114 22 WATER
1606 2800 165 23 CARRIAGE
1785 2801 94 23 MEET,

1292 2828 45 21 and
1346 2824 74 25 where
1430 2835 14 14 a
1452 2828 67 21 Town
1537 2835 61 14 must
1613 2835 28 14 be
1655 2835 93 14 formed
1764 2829 66 22 when
1842 2829 38 23 the

1293 2854 88 24 district,
1393 2854 19 22 is
1421 2854 85 22 settled.
1536 2854 23 22 It
1567 2861 45 15 was
1622 2854 98 22 selected
1734 2855 32 28 by
1776 2855 38 23 the
1827 2857 53 21 Sur-

1292 2881 81 28 veying
1383 2881 59 22 Staff
1453 2888 23 15 as
1486 2881 36 22 the
1531 2881 139 23 rendezvous
1679 2881 38 23 for
1730 2882 59 22 their
1802 2882 62 29 body
1872 2891 6 20 ;

1292 2909 44 21 and
1346 2908 40 22 has
1395 2908 58 22 been
1462 2915 48 15 now
1522 2908 79 27 found,
1613 2909 57 21 after
1680 2909 87 23 several
1783 2911 97 22 months'

1291 2935 110 27 location,'
1408 2939 22 18 to
1444 2936 26 22 be
1479 2935 36 22 the
1526 2939 59 18 most
1599 2935 167 28 advantageous
1771 2937 108 28 -position,

1292 2962 58 22 from
1366 2963 28 21 its
1408 2962 97 28 peculiar
1524 2962 88 28 facility
1626 2963 27 21 of
1663 2963 114 28 approach
1781 2964 61 22 .both
1850 2965 30 27 by

1292 2989 54 23 land
1355 2989 45 22 and
1409 2994 73 18 water.
1759 3002 2 8 .

1320 3017 28 21 In
1359 3017 152 21 confirmation
1521 3017 27 21 of
1553 3017 39 21 the
1601 3016 137 28 superiority,
1743 3017 27 22 of
1770 3017 51 23 rthis
1832 3021 49 24 spot

1292 3050 54 16 over
1353 3050 46 21 any
1409 3044 61 22 other
1479 3047 38 24 yet
1524 3043 92 27 known,
1626 3043 39 22 the
1675 3044 92 22 Messrs.
1775 3045 104 27 Kebbell,

1293 3071 57 21 after
1367 3070 39 22 the
1426 3071 149 21 examination
1592 3071 27 21 of
1689 3070 61 22 river
1757 3071 66 24 ffrom
1842 3071 38 23 the

1284 3097 99 26 .Paneiri
1393 3097 48 23 Pah
1451 3101 21 19 to
1480 3098 28 21 its
1518 3097 86 27 mouth,
1616 3097 141 23 determined
1769 3105 30 15 on
1809 3102 72 19 erect-

1529 3125 40 26 ing
1581 3123 60 23 their
1654 3129 2 3 '
1667 3137 10 10 ,-

1294 3158 66 23 SAW
1375 3157 82 24 MILL
1475 3157 231 24 IMMEDIATELY
1721 3158 159 24 OPPOSITE.

1287 3186 54 22 ;The
1359 3186 72 21 works
1449 3184 24 23 of
1487 3184 49 23 that
1555 3184 169 23 establishment
1741 3193 39 15 are
1799 3190 23 18 at
1837 3187 44 22 this

1294 3216 101 19 moment
1412 3213 24 21 in
1451 3212 70 27 rapid,
1526 3219 109 20 progress,
1652 3212 45 22 and
1715 3212 38 22 the
1766 3214 115 28 .proposed

1293 3240 69 22 Town
1371 3239 46 22 will
1426 3239 131 27 necessarily
1562 3238 93 28 partake
1661 3239 27 22 of
1693 3238 45 23 this
1747 3240 133 28 advantage.

1305 3269 4 7 1
1319 3266 50 23 The
1387 3266 92 22 nucleus
1493 3266 26 21 of
1534 3273 14 14 a
1566 3268 69 20 Town
1650 3266 26 27 is,
1687 3266 24 22 in
1726 3266 52 28 fact,
1789 3268 92 28 already

1294 3293 97 25 created,
1399 3293 36 28 by-
1439 3292 38 23 the
1486 3292 166 23 concentration
1667 3293 27 22 of
1707 3293 39 22 the
1756 3294 126 29 Surveying

1294 3320 59 24 Staff,
1359 3327 29 15 on
1398 3320 56 23 that.
1456 3322 52 25 spot,
1520 3327 25 14 as
1554 3320 40 21 the,
1602 3323 75 19 centre
1693 3320 27 22 of
1730 3322 152 22 communica-

1284 3348 89 22 .tidnto
1383 3347 42 22 the'
1431 3346 147 28 surrounding
1587 3346 98 28 district;
1702 3347 38 22 the
1751 3349 98 22 erection
1860 3349 26 22 of

1294 3375 91 22 Messrs.
1396 3373 114 23 Kebbell's
1524 3374 52 22 Saw
1592 3373 72 25 Mills,
1672 3374 98 28 opposite
1778 3383 6 20 ;
1800 3376 31 27 by
1843 3376 38 22 the

1294 3404 165 24 arrangements
1471 3400 34 22 for
1519 3408 37 15 air
1566 3401 118 22 extensive'
1692 3402 100 22 General
1803 3403 64 22 Store
1874 3411 6 20 ;

1295 3428 45 23 and
1349 3428 31 28 by
1386 3428 39 23 the
1433 3428 44 22 late
1486 3428 133 31 application
1625 3428 34 22 for
1668 3436 14 14 a
1688 3428 111 24 Licensed
1804 3430 78 22 House

1292 3463 29 14 on
1330 3454 43 23 the.
1378 3458 50 24 part
1437 3455 26 22 of
1473 3462 28 14 an
1510 3454 135 23 individual.
1649 3455 50 23 who
1713 3456 49 27 has,
1773 3457 61 22 since
1844 3457 38 23 the

1283 3483 129 21 -formation
1429 3482 27 22 of
1468 3482 37 21 the
1522 3482 92 26 Colony,
1629 3482 99 27 pursued
1743 3490 16 14 a
1775 3483 107 24 lucrative

1293 3509 63 23 trade
1367 3508 99 22 withthe
1475 3509 94 27 natives,
1574 3508 52 24 jand
1637 3508 74 23 whose
1720 3510 133 28 knowledge
1860 3512 26 22 of

1292 3537 39 21 the
1341 3535 169 28 advantages.of
1516 3536 40 21 the
1560 3536 106 27 .position,
1674 3537 120 28 prompted
1802 3533 48 27 him
1860 3541 24 19 at

1293 3570 57 16 once
1360 3567 24 17 to
1390 3563 75 29 prefer
1473 3562 48 22 that
1532 3562 145 28 application.

1319 3588 53 25 The'
1378 3589 93 23 Natives
1484 3590 30 27 by
1523 3590 75 21 whom
1606 3590 51 23 .this
1665 3590 57 22 land
1732 3597 46 17 was
1787 3591 97 23 claimed

1292 3624 39 16 are
1341 3617 61 28 quite
1412 3616 107 29 prepared
1527 3619 24 19 to
1559 3616 52 27 give
1617 3623 30 21 up
1653 3618 134 29 possession,
1794 3619 47 22 and
1846 3627 37 15 are

1281 3658 4 6 ■.
1293 3643 149 28 exceedingly.
1444 3666 3 8 (
1449 3643 93 22 anxious
1554 3646 24 18 to
1592 3642 59 23 have
1659 3651 15 15 a
1680 3643 124 31 .European
1813 3654 71 21 popu-

1291 3671 70 23 lation
1372 3677 82 20 among
1465 3670 64 27 them,
1540 3669 86 28 having
1642 3670 58 23 been
1709 3678 61 22 upon
1780 3673 38 22 the
1826 3677 59 19 most

1292 3697 98 29 friendly
1396 3697 87 27 footing
1491 3696 54 22 with
1553 3697 39 21 the
1604 3697 127 28 Surveying
1740 3699 59 23 Staff
1803 3700 82 27 during

1291 3725 40 23 the
1339 3724 51 23 four
1399 3731 25 15 or
1432 3724 49 23 five,
1484 3723 89 25 months
1581 3722 56 29 they
1643 3724 71 22 'have
1729 3725 57 23 been
1796 3726 90 23 located

1289 3751 73 24 there.

1310 3796 3 4 .
1320 3778 35 23 As
1364 3778 38 22 the
1408 3777 140 28 Proprietora
1555 3783 96 27 purpose
1658 3780 24 20 to
1692 3777 89 29 dispose
1791 3781 25 21 of
1821 3780 43 22 but
1873 3784 14 18 a'

1282 3821 3 9 i
1292 3805 89 23 limited
1390 3804 92 31 jiortion
1498 3804 26 22 of
1534 3804 40 22 the
1586 3804 72 22 Town
1673 3808 24 19 at
1714 3809 97 25 present,
1821 3825 4 8 ,
1831 3807 54 30 they

1291 3831 81 30 pledge
1382 3831 131 23 themselves
1520 3830 58 29 that,
1587 3833 25 19 at
1619 3837 31 16 no
1668 3831 75 23 future
1752 3833 64 28 sales,
1828 3831 58 28 shall

1292 3860 40 22 the
1343 3859 128 23 allotments
1478 3857 28 23 be
1515 3860 42 26 put
1561 3864 32 22 up
1602 3860 30 20 at
1635 3865 14 15 a
1656 3855 48 26 less
1713 3866 50 16 sum
1771 3861 57 22 than
1835 3868 51 17 now

1292 3886 93 24 offered.

1320 3915 24 23 A
1362 3914 132 27 Prospectus
1512 3911 50 23 and
1577 3911 58 23 Plan
1654 3912 33 24 of,
1693 3912 40 23 the
1752 3913 71 24 Town
1839 3914 47 23 will

1292 3940 89 29 shortly
1388 3941 29 21 be
1425 3939 68 28 ready
1500 3939 37 22 for
1544 3939 135 28 inspection.
1684 3942 26 20 at
1720 3936 40 28 thi«
1770 3941 84 24 Offices
1863 3941 27 24 of

1294 3968 92 23 Messrs.
1397 3966 71 22 Waitt
1473 3965 46 23 and
1527 3966 79 27 Tyser,
1616 3966 33 23 Te
1656 3967 57 23 Arc
1891 3970 2 24 |

1321 3993 149 27 Wellington,
1478 3992 66 29 April
1552 3994 35 27 22,
1597 3993 62 23 18431

859 138 115 21 Gazette
989 136 90 21 Office.

673 171 201 24 STATIONERY
887 169 200 24 WHOLESALE
1101 170 21 22 &
1138 169 124 25 RETAIL.

673 206 89 50 WE
785 207 44 27 beg
850 208 23 19 to
895 211 119 16 announce
1031 204 40 21 the
1092 204 88 27 arrival,
1203 204 60 22 from

769 232 110 32 England;
891 231 26 23 of
924 231 39 22 the
978 230 48 22 first
1034 234 51 24 part
1094 230 26 22 of
1129 237 42 24 pur
1173 238 7 13 i
1185 234 78 19 exten-

673 260 47 22 sive
729 260 109 22 ordersin
847 259 45 22 this
901 258 143 27 department
1053 257 25 22 of
1085 256 117 25 business..
1209 257 55 24 ,Our

673 286 64 23 stock
746 286 98 28 already.
847 286 93 21 consists
955 284 26 22 of
992 291 68 19 every
1069 284 77 21 article
1160 284 103 28 required

673 314 35 21 for
722 313 98 27 Schools,
837 312 81 26 Banks,
935 311 86 27 Courts,
1039 311 57 22 Law
1105 310 95 26 .Offices,
1212 310 51 25 ,and

673 340 91 27 Artists,
774 340 41 22 &c.
824 347 6 20 ;
844 339 75 22 whilst
927 338 38 21 the
981 336 139 23 ornamental
1132 337 51 22 andr
1191 333 72 26 draw-

672 367 39 26 ing
723 373 65 15 room
802 366 122 26 stationery
939 364 41 22 has
993 367 42 18 not
1045 364 61 22 been
1121 364 140 22 overlooked.

673 393 48 22 The
731 392 128 23 difficulties
868 390 117 28 attending
993 390 38 22 the
1040 390 51 23 first
1097 390 167 24 establishment

668 419 87 28 .having
764 420 59 21 been
838 425 123 20 overcome,
972 416 46 23 and
1028 424 68 21 every
1111 417 81 23 arrival
1196 435 7 13 }
1206 417 56 22 from

673 446 107 28 England
798 446 82 27 adding
895 444 61 23 fresh
972 444 119 22 additions'
1098 446 24 19 to
1137 451 40 14 our
1191 443 70 27 stock,

673 472 47 23 will
735 472 79 23 enable
828 480 27 15 us
864 475 22 19 to
902 471 82 23 reduce
1001 478 41 15 our
1057 471 94 26 charges
1160 477 30 16 on
1204 474 59 19 most

674 499 88 23 articles
772 502 25 19 at
803 499 58 22 least
868 500 28 21 50
904 505 40 20 per
953 502 58 18 cent.

700 526 156 29 Storekeepers
873 527 45 21 and
936 524 119 23 wholesale
1075 523 86 22 dealers
1179 531 42 16 can
1234 524 28 21 be

673 553 102 28 supplied
791 556 21 19 to
828 560 45 20 any
881 555 85 23 extent,
984 551 44 22 and
1044 558 30 15 on
1084 554 74 18 'terms
1174 550 89 29 equally

673 580 166 27 advantageous
848 583 77 23 to'any
932 577 107 24 obtained
1047 578 26 22 in
1082 577 98 28 Sydney,
1191 581 5 2 '

700 607 97 27 Writing
805 614 73 21 papei,

701 634 113 28 Imperial,

700 660 81 28 Royal,

700 687 116 27 Foolscap,
828 686 87 23 various
925 684 109 29 qualities,
1115 694 2 7 ■
1142 688 4 9 '
1178 698 29 5 -••

700 714 73 27 Large
782 714 60 21 thick
851 717 56 28 post,
918 719 63 16 wove
991 709 47 25 and
1046 711 55 27 laid,

699 740 60 22 Thin
767 744 58 24 post,
835 740 63 27 ditto,

701 767 57 22 Fine
767 767 55 22 bath
830 770 56 25 post,
897 766 49 28 gilt.
972 775 5 5 '

682 809 5 5 .
699 794 91 22 Double
805 794 111 27 elephant,
932 792 152 28 antiquarian,
1099 792 108 29 imperial,
1218 791 45 23 and

673 820 63 28 royal
746 820 98 28 drawing
852 827 75 21 paper,
1121 822 3 3 '
1151 836 4 5 ,

703 847 91 28 Oblong
803 848 89 26 clasped
901 846 172 23 memorandum
1081 846 80 27 books,

700 874 88 22 French
797 874 85 28 tracing
890 881 76 21 paper,

700 901 90 23 Ladies'
800 902 44 22 and
853 900 148 29 gentlemen's
1011 900 56 22 card
1075 907 70 19 cases,

701 929 64 21 Ditto
835 928 35 22 do.
927 927 72 22 tinted
1009 927 47 22 and
1066 926 119 23 embossed
1188 926 73 27 cards,

675 961 3 5 ■
699 956 98 27 Sponge,
807 954 77 23 wafers
893 956 24 20 in
927 956 13 20 2
950 961 34 15 oz.
994 954 77 26 boxes,

699 982 71 23 Black
786 983 56 27 edge
861 982 45 22 and
924 980 118 28 bordered,
1052 981 76 22 .letter
1135 993 4 7 v
1146 980 47 23 and
1210 983 53 20 note

672 1015 76 22 paper.
853 1016 4 4 •

700 1036 93 22 Invoice
804 1035 73 27 books,
887 1034 55 23 with
951 1034 101 28 indexes,
1064 1034 89 22 various
1163 1034 62 28 sizes,

700 1062 60 22 Cash
765 1063 79 27 books,
853 1062 65 22 ruled
927 1061 89 27 double,
1026 1062 91 21 various
1126 1062 63 27 sizes,

699 1089 132 28 Envelopes,

699 1116 87 22 Pewter
792 1116 123 27 inkstands,

698 1143 83 27 Ebony
788 1143 123 27 inkstands,
922 1141 55 23 with
986 1142 103 26 drawers,

698 1166 76 26 Broad,
785 1170 44 22 and
838 1177 85 15 narrow
932 1176 70 21 green
1011 1168 43 22 silk
1066 1168 87 27 ribbon,

699 1196 66 22 Brief
772 1197 45 21 and
827 1197 57 22 deed
891 1203 76 22 paper,

669 1239 4 4 .
699 1223 75 23 Ruled
783 1231 68 21 paper
860 1224 34 22 for
903 1223 41 23 bill
952 1222 78 27 heads,
1039 1231 5 18 ;

699 1251 74 26 Royal
784 1245 72 32 liand,
870 1250 80 22 double
969 1250 61 21 hand
1044 1250 87 26 brown,
1148 1249 45 22 and
1200 1248 63 28 royal

671 1277 77 23 brown
758 1278 115 28 wrapping
880 1284 76 22 paper,

700 1304 102 27 Ledgers
810 1305 45 22 and
864 1302 181 28 account'books,
1058 1303 89 21 various
1157 1303 62 27 sizes,

699 1331 85 22 Pocket
792 1332 87 27 ledgers
889 1331 44 23 and
943 1330 172 22 memorandum
1124 1330 77 27 books,

699 1358 122 27 Engraved
831 1366 54 20 copy
892 1358 54 27 slips
956 1357 46 23 and
1011 1357 78 27 books,

699 1385 54 22 Best
762 1385 80 23 Welch
851 1389 73 22 slates,
933 1385 63 26 large
1003 1384 45 22 and
1057 1383 73 28 small,

699 1411 75 23 Blank
784 1413 70 22 music
864 1413 76 26 books,

699 1439 105 28 Message
814 1439 70 27 cards,

699 1465 112 23 Coloured
822 1474 86 20 papers,

699 1493 73 26 Sugar
780 1500 86 21 papers,

701 1519 59 22 Note
770 1528 86 20 papers,

698 1546 95 28 Playing
804 1547 68 28 cards,
883 1545 105 24 coloured
998 1545 44 23 and
1049 1545 54 28 gold
1111 1545 75 28 backs,

698 1574 63 27 Copy
770 1574 77 27 books,

698 1600 72 22 Black
778 1601 52 22 lead
838 1601 91 28 pencils,

699 1627 66 23 India
773 1629 89 26 rubber,
873 1627 70 23 bottle
953 1626 44 22 and
1011 1630 87 24 patent,

699 1655 68 26 Ivory
777 1655 82 23 folders
869 1655 45 21 and
923 1654 86 27 knives,

698 1682 48 21 Pen
757 1681 85 27 knives,

698 1708 88 26 Rulers,
796 1709 82 32 pocket
885 1708 79 26 books,

699 1735 75 22 Blank
782 1736 52 22 bills
844 1736 25 21 of
875 1735 125 26 exchange,

699 1763 78 21 Letter
785 1763 46 22 and
840 1763 38 21 bill
889 1761 57 27 files,

662 1809 1 4 .
699 1789 44 22 Ink
752 1790 45 22 and
806 1790 39 22 ink
852 1790 107 27 powders,

698 1816 77 22 Bibles
784 1818 44 21 and
838 1819 135 23 testaments,

699 1843 99 28 Spelling
807 1843 75 28 books,
892 1843 96 27 various,
1185 1859 6 10 x

699 1870 103 28 Primers,

699 1897 126 23 Children's
834 1897 70 22 books
913 1897 23 22 in
947 1899 64 25 great
1018 1897 96 27 variety,

698 1925 74 21 Blank
783 1925 170 22 Custom-house
967 1924 77 26 forms,
1062 1924 37 21 for
1115 1924 145 26 auctioneers,

671 1951 47 22 and
727 1951 29 22 all
767 1952 38 21 the
821 1951 63 22 other
894 1951 174 22 Custom-house
1078 1951 68 21 forms
1157 1951 33 21 for
1199 1951 62 21 Mer-

671 1979 86 21 chants.

699 2006 115 21 Seamen's
824 2005 103 23 advance'
934 2007 71 19 notes.

699 2032 117 21 Seamen's
826 2032 87 21 articles
923 2032 26 21 of
955 2034 139 23 agreement.

699 2059 138 26 Log-books.

699 2085 75 22 Blank
783 2086 68 25 writs,

699 2112 146 22 Parchments
854 2111 35 22 for
915 2110 76 22 deeds.

699 2139 81 24 Quills.

682 2178 8 3 -
699 2166 59 21 Ever
767 2165 90 29 pointed
867 2164 73 29 pencil
950 2172 62 14 cases
1020 2165 24 21 in
1052 2165 100 28 superior
1162 2165 99 22 German

671 2193 79 22 Silver.

699 2220 91 21 Lucifer
799 2220 76 21 boxes.

661 2245 2 28 |
699 2246 78 23 Wafer
785 2250 89 24 stamps.

661 2297 2 19 I
767 2292 93 21 Union
873 2292 80 21 Bank
967 2290 31 21 of
1014 2292 152 21 Australia.

673 2326 96 21 London
787 2326 91 27 Office,
894 2326 45 21 No.
954 2326 36 25 3S,
1009 2325 51 21 Old
1077 2325 186 24 Broad-street.

727 2358 94 28 Capital,
831 2358 122 28 £800,000;
974 2356 52 28 paid
1035 2365 38 20 up,

661 2387 2 23 I
906 2395 110 14 DIRECTORS
1021 2396 6 12 :

777 2419 69 21 George
853 2418 38 17 Fife
898 2419 67 19 Angas,
974 2418 49 20 Esq.,

778 2440 68 17 Robert
852 2440 75 18 Brooks,
936 2439 49 20 Esq.,

777 2461 62 17 James
847 2460 47 17 John
901 2460 101 19 Cummins,
1010 2460 50 20 Esq.,

778 2482 68 17 Robert
852 2481 97 19 Gardener,
960 2481 49 19 Esq.,

661 2502 2 9 1
776 2503 50 17 John
834 2503 45 17 Gore
894 2502 50 20 Esq.,

777 2524 49 16 John
832 2523 80 17 William
918 2521 76 19 Buckle,
1000 2522 49 21 Esq.,

777 2544 96 21 Benjamin
879 2545 22 16 E.
907 2543 65 20 Lindo,
979 2543 49 20 Esq.,

661 2572 2 17 I
777 2566 74 16 Charles
859 2565 76 17 Edwatd
941 2564 89 20 Mangles,
1038 2564 51 21 Esq.,

661 2582 2 18 I
727 2585 4 4 '
777 2586 115 21 Christopher
899 2586 84 19 R&wson,
991 2585 50 20 Esq.,
1051 2586 84 20 Halifax,

661 2612 2 3 1
777 2608 78 16 Thomas
863 2607 63 19 Sands,
934 2607 49 20 Esq.,
990 2605 102 22 Liverpool,

777 2629 61 16 James
845 2628 56 20 Bogle
908 2627 66 19 Smith,
979 2627 51 20 Esq.,

661 2653 2 10 i
776 2650 62 16 James
846 2648 79 18 Ruddell
932 2648 56 19 Xodd,
996 2648 44 21 Esq.
1067 2648 4 3 '

670 2678 87 17 Trustees
762 2683 5 11 :
783 2678 81 16 George
875 2677 57 17 Cars
943 2676 62 19 Gltn,
1016 2676 50 21 Esq.,
1077 2677 54 17 Johh
1143 2678 61 20 Gori,
1212 2678 51 21 Esq.,

819 2698 36 17 and
861 2699 67 15 James
936 2697 17 16 J.
959 2697 102 20 Cummins,
1070 2698 45 20 Esq.

699 2720 82 17 Bankers
786 2725 5 11 :
804 2720 74 16 Messrs.
885 2720 61 17 Glyn,
958 2718 116 20 Hallifax,
1082 2719 72 20 Mills,
1161 2720 37 17 and
1205 2720 32 17 Co.

792 2741 100 20 Secretary:
904 2741 85 16 Samuel
995 2739 96 21 Jackson,
1099 2740 43 20 Esq.

762 2761 82 18 Colonial
849 2761 95 21 Inspector
948 2765 5 11 :
965 2760 18 17 J.
990 2760 19 17 C.
1016 2761 105 20 M'Laren,
1128 2761 44 21 Esq.

794 2810 69 21 New
881 2808 124 22 Zealand
1022 2809 119 21 Branch.

671 2836 56 18 Local
733 2836 92 18 Directors
831 2841 5 13 :
851 2836 46 17 Geo.
908 2836 19 17 S.
938 2835 73 19 Evans,
1023 2836 51 21 Esq.,
1086 2836 64 18 D.C.L.
1168 2838 37 16 and
1217 2838 48 16 Geo.

892 2857 94 18 Hunter,
998 2856 44 21 Esq.

672 2879 97 20 Manager:
781 2879 49 16 John
837 2879 71 18 Smith,
917 2878 49 19 Esq.,
974 2877 37 17 late
1018 2878 20 16 of
1046 2878 32 16 the
1086 2878 119 18 Commercial
1211 2880 54 16 Bank

842 2899 20 17 of
870 2899 90 21 England,
971 2898 124 17 Manchester.

783 2920 113 22 Branches
906 2921 25 20 at
945 2919 99 27 Sydney,

946 2946 91 22 Hobart
1044 2947 77 28 Town,

947 2973 151 28 Launceston,
1110 2975 46 21 and

946 3000 56 22 Port
1011 3000 81 29 Philip.

673 3029 54 22 Port
736 3028 130 27 Nicholson,
879 3027 80 23 March
969 3028 34 26 24,
1014 3029 64 21 1840.

674 3083 92 49 THE
783 3083 114 22 Directors
913 3082 27 22 of
955 3081 46 32 Ihe^
1011 3081 57 23 New
1085 3082 101 24 Zealand
1200 3084 65 23 Land

749 3110 117 28 Company
879 3108 85 28 hereby
980 3108 51 27 give
1047 3109 83 28 notice,
1134 3118 4 4 1
1148 3111 49 23 that
1211 3111 54 28 they

662 3133 4 13 '
672 3137 58 23 have
737 3144 114 16 effected
860 3144 30 14 an
899 3142 176 16 arrangement
1083 3137 53 21 with
1143 3137 38 23 the
1188 3139 77 22 Union

672 3164 66 22 Bank
752 3164 27 22 of
794 3163 121 28 Australia,
931 3162 45 22 No.
993 3164 34 26 38,
1042 3163 47 23 Old
1104 3164 160 28 Broad-street,

673 3191 103 28 London,
787 3191 36 23 for
831 3191 37 22 the
881 3189 170 24 establishment
1064 3191 27 22 of
1104 3198 14 14 a
1133 3191 132 24 BRANCH

673 3218 89 22 BANK
777 3218 37 22 IN
826 3217 72 23 NEW
911 3217 161 28 ZEALAND,
1085 3217 98 30 through
1193 3219 73 23 which

673 3245 38 22 the
719 3245 104 22 business
835 3245 27 22 of
873 3244 38 23 the
928 3244 58 22 New
1002 3244 103 23 Zealand
1117 3245 66 24 Land
1199 3247 67 22 Com-

672 3279 62 21 pany
741 3272 47 22 will
796 3273 28 21 be
834 3271 135 23 transacted.
997 3271 48 22 The
1060 3272 116 23 Directors
1192 3274 73 22 there-

673 3299 47 23 fore
730 3298 177 23 recommend-to
924 3297 111 23 Colonists
1051 3298 40 23 the
1107 3299 77 23 Union
1200 3301 66 22 Bank

673 3327 28 21 of
717 3325 116 23 Australia
850 3333 25 15 as
891 3333 29 15 an
946 3325 172 23 establishment
1137 3328 129 27 possessing

673 3352 58 23 their
747 3353 72 22 entire
841 3352 137 27 confidence,
998 3352 46 22 and
1062 3352 51 23 able
1132 3356 23 20 to
1172 3355 94 28 provide

673 3379 134 28 effectually;
816 3380 37 23 for.
864 3379 38 23 the
916 3379 107 23 financial
1038 3383 72 19 wants
1127 3381 26 21 of
1164 3381 37 22 the
1217 3382 49 22 first

673 3407 137 22 settlement.

842 3433 35 28 By
886 3433 66 23 order
961 3433 27 21 of
997 3433 38 22 the
1045 3433 82 28 Board,

918 3466 86 23 JOHN
1018 3467 106 28 WARD,
1139 3470 125 27 Secretary.

673 3495 57 23 New
738 3494 103 22 Zealand
849 3493 64 23 Land
922 3494 137 28 Company's
1069 3495 79 28 Office,
1183 3509 2 4 ■

699 3528 21 23 I,
731 3526 160 27 Adam-street,
901 3525 107 28 Adelphi,
1018 3526 55 22 27th
1082 3527 61 27 Aug.
1161 3529 62 22 1839.

673 3571 95 51 THE
790 3573 81 20 Nelton
891 3573 120 23 Examine?
1027 3574 50 21 and
1096 3574 54 21 New
1171 3577 95 25 Zealand

748 3599 120 22 Chronicle*
875 3598 127 32 (published
1011 3602 24 19 at
1043 3600 103 28 Nelson,)
1162 3601 20 23 is
1198 3610 72 21 regu-.

666 3624 65 31 jlarly
748 3627 141 22 transmitted
904 3630 25 19 to
943 3625 148 30 Wellington,
1110 3628 45 22 and
1169 3637 59 21 may.
1236 3630 29 22 be

666 3649 86 28 'hadiat
758 3652 41 23 the
809 3654 63 23 office
881 3653 26 23 of
917 3652 46 25 this
969 3660 78 21 paper.

676 3696 11 7 
696 3679 53 25 IJUhe
758 3681 80 22 Nelson
846 3682 117 21 Examiner
972 3680 51 23 ,wul
1031 3680 28 23 be
1069 3680 75 28 found,
1150 3689 31 16 an
1190 3683 76 23 excel-

673 3705 49 24 lent
729 3707 102 23 medium
839 3708 36 22 for
884 3707 139 23 advertisers.

701 3733 78 23 Terms
789 3734 35 23 for
832 3735 38 22 the
880 3741 80 22 paper,-
964 3737 38 20 ten
1010 3733 107 29 shillings,
1125 3742 43 21 pen
1174 3739 92 26 quarter

673 3760 96 28 payable
776 3761 26 22 in
812 3761 106 23 advance.

703 3786 83 23 Orders
807 3787 36 23 for
860 3788 38 22 the
920 3795 70 21 paper
1011 3787 46 23 and
1079 3788 187 26 advertisements

675 3813 104 23 received
788 3817 25 19 at
821 3815 37 22 the
868 3814 71 23 Office
949 3814 26 23 of
986 3814 45 23 this
1039 3822 79 22 paper.

674 3861 150 32 fTIEGG'S.
828 3863 103 23 SHEET
943 3863 201 25 ALMANACKS
1159 3866 36 23 for
1202 3868 63 25 1842,

682 3885 31 26 JL
750 3889 83 28 Tegg's
842 3889 108 28 Washing
960 3890 72 28 Book,
1051 3908 7 4 .

703 3915 83 28 Tegg's
795 3917 147 22 Commercial
950 3916 87 23 Pocket
1045 3917 97 24 Diaries.
1208 3920 18 28 ,/
1242 3918 5 7 '

675 3960 74 49 ON
764 3961 85 28 SALE,
864 3964 23 20 at
894 3962 47 22 this
950 3961 72 28 office,
1031 3962 72 24 blank
1113 3946 153 43 BiLii'BooLs.

777 3988 96 23 OaMtte
906 3988 73 28 offi««,
990 3988 57 23 Da«.
1056 3991 22 20 4.
1223 3981 8 39 ]
