2540 4010
1327 120 30 29 Passage
1536 127 30 19 to
1585 124 176 21 London,

1283 158 101 23 so^ifeL,
1423 158 93 22 fTiHE
1527 158 333 28 Ztyi^/beingiUrider^engage-';

1260 204 10 9 *
1296 179 103 37 iffnlrn
1497 183 107 24 menCto
1622 181 167 26 lpaddwoolvat
1799 181 59 23 (Port

1272 205 145 37 ,«ffig&
1436 211 90 28 Phillip,
1543 210 82 23 should
1639 209 146 22 inducement
1794 207 62 27 offer,

1264 233 156 42 ,'HBbBKp
1436 238 41 21 she
1493 245 19 14 w
1555 237 42 23 call
1612 237 53 21 here
1683 243 29 14 on
1751 242 12 14 r
1771 242 49 19 way
1834 237 24 18 to

1297 303 43 22 For
1355 309 91 22 passage
1458 301 59 27 only,
1528 301 85 25 having
1622 299 99 27 superior
1733 301 125 19 aceomnio-

1270 329 94 28 dations,
1375 329 67 28 apply
1453 331 24 19 to
1479 350 7 9 v
1482 327 101 28 jCaptaitt
1592 326 171 26 Robertson,.-or
1771 327 28 33 to;
1807 337 34 12 <..«-
1860 341 3 7 ,

1445 375 3 12 ;
1456 364 30 23 ,'V'
1524 356 306 38 'BBTHONE^aTId,,HuKTER.
1848 367 3 6 '

1301 395 147 27 Wellington;
1457 388 89 34 August
1551 388 126 34 1^1848,"'
1714 390 48 21 ''-''

1331 464 171 25 SHIPPING
1520 461 278 29 INTELLIGENCE.

1493 519 143 18 ARRIVED.

1299 553 83 25 August
1391 553 32 25 14,
1434 553 80 26 barque
1527 551 126 25 Brougham,
1665 550 49 26 227,
1730 549 130 27 Robertson,

1269 580 56 20 from
1339 580 131 26 Valparaiso.
1563 591 4 4 -
1691 595 2 7 ,
1702 591 3 6 <

1262 608 2 25 |
1298 606 61 21 Same
1375 607 38 26 day
1413 602 5 15 5
1416 621 6 9 ,
1439 606 120 27 brigantine
1578 604 122 27 Vanguard,
1712 604 34 25 64,
1765 603 95 27 Phillips,

1262 647 2 1 ■
1269 634 57 20 from.
1336 634 89 27 Sydney.

1262 654 2 31 !
1298 661 83 26 August
1396 661 34 25 15,
1450 661 105 21 schooner
1577 660 109 26 Industry,
1696 660 35 25 24,
1743 659 119 23 Anderson,

1262 686 2 24 1
1269 689 57 20 from
1336 689 35 20 the
1382 688 71 21 Coast.

1513 740 118 18 SAILED.

1298 767 84 27 August
1392 769 34 22 13,
1439 768 106 20 schooner
1561 767 110 25 Industry,
1690 767 35 23 24,
1744 765 118 23 Anderson,

1270 796 35 20 for
1314 795 37 21 the
1361 795 71 21 Coast.

1300 823 60 19 Same
1370 823 45 26 day,
1425 823 112 20 schooner
1553 822 57 25 Imp,
1623 822 26 20 20
1670 824 56 23 tons,
1744 820 78 26 Tulett,
1829 820 36 20 for

1270 850 91 20 Nelson.

1496 901 34 19 IN
1547 900 88 20 PORT.

1297 929 86 26 Barque
1391 929 135 25 Indemnity,
1535 928 44 19 450
1598 930 51 17 tons
1655 941 6 10 ,
1669 927 88 24 Adams,
1770 927 96 24 refitting

1272 957 92 26 Agents,
1375 957 69 20 Waitt
1455 957 43 19 and
1509 956 80 25 Tyser.

1298 985 112 20 Schooner
1429 985 61 25 Ann,
1514 984 29 19 22
1562 985 61 22 tons,
1648 981 88 25 Brown,
1761 981 43 20 laid
1827 987 38 20 up.

1271 1013 80 26 Agent,
1363 1013 69 19 Waitt
1439 1013 46 19 and
1495 1012 78 25 Tyser.

1300 1041 110 19 Schooner
1433 1041 65 25 Erin,
1524 1039 28 20 25
1577 1041 59 23 tons,
1661 1037 79 26 Relph.
1783 1036 83 20 Master

1265 1079 3 2 -
1274 1068 80 26 Agent.

1299 1096 53 25 Brig
1366 1095 81 24 Lunar,
1462 1095 40 20 165
1512 1096 58 22 tons,
1585 1093 38 21 W.
1633 1093 62 20 Ellis.
1724 1091 86 21 Rhodes
1824 1091 43 20 and

1273 1123 50 22 Co.,
1332 1124 90 24 Agents.

1302 1151 108 20 Schooner
1414 1150 74 20 Maori
1495 1150 73 26 Davis,
1578 1150 26 19 15
1612 1152 57 22 tons,
1679 1147 85 27 Wylde.
1791 1147 74 26 Agent

1273 1179 22 20 J.
1307 1178 76 20 Wade.

1303 1206 107 19 Schooner
1420 1206 75 24 Ocean,
1507 1206 26 19 30
1550 1207 57 20 tons,
1618 1204 117 25 Ferguson.
1772 1202 93 20 Wallace

1274 1234 42 20 and
1327 1233 47 25 Co.,
1385 1233 89 25 Agents.

1302 1260 52 26 Brig
1370 1261 85 23 Nelson,
1467 1261 40 19 153
1525 1262 56 21 tons,
1592 1258 118 20 Maclaren.
1738 1256 66 21 Waitt
1823 1256 42 20 and

1274 1289 78 26 Tjser,'
1362 1288 88 26 Agents.

1303 1315 84 26 Barque
1396 1315 72 25 Mary,
1478 1314 41 21 500
1530 1315 57 22 tons,
1599 1313 75 20 Grant.

1302 1342 82 27 Barque
1401 1343 63 24 Tyne,
1483 1342 40 19 500
1543 1343 57 22 tons,
1618 1340 129 20 Robertson.
1775 1338 89 26 Agents,

1274 1369 71 21 Willis
1354 1369 42 21 and
1406 1369 37 21 Co.

1308 1397 79 26 Barque
1397 1397 127 25 Brougham,
1531 1396 41 19 227
1583 1397 56 22 tons,
1650 1394 126 20 Robertson.
1786 1392 78 26 Agent,

1276 1425 108 19 Boulcott.

1305 1452 120 26 Brigantine
1436 1449 119 27 Vanguard,
1564 1450 26 20 64
1599 1451 56 21 tons,
1664 1448 97 26 Phillips.
1777 1448 87 25 Agents,

1265 1472 4 10 '
1275 1479 68 21 Waitt
1354 1479 40 20 and
1404 1479 74 25 Tyser.

1303 1507 108 20 Schooner
1418 1506 110 24 Industry,
1539 1505 25 19 24
1573 1507 58 21 tons,
1639 1503 121 20 Anderson.
1787 1502 77 26 Agent,

1275 1535 22 21 J.
1313 1534 74 20 Wade.

1450 1599 122 22 CUSTOM
1590 1598 110 21 HOUSE.

1433 1661 122 18 inwards,
1567 1659 145 16 coastwise.

1305 1689 28 20 In
1343 1695 46 14 the
1609 1692 64 15 from
1683 1691 48 15 the
1742 1685 123 20 Chatham

1277 1716 108 21 Islands.
1388 1727 25 3 —
1414 1716 76 26 Agent,
1509 1716 94 25 Captain.
1604 1724 28 5 —
1634 1714 12 20 6
1661 1716 51 17 tuns
1724 1712 62 21 black
1796 1712 37 24 oil,
1854 1712 11 19 1

1277 1744 50 20 cabk
1340 1750 74 20 sperm,
1428 1744 25 19 10
1469 1745 47 18 cwt.
1526 1742 128 24 whalebone,
1669 1742 14 19 4
1694 1743 49 18 tons
1759 1741 106 25 potatoes,

1277 1772 12 19 1
1300 1771 35 19 do.
1346 1771 59 26 pork,
1417 1771 26 19 16
1454 1771 53 25 pigs,
1521 1771 11 19 1
1543 1770 40 25 keg
1593 1769 92 27 powder.

1306 1798 28 20 In
1343 1804 46 14 the
1431 1797 43 20 Sir
1483 1798 64 19 John
1729 1801 65 14 from
1803 1795 63 20 Nel-

1277 1832 52 15 son.
1333 1837 26 3 —
1359 1826 75 25 Agent,
1447 1826 96 25 Captain.
1545 1835 26 4 —
1572 1825 27 19 50
1615 1823 85 20 bushels
1711 1825 54 22 oats,
1775 1823 27 20 50
1821 1822 44 25 do.,

1277 1854 75 23 wheat,
1363 1854 25 19 50
1399 1853 35 19 do.
1444 1853 79 25 barley,
1540 1853 14 19 4
1564 1851 62 21 casks
1636 1850 70 26 bread,
1716 1851 28 19 40
1762 1850 51 26 bags
1823 1850 43 24 do.,

1277 1881 55 20 2000
1347 1881 64 19 broad
1426 1881 89 25 palings,
1535 1880 12 19 6
1566 1885 57 14 cases
1640 1884 117 20 preserves,
1775 1878 12 20 7
1802 1877 68 20 boxes'

1272 1914 76 20 jsperm
1364 1908 91 25 candles,
1472 1908 28 20 49
1516 1907 66 19 boxes
1601 1906 70 20 tallow
1688 1905 91 23 candles,
1791 1905 11 19 1
1820 1910 49 14 case

1268 1932 6 8 k
1277 1941 96 18 *uggage,
1391 1936 10 17 1
1417 1935 88 24 plough,
1522 1933 80 25 mould,
1618 1932 75 19 boards
1710 1931 41 19 and
1761 1931 78 25 sheers,'
1857 1932 10 18 1

1279 1967 47 14 case
1335 1967 71 19 paper,
1418 1961 26 19 19
1455 1960 30 20 oil
1494 1960 67 24 casks,
1571 1960 14 18 4
1597 1959 66 20 casks,
1667 1957 63 26 pork.

1309 1988 27 20 Ik
1345 1994 47 14 tuk
1602 1991 65 13 from
1677 1984 111 20 Poverty
1808 1984 57 19 Bay

1279 2026 28 4 —
1309 2015 80 20 Rhodes
1406 2015 42 19 and
1466 2014 44 23 Co.,
1526 2014 88 25 Agents.
1616 2022 28 5 —
1645 2013 39 19 158
1695 2011 85 20 bushels
1797 2011 72 20 maize

1280 2044 13 18 5
1303 2043 47 25 pigs
1353 2057 6 5 *

1309 2070 28 20 In
1347 2076 45 14 the
1590 2072 63 15 from
1667 2067 81 19 Table
1765 2065 72 21 Cape.
1841 2076 27 5 —

1281 2098 131 23 Horribrook,
1422 2097 76 25 Agent.
1500 2106 27 5 —
1528 2097 12 19 4
1556 2097 48 18 cwt.
1614 2095 69 23 hams,
1693 2094 28 20 3'!
1731 2094 61 19 casks
1807 2093 63 21 black

1281 2125 29 20 oil
1310 2132 4 5 1
1314 2139 3 9 ,
1336 2126 12 19 9
1364 2124 89 21 bundles
1470 2123 127 23 whalebone,
1613 2123 39 19 150
1670 2121 85 20 bushels
1765 2121 72 26 maize,
1856 2120 15 24 £

1281 2155 38 17 ton
1329 2153 58 19 hams
1397 2152 41 19 and
1448 2152 75 22 bacon,
1534 2151 27 19 50
1568 2152 23 21 ft
1601 2149 54 24 lard,
1666 2149 13 20 8
1690 2149 54 25 pigs.

1310 2180 28 19 In
1348 2186 46 13 the
1580 2183 63 14 from
1655 2176 151 20 Wairarava
1819 2178 53 18 and'

1283 2207 49 20 Kai
1341 2207 75 21 Kora.
1418 2218 28 4 —
1450 2207 67 20 Waitt
1527 2205 41 20 and
1579 2206 71 25 Tyser,
1662 2204 112 25 Agents.—
1777 2204 26 20 3s
1818 2206 51 18 tuns

1283 2235 61 20 black
1354 2234 36 21 oil.

1429 2309 74 17 OUTWARDS,
1589 2307 144 14 COASTWISE.

1313 2338 28 21 In
1350 2345 46 14 the
1432 2338 134 20 Governor
1710 2341 45 14 for
1763 2335 109 20 Poverty

1284 2367 59 20 Bay.
1345 2377 28 4 —
1374 2367 56 19 Hort
1446 2365 43 20 and
1507 2365 42 23 Co.,
1570 2365 86 24 Agents.
1657 2374 29 3 —
1688 2363 10 19 1
1717 2363 47 19 bale
1784 2363 13 19 3
1815 2368 58 14 cases

1284 2395 65 25 slops,
1361 2394 26 20 28
1397 2394 50 24 bags
1456 2393 48 23 salt,
1515 2393 13 19 9
1538 2392 89 20 bundles
1637 2391 82 26 spades,
1730 2391 12 19 5
1753 2391 50 24 bags
1809 2390 63 24 flour,

1284 2423 13 19 4
1315 2422 34 19 do.
1361 2427 66 19 sugar,
1448 2421 10 18 1
1470 2420 50 20 cask
1537 2425 55 18 rum,
1611 2420 13 18 2
1640 2415 70 23 chests
1719 2419 42 22 tea,
1780 2418 11 19 1
1809 2417 65 20 tierce

1284 2449 94 23 tobacco,
1389 2449 13 19 4
1413 2447 89 20 bundles
1514 2447 101 25 hooping,
1628 2446 10 19 1
1648 2446 42 25 keg
1706 2445 60 24 nails,
1781 2445 10 19 1
1803 2445 71 26 parcel

1274 2486 3 5 •
1285 2478 12 19 2
1309 2476 51 20 coils
1370 2476 64 20 whale
1448 2475 50 24 line,
1510 2474 26 20 30
1552 2476 50 17 tons
1612 2473 69 26 casks,
1699 2473 11 19 1
1720 2478 48 14 case
1784 2472 88 26 brandy,

1286 2505 10 19 1
1308 2504 70 26 parcel
1387 2503 94 25 tobacco,
1494 2503 10 18 I
1516 2502 59 19 chest
1584 2504 41 22 tea,
1642 2501 11 19 2
1664 2500 51 25 bags
1724 2500 61 25 flour,
1798 2500 12 19 6
1823 2500 51 25 bags

1286 2537 68 20 sugar,
1366 2532 11 19 1
1388 2530 77 26 parcel.

1314 2559 28 20 In
1361 2564 47 14 the
1432 2556 158 26 "Hannah,''
1619 2561 45 14 for
1683 2560 48 15 the
1752 2554 122 21 Chatham

1286 2586 108 20 Islands.
1396 2596 27 3 —
1426 2585 71 20 Willis
1519 2584 42 19 and
1585 2584 44 23 Qo.,
1653 2583 90 24 Agents.
1745 2592 26 4 —
1772 2583 25 19 31
1822 2582 52 26 bags

1286 2620 68 19 sugar,
1365 2613 25 20 30
1401 2612 80 20 barrels
1490 2612 61 26 pork,
1563 2611 26 20 80
1600 2610 50 26 bags
1660 2610 63 24 flour,
1732 2610 13 20 3
1756 2610 68 20 chests
1832 2612 42 22 tea,

1286 2643 13 18 2
1316 2641 60 20 casks
1391 2640 95 24 tobacco,
1503 2640 13 19 2
1527 2639 35 20 do.
1580 2645 54 19 rum,
1646 2638 12 20 8
1675 2638 57 19 bales
1749 2638 40 19 and
1805 2638 70 19 chests

1287 2668 100 25 clothing,
1398 2669 12 19 5
1425 2667 54 21 coils
1489 2672 58 21 rope,
1567 2666 25 19 15
1604 2672 53 19 oars,
1676 2672 13 13 a
1698 2665 71 26 parcel
1785 2665 91 25 whaling

1287 2702 55 20 gear.

1316 2723 27 19 In
1357 2728 47 14 the
1632 2726 46 14 for
1688 2726 47 14 the
1754 2719 121 21 Chatham

1288 2751 109 20 Islands.
1398 2760 27 4 —
1428 2751 95 24 Captain,
1547 2749 103 26 Agent.—
1655 2749 10 18 \
1686 2748 42 25 keg
1750 2747 94 24 tobacco,
1865 2747 11 20 1

1288 2778 46 20 bale
1343 2777 103 24 blankets,
1458 2778 11 19 1
1481 2783 47 14 case
1537 2777 66 26 slops,
1623 2776 9 18 1
1644 2775 40 26 bag
1695 2775 72 24 coffee,
1778 2775 40 20 500
1833 2775 45 19 feet

1288 2805 82 28 planks,
1383 2805 10 20 1
1405 2805 91 26 package
1506 2805 64 25 slops,
1583 2805 11 19 1
1605 2803 46 19 bale
1658 2809 58 19 rugs,
1728 2803 12 19 1
1751 2808 46 14 case
1806 2803 70 23 shoes,

1289 2835 13 18 2
1312 2833 53 26 pigs,
1376 2834 13 18 2
1402 2833 75 22 calves,
1488 2838 12 13 a
1510 2833 80 24 quanty
1600 2831 25 19 of
1636 2830 79 27 plants,
1725 2830 66 24 seeds,
1809 2830 67 24 fowls,

1290 2862 46 23 &c,
1347 2860 54 20 from
1410 2860 37 20 the
1456 2859 56 21 river
1522 2859 63 20 Hutt.

1319 2888 28 19 In
1363 2893 46 14 the
1451 2887 42 20 Sir
1502 2886 67 21 John
1756 2890 44 15 for
1815 2884 63 20 Nel-

1291 2921 52 15 son.
1343 2926 28 4 —
1375 2915 94 25 Coptain,
1486 2914 77 26 Agent.
1565 2924 27 4 —
1594 2913 25 20 10
1637 2913 51 25 bags
1705 2913 73 26 wheat,
1798 2913 25 19 10
1841 2912 36 20 do.

1291 2946 52 21 oats,
1356 2943 24 21 10
1391 2942 34 21 do.
1435 2942 79 26 barley,
1526 2942 11 19 1
1547 2943 38 17 ton
1593 2939 71 27 bread,
1676 2939 28 21 30
1712 2940 63 19 boxes
1785 2939 91 26 candles,

1292 2971 53 20 2000
1354 2970 65 20 broad
1427 2969 89 27 palings,
1527 2969 13 19 2
1550 2968 104 25 weighing
1664 2967 114 26 machines,
1797 2967 12 19 2
1820 2972 58 14 cases

1292 2999 68 22 shoes,
1371 2998 25 19 20
1407 2998 49 19 tons
1464 2996 62 26 flour,
1538 2996 12 19 1
1560 2994 78 27 parcel,
1655 2994 10 19 1
1677 2996 53 23 cart,
1742 2994 11 20 1
1764 2994 85 25 plough,
1866 2994 11 19 1

1293 3026 40 20 coil
1342 3025 44 20 coir
1395 3030 59 19 rope.

1319 3079 261 26 GARDENER'S
1618 3077 243 25 CALENDER..

1505 3142 162 17 SEPTEMBER.

1329 3176 50 23 Sow
1387 3182 54 24 peas
1450 3174 44 24 arid
1500 3174 72 24 Leans
1582 3182 6 19 ;
1608 3173 64 32 plant
1681 3177 40 19 out
1731 3172 148 24 cauliflowers

1295 3209 44 24 and
1357 3208 106 31 cabbage,
1477 3208 47 23 also
1545 3207 97 31 turnips,
1658 3210 96 25 carrots,
1776 3205 103 32 spinach,

1296 3243 42 24 &c.

1330 3276 52 23 Sow
1392 3274 30 24 all
1436 3274 71 25 kinds
1518 3274 27 23 of
1559 3273 105 29 annuals,
1676 3272 57 24 both
1744 3272 74 23 where
1830 3273 20 23 it
1860 3273 20 23 is

1296 3307 111 26 intended-
1421 3307 51 23 that
1490 3307 53 31 they
1555 3314 38 16 are
1607 3311 23 19 to
1638 3314 3 7 ■
1650 3306 88 23 remain
1756 3309 22 19 to
1796 3306 84 29 flower,

1277 3337 2 29 !
1296 3342 44 25 and
1352 3341 46 26 also
1410 3341 24 23 in
1444 3340 58 24 beds
1512 3341 26 22 in
1550 3340 38 23 the
1600 3346 91 17 reserve
1702 3339 106 30 gardens,
1820 3343 24 20 to
1852 3339 28 24 be

1296 3374 129 26 afterwards
1432 3372 158 33 transplanted
1596 3374 48 22 info
1651 3372 39 24 the
1695 3372 76 23 flower
1777 3372 103 24 borders.

1331 3408 69 26 PlaAt
1410 3412 103 26 potatoes
1531 3406 63 30 early
1605 3405 45 25 this
1670 3405 82 24 month
1752 3418 33 4 —
1785 3405 39 24 the
1840 3413 42 16 na-

1296 3443 46 23 tive
1357 3441 86 30 kidney
1461 3441 21 22 is
1498 3439 98 23 suitable
1611 3439 36 23 for
1664 3438 63 31 early
1745 3447 52 23 crop
1808 3447 6 21 ;
1834 3439 48 23 also

1297 3482 63 17 some
1380 3475 24 23 of
1419 3481 43 16 our
1479 3473 98 24 London
1595 3472 86 31 kidney
1692 3472 46 24 and
1749 3472 132 30 American,

1297 3508 71 31 early.

1331 3542 80 23 Latter
1422 3540 45 23 end
1479 3539 24 24 of
1518 3539 46 23 this
1575 3538 80 25 month
1667 3546 54 17 sow.
1725 3538 44 24 full
1782 3546 68 24 crops
1862 3539 24 23 of

1298 3575 96 28 onions.;
1422 3574 48 23 also
1491 3576 86 25 carrpts
1596 3572 47 24 and
1664 3572 99 31 turnips.
1797 3572 86 24 Where

1298 3609 81 24 onions
1385 3626 3 3 .
1397 3615 39 16 are
1454 3614 63 15 sown
1536 3605 96 31 thickly,
1650 3605 168 31 transplanting
1837 3605 47 24 will

1298 3642 29 24 be
1344 3648 128 22 necessary,
1493 3639 45 24 and
1556 3638 70 24 much
1644 3638 103 31 improve
1765 3638 61 24 them
1835 3647 7 15 :
1860 3639 24 23 in

1298 3674 168 32 transplanting
1486 3673 88 28 onions,
1594 3671 68 24 make
1680 3671 55 24 with
1750 3680 14 15 a
1784 3671 76 24 dibble
1871 3680 13 15 a

1298 3708 52 24 hole
1361 3708 61 30 large
1434 3705 92 32 enough
1537 3709 23 20 to
1572 3705 72 24 admit
1655 3705 26 23 of
1699 3704 39 25 the
1749 3705 77 30 fibers,
1839 3704 45 25 and

1298 3749 65 24 press
1375 3741 38 23 the
1424 3739 66 24 earth
1566 3738 92 31 lightly.

1333 3775 52 25 Sow
1404 3774 89 30 celery;
1513 3772 48 24 also
1578 3772 37 23 for
1635 3771 131 24 succession
1783 3779 47 16 sow
1846 3771 39 24 the

1299 3809 67 23 latter
1378 3807 42 24 end
1432 3807 26 24 of
1467 3807 47 23 this
1525 3805 89 24 month.

1334 3841 107 31 Grafting
1461 3848 53 23 may
1531 3840 29 22 be
1577 3837 137 33 performed,
1733 3837 21 24 if
1771 3837 113 32 required,

1300 3873 96 25 towards
1413 3874 40 23 the
1469 3873 68 24 latter
1554 3872 45 24 end
1621 3871 25 25 of
1666 3871 41 24 the
1729 3870 96 31 month;
1856 3870 30 24 all

1300 3908 78 23 shoots
1397 3906 75 24 which
1491 3907 46 22 rise
1555 3905 72 24 below
1646 3904 39 24 the
1703 3904 61 32 graft
1779 3908 63 20 must
1858 3902 28 25 be

1300 3940 71 24 taken
1382 3939 33 24 off
1423 3947 28 16 as
1462 3939 54 27 they
1526 3945 38 17 are
1576 3937 123 29 produced.

552 47 97 47 Wty
673 46 118 42 Krta
1052 40 310 54 ®a?et%anti
1387 39 304 43 gmcUmgtou
1718 35 253 46 gpcctatot*

1880 182 8 18 UNKNOWN

1880 200 71 20 AND
1974 200 235 20 WELLINGTON
2232 200 234 20 SPECTATOR.

1978 235 158 23 Wednesday,
2152 235 98 21 August
2265 237 34 24 16,
2316 236 62 20 1843.

1920 287 51 24 The
1982 286 83 24 arrival
2077 286 24 22 of
2116 285 39 23 the
2167 284 65 31 Tyne,
2240 286 45 22 last
2304 284 64 25 week
2386 293 45 16 was
2442 294 27 18 an

1880 320 125 32 .agreeable
2022 319 68 24 relief
2104 322 27 22 to.
2143 318 40 30 the,
2203 318 76 23 minds
2298 318 25 23 of
2337 317 66 24 those
2423 319 46 24 who

1880 353 116 32 -expecjted
2006 352 54 24 her..
2091 350 51 25 The
2154 350 81 31 length
2245 351 26 23 of
2285 351 54 23 time
2349 351 73 23 which
2431 352 38 24 she

1888 386 51 24 had,
1942 380 62 29 been;'
2018 384 108 29 overdue,
2137 384 47 23 had
2185 383 4 10 1
2202 383 76 24 raised
2295 383 174 31 apprehensions

1888 420 35 23 for
1939 419 40 23 her
1999 418 82 29 safety,
2094 417 44 23 and
2160 416 98 31 Captain
2278 416 133 24 Robertson
2430 418 41 24 and

1881 453 52 23 .his.
1936 452 51 30 ship
1998 451 71 30 being
2079 449 36 24 old
2123 449 87 24 friends
2217 449 45 23 and
2269 449 104 23 visitants
2384 449 24 23 of
2417 449 54 26 Fort

1889 485 133 27 Nicholson,
2036 482 153 25 considerable
2203 483 92 30 anxiety
2306 481 46 24 had
2364 482 55 24 been
2432 491 38 16 ex-

1889 517 100 33 pressed,
1994 525 30 15 on
2035 516 60 24 their
2106 519 106 20 account.
2257 539 15 5 „.
2334 540 5 3 ,

1923 556 24 24 It
1957 562 96 25 appears
2065 553 49 25 that
2125 553 38 24 the
2175 553 66 31 delay
2248 553 24 23 in
2283 552 42 24 her
2335 552 83 24 arrival
2430 561 41 17 was

1891 589 82 24 caused
1983 589 31 30 by
2024 588 43 23 her
2077 587 70 31 being
2167 586 90 30 obliged
2276 590 26 21 to.
2308 588 50 29 'put
2377 587 49 23 into
2436 587 36 25 the

1892 623 61 31 Cape
1965 622 26 24 of
2006 620 67 24 Good
2085 620 69 30 Hope
2163 619 35 23 for
2207 619 39 23 the
2253 627 99 23 purpose
2361 618 27 24 of
2396 619 76 32 bring-

1891 656 40 31 ing
1942 663 29 16 on
1982 661 63 17 some
2057 653 26 24 of
2097 653 39 23 the
2154 659 136 25 passengers
2302 651 25 24 of
2340 651 41 24 the
2392 651 82 25 Prince

1891 688 99 32 Rupert,
2009 687 51 23 who
2078 686 50 24 had'
2141 685 118 24 remained
2277 685 72 23 there-
2358 685 63 23 since
2438 685 36 25 the

1892 722 74 23 wreck
1977 721 26 24 of
2017 721 50 23 that
2078 719 74 24 vessel
2161 727 7 21 ;
2187 718 47 23 and
2252 718 48 23 still
2311 717 88 24 further
2410 718 64 32 delay

1891 762 64 16 arose
1966 755 25 23 in
2002 759 154 25 consequence
2168 752 26 23 of
2208 751 41 24 her
2259 752 93 31 putting
2363 751 48 23 into
2423 750 51 24 Ho-

1891 788 51 23 bart
1954 787 73 24 Town
2038 787 35 22 for
2084 790 76 19 water.

1926 827 33 23 At
1970 825 39 24 the
2025 825 70 23 latter
2111 823 65 31 place
2194 830 35 16 we
2249 830 39 15 are
2307 821 114 25 informed
2436 821 40 25 her

1893 865 135 25 passengers
2055 856 103 24 received
2185 861 63 18 news
2271 855 25 23 of
2322 854 39 24 the
2384 854 92 25 Wairau

1894 892 124 27 Massacre,
2041 898 26 16 as
2086 889 51 24 well
2158 896 24 16 as
2203 888 64 24 other
2286 892 89 27 reports
2391 888 26 23 of
2439 889 37 23 the

1893 930 58 18 state
1974 924 26 24 of
2024 924 40 23 the
2087 922 95 30 Colony.
2231 921 78 23 Those
2337 921 97 31 relating
2455 926 22 19 to

1893 957 124 24 Auckland
2030 964 57 16 were
2098 963 33 15 so.
2135 955 48 23 bad'
2188 954 51 23 that
2246 954 86 24 several
2341 961 134 24 passengers

1893 991 77 24 bound
1986 990 36 23 for
2045 989 48 24 that
2114 988 63 31 place
2199 987 117 24 remained
2338 988 25 22 in
2387 987 89 24 Hobart

1895 1025 78 23 Town.
2022 1023 51 23 The
2096 1021 72 23 whole
2196 1020 26 24 of
2246 1020 66 24 those
2340 1020 77 24 bound
2444 1021 34 23 for

1895 1057 85 24 Cook's
1993 1057 85 23 Straits
2088 1062 33 16 we
2133 1055 87 22 believe
2231 1061 63 16 came
2306 1061 37 16 on.

1927 1095 51 24 The
1989 1098 93 28 present
2101 1096 77 28 aspect
2197 1091 26 24 of
2238 1091 76 23 affairs
2334 1092 21 22 is
2372 1091 105 32 certainly

1893 1133 40 19 not
1943 1136 55 23 very
2010 1127 153 30 encouraging
2175 1129 22 19 to
2209 1124 39 24 the
2260 1132 50 16 new
2322 1131 88 17 comer.'
2419 1132 3 4 •
2441 1124 43 24 To-

1894 1161 37 24 the
1942 1162 38 23 old
1992 1161 99 24 resident
2102 1159 50 23 who
2172 1159 19 22 is
2210 1164 73 16 aware
2295 1157 26 23 of
2335 1157 39 23 the
2386 1157 46 23 real
2441 1165 35 16 re-

1893 1202 91 16 sources
1995 1194 25 23 of
2035 1194 39 22 the
2087 1192 95 30 Colony,
2196 1190 46 23 and
2257 1190 97 31 perhaps
2367 1190 75 23 bound
2454 1195 21 19 to

1893 1229 18 22 it
1931 1229 30 29 by
1985 1227 37 23 his
2043 1228 158 23 investments,
2223 1223 65 23 there
2308 1231 38 15 are
2366 1224 112 25 sufficient

1893 1261 100 31 grounds
2013 1260 24 23 of
2052 1258 141 24 uneasiness;
2231 1256 35 23 To
2286 1256 65 23 those
2370 1256 50 23 who
2438 1265 40 16 can

1894 1294 52 30 only
1958 1294 57 22 have
2027 1301 14 14 a
2053 1289 127 33 superficial
2192 1289 46 24 and
2255 1289 118 32 imperfect
2385 1290 93 31 impres-

1894 1328 49 22 sion
1955 1335 30 15 on
1996 1326 38 23 the
2046 1324 97 32 subject,
2154 1323 63 24 there
2229 1323 19 22 is
2257 1322 69 24 much
2333 1322 75 24 which
2419 1329 59 18 must

1894 1368 83 23 appear
1989 1359 121 30 alarming.

1928 1399 43 23 We
1982 1399 38 30 ho}
2029 1406 21 21 c,
2069 1398 109 27 however,
2201 1396 50 24 that
2267 1403 59 16 none
2339 1396 26 23 of
2382 1396 38 24 the
2431 1404 47 17 new

1893 1433 143 30 immigrants
2060 1431 44 23 will
2126 1430 78 23 decide
2224 1429 85 31 hastily
2330 1430 92 30 against
2441 1429 37 24 ihe

1895 1466 96 30 Colony,
2011 1465 45 23 and
2073 1463 128 25 influenced
2218 1463 32 30 by
2260 1463 52 23 first
2328 1470 149 23 appearances

1893 1503 87 20 retrace
2001 1498 58 24 their
2080 1503 61 25 steps
2154 1504 24 16 or
2190 1496 56 23 seek
2259 1501 62 17 some
2333 1496 65 23 other
2416 1496 62 31 place

1894 1533 25 23 of
1939 1532 138 24 settlement.
2121 1529 143 30 Wellington
2282 1529 20 22 is
2323 1529 99 31 perhaps
2442 1529 36 24 the

1895 1570 67 19 worst
1974 1566 64 30 point
2048 1565 25 22 in
2084 1563 30 24 all
2125 1563 58 24 New
2194 1561 103 24 Zealand
2305 1561 60 24 from
2377 1561 71 24 winch
2457 1567 20 19 to

1895 1599 75 23 obtain
1991 1607 13 15 a
2015 1597 71 24 bird's
2102 1604 42 23 eye
2161 1596 57 23 view
2229 1595 26 23 of
2274 1594 38 24 the
2331 1603 115 15 resources
2458 1597 23 22 of

1895 1632 36 23 the
1944 1636 102 26 country.
2084 1630 60 23 Shut
2161 1630 24 22 in
2206 1629 32 30 by
2249 1628 61 28 hills,
2329 1629 55 22 with
2403 1636 13 15 a
2427 1636 51 24 very

1893 1665 87 24 limited
1998 1662 147 33 agricultural
2165 1662 89 23 district
2265 1662 25 22 in
2301 1669 40 15 our
2352 1661 126 25 immediate

1895 1698 104 28 suburbs,
2020 1705 28 16 no
2062 1696 132 31 conception
2206 1695 26 22 of
2248 1694 39 23 the
2299 1698 50 19 true
2361 1695 84 23 liature
2458 1696 23 23 of

1895 1731 38 24 the
1944 1735 102 27 country,
2060 1738 41 16 can
2112 1730 28 22 be
2150 1728 89 24 formed
2250 1728 30 30 by
2290 1728 63 22 these
2365 1728 50 23 who
2427 1736 50 15 con-

1894 1764 45 25 fine
1949 1764 59 24 their
2017 1763 155 24 observations
2183 1765 29 20 to'
2217 1761 45 22 this
2274 1765 58 27 spot.
2341 1766 3 4 '
2370 1761 42 23 We
2425 1762 53 23 have

1895 1798 163 28 nevertheless,
2079 1797 83 23 known
2180 1796 116 22 instances
2316 1794 24 23 of
2356 1794 124 31 gentlemen

1897 1832 47 23 who
1958 1832 56 23 after
2025 1830 122 30 travelling
2161 1830 91 27 15,000
2262 1827 66 23 miles
2338 1827 58 24 from
2408 1828 71 29 home,

1896 1865 55 23 have
1957 1865 71 23 -made
2041 1872 30 23 up
2084 1864 68 26 their,
2155 1861 74 24 minds
2243 1861 89 30 against
2345 1860 39 23 the
2396 1861 85 30 Colony

1896 1898 94 23 without
2001 1905 52 16 ever
2065 1897 70 31 going
2145 1895 86 23 farther
2239 1894 55 23 than
2302 1893 38 29 the,
2352 1893 74 30 Hutt;
2439 1895 42 23 and

1886 1937 4 16 )
1896 1931 84 21 indeed-
1985 1938 42 15 one
2034 1931 104 21 instance
2148 1927 25 23 of
2182 1928 52 22 that
2241 1931 49 18 sort
2299 1927 43 22 haa
2352 1927 60 22 been
2419 1930 64 26 )pea-

1897 1963 76 22 tioned
1985 1967 23 18 to
2019 1969 44 21 us,,
2073 1961 79 23 where'
2159 1959 39 23 the
2216 1963 67 26 party
2294 1966 69 15 never
2375 1962 59 20 went
2444 1959 37 23 be-

1897 1996 59 29 yond
1969 1995 38 23 the
2019 1999 61 18 town
2089 1992 88 24 further
2185 1991 58 24 than
2250 1991 93 24 Karori.
2361 2001 4 3 •
2375 1991 30 24 In
2415 1992 66 23 either

1898 2029 25 22 of
1938 2028 63 23 these
2013 2034 65 16 cases
2090 2026 37 23 the
2139 2025 85 32 parties
2238 2024 66 23 knew
2319 2024 50 32 just
2382 2032 24 15 as
2420 2025 61 23 much

1899 2062 42 22 and
1950 2069 28 15 no
1987 2069 61 15 more
2057 2060 24 23 of
2090 2059 55 24 New
2154 2057 102 24 Zealand
2264 2058 65 23 when
2337 2057 54 31 they
2399 2058 39 23 left
2448 2058 34 23 the

1900 2095 88 31 Colony
1997 2103 13 14 a
2018 2094 44 23 few
2070 2093 75 23 weeks
2154 2091 57 24 after
2224 2091 58 23 their
2294 2091 90 28 arrival,
2397 2099 25 15 as
2434 2091 48 31 they

1900 2128 38 23 did
1949 2128 64 23 when
2025 2127 54 30 they
2090 2126 42 23 left
2144 2125 73 23 Great
2229 2124 97 24 Britain.

1933 2166 44 23 We
2000 2164 81 25 should
2104 2163 104 31 strongly
2225 2163 145 23 recommend
2391 2167 22 19 to
2432 2163 51 23 such

1900 2200 73 30 newly
1985 2199 89 23 arrived
2093 2198 124 30 emigrants
2237 2204 25 16 as
2279 2204 52 23 may
2342 2196 30 24 be
2384 2196 99 24 dissatis-

1900 2233 44 23 fied
1955 2233 55 23 with
2023 2232 59 23 what
2093 2232 52 30 they
2157 2238 37 15 see
2206 2231 64 27 here,
2283 2234 22 19 to
2318 2230 68 23 make
2398 2238 12 15 a
2422 2234 61 27 party

1901 2266 23 24 of
1934 2267 44 23 five
1990 2274 25 15 or
2034 2267 37 21 six
2082 2264 109 32 '.persons,
2212 2263 44 23 and
2274 2263 53 23 take
2340 2272 14 14 a
2365 2263 59 23 walk
2435 2271 49 15 over

1902 2300 37 23 the
1957 2300 53 23 hills
2031 2304 23 19 to
2067 2298 37 23 the
2124 2297 115 31 Wyderop
2251 2296 81 31 valley.
2370 2297 51 22 The
2440 2297 43 22 dis-

1901 2337 65 19 tance
1977 2333 21 23 is
2019 2333 69 23 about
2100 2333 32 22 40
2154 2330 73 29 miles,
2247 2330 41 23 but
2299 2330 24 22 in
2335 2337 149 23 consequence

1902 2366 25 23 of
1937 2366 36 23 the
1987 2366 96 23 absence
2097 2365 23 23 of
2131 2364 66 23 roads
2209 2365 17 21 it
2239 2363 45 23 will
2296 2368 49 18 cost
2358 2363 61 24 them
2430 2363 54 23 from

1903 2404 41 19 two
1956 2404 22 19 to
1991 2399 44 23 five
2048 2399 54 30 days
2116 2403 22 18 to
2157 2397 68 24 reach
2237 2397 25 23 it.
2299 2396 77 24 There
2397 2404 37 16 are
2444 2401 40 18 two

1902 2438 71 23 routs,
1992 2441 43 14 one
2046 2432 32 30 by
2090 2431 38 24 the
2147 2431 70 28 Hutt,
2237 2429 42 24 and
2293 2438 77 15 across
2391 2429 38 24 the
2440 2429 45 23 Re-

1902 2466 95 24 mutaka
2014 2473 71 23 range
2095 2474 5 19 ;
2123 2465 39 23 the
2175 2464 65 23 other
2257 2464 29 30 by
2300 2463 110 23 Pallisser
2429 2464 54 29 Bay.

1904 2500 24 23 If
1944 2507 29 16 an
1994 2502 160 27 arrangement
2174 2497 67 23 could
2260 2497 29 22 be
2295 2495 71 25 'made
2379 2497 53 23 with
2452 2496 33 23 the

1904 2533 101 23 Maories
2017 2537 22 18 to
2058 2537 35 17 set
2109 2532 38 22 the
2158 2535 66 26 party
2237 2537 76 15 across
2326 2530 37 23 the
2376 2530 110 31 Wyderop

1903 2566 67 23 Lake
1987 2566 24 23 in
2023 2573 15 16 a
2054 2572 78 21 canoe,
2150 2571 33 16 we
2196 2563 83 24 should
2297 2563 143 23 recommend
2452 2563 34 23 the

1904 2599 37 25 the
1952 2600 67 22 latter
2032 2607 25 15 as
2064 2598 38 24 the
2110 2598 100 23 shortest
2217 2596 45 24 and
2269 2597 83 23 easiest
2364 2601 63 19 route
2438 2598 45 21 into

1904 2633 37 24 the
1952 2632 83 31 valley.
2072 2632 51 23 The
2131 2632 84 22 former
2223 2630 82 29 would,
2319 2630 110 28 however,
2440 2630 47 30 give

1904 2666 38 24 the
1961 2666 106 23 traveller
2079 2673 13 15 a
2103 2664 111 31 complete
2236 2671 82 22 survey
2330 2663 26 23 of
2372 2663 38 23 the
2422 2670 65 23 upper

1904 2700 44 24 and
1955 2700 68 23 lower
2032 2699 68 28 Hutt,
2111 2699 39 22 the
2158 2697 73 31 valley
2240 2696 25 23 of
2270 2697 37 23 the
2317 2696 121 23 Pakeratai
2447 2696 40 23 and

1905 2734 64 24 other
1976 2733 77 31 points
2064 2732 23 23 of
2094 2732 103 22 interest.
2222 2730 66 24 Once
2297 2730 25 23 in
2332 2730 38 23 the
2379 2729 107 31 Wyderop

1905 2767 73 31 valley
1990 2766 44 23 and
2053 2766 109 27 350,000
2180 2771 66 16 acres
2263 2763 25 24 of
2304 2763 59 24 level
2379 2763 54 23 land
2443 2762 45 24 well

1905 2799 98 25 watered
2020 2799 31 23 lie
2069 2798 75 24 before
2159 2798 39 22 the
2210 2805 49 22 eye,
2272 2796 59 24 from
2346 2796 75 23 which
2432 2803 56 16 some

1905 2834 51 23 idea
1965 2833 26 23 of
2000 2833 38 22 the
2046 2831 139 32 capabilities
2194 2831 25 22 of
2228 2830 57 23 New
2297 2829 102 24 Zealand
2408 2837 49 22 may
2464 2829 24 23 be

1905 2866 96 24 formed.
2038 2866 26 22 If
2078 2865 58 23 after
2147 2864 124 30 surveying
2283 2863 45 23 this
2339 2862 40 24 the
2391 2862 98 24 traveller

1906 2900 95 23 chooses
2018 2904 23 19 to
2053 2897 59 32 push
2125 2905 30 15 on
2166 2897 45 23 and
2224 2901 22 18 to
2257 2903 65 16 cross
2339 2895 40 24 the
2391 2895 98 24 Terarua

1905 2940 71 23 range
1994 2937 22 19 to
2028 2932 40 23 the
2086 2930 132 24 Manawatu
2231 2929 45 24 and
2287 2937 25 15 so
2323 2933 80 19 return
2413 2929 32 31 by
2455 2928 33 24 the

1907 2970 69 24 coast,
1994 2965 29 24 he
2034 2965 46 23 will
2098 2971 38 16 see
2148 2971 13 15 a
2172 2970 60 23 very
2240 2961 154 25 considerable
2405 2963 83 30 portion

1907 3001 25 22 of
1948 2999 39 23 the
2006 2998 108 24 southern
2127 2997 90 23 district
2230 2996 25 23 of
2270 2996 39 23 the
2325 2995 83 24 island.
2444 2995 44 24 The

1906 3034 67 23 latter
1992 3038 51 26 part
2061 3031 25 24 of
2103 3031 38 23 the
2159 3029 107 32 journey,
2285 3029 111 29 however,
2415 3029 23 23 in
2455 3028 33 24 the

1907 3071 92 28 present
2010 3070 59 19 state
2081 3064 25 24 of
2119 3064 78 23 native
2208 3062 85 31 feeling
2305 3069 35 16 on-
2345 3061 40 24 the
2396 3066 60 19 coast
2472 3062 16 21 is

1907 3100 107 32 perhaps,
2031 3103 41 19 not
2085 3102 27 23 ,to
2123 3097 30 23 be
2163 3095 183 25 recommended.
2382 3095 50 24 Tlie
2439 3094 49 23 visit

1908 3139 23 19 to
1942 3134 118 31 Wyderop
2076 3131 80 31 might,
2177 3138 34 15 we
2220 3130 59 23 have
2288 3137 29 15 no
2326 3128 70 24 doubt
2408 3128 26 23 be
2441 3134 46 25 per-

1908 3167 88 24 formed
2008 3166 54 23 with
2081 3164 87 32 perfect
2179 3162 97 32 'safety.'
2304 3161 52 25 The
2374 3161 58 25 Rev.
2445 3160 41 24 Mr.

1910 3201 56 23 Cole
1976 3200 42 24 has
2027 3199 52 32 just
2089 3205 59 24 gone
2159 3197 65 24 there
2236 3201 24 18 at
2271 3195 39 24 the
2321 3200 92 27 request
2424 3194 22 23 of
2454 3193 32 24 the

1909 3234 97 25 Natives
2025 3238 24 18 to
2069 3239 57 24 open
2146 3239 15 15 a
2178 3229 81 32 chapel
2276 3228 75 24 which
2370 3228 52 31 they
2437 3227 49 23 have

1908 3267 60 25 built
1984 3267 36 23 for
2031 3266 66 28 him,,
2109 3264 46 24 and
2163 3278 3 13 :
2166 3263 54 31 they
2232 3262 58 24 have
2306 3262 72 24 taken
2395 3269 33 19 no,
2434 3263 51 29 part,

1909 3309 33 16 we
1963 3307 38 17 are
2013 3299 49 24 told
2072 3299 23 22 in
2107 3305 46 23 any
2165 3297 24 23 of
2208 3295 38 25 the
2264 3295 50 28 late;
2330 3294 154 25 disturbances.

1909 3334 45 24 We
1974 3333 95 28 believe,
2089 3332 18 22 it
2124 3332 20 22 is
2163 3330 38 23 the
2213 3336 106 17 common
2337 3328 66 24 boast
2414 3327 24 24 of
2452 3325 33 24 the

1910 3365 188 34 Ngatikahuni's,
2116 3364 51 24 that
2178 3363 60 24 their
2249 3362 59 24 tribe
2323 3368 68 18 never
2406 3357 80 34 injured

1911 3409 14 15 a
1937 3401 66 23 white
2015 3406 62 16 man.
2314 3396 2 4 '
2358 3408 3 9 >
2386 3398 2 3 '

1945 3439 51 24 The
2008 3441 67 28 party
2086 3435 82 25 should
2185 3434 96 33 provide
2292 3433 135 25 themselves
2438 3428 47 26 with

1911 3481 14 16 a
1937 3472 79 31 couple
2027 3471 26 23 of
2061 3469 60 33 good
2133 3469 77 24 Maori
2220 3468 82 31 guides
2310 3476 7 21 ;
2330 3466 54 24 with
2392 3473 14 15 a
2413 3462 73 32 supply

1912 3507 25 23 of
1956 3506 45 23 salt
2020 3504 68 32 pork,
2106 3503 105 29 biscuits,
2229 3506 45 25 tea,
2293 3509 15 16 a
2326 3499 58 24 little
2401 3495 84 31 brandy,

1912 3540 92 23 tobacco
2015 3537 48 31 (for
2075 3537 58 23 their
2154 3543 51 17 own
2220 3542 42 16 use
2279 3534 46 24 and
2342 3532 35 24 for
2392 3532 94 31 presents

1912 3578 23 19 to
1945 3572 39 24 the
1996 3569 116 33 Natives),
2133 3577 86 24 pepper
2287 3567 51 28 salt,
2351 3574 13 15 a
2385 3562 72 33 couple
2467 3560 21 24 of

1911 3605 59 32 good
1992 3605 41 31 pig
2055 3603 65 32 dogs,
2133 3611 14 15 a
2164 3610 48 24 gun
2224 3609 26 17 or
2274 3605 51 24 two,
2344 3598 51 29 and,
2406 3601 23 20 at
2446 3594 40 24 this

1912 3647 90 20 season,
2014 3641 63 20 stout
2088 3636 108 24 blankets
2208 3642 62 17 sewn
2281 3635 47 22 into
2344 3631 38 24 the
2392 3630 65 30 shape
2467 3627 21 23 of

1912 3682 15 15 a
1938 3672 56 24 sack
2011 3671 37 23 for
2067 3669 108 31 bedding.
2212 3668 52 24 The
2280 3667 103 30 baggage
2401 3661 85 26 carriers

1912 3704 82 26 should
2006 3704 28 24 be
2051 3703 71 24 white
2142 3709 62 21 men,
2216 3709 27 16 as
2253 3700 39 23 the
2304 3699 93 24 Natives
2414 3695 73 24 cannot

1912 3740 28 23 be
1951 3737 72 25 relied
2033 3744 62 25 upon
2105 3737 26 23 in
2140 3735 48 24 this
2200 3734 149 31 department,
2360 3734 40 20 not
2412 3727 74 24 relish-

1914 3774 38 29 ing
1964 3771 39 24 the
2013 3770 105 31 weights.
2155 3766 94 27 Several
2267 3764 120 29 labouring
2404 3767 49 18 men
2466 3764 22 17 m

1914 3804 142 31 Wellington
2074 3803 58 24 have
2150 3800 91 31 already
2252 3797 81 25 visited
2344 3795 109 40 Wyderop
2467 3796 21 18 a

1914 3839 49 23 that
1974 3838 111 30 capacity,
2103 3835 46 24 and
2166 3841 42 16 are
2225 3831 52 25 well
2293 3826 131 35 acquainted
2439 3826 50 22 witb

1914 3872 38 24 the
1975 3874 73 21 route.
2084 3868 51 25 The
2158 3871 101 26 expence
2274 3863 25 24 of
2316 3862 38 24 the
2370 3859 119 33 expedition

1914 3904 58 25 need
1982 3908 41 20 not
2034 3901 85 26 exceed
2130 3905 40 19 ten
2180 3898 106 30 shillings
2295 3904 14 14 a
2317 3895 75 31 day.at
2399 3892 37 24 the
2442 3894 48 24 very

1916 3937 95 27 outside,
2025 3936 108 28 allowing
2144 3933 65 24 three
2219 3931 103 31 baggage
2334 3934 53 17 men
2398 3929 22 19 to
2431 3927 59 24 every

710 132 124 27 .Wanted
846 134 30 20 to
890 120 202 46 purchasej|pr
1107 128 80 29 Cgash,
1204 127 7 25 ;

665 170 99 30 lAA
792 171 80 24 TENS
888 159 54 34 6'lL
955 154 176 46 AND%ONS
1149 165 94 23 deliver-

666 191 98 28 JLU'U
794 198 48 23 able
851 199 26 21 in
886 204 25 15 or
920 197 68 21 about
997 192 74 25 Cooks
1081 194 80 21 Straits
1171 200 6 19 ;
1195 192 47 21 also
1260 204 10 9 *

754 236 4 5 •
794 233 14 14 a
816 225 103 28 quantity
928 223 26 21 of
961 221 51 23 Seal
1025 220 73 23 Skins.

686 257 74 27 Apply
778 259 23 20 to
821 255 93 28 Captain
933 254 132 25 Robertson,
1083 251 27 21 of
1121 250 38 22 the
1178 251 63 26 Tyne,
1265 246 5 36 <j

661 291 23 14 or
694 287 23 18 to
1081 305 7 7 ,
1106 304 9 8 T
1118 304 10 2 _

917 308 113 21 Bethune
1044 305 47 22 and
1106 304 108 22 Hunter.

687 343 143 27 Wellington,
841 343 89 26 August
939 341 105 27 15,-1843.
1269 338 2 13 (

715 397 9 9 *
747 396 3 5 ■
768 388 41 19 On
823 386 68 25 Sale,
891 385 4 24 ;
903 381 50 26 £x?
962 378 8 19 2
971 376 10 21 ''

660 411 210 39 QX^CHESTS
900 413 204 27 GUNPOWDER
1130 413 69 26 TEA,

660 439 68 28 £iij
781 446 15 20 6
810 449 50 18 tons
870 444 44 22 fine
924 450 72 19 sugar,

783 473 14 20 2
811 474 51 19 tons
874 470 87 27 Bengal
969 469 53 26 rice,
1028 490 3 6 ,

786 498 93 26 Ginger,
889 503 88 21 pepper,
989 496 40 21 &c.

921 530 113 22 Bethune
1048 527 43 23 aad
1106 527 108 21 Hunter.

687 564 143 26 Wellington,
842 564 89 25 August
942 562 32 26 15,
985 561 61 21 1843.

805 601 13 24 'i

661 642 72 49 ON
748 642 77 23 SALE
840 642 30 27 by
884 641 37 22 the
936 638 180 28 undersigned—
1269 635 1 19 i

739 668 82 23 Hunt's
830 668 99 27 superior
939 667 36 22 old
985 669 50 25 port
1045 665 64 27 wine,
1122 665 87 21 bottled
1219 671 24 15 in

661 696 92 28 Oporto,
885 703 3 5 ■
970 704 8 3 -
1269 690 1 19 *

688 723 103 26 Hosiery,
801 722 55 26 lace,
868 721 45 22 and
921 721 95 26 netting,

688 749 163 26 Earthenware,
864 748 48 22 well
922 743 106 34 assorted.

688 776 123 27 Champion
821 776 21 21 &
851 775 59 22 Co.'s
919 771 93 29 vinegar
1020 773 24 21 in
1054 771 52 22 half
1112 770 131 27 hogsheads.

1039 806 89 21 Willis
1142 805 22 22 &
1178 804 37 22 Co.
1269 797 2 19 i

689 841 142 27 Wellington,
844 841 87 26 August
942 840 33 25 14,
986 840 60 20 1843.
1269 851 2 3 ■

702 884 3 9 1
889 884 119 22 Caution
1015 888 6 4 '

661 921 40 21 TO
723 918 198 25 STATIONERS,
943 917 147 25 SCHOOLS,
1107 915 136 26 ARTISTS,

809 945 69 22 AND
893 945 65 22 THE
973 943 120 23 PUBLIC.

663 979 158 49 MESSRS.
846 978 120 22 REEVES
990 976 69 23 AND
1088 976 83 26 SONS,
1196 976 47 25 150,
1269 973 2 5 '

752 1005 130 28 Cheapaide,
893 1004 101 25 London,
1006 1003 91 22 Artists'
1109 1002 135 22 Colourmen

662 1032 45 22 and
723 1032 105 27 Drawing
844 1030 105 23 Material
966 1030 188 25 Manufacturers,
1166 1029 43 26 beg
1223 1032 23 18 to

663 1059 87 22 caution
761 1059 57 22 their
828 1061 122 19 customers
959 1057 45 22 and
1014 1056 37 22 the
1058 1056 76 28 public
1140 1056 85 26 against
1232 1062 14 14 a

806 1093 22 21 A
857 1091 97 23 GROSS
983 1091 117 26 FRAUD,

662 1120 73 22 which
745 1119 52 28 they
806 1119 58 22 have
877 1119 46 27 just
933 1117 130 23 discovered
1071 1117 20 21 is
1107 1117 68 26 being
1183 1124 63 20 prac-
1269 1130 2 8 i

663 1141 56 28 tised
729 1146 135 28 throughout
873 1145 37 22 the
919 1145 108 27 kingdom
1036 1145 35 26 by,
1074 1144 82 27 parties
1166 1143 80 22 travel-

661 1174 47 27 ling
724 1180 23 14 at
748 1174 63 25 from
827 1174 55 19 their
896 1173 68 26 house,
982 1169 43 24 and
1042 1171 93 26 offering
1150 1170 35 22 for
1200 1170 47 22 sale

834 1207 85 22 LEAD
935 1205 138 27 PENCILS,

663 1234 73 22 which
745 1235 54 26 they
807 1237 114 25 represent
931 1237 21 18 to
961 1234 28 21 be
999 1232 26 22 of
1031 1232 90 22 Messrs.
1132 1232 88 21 Reeves
1227 1231 21 22 &

663 1262 56 20 Sons
733 1261 165 22 manufacture:
916 1261 61 21 these
994 1260 102 26 spurious
1110 1258 86 28 pencils
1209 1265 38 14 are

662 1289 80 26 utterly
750 1289 115 26 worthless,
872 1288 43 21 and
926 1287 43 22 will
978 1287 29 21 be
1016 1286 73 22 found
1096 1289 22 18 to
1128 1286 28 21 be
1165 1292 13 15 a
1185 1288 63 24 great

663 1315 124 28 imposition
808 1322 59 21 upon
886 1314 38 22 the
943 1313 82 29 public.
1055 1313 29 21 In
1106 1319 61 15 some
1186 1319 62 14 cases

665 1342 53 27 they
727 1343 53 21 bear
790 1342 37 22 the
837 1349 65 15 name
914 1342 24 20 of
947 1342 86 21 Reaves
1042 1340 24 22 in
1076 1339 64 22 other
1154 1339 92 22 Reeves.

694 1376 89 22 Messrs.
795 1377 87 22 Reeves
896 1376 21 21 &
932 1376 55 21 Sons
1001 1375 65 21 deem
1084 1373 44 22 this
1143 1372 37 22 the
1190 1376 59 18 most

664 1403 128 22 immediate
808 1402 67 22 mode
886 1402 25 22 of
919 1401 127 26 cautioning
1062 1401 38 21 the
1110 1400 81 27 public,
1203 1400 45 21 and

664 1430 25 21 of
705 1430 122 26 protecting
846 1429 135 21 themselves
1001 1427 87 27 against
1110 1427 37 21 the
1172 1433 76 15 conse-

663 1463 98 21 quences
770 1456 27 21 of
803 1456 44 21 this
856 1455 66 22 fraud
931 1455 56 22 until
1002 1455 53 26 they
1066 1461 43 15 can
1123 1453 52 22 take
1186 1453 63 24 other,
1265 1472 4 10 ,

662 1490 78 15 means
755 1484 26 20 of
793 1481 121 28 detecting'
920 1482 44 21 and
980 1481 120 28 punishiug
1114 1480 36 22 the
1166 1480 82 27 parties

663 1509 71 27 guilty
744 1509 25 22 of
775 1510 25 21 it.

692 1543 40 21 150
747 1542 130 27 Cheapside,
887 1542 102 21 London.

663 1588 122 49 WJ.
801 1588 45 22 and
868 1588 21 22 J.
905 1588 23 22 J.
949 1587 133 26 CLARKE,
1095 1587 48 27 just
1162 1585 88 30 arrived,

735 1625 11 11 •
776 1615 56 21 from
851 1614 104 28 England
975 1615 22 20 in
1016 1614 37 22 the
1079 1613 83 27 barque
1183 1613 63 25 Tyne,

663 1649 92 20 propose
765 1639 22 24 (o
799 1649 56 19 open
867 1649 14 14 a
895 1642 51 26 Day
958 1641 79 21 School
1046 1640 24 22 in
1082 1640 74 21 Dixon
1168 1639 80 27 Street,

663 1669 35 21 for
707 1668 68 27 youth
785 1669 26 21 of
818 1669 53 21 both
887 1676 46 14 sex.
962 1668 49 22 The
1027 1667 71 21 above
1115 1665 134 23 individuals

663 1695 58 22 have
730 1695 103 21 received
849 1703 13 13 a
880 1696 103 21 first-rate
994 1694 125 26 education,
1131 1693 46 21 and
1191 1693 58 21 have

664 1723 56 20 been
732 1722 116 27 employed
858 1730 24 13 as
888 1721 111 22 Teachers
1005 1721 23 21 in
1040 1728 62 14 some
1111 1720 25 21 of
1143 1719 37 22 the
1190 1723 59 18 most

664 1749 136 27 respectable
820 1749 179 22 establishments
1017 1748 24 21 in
1062 1747 110 27 England.
1199 1747 50 21 The

664 1776 131 21 instruction
815 1775 104 27 afforded,
939 1776 18 21 it
975 1775 19 21 is
1012 1774 83 27 hoped;
1115 1773 44 22 will
1182 1780 67 21 prove

665 1803 144 27 satisfactory,
830 1802 129 27 combining
982 1801 36 22 the
1042 1801 124 21 rudiments
1190 1801 24 21 of
1236 1808 14 13 a

665 1829 110 27 thorough
791 1829 92 27 English
898 1828 124 27 education,
1040 1827 51 23 with
1108 1827 47 21 that
1171 1827 25 21 of
1212 1826 37 22 the

665 1856 95 26 French,
779 1857 81 25 Greek,
877 1856 73 25 Latin,
961 1855 44 22 and
1027 1853 168 24 Mathematical
1211 1853 39 21 de-

665 1886 129 24 partments.
823 1883 38 21 He
881 1883 43 21 will
942 1883 27 21 be
990 1884 58 20 most
1066 1881 74 28 happy
1159 1883 23 19 to
1197 1881 52 25 give

665 1909 83 28 private
762 1909 143 22 instructions
922 1912 21 18 to
961 1916 44 21 any
1022 1908 79 27 family
1117 1914 25 15 or
1154 1907 96 24 families

665 1935 50 22 who
725 1935 54 28 may
783 1937 76 26 -prefer
868 1937 23 20 it.
1168 1938 3 5 '
1218 1931 26 25 ''H

693 1968 87 26 August
790 1968 31 24 15,
835 1968 60 20 1843.

816 2015 136 21 Situation
973 2015 127 20 Wanted.
1256 2029 2 5 ,

668 2050 97 48 TWO
780 2056 75 20 young
869 2056 57 18 men,
940 2049 47 26 just
1003 2048 88 21 arrived
1100 2048 29 26 by
1141 2047 37 21 the
1189 2048 63 24 Mary

764 2075 57 22 from
842 2075 103 27 London,
964 2082 38 15 are
1022 2075 93 21 anxious
1135 2077 22 18 to
1177 2074 76 21 obtain

667 2102 120 27 situations,
799 2102 44 21 and
862 2102 42 21 will
921 2102 27 21 be
963 2101 69 22 found
1051 2101 84 27 willing
1150 2105 23 17 to
1185 2100 67 22 make

667 2129 132 22 themselves
818 2128 113 28 generally
951 2128 79 22 useful.
1067 2128 43 21 For
1129 2127 121 27 reference,

668 2156 65 28 apply
743 2160 22 17 to
776 2156 36 21 the
822 2156 160 26 undersigned.

1011 2183 94 20 Samuel
1121 2182 101 21 Revans.

699 2216 83 19 Gazette,
792 2215 70 24 office,
874 2214 88 27 August
973 2215 32 23 15,
1015 2215 61 20 1843.

747 2260 53 21 For
815 2260 69 24 Sale,
901 2260 89 23 Seeds,
1006 2265 36 14 ex

671 2293 93 49 JUST
787 2293 109 26 received,
917 2300 14 14 a
954 2292 101 22 valuable
1079 2295 134 19 asoortment
1232 2291 26 22 of

734 2320 60 22 fresh
804 2320 68 22 Seeds
882 2321 58 21 from
952 2319 100 22 London.

849 2352 77 25 Office,
941 2353 86 25 August
1039 2352 31 25 11,
1084 2352 59 21 1813.

668 2397 177 49 WANTED
860 2397 22 21 A
896 2396 213 26 HOUSE-MAID,
1124 2396 94 27 enquire
1233 2398 24 19 at

765 2424 108 21 Barrett's
885 2424 75 22 Hotel.

697 2451 88 27 August
795 2452 20 26 7,
828 2452 61 20 1843.

863 2501 64 28 Ship

853 2536 18 22 A
897 2535 116 22 NOTICE
1020 2534 85 27 having
1114 2534 57 21 been
1180 2533 78 28 posted

836 2563 50 20 II
915 2565 23 18 at
956 2561 38 22 the
1020 2561 181 22 Custom-House
1227 2567 29 14 on

672 2594 134 23 «a3£e9B9
837 2592 37 18 tne
894 2589 51 22 13th
962 2589 91 26 instant,
1074 2588 30 27 by
1122 2587 38 22 the
1176 2586 82 22 under-

670 2619 85 25 signed,
764 2617 128 28 requesting
910 2615 131 27 consignees
1052 2615 27 21 of
1089 2614 70 27 goods
1174 2613 30 27 by
1215 2613 44 21 this

671 2645 70 21 vessel
750 2648 23 18 to
783 2652 51 19 pass
845 2643 55 21 their
912 2643 81 21 entries
1003 2642 36 22 for
1048 2641 39 22 the
1098 2641 43 22 due
1157 2641 101 26 delivery

671 2672 25 20 of
708 2671 35 21 the
755 2678 67 15 same.
862 2669 40 22 We
919 2669 84 27 hereby
1019 2669 51 27 give
1081 2667 85 23 further
1176 2667 81 27 notice,

672 2697 49 22 that
729 2698 21 21 if
757 2698 38 21 the
805 2698 70 21 above
884 2697 28 21 be
926 2699 40 19 not
983 2695 112 27 complied
1111 2694 53 22 with
1181 2694 77 22 within

670 2728 44 18 two
726 2725 52 27 days
798 2725 57 21 from
871 2723 38 21 the
926 2723 50 21 date
995 2721 86 27 hereof,
1098 2721 53 28 they
1168 2721 43 21 will
1230 2721 28 22 be

671 2751 86 28 subject
768 2754 22 19 to
800 2751 44 22 five
853 2750 87 27 pounds
949 2756 39 21 per
997 2749 43 26 day
1051 2749 140 26 demurrage.

827 2777 132 25 RIDGWAYS,
976 2776 107 25 GuYTON,
1099 2782 46 15 AND
1160 2775 72 22 EaRP.

700 2805 146 26 Wellington,
858 2805 89 26 August
955 2805 34 24 15,
1002 2804 60 20 1843.

758 2866 295 25 METEOROLOGICAL
1067 2866 111 21 TABLE.

697 2903 43 20 For
750 2902 36 20 the
795 2901 56 20 week
862 2900 75 25 ending
950 2899 118 26 Thursday,
1076 2899 55 24 Aug.
1143 2899 21 24 3,
1177 2899 60 20 1843.
1269 2895 2 23 i

691 2987 48 16 is«.
771 2965 89 38 S£
884 2975 64 37 sssl
964 2974 86 38 sr
1078 2949 60 73 fi!
1180 2982 61 17 ™-

792 3009 45 15 tion.
1084 3007 53 22 3£.*

672 3067 83 20 Friday...
795 3067 10 16 9
888 3064 60 17 29.790
990 3064 38 16 44.5
1119 3061 2 5 '
1159 3064 88 22 Earterly.

795 3088 53 19 Ip.m.
888 3085 60 17 29.700
991 3086 28 15 48.
1080 3087 58 16 None.
1159 3085 63 17 South.

795 3109 11 15 4
888 3107 60 16 29.690
991 3113 24 5 —
1015 3118 4 4 .
1159 3106 63 17 South.

672 3129 31 16 Sat
769 3125 5 3 '
796 3129 10 15 9
888 3127 60 17 29.730
992 3127 28 16 45.
1160 3127 63 17 South.

795 3149 49 20 Ip.m
889 3147 60 18 29.790
991 3148 28 16 49.
1090 3149 38 16 0.20
1161 3148 62 17 South.

796 3170 11 16 4
889 3169 60 16 29.810
992 3168 27 17 SO.
1161 3169 83 20 S.byW.

673 3191 84 20 Sunday..
797 3191 9 16 9
841 3193 3 4 '
992 3198 23 3 —
1016 3200 4 5 .

797 3212 53 20 Ip.m.
992 3219 23 3 —
1015 3221 5 5 •
1091 3212 37 15 0.10

797 3233 11 15 4
993 3240 27 7 —

674 3253 84 20 Monday.
797 3254 10 16 9
891 3252 59 17 29.925
993 3253 28 15 45.
1161 3252 55 17 Calm.

798 3274 53 20 Ip.m.
891 3273 61 16 29.920
994 3273 27 16 52.
1082 3273 58 17 None.
1161 3273 64 16 North.

783 3302 2 5 •
797 3295 11 16 4
849 3294 3 3 '
891 3294 60 17 29.905
994 3294 27 16 55.
1088 3293 2 4 '
1115 3301 2 8 i
1161 3294 107 21 Southerly.

674 3315 85 21 Tuesday
798 3316 10 16 9
892 3314 60 17 29.725
994 3315 27 15 45.
1162 3314 97 22 Easterly.,

797 3337 54 20 Ip.m.
892 3336 60 17 29.605
994 3336 28 16 50.
1082 3335 58 18 None.
1162 3335 45 17 N.E.

797 3358 12 16 4
892 3358 27 16 29.
929 3365 24 3 —
994 3364 22 4 —
1018 3367 4 5 .
1108 3360 11 5 '•
1162 3356 46 17 N.E.
1225 3356 3 4 '

675 3377 46 17 Wed
799 3379 9 15 9
892 3378 60 16 29.415
994 3377 28 17 43.
1162 3377 51 17 Dead
1218 3377 50 17 calm

799 3400 54 19 lpm.
892 3399 60 16 29.415
995 3398 27 16 54.
1092 3398 37 16 0.5t
1162 3398 45 16 N.E.

799 3421 12 15 4
893 3420 59 16 29.420
994 3421 28 14 55.
1162 3418 64 18 North.

677 3440 82 17 Thurs...
799 3441 10 16 9
893 3441 59 16 29.605
971 3441 4 4 '
986 3440 36 16 '49.
1162 3439 46 17 N.E.

800 3462 53 19 Ip.m.
893 3462 60 16 29.620
994 3461 29 16 58.
1082 3460 59 17 None.
1163 3460 45 17 N.E.

800 3483 11 16 4
882 3483 10 16 i
892 3483 60 16 29.610
995 3482 27 16 58.
1162 3480 65 18 North.

1011 3517 127 18 REMARKS.

680 3538 82 22 Friday...
802 3541 11 14 9
847 3546 8 3 -
884 3539 50 17 Calm
940 3539 38 17 and
987 3543 44 17 very
1037 3539 43 16 fine.

802 3561 54 20 Ip.m.
865 3573 3 6 ,
925 3560 34 17 Do.
1002 3560 33 16 Do.
1079 3560 87 17 overcast.

803 3582 12 16 4
926 3581 34 17 Do.
1001 3581 35 16 Do.
1046 3596 3 6 ,
1079 3580 42 20 fine.

679 3601 33 16 Sat
796 3608 3 4 ■
804 3603 10 16 9
884 3602 66 20 Strong
955 3602 63 15 breeze
1026 3601 36 16 and
1069 3601 88 16 overcast.

803 3624 54 19 Ip.m.
870 3622 5 3 '
884 3622 66 20 Strong
959 3622 64 16 breeze
1030 3622 37 16 and
1074 3621 87 21 showery.

804 3645 11 15 4
926 3642 34 18 Do.
1004 3642 33 17 Do.
1082 3642 34 16 Do.

679 3662 85 21 Sunday..
804 3666 24 16 %,
885 3662 54 21 Light
944 3664 63 16 breeze
1015 3662 36 17 and
1055 3667 45 18 very
1107 3662 44 17 fine.

804 3686 65 20 Ip.m.'
927 3683 35 18 Do.
1004 3683 34 16 Do.
1083 3684 33 17 Do.

804 3707 12 16 4
838 3716 3 4 ,
927 3704 34 17 Do.
1004 3704 34 17 Do.
1082 3704 34 16 Do.
1145 3709 4 3 -
1162 3706 4 4 '

681 3724 84 20 Monday.
804 3728 11 11 o
886 3725 50 16 Calm
943 3725 37 16 and
987 3729 42 16 very
1036 3724 64 20 misty.

804 3749 55 20 Ip.m.
927 3746 35 16 Do.
1005 3745 34 17 Do.
1081 3745 43 17 fine.

804 3769 12 16 4
928 3767 33 16 Do.
1004 3766 35 16 Do.
1082 3765 34 17 Do.
1128 3770 4 4 •

681 3787 83 21 Tuesday
792 3786 2 7 '
805 3790 10 16 9
886 3787 50 17 Calm
942 3787 36 16 and
984 3791 44 16 very
1034 3786 43 17 fine.

805 3812 54 19 Ip.m.
886 3807 54 22 Light
944 3808 65 16 breeze
1017 3808 36 16 and
1060 3808 89 16 overcast.

805 3832 11 16 4
928 3829 33 17 Do.
1004 3828 34 17 Do.
1082 3828 34 17 Do.

682 3849 44 17 Wed
790 3855 4 3 •
804 3853 11 16 g
859 3847 3 5 '
868 3864 5 9 ,
886 3849 50 18 Dead
945 3849 46 17 calm
997 3849 37 17 and
1041 3850 89 16 overcast.

806 3873 60 21 Ip.m..
943 3871 37 16 and
986 3870 44 17 fine.
1051 3878 5 3 -

805 3895 11 16 4
886 3892 54 21 Light
947 3892 63 16 breeze
1018 3890 36 18 and
1062 3894 43 17 very
1112 3890 41 18 fine,

698 3911 35 18 hut
746 3922 19 7 ...
806 3916 10 15 9
927 3913 34 16 Do.
1004 3912 34 17 Do.
1081 3911 34 17 Do.

806 3936 56 19 Ip.m.
912 3943 3 3 ■
928 3932 33 17 Do.
1004 3932 35 17 Do.
1084 3932 33 16 Do.

805 3956 12 16 4
929 3953 34 17 Do;
1006 3952 35 17 Do.
1084 3951 33 17 Do.

120 124 9 17 i'
138 134 5 7 ,
162 122 38 9 """'"'
200 122 28 5 —
228 122 7 15 "'
311 125 4 8 '
361 129 3 7 '
445 125 4 8 '
502 121 22 2 ~
585 121 13 1 ~

91 138 3 5 '
103 158 5 5 ,
121 143 16 19 \
229 158 5 6 r
247 138 98 23 Public
364 138 70 21 Sale.
500 143 5 26 ;
588 149 9 13 i,

53 172 158 51 MESSRS.
227 172 148 24 BETHUNE
390 171 46 23 and
449 170 132 23 HUNTER
589 168 46 25 wijl
663 172 2 4 ■

120 200 10 23 ii
142 200 41 23 sell
198 200 30 28 by
237 198 106 28 Auction,
355 202 23 19 at
394 197 118 24 Lambtori;
519 197 72 26 Quay,
602 202 37 15 on-
663 214 2 4 .

51 227 82 27 Friday
148 229 61 24 next,
224 226 38 22 the
278 225 51 22 18th
345 226 89 26 August
448 226 95 23 current,
554 226 24 18 at
587 221 49 23 half

49 257 49 23 past
108 255 26 20 12
145 253 94 27 o'clock,
253 259 27 16 ex
291 254 57 25 Tyne
348 263 26 5 —

78 287 61 26 Beef,
150 286 62 27 pork,
223 286 70 27 hams,
304 286 84 26 cheese,
400 284 53 28 split
461 290 73 21 pease,
661 291 3 14 c

78 313 52 21 Port
141 313 45 21 and
196 315 77 25 sherry
282 313 56 21 wine
347 312 22 21 in
381 310 65 23 wood
454 310 47 22 and
510 308 76 27 bottle,

78 340 89 21 Bottled
178 340 33 21 ale
222 339 46 22 and
276 341 64 24 stout,
472 353 14 9 :

77 366 103 22 Tobacco
190 366 45 22 and
245 366 77 26 cigars,
324 363 5 13 1
362 379 10 8 *
521 368 5 16 i
587 370 3 16 ;
650 368 14 18 :'-

77 392 105 22 Window
192 393 64 26 glass,
258 388 68 30 Jarge
336 391 64 26 sizes,
550 400 4 4 ■

79 419 67 21 Small
156 420 54 20 boat
219 414 94 26 anchors
322 416 43 23 and
374 416 66 22 small
451 416 73 26 chain,
591 416 4 5 '
660 421 4 19 <

79 446 58 21 Flint
145 445 45 22 and
200 448 37 18 cut
247 444 64 27 glass,
323 443 88 22 French
418 443 78 25 lamps,
660 454 4 13 j

79 474 9 19 1
101 479 48 14 case
162 471 94 21 Orleans
266 470 109 26 woollens,
388 470 97 21 Manilla
494 468 57 26 hats,

78 498 96 21 Leather
174 508 27 5 —
202 497 52 25 sole,
265 497 70 27 hides,
347 496 55 28 kips,
412 496 43 21 and
467 494 112 26 calf-skin,
587 512 4 5 .

79 525 67 26 Camp
155 531 74 18 ovens,
238 524 40 21 fire
287 522 61 28 dogs,
357 522 86 26 kettles,
455 528 129 20 saucepans,
591 520 40 22 &c.

63 562 3 6 •
77 551 108 22 Countess
193 550 44 22 and
242 549 56 28 lady
307 549 73 27 slates,
392 548 145 28 composition
546 547 62 27 nails,

77 577 88 22 Hearth
175 578 44 21 and
228 575 155 29 paving^slabs,
395 575 67 22 white
472 575 69 27 paint,

79 604 59 27 Cape
148 606 49 19 oats
206 602 46 23 and
261 603 94 27 poultry,

78 628 106 23 Derwent
194 626 52 26 seed
261 633 105 23 potatoes.

79 657 54 22 And
141 657 89 22 various
241 658 68 21 other,
312 656 77 27 goods.
661 651 3 33 {

661 698 3 19 (

76 719 14 19 6
103 724 78 20 young
189 717 76 21 horses
274 716 44 22 and
328 722 72 16 mares
410 715 53 21 with
472 714 64 22 foali.

79 750 148 26 Wellington,
238 750 97 26 August,
338 751 32 23 l4,
382 750 62 20 1843.

51 797 71 19 Now
130 795 135 26 Landing,
275 799 36 16 ex
446 793 54 20 and

105 822 54 20 and
180 827 35 15 on
235 821 59 21 Sale
310 821 28 20 at
357 820 45 21 the
426 819 92 21 Stores
538 818 31 22 of
588 819 44 21 the

105 848 192 26 undersigned.

53 881 112 49 BOAT
180 880 155 23 ANCHORS,
346 879 56 22 from
411 881 28 20 30
444 881 23 21 ft
478 882 23 18 to
512 880 40 20 160
558 880 29 25 ft,
593 875 3 6 '

129 908 85 21 Proved
227 908 50 21 boat
286 907 83 26 chains,
378 905 106 27 assorted,
661 921 3 5 ,

80 934 106 27 Whaling
204 941 54 21 gear
275 934 26 21 of
317 940 66 20 every
403 932 143 27 descriptien,
563 931 41 23 viz.
606 943 28 4 —

51 962 67 21 finest
134 961 86 27 Europe
237 961 62 26 lines,
310 960 63 21 lance
382 966 67 21 warp,
461 959 94 22 London
569 959 65 22 made
663 981 1 4 .

51 989 111 26 harpoons
172 988 44 21 and
228 987 82 27 lances,
322 987 40 21 &c.
372 1008 4 4 .

79 1014 88 22 Double
178 1014 43 21 and
232 1014 69 27 single
310 1013 77 22 blocks
397 1013 27 21 of
430 1012 30 22 all
470 1013 63 26 sizes,

78 1041 77 21 Rivets
174 1041 42 21 and
235 1041 52 21 boat
305 1040 62 26 nails,
387 1047 50 14 rose
460 1039 54 27 lath,
539 1039 94 26 shingle,
662 1040 2 14 l

52 1067 86 26 double,
157 1067 43 22 and
216 1067 75 21 batten
307 1067 63 26 nails,
387 1066 96 27 flooring
498 1065 74 26 brads,
589 1066 45 21 fine
663 1067 1 14 <

51 1094 59 27 clasp
121 1094 45 21 and
176 1094 61 27 spike
247 1093 62 26 nails,
320 1093 44 21 fine
374 1092 102 27 wrought
482 1092 73 27 brads,
565 1093 48 26 &c,

79 1121 46 21 Tea
143 1121 87 26 kettles,
254 1127 126 20 saucepans,
405 1119 75 27 frying
502 1126 62 20 pans,
589 1118 45 22 and
662 1128 2 14 i

51 1147 116 27 gridirons,
663 1150 1 18 t

80 1174 126 27 Stationery
215 1173 26 22 of
248 1173 29 22 all
285 1173 72 26 kinds,
585 1175 3 3 '
661 1174 3 21 1

78 1201 102 21 Portable
196 1200 72 27 desks,
283 1200 99 27 dressing
398 1206 69 19 cases,
481 1199 61 23 work
558 1199 76 27 boxes,

52 1232 74 23 carpet
134 1228 62 27 bags,
207 1227 76 22 Dutch
293 1227 81 26 clocks,
385 1227 41 21 &c.
663 1242 1 11 ,

79 1254 135 27 Perfumery,
234 1255 70 20 viz.—
305 1254 63 21 bears
390 1260 85 19 grease,
498 1255 131 25 pomatums,
663 1262 1 11 <

53 1288 106 18 essences,
171 1288 70 20 soaps,
252 1281 92 21 brushes
354 1279 26 22 of
385 1280 31 21 all
425 1275 72 30 kinds,
509 1280 50 25 &c,
663 1295 1 14 ,

79 1307 93 27 English
194 1307 78 22 mould
294 1307 95 26 candles,
416 1302 84 26 refined
523 1313 65 20 sugar
611 1306 24 22 in
663 1316 1 20 j

51 1336 55 21 10H5
119 1335 82 25 loaves,
464 1352 3 2 .
663 1346 2 17 j

80 1361 72 21 Prime
164 1361 116 26 Hnmburg
294 1361 82 25 butter,
387 1360 139 27 Westphalia
535 1359 69 27 hams,

79 1387 74 21 White
164 1394 61 20 soap,
235 1387 47 21 loaf
291 1387 84 26 cheese,

80 1414 89 22 Bottled
183 1414 72 26 fruits,
272 1414 80 27 jellies,
371 1413 145 27 marmalade,
534 1413 60 27 jams
612 1412 28 21 of
663 1411 2 14 ]

53 1447 66 20 every
138 1441 139 27 description,
302 1439 90 28 pickles,
419 1447 83 20 sauces,
527 1439 107 27 mustard,
663 1438 2 13 (

53 1475 82 20 capers,
604 1475 4 4 '
663 1464 1 14 '

81 1495 64 21 Salad
157 1494 29 22 oil
204 1494 24 22 in
242 1495 60 33 pints
317 1493 45 22 and
378 1496 82 25 quarts,
477 1493 81 27 starch,
576 1493 58 26 blue,
662 1491 2 14 '

53 1521 76 26 spices,
142 1528 60 19 sago,
214 1520 74 27 coffee,
299 1521 61 27 pork,
373 1521 40 21 &c.
663 1517 1 19 £

82 1547 94 28 Hosiery
176 1559 25 4 —
205 1547 91 21 woollen
307 1547 43 22 and
360 1550 75 18 cotton
442 1546 64 22 socks
512 1547 42 21 and
564 1546 72 22 stock-

52 1575 56 26 ings,
121 1578 92 22 cravats,
221 1574 79 22 scarlet
306 1574 46 22 and
360 1573 82 28 striped
453 1580 57 19 caps,
519 1573 117 27 Guernsey
663 1573 1 21 J

51 1601 80 26 frocks,
150 1601 93 21 woollen
253 1601 100 26 drawers,
363 1600 72 22 lambs
449 1600 54 21 wool
514 1604 66 22 vests,
591 1599 45 23 and

53 1628 135 27 pantaloons,
202 1629 49 24 &c,

80 1654 112 27 Blankets,
204 1662 57 19 navy
272 1654 52 22 blue
333 1653 43 23 and
385 1653 69 27 fancy
464 1653 77 27 prints,
554 1654 40 21 &c.
663 1650 1 25 1

80 1681 87 21 Ladies'
178 1681 62 22 boots
250 1681 43 21 and
304 1681 96 27 slippers,
535 1690 3 3 •
612 1695 4 6 .
630 1686 4 15 ;
663 1676 1 25 !

80 1709 79 21 Gents,
171 1708 80 22 double
260 1707 29 21 tie
300 1707 64 22 shoes
374 1706 93 22 blucher
474 1707 71 25 boots,

81 1735 53 21 Fine
143 1735 127 26 negrohead
280 1735 90 21 tobacco
381 1733 47 22 and
439 1733 68 27 fancy
517 1733 75 26 snuffs,

82 1762 92 21 Geneva
182 1763 23 19 in
215 1761 72 26 hhds.,
663 1756 2 24 I

81 1788 55 22 Fine
156 1795 84 20 cognac
258 1787 86 28 brandy
360 1788 24 21 in
403 1787 65 22 hhds.
486 1787 45 21 and
548 1789 89 25 quarter
663 1783 2 35 ]

54 1815 70 27 casks,
663 1810 2 26 !

81 1841 65 27 Light
156 1841 45 22 and
211 1841 54 22 dark
275 1841 83 28 sherry,
369 1841 46 21 fine
426 1840 36 22 old
479 1840 104 22 Madeira
592 1840 45 22 and
663 1837 2 23 !

54 1872 49 24 port
112 1869 22 21 in
144 1872 89 23 quarter
243 1867 69 27 casks,

81 1895 92 27 Clarets,
193 1895 94 26 Lafette,
296 1916 4 3 .
307 1894 109 27 Chuteau,
439 1893 69 22 Newf
524 1893 28 22 de
571 1893 65 28 Pape,
663 1890 2 20 '

54 1922 122 27 Sauterne,.
180 1923 85 21 Graves
280 1921 127 29 Na,rbanne,
420 1921 43 21 and
474 1919 67 28 other.
547 1920 89 30 French
663 1917 2 32 ]

54 1949 72 26 •wines,
133 1970 10 5 ,.
174 1944 14 30 '.
212 1957 6 21 ;
272 1956 5 22 ;
323 1966 3 6 ,
348 1957 16 18 /
487 1970 7 3 .
530 1967 4 3 .
562 1944 37 30 *f
609 1954 11 16 i

79 1974 144 29 .Crlasspware,
244 1973 42 23 viz.
296 1985 28 4 —
330 1977 38 18 cut
385 1973 59 27 glass
463 1972 109 22 tumblers
590 1972 49 27 ,and

54 1998 73 31 wiiies,
133 2004 71 25 quart,
209 2001 54 28 pint,
275 1999 44 23 and
327 2000 110 27 half-pint
446 1999 124 27 decanters,
578 1999 59 27 salts,

54 2032 78 24 cruets,
145 2029 50 26 &c.

80 2050 143 33 Gunpowder
232 2054 23 22 in
265 2055 117 25 cannister,

82 2081 101 28 Vinegar
192 2081 44 22 and
245 2081 51 28 split
305 2088 59 22 geas.
462 2103 4 5 t
474 2102 2 3 .
498 2095 2 5 .

304 2114 76 27 HORT,
397 2114 124 26 MOCATTA,
538 2114 20 21 &
574 2114 38 26 Cp*
663 2112 2 28 \

82 2150 89 27 August
180 2149 33 27 15,
225 2150 59 21 1843.
317 2160 3 4 •

56 2202 89 49 THE
161 2200 156 24 CATHOLIC
333 2200 25 22 of
365 2200 54 22 Port
427 2199 123 22 Nicholson
561 2199 43 22 and
611 2200 30 21 its

127 2227 129 23 immediate
272 2227 109 26 environs,
400 2234 37 14 are
455 2224 142 29 respectfully
606 2226 36 22 in-

54 2255 85 23 formed
155 2255 49 21 that
218 2255 83 21 Divine
312 2253 109 28 Worship,
433 2253 122 27 according
570 2256 22 18 to
602 2253 39 21 the

56 2283 85 22 solemn
157 2282 40 21 rite
213 2281 26 22 of
256 2281 35 21 the
308 2280 88 22 Church
414 2279 107 27 Catholic,
541 2287 20 15 is
574 2279 68 28 being

53 2309 84 22 •offered
146 2309 25 21 in
183 2308 57 22 their
250 2308 56 22 New
317 2306 90 35 Chapel,
420 2307 31 21 St.
463 2307 92 26 Mary's,
568 2306 70 22 Willis

56 2338 77 25 Street,
150 2335 77 27 nearly
242 2335 98 28 opposite
357 2333 37 23 the
413 2335 60 19 Cross
488 2330 76 30 Hotel,
581 2333 60 22 since

56 2363 90 27 Sunday
165 2362 37 21 the
222 2361 39 23 6th
279 2361 25 21 of
322 2361 89 26 August
428 2361 91 21 instant.
557 2360 83 22 Divine

56 2390 87 22 Service
153 2388 79 27 begins
242 2391 22 19 at
273 2387 107 28 half-past
388 2391 46 24 ten,
445 2387 53 22 with
509 2394 13 14 a
533 2387 92 21 Sermon
633 2395 6 18 ;

56 2417 94 27 Vespers
160 2415 45 23 and
214 2415 133 26 Catechism,
363 2417 24 19 at
403 2415 63 21 three
482 2414 23 22 in
521 2413 38 23 the
573 2413 68 22 after-

56 2451 66 14 noon.

84 2470 124 22 Donations
215 2468 118 27 gratefully
338 2467 102 23 received
448 2468 34 21 for
489 2467 37 21 the
532 2467 110 22 intended

57 2497 56 21 New
124 2495 88 23 Church
225 2496 26 21 of
258 2497 31 20 St.
301 2495 94 26 Mary's.

86 2528 88 26 August
183 2528 33 26 15,
228 2528 61 21 1843.

136 2572 172 21 Dissolution
324 2572 30 20 of
371 2571 188 26 Partnership.

57 2606 145 50 NOTICE
218 2606 28 21 IS
269 2605 126 22 HEREBY
412 2605 109 26 GIVEN,
540 2604 48 22 that
602 2604 38 22 the

138 2632 186 27 Co-Partnership
333 2631 125 22 heretofore
468 2631 120 27 subsisting
605 2632 37 21 be-

58 2666 69 16 tween
153 2660 37 21 the
209 2659 157 27 undersigned,
390 2658 73 22 under
486 2658 37 21 the
547 2658 48 21 firm
621 2659 25 20 of

58 2688 87 21 Waters
165 2686 45 22 and
230 2686 77 27 Smith,
324 2686 20 21 is
360 2685 44 22 this
423 2685 44 27 day
483 2684 111 22 dissolved
613 2685 31 27 by

58 2714 85 23 mutual
152 2716 100 19 consent.

390 2739 101 21 Thomas
504 2738 110 27 Waters,

391 2765 77 22 James
484 2765 83 21 Smith.

120 2799 122 27 Witness,!
254 2798 34 22 W.
305 2798 58 27 Hay,

231 2824 56 29 JM.
298 2825 64 22 Yule.

87 2860 143 26 Wellington,
242 2860 88 26 August
340 2860 33 26 15,
386 2860 61 21 1843.

256 2906 42 20 Ex

140 2968 73 23 JUST
235 2965 139 23 ARRIVED
390 2965 61 21 PER
470 2964 94 21 MARY.

63 2998 235 52 MOUSSELINE
318 2997 28 22 de
366 2996 116 23 LAINES
502 2996 46 22 and
567 2996 77 27 prints,

152 3030 83 18 newest
244 3027 106 26 patterns,

88 3053 147 23 Fashionable
246 3053 92 21 bonnets
348 3050 45 23 and
404 3050 119 26 millinery,

87 3083 84 20 Tartan
181 3079 46 23 and
234 3079 86 26 Paisley
329 3077 82 22 shawls
421 3077 45 21 and
476 3075 170 23 handkerchiefs

88 3105 124 25 Children's
221 3106 63 21 boots
294 3104 44 23 and
348 3104 72 26 shoes,
431 3104 60 26 baby
500 3103 66 26 linen,

89 3134 86 26 Toilet,'
180 3134 74 26 swing,
265 3132 43 22 and
320 3130 101 28 dressing
430 3130 91 27 glasses,

88 3160 103 22 Window
200 3160 66 27 glass,
277 3159 86 21 various
373 3158 69 31 sizes^

89 3188 73 27 Paper
170 3186 110 27 hangings
290 3186 23 21 in
323 3187 62 25 great
394 3184 95 27 variety,

91 3215 125 25 Stationery
227 3213 45 21 and
281 3216 94 18 account
384 3210 77 28 books,

91 3241 107 26 Quantity
207 3240 26 21 of
236 3240 58 26 jams
305 3239 44 22 and
359 3237 174 27 confectionery,
548 3258 2 6 ,

90 3267 89 23 Double
191 3266 95 22 Glo'ster
296 3265 44 24 and
349 3266 51 26 pine
411 3264 86 27 cheese,
512 3264 47 22 fine
576 3263 70 26 hams,

89 3294 82 23 Mixed
180 3292 83 29 pickles
273 3292 28 24 in,
307 3290 149 28 ddzen.cases.

92 3321 91 22 Garden
192 3318 64 24 seeds
265 3319 29 22 iff
298 3318 98 22 assorted
405 3320 98 26 packets,

92 3348 86 26 Clover,
190 3346 89 27 mangel
288 3345 97 26 wurt'zel,
394 3344 46 23 and
451 3344 73 28 turnip
534 3344 58 27 seed,

93 3376 59 22 Corn
163 3373 44 23 and
216 3375 89 25 potatoe
316 3371 69 27 sacks,

92 3402 41 22 Tin
144 3401 72 28 plates
226 3400 24 21 in
260 3399 74 25 boxes,
341 3398 4 5 u
347 3417 3 7 r

93 3429 81 26 Sherry
184 3428 23 22 in
216 3425 134 28 hogsheads.

351 3455 97 23 George
463 3456 77 27 Hart,

427 3482 111 22 Lambton
549 3482 72 28 Quay.

94 3515 87 26 August
191 3515 33 24 11,
236 3513 61 21 1843.
583 3519 9 18 ,-

65 3546 41 4 ~
278 3556 22 23 J.
330 3555 20 22 B
357 3555 12 22 I
378 3555 22 21 R
409 3554 30 27 D,

66 3591 232 24 Cabinet-maker,
313 3588 188 28 Upholsterer,
521 3588 22 20 &
566 3588 86 26 Paper

301 3617 121 26 Banger,

250 3656 33 16 T.B
308 3655 55 15 ARO
387 3653 84 19 FLAT,

68 3679 269 54 RESPECTFULLY
352 3678 84 23 solicits
452 3685 13 13 a
479 3676 88 33 portion
578 3677 25 22 of
614 3677 40 22 the

146 3710 90 20 favours
246 3708 26 21 of
278 3708 37 21 the
329 3709 81 24 gentry
419 3704 47 22 and
479 3703 139 22 inhabitants
631 3704 27 21 of

66 3737 138 26 Wellington
213 3735 26 21 in
254 3734 38 22 the
307 3734 69 21 above
394 3730 119 27 branches,
525 3730 44 21 and
580 3734 73 24 trusts,

66 3763 30 27 by
112 3763 34 21 his
166 3760 139 24 economical
324 3760 94 25 charges
435 3757 47 22 and
498 3757 116 27 attention,
631 3761 23 18 to

67 3790 90 23 rnfirit-a
166 3788 149 23 continuance
325 3787 25 21 of
359 3786 37 21 the
406 3792 70 15 same.

96 3816 49 22 Has
164 3823 14 14 a
195 3815 77 22 choice
291 3812 118 24 collection
428 3812 26 21 of
474 3810 57 22 New
554 3810 98 23 Zealand

70 3842 80 27 woods,
180 3842 51 22 well
259 3840 108 23 seasoned
376 3847 6 21 j
408 3846 15 15 a
444 3838 45 23 few
512 3837 42 22 low
579 3837 77 27 priced

67 3873 137 19 mattresses.
231 3883 4 3 -
244 3890 2 4 .
275 3875 3 5 '
308 3885 4 4 .
450 3880 171 19 ■'*,',-

77 3916 7 4 ..
96 3895 105 25 Families
209 3894 87 27 having-
301 3894 59 22 their
367 3900 52 15 own
424 3892 116 23 materials
547 3898 41 16 can
597 3892 58 21 have

68 3923 63 24 them
140 3921 67 23 made
216 3929 40 19 up.

96 3955 32 23 T«
136 3955 49 22 Aro
195 3953 58 27 Flat,
264 3953 54 27 May
329 3953 35 26 12,
375 3952 62 22 1843.
