2540 4010
1893 117 220 30 WHOLESALE
2142 118 125 25 PRICES
2300 118 176 26 CURRENT.

1991 154 134 17 CORRECTED
2140 156 29 15 UP
2183 157 28 15 TO
2226 157 55 15 LAST
2297 156 81 15 NIGHT.

2232 184 16 17 £
2270 188 16 13 i.
2309 184 19 17 d.
2382 182 17 17 £
2460 185 11 16 a

1894 211 50 22 Ale
1952 218 5 15 :
1970 217 41 22 per
2020 210 49 23 hhd
2234 213 13 22 7
2275 213 14 20 0
2315 213 49 20 0..
2384 211 13 22 7
2424 212 13 21 7
2466 215 14 19 0

2067 245 43 20 per
2114 239 99 21 barrel..
2232 240 14 19 5
2274 240 14 20 0
2314 240 14 20 0
2346 250 18 9 ..
2383 239 14 20 6
2426 240 14 20 0
2466 242 14 18 0

2069 264 148 28 perdoz.....
2236 267 14 23 Q
2264 266 26 20 13
2317 267 14 19 0
2349 278 18 8 ..
2386 266 14 20 0
2415 265 26 21 14
2468 268 12 19 0

1895 291 97 22 Arrack
1999 298 7 14 :
2022 291 44 22 Per
2074 291 45 29 gal.
2128 291 25 22 in
2161 291 62 22 bond
2237 294 13 19 0
2278 292 12 20 1
2317 293 14 20 9
2349 305 18 7 ..
2385 292 15 20 0
2428 293 14 19 2
2470 297 10 19 o

1895 316 91 24 Bread:
2002 318 98 22 Per2lb.
2110 318 51 22 loaf
2174 331 46 7 ....
2238 320 13 20 0
2278 319 13 21 0
2318 319 15 20 5
2350 331 18 7 ..
2387 319 14 20 0
2429 318 14 21 0
2469 320 11 20 0

1895 344 72 22 Beef:
1982 344 79 27 Fresh,
2079 351 90 15 carcase
2184 351 40 20 per

2010 371 25 21 lb
2234 373 14 20 0
2274 371 14 20 0
2302 372 27 20 10
2347 370 52 22 ..*O
2427 371 14 20 0
2467 373 13 19 0

2001 397 55 27 Salt,
2065 404 41 20 per
2119 398 68 22 tierce
2200 399 51 21 ..0
2277 399 14 20 0
2316 399 15 20 0
2348 411 18 7 ..
2387 399 15 20 6
2429 399 15 19 0

1894 424 107 22 Butter:
2018 424 67 27 Irish,
2094 431 41 20 per
2142 424 31 22 lb.
2198 426 52 20 ..0
2278 425 11 20 1
2316 425 15 21 2
2348 438 18 7 ..
2385 425 14 20 0
2430 424 9 21 1
2469 425 11 20 3

2015 450 71 22 Fresh
2239 453 14 20 0
2279 453 14 20 2
2319 452 14 20 6
2350 464 19 7 ..
2387 450 14 22 0
2428 451 15 20 3
2469 452 11 19 0

1894 483 110 17 Brandy:
2019 477 60 22 First
2086 477 92 28 quality,
2186 485 40 20 per

2043 504 76 27 gallon
2128 504 24 21 in
2162 504 62 22 bond
2237 506 14 20 0
2278 505 14 21 6
2317 505 16 21 0
2350 518 18 7 ..
2386 505 14 20 0
2429 504 14 21 8
2469 505 11 20 6

1895 531 85 22 Brown
1999 531 75 21 Stout
2081 538 6 14 :
2110 537 41 21 per
2164 530 54 22 hhd.
2233 531 55 21 610
2314 533 14 19 0
2346 544 18 7 ..
2387 530 55 25 710
2469 532 11 19 0

1895 558 97 22 Cigars:
2005 557 151 28 Manilla,per
2162 558 61 27 1000,
2237 559 14 20 3
2279 559 89 20 00..
2386 557 13 21 5
2428 558 15 20 0
2469 558 11 19 0

2002 584 98 22 Inferior
2237 586 14 20 0
2279 585 13 20 0
2317 585 15 21 0
2349 597 21 9 .»
2387 586 13 19 0
2428 583 15 21 0
2469 585 11 19 0

2003 610 136 27 Havannah,
2145 617 41 21 per
2192 606 31 26 lb.
2259 617 58 16 none
2349 609 131 22 ..000

2001 637 171 27 Chinsurahper
2178 638 72 22 10001
2266 634 25 24 10
2317 638 16 20 0
2349 650 19 8 ..
2386 639 15 19 0
2428 638 15 19 0
2469 638 11 19 0

2001 664 158 22 Alexandrian
2173 667 78 19 ....0
2278 665 14 21 0
2317 665 84 20 0..0
2428 664 14 20 0
2469 665 11 20 0

1895 692 86 21 Coffee
1987 699 6 14 :
2004 691 66 27 Java,
2081 699 40 20 per
2128 691 24 22 lb
2237 693 14 20 0
2278 692 13 20 0
2317 692 15 20 6
2349 704 19 7 ..
2385 690 57 22 0.0
2469 691 11 20 9

1895 718 88 22 Cheese
1990 726 6 14 :
2013 718 106 22 Cheshire
2237 718 52 22 01
2317 718 14 21 6
2349 731 18 7 ..
2386 714 14 25 6
2429 716 10 21 1
2469 718 11 19 9

2011 745 55 21 Pine
2077 744 74 28 Apple
2173 747 78 19 ....0
2277 746 14 20 0
2317 745 82 21 0..0
2429 742 10 21 1
2468 744 12 20 2

2011 771 77 22 Dutch
2238 773 13 21 0
2278 773 13 20 0
2305 773 27 20 10
2349 785 19 6 ..
2386 773 14 19 0
2429 770 11 21 1
2468 771 12 20 0

1895 798 104 22 Candles
2007 805 6 14 :
2020 798 95 26 English
2122 805 56 20 wax,
2185 805 40 20 per

2037 824 25 22 lb
2237 827 14 19 0
2277 826 13 20 3
2316 826 15 19 0
2349 838 18 7 ..
2386 826 15 19 0
2428 823 13 22 3
2469 825 11 20 6

2023 850 83 22 Mould
2236 853 14 19 0
2278 852 10 19 1
2317 852 14 20 0
2349 864 18 7 ..
2385 852 15 20 0
2428 851 14 20 0
2469 851 11 19 0

2026 878 57 27 Dips
2236 879 14 20 0
2277 879 13 20 0
2316 878 15 20 0
2348 888 18 9 ..
2385 879 15 20 0
2428 878 14 19 0
2469 878 11 19 0

1895 904 92 22 Flour:
1997 905 37 20 Ist
2037 904 93 28 quality,
2141 911 40 21 per
2185 907 38 18 ton

2018 930 135 23 of2ooolbs
2223 932 28 21 22
2265 931 25 21 10
2317 933 14 19 0
2349 931 50 21 ..25
2428 931 14 20 0
2470 932 10 19 0

1993 958 47 21 2nd
2050 958 56 21 ditto
2225 958 25 21 15
2277 959 14 20 0
2317 959 14 20 0
2349 972 17 5 ..
2373 959 27 20 18
2427 958 14 20 0
2469 958 11 20 0

1895 985 75 21 Flax:
1986 985 30 21 N.
2027 984 26 22 Z.
2063 991 40 21 per
2113 987 37 19 ton
2174 985 77 21 ....15
2278 986 13 19 0
2317 986 15 20 0
2349 998 19 7 ..
2385 986 15 19 0
2427 985 15 20 0
2468 985 12 20 0

1922 1011 324 27 Do.~onboard—pressedl7
2274 1013 13 20 0
2314 1013 14 20 0
2346 1025 18 7 ..
2382 1012 14 20 0
2424 1012 14 19 0
2466 1012 13 19 0

1896 1039 60 21 Gin:
1976 1038 55 22 Pale
2048 1039 23 21 in
2082 1038 59 22 bond
2237 1040 14 19 0
2277 1039 13 20 3
2317 1039 14 20 0
2347 1052 19 6 ..
2384 1039 15 20 0
2426 1038 15 20 4
2467 1038 13 20 0

1945 1066 85 25 Case,4
2036 1065 37 27 gal
2082 1066 37 20 4-5
2128 1066 24 20 in
2161 1065 61 21 bond
2237 1066 11 19 1
2277 1066 12 20 8
2316 1067 14 18 0
2347 1079 19 6 ..
2385 1065 13 20 t
2414 1065 27 20 10
2469 1066 11 19 0

1896 1091 80 23 Hams:
1992 1092 130 27 Yorkshire,
2136 1099 41 20 per
2185 1092 37 21 lb.
2237 1094 14 19 0
2279 1092 10 21 1
2317 1093 14 20 0
2349 1106 18 6 ..
2386 1092 14 21 0
2429 1092 11 19 1
2469 1092 11 19 2

1895 1119 115 21 Mustard
2017 1126 5 14 :
2039 1118 42 22 Per
2090 1118 71 22 dozen
2173 1119 118 21 ....018
2317 1120 15 19 0
2349 1132 19 7 ..
2386 1120 14 19 0
2428 1118 14 20 0
2470 1119 10 20 0

1896 1145 101 23 Mutton
2004 1154 6 14 :
2032 1145 92 22 Carcase
2134 1153 40 19 per
2183 1145 23 22 lb
2217 1161 6 7 ,
2238 1147 13 20 0
2278 1147 13 19 0
2317 1146 14 19 9
2349 1159 18 6 ..
2386 1142 14 24 6
2428 1145 52 20 Oil

1895 1171 330 23 Muskets:.Wam'utstocked
2238 1174 15 19 0
2279 1173 12 20 0
2318 1173 14 20 0
2349 1186 19 6 ..
2387 1173 13 20 0
2429 1172 14 20 0
2471 1173 9 20 0

1893 1199 80 21 Milk:
1988 1200 45 20 Per
2039 1200 50 26 pint
2237 1200 15 20 0
2278 1200 13 19 0
2317 1199 14 20 3
2349 1212 18 7 ..
2386 1200 15 19 0
2427 1199 14 20 0
2469 1200 11 19 4

1895 1226 78 22 Maize
1982 1234 5 14 :
2003 1233 41 20 per
2053 1225 78 22 bushel
2237 1227 15 20 0
2279 1224 12 22 7
2318 1226 83 20 0..0
2429 1226 13 19 0
2469 1226 11 20 0

1896 1253 56 21 Oil:
1968 1252 105 26 Linseed,
2083 1259 40 20 per
2131 1252 76 27 gallon
2217 1266 6 7 .
2237 1254 15 19 0
2278 1251 13 22 7
2318 1253 14 20 0
2349 1266 19 6 ..
2387 1253 14 20 0
2416 1252 26 21 10
2469 1253 11 20 0

1969 1279 78 26 Black,
2052 1279 24 21 in
2081 1278 174 28 cask,perton24
2280 1280 13 19 0
2320 1280 14 19 0
2351 1292 18 7 ..
2387 1280 14 19 0
2429 1280 14 19 0
2470 1280 10 19 0

2004 1306 79 26 Sperm
2153 1300 62 27 :'....
2233 1307 15 20 o
2274 1306 12 19 o
2314 1306 13 19 o
2345 1320 18 5 ..
2382 1307 14 20 o
2425 1306 12 19 o
2467 1306 12 18 o

1896 1332 75 22 Pork:
1987 1332 78 27 Fresh,
2083 1339 88 15 carcase
2187 1339 39 21 per

2011 1359 24 21 lb
2236 1361 14 19 0
2277 1361 12 19 0
2316 1359 14 20 5
2348 1373 18 6 ..
2385 1361 14 19 0
2426 1360 14 20 0
2467 1360 13 20 0

1896 1386 64 22 Pork
1967 1393 4 14 :
1988 1386 67 26 Irish,
2065 1392 42 20 per
2115 1386 74 22 barrel
2200 1400 18 7 •.
2237 1387 15 20 4
2278 1387 13 20 0
2319 1387 14 20 0
2349 1400 19 7 ..
2387 1386 13 21 5
2427 1386 14 21 5
2471 1387 9 20 0

1896 1413 118 21 Potatoes
2022 1420 5 14 :
2048 1414 57 20 New
2117 1412 107 27 Zealand,

2072 1447 40 19 per
2121 1443 40 18 ton
2171 1438 47 22 t...
2236 1441 15 20 4
2278 1441 13 20 0
2318 1441 14 20 0
2349 1454 19 7 ..
2387 1440 14 22 7
2428 1441 14 20 0
2470 1441 10 20 0

1896 1466 93 22 Porter
1998 1474 6 14 :
2034 1466 102 27 Dunbar,
2147 1466 24 22 in
2176 1466 48 22 hot.

2062 1499 40 21 per
2112 1493 106 21 d0z.....
2236 1495 15 19 0
2277 1495 13 19 0
2317 1495 14 19 0
2348 1507 18 7 ..
2385 1495 14 19 0
2427 1495 14 19 0
2470 1495 10 19 0

2003 1519 87 28 Bryant
2099 1520 45 22 and
2153 1520 72 21 Davi*
2236 1522 15 19 0
2279 1521 12 20 0
2318 1521 13 20 0
2349 1534 18 7 ..
2387 1521 14 20 0
2428 1521 14 20 0
2470 1523 10 18 0

1895 1546 97 22 Pickles
2004 1554 6 14 :
2042 1546 115 27 Assorted,
2175 1556 3 4 -
2187 1553 39 21 per

2067 1573 57 27 doz.,
2149 1576 76 24 quarts
2240 1574 50 20 11
2319 1575 14 19 0
2350 1588 18 6 ..
2389 1575 10 19 1
2417 1575 26 19 10
2471 1575 9 18 0

1895 1600 73 22 Pitch
1980 1607 5 15 :
2019 1600 138 27 Stockholm,
2187 1607 40 21 per

2044 1627 73 21 barrel
2239 1629 14 20 0
2279 1629 12 19 0
2319 1629 14 19 0
2349 1641 19 7 ..
2388 1628 11 19 1
2428 1628 13 20 5
2470 1629 10 20 0

1896 1654 79 22 Plank
1983 1662 6 13 :
2019 1654 55 22 Port
2093 1653 132 27 Nicholson,

2044 1688 40 20 per
2093 1681 40 21 100
2142 1680 47 22 feet
2201 1695 18 6 ..
2238 1683 13 19 0
2266 1682 25 20 10
2318 1683 14 19 0
2349 1695 18 6 ..
2386 1683 14 19 0
2415 1682 26 20 12
2468 1683 12 20 0

1896 1707 68 22 Rice:
1976 1708 112 21 Common
2097 1711 94 23 percwt.
2203 1722 18 6 ..
2239 1709 14 20 0
2279 1709 12 19 0
2319 1709 14 20 0
2350 1722 18 7 ..
2387 1706 14 23 0
2416 1709 26 20 10
2469 1710 11 19 0

1976 1734 67 22 Good
2238 1736 11 19 1
2277 1735 14 21 4
2319 1736 13 20 0
2349 1749 18 6 ..
2387 1735 12 21 I
2415 1736 26 20 10
2469 1737 11 19 0

1896 1761 54 22 Rum
1957 1768 6 14 :
1979 1761 25 22 P.
2015 1761 27 21 B.
2053 1761 37 25 P.*
2102 1768 39 20 per
2149 1761 76 27 gallon

2016 1788 24 21 in
2055 1788 60 22 bond
2237 1790 14 20 0
2277 1789 13 21 3
2318 1789 12 19 0
2349 1802 17 7 ..
2386 1791 13 19 0
2427 1789 12 20 5
2467 1791 13 19 0

1895 1815 88 21 Sugar:
2001 1815 119 21 Mauritius
2130 1822 40 20 per
2177 1819 48 17 cwt.
2240 1817 14 19 0
2280 1817 13 19 0
2320 1817 14 19 0
2351 1829 19 7 ..
2404 1822 56 15 none

2003 1842 82 22 Brown
2099 1842 55 22 ditto
2171 1844 76 19 ....l
2275 1843 13 20 2
2316 1843 79 21 0..1
2425 1843 13 21 8
2467 1843 12 20 0

2004 1868 97 22 Refined
2116 1869 53 26 loaf,
2187 1876 39 20 per

2029 1895 23 22 lb
2238 1899 14 19 0
2278 1897 13 19 0
2319 1896 13 22 7
2349 1910 19 6 ..
2386 1897 14 20 0
2428 1897 13 20 0
2469 1897 11 20 8

2005 1922 97 26 Manilla
2118 1929 40 19 per
2170 1926 50 19 cwt.
2237 1925 9 20 1
2276 1924 12 20 0
2316 1925 14 19 0
2347 1937 19 7 ..
2385 1924 11 20 1
2425 1924 14 20 6
2466 1925 12 19 0

1895 1948 71 21 Salt:
1983 1948 126 27 Liverpool,
2119 1954 40 20 per
2168 1951 54 18 ton.
2236 1951 14 18 0
2277 1949 13 20 0
2317 1951 14 18 0
2348 1962 19 6 ..
2386 1951 17 18 O
2418 1950 23 19 -0
2469 1951 11 18 0

1895 1974 59 21 Soap
1963 1981 4 14 :
1996 1974 102 21 Hawes's
2120 1974 103 25 London,

2022 2003 85 21 perton
2224 2002 26 19 20
2277 2001 13 20 0
2318 2002 13 19 0
2349 2001 50 20 ..23
2429 2002 13 19 0
2469 2003 11 18 0

2013 2026 118 27 Liverpool
2225 2028 25 20 16
2277 2028 13 19 0
2317 2028 15 20 0
2348 2028 51 20 ..18
2428 2028 12 19 0
2468 2029 12 20 0

1896 2054 90 21 Starch
1994 2061 5 14 :
2016 2054 43 21 Per
2067 2053 23 22 lb
2239 2055 14 20 0
2279 2055 13 20 0
2319 2055 14 20 9
2350 2068 19 6 ..
2387 2055 15 20 0
2430 2055 10 20 1
2469 2056 11 20 0

1896 2080 143 22 Scantling:
2055 2080 43 22 Per
2106 2082 39 20 100
2154 2080 67 22 feet..
2239 2083 14 19 0
2281 2082 11 20 8
2320 2082 14 19 0
2351 2095 19 6 ..
2389 2082 54 20 012
2470 2084 10 18 0

1896 2108 115 21 Shingles
2018 2115 6 14 :
2041 2108 42 21 Per
2091 2108 60 26 1000,
2161 2107 28 22 N.
2198 2107 25 22 Z.
2239 2109 13 20 0
2279 2108 12 19 9
2319 2109 14 19 0
2350 2122 18 5 ..
2387 2109 56 20 012
2469 2111 11 18 0

2027 2134 70 27 Ditto,
2118 2134 29 21 V.
2158 2134 29 22 D.
2198 2134 27 21 L.
2239 2136 13 19 0
2279 2136 13 19 0
2320 2136 14 19 0
2351 2148 19 7 ..
2388 2136 55 20 010
2469 2137 11 19 6

1895 2162 50 21 Tar
1952 2169 5 13 :
1973 2161 55 22 Coal
2240 2162 50 20 11
2319 2163 14 18 G
2351 2175 19 6 ..
2389 2163 14 19 0
2430 2163 13 20 0
2469 2164 11 18 0

1976 2187 131 23 Stockholm
2242 2189 10 20 I
2281 2189 10 20 1
2320 2189 83 20 0..0
2430 2190 13 20 0
2470 2191 10 18 0

1896 2215 61 22 Tea:
1966 2215 82 27 Hyson
2053 2214 56 28 skin,
2116 2222 39 20 per
2164 2214 63 22 chest
2240 2217 12 19 5
2279 2217 14 20 0
2320 2216 15 20 0
2351 2229 19 6 ..
2390 2215 12 21 7
2431 2216 12 21 7
2470 2218 10 18 0

1970 2242 95 26 Congou
2227 2243 27 21 10
2280 2244 13 20 0
2321 2243 14 20 0
2351 2256 19 6 ..
2389 2244 13 19 0
2417 2243 24 21 18
2469 2245 11 19 0

1896 2268 105 22 Tobacco
2009 2276 6 14 :
2030 2268 141 28 Negrohead,
2188 2276 40 19 per

2054 2295 32 22 lb.
2099 2296 24 21 in
2138 2295 60 21 bond
2240 2298 12 19 0
2280 2297 8 20 1
2320 2297 49 19 0..
2387 2297 14 19 0
2431 2297 9 20 1
2469 2298 11 19 G

1896 2322 164 22 Turpentine:
2076 2322 146 27 Pergallon..
2241 2325 12 19 0
2280 2324 13 20 8
2321 2323 13 20 0
2351 2336 19 7 ..
2389 2324 14 20 0
2418 2323 25 21 10
2469 2325 11 19 0

1896 2349 162 22 Whalebone:
2074 2349 92 22 Perton
2227 2352 26 19 90
2279 2351 14 20 0
2320 2351 13 19 0
2351 2350 66 21 ..110
2430 2351 13 19 0
2469 2351 11 20 0

1896 2375 81 22 Wine:
1994 2376 90 27 Sherry,
2095 2383 40 20 per
2142 2376 50 27 pipe
2204 2378 49 20 ..28
2280 2378 13 20 0
2321 2377 13 21 0
2352 2377 51 20 ..40
2430 2379 13 19 0
2469 2379 11 19 0

2004 2402 72 28 Ditto,
2092 2410 40 20 per
2145 2402 80 22 dozen.
2242 2405 9 19 1
2278 2405 15 20 4
2320 2404 14 20 0
2351 2417 18 7 ..
2388 2404 55 20 210
2469 2405 11 19 0

2006 2430 61 27 Port,
2077 2436 40 21 per
2126 2430 51 30 pipe
2202 2432 51 20 ..28
2278 2432 14 20 0
2319 2431 14 20 0
2350 2431 52 20 ..60
2429 2432 13 20 0
2467 2432 13 19 0

2072 2457 99 26 perdoz.
2200 2459 49 20 ..1
2277 2459 13 19 8
2318 2459 14 19 0
2348 2471 20 6 ..
2385 2458 15 20 2
2427 2459 13 19 8
2467 2459 12 19 0

2004 2483 151 28 Champagne,
2169 2483 55 22 ditto
2237 2486 14 20 2
2277 2485 13 19 5
2317 2485 14 19 0
2348 2497 19 7 ..
2385 2485 14 19 4
2415 2485 25 20 10
2467 2485 12 19 0

1896 2510 122 22 Poultry:
2034 2510 79 27 Fowls,
2119 2517 41 20 per
2165 2511 60 26 pair.
2241 2513 13 19 0
2280 2512 13 20 8
2321 2512 14 19 0
2350 2524 20 6 ..
2389 2512 14 19 0
2417 2512 26 20 16
2469 2513 11 18 0

2031 2536 85 28 Ducks,
2126 2536 56 22 ditto
2202 2551 18 6 ..
2239 2538 52 20 016
2319 2538 13 20 0
2350 2551 18 6 ..
2387 2539 14 19 0
2428 2539 14 19 0
2469 2539 11 19 0

2033 2564 79 27 Geese,
2123 2563 57 22 each
2201 2577 19 7 ..
2241 2566 9 19 1
2277 2565 14 20 0
2319 2565 12 19 0
2349 2578 18 6 ..
2387 2565 13 20 0
2427 2566 14 19 0
2467 2566 13 19 0

2031 2590 109 28 Turkeys,
2150 2590 56 22 each
2240 2592 52 21 010
2320 2593 12 19 0
2350 2605 20 6 ..
2388 2592 15 20 0
2429 2593 14 19 0
2468 2593 12 19 0

2032 2617 104 27 Pigeons,
2146 2617 78 27 (wild,)

2058 2651 41 20 per
2107 2644 49 28 pair
2240 2646 13 20 0
2280 2645 10 21 1
2319 2645 83 21 0..0
2426 2646 14 20 2
2468 2646 12 19 0

2032 2671 84 26 Ducks,
2124 2671 37 21 do.
2171 2671 51 22 do..
2241 2673 13 20 0
2279 2673 14 20 4
2320 2673 13 19 0
2351 2685 19 7 ..
2388 2673 14 19 0
2428 2673 14 19 6
2467 2673 13 19 0

1896 2698 73 22 Eggs:
1988 2699 43 21 Per
2041 2698 71 22 dozen
2242 2701 13 19 0
2281 2701 13 19 2
2321 2699 14 21 6
2352 2713 18 5 ..
2389 2700 14 18 0
2430 2700 13 20 3
2469 2699 11 19 0

1896 2725 77 22 Cows:
1988 2725 74 22 Milch
2229 2726 24 21 15
2280 2728 13 18 0
2321 2726 80 20 0..25
2429 2728 14 18 0
2469 2727 11 19 0

1897 2752 96 22 Mares:
2010 2751 75 23 Brood
2226 2753 27 21 50
2279 2754 13 20 0
2320 2753 13 20 0
2350 2753 52 21 ..80
2428 2753 14 20 0
2467 2753 13 19 0

1898 2779 115 22 Working
2030 2779 133 22 Bullocks:
2185 2779 44 22 Per

1922 2806 49 27 pair
2227 2807 28 21 40
2280 2808 13 20 0
2321 2807 14 20 0
2350 2807 53 20 ..60
2429 2807 14 20 0
2468 2806 12 20 0

1896 2832 63 22 Hire
1970 2840 27 14 of
2010 2840 66 15 ditto
2083 2840 6 14 :
2104 2833 44 21 Per
2154 2833 51 27 day,
2214 2840 13 14 a

1923 2863 60 18 team
1990 2859 49 21 and
2045 2859 177 22 driver........
2242 2861 9 19 1
2280 2861 13 20 0
2321 2860 13 20 0
2351 2873 19 7 ..
2389 2860 14 20 2
2429 2861 14 19 0
2468 2860 12 20 0

1896 2886 88 22 Sheep:
1999 2885 87 22 Each.:
2241 2887 9 20 1
2279 2887 12 21 0
2319 2887 14 20 0
2349 2899 20 7 ..
2389 2887 10 20 1
2429 2887 13 21 8
2468 2887 12 19 0

1896 2912 63 22 Boat
1969 2912 74 22 Hire:
2060 2912 42 22 Per
2107 2912 50 32 day,
2163 2912 64 22 with-

2087 2942 40 18 out
2135 2939 88 22 hands.
2238 2941 13 19 0
2266 2939 25 21 10
2319 2941 14 19 0
2349 2953 19 7 ..
2389 2939 8 21 1
2428 2941 15 20 0
2468 2940 12 20 0

1896 2965 86 23 Wages
1989 2973 5 14 :
2023 2965 140 28 Mechanics,
2187 2973 40 20 per

2050 2992 62 22 week
2239 2993 14 21 2
2278 2994 14 20 0
2319 2993 50 21 0..
2387 2993 14 21 2
2416 2994 28 21 10
2467 2994 13 20 0

2034 3019 124 23 Labourers
2175 3034 45 6 ....
2240 3021 10 20 1
2277 3021 15 20 4
2319 3021 14 20 0
2350 3033 19 7 ..
2389 3021 11 20 1
2416 3021 27 21 10

2132 3047 121 22 DUTIES.

1896 3073 100 22 British
2008 3074 90 22 Spirits
2310 3075 32 20 4s.
2352 3081 41 20 per
2400 3073 77 28 gallon.

1896 3100 107 22 Foreign
2015 3099 55 23 ditto
2310 3101 32 21 ss.
2352 3101 125 27 pergallon.

1896 3127 107 23 Tobacco
2012 3127 177 28 manufactured,
2314 3129 30 21 Is.
2351 3135 41 20 per
2401 3128 29 21 lb.

2011 3154 216 24 Unmanufactured.
2310 3154 36 22 9d.
2357 3162 40 20 per
2404 3154 30 22 lb.

1897 3181 74 22 Snuff
2311 3183 32 20 2s.
2351 3188 41 21 per
2399 3181 30 22 lb.

1897 3208 86 22 Cigars
2312 3209 32 21 2s.
2352 3215 42 21 per
2401 3207 29 23 lb.

1896 3234 83 23 Wines
1990 3239 9 6 *
2303 3235 26 21 15
2342 3242 40 21 per
2391 3237 53 20 cent.

1896 3261 56 27 Tea,
1966 3262 87 27 Sugar,
2069 3263 87 26 Flour,
2173 3262 97 27 Wheat,
2277 3263 10 33 ]

1915 3287 45 23 and
1969 3289 65 21 other
2044 3289 87 27 Grain,
2141 3291 14 19 5
2164 3296 40 20 per
2213 3292 57 20 cent.
2283 3284 4 27 I
2311 3293 29 18 '■«
2380 3303 21 10 i-
2403 3308 42 8 M_,

1888 3313 2 32 |
1896 3315 40 22 All
1945 3314 65 24 other
2018 3315 106 23 Foreign
2129 3316 143 27 productions
2281 3313 14 25 f
2313 3303 30 22 ad
2352 3303 101 23 valorem-

1910 3341 44 23 and
1958 3343 169 21 manufactures
2135 3344 26 20 10
2166 3350 40 19 per
2213 3346 56 20 cent.
2274 3338 14 31 J

2099 3369 185 24 EXCHANGE.

1896 3406 68 26 B«
1973 3409 52 23 bills
2034 3416 29 16 on
2073 3409 97 24 London

1897 3449 36 23 On
1942 3449 90 28 Sydney
2316 3451 71 24 Ditto.

1897 3475 89 23 Private
1995 3472 51 26 bills
2292 3477 112 21 Nominal.

1917 3533 39 17 The
1966 3533 50 17 Net*
2026 3533 100 18 Zealand
2136 3535 94 18 Gazettx
2235 3536 36 17 and
2281 3536 132 17 Weilingtox
2424 3534 49 17 Bmc

1896 3558 65 13 taxob
1964 3553 18 18 is
1988 3553 99 22 published
2093 3559 54 18 every
2153 3556 113 22 Wednesday
2275 3557 37 17 and
2322 3557 91 19 Saturday.
2433 3553 40 18 Sub*

1894 3574 62 22 Joined
1962 3578 32 13 are
2001 3574 31 18 the
2038 3577 65 16 terms:
2105 3585 23 4 —

1917 3595 64 18 Pbicx
1987 3599 26 14 oa
2018 3600 42 13 xax
2067 3597 152 22 Pa*je».—Forty
2223 3597 84 23 shillings
2312 3601 32 17 per
2353 3599 73 17 annum,
2436 3598 37 18 pay-

1896 3616 40 17 able
1942 3616 19 16 in
1968 3616 91 22 advance;
2070 3621 21 14 or
2096 3618 87 21 sixpence
2189 3619 29 17 for
2223 3619 58 21 single
2292 3619 92 17 numbers.

1917 3637 158 18 Advertisements
2081 3639 38 17 Trill
2124 3640 34 16 not
2164 3644 66 17 appear
2238 3640 20 17 in
2268 3640 32 17 the
2309 3639 79 21 ensuing
2397 3636 72 18 number

1895 3657 19 17 if
1920 3658 86 17 received
2010 3658 47 18 later
2063 3659 46 18 than
2121 3661 20 16 10
2147 3660 75 20 o'clock,
2229 3665 47 15 a.m.,
2281 3665 25 12 on
2312 3661 32 16 the
2349 3658 90 20 mornings
2444 3656 29 16 be-

1896 3679 37 17 fore
1946 3678 121 21 publication.
2088 3680 158 19 Advertisements
2258 3681 38 17 will
2305 3682 22 16 be
2337 3679 96 18 oontinutd
2439 3677 32 16 and

1895 3699 78 21 charged
1983 3700 51 17 until
2042 3701 169 21 counter-ordered;
2222 3702 45 17 such
2272 3701 52 18 order
2328 3701 52 17 must
2385 3701 21 16 b«
2412 3699 39 16 sent
2457 3697 16 15 to

1896 3720 32 17 the
1936 3720 56 17 Office
2004 3722 37 16 two
2058 3722 46 21 days
2122 3722 62 18 before
2187 3722 123 21 .publication,
2320 3722 37 17 and
2364 3721 51 17 must
2423 3720 21 16 be
2453 3720 18 13 in

1895 3741 80 21 Writing.
1999 3740 158 20 Advertisements
2170 3743 82 17 received
2268 3743 53 22 afttr
2336 3743 22 17 10
2372 3740 65 18 o'clock
2451 3741 20 12 on

1895 3762 85 20 Tuesday
1991 3762 38 18 and
2039 3763 67 22 Friday
2116 3764 95 21 mornings
2221 3763 37 18 will
2267 3764 22 17 be
2300 3762 77 21 charged
2386 3760 50 18 twice

1896 3782 54 18 usual
1954 3784 57 15 rates.
2281 3793 5 5 .
2356 3799 6 1 .

1917 3803 30 17 All
1952 3804 69 19 orders,
2031 3804 160 20 advertisements,
2201 3804 36 17 and
2248 3802 159 19 communications
2417 3802 19 15 to
2444 3800 29 15 t»

1896 3824 70 20 Editor,
1971 3828 33 13 are
2009 3825 98 20 requested
2112 3827 19 15 to
2138 3826 23 16 be
2166 3824 97 18 addressed
2267 3825 19 16 to
2293 3824 38 16 this
2337 3821 60 19 Oflo*»

1895 3870 76 17 Printed
1985 3870 37 16 and
2035 3871 99 20 published
2150 3874 55 17 every
2220 3870 111 20 Wednesday
2346 3868 38 18 and
2392 3864 81 30 Saturday

1916 3891 92 21 morning,
2021 3891 24 21 by
2064 3892 85 16 Samuel
2163 3892 87 18 Rxtaxs,
2265 3892 19 15 at
2298 3890 33 17 the
2345 3889 54 17 Offlo*
2413 3887 21 16 of
2442 3887 30 13 tn«

1917 3912 47 17 Nsw
1980 3912 100 17 Zealakd
2091 3912 92 17 Oabsttb
2194 3916 41 13 akd
2249 3913 131 16 wwnnromw
2396 3908 69 21 »■??*

1917 3937 42 14 »oh,
1972 3933 158 19 Manners-street,
2140 3933 114 21 Wellington,
2267 3933 41 17 Pprt
2320 3929 101 19 Nicholson.
2434 3928 38 15 »•»

1917 3954 87 12 Zealand.

702 697 44 23 We
755 697 134 23 understand
900 696 50 25 that
960 697 35 24 H.
1008 697 27 24 S.
1044 697 128 31 Chapman,
1182 697 67 31 Esq.,

670 729 24 23 of
703 729 38 24 the
753 730 112 24 Northern
879 730 96 29 Circuit,
988 730 44 23 and
1044 739 14 13 a
1065 730 104 24 member
1178 731 26 22 of
1213 731 37 23 the

670 762 162 31 West-Riding
840 763 107 23 Sessions
955 763 55 28 Bar,
1018 763 42 22 has
1064 763 58 23 been
1130 764 121 30 appointed

670 796 105 23 advocate
791 800 21 19 to
825 796 37 23 the
875 796 56 23 New
944 796 102 23 Zealand
1059 796 126 31 Company,
1207 797 44 23 and

671 829 44 23 will
726 829 83 30 shortly
821 828 95 32 proceed
927 833 24 19 to
962 829 150 30 Wellington,
1129 829 38 23 the
1180 829 69 24 Com-

670 862 79 31 pany's
773 862 111 30 Principal
903 862 137 23 Settlement
1061 864 23 22 in
1108 862 50 24 that
1178 864 74 31 rising

672 894 94 31 Colony.
794 895 46 23 Mr.
852 894 127 32 Chapman,
991 895 18 23 it
1018 895 45 23 will
1072 895 28 23 be
1108 895 141 31 recollected,

670 935 45 16 was
737 928 102 30 formerly
857 935 42 16 one
919 928 26 23 of
965 928 39 23 the
1024 928 120 24 Assistant
1167 929 83 25 Hand-

670 960 74 24 Loom
756 960 184 24 Commissioners
949 961 36 23 for
996 961 46 23 this
1051 961 97 30 district,
1159 963 45 23 and
1215 964 36 24 his

670 998 76 27 report
756 994 20 23 is
785 994 83 23 known
879 998 22 19 to
913 1002 69 23 many
994 994 26 24 of
1028 1002 41 16 our
1080 996 100 23 readers.
1211 996 39 25 He

669 1027 20 23 is
701 1027 125 23 considered
839 1035 14 15 a
863 1027 82 23 skilful
955 1027 101 32 political
1064 1029 133 29 economist,
1209 1029 42 25 has

669 1060 57 24 been
738 1060 35 23 for
783 1067 59 16 some
859 1068 67 23 years
939 1069 14 15 a
964 1060 144 24 contributor,
1123 1065 22 20 to
1157 1067 61 19 most
1228 1064 25 23 of

671 1093 36 23 the
719 1093 106 31 principal
837 1093 115 32 quarterly
964 1095 93 22 reviews
1066 1102 30 15 on
1108 1094 38 24 the
1157 1095 94 25 Liberal

670 1126 55 29 side,
738 1126 43 23 and
790 1127 19 22 is
826 1126 39 23 the
885 1126 82 24 anthor
979 1127 25 23 of
1020 1127 87 24 several
1126 1128 90 25 articles
1227 1130 24 23 in

670 1159 37 25 the
719 1166 50 16 new
780 1159 80 24 edition
872 1160 26 22 of
912 1160 39 23 the
962 1160 178 31 Encyclopadia
1157 1161 94 25 Britan-

670 1193 57 28 nica,
741 1200 79 24 among
837 1192 74 23 which
922 1201 33 14 we
968 1201 53 23 may
1032 1195 102 22 mention
1146 1194 38 24 the
1196 1196 55 23 arti-

670 1226 34 22 cle
717 1226 15 14 4t
741 1226 106 30 Weaving
960 1226 69 24 Wool
1040 1227 44 23 and
1096 1227 31 24 its
1134 1229 117 23 manufac-

763 1267 22 15 as
793 1259 152 31 immediately
952 1260 138 32 concerning
1098 1260 38 24 the
1145 1262 107 23 interests

670 1292 25 23 of
715 1300 41 16 our
777 1289 95 27 readers.
917 1293 49 23 Mr.
991 1293 119 31 Chapman
1132 1302 46 16 was
1197 1303 54 15 con-

670 1325 88 24 sidered
769 1334 12 14 a
790 1326 71 30 rising
872 1325 102 24 member
985 1327 26 22 of
1023 1327 37 22 the
1075 1327 51 29 bar,
1138 1327 74 24 where
1223 1328 29 24 he

669 1358 41 23 has
721 1358 36 24 for
768 1366 58 16 some
838 1360 54 22 time
904 1358 96 32 enjoyed
1013 1368 13 14 a
1034 1360 43 23 fair
1087 1361 108 30 practice,
1208 1361 44 24 and

670 1399 26 15 as
707 1400 13 14 a
731 1391 79 31 lawyer
821 1391 28 23 he
861 1393 20 22 is
894 1391 98 31 thought
1003 1393 50 22 well
1065 1393 26 23 of
1107 1393 55 24 both
1173 1393 31 33 by
1216 1394 35 25 his

670 1424 80 23 clients
761 1424 40 24 and
813 1424 35 23 his
860 1424 149 31 professional
1021 1426 115 24 brethern.
1167 1427 38 24 On
1214 1427 37 25 the

670 1457 52 24 card
734 1458 25 23 of
773 1457 33 24 the
819 1457 74 23 Leeds
905 1457 172 33 Philosophical
1089 1460 45 23 and
1145 1460 106 32 Literary

670 1490 98 31 Society,
780 1490 63 23 dated
855 1490 41 24 6th
907 1490 90 30 March,
1012 1499 32 15 we
1053 1492 47 24 find
1112 1492 49 24 Mr.
1174 1494 76 31 Chap-

669 1524 73 23 man's
753 1531 62 16 name
825 1523 62 24 down
898 1523 36 24 for
945 1532 14 15 a
969 1532 78 24 paper,
1087 1525 38 24 On
1134 1527 37 22 the
1181 1527 70 24 Prin-

669 1556 71 32 ciples
762 1557 21 23 of
1003 1558 44 23 and
1067 1567 34 15 we
1121 1560 64 23 learn
1202 1560 50 24 that

669 1589 48 24 Mr.
733 1589 113 32 Chapman
858 1589 42 24 has
910 1591 120 24 intimated
1043 1596 22 19 to
1078 1591 39 24 the
1129 1593 122 24 President

669 1622 48 24 that
728 1623 29 23 he
768 1622 41 24 will
821 1623 56 24 send
889 1623 38 24 the
940 1632 71 23 paper
1021 1624 82 24 should
1112 1626 29 23 he
1153 1626 28 24 be
1194 1633 57 17 nna-

668 1656 36 23 ble
725 1661 22 18 to
770 1656 72 23 attend
863 1657 24 23 in
910 1665 85 23 person
1020 1663 20 18 to
1061 1659 54 22 read
1138 1661 27 22 it.
1202 1660 47 25 Mr.

670 1688 114 32 Chapman
795 1688 40 24 has
846 1697 40 16 our
894 1690 88 24 sincere
992 1691 82 24 wishes
1080 1692 38 23 for
1127 1692 35 24 his
1172 1692 78 25 health

668 1723 44 22 and
722 1723 131 30 prosperity.
854 1735 35 4 —
889 1722 75 24 Leeds
974 1721 121 35 Mercury,
1107 1725 55 24 Feb.
1174 1728 25 23 4.

702 1756 109 23 Isthmus
823 1763 31 16 of
873 1756 126 25 Panama.
1000 1770 34 5 —
1035 1758 52 24 The
1105 1759 76 23 works
1198 1768 53 23 pre-

667 1793 105 27 paratory
791 1793 23 19 to
837 1789 38 23 the
897 1796 195 19 commencement
1115 1792 24 23 of
1163 1794 88 31 cutting

667 1821 99 32 through
776 1822 36 23 the
823 1822 104 24 Isthmus
947 1823 26 24 of
988 1823 103 25 Panama
1102 1833 38 15 are
1152 1826 98 24 advanc-

667 1855 40 31 ing
719 1855 90 32 rapidly.
846 1855 50 24 The
907 1857 73 23 entire
995 1857 80 31 length
1087 1858 27 24 of
1127 1859 46 23 this
1186 1861 64 22 canal

667 1888 46 23 wiU
723 1888 28 24 be
763 1890 29 23 49
802 1888 66 23 miles
877 1898 5 20 ;
902 1889 31 24 its
953 1890 96 25 breadth
1069 1896 25 19 at
1104 1892 39 23 the
1162 1893 89 23 surface

668 1923 47 22 135
727 1922 63 27 feet;-
805 1922 44 22 and
859 1922 30 23 its
899 1923 70 30 depth
981 1925 32 21 20
1025 1924 53 23 feet.
1116 1925 35 23 M.
1166 1926 90 27 Morel;'

668 1954 37 23 the
717 1955 108 30 engineer,
839 1955 116 23 estimates
967 1956 30 22 its
1016 1962 48 17 cost
1075 1961 24 18 at
1118 1958 132 28 £560,000

667 1987 93 29 serling.

700 2026 201 24 Proclamation
933 2034 31 16 of
994 2035 17 15 a
1181 2028 69 24 Ele-

778 2071 33 5 —
812 2059 61 23 Lord
894 2059 173 32 Ellenborough
1091 2062 52 28 will,
1166 2061 83 24 hence-

667 2092 69 28 forth,
757 2092 23 23 be
792 2092 81 24 known
894 2101 25 15 as
931 2092 39 24 the
992 2094 112 31 Sampson
1118 2095 25 23 of
1167 2094 68 24 India
1243 2097 6 23 !

668 2125 38 23 He
728 2130 78 18 vaunts
826 2125 35 23 his
879 2127 107 30 ministry
1006 2127 38 23 for
1060 2129 94 30 having,
1174 2136 26 15 as
1221 2130 29 22 its

666 2163 100 25 greatest
775 2158 159 30 achievement,
948 2160 87 23 carried
1045 2168 61 24 away
1141 2162 38 22 the
1187 2167 64 26 gates

667 2192 24 23 of
716 2192 38 23 the
773 2192 80 31 temple
874 2193 26 22 of
923 2193 128 24 Somnauth
1052 2207 34 3 —
1087 2194 39 24 the
1143 2200 66 26 gates
1228 2196 25 23 of

877 2225 27 24 If
919 2226 63 24 Lord
1002 2227 183 32 Ellenborough,
1206 2228 44 24 fol-

666 2257 84 32 lowing
760 2266 28 23 up
800 2259 37 23 the
849 2258 56 31 high
917 2259 68 24 deeds
999 2261 24 22 of
1042 2261 122 31 Sampson,
1178 2262 73 23 would

667 2291 55 24 wish
741 2296 22 18 to
779 2291 47 32 slay
839 2299 45 24 any
901 2293 96 23 number
1010 2294 25 22 of
1049 2294 145 30 Philistines,
1214 2295 36 23 his

665 2324 158 31 proclamation
838 2330 23 18 to
873 2325 39 23 the
960 2326 95 24 Princes
1068 2328 46 22 and
1127 2328 79 23 Chiefs
1228 2329 24 22 of

666 2357 39 24 the
725 2358 82 31 People
827 2358 26 23 of
994 2367 80 24 proves
1095 2361 48 23 that
1162 2362 28 23 he
1209 2369 41 16 can

667 2398 69 16 never
748 2391 25 23 be
784 2391 93 24 without
889 2392 38 23 the
940 2400 121 24 necessary
1082 2402 99 24 weapon.

701 2424 51 23 The
764 2425 158 31 proclamation
933 2425 82 32 begins
1023 2436 5 14 :
1031 2440 34 3 —

787 2456 112 25 Brothers
921 2459 45 23 and
988 2467 39 24 my
1056 2461 107 24 Friends.
1166 2474 28 4 —
1201 2461 50 24 Our

668 2491 119 23 victorious
799 2498 63 23 army
872 2491 68 24 bears
953 2492 38 24 the
1002 2498 65 26 gates
1079 2494 26 23 ef
1119 2494 39 23 the
1167 2495 84 31 temple

668 2525 25 23 of
708 2524 122 24 Somnauth
847 2525 25 23 in
888 2525 102 32 triumph
1001 2527 58 23 from
1079 2528 171 30 Afghanistan,

668 2557 43 24 and
724 2557 37 24 the
771 2557 113 32 despoiled
905 2560 64 23 tomb
978 2560 26 23 of
1019 2560 84 24 Sultan
1124 2561 127 24 Mahmoud

666 2590 67 24 looks
745 2598 57 24 upon
813 2591 38 23 the
863 2592 64 23 ruins
940 2593 26 23 of
982 2593 121 24 Ghuznee.

701 2624 63 23 Lord
781 2624 172 32 Ellenborough
974 2626 56 24 calls
1049 2628 39 22 the
1109 2628 97 23 Princes
1228 2629 26 23 of

668 2656 67 24 India
753 2657 33 23 his
994 2659 43 25 We
1057 2661 70 23 much
1146 2662 105 30 question

668 2690 98 23 whether
776 2690 30 23 all
818 2691 24 22 of
865 2691 62 24 them
940 2692 46 23 will
1005 2693 44 24 feel
1063 2701 56 24 very
1134 2694 73 31 proud
1229 2696 25 22 of

668 2723 59 23 their
747 2724 69 30 newly
833 2724 131 24 discovered
982 2726 102 25 relative.
1122 2727 40 24 He
1180 2727 71 25 winds

667 2764 31 24 up
709 2757 36 22 his
753 2757 159 31 proclamation
924 2758 55 23 with
989 2759 38 24 the
1038 2760 117 31 following
1163 2769 6 15 :
1171 2774 34 3 —

800 2791 49 23 that
868 2791 60 30 good
947 2792 150 30 Providence,
1119 2793 72 25 which
1208 2795 43 24 has

666 2823 110 24 hithertoo
796 2830 25 17 so
842 2824 132 32 manifestly
995 2826 116 32 protected
1138 2835 42 22 me,
1204 2828 49 24 still

668 2857 83 23 extend
767 2861 21 19 to
798 2864 34 16 me
851 2858 30 23 its
893 2858 88 29 favour,
999 2859 48 23 that
1066 2859 14 25 I
1101 2868 53 23 may
1166 2869 25 16 so
1211 2869 41 16 use

667 2889 38 24 the
716 2898 70 22 power
806 2898 52 16 now
868 2892 114 23 intrusted
994 2897 22 19 to
1037 2901 38 24 my
1087 2893 81 31 hands,
1187 2903 25 15 as
1228 2900 23 19 to

667 2922 97 24 advance
783 2931 56 23 your
862 2926 130 31 prosperity
1018 2926 44 24 and
1088 2934 79 17 secure
1195 2936 57 23 your

666 2955 126 33 happiness,
811 2957 30 31 by
860 2958 94 32 placing
965 2959 38 24 the
1021 2961 71 22 union
1105 2961 25 23 of
1147 2969 41 16 our
1204 2967 47 19 two

668 2990 108 24 countries
786 2998 62 24 upon
858 2991 147 25 foundations
1016 2993 75 24 which
1104 3002 51 24 may
1171 2995 81 24 render

666 3024 19 22 it

701 3061 73 25 Me—
774 3071 33 15 me
808 3077 32 4 —
841 3063 53 23 me!
927 3063 73 24 What
1017 3069 94 27 strange
1122 3066 91 25 notions
1229 3069 26 23 of

667 3096 137 24 Providence
820 3105 53 22 may
889 3104 93 23 possess
994 3106 14 15 a
1027 3098 225 33 Governor-general

666 3129 27 24 of
708 3129 64 24 India
780 3130 5 23 !
820 3130 95 30 Among
926 3130 66 23 other
1002 3132 75 30 poetic
1088 3136 104 27 matters,
1213 3134 39 25 the

668 3162 114 24 Governor
793 3170 53 23 says
855 3171 6 15 :
862 3175 34 4 —
907 3167 4 4 '

701 3200 50 24 The
761 3200 65 24 insult
838 3200 26 24 of
879 3202 49 23 800
935 3209 67 23 years
1013 3202 21 23 is
1040 3206 25 20 at
1076 3202 48 24 last
1131 3206 119 27 revenged.

668 3233 51 25 The
726 3239 59 26 gates
797 3234 24 24 of
835 3233 38 25 the
881 3234 85 32 temple
975 3235 25 23 of
1016 3235 136 31 Somnauth,
1163 3245 26 16 so
1197 3239 56 32 long

668 3266 37 25 the
717 3267 113 24 memorial
840 3266 25 25 of
880 3275 58 24 your
947 3268 143 24 humiliation
1093 3282 8 17 *
1113 3279 39 15 are
1158 3271 94 25 become

667 3300 39 24 the
711 3300 107 32 proudest
827 3301 83 23 record
920 3301 27 23 of
964 3309 56 23 your
1032 3303 102 24 national
1152 3304 65 32 glory
1218 3319 34 4 —

667 3332 39 25 the
725 3334 63 32 proof
806 3334 26 24 of
853 3341 59 23 your
922 3334 137 32 superiority
1081 3336 26 24 in
1118 3345 62 16 anna
1198 3346 53 17 over

668 3366 38 25 the
717 3368 85 23 nations
813 3367 90 31 beyond
914 3367 39 24 the

700 3399 78 25 Punch
788 3400 73 25 would
873 3401 59 24 have
943 3401 70 24 much
1023 3401 64 25 liked
1103 3407 28 25 to,
1145 3411 38 17 see
1201 3405 50 24 how

667 3433 143 32 vigourously
821 3433 39 25 the
872 3434 237 25 Governor-General
1121 3437 76 25 thrust
1214 3439 37 24 his

668 3471 84 27 tongue
760 3468 23 22 in
793 3458 38 36 jus
842 3467 81 29 cheek,
931 3468 86 32 having
1025 3469 90 30 penned
1124 3470 39 24 the
1171 3472 79 25 above.

696 3499 51 24 The
762 3500 70 24 insult
849 3501 103 30 avenged
962 3496 6 30 j
1033 3501 55 25 And
1110 3511 25 16 so
1155 3504 32 23 all
1204 3505 47 24 this

667 3532 121 25 bloodshed
804 3541 47 16 was
872 3534 54 31 only
943 3534 70 25 about
1030 3543 14 16 a
1061 3536 53 31 pair
1125 3534 27 26 of
1167 3543 65 26 gates
1244 3539 5 18 •

667 3566 41 24 All
731 3566 42 23 this
790 3566 106 29 thunder,
917 3575 26 16 as
962 3567 38 25 the
1021 3567 49 25 Jew
1087 3569 58 31 said,
1158 3571 69 24 about
1237 3580 15 16 a

668 3599 58 24 little
737 3599 31 27 bjt
783 3600 24 23 of
821 3599 73 24 bacon
905 3600 6 23 !

700 3632 56 24 And
773 3632 54 24 then
846 3631 39 25 the
997 3635 137 32 superiority
1177 3642 22 19 to
1213 3638 38 25 the

694 3665 86 31 princes
791 3665 43 24 and
846 3665 72 24 chiefs
929 3666 28 24 of
970 3665 68 26 ludia
1047 3668 6 24 !
1119 3669 47 30 Oh,
1187 3672 64 30 prin-

668 3703 47 24 ces,
727 3698 40 23 and
778 3698 36 29 oh,
835 3698 72 24 chiefs
915 3699 6 24 !
969 3699 77 25 There
1109 3710 13 16 a
1142 3704 63 23 word
1205 3717 32 5 —
1238 3713 15 16 a

668 3731 87 31 vulgar,
774 3736 39 26 yet
835 3733 131 30 expressive
990 3741 42 16 one
1032 3750 12 17 t
1062 3734 25 23 in
1104 3734 149 33 English—^a

668 3764 61 24 Word
739 3764 70 24 which
819 3772 47 23 you
876 3773 54 22 may
948 3766 73 32 safely
1040 3774 43 17 use
1101 3768 25 24 in
1145 3770 66 32 reply
1228 3776 23 20 to

659 3797 47 24 'the
731 3797 236 32 Grovernor-General,
991 3800 37 23 for
1051 3808 30 17 no
1099 3809 55 17 man
1165 3803 93 25 under-

668 3828 78 26 stands
753 3832 30 24 its
795 3831 239 32 comprehensiveness
1044 3834 82 30 better*
1145 3836 46 24 and
1202 3837 50 24 that
1254 3842 2 12 1

668 3863 61 24 word
741 3865 18 22 is
759 3877 31 3 —
790 3872 112 26 gammon.
938 3865 130 31 Moreover,
1079 3875 14 16 a
1100 3868 59 24 finer
1164 3871 89 30 sample

668 3897 26 23 of
708 3896 38 24 the
756 3897 63 32 thing
830 3905 34 15 we
875 3905 70 17 never
955 3903 47 19 met
1011 3900 61 28 .with
1088 3900 57 26 than
1162 3903 25 23 in
1205 3903 45 24 this

668 3937 62 17 same
741 3930 160 31 proclamation
913 3931 7 24 J
922 3942 35 6 —
957 3930 88 25 Punch.

92 182 161 29 M'Naughten
275 180 50 24 who
336 204 3 4 .
348 180 52 24 shot
425 181 48 23 Mr.
498 181 144 24 Drummond

57 213 50 31 (Sir
118 215 90 23 Robert
219 213 77 24 Peel's
309 213 132 31 Secretary)
463 214 42 23 has
514 214 58 23 been
583 215 59 22 tried

58 247 43 23 and
122 246 115 31 acquitted
259 255 30 15 on
308 246 47 30 the,
370 246 90 31 ground
482 246 24 23 of
532 247 107 30 insanity,

58 280 72 22 which
141 281 104 30 consigns
252 279 51 24 him
312 284 22 19 to
343 288 13 15 a
365 279 86 23 lunatic
459 279 87 30 asylum
549 279 36 23 for
592 279 47 26 life.

58 313 93 24 Several
162 312 25 23 of
202 313 37 23 the
252 312 100 32 English
369 319 83 24 papers
463 319 38 16 are
521 312 120 25 vehement

54 347 25 21 in
96 345 60 26 their
176 347 104 28 outcries,
303 345 89 32 against
411 345 57 23 such
479 344 106 30 verdicts,
604 354 36 16 re-

56 378 97 32 garding
169 378 61 25 them
248 384 25 17 as
286 385 29 16 an
336 382 190 27 encouragement
536 382 22 19 to
577 378 64 25 other

55 411 97 23 lunatics
164 416 22 18 to
195 419 30 24 go
235 411 43 23 and
289 411 28 23 do
324 410 103 24 likewise
435 420 6 19 ;
456 410 44 24 and
510 412 130 31 conceiving

56 445 48 22 that
123 444 101 30 hanging
243 443 74 24 would
338 443 71 24 check
428 443 38 24 the
477 445 121 29 repetition
619 444 24 25 of

55 477 56 23 such
132 477 138 23 enormities.
307 476 97 24 Writers
428 485 29 15 on
484 476 83 31 lunacy
584 478 58 24 have

53 510 105 23 however
178 504 237 39 sufßciently^rbVel
435 510 48 23 that
495 518 29 15 an
543 511 98 29 ignomi-

53 543 67 23 nious
132 542 66 24 death
208 542 40 23 has
259 535 126 40 no^krfbrs
396 542 37 24 for
442 543 38 23 the
492 542 93 31 lunatic,
597 544 45 23 and

54 576 47 23 that
115 575 38 24 the
172 575 73 23 desire
258 575 26 23 of
298 574 70 34 dying
384 576 32 30 by
428 575 38 24 the
478 575 72 24 hands
563 577 24 23 of
603 576 38 25 the

54 608 113 31 hangman
196 608 41 24 has
261 605 99 34 actually
381 610 23 22 in
435 617 68 23 many
526 610 115 24 instances

54 642 96 23 induced
158 641 56 23 such
222 649 95 24 persons
325 643 23 22 to
360 643 92 23 commit
459 642 83 31 capital
550 644 89 23 crimes.

54 674 76 24 There
150 682 57 16 were
218 682 63 16 some
300 674 73 24 clever
390 683 82 23 papers
491 683 29 16 on
530 674 37 33 t^e
586 684 54 15 con-

55 709 82 23 nexiou
150 708 24 23 of
191 709 68 22 crime
272 707 44 24 and
327 709 100 30 insanity
436 708 122 31 published
569 709 24 23 in
604 709 37 24 the

54 740 128 25 JSxaminer
193 740 68 24 about
274 745 42 18 two
333 749 25 15 or
370 740 62 24 three
452 749 65 23 years
527 749 50 23 ago,
597 743 43 23 and

54 772 146 32 republished
212 773 23 23 in
248 781 14 16 a
274 773 74 32 cheap'
355 773 59 24 form
426 773 75 24 which
515 774 45 24 will
571 783 71 23 repay

54 815 14 14 a
78 806 99 32 perusal.
212 806 44 23 We
266 806 29 23 do
302 810 40 19 not
379 806 46 24 this
435 812 101 18 moment
543 815 97 17 remem-

54 839 40 23 ber
106 839 38 23 the
165 839 93 23 authors
278 847 75 21 name,
372 839 42 24 but
425 840 114 24 reference
548 845 23 19 to
592 841 50 24 that

54 870 93 24 Journal
160 872 45 22 will
218 872 60 22 shew
290 872 26 22 it.

89 906 38 22 Sir
139 906 101 29 Eardley
251 905 104 29 Wilmot,
367 905 45 25 late
431 906 68 24 M.P.
512 907 35 23 for
567 907 73 25 South

55 933 175 28 Warwickshire
248 939 43 22 has
308 939 57 23 been
383 939 122 31 appointed
524 940 116 24 Governor

56 972 24 22 of
95 971 54 23 Van
161 972 111 22 Diemans
284 971 76 23 Land.

86 1005 59 22 The
157 1005 65 22 New
233 1005 128 24 Zealand
371 1005 120 24 Society.
494 1019 33 4 —
527 1006 39 25 An
576 1015 64 15 asso-

56 1038 83 22 ciation
158 1037 40 23 has
216 1037 51 32 just
284 1038 58 23 been
360 1038 94 29 formed,
475 1040 127 31 consisting
618 1041 25 23 of

56 1070 57 23 New
131 1071 99 23 Zealand
247 1071 142 24 landowners
410 1072 45 23 and
472 1073 84 29 others,
569 1074 71 23 inter-

54 1103 63 23 ested
129 1104 23 22 in
164 1104 38 22 the
214 1104 90 24 welfare
317 1104 25 24 of
357 1104 36 24 the
407 1104 57 24 New
480 1106 101 24 Zealand
594 1112 46 18 set-

55 1136 112 29 tlements,
181 1137 73 23 which
267 1137 51 23 bids
332 1138 41 22 fair
385 1142 22 19 to
430 1139 76 23 confer
519 1140 121 23 incalcula-

55 1170 36 23 ble
103 1170 84 23 benefit
198 1178 60 23 upon
277 1170 38 23 the
336 1170 88 31 colony.
461 1172 51 23 The
533 1172 107 24 colonists

53 1203 57 23 have
119 1203 149 31 occasionally
280 1203 140 31 complained
433 1205 25 22 of
473 1205 38 23 the
523 1206 117 32 inactivity

56 1236 24 23 of
95 1236 38 23 the
146 1236 105 23 absentee
269 1238 147 29 proprietors,
429 1238 44 23 and
489 1243 40 19 not
547 1240 94 24 without

52 1269 93 30 justice.
182 1269 35 24 In
237 1269 39 24 the
297 1275 8 17 l
323 1278 32 14 ew
375 1269 105 25 Zealand
503 1271 94 24 Gazette
619 1273 24 24 of

58 1302 56 24 13th
126 1302 62 31 July,
200 1302 38 24 the
250 1303 116 31 following
385 1304 155 24 observations
557 1313 66 16 occur
634 1315 6 15 :

54 1347 34 5 —
115 1334 66 32 They
218 1334 50 32 (the
279 1336 132 32 absentees)
449 1346 38 15 are
498 1339 80 31 sitting
590 1340 51 30 qui-

57 1368 44 31 etly
113 1368 30 31 by
155 1368 59 23 their
225 1368 123 30 fire-sides,
362 1370 136 32 calculating
509 1371 38 23 the
558 1380 82 23 money

56 1401 54 31 they
121 1401 45 23 will
186 1401 68 24 make
272 1403 24 22 in
317 1410 154 24 consequence
491 1405 26 22 of
530 1404 36 23 the
578 1405 62 24 risks

56 1434 37 23 the
106 1434 90 24 settlers
215 1435 57 24 have
292 1435 113 24 hazarded
425 1438 24 22 in
470 1438 90 31 coming
578 1438 62 30 here,

55 1468 43 23 and
111 1468 37 23 the
159 1469 132 30 privations,
303 1470 138 31 necessarily
451 1471 117 23 attendant
579 1480 61 22 upon

55 1501 98 31 forming
164 1502 149 28 settlements,
326 1502 73 23 which
405 1503 53 31 they
465 1503 58 24 have
531 1504 108 25 endured.

57 1534 49 24 The
117 1535 139 30 proprietors
269 1535 25 23 of
303 1535 53 23 land
367 1536 23 23 in
403 1534 98 32 (South)
513 1537 126 30 Australia,

55 1567 72 31 living
139 1568 21 22 in
175 1567 104 29 London,
292 1568 87 23 formed
397 1569 137 24 themselves
550 1571 49 23 into
611 1580 29 15 an

56 1601 142 29 association,
211 1601 44 23 and
266 1602 84 30 sought
368 1603 164 30 opportunities
545 1604 24 23 of
585 1612 54 17 con-

55 1634 110 30 tributing
178 1638 20 19 to
212 1634 37 23 the
263 1634 162 25 advancement
436 1636 24 23 of
475 1636 39 24 the
526 1637 80 31 colony
616 1639 24 23 in

56 1667 73 23 which
150 1667 53 31 they
216 1675 57 16 were
291 1668 131 24 interested.
459 1669 51 24 Our
522 1670 117 25 absentees

56 1708 56 15 nave
124 1701 83 29 proved
226 1708 43 15 one
281 1702 60 22 inert
360 1709 63 16 mass
442 1702 107 30 hitherto,
560 1703 43 24 but
621 1706 22 22 if

54 1732 53 33 they
118 1734 74 22 would
211 1734 110 29 combine,
335 1734 44 24 and
399 1735 85 31 calling
503 1736 136 25 themselves

54 1766 38 23 the
105 1767 123 23 associated
246 1767 145 25 landowner's
412 1768 25 23 of
452 1768 58 25 New
530 1770 107 30 Zealand,

56 1801 111 22 ascertain
185 1800 38 23 the
243 1805 72 19 wants
336 1806 23 18 to
378 1802 29 23 be
428 1803 101 23 satisfied
546 1803 35 24 for
601 1804 38 24 the

53 1833 83 31 speedy
147 1841 106 23 progress
265 1834 27 23 of
305 1834 39 24 the
362 1835 88 30 colony,
463 1835 54 32 they
527 1837 74 31 might
611 1837 28 24 be

53 1871 60 19 most
131 1866 73 24 useful
227 1871 23 19 to
269 1867 39 23 the
330 1868 138 33 Company's
487 1870 150 29 settlements,

54 1900 44 23 and
116 1899 72 24 check
206 1900 38 23 the
263 1900 85 31 feeling
365 1902 26 22 of
417 1902 83 23 dislike
517 1903 78 27 .which
617 1904 20 23 is

53 1934 102 29 growing
167 1940 75 23 apace,
255 1934 23 22 in
299 1941 154 24 consequence
465 1935 25 23 of
505 1935 38 23 the
561 1936 78 24 selfish

53 1965 117 24 indolence
183 1965 52 31 they
244 1965 56 24 have
313 1966 97 24 hitherto
581 1969 58 24 This

54 1998 85 32 feeling
148 1999 19 22 is
176 1999 108 31 -repeated
294 2000 23 22 in
330 2008 13 14 a
353 2002 88 29 private
449 2001 68 23 letter
528 2002 25 22 of
562 2007 77 19 recent

55 2031 57 24 date.
280 2040 54 23 says
353 2033 37 24 the
409 2035 83 28 writer,
539 2035 51 31 why
608 2036 29 23 do

55 2069 40 19 not
107 2064 38 24 the
157 2065 106 24 absentee
274 2067 139 30 proprietors
423 2068 117 29 associate,
549 2069 44 23 and
600 2075 39 25 get

54 2106 13 14 a
77 2098 67 24 Loan
163 2099 126 31 Company,
308 2099 44 24 and
370 2101 65 22 other
451 2101 75 24 useful
546 2102 91 24 institu-

52 2132 59 23 tions
124 2132 88 23 formed
221 2132 36 23 for
268 2141 28 14 us
304 2132 10 24 ?
339 2132 36 24 No
384 2134 5 24 !
409 2134 53 30 they
474 2134 58 32 hope
545 2140 22 18 to
580 2136 57 24 avail

52 2164 136 24 themselves
201 2165 25 23 of
242 2174 41 15 our
300 2166 112 32 industry.
449 2167 50 24 The
512 2169 125 30 absentees,

51 2198 23 23 in
88 2198 58 23 their
157 2203 91 26 present
260 2203 58 19 state
331 2200 25 23 of
371 2200 90 31 apathy,
475 2209 38 15 are
530 2210 14 14 a
563 2210 74 21 curse,

51 2231 34 23 for
98 2231 38 24 the
147 2236 72 19 towns
231 2231 42 24 are'
282 2232 127 25 blackened
427 2234 55 23 with
493 2235 59 23 their
562 2235 75 25 lands.

52 2264 14 23 I
78 2272 42 15 can
132 2265 73 23 forsee
218 2265 48 23 that
279 2265 38 23 the
328 2271 64 25 great
404 2267 96 23 division
513 2268 25 23 of
552 2269 85 31 parties

51 2297 54 24 here
117 2297 45 24 will
174 2298 26 23 be
201 2311 34 4 —
237 2298 88 32 Colony
336 2306 79 17 versus
426 2299 157 26 Government
595 2303 44 23 and

238 2344 34 4 —
273 2332 25 23 It
317 2332 45 23 will
380 2333 29 23 be
428 2334 125 31 gratifying
564 2340 24 19 to
600 2336 37 23 the

51 2364 107 24 colonists
170 2369 22 19 to
204 2365 71 29 learn,
288 2365 58 29 that^
356 2370 23 19 at
400 2367 38 23 the
450 2367 54 24 time
522 2368 63 24 these
597 2377 40 16 an-

52 2405 41 23 gry
111 2398 74 23 words
204 2406 59 15 were
285 2400 98 28 written,
408 2405 146 27 preparatory
576 2407 62 26 steps

52 2438 58 16 were
122 2430 69 31 being
203 2431 77 30 taken,
292 2431 86 32 having
388 2432 35 24 for
443 2434 59 23 their
515 2435 75 31 object
600 2436 39 23 the

52 2464 135 23 association
198 2465 25 23 of
239 2464 38 24 the
295 2465 143 25 landowners
455 2468 36 22 for
510 2470 129 31 promoting

52 2497 38 23 the
108 2497 90 25 welfare
217 2497 25 24 of
258 2498 38 24 the
313 2499 80 31 colony
405 2508 6 20 ;
437 2501 45 22 and
502 2501 65 24 when
586 2502 52 32 they

52 2530 95 25 reached
158 2530 117 33 England,
288 2532 39 23 the
339 2532 71 24 'New
421 2533 101 25 Zealand
534 2535 103 32 Society'

52 2572 46 15 was
109 2565 25 23 in
146 2565 114 23 existence
297 2565 36 25 for
345 2567 130 31 promoting
483 2567 38 24 the
532 2569 107 24 interests

52 2598 25 23 of
93 2598 37 23 the
141 2598 150 30 landowners,
305 2599 38 23 the
355 2600 108 24 colonists
482 2601 44 23 and
538 2601 38 23 the
589 2602 48 24 Na-

52 2631 56 23 tives
118 2631 26 23 of
158 2631 57 24 New
364 2645 34 4 —
399 2633 50 24 The
461 2633 86 32 objects
560 2635 26 23 of
600 2635 39 24 the

51 2664 57 23 New
130 2664 100 24 Zealand
252 2666 101 30 Society,
360 2686 5 3 .
375 2666 110 24 collected
503 2667 59 24 from
581 2668 57 24 their

53 2697 143 30 resolutions,
220 2706 53 23 may
294 2698 30 24 be
346 2699 53 23 thus
421 2700 90 24 stated:
512 2713 33 4 —
548 2703 22 22 1.
582 2701 4 3 '
601 2702 37 24 To

54 2731 72 23 watch
138 2739 52 15 over
203 2731 44 23 and
258 2736 103 26 promote
372 2732 40 23 the
430 2734 92 30 general
532 2734 107 24 interests

53 2765 25 23 of
103 2764 39 24 the
162 2764 153 30 landowners,
339 2765 38 23 the
399 2765 115 30 colonists,
536 2769 45 22 and
599 2768 37 24 the

53 2797 103 24 Natives.
158 2810 34 4 —
193 2800 23 21 2.
237 2797 36 24 To
285 2802 94 28 suggest
395 2803 31 25 to,
439 2799 45 24 and
505 2808 55 23 urge
579 2809 59 23 upon

55 2831 37 23 the
116 2831 163 29 Government,
298 2831 40 23 the
363 2831 57 25 New
445 2833 102 24 Zealand
569 2834 69 25 Com-

53 2872 67 23 pany,
150 2864 44 23 and
222 2864 39 24 the
289 2864 84 32 public,
409 2866 39 23 the
482 2867 106 31 adoption
617 2869 24 23 of

54 2898 55 23 such
138 2905 114 16 measures
280 2906 25 15 as
324 2906 52 23 may
399 2899 29 23 be
449 2899 94 25 deemed
564 2902 75 23 useful

56 2936 21 18 to
94 2931 38 24 the
151 2931 124 31 colony.—
277 2933 22 22 3.
320 2931 35 24 To
375 2932 88 30 collect,
486 2934 87 30 record,
595 2935 44 23 and

54 2964 107 24 circulate
172 2971 105 17 accurate
288 2965 146 24 information
454 2969 131 30 respecting
599 2968 39 24 the

53 2998 120 28 condition,
197 3005 125 22 resources,
343 2999 44 23 and
411 3004 116 27 prospects
546 3002 26 23 of
596 3002 39 24 the

56 3031 78 30 colony
143 3040 7 19 ;
164 3031 51 28 and,
228 3029 37 32 (as
275 3039 14 15 a
299 3039 79 16 means
389 3036 23 19 to
432 3033 39 23 the
489 3033 70 24 above
574 3034 63 32 end,)

56 3076 31 4 —
89 3065 24 22 4.
133 3065 35 22 To
178 3072 56 23 open
242 3065 193 30 correspondence
442 3066 55 23 with
506 3067 38 24 the
551 3068 88 24 several

55 3097 140 23 settlements
218 3098 24 22 in
262 3097 58 23 New
343 3098 109 29 Zealand,
473 3099 42 24 and
533 3101 55 23 with
607 3101 32 24 all

54 3131 85 30 parties
150 3129 104 31 disposed
267 3135 21 18 to
299 3136 103 26 promote
414 3131 37 24 the
462 3132 85 32 objects
560 3134 25 23 of
599 3134 39 24 the

55 3163 100 30 Society.
202 3163 25 23 If
242 3164 39 22 the
293 3164 57 24 New
362 3164 102 24 Zealand
482 3165 93 33 Society
593 3167 46 24 had

53 3197 58 22 been
122 3197 24 22 in
157 3197 114 23 existence
283 3197 58 24 from
350 3198 40 23 the
412 3205 193 19 commencement
616 3201 26 24 of

53 3230 45 23 last
120 3237 61 24 year,
205 3237 67 23 many
295 3230 86 32 objects
403 3231 75 32 might
501 3232 56 24 have
580 3233 59 25 been

54 3263 86 23 carried
151 3263 48 22 into
209 3264 120 27 execution
341 3264 24 23 of
379 3270 66 25 great
456 3265 84 25 benefit
558 3272 23 19 to
600 3267 38 24 the

54 3296 87 30 colony.
184 3295 44 24 We
238 3303 53 24 may
303 3297 101 24 mention
416 3306 14 15 a
441 3298 67 24 Loan
520 3299 119 33 Company

54 3337 24 15 as
91 3337 42 16 one
145 3329 25 23 of
185 3329 72 23 these.
302 3329 50 24 The
372 3331 98 31 subject-
480 3339 46 17 was
537 3332 102 34 brought

53 3362 105 31 formally
169 3362 78 23 before
259 3361 38 25 the
304 3362 74 25 notice
391 3364 25 23 of
432 3364 38 24 the
483 3365 119 34 Company
614 3376 25 15 as

55 3396 61 31 early
128 3404 24 15 as
165 3395 119 31 February
294 3395 52 29 last,
359 3397 45 23 and
414 3397 42 24 has
469 3397 57 25 been
543 3407 56 17 once
614 3409 26 16 or

54 3430 65 24 twice
131 3437 25 17 so
168 3436 54 16 near
235 3428 108 31 adoption
352 3430 24 23 in
385 3437 43 16 one
435 3430 70 31 shape
512 3440 26 16 or
545 3433 95 24 another

54 3463 51 23 that
121 3462 45 24 had
186 3463 38 23 the
243 3461 143 25 landowners
405 3462 60 24 been
486 3465 86 30 unfted,
595 3467 45 24 and

55 3496 67 31 given
134 3494 19 25 it
171 3495 57 25 their
249 3495 44 29 aid,
314 3494 58 25 their
392 3496 81 31 weight
492 3498 73 24 would
583 3499 57 25 have

56 3529 81 24 turned
146 3529 39 24 the
197 3529 68 29 scale,
272 3550 3 5 ,
281 3528 74 24 which
364 3529 81 23 indeed
457 3534 23 19 at
491 3531 38 23 the
535 3538 106 19 .moment

55 3562 88 24 wanted
154 3562 42 24 but
205 3570 14 16 a
230 3562 97 30 feather,
339 3562 25 23 in
375 3562 81 24 favour
473 3562 28 24 of
513 3564 39 23 the
572 3566 68 24 insti-

56 3595 80 24 tution.
189 3594 48 25 But
257 3595 38 23 tb.e
313 3603 92 22 owners,
418 3595 24 23 of
464 3597 98 24 sections
581 3606 59 18 were

55 3628 112 24 scattered
184 3628 53 24 here
256 3628 45 26 and
318 3628 63 25 there
382 3641 34 4 —
416 3636 29 16 no
463 3637 42 16 one
522 3629 68 26 knew
601 3632 39 25 the

55 3661 78 30 other;
153 3662 53 31 they
215 3669 60 17 were
285 3669 15 17 a
308 3669 54 24 rope
371 3662 26 24 of
411 3661 64 30 sand,
490 3663 117 31 incapable
618 3666 25 23 of

56 3696 74 23 action
141 3695 35 24 for
193 3694 60 25 their
275 3702 50 17 own
343 3695 85 24 benefit
440 3703 26 16 or
487 3696 49 24 that
553 3695 88 27 of/the

54 3727 116 26 colonists.
205 3727 60 25 This
278 3728 44 24 evil
329 3729 20 23 is
356 3736 51 16 now
415 3728 114 25 remedied
537 3738 6 21 ;
558 3738 82 26 oppor-

53 3762 92 23 tunities
157 3762 26 23 of
198 3760 69 32 being
278 3761 78 26 useful
366 3761 48 25 will
425 3763 67 30 again
505 3770 78 23 occur,
595 3765 46 24 and

54 3792 120 35 especially
183 3795 22 23 in
218 3793 97 25 relation
327 3799 23 19 to
362 3795 39 24 the
413 3795 90 32 subject
514 3796 25 24 of
553 3804 15 16 a
574 3816 6 5 ,-
587 3797 54 26 loan

56 3834 125 24 company;
195 3835 24 16 or
230 3827 21 24 if
266 3827 54 32 they
332 3828 82 25 should
425 3833 41 19 not
476 3829 67 28 arise,
559 3830 20 24 it
595 3832 47 23 will

55 3858 30 26 be
93 3859 38 26 the
143 3860 104 24 business
259 3860 25 24 of
294 3861 38 23 the
343 3861 94 31 Society
446 3867 23 19 to
476 3861 69 25 make
552 3862 89 26 them.*

54 3894 48 23 For
115 3892 36 24 the
163 3897 99 27 present,
275 3901 14 17 a
301 3893 145 31 provisional
459 3894 137 26 Committee
618 3898 25 23 of

54 3927 37 28 tlip
115 3927 90 29 Society
228 3931 71 19 meets
319 3934 66 23 every
405 3927 122 31 Saturday,
549 3934 24 19 at
590 3930 49 25 Mr.

571 33 235 46 Vlyt^tto
832 32 207 50 Z^aianfc
1065 32 190 45 (Ra^tte
1280 32 89 40 auti
1395 30 298 47 WLtiUnqton
1718 28 251 49 afepcrtatoi-

114 123 198 37 ENGLISH
341 123 247 24 EXTRACTS.

666 118 119 27 tWatsoVs
794 120 125 30 chambers,
932 120 47 25 No.
990 121 23 28 4>
1023 119 224 31 Trafalgar-square;

669 162 67 23 every
747 161 79 24 person
836 153 124 25 interested
978 150 24 28 in
1021 152 39 24 the
1077 153 129 31 prosperity
1227 153 25 24 of

666 187 41 24 the
729 187 76 31 colony
823 187 82 23 should
923 187 91 23 become
1034 194 13 15 a
1060 185 110 29 member,
1170 197 36 5 —
1206 186 44 24 and

668 220 84 24 should
757 224 38 19 not
801 220 83 30 merely
893 220 29 23 be
926 218 103 25 satisfied
1035 218 54 24 with
1096 218 155 32 contributing

668 253 37 24 his
718 260 147 21 sovereign,
877 253 42 23 but
936 251 84 24 should
1033 251 97 30 actively
1149 257 101 25 promote

670 286 38 24 the
731 286 89 32 objects,
839 284 44 25 and
903 284 84 24 extend
1007 284 47 25 the,
1065 283 78 32 utility
1164 284 26 23 of
1212 284 38 25 the

670 319 92 31 Society
778 319 26 31 by
823 318 30 24 all
872 318 37 23 the
927 325 81 16 means
1028 317 78 24 within
1124 318 31 22 its
1173 318 76 24 reach.

670 352 51 23 The
727 349 133 39 .^usefulness
880 351 27 31 qf
921 350 40 25 the
980 350 101 24 Zealand
1101 349 101 32 Society,
1204 363 32 5 —
1237 359 14 16 a

671 384 131 31 thoroughly
808 384 156 31 independent
971 384 69 31 body,
1048 382 88 32 having
1143 383 108 25 interests

670 417 73 24 which
754 425 52 16 even
818 417 37 23 the
868 417 105 24 Colonial
985 417 104 22 minister
1100 417 21 22 is
1138 416 77 24 bound
1227 421 24 20 to

666 450 179 31 'recognise^will
855 450 88 30 shortly
953 449 60 23 have
1023 457 75 23 scope.
1134 449 51 23 The
1193 454 58 20 state

671 483 27 24 of
712 483 76 31 things
797 483 111 23 disclosed
918 483 23 22 in
959 482 45 23 this
1016 483 97 22 number
1124 482 45 23 will
1180 483 27 22 be
1225 483 26 24 fit

671 516 42 24 and
732 523 77 24 proper
831 516 104 23 occasion
955 515 37 24 for
1014 515 38 23 the
1077 516 75 22 action
1172 516 27 22 of
1213 516 37 23 the

670 557 49 16 new
728 549 96 29 Society.
826 561 32 5 —
858 548 59 24 New
928 547 106 25 Zealand
1042 547 108 25 Journal.

696 598 14 13 *
720 598 48 21 The
786 597 133 28 advantages
936 597 26 22 of
980 604 29 15 an
1025 596 130 22 association
1172 598 25 20 of
1214 597 36 22 the

670 624 52 22 kind
740 624 43 22 will
793 624 30 22 be
839 624 71 22 found
926 626 73 25 pretty
1016 624 56 27 fully
1088 624 74 21 stated
1179 624 23 21 in
1213 624 37 22 the

670 651 59 22 third
737 651 91 22 number
837 651 26 21 of
873 651 38 21 the
920 652 55 20 New
984 652 93 20 Zealand
1085 652 116 23 Port/olio.

1461 117 116 21 Gazette
1593 117 88 21 Office.

1277 150 201 23 STATIONERY
1491 148 196 25 WHOLESALE
1692 142 30 30 '&
1739 150 124 23 RETAIL.

1277 184 88 50 WE
1387 185 45 26 beg
1453 187 24 19 to
1500 191 115 15 announce
1634 184 38 22 the
1693 184 89 27 arrival,
1806 185 59 21 from

1373 211 111 32 England;
1496 211 26 22 of
1529 210 38 23 the
1583 211 47 22 first
1639 216 48 23 part
1696 209 26 23 of
1730 218 43 24 pur
1787 215 79 18 exten-

1277 237 45 23 sive
1332 237 76 23 orders
1416 237 25 23 in
1452 237 43 23 this
1505 237 142 28 department
1656 237 25 22 of
1687 237 109 23 business.
1819 237 48 22 Our

1278 264 63 22 stock
1350 264 91 28 already
1451 265 94 22 consists
1559 265 27 21 of
1597 272 66 18 every
1672 264 76 22 article
1762 264 105 28 required

1277 291 42 22 for.
1324 291 100 27 Schools,
1441 291 83 27 Banks,
1540 291 86 27 Courts,
1644 290 54 22 Law
1713 290 90 25 Offices,
1821 291 46 23 and

1278 318 89 27 Artists,
1378 318 41 22 &c.
1427 326 7 19 ;
1449 318 75 22 whilst
1532 318 38 22 the
1587 317 137 23 ornamental
1735 318 45 22 and
1794 318 73 22 draw-

1278 345 37 26 ing
1327 351 64 15 room
1406 345 123 27 stationery
1544 344 42 22 has
1599 348 40 18 not
1649 345 60 21 been
1724 344 142 23 overlooked.

1277 371 47 23 The
1334 371 128 23 difficulties
1472 371 118 27 attending
1597 370 38 22 the
1644 371 48 21 first
1699 371 169 23 establishment

1277 398 83 27 having
1368 398 59 22 been
1442 404 124 21 overcome,
1577 397 45 23 and
1632 405 66 20 every
1714 398 81 22 arrival
1810 399 57 22 from

1278 425 105 27 England
1401 425 85 27 adding
1500 424 61 23 fresh
1576 424 110 22 additions
1701 428 23 18 to
1740 432 41 14 our
1795 425 70 28 stock,

1278 451 44 24 will
1340 451 78 23 enable
1433 460 27 14 us
1468 455 23 19 to
1508 451 82 23 reduce
1606 459 40 15 our
1661 451 93 28 charges
1764 459 29 17 on
1809 456 59 19 most

1278 479 89 23 articles
1376 482 24 19 at
1408 479 57 22 least
1474 480 28 22 50
1510 486 41 21 per
1559 481 59 20 cent.

1304 511 157 27 Storekeepers
1479 511 44 22 and
1541 510 117 25 wholesale
1677 510 87 22 dealers
1783 518 42 15 can
1839 511 28 22 be

1278 538 101 28 supplied
1395 540 23 19 to
1432 545 45 20 any
1487 540 84 25 extent,
1590 537 43 22 and
1649 544 28 15 on
1694 541 68 18 terms
1779 537 88 29 equally

1279 564 165 27 advantageous
1452 568 24 18 to
1486 571 44 21 any
1537 564 106 23 obtained
1651 565 24 21 in
1686 564 99 28 Sydney,

1304 591 99 27 Writing
1413 598 74 21 paper,

1307 618 115 27 Imperial,

1305 645 82 27 Royal,

1305 672 116 27 Foolscap,
1434 671 90 23 various
1534 672 111 27 qualities,

1305 699 73 27 Large
1389 698 62 22 thick
1460 701 57 25 post,
1528 706 62 15 wove
1600 699 43 22 and
1654 698 52 28 laid,

1304 725 61 26 Note
1375 732 86 21 papers,
1493 738 3 4 ■

1304 752 95 28 Playing
1408 752 72 27 cards,
1491 752 106 23 coloured
1606 752 44 22 and
1660 752 54 28 gold
1724 752 77 27 backs,

1305 780 62 26 Copy
1380 779 78 27 books,

1304 806 72 22 Black
1384 806 53 21 lead
1446 806 94 28 pencils,

1305 832 68 23 India
1381 833 91 27 rubber,
1482 833 70 22 bottle
1563 832 45 23 and
1617 836 85 24 patent,

1305 860 69 26 Ivory
1383 859 84 22 folders
1476 860 44 22 and
1533 860 89 27 knives,

1305 886 48 22 Pen
1362 886 86 28 knives,

1304 913 89 27 Rulers,
1404 920 57 21 copy
1470 912 78 27 books,

1304 940 76 22 Blank
1389 940 52 22 bills
1451 940 27 21 of
1484 940 123 27 exchange,

1304 967 78 22 Letter
1392 966 47 23 and
1448 966 41 23 bill
1498 967 57 26 files,

1307 994 43 22 Ink
1360 994 44 21 and
1415 994 40 21 ink
1465 994 110 27 powders,

1305 1020 76 23 Bibles
1391 1020 47 22 and
1446 1024 141 24 testaments,

1305 1047 98 27 Spelling
1413 1048 76 26 books,
1502 1048 96 27 various,

1305 1074 106 27 Primers,

1305 1101 126 22 Children's
1441 1100 71 23 books
1521 1102 23 21 in
1553 1104 64 25 great
1626 1101 93 29 variety,

1291 1141 6 3 -
1304 1128 75 23 Blank
1394 1129 173 22 Custom-house
1584 1129 75 24 forms,
1669 1130 35 21 for
1719 1130 148 27 auctioneers,

1279 1156 44 21 and
1333 1155 35 26 all.
1372 1155 39 22 the
1421 1156 64 22 other
1494 1156 173 23 Custom-house
1684 1160 69 19 torms
1762 1158 36 21 for
1809 1165 60 15 mer-

1280 1182 86 26 chants,
1817 1200 3 9 ,

1305 1209 117 22 Seamen's
1432 1209 99 23 advance
1541 1212 72 24 notes,

1305 1236 116 23 Seamen's
1431 1236 89 23 articles
1531 1237 26 22 of
1563 1241 135 23 agreement,

1306 1263 138 27 Log-books,

1305 1290 76 23 Blank
1391 1290 67 27 writs,

1305 1317 137 22 Parchment
1449 1318 35 21 for
1493 1316 76 28 deeds,

1307 1344 81 28 Quills,

1305 1371 60 22 Thin
1375 1374 57 24 post,
1444 1371 66 27 ditto,

1305 1398 57 22 Fine
1371 1398 54 21 bath
1436 1401 58 24 post,
1504 1398 49 26 gilt,

1306 1424 88 23 Double
1410 1425 112 28 elephant,
1533 1426 148 26 antiquarian,
1697 1426 110 28 imperial,

1279 1452 61 28 royal
1350 1452 100 27 drawing
1461 1459 75 19 paper,

1305 1478 91 28 Oblong
1407 1478 92 28 clasped
1508 1479 170 22 memorandum
1688 1479 79 28 books,

1305 1506 88 21 French
1402 1506 90 26 tracing
1501 1513 76 20 paper,

1305 1532 89 22 Ladies'
1404 1532 46 22 and
1460 1532 148 28 gentlemen's
1619 1533 53 21 card
1682 1540 70 21 cases,

1305 1560 64 21 Ditto
1435 1560 36 21 do.
1532 1560 72 21 tinted
1613 1560 45 21 and
1667 1560 118 22 embossed
1796 1561 71 27 cards,

1305 1587 97 27 Sponge,
1414 1586 79 22 wafers
1502 1587 22 21 in
1536 1588 13 19 2
1559 1594 34 14 oz.
1604 1587 76 27 boxes,

1269 1612 2 25 I
1305 1612 71 23 Black
1395 1613 58 27 edge
1472 1613 45 21 and
1535 1613 113 23 bordered
1666 1617 53 19 note
1736 1614 46 22 and
1802 1615 67 21 letter

1279 1647 75 20 paper,

1306 1668 91 21 Invdice
1406 1667 78 27 books,
1496 1666 53 22 with
1558 1667 101 27 indexes,
1670 1668 90 22 various
1769 1668 63 27 sizes,

1269 1693 2 34 |
1306 1694 58 22 Cash
1373 1694 78 27 books,
1462 1694 65 22 ruled
1537 1693 90 29 double,
1637 1695 90 22 various
1736 1695 58 22 sizes

1306 1721 135 27 Envelopes,

1307 1748 87 22 Pewter
1403 1748 126 27 inkstands,

1305 1775 82 33 Ebony
1395 1774 124 27 inkstands,
1531 1775 53 21 with
1593 1775 101 27 drawers,

1305 1801 75 23 Broad
1391 1801 44 23 and
1444 1808 85 16 narrow
1540 1809 68 20 green
1617 1803 42 21 silk
1671 1803 87 27 ribbon,

1306 1829 65 21 Brief
1378 1828 45 22 and
1434 1828 59 22 deed
1500 1836 76 21 paper,

1305 1855 75 22 Ruled
1389 1862 70 21 paper
1467 1856 35 22 for
1510 1855 41 22 bill
1560 1856 76 27 heads,

1305 1883 73 26 Royal
1395 1882 68 27 hand,
1475 1882 82 23 double
1575 1883 60 22 hand
1651 1883 84 28 brown,
1753 1883 45 23 and
1806 1885 63 26 royal

1269 1930 2 2 .
1274 1909 79 33 Jkown
1365 1909 114 28 wrapping
1488 1917 75 20 paper,

1305 1935 100 27 Ledgers
1415 1936 45 20 and
1470 1941 96 16 account
1576 1937 75 26 books,
1662 1937 90 21 various
1761 1937 64 26 sizes,

1305 1962 84 21 Pocket
1397 1962 88 26 ledgers
1495 1962 44 22 and
1548 1962 170 22 memorandum
1728 1963 78 26 books,

1305 1988 122 27 Engraved
1435 1995 58 20 copy
1500 1989 54 26 slips
1562 1989 46 21 and
1617 1989 76 26 books,

1307 2015 52 21 Best
1368 2015 80 21 Welch
1458 2018 66 19 slates
1541 2015 61 28 large
1611 2015 43 22 and
1663 2015 72 28 small,

1305 2042 111 22 Coloured
1425 2049 89 20 papers,

1529 2088 93 21 Seeds.

1281 2122 71 49 ON
1363 2122 86 27 SALE,
1460 2125 24 19 at
1493 2122 36 22 the
1540 2123 85 20 Gazette
1630 2122 77 28 Office,
1717 2123 22 21 in
1745 2123 121 27 quantities

1359 2153 21 17 to
1387 2149 45 22 suit
1441 2149 137 27 purchasers,
1589 2149 37 22 the
1637 2149 113 28 following
1759 2150 63 22 seeds
1830 2157 6 14 :
1838 2161 29 5 —

1269 2189 2 28 |
1308 2182 76 23 Sword
1394 2182 108 28 long-pod
1511 2182 65 28 bean,

1307 2214 121 28 Long-pod
1438 2215 65 27 bean,

1308 2248 111 27 Speckled
1429 2248 73 21 dwarf
1508 2248 84 28 kidney
1601 2249 64 27 bean,

1308 2280 75 23 Broad
1392 2280 79 27 bean,,

1269 2311 2 35 |
1306 2312 75 22 Horse
1392 2312 68 27 bean,

1306 2344 85 23 Scarlet
1401 2351 92 19 runner,

1269 2377 2 33 |
1308 2376 68 28 Early
1385 2376 112 21 Warwick
1507 2384 48 19 pea,

1306 2408 69 27 Early
1385 2407 118 23 Mazarine
1512 2415 51 20 pea,

1307 2440 106 21 Prussian
1423 2440 52 21 blue
1486 2447 49 21 pea,

1305 2471 110 23 Nonsuch
1424 2479 50 20 pea,

1308 2504 56 22 Blue
1374 2504 102 27 imperial
1487 2511 49 21 pea,

1307 2536 94 28 Spanish
1411 2535 74 23 dwarf
1491 2543 50 21 pea,

1305 2570 72 25 Large
1388 2568 100 27 cabbage
1498 2569 91 28 lettuce,

1305 2600 132 23 Drumhead
1448 2601 99 27 cabbage
1555 2602 94 26 lettuce,

1306 2632 105 27 Cabbage
1422 2633 92 27 lettuce,

1305 2664 75 22 White
1392 2664 80 22 selesia
1481 2664 90 28 lettuce,

1306 2692 81 22 Brown
1395 2692 45 21 and
1449 2691 67 23 white
1524 2699 53 20 goss
1585 2692 90 28 lettuce,

1308 2719 117 22 Battersea
1435 2718 107 28 cabbage,

1306 2745 132 22 Drumhead
1448 2745 108 28 cabbage,

1305 2772 50 23 Red
1364 2772 78 22 Dutch
1453 2772 108 28 cabbage,

1305 2799 96 22 Puller's
1408 2800 61 26 early
1479 2800 106 28 cabbage,

1308 2826 73 22 Vanal
1391 2826 107 28 cabbage,

1306 2852 106 23 Prussian
1421 2853 68 22 white
1499 2854 82 28 turnip,

1305 2880 87 23 Yellow
1401 2880 80 22 Swede
1490 2882 82 27 turnip,

1305 2907 82 31 Purple
1394 2910 39 25 top
1444 2907 77 23 Swede
1531 2908 82 27 turnip,

1306 2933 75 22 White
1391 2937 64 18 stone
1466 2935 82 27 turnip,

1308 2960 73 23 White
1391 2960 58 23 horn
1458 2962 84 26 turnip,

1307 2987 71 23 Silver
1387 2987 80 23 leaved
1475 2988 60 27 beet,

1307 3014 49 23 Red
1366 3014 58 27 beet,

1307 3041 74 22 White
1391 3041 61 27 beet,

1306 3068 110 26 Mangold
1425 3068 99 27 wurtzel,

1305 3094 143 28 Altringham
1459 3098 79 24 carrot,

1308 3121 68 28 Early
1385 3122 57 21 horn
1452 3125 79 23 carrot,

1308 3150 65 25 Long
1381 3155 83 21 orange
1475 3152 80 25 carrot,

1308 3175 77 23 White
1393 3176 108 28 mustard,

1308 3202 84 23 Curled
1399 3210 66 20 cress,

1307 3230 64 26 Long
1380 3230 80 22 scarlet
1468 3230 83 27 radish,

1306 3256 74 23 White
1390 3257 75 28 turnip
1473 3256 83 28 radish,

1305 3284 50 22 Red
1362 3284 77 27 turnip
1448 3284 83 27 radish,

1306 3310 134 27 Strasburgh
1449 3310 77 27 onion,

1305 3338 80 22 Brown
1395 3337 98 28 Spanish
1503 3337 73 27 onion,
1583 3360 4 2 .

1307 3364 98 28 Parsnip,

1305 3388 89 25 Curled/
1397 3390 96 28 parsley,

1307 3418 74 22 Green
1392 3416 77 23 curled
1482 3417 80 24 endive

1295 3462 3 4 .
1305 3444 110 24 Batavian
1423 3444 89 28 endive,

1307 3472 68 27 Leek,

1305 3499 136 27 Asparagus,

1305 3526 44 22 Sea
1357 3525 54 27 kail,

1306 3552 74 22 Globe
1389 3559 88 21 savoys.

1307 3578 82 24 Curled
1398 3578 93 29 brocoli,

1305 3606 52 22 Red
1365 3606 57 22 solid
1432 3606 75 27 celery
1516 3606 47 22 and
1571 3606 68 23 white
1649 3607 83 28 celery,

1308 3633 103 23 Summer
1420 3640 87 21 savory,

1307 3658 87 24 Winter
1402 3666 88 21 savory,

1307 3687 64 27 Sage,

1306 3713 95 28 Thyme,

1307 3740 102 22 Brussels
1419 3743 95 25 sprouts,

1299 3808 2 5 ■
1307 3795 118 27 Angelica,

1307 3820 93 29 Salaafy,

1285 3846 7 4 '
1307 3847 78 28 Sorell,

1308 3874 124 27 Lavender,

1279 3918 96 48 JUST
1389 3918 134 26 OPENED,
1531 3919 42 21 and
1585 3925 29 15 on
1625 3919 49 22 Sale
1684 3923 24 18 at
1717 3920 38 21 the
1766 3917 71 25 Office
1847 3920 25 22 of

1344 3944 44 23 this
1399 3944 77 27 Paper,
1488 3943 39 23 ink
1538 3945 76 21 stands
1623 3946 26 20 of
1655 3947 89 20 various
1755 3953 62 14 Bizes.
