2415 3793
1461 842 103 18 DEATH.

1254 889 122 19 Rhakplin.
1379 899 25 4 —
1406 889 99 25 January
1524 889 31 24 19,
1567 889 25 20 at
1609 888 36 20 liis
1659 889 115 23 residence,

1280 925 65 20 West
1354 925 88 25 Oxford,
1453 925 95 20 Thomas
1566 925 100 25 feh.up.ia
1685 926 57 24 aged
1752 926 26 20 75

1280 967 41 19 yea
1332 968 16 13 s.

1282 1049 111 33 Oxford
1411 1049 56 33 and
1485 1049 74 33 Cust
1577 1049 166 33 Observer.

1336 1135 186 18 PUBLISHED
1541 1135 155 22 WEEKLY.

1321 1202 165 24 SATURDAY,
1498 1202 108 20 January
1614 1204 33 22 24,
1663 1204 59 19 1891.

1295 1297 69 29 Our
1383 1298 121 28 readers
1525 1297 65 30 will
1615 1300 163 28 remember

1254 1338 52 30 the
1341 1338 114 30 outline
1491 1338 32 29 of
1564 1338 51 30 Mr
1649 1339 129 31 General

1255 1379 125 29 Booth's
1390 1378 117 30 scheme
1515 1380 49 28 for
1573 1380 121 38 dealing
1703 1381 75 29 with

1255 1420 51 29 the
1333 1419 143 30 residium
1511 1420 32 29 of
1570 1419 137 31 London.
1749 1421 30 29 It

1258 1460 59 30 will
1340 1464 31 24 at
1395 1470 75 19 once
1498 1471 90 19 occur
1612 1472 74 19 even
1714 1465 31 26 to
1759 1472 17 19 a

1256 1501 101 29 casual
1369 1502 141 28 observer
1524 1502 67 28 that
1599 1502 52 29 the
1660 1502 118 29 scheme

1255 1542 33 29 in
1302 1552 38 19 no
1354 1552 68 30 Avay
1446 1547 115 24 creates
1576 1543 202 40 employment

1255 1583 48 28 for
1318 1583 87 28 those
1420 1586 54 25 out
1489 1583 31 28 of
1534 1584 92 34 work,
1639 1594 55 19 nor
1709 1584 69 29 does

1256 1623 25 28 it
1295 1623 132 38 actually
1443 1624 89 29 effect
1552 1624 51 29 the
1627 1625 107 39 saving
1749 1625 32 29 of

1256 1674 61 29 any
1325 1667 93 26 waste
1426 1664 48 29 for
1482 1664 79 30 their
1569 1665 119 30 benefit.
1731 1665 48 30 Mr

1258 1704 97 29 Booth
1368 1715 145 29 purposes
1519 1709 31 26 to
1560 1707 102 28 obtain
1667 1707 109 37 billets,

1258 1745 74 30 such
1344 1756 32 19 as
1402 1747 18 13 *'
1430 1746 153 30 sandwich
1597 1758 70 19 men
1677 1747 18 15 •"'
1721 1747 57 30 and

1285 1785 157 38 runners,''
1458 1787 53 30 but
1522 1787 67 30 that
1597 1798 58 19 can
1663 1789 70 38 only
1745 1789 35 29 be

1256 1827 42 37 by
1313 1828 123 37 putting
1447 1828 100 28 others
1556 1833 52 24 out
1618 1839 8 23 ;
1648 1829 48 28 for
1710 1829 70 29 does

1257 1867 37 29 he
1317 1869 55 27 not
1394 1867 88 29 know
1506 1867 68 29 that
1596 1878 91 29 every
1706 1870 74 28 such

1258 1907 143 29 situation
1444 1908 25 29 is
1505 1918 26 19 ai
1535 1909 94 38 ready
1671 1909 107 30 filled?

1257 1948 72 29 And
1343 1947 25 30 is
1384 1948 38 29 he
1447 1951 53 26 not
1522 1959 98 20 aware
1637 1949 68 30 that
1728 1951 52 29 the

1287 1989 49 29 old
1509 1999 80 28 rags,
1604 1990 100 36 bones,
1720 1991 59 29 and

1257 2029 123 29 kitchen
1395 2039 104 28 grease
1511 2029 88 40 fsave
1608 2030 72 29 such
1694 2041 32 19 as
1742 2041 38 29 go

1256 2073 33 26 to
1300 2070 52 29 the
1390 2071 114 29 marine
1529 2074 81 26 store
1675 2082 49 20 are
1747 2076 33 26 at

1257 2114 123 36 present
1404 2112 139 28 obtained
1563 2113 39 39 by
1624 2113 52 29 the
1693 2123 85 28 poor,

1257 2162 65 30 aye,
1347 2153 59 27 and
1428 2153 67 29 that
1518 2153 50 29 the
1594 2163 71 30 very
1692 2154 85 30 dust-

1257 2193 93 38 heaps
1385 2203 50 19 are
1477 2194 189 29 ransacked?
1728 2196 50 28 Mr

1258 2233 123 29 Booth's
1403 2234 134 39 begging
1561 2238 31 25 at
1615 2235 52 29 the
1693 2235 87 30 West

1258 2273 77 36 End,
1362 2284 32 19 as
1415 2274 73 29 with
1508 2274 52 30 the
1574 2274 101 31 Labor
1689 2285 91 29 ques-

1257 2314 72 37 tion,
1351 2315 26 29 is
1411 2315 71 38 only
1513 2325 17 19 a
1566 2316 151 30 diversion
1747 2318 33 28 of

1257 2358 93 26 waste
1373 2356 60 28 and
1461 2356 84 28 labor
1571 2356 80 29 from
1678 2357 100 29 useful

1256 2395 143 30 channels
1413 2396 64 28 into
1488 2396 189 30 Salvationist
1688 2398 89 29 chan-

1256 2436 72 29 nels.
1374 2436 93 35 Then,
1479 2441 58 30 too,
1553 2438 25 28 it
1590 2438 26 28 is
1631 2438 147 40 perfectly

1258 2477 121 29 evident
1401 2481 32 25 to
1453 2487 59 29 any
1531 2478 144 38 practical
1696 2480 83 28 mind

1256 2517 68 29 that
1346 2516 49 31 Mr
1415 2518 99 29 Booth
1528 2519 54 29 has
1595 2519 75 30 been
1686 2523 32 25 at
1738 2530 39 19 no

1256 2558 87 38 pains
1368 2562 30 25 to
1415 2559 83 29 work
1512 2563 52 26 out
1583 2570 59 30 any
1660 2564 69 35 part
1749 2563 29 28 of

1256 2599 47 28 his
1318 2600 153 38 proposals
1486 2603 31 26 to
1543 2601 147 28 ascertain
1709 2601 27 29 if
1753 2602 25 29 it

1255 2640 26 27 is
1296 2640 143 38 practical
1450 2652 11 23 ;
1483 2641 59 28 and
1556 2641 71 30 thus
1649 2643 88 28 much
1749 2642 32 29 of

1256 2679 33 35 it,
1308 2680 129 39 perhaps
1461 2681 52 28 the
1537 2681 104 37 whole,
1669 2683 25 28 is
1717 2682 61 30 like

1286 2720 138 40 Looking
1432 2720 169 31 Backward
1625 2739 40 5 —
1666 2732 18 19 a
1696 2733 82 20 mere

1257 2760 111 30 dream.
1411 2761 59 30 For
1484 2762 146 36 instance,
1644 2763 52 30 the
1710 2774 65 19 suc-

1256 2802 32 29 of
1310 2801 52 30 the
1386 2802 178 39 emigration
1578 2807 68 35 part
1670 2804 32 29 of
1724 2805 53 29 the

1257 2841 133 30 business
1406 2843 132 39 depends
1550 2854 39 19 on
1600 2845 50 29 the
1665 2855 68 30 way
1745 2846 32 29 in

1255 2884 100 29 which
1382 2883 52 30 the
1469 2886 163 37 enterprise
1655 2885 27 30 is
1710 2897 67 19 con-

1255 2924 106 29 ceived
1409 2925 60 30 and
1743 2927 33 29 T.

1255 2963 136 40 Hughes,
1402 2964 83 39 Esq.,
1510 2965 70 38 Q.O.
1606 2966 121 39 (author
1745 2968 33 29 of

1283 3006 73 28 Tom
1380 3006 139 29 Brown's
1543 3006 185 41 Schooldays

1253 3049 80 26 most
1350 3047 148 39 carefully
1509 3047 172 31 elaborated
1704 3048 70 30 emi-

1254 3087 118 36 gration
1383 3090 31 26 to
1423 3087 144 35 America,
1580 3088 58 29 and
1653 3099 128 28 person-,

1253 3127 61 38 ally
1329 3128 232 38 superintended
1571 3129 25 29 it
1596 3146 41 3 —
1637 3139 18 19 a
1669 3139 69 20 man
1747 3130 34 29 of

1253 3167 106 39 ability
1359 3185 41 3 —
1401 3168 59 28 and
1474 3171 52 37 yet
1545 3180 44 18 we
1603 3169 80 30 infer
1695 3170 81 30 from

1252 3208 46 28 his
1312 3208 110 30 silence
1436 3209 69 29 that
1522 3210 26 28 it
1562 3210 51 28 has
1625 3212 113 37 proved
1757 3222 19 19 a

1253 3248 140 29 doubtful
1417 3259 127 20 success.
1607 3250 63 30 The
1694 3251 81 31 Non-

1252 3289 176 29 conformist
1449 3290 172 30 settlement
1630 3292 32 28 in
1676 3291 99 31 Auck-

1251 3329 71 29 land
1335 3339 60 20 was
1405 3339 17 19 a
1430 3330 113 30 doleful
1552 3331 115 31 failure.
1713 3332 62 31 The

1279 3369 130 30 General
1442 3370 53 30 has
1513 3376 54 24 not
1584 3372 53 30 the
1650 3373 126 30 faintest

1249 3409 68 30 idea
1330 3410 32 30 of
1372 3411 81 29 what
1472 3413 179 38 emigration
1671 3424 104 21 means

1250 3453 31 26 to
1291 3450 85 31 those
1385 3452 38 29 he
1434 3462 144 29 proposes
1589 3457 32 26 to
1631 3458 46 26 set
1687 3455 88 30 down

1467 3504 56 19 nor
1542 3494 54 30 has
1620 3496 38 29 he
1683 3496 91 30 taken

1249 3531 52 31 the
1315 3532 121 31 trouble
1451 3537 31 27 to
1498 3545 38 28 go
1547 3536 64 29 into
1623 3536 84 31 those
1716 3537 59 30 de-

1249 3573 69 29 tails
1335 3584 79 28 upon
1429 3575 97 30 which
1541 3577 52 30 the
1608 3587 119 20 success
1742 3579 33 30 of

1249 3612 47 30 his
1312 3615 118 30 scheme
1453 3617 140 39 depends.
1655 3618 50 30 He
1718 3619 55 30 has

1248 3663 40 20 no
1302 3655 84 39 right
1410 3656 39 29 to'
1455 3667 127 29 propose
1607 3659 82 30 what
1702 3670 71 29 may

1248 3703 100 29 prove,
1365 3697 49 28 for
1428 3697 40 29 all
1482 3698 39 29 he
1529 3699 117 36 knows,
1661 3710 18 19 a
1689 3711 82 19 mere

1249 3742 6 8 k
1260 3734 8 15 *
1280 3734 107 33 bubble
1418 3738 124 32 scheme.
1588 3741 65 30 The
1663 3741 68 30 idea
1740 3742 31 29 of

1863 141 39 20 an
1917 134 154 29 extensive
2090 133 179 39 emigration
2292 131 32 30 of
2338 130 50 29 the

1892 174 141 30 residium
2073 185 34 18 or
2122 175 129 28 farmers
2262 177 32 24 to
2309 171 79 39 Eng-

1859 213 57 29 lish
1932 213 137 30 Colonies
2085 215 24 28 is
2132 214 131 30 beneath
2284 212 100 29 critic-

1862 254 63 27 sim.

1902 293 62 31 The
1977 297 104 27 notion
2095 295 68 29 that
2179 305 17 19 a
2219 293 117 31 million
2355 293 33 30 of

1861 344 108 31 money
1983 337 25 27 is
2022 335 150 31 sufficient
2183 339 31 25 to
2224 345 72 20 cure
2307 333 78 30 Lon-

1862 375 59 29 don
1935 376 31 28 of
1980 377 40 28 its
2035 380 128 36 poverty
2177 377 132 38 requires
2334 383 52 21 no-

1860 415 68 29 tice.
1970 418 29 26 A
2010 417 115 29 million
2135 418 25 28 is
2175 428 18 18 a
2200 417 78 38 good
2288 416 98 28 round

1862 455 179 31 sensational
2050 466 75 20 sum.
2168 456 143 30 Children
2321 456 67 30 talk

1862 496 32 28 of
1927 497 137 29 millions.
2128 498 30 29 It
2192 498 27 28 is
2253 507 18 19 a
2301 497 83 38 large

1862 540 123 25 amount
2008 537 47 29 for
2073 537 132 29 William
2230 538 100 28 Booth
2353 542 33 24 to

1862 575 54 30 ask
1939 580 31 25 to
1994 577 75 29 have
2097 578 90 39 given
2215 578 72 35 him,
2316 589 31 19 as
2360 578 26 30 ifc

1861 616 101 29 would
1970 617 37 29 be
2016 617 48 29 for
2073 628 60 29 any
2142 619 86 29 other
2234 618 149 31 Christian

1862 657 145 29 minister.
2050 657 61 29 But
2133 658 26 29 if
2172 660 52 33 \he
2238 659 147 39 enquired

1862 697 38 29 he
1914 698 100 30 would
2024 698 63 30 find
2095 699 68 30 that
2170 700 71 30 four
2252 701 132 31 millions

1862 738 33 28 of
1914 747 108 30 money
2043 740 104 38 yeaily
2171 740 63 39 (the
2259 742 125 30 interest

1863 778 34 28 of
1912 787 55 20 oue
1994 780 138 29 hundred
2160 782 143 38 millions)
2333 792 51 20 are

1862 822 89 35 spent
1965 830 90 29 every
2070 831 71 24 year
2155 822 31 28 in
2211 822 125 30 London
2351 824 33 29 in

1862 859 91 38 doing
1966 860 51 28 the
2045 870 73 30 very
2146 862 88 38 thing
2262 864 68 28 that
2349 864 37 29 he

1862 898 101 30 thinks
1991 900 38 28 he
2057 901 89 30 could
2172 902 39 29 do
2240 912 31 19 so
2293 904 91 29 much

1862 948 82 20 more
1971 940 105 39 wisely
2103 941 47 30 for
2172 953 17 19 a
2210 943 174 30 hundredth

1862 984 70 33 part
1946 979 32 29 of
1991 980 68 30 that
2073 986 130 26 amount.
2246 984 138 34 £50,000

1862 1029 18 19 a
1893 1030 72 29 year
1975 1021 100 29 would
2078 1032 45 30 jig
2125 1023 102 29 -doubt
2236 1025 37 28 be
2284 1035 18 18 a
2317 1026 67 28 nice

1862 1060 134 30 addition
2023 1065 32 25 to
2083 1062 52 30 the
2162 1064 91 29 funds
2282 1066 31 27 of
2332 1066 52 29 the

1866 1109 92 31 army,
1975 1102 54 29 but
2043 1102 24 28 it
2081 1099 100 33 would
2192 1105 37 29 be
2240 1116 17 18 a
2302 1116 85 19 mere

2059 1145 133 31 towards
2206 1146 109 40 saving
2335 1147 53 29 the

1862 1182 151 28 residium.

1900 1222 99 39 Again
2029 1223 47 30 his
2104 1227 141 37 proposal
2269 1230 32 27 to
2328 1228 56 28 im-

1861 1263 102 38 prison
1975 1263 47 29 for
2032 1265 53 30 life
2095 1266 57 34 the,
2157 1268 157 39 profligate
2324 1270 61 28 and

1861 1305 243 40 untrustworthy
2124 1308 108 39 poorly
2260 1309 127 30 accords

1860 1343 74 30 with
1947 1344 52 31 the
2023 1357 102 29 mercy
2139 1348 32 29 of
2184 1349 52 30 the
2251 1349 134 36 Creator,

1862 1394 35 19 or
1927 1396 76 19 even
2037 1387 41 28 of
2088 1387 3 7 '
2102 1388 68 29 that

1862 1425 95 30 world
1977 1426 102 30 which
2105 1429 53 29 the
2185 1439 86 30 army
2285 1432 102 29 would

1863 1472 124 23 convert
2001 1470 31 25 to
2046 1468 40 30 its
2101 1469 151 31 General's
2264 1472 80 30 ideas
2354 1474 34 28 of

1862 1507 68 38 pity
1945 1508 60 28 and
2026 1510 195 38 compassion.
2262 1512 124 40 Among

1861 1547 53 29 the
1921 1557 75 30 poor
2010 1549 59 29 and
2084 1550 148 40 degraded
2260 1552 35 30 of
2306 1553 79 31 Lon-

1862 1588 61 29 don
1937 1589 84 29 there
2033 1590 29 30 is
2083 1592 83 29 often
2194 1593 94 30 found
2302 1604 84 21 more

1864 1629 114 40 charity
2001 1630 174 48 thau^Mr
2202 1632 99 31 Booth
2326 1644 61 21 ex-

1862 1670 122 39 emplies
1996 1671 59 29 and
2069 1660 150 52 a^clegree
2233 1676 32 28 of
2279 1676 106 40 happi-

1863 1720 65 20 ness
1942 1711 31 29 in
1988 1712 79 29 their
2081 1713 90 40 daily'
2178 1715 73 30 lives
2262 1717 71 29 than
2348 1718 38 30 he

1862 1761 94 20 seems
1981 1756 32 25 to
2045 1754 193 31 understand.
2285 1757 99 32 There

1862 1802 50 20 are
1946 1803 92 30 many
2065 1795 113 31 serious
2213 1797 172 33 difficulties

1861 1832 67 29 that
1946 1834 38 27 do
2011 1838 54 25 not
2087 1844 78 21 seem
2186 1840 33 25 to
2247 1838 75 30 have
2334 1849 50 20 oc-

1862 1873 91 28 cured
1980 1876 32 26 to
2039 1874 54 30 the
2120 1877 110 29 author
2258 1878 34 28 of
2321 1879 63 30 this

2040 1916 69 37 plan
2159 1917 59 29 For
2246 1920 137 39 example

1860 1952 68 31 how
1952 1953 71 31 does
2034 1955 38 29 he
2100 1956 105 31 intend
2230 1963 32 24 to
2283 1963 99 28 create

1860 1994 84 30 labor
1954 1994 47 30 for
2014 1996 51 29 the
2079 2007 110 20 masses
2191 2017 38 3 —
2229 1999 49 30 for
2285 2000 61 31 this
2356 2001 28 30 is

1860 2034 52 30 the
1923 2036 64 29 real
1996 2038 153 36 question?
2170 2038 79 31 How
2260 2041 70 30 does
2344 2041 40 31 he

1860 2084 127 31 propose
2014 2079 32 27 to
2074 2084 127 32 prevent
2222 2081 50 30 the
2305 2086 90 26 next-

1862 2120 130 26 stratum
2006 2118 32 29 of
2051 2119 114 40 society
2192 2120 108 41 falling
2317 2124 67 28 into

1860 2158 52 28 the
1926 2158 99 38 places
2039 2159 79 30 from
2133 2161 120 31 whence
2268 2163 37 30 he
2325 2164 57 30 has

1859 2198 178 30 withdrawn
2053 2201 52 28 the
2121 2203 156 31 residium?
2299 2205 82 29 How-

1859 2238 71 29 does
1950 2239 38 30 he
2011 2250 129 29 propose
2165 2248 31 24 to
2226 2244 67 30 deal
2307 2246 74 30 with

1857 2279 52 29 the
1937 2279 62 31 idle
2024 2282 59 29 and
2109 2282 226 34 insubordinate
2349 2287 33 29 in

1857 2320 52 29 the
1937 2321 241 33 establishments
2203 2328 31 26 at
2256 2326 128 32 London

1858 2359 82 30 Kent
1962 2362 59 29 and
2034 2361 104 31 Africa
2147 2364 13 28 ?
2192 2365 82 30 Turn
2296 2367 84 30 them

1858 2401 68 28 out?
1945 2401 63 30 But
2022 2403 52 29 the
2088 2413 108 32 money
2214 2406 91 40 given
2319 2407 63 31 him

1857 2452 62 19 was
1947 2442 49 30 for
2022 2443 51 30 the
2095 2445 110 29 benefit
2232 2448 32 28 of
2296 2450 86 29 these

1857 2492 75 30 very
1959 2484 179 30 characters.
2196 2486 78 31 Who
2295 2489 26 29 is
2347 2493 35 26 to

1858 2522 70 30 look
1942 2523 77 31 after
2041 2525 52 30 the
2102 2526 153 38 residium,
2279 2530 100 30 which

1857 2563 38 30 he
1919 2565 54 29 has
2001 2566 110 30 turned
2135 2569 73 29 out?
2248 2569 80 32 Does
2342 2571 40 31 he

1857 2614 88 20 mean
1959 2606 72 40 only
2073 2610 32 26 to
2246 2611 52 30 the
2307 2620 75 31 poor

1858 2650 84 33 parts
1977 2646 32 29 of
2051 2647 127 32 London
2220 2653 33 26 to
2293 2652 87 31 make

1859 2685 213 32 Salxationists
2072 2705 39 4 —
2112 2690 63 29 real
2209 2699 37 20 or
2284 2692 98 39 hypo-

1858 2726 113 30 sritical
1976 2744 36 4 —
2013 2728 59 30 and
2095 2729 80 31 lease
2205 2732 53 29 the
2293 2735 19 13 Ct
2332 2744 46 20 re-

1857 2766 108 31 sidium
2008 2770 79 28 after
2098 2770 54 28 all?

1899 2807 61 29 The
1977 2809 63 30 fact
2066 2810 26 28 is
2118 2810 51 30 the
2196 2812 93 31 whole
2303 2814 77 30 diffi-

1858 2848 84 40 culty
1949 2849 43 30 •is
2019 2860 19 19 a
2064 2852 96 29 moral
2187 2862 66 21 one.
2299 2854 81 31 Here

1859 2888 122 31 Booth's
2015 2891 130 30 childish
2184 2894 104 31 dream
2321 2897 59 29 and

1858 2928 152 42 Bellamys
2019 2932 99 30 clever
2132 2943 56 20 one
2197 2935 75 30 both
2286 2937 93 30 break

1859 2970 97 30 down.
1998 2971 30 30 If
2048 2983 47 20 we
2114 2984 78 19 were
2213 2976 41 29 all
2262 2977 116 37 honest,

1859 3011 106 37 active,
1995 3012 120 31 shrewd
2142 3015 61 29 and
2231 3026 149 29 generous

1858 3062 45 19 we
1932 3052 107 30 should
2064 3055 76 30 need
2167 3066 40 19 no
2231 3068 87 30 army
2345 3068 35 21 cr

1858 3102 90 29 navy,
1972 3095 106 38 police,
2106 3095 68 37 law,
2198 3099 182 36 poorhouses

1857 3133 61 29 and
1948 3143 105 30 escape
2077 3135 40 30 all
2152 3147 58 20 our
2224 3139 153 31 anxieties.

1857 3173 52 29 All
1935 3175 101 29 would
2062 3176 37 29 be
2127 3177 106 40 simple
2261 3181 119 38 enough

1856 3214 82 30 then.
1981 3216 31 29 It
2024 3217 24 28 is
2069 3219 95 28 man's
2195 3220 185 37 selfishness,

1857 3255 66 30 vice
1939 3257 59 28 and
2017 3257 169 31 discontent
2208 3261 70 29 that
2292 3262 87 30 make

1856 3295 51 30 the
1921 3296 163 32 difference
2095 3299 135 31 between
2244 3301 50 31 the
2309 3306 70 26 out-

1856 3336 64 30 side
1935 3338 56 30 and
2007 3339 50 29 the
2071 3339 95 31 inside
2181 3341 31 30 of
2236 3342 144 32 Paradise

1859 3375 61 32 The
1942 3379 145 30 residium
2108 3391 51 19 are
2176 3382 52 30 the
2241 3383 138 31 drunken

1855 3417 53 30 the
1918 3419 146 40 criminal,
2093 3421 51 31 the
2171 3423 136 31 indolent
2321 3425 58 30 and

1855 3457 166 41 incapable,
2061 3463 60 29 and
2162 3464 80 32 their
2287 3466 92 30 social

1855 3500 154 30 condition
2020 3502 25 30 is
2069 3503 116 41 largely
2214 3506 52 30 the
2277 3516 101 21 conse-

1855 3550 122 29 quence.
2030 3542 95 42 Many
2157 3546 32 29 of
2212 3546 94 37 these,
2332 3559 47 19 we

1854 3591 89 29 agree
1957 3583 75 30 with
2054 3584 50 30 Mr
2117 3586 109 37 Booth,
2242 3598 50 20 are
2311 3600 66 29 per-

1854 3622 77 39 haps
1943 3623 145 40 hopeless,
2111 3627 57 30 but
2182 3629 112 40 society
2315 3631 64 29 still

1854 3672 84 21 cares
1962 3665 48 29 for
2022 3665 83 31 them
2132 3669 99 29 whom
2259 3670 36 30 he
2309 3681 69 28 pro-

1855 3713 86 29 poses
1963 3708 31 26 to
2028 3706 71 40 give
2134 3719 49 28 up.
2240 3709 139 39 Possibly

1854 3744 54 30 the
1918 3748 70 28 true
2002 3756 72 22 cure
2101 3758 70 31 may
2185 3750 38 30 be
2242 3750 95 33 found
2348 3753 32 30 in

686 23 135 24 OXFORD
855 23 71 25 AND
961 23 84 26 CUST
1079 25 189 27 OBSERVER,
1305 24 188 29 SATURDAY,
1528 26 153 24 JANUARY
1701 27 39 26 24,
1776 24 72 29 1891,

1369 132 261 33 NOTICE

1253 191 81 22 riIHE
1348 195 136 20 well-known
1494 196 94 24 position
1599 195 24 20 of
1627 196 37 19 the
1675 195 98 24 Proprie-

1259 221 27 12 -*-
1320 222 35 18 tor
1364 221 19 19 is
1393 228 13 12 a
1415 223 108 19 sufficient
1536 223 120 25 guarantee
1667 222 51 19 that
1731 228 43 19 any

1251 248 110 19 contracts
1371 249 121 19 connected
1503 249 54 19 with
1567 249 46 19 this
1623 249 93 19 Journal
1729 249 45 19 will

1251 274 28 19 be
1289 274 88 25 strictly
1387 275 44 19 and
1440 275 121 25 honorably
1571 275 85 20 carried
1665 277 45 18 out.

1278 300 46 20 The
1340 301 88 19 Printer
1441 302 45 19 and
1498 301 116 20 Publisher
1627 301 78 20 wishes
1718 301 20 20 it
1750 301 24 19 to

1251 327 27 19 be
1297 327 82 26 clearly
1397 328 134 20 understood
1545 328 51 20 that
1608 328 29 20 he
1651 329 19 19 is
1683 329 40 19 not
1736 327 39 21 the

1251 354 84 20 Editor.

1277 381 38 19 All
1329 383 201 23 communications,
1547 383 90 24 reports,
1654 383 42 22 &c,
1716 383 60 18 must

1251 407 28 19 be
1289 408 119 19 addressed
1416 410 24 18 to
1531 409 78 19 Editor
1625 408 94 20 'Oxford
1731 408 45 20 and

1253 433 54 21 Cust
1317 434 123 22 Observer,'
1450 435 56 19 East

1279 460 46 20 The
1335 461 78 20 Editor
1423 461 51 20 does
1487 463 39 18 not
1536 461 51 20 bind
1602 461 90 19 himself
1700 461 24 19 to
1743 466 33 14 re-

1251 487 54 19 turn
1313 488 98 25 rejected
1419 488 141 25 manuscript.
1591 488 37 19 All
1641 488 81 20 letters
1732 487 44 20 and

1253 513 64 20 other
1337 515 198 19 communications
1554 516 61 18 must
1623 514 28 20 be
1664 514 112 20 authenti-

1253 540 64 20 cated
1329 540 30 25 by
1367 540 39 20 the
1416 541 113 24 signature
1539 541 26 19 of
1573 541 39 19 the
1621 541 93 23 writers,
1736 541 41 19 not

1252 567 132 24 necessarily
1397 567 35 19 for
1444 567 137 25 publication
1599 567 42 20 but
1654 573 23 13 as
1687 573 14 13 a
1714 567 62 20 mark

1253 593 22 19 of
1284 593 57 25 good
1349 593 64 20 faith.

1279 620 47 19 The
1335 619 79 20 Editor
1420 619 51 20 does
1480 620 40 20 not
1527 620 54 20 hold
1589 619 91 21 himself
1689 626 89 19 respon-

1253 646 55 20 sible
1317 646 36 19 for
1366 646 39 20 the
1414 646 100 25 opinions
1528 647 118 25 expressed
1657 647 30 25 by
1697 653 81 13 corres-

1252 673 117 26 pondents.
1397 673 37 20 All
1443 673 79 21 shades
1532 674 23 20 of
1561 673 89 26 opinion
1656 673 58 21 shall
1722 673 57 21 have

1253 700 65 25 equal
1336 701 181 25 representation,
1543 701 107 25 provided
1667 701 55 26 they
1740 706 38 15 are

1254 727 118 25 expressed
1381 727 23 19 in
1415 729 121 24 temperate
1545 728 117 25 language.

639 131 329 46 GRIFFITH
986 132 175 45 BROS.

640 244 42 74 Sn
698 241 107 37 taking
830 240 62 29 this
912 242 199 38 opportunity
1130 246 32 24 to

703 282 97 28 thank
816 281 78 29 their
915 282 113 28 friends
1057 282 32 28 of
1111 283 51 28 the

640 321 163 32 OXFOBD
818 322 60 28 and
894 320 106 31 CUST
1019 322 143 29 Districts

638 364 49 29 for
715 367 68 35 past
809 362 114 34 favors,
945 363 74 28 wish
1052 366 32 24 to
1110 373 50 18 an-

640 413 115 19 nounce
772 402 67 29 that
856 403 73 37 they
945 412 49 18 are
1005 412 67 19 now
1083 413 81 18 run-

643 445 70 37 ning
723 453 18 18 a
757 441 65 30 Yan
837 442 136 29 between
993 441 167 30 OXFORD

640 484 60 29 and
729 482 324 29 CHRLSTCHURCH
1074 484 88 27 twice

641 534 18 19 a
696 524 91 33 week,
830 523 120 37 leaving
993 523 169 29 OXFORD

642 564 150 38 Mondays
821 563 59 28 and
904 563 175 38 Thursdays
1103 564 61 27 and

640 604 160 38 returning
814 602 153 40 Tuesdays
986 603 25 29 &
1027 604 135 38 Fridays.

681 664 98 40 Depot
804 663 48 30 Mr
873 663 27 30 J.
916 664 166 40 Dempseys
1105 665 59 29 and

641 705 48 29 Mr
715 706 26 28 J.
766 706 123 38 Loughs
915 705 167 30 OXFORD
1105 705 61 29 and

645 748 54 26 187
724 756 104 19 corner
853 746 32 28 of
898 746 193 29 Manchester
1105 746 59 28 and

645 786 167 30 Worcester
848 786 115 30 Streets
1002 785 164 31 CHRIST-

642 826 181 30 CHURCH.

681 891 37 29 N.
741 892 36 28 B.
797 892 95 39 Eggs,
908 892 120 35 Butter,
1052 903 57 18 anu
1126 892 41 29 all

642 932 92 38 goods
772 932 148 40 carefully
952 933 156 38 conveyed
1136 937 31 24 at

642 972 104 30 lowest
763 976 89 26 rates.

734 1169 131 44 FOR
896 1169 175 44 SALE.

643 1258 79 23 /THE
734 1258 134 24 Leasehold
879 1258 23 23 of
915 1259 47 23 170
973 1257 74 24 Acres
1058 1256 26 25 of
1094 1257 72 23 Land

648 1289 22 25 JL
706 1294 26 20 at
743 1291 61 23 East
818 1290 97 27 Oxford,
926 1291 26 23 of
961 1290 78 23 which
1049 1291 31 22 50
1092 1290 73 23 Acres

644 1331 40 17 are
696 1323 130 31 ploughed,
840 1323 47 24 and
901 1320 42 27 the
955 1324 49 23 rest
1016 1322 148 25 worked-out

645 1356 61 24 bush
719 1356 62 24 land.
832 1356 24 24 It
872 1356 21 24 is
911 1356 92 27 fenced,
1015 1355 60 24 with
1093 1355 73 31 sheep

645 1388 49 24 and
705 1388 156 31 cattle-proof
870 1388 90 27 fences,
973 1388 46 23 has
1030 1388 136 23 abundance

645 1421 26 24 of
695 1421 62 30 good
784 1429 74 23 grass,
883 1420 49 24 and
960 1428 14 16 a
996 1420 171 31 never-failing

645 1454 87 30 supply
744 1454 26 24 of
780 1456 79 21 water.
894 1454 81 30 Apply
986 1455 26 22 to

787 1496 76 24 GEO.
887 1496 25 24 S.
931 1495 171 27 BAETRUM,

1005 1527 129 32 Eangiora.

699 1699 80 39 FOR
805 1699 305 39 SALE-CHEAP.

647 1773 39 55 A
704 1772 119 25 Cretonne
843 1773 48 24 and
912 1773 134 24 Horsehair
1059 1773 109 26 SUITE.

719 1806 79 29 Apply
810 1807 25 21 to

806 1852 33 23 M.
858 1852 213 28 WAKEFIELD,

964 1885 62 25 East
1039 1885 97 25 Oxford.

825 1978 38 3 —
863 1971 87 17 >>-»-<
950 1978 38 4 —

647 2039 274 43 PHOTOGRAPHIC
956 2041 212 24 APPARATUS

647 2068 24 29 X
735 2073 126 31 complete,
900 2074 126 31 including
1062 2073 105 29 Camera,

645 2106 100 28 Lenses,
764 2107 48 22 and
823 2114 69 22 every
905 2107 118 31 requisite,
1033 2109 26 22 at
1070 2107 56 24 half
1135 2107 32 24 its

647 2138 98 31 original
757 2141 59 22 cost.
850 2138 79 32 Apply

873 2182 73 24 Office
959 2182 25 24 of
993 2182 49 24 this
1054 2182 84 32 Paper.

757 2368 305 45 WANTED.

647 2445 149 77 Wanted
827 2446 179 38 purchasers
1037 2448 49 28 for
1112 2448 57 29 150

745 2487 79 38 pairs
839 2486 31 30 of
892 2486 210 31 TROUSERS
1112 2488 59 29 and

645 2525 124 32 YESTS
782 2531 31 25 at
825 2526 68 40 10/6
905 2529 98 28 worth
1025 2527 73 40 21/-

861 2578 35 29 R.
912 2578 40 29 H.
965 2578 164 31 PARISH.

825 2663 39 3 —
864 2657 88 17 >-♦><
952 2665 39 3 —

686 2704 131 30 Wanted
845 2705 118 30 Known
984 2707 68 29 that
1072 2707 35 30 A.
1123 2708 37 29 D.

645 2745 29 29 H
678 2745 91 29 assail
791 2745 75 30 Cust
888 2747 52 30 has
958 2757 36 19 on
1036 2749 81 28 hand
1150 2759 17 19 a

644 2786 85 38 large
739 2787 108 38 supply
856 2787 32 29 of
905 2787 107 40 Hemp,
1044 2788 121 37 Manila,

645 2827 59 28 and
723 2826 77 30 Flax
822 2827 178 31 BINDING
1019 2828 145 32 TWINE.

861 2898 7 16 >
879 2903 12 8 ■
891 2905 1 11 :
899 2901 11 12 ♦
919 2902 14 9 »
940 2900 10 15 <

645 2959 146 42 ■T-iy-ajted
813 2962 33 25 to
865 2959 167 41 Exchange
1056 2971 18 19 a
1090 2972 76 29 pure

658 3007 28 24 TT
779 2999 190 41 Duck-wing
1033 3001 133 31 Bantam

643 3039 128 30 Rooster
798 3041 49 29 for
881 3051 15 19 a
927 3042 66 38 pair
1023 3043 31 28 of
1073 3043 92 30 white

643 3081 133 38 pigeons.
826 3081 101 40 Apply
946 3087 29 25 to

824 3136 37 29 A.
875 3136 31 30 C.
925 3136 159 37 DAVIES,

903 3177 78 29 East
1000 3178 123 30 Oxford.

640 3390 45 44 J.
708 3390 52 44 T.
788 3391 194 52 Brown,
1004 3391 40 44 &
1065 3392 98 44 Son

693 3466 107 20 TIMBEB
810 3467 17 19 &
838 3467 70 20 COAL
922 3467 177 22 MERCHANTS.

811 3505 160 20 IMPORTERS

640 3550 33 26 Of
703 3551 152 27 TIMBER,
868 3553 52 25 and
949 3552 47 27 All
1025 3554 86 25 Kinds
1136 3553 26 26 of

691 3584 181 45 BUILDING
894 3596 207 30 MATERIALS
1114 3605 4 17 :

823 3653 147 26 CORNER

635 3692 158 26 COLOMBO
833 3696 18 22 &
880 3694 94 25 TUAM
1010 3695 149 26 STREETS

788 3737 195 27 Christohuroh.

27 134 272 45 LONDON
313 132 233 55 HOUSE,

126 205 111 38 EAST
268 204 177 38 OXFORD.

31 273 63 51 R.
139 272 68 51 H.
235 271 325 66 JPARISH.-

78 349 124 34 MORE
228 349 97 32 NEW
346 350 155 31 GOODS-

108 417 33 15 tx
183 409 118 23 TAI-NUI
313 411 17 20 &
344 408 100 23 DORIC

27 454 62 28 and
103 454 29 28 in
145 454 134 28 addition
294 457 30 24 to
339 452 49 29 the
402 451 57 30 late
469 452 82 37 large

51 503 182 57 Shipment
261 503 36 37 of
308 503 86 36 Hew
416 501 109 38 Goods.

29 554 65 30 Has
118 555 65 38 just
210 553 136 30 received
370 553 119 28 advices
518 553 32 28 of

86 606 126 28 another
223 604 165 29 Extensive
404 603 86 38 Ship-

130 659 93 32 ment,
233 655 100 30 which
344 654 61 29 will
414 654 38 29 be

194 707 131 38 opening
340 708 52 26 out

31 755 61 37 IN
117 756 36 36 A
176 754 191 38 SHORT
395 754 156 37 TIME,

49 807 127 38 Making
190 808 54 29 his.
255 807 102 34 Stock,
368 807 49 28 for
428 811 104 24 extent

70 859 60 28 and
161 859 126 39 variety,
322 866 57 21 one
408 858 31 28 of
460 858 51 29 the

90 912 80 26 most
184 910 148 37 complete
345 909 32 28 in
392 908 100 29 North

191 948 199 40 Canterbury.

28 1028 126 30 Prompt
165 1028 167 31 Inspection
344 1029 171 30 Requested
524 1030 27 22 in

64 1073 88 23 order
165 1074 30 22 to
207 1072 107 24 Secure
325 1073 51 22 the
388 1071 135 25 Choicest

236 1115 107 26 Goods.

50 1190 191 54 Special
278 1190 257 55 Bargains.

32 1256 47 23 100
90 1255 206 25 Knickerbockers
304 1256 70 27 suits,
393 1256 35 31 6/-
440 1263 42 23 per
494 1255 63 24 suite

160 1287 77 25 below
387 1289 59 23 cost.

31 1322 65 23 1000
107 1320 72 32 yards
202 1321 94 25 Melton
315 1320 73 25 Drees
409 1320 94 24 Tweds
524 1322 32 29 G£

130 1353 75 25 worth
219 1355 39 23 9d.
272 1353 30 24 nil
315 1353 64 31 plain
393 1353 83 24 colors.

31 1386 81 30 Large
126 1386 74 24 Stock
213 1387 24 23 of
249 1387 93 23 Hearth
356 1387 66 29 Rugs
436 1386 57 23 from
513 1386 41 31 2/(>

157 1459 278 30 SNOWPLAKES

35 1508 101 32 Greatly
144 1510 26 23 in
177 1518 77 21 vogue
264 1510 49 24 tins
322 1510 92 24 Season
427 1510 39 31 1/4
476 1517 55 17 now
542 1512 14 22 9

32 1557 45 23 W
96 1553 12 23 I
125 1559 48 18 am
193 1554 118 29 Making

30 1595 103 25 MENS'
158 1596 110 24 Colonial
280 1595 87 25 T.veed
379 1595 174 25 TROUSERS

131 1641 24 21 to
173 1647 104 16 measure
294 1639 63 24 from
375 1640 51 31 15/-

32 1672 101 24 MENS'
143 1671 111 25 Colonial
269 1672 87 24 Tweed
372 1672 66 24 Suits
445 1672 63 24 from
514 1673 43 32 45/

60 1715 31 23 In
101 1715 51 23 this
163 1715 93 23 branch
268 1715 27 23 of
303 1723 41 22 my
358 1715 108 25 business
478 1715 14 24 I
500 1723 40 16 am

179 1748 89 24 second
283 1752 25 20 to
320 1756 68 16 none.

33 1791 64 23 2000
109 1791 70 29 yards
191 1791 26 23 of
228 1792 43 22 Art
294 1791 101 27 Muslin,
418 1792 102 23 reduced
531 1793 26 23 to

97 1822 48 31 6£d
157 1832 5 20 ;
182 1823 76 23 worth
277 1823 38 23 9d.

32 1864 22 25 A
66 1865 65 31 large
145 1865 72 24 Stock
230 1865 26 24 of
265 1873 67 16 mens
350 1865 108 25 Colonial
470 1866 87 25 Tweed

160 1898 66 24 Suits
239 1898 92 31 equally
341 1898 87 31 Cheap.

40 2006 219 40 wfiimtß
277 2006 91 40 m®
392 2005 166 39 ctocKs

184 2058 197 26 REPAIRED.

35 2102 335 31 WATCHGLASSES
381 2104 26 29 &
419 2105 139 31 HANDS

228 2153 120 21 FITTED.

42 2194 142 50 Sewing
216 2194 153 38 Machine
409 2191 148 50 Needles,

90 2264 61 21 ONE
167 2265 144 21 SHILLING
328 2265 60 21 PER
398 2265 109 21 DOZEN.

40 2323 75 75 E.
136 2324 79 75 H.
248 2323 309 78 PARISH

183 2424 76 21 EAST
283 2423 132 22 OXFORD.

37 2566 217 59 EOBERT
336 2568 218 73 FISIIEK,

71 2655 174 25 GENERAL
267 2654 255 27 STOREKEEPER

36 2701 94 44 Teas,
170 2698 128 46 Coffees,
336 2699 123 45 Cocoas,
491 2700 67 38 and

136 2750 156 39 General.
299 2749 165 40 Groceries

87 2801 139 32 WEST
289 2801 216 31 OXFORD.

47 2970 2 2 .
108 2934 182 39 Character
311 2933 167 51 Reading.

34 3008 40 57 A
103 3007 76 25 Series
202 3006 25 25 of
249 3006 101 25 Articles
372 3014 33 16 on
427 3006 130 25 Character

109 3040 109 31 Reading
229 3039 30 32 by
271 3039 174 31 hand-writing
456 3039 47 23 will
515 3047 39 24 ap-

32 3081 60 23 pear
108 3072 97 31 shortly.
238 3072 55 30 Any
310 3078 87 24 person
412 3072 103 30 wishing
531 3073 24 23 to

33 3105 61 25 have
106 3105 63 24 their
184 3105 122 23 character
324 3105 57 23 read
393 3104 85 24 should
498 3105 59 23 send

33 3138 136 32 specimens
181 3137 26 25 of
214 3137 64 24 their
289 3137 176 31 hand-writing
475 3137 26 23 to

259 3189 73 24 Office
343 3189 27 24 of
378 3190 48 23 this
437 3189 84 30 Paper.

161 3263 97 25 Private
276 3262 88 24 Charts
376 3263 50 31 2/6.

74 3358 434 114 BEICKS.

31 3522 99 52 W.
188 3514 82 59 W
280 3519 166 54 ILK
456 3519 97 53 IE

22 3601 98 24 k\VILL
137 3621 2 3 .
148 3607 53 18 now
224 3598 86 31 supply
327 3606 84 23 square
434 3598 46 24 and
486 3608 2 12 ;
503 3598 52 24 well

22 3643 129 25 KRICKS
162 3643 27 24 in
198 3650 48 22 any
257 3641 112 31 quantity
380 3643 25 23 at
417 3641 34 25 £2
459 3641 44 24 10s
511 3648 43 24 per

173 3684 73 25 Cash.

250 3735 77 25 Yards
345 3735 61 26 East
418 3735 98 26 Oxford.
