2398 3814
180 136 91 30 Helper
318 137 112 30 pretends
453 139 25 22 to
496 138 41 23 de-

16 175 75 30 jjlojfe,
98 174 52 24 and
159 171 81 27 which
251 171 32 27 he
292 175 48 23 attd
352 173 104 26 Heenan
465 177 74 21 assert

19 218 63 18 Were
92 210 131 31 ruthlessly
234 208 128 35 destroyed
374 212 30 31 by
411 213 42 23 the
463 219 81 17 sneers

18 248 53 25 &nd
82 249 57 24 base
150 246 163 27 insinuations
322 250 28 24 of
360 250 49 24 this
419 257 124 24 compara-

19 285 77 33 tively
111 295 56 16 jaew
184 286 95 25 arrival.
282 300 31 5 —
314 288 121 24 Gammon
444 289 6 22 1

204 325 90 28 Yours,
318 326 51 27 &c,

348 363 52 23 Tom
423 363 92 24 Sayers

58 434 98 27 WEST
198 434 140 26 OXFORD
383 434 134 26 SCHOOL

227 467 124 25 TREAT.

104 531 29 22 iTo
142 534 34 20 iJm
186 535 73 19 Editor
266 534 25 23 of
304 534 8 9 *
319 533 40 19 The
371 532 106 20 Observer^

61 570 54 29 Sir,
117 586 31 2 —
150 570 28 24 In
188 577 93 17 answer
291 571 26 22 to
329 568 83 24 letters
423 567 26 25 of
490 566 61 25 Con-

28 608 176 31 stant'Helper,
212 607 47 25 and
397 606 90 30 Helper
499 610 54 24 says

30 649 17 11 «'
58 646 82 31 people
151 646 53 23 who
217 645 45 24 bad
275 645 36 24 for
322 652 71 23 many
404 649 69 26 years
484 641 69 31 given

29 684 67 24 their
107 684 58 23 time
177 683 48 24 aad
246 689 88 24 money
353 681 44 25 did
418 682 42 23 not
472 686 80 24 appre-

31 722 65 24 ciate
112 721 64 24 their
194 720 95 24 actions
310 719 74 31 being
405 718 75 24 called
502 717 52 23 into

30 759 114 30 question
171 758 31 31 by
238 765 17 15 a
290 755 183 32 comparatively
501 762 53 16 new

162 795 14 24 I
186 794 87 25 should
284 795 28 23 be
325 801 52 24 very
390 793 54 31 glad
454 793 21 22 if
484 800 14 15 a
509 792 45 23 few

31 840 68 17 more
124 833 129 31 grumblers
282 831 77 24 where
381 831 113 29 amongst
515 836 38 20 us,

30 870 35 25 he
76 871 52 24 said
138 871 54 24 that
213 871 29 23 he
254 869 45 24 has
323 868 91 31 spoken
426 870 25 22 to
464 866 90 25 several

99 909 56 24 took
174 910 53 29 part
249 907 26 23 in
298 907 90 30 getting
411 914 31 23 up
454 905 41 23 the
506 906 47 22 last

31 947 72 24 treat.
137 946 13 23 I
170 945 82 25 should
264 944 48 24 like
323 946 25 22 to
371 944 65 23 know
447 943 53 24 who
512 942 41 24 the

32 983 92 26 several
136 984 52 24 are?
200 983 25 24 If
233 982 83 30 helper
328 981 76 24 would
416 980 56 31 only
483 979 69 31 point

32 1022 71 25 them
113 1022 42 24 out
166 1024 24 21 to
212 1027 40 18 me
263 1020 14 23 I
300 1019 87 24 should
408 1019 29 24 be
460 1017 57 31 only
528 1019 25 22 to

31 1059 59 31 glad
96 1061 26 22 to
131 1066 38 17 see
181 1059 75 26 them,
326 1064 83 24 square
418 1058 40 22 tbe
467 1056 87 23 matter

30 1097 61 25 ■with
102 1098 71 23 them.
186 1096 50 24 The
247 1095 57 31 only
315 1102 59 17 ones
385 1094 53 24 that
459 1093 14 23 I
484 1093 70 25 know

30 1137 29 24 of
68 1144 38 17 are
117 1136 43 25 the
171 1136 90 24 Master
281 1134 49 24 and
338 1134 131 24 Chairman
477 1132 77 24 which

31 1174 64 24 form
111 1173 41 25 the
175 1172 145 25 Committee
343 1179 26 15 as
389 1179 29 17 a.,
428 1170 59 27 rule,
511 1169 42 24 the

31 1211 94 24 Master
146 1210 85 31 taking
242 1209 31 24 all
284 1208 116 31 proceeds-
408 1208 46 23 and
465 1207 89 31 paying

31 1250 114 23 accounts
155 1248 100 24 without
272 1246 139 30 consulting
424 1246 38 23 the
484 1245 70 24 Com-

30 1287 85 23 mittee
126 1286 27 23 in
164 1293 47 23 any
222 1291 60 24 way.
317 1283 52 24 The
381 1285 125 21 ammount
517 1290 35 16 re-

30 1323 83 26 ceived
123 1323 48 25 last
181 1328 57 26 year
248 1329 50 17 was
310 1329 54 17 over
381 1320 67 31 eight
458 1320 95 30 pounds

30 1362 48 24 and
90 1361 42 25 the
143 1361 108 24 children
262 1360 41 30 got
325 1367 13 15 a
360 1359 76 30 paltry
447 1360 39 21 tea
508 1357 45 24 but

30 1401 44 23 not
85 1408 14 14 a
110 1400 64 29 prize
186 1400 42 22 out
239 1398 23 23 of
284 1396 42 25 the
349 1404 62 16 sum.
446 1395 59 24 Now
517 1394 37 25 for

29 1436 51 25 less
102 1444 88 24 money
211 1442 35 18 we
265 1435 53 30 give
341 1434 80 30 eighty
445 1432 107 24 children

30 1474 52 24 and
99 1473 73 24 about
193 1473 74 29 thirty
287 1471 78 24 adults
388 1478 14 16 a
425 1471 59 30 good
507 1470 45 30 day

30 1514 53 26 out,
105 1514 48 22 two
175 1511 60 31 good
256 1509 72 28 feeds,
352 1509 47 23 and
421 1509 71 23 about
505 1508 47 23 140

28 1549 81 31 prizes
120 1551 25 22 to
156 1549 42 23 the
222 1548 103 29 Sunday.
343 1546 89 25 School
443 1545 108 23 children

28 1593 30 17 so
65 1587 66 23 there
141 1588 67 22 must
227 1585 29 23 be
278 1592 14 16 a
304 1591 73 17 screw
398 1583 64 24 loose
477 1589 75 17 some-

28 1624 88 24 where.
150 1624 58 23 This
218 1624 22 23 is
250 1622 53 31 why
313 1621 14 24 I
468 1620 13 23 I
492 1619 60 24 tried

28 1664 29 24 to
67 1665 41 30 get
119 1671 33 24 up
163 1672 13 15 a
188 1663 61 24 treat
270 1662 49 24 this
329 1669 57 24 year
405 1660 47 25 and
464 1659 88 24 offered

28 1704 43 24 ten
84 1703 110 31 shillings
213 1704 26 23 to
262 1702 60 23 start
344 1701 42 24 the
407 1700 43 25 list
472 1699 48 24 and
531 1699 19 23 it

26 1749 52 18 ■was
85 1741 127 32 suggested
218 1740 54 25 that
279 1739 41 24 the
330 1738 99 25 Church
449 1737 102 27 wardens

28 1779 79 31 ought
118 1781 25 23 to
160 1779 53 31 give
234 1779 44 23 not
299 1778 47 23 less
369 1777 58 23 rhan
439 1783 14 17 a
465 1775 85 31 guinea

28 1817 63 25 each
101 1817 49 24 and
161 1817 62 24 have
234 1815 43 25 the
289 1815 71 30 thing
371 1814 88 24 carried
473 1814 42 22 out
525 1812 27 23 in

27 1864 17 14 a
54 1862 85 24 proper
158 1855 63 25 form
244 1861 25 17 as
291 1852 97 31 regards
404 1850 88 32 receipt
505 1850 46 24 and

27 1892 165 31 expenditure,
204 1892 43 23 but
256 1891 53 23 that
320 1890 77 23 would
407 1891 44 21 not
461 1889 39 27 do,
523 1889 26 22 to

26 1929 77 24 much
114 1929 67 24 labor
192 1929 37 24 for
240 1935 31 16 no
287 1934 94 23 money.

61 1967 13 24 I
85 1974 40 18 am
136 1968 44 24 not
202 1966 42 25 the
252 1965 68 25 -.first
342 1964 55 25 who
418 1964 45 24 has
485 1971 64 17 com-

26 2005 101 32 plained
137 2005 26 25 of
172 2005 42 24 the
226 2011 68 17 same
316 2002 80 32 thing.
430 2002 13 24 I
464 2002 32 24 do
505 2002 45 23 not

26 2042 93 26 believe
129 2043 27 24 in
167 2042 118 31 charging
296 2049 47 16 one
365 2048 86 24 person
463 2039 85 25 double

25 2081 52 25 fare
95 2082 46 24 and
158 2081 33 24 let
212 2079 100 26 another
334 2087 30 23 go
386 2079 47 24 free
456 2086 26 16 as
504 2078 46 24 has

26 2120 62 25 been
99 2121 40 24 the
150 2127 62 21 ease,
234 2117 72 25 when
318 2117 12 24 I
343 2123 38 19 see
404 2117 83 31 things
498 2116 50 24 fare

24 2157 51 25 and
83 2165 94 23 square,
189 2157 59 24 then
259 2155 13 24 I
285 2155 48 23 will
346 2157 53 29 stop
410 2154 138 32 grumbling

24 2195 61 25 •with
101 2195 116 31 pleasure.
252 2193 66 28 Now,
332 2193 27 24 in
370 2192 147 28 conclusion,
529 2192 21 24 if

24 2241 35 16 we
70 2233 49 23 had
129 2234 75 29 prizes
227 2234 25 21 to
271 2231 61 30 give,
356 2232 25 22 to
404 2232 62 22 what
484 2230 63 23 child

24 2270 88 25 should
124 2277 34 17 we
175 2277 34 23 gn
216 2277 12 17 e
249 2269 33 23 it?
318 2267 32 24 As
362 2267 42 24 the
426 2267 58 31 girls
495 2267 53 24 that

23 2307 71 25 know
103 2307 102 31 nothing
226 2306 71 24 about
308 2305 63 24 their
391 2305 83 24 needle
485 2305 62 24 vork

22 2353 48 16 nor
87 2344 62 25 been
160 2343 128 25 examined
304 2342 36 24 for
351 2350 57 16 over
419 2345 47 22 two
477 2350 69 23 years

23 2393 41 23 my
75 2384 44 31 girl
130 2385 42 30 got
183 2392 15 16 a
209 2382 69 26 black
287 2381 68 25 mark
364 2382 36 24 for
406 2385 45 21 not
457 2382 91 31 having

23 2430 49 24 any
83 2423 89 30 sewing
183 2423 26 23 at
221 2420 86 26 School
318 2420 48 24 and
377 2420 40 24 did
428 2422 43 22 not
481 2429 65 22 pass,

24 2460 44 25 but
81 2461 41 23 she
134 2468 45 16 can
190 2459 69 25 make
270 2458 90 24 herself
369 2467 14 15 a
405 2459 75 27 dress,
501 2459 47 23 and

24 2500 70 24 there
106 2508 38 16 are
156 2498 89 26 several
257 2506 67 16 more
341 2498 55 24 who
407 2506 45 16 can
464 2498 30 25 do
505 2498 41 28 the.

24 2546 77 20 same,
123 2537 45 25 but
195 2538 43 24 the
262 2536 88 25 School
377 2536 65 25 work
463 2536 19 24 is
504 2540 44 21 not

24 2576 101 25 allowed
135 2578 25 22 to
172 2575 29 25 be
212 2574 85 26 looked
309 2576 33 27 at,
355 2575 48 23 and
410 2583 33 16 no
452 2576 96 23 wonder

23 2614 26 23 in
61 2613 57 29 fact,
136 2613 43 26 the
202 2612 85 25 School
309 2612 21 24 is
352 2612 25 24 in
400 2620 14 16 a
436 2620 55 23 very
502 2620 44 16 un-

24 2652 152 30 satistactory
199 2651 69 24 state.
302 2648 13 24 I
337 2657 39 15 am
400 2658 54 23 very
483 2658 63 23 sorry

22 2689 57 24 that
90 2688 13 24 I
115 2688 87 24 should
224 2695 70 17 cause
316 2695 48 22 any
385 2682 126 36 ill-feeling
522 2690 25 22 to

22 2734 115 24 any-one,
150 2734 26 16 as
187 2726 13 24 I
207 2724 61 26 wish
280 2726 24 23 to
316 2724 46 24 live
374 2724 26 24 in
409 2732 71 24 peace
487 2725 58 24 with

23 2764 42 28 all,
83 2764 43 25 but
138 2764 13 24 I
163 2766 65 22 want
244 2766 24 20 to
281 2770 39 16 see
333 2762 79 31 things
423 2763 61 24 done
494 2763 26 23 in
532 2770 15 17 a

23 2803 105 31 straight
136 2801 106 25 -forward
253 2800 48 23 and
312 2808 85 22 proper
407 2808 102 16 manner
520 2809 26 15 as

22 2843 27 22 at
60 2841 67 24 other
151 2839 110 28 Schools,
284 2838 60 25 then
358 2847 29 15 no
398 2839 146 31 grumbling.

19 2878 19 24 1
49 2878 30 25 do
91 2880 41 22 not
141 2878 68 24 know
226 2876 54 31 why
294 2882 5 8 '
309 2876 117 24 Constant
448 2877 98 30 Helper,

23 2916 50 25 and
84 2916 111 24 Heenan'
209 2914 87 26 should
301 2914 29 24 be
339 2915 110 24 ashamed
457 2914 26 24 of
489 2916 60 23 their

21 2961 86 17 names
140 2954 102 31 perhaps
278 2952 20 23 if
334 2952 57 32 they
419 2961 60 16 were
523 2954 24 23 to

21 2992 113 32 grumble
146 2992 68 24 when
232 2990 83 31 things
337 2998 41 16 are
389 2992 44 23 not
452 2998 27 16 as
491 2990 57 32 they

21 3030 90 25 should
122 3029 36 29 be,
171 3029 57 31 they
240 3027 79 25 would
330 3028 51 31 sign
393 3028 63 24 then-
463 3036 85 16 names

21 3069 29 24 in
60 3068 47 24 full
117 3076 29 16 as
157 3068 14 23 I
183 3068 38 24 do.

218 3109 78 25 Yours
305 3111 52 26 &c,

244 3147 79 24 James
337 3147 145 24 Grimwood.

211 3186 53 24 One
276 3185 27 25 of
311 3185 40 25 the
364 3184 150 26 Committee.

76 3260 406 31 GRAPHIOLOGY

150 3334 61 23 The
229 3332 103 25 Letter
376 3334 40 23 t/'

55 3399 172 31 Graphiology,
240 3406 27 15 or
278 3398 42 24 the
344 3402 37 20 art
403 3399 27 24 of
449 3400 98 30 reading

21 3432 125 24 character
158 3432 46 23 and
215 3431 143 26 disposition
372 3431 30 30 by
413 3439 14 16 a
438 3434 107 28 person's

21 3465 106 29 writing,
139 3464 21 23 is
172 3468 25 19 at
208 3465 98 29 present
319 3464 40 23 but
371 3464 62 24 little
456 3465 88 23 under-

22 3497 77 28 stood,
112 3496 48 24 and
170 3499 40 28 yet
222 3497 19 23 it
254 3496 19 23 is
284 3504 13 15 a
309 3496 49 24 fact
380 3497 54 23 that
457 3505 13 15 a
492 3505 52 22 per-

22 3532 67 22 son's
101 3531 82 25 tastns,
196 3529 108 30 feelings,
318 3529 71 29 ideas,
402 3529 47 24 and
471 3531 75 22 moral

21 3562 110 32 qualities
143 3569 46 16 can
200 3561 29 24 be
246 3561 91 32 plainly
358 3562 57 24 read
438 3564 24 22 in
485 3563 62 24 their

22 3595 99 29 writing
132 3594 31 30 by
175 3602 14 16 a
205 3594 179 30 graphiologist.

56 3628 71 23 Some
139 3627 26 24 of
182 3627 42 24 the
246 3626 91 24 French
360 3628 186 30 graphioiogists

22 3659 51 25 will
85 3667 30 23 go
132 3659 52 24 into
207 3666 26 16 so
255 3666 70 23 many
347 3661 93 23 minute
462 3661 85 24 details

24 3699 58 17 over
93 3696 47 19 two
152 3699 26 16 or
189 3691 68 24 three
269 3699 72 22 pages
356 3693 26 22 of
402 3701 13 16 a
437 3696 109 28 person's

25 3724 99 30 writing
144 3732 27 15 as
193 3726 24 21 to
229 3731 71 15 cause
311 3724 92 24 intense
424 3726 121 23 astonish-

26 3758 78 27 jnent,
117 3755 49 25 and
177 3763 59 17 even
247 3755 91 31 dismay
352 3758 23 23 to
397 3759 39 23 the
459 3758 86 25 writer.

715 136 21 23 it
749 137 104 29 possible
865 136 52 25 thai
928 144 71 24 every
1007 140 65 28 trait,
1081 140 61 31 good

624 170 49 24 and
684 169 54 27 bad,
752 170 24 23 of
787 177 41 23 my
840 171 124 23 character
975 171 19 23 is
1007 172 82 24 shewn
1112 173 29 30 by

623 210 39 24 my
672 200 94 32 writing
819 210 46 22 you
884 202 50 24 ask.

748 235 5 10 1
787 234 88 25 Indeed
887 242 14 17 a
912 242 83 24 person
1007 244 55 24 may
1085 237 58 31 keep

624 268 60 24 such
696 276 14 15 a
719 267 78 24 watch
809 274 56 17 over
877 268 40 23 the
933 268 51 23 face
1006 277 28 16 as
1055 274 26 20 to
1103 271 38 22 de-

623 300 67 25 cieve
701 300 89 28 others,
808 300 42 25 but
873 301 40 24 the
936 301 96 32 writing
1053 303 91 25 reveals

623 334 42 22 all.

659 372 51 22 The
722 371 68 23 small
800 370 71 24 letter
948 372 20 22 is
980 372 26 23 of
1015 375 66 28 great
1100 373 45 23 im-

625 406 113 29 portance
749 404 26 22 in
787 403 98 31 reading
906 403 169 33 handwriting,
1098 405 49 23 and

625 445 16 15 a
653 438 65 29 great
729 436 52 24 deal
792 444 45 15 can
847 436 30 24 be
889 436 50 24 told
950 436 31 31 by
992 437 42 24 the
1052 445 53 24 way
1126 437 21 23 it

627 470 21 23 is
660 469 71 24 made
742 468 48 24 and
806 469 103 24 crossed.
971 469 105 25 Careless
1099 469 48 24 and

628 502 136 24 incautious
786 509 98 23 persons
917 500 67 25 often
1007 503 93 30 neglect
1122 504 25 21 to

626 540 66 18 cross
713 534 20 24 it
755 533 33 25 all
797 542 5 19 ;
821 533 99 32 hopeful
949 535 49 23 and
1030 534 118 31 energetic

628 575 96 23 persons
736 575 62 16 cross
820 568 20 23 it
861 566 60 25 with
944 575 14 16 a
980 567 58 31 long
1059 574 87 23 sweep,

628 600 60 24 with
700 607 32 16 an
743 599 97 31 upward
862 599 118 32 tendency
989 608 6 20 ;
1014 600 70 24 when
1106 599 42 23 the

628 632 45 24 end
684 631 26 25 of
720 632 39 23 the
771 639 63 17 cross
852 639 27 17 or
900 631 43 24 bar
966 636 24 20 to
1013 632 42 24 the
1077 632 71 23 letter

695 664 58 25 ends
764 665 27 23 in
803 674 14 15 a
829 665 49 28 dot,
890 664 135 33 frequently
1036 666 20 22 it
1067 665 78 23 shows

627 699 89 27 talent,'
724 699 47 23 and
783 699 19 22 if
821 700 20 22 it
863 698 58 24 ends
942 699 25 22 in
990 706 14 16 a
1024 698 62 24 hook
1108 697 39 24 the

628 731 81 24 writer
720 731 20 23 is
753 739 30 15 an
794 731 168 31 irrepressable
983 739 95 22 person,
1101 737 46 17 ona

628 765 52 23 who
691 764 22 23 is
724 763 81 24 bound
816 766 25 22 to
853 772 67 15 come
931 765 25 22 to
974 764 39 23 the
1035 763 65 24 front
1121 762 26 23 in

628 804 68 16 some
714 805 59 22 way,
796 797 27 23 in
845 796 61 31 spite
928 796 25 24 of
974 796 34 24 all
1030 794 118 26 obstacles

628 829 49 23 and
688 829 151 29 difficulties;
857 829 42 24 the
985 828 93 24 crossed
1100 827 47 23 low

626 862 79 28 down,
728 862 49 23 and
798 862 95 30 cutting
919 862 106 30 through
1056 860 91 26 letters,

630 895 72 23 shows
714 896 90 29 temper
814 904 5 21 ;
837 895 49 23 and
896 894 21 24 if
926 895 40 23 the
977 894 43 24 bar
1030 894 22 24 is
1063 895 84 28 heavy,

628 928 58 23 then
697 928 41 23 the
756 928 79 23 writer
856 928 21 23 is
899 926 25 25 of
945 935 32 16 an
998 925 152 31 unforgiving

629 961 85 24 nature
726 969 6 21 ;
749 961 41 23 the
827 964 11 20 t
875 960 93 24 crossed
978 960 60 24 with
1046 968 14 14 a
1068 958 81 24 down-

629 993 65 24 ward
705 993 118 31 tendency
835 1001 20 16 ai
861 1001 13 16 e
885 993 42 23 the
940 993 66 23 mark
1017 992 26 24 of
1049 997 99 25 persons

629 1026 59 24 with
701 1034 14 15 a
726 1026 126 31 grievance
860 1034 5 21 ;
884 1025 49 24 and
954 1025 20 23 if
992 1025 40 24 the
1054 1023 94 30 writing

629 1059 22 24 is
663 1059 73 27 thick,
749 1059 60 24 then
820 1060 40 23 the
871 1058 93 25 trouble
983 1057 122 31 generally
1126 1055 22 24 is

630 1091 54 24 that
693 1091 69 24 other
773 1092 84 31 people
868 1092 75 24 won't
955 1099 39 15 see
1016 1090 83 30 things
1120 1088 27 23 in

629 1125 43 24 the
683 1132 65 16 same
759 1132 52 24 way
832 1125 55 23 that
908 1124 43 23 the
972 1123 80 25 writer
1074 1123 56 23 does
1141 1128 5 21 ;

632 1158 40 22 the
684 1157 69 23 small
790 1159 10 22 t
837 1157 94 24 crossed
942 1155 143 27 downward,
1098 1154 49 23 and

631 1191 37 22 the
680 1189 94 32 writing
785 1189 49 25 also
846 1189 98 31 making
954 1189 35 23 for
999 1189 42 23 the
1053 1188 94 23 bottom

630 1222 26 25 of
665 1222 42 24 the
717 1230 73 23 paper
803 1222 102 32 (instead
918 1222 26 24 of
949 1221 102 31 straight
1058 1226 87 21 across,

629 1255 22 24 is
663 1255 41 23 the
715 1255 95 31 writing
821 1255 26 25 of
856 1255 80 31 people
947 1254 55 24 who
1013 1261 40 16 are
1074 1251 71 25 fault-

629 1286 98 32 finding,
740 1288 48 23 and
800 1295 77 16 severe
889 1287 78 24 critics
979 1286 26 24 of
1014 1286 40 23 the
1063 1285 83 30 doings

630 1320 26 24 of
658 1320 87 28 others,
753 1320 67 24 these
828 1321 91 24 writers
928 1327 40 17 are
974 1319 87 30 always
1068 1318 80 30 trying

630 1358 25 19 to
666 1354 44 28 put
721 1353 68 24 oilier
800 1361 107 23 persons,
926 1352 66 30 right
1013 1350 47 25 and
1081 1350 66 25 often

629 1385 131 30 neglectful
771 1386 26 24 of
807 1386 62 24 their
891 1393 54 16 own
967 1384 88 28 affairs,
1075 1382 73 26 while

630 1418 97 31 looking
737 1419 61 24 after
809 1420 69 23 other
886 1417 94 32 peoples
990 1428 5 18 ;
1016 1417 70 23 when
1104 1415 43 25 the

719 1451 21 24 is
773 1452 93 24 crossed
899 1450 82 28 above,
1025 1450 59 30 (and
1126 1448 22 24 if

630 1483 116 31 touching
767 1485 40 23 the
828 1483 80 32 letter)
933 1483 18 24 it
983 1482 118 24 indicates
1131 1488 15 16 a

630 1516 127 29 vivacious,
770 1517 90 28 ardent,
881 1517 85 23 nature
974 1523 6 21 ;
998 1515 47 24 and
1066 1515 21 23 if
1107 1515 40 23 the

630 1549 96 30 writing
735 1549 20 23 is
768 1549 26 24 of
803 1558 15 16 a
837 1549 93 30 sloping
952 1548 67 31 style,
1042 1548 26 22 in
1091 1555 56 15 con-

630 1581 96 24 nection
736 1582 59 23 with
806 1582 42 23 the
859 1581 75 31 flying
944 1581 44 23 bar
1010 1582 24 22 to
1046 1580 42 23 the

631 1614 57 23 then
701 1614 40 24 the
753 1614 79 24 writer
842 1614 22 24 is
875 1621 46 17 one
932 1613 55 24 who
999 1612 76 24 would
1096 1612 51 23 love

629 1646 168 33 passionately,
810 1647 48 24 and
869 1654 38 17 see
915 1654 31 16 no
957 1646 63 25 fault
1030 1646 26 23 in
1078 1645 70 24 those

629 1679 112 29 beloved;
760 1688 14 16 a
786 1680 71 24 small
939 1679 96 25 crossed
1054 1678 58 24 with
1133 1686 14 15 a

629 1713 66 23 short
706 1713 67 23 thick
792 1714 79 23 stroke
892 1713 46 24 low
960 1713 70 23 down
1052 1720 32 15 on
1095 1711 53 24 that

628 1745 72 24 letter
712 1746 66 24 show
786 1755 31 15 an
839 1746 120 24 obstinate
980 1745 55 28 will,
1059 1744 48 25 and
1128 1743 22 24 if

628 1778 42 24 the
682 1786 65 16 cross
758 1779 22 24 is
790 1779 93 24 thicker
894 1779 60 23 than
964 1779 41 23 the
1025 1777 71 25 letter
1117 1777 29 24 it-

630 1810 45 25 self
684 1811 42 24 the
737 1812 79 24 writer
827 1812 49 24 will
887 1811 29 24 be
939 1819 15 16 a
974 1819 57 22 very
1053 1810 94 25 domin-

628 1843 101 32 rieering
739 1852 94 23 person,
847 1843 125 32 especially
978 1843 21 25 if
1007 1844 40 24 the
1059 1842 89 32 capital

627 1876 81 24 letters
731 1877 26 23 of
776 1877 42 24 the
839 1877 80 24 writer
940 1884 40 15 are
1006 1876 64 30 large
1101 1875 47 24 and

628 1908 85 31 stylish
724 1916 5 21 ;
746 1909 55 23 well
812 1909 70 23 made
964 1908 81 30 firmly
1053 1907 94 24 crossed

627 1941 56 24 with
695 1949 32 16 an
738 1949 59 16 even
809 1941 85 28 stroke,
907 1941 48 24 and
973 1948 27 17 as
1021 1940 73 23 much
1116 1947 32 16 on

628 1982 44 16 one
684 1974 50 24 side
745 1974 26 24 of
782 1974 41 24 the
833 1974 73 24 letter
916 1982 26 16 as
954 1974 42 24 the
1007 1973 77 25 other,
1107 1980 40 17 are

628 2008 40 23 the
680 2007 66 31 signs
757 2007 25 24 of
789 2015 95 17 success
894 2007 26 24 in
939 2007 48 24 life.

776 2067 32 23 To
828 2067 25 23 be
875 2067 129 23 continued.

652 2174 282 30 MOTHERS'
969 2174 145 30 PAGE.

653 2241 111 18 EDITED
779 2241 41 18 BY
837 2240 167 19 "MOTHERS'

653 2294 50 20 Thb
709 2293 63 26 Lady
781 2293 85 21 Editor-
868 2293 73 20 would
955 2293 45 21 like
1005 2294 25 20 to
1038 2294 28 20 be
1079 2300 13 14 a
1097 2293 52 27 help

626 2322 24 19 to
662 2321 39 19 the
714 2328 32 12 m:
752 2321 59 19 ihers
824 2320 45 20 and
882 2319 122 26 daughters
1019 2321 23 19 of
1056 2321 40 19 the
1106 2321 43 19 dis-

625 2348 60 23 trict,
698 2347 41 21 but
751 2353 60 14 more
824 2347 118 26 especially
950 2347 25 20 to
990 2347 40 20 the
1044 2347 104 24 mothers,

626 2374 45 21 and
679 2375 83 19 invites
765 2374 61 20 them
829 2375 24 19 to
859 2373 63 21 write
927 2374 23 22 to
956 2374 78 20 heritor
1040 2374 109 27 anything

626 2402 54 25 they
689 2408 51 19 may
748 2401 56 20 wish
811 2402 24 19 to
843 2401 70 19 know.
942 2401 43 20 She
990 2402 46 19 will
1040 2402 109 20 endeavor

626 2429 24 20 to
665 2429 52 25 give
730 2429 63 19 them
809 2429 40 19 the
866 2428 51 20 best
936 2434 95 14 answers
1049 2429 24 19 to
1090 2429 59 20 their

626 2455 119 27 questions,
757 2455 50 24 and,
819 2455 24 19 in
852 2455 82 22 return,
946 2455 73 20 would
1027 2455 28 21 be
1064 2455 54 26 glad
1126 2456 23 20 to

626 2483 85 20 receive
727 2488 45 20 any
786 2482 146 26 suggestions,
950 2482 57 25 good
1019 2482 83 27 recipes
1115 2482 34 21 for

627 2510 97 25 cookery,
746 2509 143 24 needlework,
910 2514 25 15 or
953 2509 122 25 otherwise,
1098 2510 51 20 that

626 2538 55 24 they
693 2536 67 20 think
768 2536 46 20 will
828 2536 28 20 be
870 2535 75 21 useful
953 2538 24 18 to
992 2536 60 21 their
1065 2537 84 20 friends

627 2564 45 20 and
689 2564 125 25 neighbors.
843 2563 37 20 All
894 2563 183 26 correspondence
1086 2564 23 21 to
1122 2564 27 21 be

628 2590 119 21 addressed
753 2591 25 19 to
788 2592 5 8 '
797 2592 5 9 '
809 2590 108 19 Mother's
926 2590 66 25 Help,
1011 2592 5 9 '
1021 2590 128 21 Observer'

628 2618 71 23 Office,
712 2617 56 20 East

732 2676 148 20 DOMESTIC
898 2676 139 20 ECONOMY.

660 2724 142 24 Treatment
821 2723 24 25 of
866 2723 66 31 lamp
953 2723 126 33 Chimneys
1101 2724 48 25 and

628 2756 92 31 globes.
723 2771 30 2 —
755 2756 85 28 These,
870 2756 68 24 when
972 2758 52 24 first
1057 2757 92 32 bought

629 2789 86 24 should
727 2789 30 24 be
767 2789 83 30 placed
861 2789 25 23 in
907 2797 14 15 a
943 2789 64 31 large
1030 2799 119 22 saucepan

628 2822 57 24 with
697 2822 54 24 cold
762 2824 81 26 water,
853 2821 77 25 which
942 2824 63 23 must
1013 2822 27 25 be
1050 2823 99 25 allowed

628 2855 82 31 gently
734 2857 33 22 to.
780 2863 66 16 eorne
869 2857 23 22 to
915 2855 40 24 the
990 2856 55 25 boil.
1079 2857 70 24 Each

629 2890 70 22 must
717 2888 29 24 be
769 2887 134 31 separately
925 2888 86 24 boiled.
1046 2890 64 24 Take
1131 2890 18 25 it

629 2922 42 23 out
694 2921 69 23 when
785 2921 42 24 the
849 2924 73 21 water
945 2921 40 24 has
1009 2922 75 25 boiled
1108 2930 40 24 up.

629 2954 60 23 This
696 2961 94 23 process
798 2953 54 29 will,
863 2961 25 16 as
895 2953 20 24 it
922 2962 66 20 were,
1001 2956 147 24 acclimatize

629 2987 67 23 them
708 2987 23 23 to
743 2986 64 28 heat,
820 2987 48 23 and
878 2989 97 28 prevent
986 2987 63 24 their
1068 2989 80 24 crack-

629 3019 42 29 ing
683 3019 66 22 when
760 3019 26 22 in
798 3027 51 16 use.

660 3051 52 23 Tbe
724 3051 125 31 chimneys
863 3051 24 24 jf
896 3051 78 32 lamps
991 3053 91 31 require
1102 3053 46 24 fre-

628 3086 73 28 qnent
712 3083 120 31 cleaning,
847 3085 40 23 but
898 3084 20 24 it
930 3085 21 23 is
963 3092 14 16 a
1000 3088 66 28 great
1088 3087 58 23 mis-

628 3116 55 24 take
696 3118 25 22 to
732 3116 67 24 wash
821 3117 66 23 them
910 3119 143 31 constantly.
1088 3119 60 25 This

627 3148 83 24 makes
722 3149 62 23 them
793 3148 82 25 brittle
882 3150 46 23 and
935 3153 41 28 apt
983 3153 25 22 to
1012 3151 81 25 break.
1127 3152 21 24 A

628 3181 47 25 soft
687 3181 64 24 cloth
762 3182 85 30 passed
859 3190 32 22 up
903 3183 47 23 and
962 3183 66 24 down
1039 3184 64 25 them
1116 3193 32 16 on

627 3214 42 24 the
692 3214 111 31 chimney
826 3215 82 28 brush,
932 3216 47 24 will
1002 3217 145 33 sufficiently

628 3247 95 25 cleanse
734 3248 41 24 the
786 3247 85 30 inside,
884 3249 48 23 and
943 3249 43 24 the
997 3251 94 24 outside
1102 3259 45 17 can

626 3280 29 25 be
666 3280 83 31 gently
760 3280 89 25 rubbed
861 3281 58 25 with
931 3282 42 24 the
984 3291 66 16 same
1071 3284 75 25 cloth.

627 3313 25 24 If
671 3313 59 31 they
752 3313 98 25 become
869 3322 56 23 very
947 3317 74 22 much
1054 3317 94 24 stained

627 3346 78 31 owing
716 3348 25 22 to
753 3346 42 25 the
806 3346 140 32 negligence
957 3348 25 24 of
1004 3349 67 24 those
1092 3350 56 25 who

626 3387 42 17 use
677 3379 76 28 them,
767 3379 57 32 they
836 3379 87 27 should
934 3380 30 25 be
975 3381 89 27 soaked
1084 3383 26 24 in
1132 3392 15 16 a

627 3412 62 24 weak
701 3412 104 24 solution
817 3412 26 25 of
854 3413 77 23 vitriol
943 3414 47 24 and
1000 3418 81 20 water.

801 3479 164 19 APHORISMS.

657 3522 136 28 Perfection
815 3525 27 25 of
870 3526 64 24 Soul.
935 3541 32 4 —
967 3527 50 25 Not
1048 3528 27 25 in
1105 3529 42 25 the

625 3556 139 33 knowledge
776 3559 26 24 of
818 3559 83 31 things
923 3560 108 30 without,
1054 3562 44 24 but
1120 3563 26 24 in

625 3590 130 30 perfection
767 3592 25 23 of
801 3592 41 24 the
854 3592 53 25 soul
923 3593 94 30 within,
1040 3595 43 24 lies
1106 3595 41 25 the

625 3623 88 30 empire
725 3623 26 24 of
756 3632 59 16 man
826 3626 104 31 aspiring
941 3628 26 23 to
974 3627 29 25 be
1010 3636 67 17 more
1086 3630 60 23 than

625 3662 66 17 man.
693 3670 33 3 —
729 3658 28 22 E.
769 3658 31 23 B.
818 3659 88 29 Lytton.

656 3687 120 26 Progress.
777 3704 31 4 —
810 3690 36 25 Be
887 3691 87 28 always
1013 3694 133 32 displeased

623 3720 66 23 with.
692 3721 64 24 what
767 3722 61 24 thou
840 3727 44 25 art,
902 3724 20 23 if
932 3725 59 24 thou
1010 3727 100 25 desirest
1120 3729 26 23 to

623 3753 76 25 attain
711 3755 25 23 to
744 3755 66 25 what
822 3756 58 24 thou
892 3758 37 23 art
939 3759 45 24 not
996 3767 6 20 ;
1020 3759 37 25 for
1072 3760 75 25 where

1232 143 59 24 thou
1307 143 101 26 abidest.
1440 145 26 24 If
1485 146 62 24 thou-
1566 150 79 27 sayest
1666 148 13 24 I
1690 149 61 23 have

1232 177 94 29 enough
1347 176 59 24 thou
1428 178 125 30 perishest.
1587 179 96 31 Always
1695 181 55 28 add,

1231 207 87 30 always
1326 209 70 28 walk,
1409 210 89 32 always
1506 212 108 30 proceed.
1648 213 102 24 Neither

1232 241 71 23 stand
1315 241 56 29 still,
1385 250 42 16 nor
1437 250 30 23 go
1480 243 68 28 back,
1559 252 46 16 nor
1617 245 136 25 deviate.—

1232 274 133 28 Augustine.

1265 306 243 33 Self-knowledge.—
1508 309 13 23 l
1533 311 87 23 cannot
1640 311 43 23 but
1702 311 51 30 pity

1231 337 41 25 the
1283 346 57 16 man
1351 339 55 25 who
1417 342 132 30 recognises
1571 343 105 31 nothing
1696 343 57 31 god-

1231 370 48 24 like
1290 371 24 22 in
1326 370 40 25 his
1377 381 54 16 own
1448 376 92 22 nature.
1542 389 31 3 —
1577 376 128 28 Ohanning.

1382 441 208 21 HOUSEKEEPER.

1265 487 65 24 Bath
1357 488 76 25 Buns.
1436 504 31 3 —
1467 490 51 23 Mix
1527 490 54 25 four
1590 490 164 32 teaspoonfuls

1234 520 26 23 of
1270 522 75 28 yeast,
1368 520 42 24 the
1428 522 69 30 yolks
1509 522 25 24 of
1552 523 54 24 four
1617 532 65 22 eggs,
1706 523 48 24 and

1234 552 83 24 whites
1330 552 26 24 of
1365 553 66 25 three
1443 562 64 23 eggs,
1519 555 59 24 with
1589 556 54 23 half
1651 564 15 16 a
1673 555 81 31 pound

1234 584 26 24 of
1269 584 62 25 flour
1342 593 5 19 ;
1365 588 45 28 put
1420 586 41 24 the
1483 588 105 23 mixture
1610 588 79 24 before
1711 588 43 24 the

1234 617 44 23 fire
1290 619 25 22 to
1326 619 54 26 rise,
1401 618 60 24 then
1472 620 45 24 rub
1528 620 26 23 in
1566 621 68 23 three
1645 623 109 28 quarters

1233 650 25 24 of
1269 658 15 15 a
1296 650 81 31 pound
1398 651 26 24 of
1429 651 68 29 flour,
1521 652 48 24 and
1579 652 55 25 half
1650 662 12 15 a
1674 653 80 31 pound

1234 682 26 24 of
1267 691 66 22 sugai
1344 691 6 19 ;
1368 683 54 25 b?at
1432 684 54 24 half
1505 694 14 15 a
1535 686 82 30 pound
1639 686 26 24 of
1674 687 80 23 butter

1234 717 26 22 to
1282 724 15 15 a
1324 723 88 22 cream,
1434 717 51 24 mix
1507 718 32 24 all
1561 718 53 25 well
1636 719 117 31 together.

1234 748 85 24 Divide
1330 748 50 24 into
1392 749 61 24 buns
1476 750 48 24 and
1547 750 73 24 brush
1632 760 56 15 over
1699 751 55 24 with

1234 780 74 24 white
1319 780 26 24 of
1365 789 52 26 egg.
1451 782 67 25 Bake
1540 785 89 29 twenty
1648 784 106 24 minutes

1234 820 28 16 or
1273 812 52 24 half
1333 821 31 15 an
1380 814 70 22 hour.

1267 845 70 24 Plain
1360 845 104 26 Cake.—
1464 847 57 25 Two
1533 847 94 31 cupsful
1648 849 24 24 of
1683 848 68 27 flour,

1234 885 47 23 cup
1292 877 27 25 of
1323 880 114 26 currants,
1457 885 45 26 Cup
1524 880 26 24 of
1570 889 79 23 sugar,
1671 881 83 31 nearly

1234 910 52 24 half
1295 918 82 24 pouna
1387 912 26 23 of
1420 912 88 33 butter,
1520 913 54 24 four
1596 921 64 24 eggs.
1693 914 61 24 Beat

1234 943 82 24 butter
1324 944 48 23 and
1395 952 71 23 sugar
1488 946 115 31 together,
1626 946 46 23 add
1689 953 65 24 eggs,

1234 984 43 16 one
1288 978 26 22 at
1325 984 15 16 a
1351 976 66 29 time,
1425 978 45 24 stir
1477 978 25 24 in
1511 978 62 24 flour
1581 979 48 23 and
1637 982 117 20 currants.

1234 1007 52 25 Mix
1309 1016 14 17 a
1344 1011 150 29 teaspoonful
1515 1018 79 17 cream
1622 1011 26 25 of
1672 1013 82 26 tartar,

1234 1042 47 23 and
1304 1041 54 24 half
1377 1043 151 30 teaspoonful
1550 1044 26 24 of
1585 1044 129 24 carbonate
1731 1043 26 25 of

1234 1074 66 23 soda.
1433 1096 3 1 .

1390 1140 201 21 NEEDLEWORK.

1265 1187 76 24 Novel
1349 1187 117 33 Hanging
1474 1189 93 24 Flower
1574 1189 99 25 Basket.
1674 1204 33 4 —
1708 1190 46 24 Get

1233 1227 15 17 a
1259 1228 108 16 common
1379 1221 120 31 Japanese
1510 1222 128 28 umbrella,
1655 1223 47 23 and
1714 1224 42 23 cut

1233 1253 34 22 off
1293 1253 42 24 the
1363 1254 69 23 stick.
1472 1254 67 31 Open
1567 1254 42 25 the
1636 1254 118 25 umbrella

1236 1285 106 30 slightly,
1354 1286 49 23 and
1414 1294 46 16 sew
1471 1286 76 25 round
1558 1287 19 24 it
1584 1287 77 24 inside
1669 1295 14 16 a
1690 1287 66 31 piece

1234 1318 25 23 of
1270 1317 52 24 stiff
1331 1317 135 30 cardboard,
1490 1324 47 20 two
1547 1320 83 24 inches
1642 1321 66 30 deep,
1730 1322 26 22 to

1233 1352 98 29 prevent
1341 1350 21 24 it
1372 1350 85 32 falling
1467 1360 70 23 open.
1571 1352 48 24 Fill
1635 1352 50 25 this
1695 1352 61 24 with

1234 1390 103 23 grasses,
1360 1383 99 30 flowers,
1481 1385 100 31 trailing
1605 1385 67 24 vines
1706 1386 48 27 &c,

1234 1416 49 23 arid
1302 1416 57 24 affix
1381 1424 15 16 a
1417 1416 80 32 bright
1520 1418 93 24 colored
1634 1418 85 24 ribbon
1730 1420 26 22 to

1235 1448 104 31 suspend
1347 1448 23 25 it
1380 1448 47 31 by..
1454 1450 21 23 A
1487 1451 50 23 bow
1560 1451 24 23 of
1595 1451 43 24 the
1661 1459 62 15 same
1734 1450 22 24 is

1234 1488 66 16 sewn
1312 1482 25 23 to
1345 1481 43 24 the
1409 1481 90 26 middle
1521 1482 27 25 of
1567 1482 42 25 the
1633 1482 123 25 umbrella.

1234 1513 59 24 This
1305 1513 45 25 has
1372 1522 15 16 a
1409 1519 62 19 most
1492 1515 104 31 graceful
1619 1516 69 24 effect
1704 1515 26 24 in
1742 1522 14 17 a

1233 1554 74 16 room,
1320 1547 47 22 and
1378 1547 41 23 the
1430 1549 51 22 cost
1492 1548 22 23 is
1527 1555 29 16 no
1568 1556 64 16 more
1643 1548 61 24 than
1716 1548 40 24 the

1233 1578 64 30 price
1308 1578 26 24 of
1343 1579 41 23 the
1395 1579 126 30 umbrella,
1537 1580 77 23 which
1626 1580 20 24 is
1658 1579 74 25 about
1743 1587 15 17 a

1233 1611 107 30 shilling.
1375 1611 57 26 The.
1450 1615 62 21 most
1539 1612 217 31 effective-looking

1234 1651 39 17 are
1286 1644 68 24 (hose
1375 1644 89 31 having
1475 1653 14 16 a
1506 1645 59 32 good
1587 1646 136 24 admixture
1733 1647 25 23 of

1236 1677 42 24 red
1288 1677 27 23 in
1326 1677 42 24 the
1380 1677 113 31 coloring.

1428 1751 129 19 EXTRACT.

1265 1797 31 25 In
1312 1797 136 32 furnishing
1469 1806 44 16 our
1534 1806 87 21 rooms,
1644 1806 36 17 we
1702 1807 27 16 as
1741 1806 15 16 a

1234 1830 98 31 general
1342 1831 77 31 thing,
1442 1837 31 25 go
1483 1833 26 22 at
1520 1832 19 22 \t
1551 1831 25 23 in
1587 1839 14 16 a
1618 1831 149 31 haphazard^

1235 1871 57 22 way,
1315 1863 48 23 and
1373 1863 43 24 the
1437 1863 75 24 result
1530 1863 22 24 is
1567 1865 44 23 not
1632 1864 97 31 always;,
1729 1872 38 20 afts-

1234 1895 150 30 satisfactory
1396 1903 27 16 as
1433 1903 34 16 we
1487 1895 79 24 would
1576 1895 57 24 like.
1665 1896 49 24 We
1726 1903 30 24 go

1234 1930 25 21 to
1271 1935 14 16 a
1297 1929 64 22 store
1376 1928 49 23 and
1445 1927 56 24 look
1523 1935 56 17 over
1600 1928 43 24 the
1654 1931 100 29 carpets,

1233 1960 48 23 and
1292 1959 72 25 select
1375 1968 49 19 one.
1433 1961 52 23 that
1496 1959 68 26 looks
1585 1962 88 30 pretty.
1711 1961 52 25 We.

1234 2001 30 23 go
1275 1995 24 22 to
1319 1992 42 25 the
1382 1993 80 24 dealer
1482 1993 26 23 in
1530 1993 147 32 wall-paper,
1699 1994 55 28 and,

1234 2026 103 24 without
1349 2034 14 15 a
1374 2026 104 30 thought
1489 2026 28 24 of
1524 2027 41 22 the
1577 2030 78 28 carpet
1666 2027 20 24 it
1697 2027 22 24 is
1730 2029 26 22 to

1234 2067 30 23 go
1275 2058 66 29 with,
1361 2067 33 16 we
1405 2058 73 25 select
1500 2067 14 16 a
1535 2061 106 28 pattern.
1676 2060 91 25 When'

1234 2092 42 24 the
1287 2100 73 23 pap9r
1370 2093 20 23 is
1401 2100 39 20 on,
1463 2092 48 24 and
1523 2093 41 23 the
1586 2095 79 29 carpet
1676 2093 78 28 down,

1236 2125 57 31 they
1314 2133 56 22 may
1392 2124 147 28 harmonize,
1562 2126 49 23 and
1632 2126 58 31 they
1701 2134 57 23 may

1234 2159 51 23 not.
1320 2157 55 25 You
1384 2157 46 24 will
1441 2166 40 16 see
1492 2166 15 16 a
1517 2161 69 28 great
1596 2166 75 24 many
1677 2166 81 17 rooms

1236 2190 26 25 in
1273 2190 41 25 the
1331 2190 87 25 houses
1440 2196 24 19 ol
1485 2198 59 23 your
1564 2191 128 31 neighbors
1704 2192 54 24 that

1234 2223 67 23 leave
1329 2231 31 15 an
1387 2222 59 31 unpl
1460 2225 71 21 asant
1558 2223 144 30 impression
1725 2232 31 16 on

1234 2263 56 23 you,
1302 2255 49 23 and
1361 2255 21 22 if
1389 2263 45 22 you
1447 2253 69 25 ©seek
1528 2255 39 23 the
1589 2263 70 17 cause
1666 2256 27 24 of
1699 2256 57 27 this,

1233 2295 48 24 you
1292 2287 47 24 will
1349 2286 120 31 generally
1480 2288 49 23 find
1541 2287 20 24 it
1572 2288 20 24 is
1614 2296 31 16 on
1655 2290 101 23 account

1234 2320 25 24 of
1267 2319 54 24 lack
1328 2319 26 23 of
1360 2320 122 30 harmony.
1516 2319 22 24 A
1545 2328 95 16 woman
1650 2321 106 30 wearing

1234 2352 138 31 conflicting
1383 2352 74 24 colors
1475 2359 74 17 never
1571 2360 99 24 appears
1692 2353 63 25 well-

1236 2385 104 28 dressed,
1353 2385 93 31 though
1457 2385 43 25 her
1522 2385 71 24 attire
1615 2394 58 24 may
1694 2387 62 24 have

1236 2423 51 20 cost
1310 2425 14 17 a
1344 2424 66 24 great
1432 2418 53 24 deal
1506 2418 27 25 of
1559 2427 95 23 money,
1687 2419 69 24 while

1236 2450 101 25 another
1349 2458 100 21 woman,
1462 2450 106 32 wearing
1590 2451 37 25 far
1648 2451 47 25 less
1717 2460 39 16 ex-

1234 2484 107 30 pensive,
1349 2483 44 25 but
1400 2483 121 32 tastefully
1528 2484 88 25 chosen
1625 2485 129 29 materials,

1234 2517 51 24 will
1295 2516 63 24 have
1368 2524 32 16 an
1410 2517 36 23 air
1452 2517 24 23 of
1487 2517 120 30 elegance.
1641 2518 25 24 It
1676 2518 21 25 is
1714 2519 40 25 the

1236 2557 66 17 same
1314 2549 59 24 with
1384 2557 88 17 rooms.
1507 2550 51 24 The
1577 2559 68 16 room
1668 2551 22 24 is
1711 2552 44 24 not

1234 2583 71 23 made
1316 2582 126 24 attractive
1460 2582 103 25 because
1582 2584 26 24 of
1627 2585 129 30 expensive

1234 2615 126 28 furniture,
1373 2615 43 24 but
1426 2615 101 25 because
1546 2617 62 24 taste
1629 2617 46 24 has
1697 2618 59 24 been

1235 2647 105 30 brought
1351 2648 52 24 into
1420 2649 111 23 exercise.

1268 2680 45 24 We
1324 2680 29 22 do
1362 2682 44 21 not
1417 2680 147 31 sufficiently,
1573 2681 71 31 study
1665 2681 88 25 effects.

1235 2712 85 25 Before
1330 2711 139 33 furnishing
1479 2721 14 16 a
1503 2720 68 17 room
1583 2721 33 17 we
1637 2714 74 32 ought
1729 2716 26 23 to

1235 2745 70 25 know
1315 2746 114 31 precisely
1441 2746 41 24 the
1494 2746 81 24 effects
1586 2754 35 16 we
1633 2747 76 25 desire
1728 2749 26 23 to

1233 2778 113 30 produce,
1359 2779 48 23 and
1419 2778 58 25 then
1489 2779 71 31 study
1578 2779 53 24 how
1652 2782 27 22 to
1699 2788 56 23 pro-

1234 2811 60 24 duce
1305 2810 77 25 them.
1416 2811 23 23 If
1460 2819 35 17 we
1517 2811 61 25 havp
1600 2820 31 17 no
1653 2812 100 26 definite

1232 2844 66 30 plan,
1320 2852 37 16 we
1376 2846 89 23 cannot
1486 2844 66 25 work
1581 2845 175 33 intelligently.-

1233 2877 32 23 In
1273 2876 91 31 buying
1374 2879 93 29 carpets
1479 2878 47 24 and
1536 2885 81 24 paper,
1628 2879 49 24 and
1685 2880 71 26 other,

1234 2909 82 32 things
1328 2911 25 23 to
1364 2918 31 23 go
1406 2910 53 25 into
1470 2918 46 17 one
1527 2918 72 21 room,
1621 2919 75 17 never
1717 2921 38 16 se-

1233 2942 47 25 lect
1289 2944 57 23 each
1357 2942 190 32 independently
1569 2944 27 24 of
1615 2944 43 24 the
1677 2945 76 29 other,

1234 2975 45 24 but
1296 2975 89 31 always
1407 2976 108 24 consider
1537 2976 56 25 how
1613 2977 59 31 they
1703 2978 53 25 will

1233 3007 148 25 harmonize.
1416 3008 46 25 Let
1473 3017 46 16 one
1540 3010 93 30 general
1654 3010 54 24 idea
1730 3010 26 25 of

1233 3040 65 24 color
1319 3040 48 24 and
1389 3040 83 32 design
1494 3049 47 17 run
1574 3042 104 31 through
1711 3043 43 25 all.

1233 3073 61 24 This
1306 3074 66 29 gives
1382 3082 14 15 a
1407 3074 70 31 unity
1499 3074 25 25 of
1545 3074 77 28 effect,
1645 3076 48 23 and
1715 3077 40 23 the

1233 3106 77 24 result
1329 3106 47 24 will
1398 3106 29 24 be
1450 3106 84 32 highly
1556 3107 116 32 pleasing.
1707 3108 46 25 Re-

1233 3139 108 23 member
1352 3139 52 24 that
1416 3147 15 16 a
1442 3142 81 28 carpet
1533 3139 21 24 is
1565 3142 44 23 not
1620 3140 92 32 bought
1728 3145 27 20 to

1235 3172 26 24 be
1273 3171 106 25 admired
1390 3171 37 25 for
1437 3172 42 24 the
1491 3173 85 31 beauty
1588 3172 26 25 of
1620 3173 31 25 its
1657 3175 96 30 pattern

1234 3205 92 30 merely,
1339 3204 44 25 but
1394 3204 101 25 because
1505 3206 21 23 it
1537 3205 20 24 is
1569 3214 15 15 a
1593 3210 47 20 sort
1649 3207 27 24 of
1682 3207 71 24 back-

1233 3237 94 31 ground
1338 3236 36 25 for
1385 3236 40 26 the
1437 3246 76 21 room,
1527 3238 49 24 and
1586 3238 74 26 select
1671 3240 20 23 it
1713 3240 39 24 be*

1234 3278 72 17 cause
1317 3269 28 26 of
1352 3270 33 25 its
1408 3271 210 31 appropriateness
1639 3272 38 25 for
1697 3273 56 25 that

1233 3311 112 23 purpose.
1379 3304 21 23 A
1411 3304 142 31 wall-paper
1574 3313 58 23 may
1647 3305 31 25 be
1700 3314 55 23 very

1233 3337 87 30 pretty,
1333 3335 25 25 in
1368 3336 40 25 the
1419 3336 76 31 place,
1510 3338 41 24 but
1562 3345 66 24 upon
1640 3338 40 25 the
1698 3338 56 25 wall

1233 3369 40 25 the
1285 3369 70 24 effect
1361 3377 58 24 may
1426 3369 29 25 be
1461 3369 120 33 intensely
1588 3370 167 32 disagreeable.

1233 3402 96 31 Always
1342 3402 57 24 bear
1408 3403 25 23 in
1444 3403 68 25 mind
1523 3403 55 25 that
1595 3403 20 24 it
1637 3403 22 25 is
1680 3404 37 25 for
1740 3412 14 16 a

1233 3435 164 31 back-ground
1407 3437 26 22 to
1445 3435 41 25 the
1494 3436 106 31 pictures
1618 3436 47 25 and
1686 3445 67 17 orna-

1233 3469 79 23 ments
1320 3475 46 24 you
1378 3468 67 31 hang
1456 3476 64 24 upon
1531 3476 61 24 your
1609 3469 75 29 walls,
1707 3469 48 25 and

1233 3500 35 25 let
1279 3501 20 23 it
1310 3500 29 25 be
1350 3501 27 24 of
1386 3501 60 25 such
1454 3509 16 17 a
1478 3502 63 25 color
1552 3509 28 18 as
1591 3503 42 25 not
1653 3504 26 24 to
1701 3502 53 26 des-

1235 3535 54 30 troy
1301 3534 49 25 this
1361 3534 62 25 idea.
1458 3534 26 25 If
1493 3535 42 25 the
1557 3535 65 26 color
1643 3536 50 25 and
1716 3537 39 25 the

1233 3569 98 29 pattern
1341 3567 23 24 is
1374 3575 57 25 very
1442 3567 108 30 decided,
1562 3569 42 25 the
1615 3569 67 25 walls
1705 3568 50 26 will

1234 3600 88 32 always
1334 3602 76 24 assert
1428 3610 18 19 .a
1468 3603 92 30 greater
1581 3602 73 25 claim
1673 3604 28 24 to.
1720 3605 35 22 at-

1232 3634 94 24 tention
1358 3634 60 25 than
1451 3634 42 25 the
1533 3635 113 31 pictures.
1680 3635 76 26 There

1233 3666 87 24 should
1331 3666 88 32 always
1432 3667 29 25 be
1474 3667 87 32 beauty
1571 3669 24 23 in
1607 3671 93 30 carpets
1707 3669 48 25 and

1232 3707 80 23 paper,
1326 3701 40 23 but
1377 3700 20 24 it
1409 3700 87 25 should
1507 3702 27 23 be
1556 3701 27 24 of
1602 3702 54 25 that
1677 3702 75 32 quiet,

1232 3732 110 24 subdued
1355 3737 50 19 sort
1416 3734 53 23 that
1480 3734 57 24 does
1547 3737 45 21 not
1603 3735 71 23 make
1685 3735 69 24 them

1233 3763 27 26 of
1268 3765 109 32 primary
1388 3765 152 32 importance
1551 3766 72 26 when
1634 3770 43 22 the
1687 3775 68 20 ropm

1840 153 22 23 is
1881 152 122 31 occupied.
2037 153 67 32 They
2126 152 87 26 should
2235 152 91 30 always
2336 152 30 24 be

1842 185 139 30 secondary.
2016 185 51 24 The
2078 186 116 30 pictures,
2206 181 43 28 the
2266 184 97 25 flowera

1841 216 49 25 and
1900 216 43 25 the
1953 217 97 24 .various
2061 219 71 23 other
2143 218 84 30 things
2250 216 27 25 of
2294 225 72 17 orna-

1841 251 68 22 ment
1921 247 86 26 should
2020 251 72 24 stand
2102 253 43 22 out
2156 252 28 23 in
2194 249 71 25 relief
2271 250 95 30 against

1840 282 77 29 them,
1930 282 48 24 and
1988 283 49 24 this
2048 284 56 30 they
2123 284 89 24 cannot
2234 283 32 25 do
2285 282 81 24 unless

1842 316 39 23 the
1893 315 65 24 color
1968 315 49 24 and
2028 316 84 30 design
2132 317 24 23 ol
2178 315 42 24 the
2242 315 124 31 coverings

1841 348 37 23 for
1888 346 42 25 the
1942 347 61 25 floor
2013 348 49 25 and
2072 348 67 25 walls
2151 357 41 16 are
2212 348 48 24 less
2282 347 84 32 bright

1841 380 48 25 and
1908 380 173 25 p^lf-assertive
2113 381 62 25 than
2209 380 156 25 themselves.

1841 412 21 24 A
1883 420 66 17 room
1972 413 125 31 tastefully
2116 413 134 27 furnished,
2274 413 89 31 always

1839 444 115 31 produces
1964 446 74 24 much
2043 446 41 24 the
2088 454 68 17 same
2166 445 141 32 impression
2314 454 28 16 as
2349 454 17 17 a

1839 477 93 31 picture
1940 479 28 23 in
1979 479 159 24 harmonious
2149 479 86 27 colors,
2258 479 48 23 and
2328 480 50 37 v^

1841 510 84 23 should
1937 510 71 31 study
2019 519 64 15 more
2095 512 61 23 than
2167 519 35 16 we
2214 511 32 23 do
2257 513 25 21 to
2292 512 74 23 make

1839 541 106 29 pictures
1957 543 25 23 of
1992 550 45 17 our
2047 551 90 17 rooms.

551 24 136 26 OXFORD
725 24 67 24 AJSD
827 24 86 26 CUST
949 25 180 28 OBSERVER
1174 31 188 31 SATURDAY,
1398 32 157 27 JANUARY
1589 36 39 27 24,
1665 37 61 24 1891

1838 3640 99 26 Printed
1960 3642 50 25 and
2038 3643 135 27 Published
2199 3646 32 32 by
2253 3646 109 25 Richard

1866 3684 109 26 Holman
1995 3686 99 31 Pabish,
2119 3690 26 24 at
2163 3688 41 26 his
2223 3688 140 35 Registered

1866 3728 115 33 Printing
1992 3730 83 29 Office,
2098 3732 68 32 High
2189 3733 89 30 Street,
2301 3734 60 25 East
2380 3728 13 44 ;|

1876 3770 91 28 Oxford
1984 3772 159 36 Canterbury.
2378 3759 15 40 1

1891 810 166 31 PLENTY
2078 810 241 32 SAW-MILLS.

1937 861 114 31 WEST
2083 856 176 37 OXFORD.

1838 942 139 46 BEN
2002 944 357 55 SHARPLIN,

1890 1014 160 31 TIMBER
2062 1016 242 31 MERCHANT.

1836 1095 50 31 All
1899 1096 90 30 kinds
2010 1097 33 29 of
2058 1097 89 31 Sawn
2164 1098 123 31 Timber
2300 1100 63 29 and

1877 1137 157 30 Firewood
2050 1139 113 39 always
2175 1149 39 18 on
2229 1139 90 30 hand.

1837 1216 125 38 IgpTo
1992 1218 54 30 the
2088 1218 108 30 Mill—
2197 1219 82 30 Take
2309 1220 54 31 the

1835 1257 75 29 road
1918 1262 33 24 to
1959 1258 52 29 the
2034 1259 84 39 right
2135 1260 103 30 before
2256 1262 104 28 reach-

1836 1298 55 38 ing
1903 1298 127 30 Booth's
2045 1299 73 30 Mill.

1834 1369 105 52 ■■=■:
1978 1340 73 81 .;.
2089 1338 95 59 ■■.:■■■
2290 1342 3 36 :
2370 1345 23 58 1

2047 1642 39 21 GO
2111 1643 37 21 TO

1838 1676 225 79 WEEBERS
2074 1677 143 30 FANCY
2227 1677 134 32 STORE

2006 1730 76 21 EAST
2109 1731 120 21 OXFOED.

1940 1770 1 1 '
1964 1773 1 3 ■
2018 1775 20 3 —
2038 1775 21 5 —
2060 1772 9 11 ■
2081 1771 41 13 mm
2133 1773 11 10 •

1836 1797 42 19 For
1888 1797 126 25 Stationery,
2024 1797 62 26 Toyß,
2103 1798 72 26 Fancy
2192 1798 77 24 Goods,
2283 1799 92 21 Basnrs-.

1875 1829 41 20 and
1926 1829 93 25 Shaving
2029 1829 109 25 requisites
2151 1830 43 20 and
2203 1830 126 25 Perfumery,

1830 1865 93 25 irthday.
1945 1865 95 20 Curium
2046 1872 19 14 ts
2088 1866 44 20 and
2152 1867 91 24 Flaying
2260 1867 66 19 Oirda

1929 1896 92 20 SNTJFF
2030 1897 42 19 and
2081 1897 127 20 Tobaoonißt
2215 1897 77 20 Goods.

1836 1921 67 21 Silver
1911 1922 111 23 Brooches,
2033 1923 106 20 CLOCKS
2149 1926 54 17 from
2217 1924 32 19 six
2260 1923 104 26 shillings.

1836 1957 82 22 Picture
1930 1959 75 20 Frame
2026 1959 115 26 Moulding.
2177 1959 83 22 Pioture
2278 1961 87 20 Frames

2020 1986 61 20 made
2100 1988 23 18 to
2133 1986 73 21 Order.

1837 2011 67 21 Sabes
1923 2011 64 26 xeady
2012 2013 73 24 glazed
2104 2013 28 21 all
2152 2013 61 21 siseß.
2228 2020 27 14 on
2266 2014 66 23 hand,
2344 2020 24 14 or

1982 2039 101 25 procured
2098 2041 23 19 to
2139 2039 71 21 Order.

1836 2070 67 27 Agent
1913 2070 33 21 for
1956 2070 115 21 Ellisdon's
2081 2072 113 25 Neuralgia
2200 2072 77 27 Lropa,
2289 2073 74 22 andW

1951 2103 118 21 Bainbowti'
2083 2104 158 26 Preparations.

1836 2291 205 80 WANTED
2081 2293 198 34 KNOWN—
2284 2294 81 32 That

1928 2333 30 30 J.
1968 2332 157 41 Manning,
2133 2334 120 31 Burton
2262 2335 103 32 Brew-

1835 2384 65 30 ery,
1914 2373 162 40 Rangiora,
2088 2375 115 41 having
2212 2377 150 39 imported

1835 2415 60 29 and
1923 2415 62 30 laid
2009 2415 90 31 down
2121 2417 52 29 the
2199 2428 76 30 very
2292 2419 73 29 best

1836 2456 164 39 andjlatest
2024 2458 154 39 approved
2202 2458 88 40 plant
2312 2460 52 30 for

1834 2496 52 31 the
1920 2497 205 32 manufacture
2159 2500 34 29 of
2224 2500 135 32 Aerated

1836 2537 121 31 Waters
1977 2538 57 31 has
2062 2540 163 40 appointed
2248 2540 49 31 Mr
2324 2542 35 30 F.

1834 2578 120 37 Davies,
1970 2578 47 31 his
2033 2580 104 40 Agent
2149 2582 51 29 for
2209 2582 51 30 the
2276 2582 83 35 Oust,

1835 2619 119 31 Oxford
1968 2621 61 29 and
2051 2621 141 31 Sheffield
2216 2623 142 30 districts.

1944 2676 132 32 Address
2090 2678 34 29 F.
2139 2677 113 31 Davies

2104 2718 77 31 East
2195 2718 125 32 Oxford.

1835 2890 197 31 WANTED
2072 2892 199 32 KNOWN—
2272 2895 88 38 That,

1938 2932 28 30 J.
1999 2932 173 41 Mannings,
2206 2934 152 41 Rangiora

1834 2972 137 31 Aerated
2009 2974 130 39 Waters,
2181 2967 203 48 Lemonad^,

1836 3012 172 41 Gingerale,
2042 3015 199 31 Soda-Water
2267 3009 126 48 Rasp-^f

1835 3053 159 42 berry-ale
2034 3066 52 20 are
2119 3057 52 30 the
2205 3058 75 30 best.
2333 3056 60 30 A<*

1836 3093 85 42 large
1946 3095 111 40 supply
2085 3099 138 29 received
2245 3098 115 39 weekly

1835 3135 43 40 by
1898 3135 46 30 his
1959 3137 113 38 Agent,
2086 3137 52 31 Mr
2150 3138 38 30 F.
2199 3138 119 31 Davies.

1838 3337 54 37 W
1892 3322 143 31 ANTED
2044 3323 199 37 KNOWN—
2243 3327 78 31 That
2328 3326 31 32 J.

1848 3358 35 39 VV
1933 3363 148 43 Manning
2116 3367 118 31 Burton
2260 3369 101 30 Brew-
2382 3394 11 6 «

1836 3415 54 29 ery
1937 3405 154 40 Rangiora
2110 3408 30 32 is.
2141 3437 18 15 v
2161 3410 202 38 maintaining

1835 3445 48 30 his
1897 3447 182 38 reputation,
2111 3449 50 30 for
2184 3450 104 41 purity
2302 3450 74 30 ancL

1837 3487 170 30 excellence
2020 3487 33 31 in
2067 3490 52 30 the
2138 3490 117 42 quality
2271 3492 32 29 of
2316 3491 47 30 his

1837 3526 70 32 Ales
1916 3528 61 30 and
1987 3528 99 39 Stout,
2095 3536 93 35 agent
2198 3532 34 31 F.
2243 3533 118 30 Davies.
2382 3526 11 13 r
