2356 3691
1845 3494 84 22 Printed
1938 3496 42 20 and
1995 3497 114 24 Published
2127 3501 27 26 by
2172 3502 95 25 Richabd
2285 3479 63 49 Ell

1868 3526 85 25 Paeish,
1976 3529 23 19 at
2016 3529 33 21 his
2067 3531 120 25 Registered
2199 3522 149 41 PrintingH

1868 3557 58 25 High
1936 3560 73 25 street,
2018 3561 54 21 East
2081 3563 86 25 Oxford,
2177 3554 171 43 Oanterburj^B

1945 3590 106 27 Saturday
2064 3593 61 26 April
2141 3595 19 24 5,
2187 3598 66 24 1890^
2291 3583 57 39 <^|

1879 58 469 75 faejH

1959 160 195 31 DRAPERY

2039 191 309 76 ESTABLISI^|

1881 303 171 40 WHERE
2073 306 48 39 TO
2137 306 79 39 GET
2238 270 110 80 ViuS

1968 397 19 19 A
1999 397 64 21 PEW
2075 399 116 20 SPECIAL
2203 399 91 20 LIJSES.

1877 430 64 27 Boys*
1950 433 42 20 and
2001 433 87 21 Youths'
2098 435 58 20 Mole
2166 435 100 20 Trousers
2279 436 35 25 3/6
2323 442 25 19 pr.

1876 467 66 26 Large
1952 470 47 21 Size
2008 470 70 21 White
2086 472 101 20 Blankets
2211 487 24 6 ...
2259 472 49 26 12/6
2316 478 31 20 pr.

1875 503 63 26 Boys'
1950 506 74 20 Tweed
2037 507 59 20 Suits
2105 508 87 20 reduced
2201 508 54 19 from
2265 508 46 26 21/-
2323 510 21 19 to

2008 543 62 25 (sizes
2084 545 13 19 7
2106 545 43 19 and
2161 545 15 19 8
2189 545 60 25 only)

1876 586 91 21 SPEND
1981 587 76 22 YOUB
2069 590 98 19 MONEY
2179 592 38 20 TO
2231 592 117 21 ADVANTi

2117 626 76 21 VISIT

1958 661 361 46 PARISH'S

1876 709 472 44 CHEAPDRAPERYESTABLISHME

1975 761 107 31 EAST
2104 763 182 33 OXFORD.

1902 879 111 78 w.
2063 850 285 116 stocks!

2204 1044 144 59 mm

1994 1105 130 33 Madras
2145 1109 135 33 Stoeeet

1915 1143 432 42 CHRISTCHURCH

1873 1221 31 29 A
1913 1221 84 41 large
2011 1226 89 30 stock
2113 1229 34 29 of
2158 1229 187 35 Monuments

1874 1262 94 30 select
1986 1265 80 30 from
2079 1271 35 26 at
2125 1269 107 31 lowest
2244 1277 93 26 rates.

1906 1376 77 46 W.
2003 1379 337 54 MITCHELI

1872 1450 357 48 BOARDINGHOUSE
2267 1462 67 39 KEE

1874 1506 193 36 EAST
2096 1512 244 40 OXFOB

1887 1587 168 35 Y^HMS
2088 1594 260 40 MODERATK

1869 1637 118 27 EVERT
1994 1642 224 30 AWSSfTION-to
2228 1649 120 28 BOARDS

1909 1837 226 61 SPOEIN6
2158 1845 190 60 WlWi

1899 2006 217 52 Wanted
2152 2017 53 42 to
2243 1989 105 74 Sell

1863 2094 107 31 Farms
1989 2102 35 26 at
2044 2099 81 39 Oust,
2150 2103 155 41 Pernside,
2312 2079 36 58 -I

1936 2137 89 37 burn,
2041 2140 191 42 Springston,
2248 2145 64 39 &c,
2328 2133 20 45 I

1863 2202 70 34 OA
1962 2204 145 41 ACRES,
2133 2212 40 28 70
2198 2212 106 39 Acres,
2326 2181 22 67 I

1864 2242 69 39 UU
1973 2245 104 39 Acres,
2093 2248 62 32 130
2177 2251 105 40 Acres,
2306 2242 42 46 fl

1859 2283 46 29 £5
1921 2286 33 27 to
1969 2287 64 29 £24
2046 2297 53 30 per
2112 2300 79 23 acre.
2254 2295 94 33 SonJ

1860 2323 54 31 the
1928 2325 95 33 above
2036 2338 52 22 are
2109 2333 97 40 really
2218 2333 130 41 goodJM

1861 2363 103 43 cheap.
2029 2371 78 30 1000
2119 2368 105 43 Acres,
2248 2359 100 58 jf^M

1859 2414 89 27 acre;
1983 2408 145 35 first-rate
2164 2401 184 59 She^^H

1858 2446 60 30 805
1942 2448 105 38 Acres,
2073 2441 275 57 unimprdfl^^H

1857 2485 94 31 house
1965 2490 62 29 and
2039 2493 143 40 stabling,
2197 2481 151 56 S^^^B

1856 2535 77 21 acre.
1976 2530 54 29 All
2043 2531 53 31 the
2107 2535 94 31 above
2211 2521 137 56 al^^B

1855 2566 98 40 thirty
1966 2571 85 30 miles
2070 2574 33 29 of
2116 2563 232 57 Christchl^B

1896 2607 173 34 Wanted—
2069 2613 137 33 Farmers
2214 2605 134 45 andSH

1856 2647 67 31 who
1937 2650 78 32 have
2025 2653 170 41 Properties
2206 2658 52 32 for
2267 2645 81 47 Safl

1853 2688 71 38 give
1938 2701 34 19 us
1985 2693 179 39 particulars
2177 2699 34 29 of
2222 2700 55 32 the
2290 2685 58 48 sM

1858 2728 51 31 We
1927 2732 88 31 make
2033 2744 39 20 no
2091 2737 113 42 charge
2225 2728 123 45 whatH

1853 2769 33 28 to
1897 2780 118 30 anyone
2030 2775 123 42 placing
2174 2780 174 41 Property

1854 2819 56 20 our
1935 2812 106 38 hands,
2068 2817 102 31 unless
2197 2831 18 19 a
2252 2810 96 43 Sail

1851 2851 96 30 made.
1994 2853 184 44 Mortgages,
2199 2861 100 40 Liens,
2313 2860 35 33 ■

1851 2893 127 30 effected
1989 2898 33 26 at
2035 2897 53 29 the
2098 2898 108 34 lowest
2220 2908 80 27 rates
2312 2893 36 42 I

1850 2940 152 43 ALLAU
2020 2946 192 45 HOPKINS
2227 2954 70 40 ana
2311 2928 37 66 I

1850 3118 57 76 J.
1970 3121 378 88 DEMPSEI

1842 3283 379 61 IvTANUPACTU
2234 3308 38 39 R
2284 3311 64 37 EH

1848 3338 500 81 S^-STOXFOsI

1374 18 76 42 W.
1491 19 214 52 MUNN,

1298 95 164 30 WEST
1506 96 245 29 OXFORD.

1274 196 64 30 The
1352 195 127 40 Largest
1490 197 148 39 Cheapest
1649 197 61 29 and
1723 197 73 30 Best

1479 253 69 15 STOCK
1562 254 27 13 OF

1351 284 135 21 ENGLISH
1500 285 61 20 AND
1577 284 149 21 COLONIAL

1272 330 181 47 BOOTS
1472 332 114 44 MB
1605 330 189 49 SHOES.

1338 396 46 31 IN
1406 398 87 29 THE
1514 396 205 31 DISTEICT.

1388 519 321 80 SABEERY.

1269 629 78 51 H.
1373 629 61 52 J.
1451 629 342 54 LAMING

1357 728 340 32 SADDLER

1496 793 61 19 AND

1269 849 281 38 HARNESS
1584 851 207 36 MAKER

1411 922 71 24 NISAB
1500 922 146 29 SaIjEYABDS,

1300 996 45 39 O
1369 997 65 40 2£
1456 997 114 55 S^O
1595 997 52 40 B,
1675 997 44 40 D
1738 1025 14 12 .

1265 1062 88 24 Orders
1364 1063 49 23 and
1424 1063 102 31 Eepairs
1539 1063 123 32 promptly
1674 1064 116 24 executed

1421 1107 25 22 at
1457 1106 85 24 lowest
1552 1107 73 23 rates.

1309 1157 166 38 BINDER
1517 1156 228 39 CANVASES

1262 1206 98 38 made
1382 1207 37 37 to
1439 1206 96 38 order
1550 1206 68 38 and
1632 1207 155 48 repaired
1797 1239 2 3 .

1481 1426 61 22 THE

1265 1466 182 39 LIGHT
1472 1467 71 38 OP

1319 1535 134 36 NEW
1481 1535 303 45 ZEALNAD,

1448 1590 55 20 HAS
1517 1590 84 21 OOME.

1260 1642 76 26 People
1345 1648 38 14 can
1393 1642 53 20 Talk
1456 1643 40 19 and
1507 1644 24 19 be
1540 1649 47 19 very
1601 1643 69 20 Proud
1686 1645 23 18 to
1726 1643 60 20 think

1274 1668 47 21 that
1331 1668 49 25 they
1389 1668 54 21 have
1452 1672 97 21 amongst
1559 1670 57 19 them
1623 1676 13 13 a
1646 1670 38 19 few
1694 1670 22 19 of
1724 1670 36 20 the

1340 1695 56 20 Most
1406 1696 80 24 Expert
1496 1701 47 14 men
1554 1696 21 19 in
1586 1695 36 20 the
1631 1696 62 19 world

1298 1725 55 20 Who
1371 1731 35 14 are
1423 1726 134 20 RAINBOW
1571 1727 59 19 AND
1646 1727 59 20 SuN'
1729 1727 11 19 ?

1391 1757 53 25 Why
1458 1757 52 20 dont
1523 1764 41 17 you
1579 1758 58 19 know
1646 1757 11 20 ?

1258 1782 19 20 T
1286 1783 17 33 Jl
1316 1783 78 19 7HEN
1403 1783 38 20 Dr.
1450 1785 60 19 Soule
1519 1783 123 21 introduced
1651 1785 46 19 Hoc
1708 1782 77 22 fitters

1270 1804 22 29 V
1297 1804 23 29 V
1359 1816 63 18 many
1439 1810 89 25 thought
1538 1810 46 20 that
1600 1811 48 24 they
1666 1811 64 25 opuld
1747 1814 38 17 not

1256 1834 27 20 he
1297 1835 79 24 beaten,
1391 1835 37 21 but
1443 1837 57 19 when

1374 1867 133 21 RAINBOW
1523 1868 55 20 AND
1593 1868 75 21 SON'S

1413 1903 135 16 INTRODUCED
1562 1905 63 14 TnEllt

1296 1930 24 20 A.
1337 1930 18 20 1.
1380 1929 125 26 QUALITY
1534 1931 58 22 HOP
1617 1931 120 21 BITTERS

1255 1960 37 20 Dr.
1300 1960 80 20 Soule'B
1389 1964 54 17 went
1450 1961 60 20 down
1519 1961 23 20 in
1552 1962 70 25 public
1629 1962 94 26 opinion,
1733 1963 51 21 thus

1255 1986 78 26 setting
1347 1986 36 21 the
1396 1988 121 19 Americans
1530 1988 23 19 in
1567 1988 36 20 the
1616 1989 72 20 shade.

1260 2038 120 51 MANY
1394 2045 12 14 a
1420 2039 101 26 Sleepless
1533 2040 66 25 Night
1612 2040 39 20 has
1665 2040 51 20 been
1733 2043 48 23 past

1350 2065 26 25 by
1389 2065 90 27 Experts
1492 2066 22 20 of
1522 2066 28 21 all
1561 2066 87 21 Nations
1658 2068 21 19 to
1688 2067 45 20 find
1742 2070 38 19 out

1254 2090 46 20 how
1316 2093 21 18 to
1357 2091 80 26 Supply
1458 2092 35 20 the
1516 2093 70 25 public
1607 2093 50 20 with
1671 2100 13 13 a
1705 2093 75 26 Really

1253 2117 59 20 Good
1327 2117 96 24 SAUCE,
1438 2119 43 20 and
1495 2121 22 17 at
1526 2125 13 14 a
1549 2119 39 20 low
1597 2119 56 25 price
1662 2121 22 21 to
1694 2125 86 20 surpass

1254 2143 35 19 the
1298 2144 129 20 well-known
1437 2145 41 19 Lee
1487 2145 42 19 and
1538 2145 89 21 Perrins.
1655 2146 45 20 The
1710 2146 70 25 public

1254 2169 22 19 of
1289 2169 48 19 New
1352 2170 94 20 Zealand
1464 2176 39 14 can
1526 2171 61 21 boast
1610 2173 22 19 of
1655 2172 36 20 the
1717 2173 60 26 objec

1251 2194 79 26 having
1343 2195 51 20 been
1408 2197 103 20 obtained,
1527 2197 42 21 and
1583 2197 46 21 that

1363 2227 135 20 RAINBOW
1512 2228 55 19 AND
1581 2228 76 21 SON'S

1252 2294 6 6 .
1277 2258 116 33 PINE
1410 2260 155 31 APPLJS
1582 2261 162 32 BEAND

1251 2294 19 21 is
1284 2295 35 20 the
1335 2296 43 20 best
1392 2296 68 21 Sauce
1476 2297 22 20 in
1518 2298 35 19 the
1571 2298 87 19 world—
1662 2301 36 17 bar
1719 2305 56 14 none

1349 2359 29 20 all
1387 2359 53 21 have
1449 2360 64 20 heard
1522 2366 13 14 a
1546 2362 58 23 great
1614 2360 46 21 deal
1670 2361 64 20 about
1745 2362 32 21 St.

1265 2388 21 21 JL
1329 2386 77 20 Jaoobs
1420 2386 40 25 Oil,
1470 2387 37 19 but
1523 2393 29 14 we
1568 2393 46 14 now
1632 2390 54 18 state
1705 2390 21 19 to
1741 2389 36 20 ths

1249 2411 70 25 public
1329 2413 47 19 that
1385 2419 40 14 one
1434 2413 51 24 drop
1495 2414 22 18 of

1435 2439 154 21 RAINBOWS

1340 2465 92 20 ROYAL
1450 2465 100 21 READY
1566 2466 104 20 KELEIF

1274 2489 20 20 is
1302 2490 67 20 worth
1384 2491 50 20 Five
1448 2492 70 24 Drops
1533 2493 21 18 of
1570 2492 30 20 St.
1617 2493 76 19 Jacobs
1708 2493 34 20 Oil

1353 2517 41 26 Try
1403 2517 18 20 it
1432 2518 42 20 aud
1484 2517 57 21 don't
1551 2518 24 20 be
1583 2519 74 23 gulled.

1247 2542 56 26 Keep
1321 2543 35 20 the
1371 2544 77 25 Money
1456 2545 23 19 in
1490 2544 34 21 the
1535 2545 92 25 Country
1641 2545 42 21 and
1692 2547 34 24 get
1738 2546 34 21 the

1438 2571 51 19 Best
1498 2571 82 21 article.

1271 2621 38 20 We
1319 2623 62 19 won't
1395 2622 69 20 deceiv
1474 2629 42 19 you
1526 2629 24 14 or
1563 2623 87 21 mislead
1665 2630 48 19 you,
1728 2624 42 20 and

1245 2653 29 15 we
1283 2648 76 27 openly
1372 2648 114 26 Challenge
1502 2649 36 20 the
1552 2650 71 20 World
1641 2656 21 14 io
1680 2651 47 21 beat
1746 2657 24 14 us

1401 2675 57 20 thals
1468 2675 46 20 who
1528 2682 29 13 we
1567 2683 34 13 are

1243 2708 257 46 Rainbow
1518 2722 105 33 and
1644 2712 124 45 Sons

1408 2775 93 19 FERRY
1512 2776 83 23 ROAD,

1273 2807 451 45 CSRISTCH.tTRCH.

1254 2878 44 19 Can
1312 2878 25 19 be
1350 2879 103 19 Obtained
1467 2881 22 18 at
1503 2880 29 19 all
1547 2881 145 24 Storekeepers
1709 2881 44 21 and

1344 2905 120 20 Merchants
1477 2905 23 20 in
1515 2905 136 27 Canterbury.

1430 3240 84 49 aPh
1601 3234 32 36 K
1713 3213 34 76 §

650 205 182 44 JOHN
895 204 286 50 INGRAM,

650 281 57 19 HAS
719 281 56 19 FOB
789 280 70 20 SALE
874 280 38 20 BY
928 282 122 19 PRIYATE
1064 278 116 23 TREATY,

753 327 32 19 On
796 327 93 19 Account
899 327 21 19 of
931 328 46 18 Mrs
986 327 97 23 Agassiz,

652 362 45 19 Her
707 363 95 23 compact
812 361 54 20 little
886 360 99 27 Property
1004 364 21 18 of
1043 362 50 20 nine
1111 361 68 22 Acres,

652 388 50 18 ■with
719 388 145 19 four-roomed
882 388 77 23 House,
979 389 41 19 and
1038 388 52 24 good
1109 386 71 20 Stable

652 413 92 20 thereon.
756 413 78 24 Alarge
841 413 91 20 Orchard
936 414 57 19 filled
998 414 48 19 with
1052 414 127 24 well-grown

652 440 52 18 trees
713 439 23 19 in
745 440 39 18 full
794 439 90 24 bearing,
894 440 66 24 nicely
970 440 96 23 situated,
1078 440 41 18 and
1128 437 51 20 land

652 465 20 18 of
700 465 35 19 the
762 465 77 19 richest
866 466 88 25 quality.
982 466 64 23 Price,
1066 471 47 18 very
1132 464 44 19 low.

648 491 73 19 Terms
730 491 111 19 moderate.

737 543 33 19 On
780 543 88 19 account
878 543 21 19 of
909 543 34 19 the
954 543 134 24 Mortgagees,

648 579 56 19 That
709 579 99 24 Property
815 579 23 19 at
845 580 81 22 present
935 579 96 25 ocoupied
1043 579 27 24 by
1078 579 97 19 Riohakd

648 605 74 22 Keats,
733 604 126 25 comprising
872 605 47 19 four
928 611 57 13 aores
994 605 49 19 with
1054 604 52 25 good
1116 603 59 20 dwel-

648 631 44 23 ling
702 631 81 18 -house
799 631 17 18 &
833 630 76 20 Stable.
937 628 54 26 Very
1006 630 89 19 suitable
1113 630 32 19 for
1163 635 12 13 a

648 657 73 22 carter,
739 656 93 24 fronting
846 656 36 19 the
892 656 56 19 main
959 656 49 19 road
1019 659 21 16 to
1057 656 35 19 the
1120 654 55 20 mills

647 682 38 19 but
694 688 57 13 more
760 688 23 13 so
792 682 32 19 for
834 688 12 13 a
855 682 127 24 fellinonger,
998 688 23 13 as
1039 682 58 19 three
1106 687 68 13 never-

646 707 75 24 failing
731 709 87 17 streams
827 713 39 12 run
885 709 48 23 past
951 708 57 19 three
1026 707 55 20 sides
1098 708 22 18 of
1139 706 36 19 the

646 734 103 24 property.
776 732 58 20 Price
843 738 49 19 very
902 734 45 19 low.

646 785 56 19 That
720 786 97 24 property
834 786 75 18 known
928 790 23 14 as
970 784 96 25 Skippers
1084 783 91 21 situated

648 811 94 24 opposite
751 811 89 19 Pearson
851 811 53 19 Park
913 810 51 19 with
979 810 46 19 half
1043 816 28 13 an
1089 816 46 13 acre
1153 809 22 19 of

647 837 50 19 land
707 842 26 13 on
743 837 68 19 which
820 837 58 19 there
886 837 18 18 is
912 842 13 13 a
933 836 56 24 Shop
996 836 101 24 Dwelling
1104 836 71 18 House

647 862 71 20 Stable
727 863 42 18 and
779 869 12 13 a
800 864 51 21 good
862 863 45 19 well
916 862 17 19 &
942 861 99 21 Orchard.

645 913 55 19 That
711 913 100 25 Property
819 914 75 19 known
904 919 24 14 as
936 912 112 20 Fenwick'a
1066 912 108 26 adjoining

646 939 33 19 Mr
687 939 74 20 Aliens
770 939 129 20 Blacksmith
909 938 64 25 Shop,
984 938 126 25 comprising
1128 938 45 19 half

645 971 26 13 an
683 971 52 16 acre,
745 965 50 19 with
813 966 54 24 good
886 964 94 24 dwelling
999 964 65 19 house
1082 965 17 18 &
1116 964 57 24 large

648 990 56 20 Shed
712 991 18 19 &
739 990 76 21 Stable.

643 1042 56 19 That
717 1043 130 20 Iwo-storied
864 1040 99 27 Building
980 1048 28 14 on
1027 1043 36 20 the
1079 1042 94 24 Terrace,

643 1068 108 25 adjoining
761 1069 33 19 Mr
803 1069 120 19 Pritchards
932 1070 62 18 store.

737 1120 33 20 On
779 1122 88 19 account
876 1122 21 18 of
908 1121 34 19 Mr
952 1120 28 21 H.
991 1121 17 19 B
1012 1127 54 14 earn

643 1155 40 19 His
692 1161 49 19 very
757 1162 85 18 compao
870 1156 55 19 little
942 1157 99 24 Property
1060 1155 23 19 in
1102 1156 70 23 Queen

643 1181 71 22 Street,
725 1181 122 25 containing
855 1181 64 19 about
928 1183 26 23 4?
963 1183 62 17 Acres
1034 1181 21 19 of
1062 1181 45 19 rich
1114 1181 58 23 land,

643 1206 122 20 subdivided
775 1206 46 20 into
831 1207 78 19 several
919 1207 61 19 small
990 1206 111 26 paddocks,
1120 1206 50 20 with

642 1232 53 24 good
713 1232 71 19 House
803 1233 91 23 thereon,
914 1233 57 19 brick
989 1233 52 18 well.
1066 1232 50 19 Cost
1135 1232 36 19 the

642 1263 69 14 owner
720 1259 60 19 £250.
869 1258 24 19 be
902 1259 45 18 sold
957 1261 22 16 at
989 1264 12 14 a
1012 1264 47 19 very
1069 1258 101 19 consider-

642 1283 46 20 able
696 1283 107 20 reduction
813 1290 27 13 on
851 1284 42 19 this
903 1285 60 24 price.

728 1335 33 20 On
772 1337 88 18 account
870 1336 22 19 of
901 1336 32 19 Mr
943 1336 135 20 Wooldrigb.

643 1371 39 19 His
691 1371 46 19 nice
745 1371 55 20 little
810 1373 105 24 Property,
926 1372 91 20 situated
1027 1373 21 19 at
1056 1371 36 21 the
1099 1377 72 15 corner

643 1397 21 19 of
673 1397 84 20 Ohurch
763 1397 67 20 Street
838 1399 18 18 &
862 1398 45 25 Bay
915 1398 57 22 road,
979 1398 126 25 comprising
1113 1397 57 21 three

641 1423 62 19 Aores
713 1423 21 19 of
744 1423 45 19 rich
798 1423 57 24 land,
867 1423 57 20 filled
932 1423 50 20 with
992 1424 51 19 fruit
1059 1424 41 19 and
1110 1423 60 20 other

640 1449 59 19 trees.
729 1448 45 20 The
784 1449 108 25 Buildings
903 1449 100 25 comprise
1014 1450 78 24 House,
1104 1449 62 25 Shop,

639 1474 43 19 and
695 1474 64 26 large
771 1474 55 20 Shed
841 1475 51 19 with
904 1475 46 19 iron
968 1475 51 21 roof.
1054 1475 59 21 Price
1121 1481 49 19 very

640 1500 45 20 low.

733 1552 33 21 On
776 1554 88 19 aocount
874 1553 21 20 of
906 1554 32 19 Mr
947 1551 133 23 BrettargH.

638 1587 114 27 Fifty-four
762 1588 63 21 Acres
834 1588 23 21 of
865 1588 53 26 good
926 1588 58 26 land,
995 1588 120 21 fsubdivided
1123 1588 45 21 into

638 1614 41 20 two
686 1614 104 25 paddocks
798 1615 28 20 all
832 1614 71 21 fenced
911 1614 42 21 and
959 1615 42 20 laid
1007 1615 59 20 down
1074 1615 22 20 in
1103 1621 65 19 graßS,

639 1640 90 20 situated
739 1641 93 25 opposite
849 1641 35 20 the
899 1641 146 25 Immigration
1058 1641 108 20 Barracks.

637 1665 58 21 Price
704 1672 48 19 very
758 1666 45 21 low.
814 1666 71 21 Terms
894 1672 56 20 easy.

638 1715 88 28 Seventy
735 1717 61 22 Acres
805 1717 135 27 unimproved
950 1719 49 20 land
1007 1725 26 15 on
1043 1719 61 21 Ellis'
1111 1720 55 25 Flat,

636 1742 108 27 adjoining
754 1744 33 20 Ms
796 1744 70 21 James
876 1744 99 20 Wilson's
985 1745 69 21 Farm.

635 1795 78 26 Eighty
722 1795 60 23 Aores
793 1796 107 27 adjoining
908 1797 34 21 Mr
949 1797 145 22 O'Halloran's
1103 1798 62 21 farm.

756 1849 32 22 On
798 1850 87 22 account
895 1850 21 20 of
929 1850 31 22 Mr
970 1850 68 22 Bowf.

634 1877 38 24 H6
691 1880 61 21 Aores
772 1881 22 20 of
812 1881 56 24 land,
887 1881 116 28 adjoining
1017 1882 36 21 Mr
1069 1883 95 21 Duder's

632 1906 60 26 land,
705 1908 22 19 at
737 1907 55 20 View
804 1908 51 21 Hill.
862 1908 228 25 fromingFourChain
1098 1910 64 20 Road.

633 1932 71 22 Water
712 1939 47 14 raoe
769 1933 91 25 running
870 1935 105 24 alongside
982 1935 21 19 of
1013 1935 35 20 the
1057 1935 106 27 Property.
1178 1953 2 4 ,

713 1985 32 21 On
756 1986 87 20 aooount
853 1986 21 20 of
885 1987 33 20 Mr
928 1987 26 21 H.
967 1987 106 26 Dudding.

631 2016 52 21 2529
695 2016 61 21 Aores
770 2016 21 20 of
799 2016 52 26 good
859 2017 87 25 grazing
954 2018 54 24 land,
1017 2024 49 15 near
1074 2020 87 19 Master-

633 2043 43 24 ton,
692 2042 74 25 (North
777 2042 86 26 Island),
883 2041 49 22 with
943 2042 53 22 2000
1005 2044 67 26 sheep.
1103 2045 59 20 Good

632 2067 113 26 Buildings
765 2068 41 21 and
825 2067 62 28 sheep
905 2069 61 26 yards
985 2069 91 23 thereon.
1100 2071 62 21 Land

632 2093 70 27 partly
711 2094 114 26 improved.

723 2157 31 21 On
766 2159 88 21 aooount
864 2159 21 21 of
896 2161 32 19 Mr
937 2161 13 19 J
960 2161 22 19 M
991 2161 69 20 Booth

629 2188 138 27 Ninty-seven
778 2190 61 21 Aores
848 2190 58 21 Bush
915 2190 56 26 land,
1053 2192 83 21 Oxford.

630 2220 50 21 Also
690 2227 12 14 a
712 2221 88 20 number
810 2222 21 19 oi
840 2222 59 20 other
907 2222 122 26 Properties,
1049 2223 50 20 with
1118 2223 42 21 and

632 2246 86 21 without
728 2248 110 24 buildings,
849 2248 41 20 and
900 2254 12 14 a
923 2248 87 21 number
1026 2249 22 20 of
1066 2249 94 27 building

631 2272 89 21 sections
727 2274 22 19 in
759 2274 82 20 various
849 2275 57 25 parts
916 2274 22 21 of
947 2274 35 21 the
991 2275 109 26 township.

782 2326 36 21 TO
832 2326 56 22 LET
895 2328 37 21 OR
947 2328 70 22 SELL

718 2359 33 19 On
760 2359 88 19 account
858 2359 22 19 of
888 2359 34 20 Mr
930 2359 26 21 D.
968 2359 101 22 Sladden.

628 2390 39 19 His
689 2389 43 20 late
741 2389 121 24 Residence,
879 2389 67 26 nicely
962 2390 97 25 situated,
1069 2397 23 14 so
1102 2397 24 15 as
1135 2392 22 20 to

629 2416 112 20 command
750 2422 12 14 a
772 2415 50 20 view
832 2416 21 19 of
863 2415 35 21 the
908 2416 139 25 surrounding
1063 2420 93 23 country,

629 2442 126 25 comprising
765 2443 34 18 ten
810 2448 63 17 acres,
881 2442 51 20 with
942 2444 34 18 ten
984 2443 84 20 roomed
1075 2444 79 25 House,

628 2468 50 19 with
688 2469 63 19 water
760 2467 43 20 laid
813 2474 34 17 on,
855 2468 53 23 good
916 2468 51 20 bath
974 2474 65 17 room,
1048 2469 41 20 and
1097 2475 59 20 every

627 2493 143 21 convenience.
806 2493 44 19 The
863 2493 50 20 land
923 2493 17 19 is
955 2494 81 20 divided
1045 2495 46 19 into
1098 2495 57 21 three

627 2519 110 26 paddocks,
747 2526 12 13 a
770 2519 95 25 splendid
874 2519 77 24 garden
959 2519 42 20 and
1009 2520 88 21 orchard
1109 2522 46 20 well

625 2545 59 21 filled
692 2545 52 21 with
752 2545 51 21 fruit
813 2545 42 21 and
865 2545 133 21 ornamental
1005 2546 60 22 trees.

845 2599 54 19 Also
900 2611 28 3 —

623 2634 65 25 Forty
705 2634 62 20 Aeres
781 2634 23 19 of
820 2635 70 24 partly
905 2634 81 21 worked
1002 2637 37 19 out
1058 2636 60 21 bush.
1134 2637 19 20 A

624 2667 46 18 very
681 2662 56 23 early
756 2661 104 22 selection,
871 2662 41 19 and
921 2662 39 20 300
970 2664 63 18 Acres
1041 2663 23 20 of
1072 2663 81 21 worked

624 2688 36 18 out
669 2686 54 20 bush
731 2687 64 24 lately
804 2687 98 25 occupied
911 2687 26 25 by
946 2688 33 19 Mr
988 2688 132 26 Youngman.

833 2738 36 22 TO
878 2740 55 20 LET

621 2790 88 25 Cottage
721 2792 95 24 opposite
829 2792 34 19 Mr
874 2791 120 26 Weylandf
995 2798 17 14 s.
1048 2792 62 26 Rent,
1125 2794 25 20 4s

619 2822 36 19 per
664 2817 60 20 week.

619 2847 118 21 Furnished
744 2848 87 26 Cottage
840 2849 108 25 adjoining
959 2849 35 21 the
1003 2850 47 20 Sale
1059 2850 74 21 Yards.

712 2906 33 20 On
755 2908 88 19 aocount
852 2907 22 19 of
885 2908 36 18 Mb
930 2908 83 20 Pbohm.

618 2940 58 20 Four
686 2942 61 19 Acres
757 2943 22 18 of
786 2943 62 20 Land
857 2944 50 19 with
916 2944 73 20 House
997 2944 41 19 and
1045 2945 102 20 Outbuid-

618 2966 48 25 ings
676 2968 92 24 thereon,
788 2975 48 19 very
854 2969 46 20 rich
918 2970 50 20 land
983 2970 95 26 fronting
1086 2972 60 20 main

617 2993 52 20 road
678 2994 53 19 East
744 2994 85 21 Oxford.

723 3025 33 20 On
766 3028 89 19 account
864 3027 22 20 of
895 3034 58 14 same
962 3034 69 15 owner

616 3051 27 20 20
651 3051 63 20 Acres
723 3053 22 18 of
754 3053 126 21 worked-out
897 3055 55 19 bush
968 3055 51 21 land
1035 3055 108 26 adjoining

617 3078 34 19 Mr
659 3077 71 21 Friars
740 3079 58 20 West
807 3079 84 22 Oxford.

695 3130 33 19 On
738 3133 88 18 account
835 3133 22 18 of
865 3133 34 19 Mr
908 3133 57 20 John
974 3134 88 21 Fishbb.

614 3165 43 19 His
666 3165 95 20 valuable
771 3166 64 21 Stone
845 3168 80 25 Quarry
935 3170 22 19 at
965 3169 57 20 View
1033 3170 43 21 Hill
1093 3177 47 14 con-

615 3192 82 23 taining
708 3192 35 20 the
752 3192 45 20 best
807 3193 93 25 building
910 3196 60 19 stone
978 3196 23 19 in
1010 3196 131 28 Canterbury

614 3218 50 20 with
674 3218 26 20 20
708 3218 63 20 Acres
781 3220 20 18 of
810 3219 61 20 Land
880 3226 28 15 on
926 3221 68 20 which
1013 3222 58 21 there
1088 3224 19 20 is
1126 3231 13 14 a

613 3250 57 14 seam
679 3245 22 19 of
709 3244 126 21 Limestone.

613 3322 189 33 JOHN
832 3324 303 37 INGRAM

756 3392 235 32 AUCTIONEER,

688 3452 209 33 OXFO
933 3453 28 32 R
997 3455 27 29 D
1046 3479 6 7 .

111 33 182 22 CALEDONN
311 33 18 19 V
349 26 136 26 (HOUSE!.

37 84 213 46 JAMES

124 144 86 29 BOOT;
231 143 84 31 SHOE,
328 144 24 25 &
362 141 121 27 SLIPPER

187 181 251 29 Manufacturer

38 231 210 35 WEST
269 229 290 34 OXFORD

35 277 53 23 Has
105 283 33 16 on
149 275 68 22 hand
227 282 15 15 a
253 271 112 33 splendid
381 272 145 23 assortment
538 270 27 24 of

36 309 74 23 Boots
123 307 48 24 and
184 306 75 25 Shoes
270 305 71 24 made
353 312 32 16 on
396 304 42 23 the
445 304 116 30 premises

36 343 26 21 at
72 340 78 31 prices
162 339 55 23 that
229 337 53 30 defy
290 336 163 30 competition.
488 336 64 29 Boys

37 372 87 25 School
135 371 82 27 Boots,
229 369 62 24 back
302 376 78 16 seams
389 369 18 22 &
417 367 66 24 front
494 367 67 23 hand

36 412 71 19 sewn,
116 404 89 23 cannot
212 403 27 21 be
248 400 133 30 surpassed.
416 400 81 23 Men's
507 399 54 23 best

34 435 151 29 watertights
196 433 92 31 pegged
300 433 58 27 15/-,
392 431 109 30 Bespoke
520 431 39 23 de-

34 468 123 30 partment
175 464 113 31 caretully
305 464 115 24 attended
436 465 34 22 to.
519 463 42 22 Fit

34 500 49 23 and
87 498 186 28 Workmanship
279 496 162 24 Guaranteed.
458 495 102 29 Eepairs

32 531 83 31 neatly
122 529 49 24 and
177 529 121 31 promptly
305 528 63 24 done
379 530 25 21 at
415 526 143 25 reasonable

33 564 87 31 prices.

71 673 41 45 6.
122 716 2 1 .
150 672 46 54 JL
234 669 282 56 ItfmgEPN,

82 752 161 31 TIMBER
263 749 247 32 MERCHANT.

31 872 122 37 <^ORBT
169 870 67 37 SAW
252 868 106 38 MILLS,
375 869 80 36 VIEW
472 866 80 39 HILL,

109 918 136 35 -W&&s
275 918 196 32 OXFORD.

27 1035 121 30 Timber
166 1034 53 28 cut
240 1035 33 25 to
293 1042 61 28 any
384 1029 167 30 dimension

24 1083 34 25 at
71 1080 53 28 the
139 1077 142 30 Shortest
299 1075 118 34 Notice;
443 1072 62 31 and
519 1077 32 24 at

166 1127 120 29 Lowest
304 1126 102 28 Rates.

107 1250 54 76 J.
229 1246 236 93 LOUGH,

44 1384 483 43 COACHEUILDER,

255 1486 57 21 AND

20 1570 525 52 UNDERTAKES

72 1690 144 39 EAST
239 1686 249 41 OXFORD,

130 1802 105 26 COALS
244 1804 6 23 !
285 1801 106 26 GOALS
401 1802 5 24 1
421 1802 5 24 !

15 1866 142 30 Newcastle,
192 1868 129 30 Westport,
361 1865 178 31 Coalpitheath,

185 1899 118 28 Malvern,
321 1898 49 24 and

44 1931 177 28 Blacksmiths'
240 1931 112 24 Bruimer
368 1929 63 25 Nuts
441 1929 65 26 Coal.

12 1997 153 22 FIBEWOOD
178 1997 23 20 in
214 1996 91 26 Lengtba
319 1995 23 20 to
354 1993 48 23 Suit
422 1992 116 23 CLIENTS

81 2055 87 25 JgjPAT
182 2056 85 19 Lowest
281 2053 101 22 Otjbbent
395 2052 76 23 Ratsis.

11 2116 22 24 A
39 2115 160 31 Conveyance
204 2115 77 24 meets
289 2121 69 24 every
364 2114 72 24 train.
455 2111 82 26 Goods

21 2147 123 31 conveyed
154 2149 26 22 to
191 2154 70 23 every
267 2149 54 28 part
332 2146 27 24 of
368 2145 42 25 the
421 2145 103 24 district.

67 2178 100 26 Booked
177 2178 91 32 parcels
279 2178 120 24 delivered
409 2177 62 25 Free

123 2211 88 25 within
225 2211 44 25 the
283 2211 123 31 Borough.

10 2244 158 29 Commercial
195 2244 142 25 Travellers'
365 2243 172 33 requirements

37 2280 50 25 will
97 2279 94 24 receive
199 2277 33 25 all
243 2286 123 23 necessary
378 2277 129 24 attention.

77 2319 78 37 W
182 2321 55 32 A.
264 2320 207 33 BUI^T,

109 2363 167 27 GENERAL
293 2363 160 27 CARRIER,

8 2408 92 26 COAL
115 2409 19 23 &
145 2406 181 26 FIREWOOD
338 2404 196 30 MERCHANT,

202 2449 132 25 Rangioba,

6 2526 89 24 Orders
102 2532 58 24 may
171 2523 32 25 be
210 2524 43 24 left
261 2525 25 23 at
297 2523 40 24 Mr
344 2522 27 25 C.
381 2523 23 24 I.
413 2523 120 31 Jennings

121 2557 130 27 Stationer,
274 2556 129 30 Rangiora.

4 2661 524 93 P.C.JOHAM3EN,

236 2848 59 21 AND

22 2900 496 38 PERAMBULATOR

0 2971 525 44 MANUFACTURER,

45 3043 170 33 QUEEN
267 3041 213 33 STEEET,

52 3103 185 33 EAST
285 3102 201 33 XFOR

42 3236 437 53 PHOTO6BIPHT,

0 3341 39 32 J.
70 3339 376 34 STPILLEJR
450 3356 5 10 ,
473 3339 47 24 h«

0 3419 104 25 ■emoved
115 3418 62 24 from
193 3417 114 26 Colombo
324 3416 37 26 St.
381 3416 26 25 to
427 3417 92 24 Oxford

1 3463 101 24 Terrace
113 3461 65 25 close
189 3462 25 23 to
227 3460 86 26 Cashel
326 3460 79 25 Street
417 3460 89 32 Bridge

113 3503 274 27 CERISTCHURCH.

22 3583 116 29 Cabinets
156 3584 31 23 10
199 3583 113 31 shillings
323 3591 43 23 per
377 3583 87 25 dozen.
