3415 4346
433 8 2982 210 THE

433 218 1193 210 OXFORD
1825 218 1590 210 OBSERVER

1129 432 184 56 AND
1387 428 588 60 CANTERBURY
2046 433 500 64 DEMOCRAT,

2046 501 500 2 DEMOCRAT,

1265 540 523 38 CIRCTjr^TING-
1863 543 521 39 TBCROTTGHOTJT

1708 709 229 32 Established
1982 711 90 30 1889.

1227 850 108 32 BAST
1357 850 189 36 OXFORD,
1569 849 246 39 SATURDAY,
1835 849 244 33 NOVEMBER
2095 851 55 37 17,
2175 854 91 30 1894.

28 866 140 31 Volumn
188 863 98 32 YI—
286 863 62 32 No.
389 860 104 32 NEW
511 855 155 36 SEEIES.

2916 860 230 33 PSsffieß^-OKB
3178 863 157 30 PEOTTY.

2876 1009 51 37 G.
2954 1009 58 37 E-
3034 1007 348 46 WEYLANDT,

2988 1068 112 30 F&SniY
3116 1070 148 29 BUTCHER.

2895 1115 168 40 EAST
3086 1116 267 41 OXFORD,

2933 1178 127 26 Families
3064 1179 94 25 waited:
3163 1187 66 25 upon
3240 1180 76 32 daily.

2916 1351 70 25 CAN
3022 1352 92 26 THI&
3133 1351 52 27 BE-
3213 1353 113 26 TEUE?

2945 1436 63 25 YES,
3021 1437 22 20 A
3056 1435 230 26 DESmXBB'KdIeT.

2844 1509 101 31 NEW
2954 1510 142 32 YEARS
3108 1512 86 31 CMF
3196 1512 188 33 CESSION.

2871 1590 51 78 C.
2966 1591 60 77 H.
3071 1591 285 80 MANNING

2933 1799 359 34 PHOTOGRJEHIIR.

2842 1881 43 20 BY
2922 1881 126 21 SPECIAL
3085 1880 221 23 APPOa*fFMENT
3344 1884 38 21 TO

2976 1914 80 20 EARL
3061 1913 38 20 OF
3109 1914 137 20 ONSLSSPT.

2843 1975 106 24 TTRTLL,
2963 1975 92 26 During
3071 1975 41 21 the
3135 1976 89 21 MosSii
3237 1976 26 21 ef
3279 1978 103 26 January

2855 2004 24 19 IT
2919 2002 60 27 only,
2990 2003 55 20 1894
3053 2002 66 21 Issue
3127 2003 27 20 to
3162 2003 137 22 tEe-Ptrfelic.

2989 2035 87 31 ONE
3096 2037 147 30 DOZUK

2844 2081 30 21 Of
2881 2082 38 21 his
2933 2083 191 26 Widely-known,
3140 2082 245 29 SupaiMJrly-finished,

3038 2114 48 21 and
3103 2115 97 26 Higoly:

2844 2147 190 20 EJSTAMEIiLBD
3053 2146 319 21 ~'i&A-BlN®D^-—PIEOTO
3373 2159 29 3 —

2845 2179 121 21 GRAPHS
2980 2178 40 21 AT
3029 2178 62 21 THE
3100 2178 149 21 NOMISMBi.
3259 2180 125 20 CHARGE

3098 2215 29 14 OF

3081 2248 65 29 15s.

2843 2329 173 21 DUPLICATE
3032 2330 118 20 OEDEES
3164 2330 48 20 Atff
3222 2329 62 20 THE
3301 2328 81 21 SAME

3073 2362 86 22 BATE.

2870 2428 49 21 The
2928 2428 81 20 Public
3019 2433 38 15 are
3072 2427 95 21 advised
3184 2428 31 20 ta»
3227 2427 61 21 avail
3306 2427 76 21 them-

2843 2460 73 21 selves
2934 2459 23 20 of
2975 2459 48 21 this
3041 2460 154 26 opportunity
3207 2458 28 21 ef
3261 2459 120 25 obtaining

2842 2493 124 26 high-class
2975 2494 61 20 work
3045 2494 26 20 at
3079 2493 56 21 such
3142 2500 16 13 a
3165 2493 116 20 moderate
3290 2493 90 26 charge.

2841 2566 175 21 REMEMBER
3025 2566 61 21 FOR
3095 2566 183 21 ONE;MOOSTH
3290 2566 91 21 ONLY.

2868 2625 49 20 The
2923 2626 54 20 vast
2985 2625 132 26 experience
3133 2625 108 21 obtained
3252 2625 33 27 by
3297 2625 85 21 C.H.M

2841 2659 26 20 in
2874 2660 42 21 the
2924 2660 156 21 innumerable
3089 2660 116 21 branches'
3215 2660 24 21 of
3248 2661 41 20 the
3299 2660 81 26 photo-

2841 2693 96 28 graphic
2945 2695 38 20 art
2992 2693 85 27 during
3088 2694 37 20 his
3134 2693 85 22 Indian
3228 2693 46 21 and
3283 2693 97 21 Austra-

2842 2728 39 21 ian
2900 2728 92 25 travels,
3006 2728 46 20 and
3071 2728 39 21 the
3132 2728 115 26 thorough
3265 2729 117 25 apprecia-

2843 2763 49 20 tion
2900 2761 30 27 by
2938 2763 40 20 the
2987 2762 94 27 general
3098 2762 81 26 public-
3189 2761 26 22 of
3227 2762 42 21 the
3280 2768 70 19 same,
3359 2762 22 20 is

2843 2797 111 20 sufficient
2968 2797 125 25 guarantee
3102 2796 62 20 tliafe-
3175 2796 32 19 all
3224 2796 62 20 work
3304 2796 78 20 issued

2843 2829 60 20 from
2909 2829 36 20 his
2954 2829 87 21 Atelier
3048 2829 45 19 will
3099 2829 29 20 be
3137 2828 29 21 of.'
3166 2828 42 22 the
3213 2828 95 26 highest
3313 2828 69 22 order

2871 2946 80 21 WILL
2962 2946 41 20 DO
3013 2946 53 20 HIS
3076 2946 74 21 OWS
3158 2945 197 22 OPERATIONS*

2844 3011 81 20 Studio
2925 3022 28 3 —
2954 3012 40 19 150
3002 3010 105 20 Colombo
3116 3011 79 23 street,
3214 3009 170 21 Christchurch.

3007 3043 158 26 Telephone--
3163 3043 42 20 Uo.
3214 3043 47 20 592.

2890 3088 13 10 w
3192 3095 2 2 .

2886 3142 48 32 R.
2980 3142 56 32 H.
3081 3138 261 38 PARISH,

2973 3201 102 30 Easts
3099 3196 161 35 Oxford

2845 3260 47 18 one
2904 3253 28 25 of
2942 3253 42 24 the
2996 3253 93 30 largest
3100 3251 146 28 purchasers
3262 3251 28 23 in
3302 3249 85 25 North

3023 3290 152 31 Canterbury
3192 3289 25 25 of

2844 3330 187 29 EDWARDS,
3055 3328 194 26 BMNITETTB
3262 3329 19 29 4'
3303 3328 84 26 CO.'S

3046 3371 73 27 Slock
3136 3371 27 25 of

2846 3498 62 26 Will
2929 3497 32 26 he
2984 3497 57 26 sold
3060 3497 80 26 below
3162 3496 133 27 wholesale
3320 3496 66 25 cost.

2877 3584 211 40 BUHEELL
3105 3583 244 39 BROTHERS.

2923 3633 376 33 PHOTOGRAPHERS

2844 3687 67 21 Have
2913 3686 107 22 removed
3024 3686 25 21 to
3052 3692 61 15 more
3118 3685 152 22 commodious
3275 3685 112 28 premises

2955 3719 167 27 VICTORIA
3140 3719 137 27 STREET

2845 3771 119 31 Opposite
2985 3770 130 26 Salvation
3144 3770 80 32 Army
3254 3770 133 25 Barracks.

2877 3803 58 25 And
2946 3812 43 17 are
3001 3803 77 33 doing
3095 3803 152 26 Enamelled
3267 3803 120 26 Cabinets

2843 3843 38 26 for
2892 3844 45 32 8/6
2945 3852 46 24 per
3000 3843 89 26 dozen.
3114 3844 78 24 Groat
3201 3843 188 33 Photographic

2845 3881 127 32 Surprise-
3017 3881 55 25 One
3100 3882 25 24 oi
3148 3881 44 25 the
3213 3883 97 30 largest
3330 3888 61 19 ever

2843 3921 157 26 introduced.
3043 3921 78 26 From
3145 3921 61 26 Deo.
3226 3918 74 28 Ilth.
3321 3921 68 26 until

2844 3961 42 25 the
2897 3961 63 25 New
2972 3961 75 26 Year.
3081 3961 56 25 One
3147 3961 91 26 Dozen
3255 3961 69 32 large
3335 3961 54 25 size

2844 4001 148 25 Enamelled
3008 4000 96 26 Photo?
3116 4001 40 25 for
3170 4001 53 32 15/-
3235 4002 76 24 usual
3321 4001 68 32 price

2845 4040 37 24 £1
2895 4041 55 24 10s.
2986 4040 94 26 Secure
3093 4049 17 16 a
3128 4041 98 32 deposit
3248 4041 78 25 ticket
3347 4042 43 23 for

2844 4078 42 34 2/6
2898 4087 58 18 now
2969 4079 85 32 ready.
3089 4079 64 26 This
3171 4080 24 24 is
3215 4080 42 24 the
3279 4080 110 30 greatest

2843 4120 100 25 wonder
2954 4120 28 24 of
2998 4120 45 24 the
3065 4128 56 24 age.
3156 4120 78 26 Don't
3252 4120 62 24 miss
3335 4119 53 25 this

2843 4159 102 25 ohnnce.

2876 4197 169 26 BTJRRELL
3281 4208 9 20 /

3126 4238 200 35 Photographer*

2966 4287 113 26 Victoria
3095 4287 89 33 Street,
3203 4291 188 27 Christchurrh.

2453 993 118 27 GEEAT
2601 996 88 26 SALE

2560 1040 31 17 OF

2276 1067 2 23 I
2306 1065 211 34 TEWELLEY,
2553 1069 179 31 WATCHES,
2767 1072 63 26 MA-

2277 1091 8 11 *
2299 1095 23 28 el
2464 1101 101 26 MOND
2582 1103 123 30 GOODS,

2300 1135 130 26 SILVEE
2447 1136 73 27 AND
2542 1139 288 28 ELEOTBO-PLATB

2298 1171 49 26 AT
2363 1173 24 25 A
2403 1173 175 28 DISCOUNT
2601 1177 46 26 OF
2663 1179 29 25 4s
2709 1178 39 27 IN
2765 1180 65 26 THE

2277 1227 4 17 >
2397 1213 128 31 POUND,
2537 1215 69 26 FOR
2617 1216 23 26 A
2657 1217 79 27 FEW

2277 1246 6 17 L
2448 1254 126 29 WEEKS
2583 1257 102 27 ONLY.

2333 1295 116 30 £10,000
2466 1298 74 26 value
2551 1300 28 24 to
2590 1300 77 26 select
2688 1302 68 25 from
2775 1305 28 23 at

2277 1353 89 65 jM.
2429 1357 401 51 SANDSTEEM

2307 1429 110 23 DIRECT
2429 1432 156 28 IMPORTER,
2612 1436 209 24 WATCHMAKER

2442 1469 60 21 AND
2516 1471 166 26 JEWELLER,

2294 1502 115 23 CASHEL
2424 1505 41 21 ST.
2485 1506 89 26 WEST,
2595 1508 234 24 OHRISTCHURCH

2277 1552 4 38 L

2436 1605 167 28 Established
2615 1610 75 24 1862.

2276 1699 2 3 .
2317 1677 31 21 M.
2360 1678 163 24 SANDSTEIN
2532 1682 41 21 has
2587 1684 117 25 appointed
2713 1684 45 22 Mb.
2767 1686 26 21 R.
2802 1686 28 21 H.

2288 1709 83 23 Pabish
2386 1718 25 15 as
2427 1713 36 21 his
2478 1714 81 23 Oxford
2572 1716 104 27 AGENT,
2691 1718 48 21 who
2754 1719 46 21 will
2808 1721 22 20 at

2288 1749 44 19 any
2341 1744 53 21 time
2402 1752 96 19 procure,
2511 1753 30 14 on
2556 1749 149 27 approbation,
2723 1751 107 26 Watches,

2288 1776 83 25 Clocks,
2382 1778 44 21 and
2434 1780 117 25 Jewellery,
2570 1787 24 14 or
2610 1781 36 20 his
2658 1782 81 21 Oxford
2754 1784 76 20 clients

2289 1809 23 20 to
2322 1810 65 21 select
2400 1811 66 25 from,
2476 1813 24 20 at
2509 1813 38 21 the
2564 1819 60 16 same
2633 1815 57 25 price
2706 1822 26 14 as
2738 1816 92 26 charged

2287 1841 23 20 at
2319 1841 39 21 the
2367 1841 155 24 Christchnrch
2530 1845 181 22 Establishment.

2332 1894 59 41 M,
2436 1896 338 41 SANDSTEIN

2276 1954 2 11 1
2435 1953 112 21 OASHEL
2561 1955 119 24 STREET,

2276 2010 2 19 L
2377 1994 362 30 CHEISTCHUECH.

2308 2086 265 47 WALTER
2633 2090 179 47 RYDE.

2276 2182 2 11 •
2396 2182 118 21 TIMBER
2538 2183 178 25 MERCHANT.

2276 2248 2 44 ;
2370 2248 120 31 WEST
2563 2250 183 40 OXFORD.

2276 2349 2 47 :
2290 2337 224 60 ROBERT
2597 2341 230 71 FISHER,

2276 2405 2 45 [
2325 2413 177 28 GENERAL
2528 2415 267 28 STOREKEEPER

2277 2460 108 46 'Teas,
2426 2460 135 47 Coffees,
2598 2462 130 45 Cocoas,
2761 2462 69 38 and

2393 2508 145 38 General
2560 2509 184 37 Groceries-

2276 2551 2 26 ;
2340 2558 149 31 WEST
2552 2558 225 31 OXFORD.

2277 2617 1 19 l
2293 2618 33 2 —
2659 2619 1 21 :

2276 2650 2 68 !
2292 2673 28 40 C
2348 2670 482 75 MANNING||IOMPANY

2492 2758 139 21 LIMITED.

2277 2786 1 12 L

2277 2820 1 27 ;
2321 2816 273 25 CHEISTCHURCH
2613 2815 185 25 BREWERY.

2277 2864 1 35 I
2524 2876 63 20 THE

2426 2958 130 21 BREWED
2567 2959 41 20 BY
2620 2958 73 21 THIS

2382 2998 371 35 COMI^AJSTY

2484 3052 84 21 PEOM
2577 3052 63 21 THE

2295 3094 535 42 CttOICSSTM^-T^ttOfS

2277 3146 4 18 '■>
2410 3146 46 21 Are
2465 3146 176 27 acknowledged
2649 3147 25 20 to
2682 3146 29 21 be

2277 3180 4 25 b
2293 3185 150 21 SUPERIOR
2451 3186 36 21 IN
2497 3186 137 22 QUALITY
2645 3186 38 20 TO
2690 3186 66 20 ANY
2761 3186 69 20 PRO-

2361 3226 102 22 DUCED
2476 3226 37 21 IN
2526 3227 74 21 NEW
2614 3226 150 22 ZEALAND.

2321 3264 111 28 Supplied
2436 3265 25 21 to
2464 3264 83 22 Hotels
2552 3264 48 22 and
2605 3264 94 23 Private
2704 3264 126 21 Customers

2293 3292 25 20 in
2326 3292 144 26 Hogsheads,
2481 3292 100 26 Barrels,
2592 3291 140 25 Kilderkins,
2742 3291 45 20 and
2798 3292 32 19 10-

2277 3335 1 4 --.
2292 3319 90 26 gallons
2391 3319 64 27 Kegs
2464 3319 62 27 only.

2293 3370 120 43 PALE
2434 3370 93 43 ALE
2550 3370 95 43 AND
2676 3370 154 42 EXTRA

2488 3423 134 42 STOUT

2277 3469 2 16 1
2378 3475 94 21 Bottled
2493 3476 27 20 in
2528 3476 86 25 Quarts
2623 3475 48 21 and
2679 3475 73 20 Pints.

2277 3648 4 20 .
2324 3597 264 79 SMITH
2616 3597 61 79 &
2700 3597 109 94 Co.,

2300 3716 72 25 THE
2382 3716 159 25 LEADING
2549 3715 120 26 FRAME
2678 3715 143 24 MAKERS

2277 3776 2 3 -
2291 3763 121 22 CORNER
2431 3763 144 21 COLOMBO
2595 3763 19 20 &
2633 3762 197 21 GLOUCESTER

2277 3792 2 41 J
2346 3801 140 21 STREETS.
2532 3800 244 21 CHRISTCHURCH.

2277 3846 2 19 >
2373 3838 55 25 The
2434 3838 119 31 cheapest
2560 3838 64 31 shop
2631 3837 27 24 in
2666 3837 87 25 Town.

2323 3880 137 32 Importers
2472 3880 28 24 of
2509 3880 153 31 Mouldings,
2682 3880 84 30 Glass,.
2777 3880 53 24 En-

2277 3915 2 40 [
2388 3920 117 32 gravings
2527 3920 52 24 and
2608 3920 123 24 Pictures.

2277 3989 1 19 f

2277 4015 553 74 Ip.c.johannsen

2276 4114 2 24 :
2394 4107 339 32 BASKETMAKEB.

2289 4180 90 25 Chairs
2401 4180 119 29 Baskets,
2546 4180 51 25 and
2619 4180 211 31 Perambulators,

2421 4228 76 25 Made
2520 4228 52 24 and
2582 4228 132 33 Repaired.

2323 4278 119 31 QUEEN
2457 4278 144 33 STREET,
2620 4280 65 26 East
2697 4279 100 27 Oxford.

1727 1023 4 14 ,
1787 985 456 44 SADDILSB,?.

1744 1063 81 53 H.
1852 1063 63 55 J.
1933 1062 337 61 LAMING

1838 1141 350 37 SADDLER

1727 1188 4 19 r
1978 1185 65 21 and

1745 1220 292 43 HARNESS
2070 1223 200 42 MAKER

1891 1274 73 25 Near
1981 1274 152 31 Saleyabds,

1778 1316 47 41 O
1849 1316 66 41 X
1938 1317 199 42 FOB,
2161 1320 47 39 D
2234 1348 15 13 .

1727 1396 1 4 ■
1740 1387 89 26 Orders
1841 1389 52 25 and
1909 1389 106 32 Repairs
2025 1391 127 33 promptly
2163 1394 107 24 executec

1726 1434 2 9 '
1904 1434 28 23 at
1941 1432 88 26 lowest
2040 1436 76 22 rates.

1727 1493 1 41 ;
1843 1497 146 40 HORSE
2012 1498 166 40 COVERS

1726 1564 2 39 ;
1740 1548 101 39 made
1853 1550 37 37 to
1907 1549 103 39 Order
2025 1550 70 39 and
2109 1551 161 50 Repaired

1727 1615 1 19 L
1756 1608 22 25 A
1791 1608 78 26 Stock
1880 1610 27 25 of
1917 1610 83 25 Horse
2011 1611 124 26 Medicine
2147 1620 34 17 on
2189 1612 76 30 hand,

1816 1651 163 23 SOLOMON'S
1996 1653 150 23 SOLUTION
2160 1655 36 21 &c.

1759 1714 56 45 E.
1838 1715 58 44 R.
1912 1715 346 48 ALLPRESS

1726 1790 2 12 l
1848 1785 136 26 Consulting
1992 1787 144 27 andPamily
2140 1788 106 27 Chemist,

1928 1818 59 25 239.
2000 1818 91 26 Cashel
2101 1820 83 25 Street
2196 1821 74 29 West,

1726 1855 2 14 1
1996 1855 274 29 CHRISTOHUBOH.

1727 1889 1 38 [
1846 1894 10 32 (
1864 1893 66 25 Next
1940 1893 107 26 Zetland
2058 1895 75 25 Arms
2145 1896 77 25 Hotel
2229 1898 12 32 )

1726 1954 2 8 i
1740 1941 42 27 (34
1789 1949 67 19 years
1871 1943 132 26 experience
2016 1945 26 19 at
2050 1945 74 20 Home
2133 1945 47 21 and
2194 1952 26 14 in
2234 1946 36 20 the

1950 1974 115 27 Colonies)

1766 2005 39 20 Mr
1813 2005 102 27 Allpress
1924 2005 56 27 begs
1996 2006 24 21 to
2029 2006 81 23 tender
2122 2007 37 22 his
2175 2008 95 26 grateful

1727 2036 1 15 s
1739 2037 84 21 thanks
1832 2038 25 20 to
1865 2037 37 21 his
1914 2044 121 15 numerous
2044 2039 82 21 clients
2135 2040 135 27 throughout

1740 2069 142 28 Canterbury
1890 2070 36 21 for
1935 2071 40 21 the
1984 2072 95 26 support
2086 2072 75 21 which
2167 2073 42 20 has
2218 2073 52 21 been

1740 2104 138 21 vouchsafed
1894 2104 25 21 to
1939 2104 49 21 him
2002 2104 84 28 during
2106 2105 41 22 the
2168 2106 102 22 nineteen

1739 2144 66 20 years
1813 2137 30 22 he
1852 2138 41 21 has
1902 2137 106 22 followed
2016 2139 37 20 his
2069 2139 125 27 profession
2203 2140 25 20 in
2236 2141 34 20 the

1740 2172 115 25 Province,
1881 2171 47 21 and
1940 2171 91 28 finding
2052 2173 21 21 it
2095 2173 123 21 incumben
2227 2174 43 21 tto

1740 2205 120 21 centralize
1878 2205 37 21 his
1928 2205 104 22 business
2046 2206 25 21 in
2094 2207 66 20 order
2172 2208 26 20 to
2219 2208 51 26 keep

1739 2239 48 20 him
1801 2239 25 20 in
1839 2239 70 21 touch
1923 2239 55 21 with
1994 2240 36 20 his
2049 2241 130 25 supporters
2192 2241 26 20 in
2235 2241 35 21 the

1727 2295 3 4 _
1740 2271 153 27 surrounding
1902 2271 97 27 country
2005 2271 108 26 districts,
2121 2272 30 21 he
2157 2272 42 21 has
2206 2272 64 21 taken

1727 2314 3 22 f
1740 2305 40 21 the
1789 2305 71 21 above
1869 2305 109 27 premises
1988 2306 74 21 where
2079 2306 30 21 he
2118 2306 49 21 will
2175 2307 29 21 be
2222 2307 48 27 glad

1739 2340 26 20 to
1773 2339 87 21 receive
1870 2339 37 20 his
1916 2339 88 21 friends
2012 2340 130 26 personally
2154 2347 26 14 or
2188 2342 82 20 receive

1740 2372 61 20 their
1810 2372 78 20 orders
1902 2377 42 20 per
1954 2372 59 26 post.
2041 2372 43 20 His
2103 2372 62 21 Well
2182 2373 88 23 Known,

1740 2403 68 21 Tried
1831 2403 47 20 and
1899 2402 122 27 Approved
2043 2402 119 22 Remedies
2188 2403 38 21 for
2245 2404 25 20 all

1740 2430 83 20 classes
1832 2429 25 21 of
1874 2429 105 21 Diseases
1988 2435 39 15 are
2036 2435 50 15 now
2095 2436 25 14 so
2128 2430 53 21 well
2194 2431 76 21 known

1740 2462 25 15 as
1783 2457 25 20 to
1821 2456 59 21 need
1900 2462 30 14 no
1947 2455 91 22 further
2060 2457 101 21 mention
2186 2457 25 20 in
2229 2457 41 21 this

1727 2481 1 13 1
1739 2483 137 26 necessarily
1886 2483 66 21 short
1960 2483 186 21 advertisement.

1727 2521 1 4 ■
1745 2523 4 4 ■
1766 2510 21 20 A
1796 2509 44 21 full
1847 2510 64 25 price
1919 2509 51 21 List
1979 2509 22 21 of
2010 2509 33 21 all
2050 2509 37 21 his
2096 2510 91 21 various
2205 2511 65 20 Bem-

1739 2535 62 22 edies
1810 2541 43 16 can
1860 2535 30 23 be
1898 2535 49 21 had
1955 2535 56 21 Post
2023 2535 57 22 Free
2090 2542 29 14 on
2130 2535 140 26 application,

1738 2561 47 21 and
1797 2568 84 21 among
1895 2561 64 22 them
1967 2561 90 22 besides
2065 2561 67 22 those
2140 2562 25 22 of
2173 2569 14 15 a
2196 2563 74 26 purely

1740 2589 98 21 Medical
1856 2589 122 21 Character
1995 2589 49 20 will
2059 2589 29 21 be
2106 2589 74 21 found
2193 2590 77 25 Horse,

1739 2616 74 20 Cattle
1828 2617 47 19 and
1890 2617 52 25 Dog
1957 2616 131 23 Medicines,
2103 2617 23 19 of
2144 2617 126 21 undoubted

1738 2642 91 27 efficacy
1838 2642 103 25 together
1954 2642 57 21 with
2024 2643 21 20 A
2060 2643 60 21 Host
2128 2643 24 21 of
2162 2643 108 21 Domestic

1740 2669 104 21 Utilities
1853 2670 74 20 Toilet
1940 2670 160 25 Preparations
2109 2671 19 19 &
2137 2671 133 25 Perfumery.

1766 2696 39 21 Mr
1812 2696 102 27 Allpress
1924 2696 86 22 invites
2024 2696 151 27 applications
2190 2697 37 21 for
2241 2697 29 21 his

1727 2722 1 14 1
1738 2723 53 21 List
1798 2723 47 21 and
1860 2723 47 22 will
1920 2724 57 20 send
1985 2724 58 21 Free
2052 2723 24 21 of
2085 2730 96 21 expence
2190 2730 30 15 on
2229 2730 41 16 rec-

1727 2752 1 15 i
1740 2750 49 27 eipt
1798 2750 24 22 of
1830 2751 57 21 Five
1897 2751 106 26 shillings
2013 2751 46 21 and
2067 2751 105 26 upwards
2183 2751 24 21 in
2216 2751 54 27 pDst-

1740 2777 23 21 al
1771 2778 67 21 notes
1848 2784 26 15 or
1881 2777 122 27 order-any
2008 2778 81 21 article
2096 2778 83 22 named
2187 2777 83 23 therein

1740 2805 57 19 such
1806 2805 66 20 order
1886 2810 54 20 may
1949 2805 104 20 emanate
2066 2805 59 20 from
2135 2811 42 14 one
2186 2811 84 20 person,

1739 2836 26 15 or
1773 2831 29 21 be
1811 2831 65 21 made
1885 2836 31 21 up
1925 2836 83 21 among
2017 2830 137 27 neighbours
2163 2831 51 21 who
2226 2837 44 20 may

1740 2857 84 27 depute
1841 2864 44 14 one
1897 2857 24 21 of
1936 2857 62 21 their
2009 2857 97 21 number
2116 2857 26 21 to
2156 2859 66 19 make
2237 2858 33 20 the

1740 2885 140 25 remittance,
1888 2885 88 20 receive
1979 2885 41 21 the
2027 2884 71 27 goods
2101 2884 47 21 and
2156 2885 114 21 distribute

1739 2911 41 21 the
1789 2918 62 14 same
1859 2918 31 15 on
1898 2911 93 21 arrival.

1738 2945 79 27 Agent
1825 2945 37 20 for
1871 2945 87 20 Oxford
1966 2945 148 21 andT)istrict
2120 2946 37 19 Mr
2163 2946 28 20 B.
2199 2946 71 20 Keats.

1787 3004 191 57 Money
1992 3006 54 42 to
2068 3005 154 45 Lend.

1795 3092 18 30 I
1828 3092 81 31 have
1937 3102 113 30 money
2078 3096 33 27 to
2139 3093 73 30 lend
2246 3094 24 29 in

1741 3134 86 39 large
1852 3142 35 21 or
1914 3134 92 29 small
2035 3143 86 21 sums
2158 3144 31 21 to
2218 3135 52 30 suit

1740 3174 191 31 Borrowers*
1951 3178 34 26 at
2012 3174 110 31 lowest
2154 3180 116 25 curreni

1740 3218 92 26 rates.

1822 3254 193 32 WILLIAM
2036 3254 157 40 HOBAN,

1916 3295 190 30 SOLICITOR,

1774 3334 49 23 204
1835 3333 122 25 Hereford
1967 3333 40 25 St.
2020 3333 199 25 Christohtjrbh
2230 3334 40 25 an(3

1951 3370 111 26 Kaiapoi.

1727 3472 1 51 ;
1742 3464 13 19 €
1766 3467 127 37 THE
1916 3466 129 38 RED
2058 3468 207 38 HOUSE
2269 3469 1 16 3

1727 3536 2 13 j
1879 3518 75 21 under
1962 3520 42 20 the
2013 3519 124 22 Verardah

1727 3561 1 21 [
1741 3556 41 21 109
1801 3556 106 21 Colombo
1926 3556 64 21 Sreet
2018 3557 244 22 CHRISTCHURCH.

1727 3605 3 34 ;
1791 3594 158 37 JOHN
1988 3595 236 38 WILSON

1727 3663 3 15 }
1740 3645 99 21 General
1847 3645 89 23 Dealer,
1952 3645 125 22 Furniture
2086 3645 91 27 Broker,
2188 3647 82 22 &Hote

1796 3683 117 21 Valuatrr.
1952 3683 148 21 Established
2109 3685 29 19 20
2146 3684 79 22 Years.

1741 3736 61 21 John
1811 3736 89 20 Wilson
1905 3736 115 21 embraces
2029 3737 39 19 the
2078 3737 92 25 present
2175 3739 95 24 opportu-

1742 3763 50 26 nity
1801 3763 25 20 to
1839 3762 75 22 thank
1923 3762 38 21 his
1971 3764 131 25 supporters
2111 3763 36 21 for
2155 3764 63 20 their
2226 3771 44 14 cus-

1740 3790 47 20 tom
1797 3790 47 20 and
1852 3791 125 25 patronage
1989 3790 47 20 and
2052 3796 90 15 assures
2152 3791 65 21 them
2226 3791 44 21 thai

1740 3823 26 14 as
1775 3817 25 20 in
1808 3816 42 21 the
1856 3816 54 26 past
1918 3816 29 21 he
1962 3816 22 21 is
1996 3817 109 25 prepared
2113 3818 26 20 to
2147 3818 82 25 supply
2238 3819 32 20 the

1726 3861 2 4 .
1740 3844 53 20 best
1801 3843 125 20 Furniture
1937 3842 43 26 &c,
1995 3843 36 21 &c.
2048 3843 26 21 at
2088 3843 73 27 prices
2175 3845 61 26 fully
2252 3845 18 21 20

1740 3877 42 19 per
1790 3870 54 20 cent
1852 3870 45 20 less
1904 3870 59 19 than
1972 3870 111 20 hitherto.

1795 3906 60 21 John
1878 3906 88 21 Wilson
1993 3906 46 20 will
2062 3906 93 21 furnish
2174 3914 15 14 a
2208 3908 62 21 house

1741 3933 136 26 throughout
1883 3932 42 21 for'
1930 3934 53 23 £20,
2012 3933 62 20 John
2083 3933 92 22 Wilson,
2181 3935 48 20 will
2236 3935 34 21 sell

1740 3967 44 19 you
1798 3967 15 14 a
1835 3960 116 21 Duche3se
1975 3960 71 20 Chest
2054 3960 28 20 Di
2088 3967 78 14 awsers
2176 3962 37 19 for
2226 3962 44 27 50/-.

1766 3988 61 20 John
1836 3987 88 20 Wilson
1943 3986 46 20 will
2009 3986 43 21 sell
2069 3993 45 19 you
2130 3993 16 14 a
2163 3988 72 21 Chest
2254 3989 16 20 of

1740 4014 103 21 Drawers
1852 4014 36 19 for
1897 4012 51 25 20/-.
1990 4012 60 21 John
2060 4013 90 21 Wilson
2172 4015 47 20 will
2237 4015 33 20 sel]

1727 4059 1 6 .
1738 4047 46 19 you
1813 4040 89 21 Double
2006 4039 128 22 Bedsteads
2165 4040 39 21 for
2226 4041 44 28 25/-.

1740 4068 82 26 Spring
1832 4068 133 19 Mattresses
1973 4065 47 28 25/-
2029 4066 122 21 Palliasses
2161 4074 45 20 any
2215 4068 55 26 price

1738 4101 47 21 you
1797 4095 52 20 liice.
1888 4093 145 27 Everything
2047 4093 70 27 cheap
2133 4094 137 29 Everything

1739 4122 61 27 good'
1806 4122 46 21 and
1862 4129 15 19 y
1890 4127 17 14 u
1916 4126 43 15 can
1972 4121 41 26 get
2022 4122 139 26 everything
2169 4122 60 21 from
2237 4124 33 20 the

1738 4150 75 20 useful
1822 4149 61 20 little
1892 4148 81 21 needle
1986 4148 26 19 to
2030 4148 41 20 the
2088 4150 128 24 proverbial
2238 4157 32 14 an-

1737 4176 60 21 chor.

1737 4203 62 20 THE
1805 4203 75 20 -RED
1894 4200 111 21 HOUSE.
2028 4201 40 20 109
2078 4201 104 23 Colombo
2192 4203 78 22 Street.

1901 4228 81 21 JOHN
1998 4227 127 22 WILSON.

1764 4256 125 21 Furniture
1898 4254 104 26 Bought,
2016 4255 5 3 ~
2027 4254 52 21 sold
2124 4262 9 14 <
2165 4258 92 21 exefcen
2269 4274 2 4 .

1737 4284 63 20 Sales
1816 4282 110 22 attended
1934 4287 29 16 on
1973 4281 150 22 commission.

1190 991 178 46 JOHN
1439 989 279 53 INGE,AM;

1190 1122 107 24 LICENCED
1317 1121 58 24 LAND
1386 1121 95 28 BROKER,
1495 1120 126 27 VALUATOR,
1636 1119 82 25 ESTATE

1203 1152 134 28 INSURANCE,
1347 1152 16 24 &
1372 1151 102 26 GENERAL
1484 1151 141 25 COMMISSION
1634 1150 82 25 AGENT.

1185 1187 69 24 Agent
1258 1187 39 25 for
1306 1187 34 20 the
1349 1187 106 20 National
1463 1187 114 19 Insurance
1588 1185 105 26 Company
1708 1190 10 19 O]

1364 1218 51 20 New
1429 1217 103 21 Zealand.

1210 1250 172 31 OXFORD
1404 1251 30 28 &
1458 1248 255 33 SHEFFIELD.

1408 1314 2 7 ■
1439 1308 33 19 ♦

1185 1354 151 26 Fortnightly
1345 1354 99 21 Auction
1454 1354 64 21 Sales
1527 1352 57 22 held
1591 1352 26 21 in
1620 1352 42 22 the
1669 1353 49 20 Mar-

1185 1387 41 21 ket
1236 1387 74 21 Yards
1320 1387 131 25 OXFORD,
1461 1394 70 20 every
1540 1386 84 22 second
1642 1386 76 21 Thurs-

1185 1419 51 26 day.
1252 1420 109 25 Monthly
1371 1419 129 21 Sales-held
1509 1419 27 21 at
1544 1418 92 21 Market
1644 1418 74 21 Yards
1717 1434 2 9 ;

1186 1450 181 21 SHEFFIELD.
1429 1451 95 21 Private
1542 1450 102 22 Auction
1663 1450 55 22 SaleE

1183 1483 145 20 undertaken
1337 1489 47 20 any
1392 1483 55 26 part
1456 1483 25 21 of
1490 1483 41 21 the
1541 1483 105 26 country.
1673 1483 45 20 Pro-

1184 1514 66 26 perty
1261 1514 101 26 Bought,
1371 1514 60 24 Sold,
1441 1520 26 15 or
1476 1514 48 21 Let.
1537 1514 48 21 and
1589 1514 129 21 Valuations

1184 1549 111 26 carefully
1303 1548 75 22 made.
1409 1549 66 20 Land
1484 1549 105 26 Brought
1589 1548 83 27 jinder
1684 1549 34 21 the

1185 1582 107 21 Transfer
1300 1582 51 25 Act,
1381 1582 128 26 Transfers,
1523 1582 90 26 Leases,
1627 1582 18 20 &
1651 1582 67 21 Deeds

1184 1614 22 21 of
1215 1615 135 25 Mortgages
1366 1614 77 21 drawn
1451 1620 39 21 up.
1527 1614 86 26 Money
1620 1614 98 21 invested

1184 1646 47 20 and
1239 1646 110 20 obtained
1357 1646 35 20 for
1401 1646 87 20 Clients
1497 1651 31 15 on
1538 1645 131 27 Mortgage.
1688 1645 30 20 In-

1218 1684 97 14 surance
1333 1677 97 21 effected
1446 1684 30 14 on
1485 1677 125 26 Buildings
1619 1677 24 21 of
1653 1683 47 21 any

1262 1709 145 27 description,
1417 1710 47 20 and
1472 1709 63 22 their
1544 1709 112 21 contents.

1185 1747 60 21 HAS
1259 1747 58 20 FOR
1330 1747 72 21 SALE
1419 1747 39 19 BY
1473 1746 126 21 PjUVATE
1612 1745 106 21 TREAT!

1213 1784 21 19 A
1243 1784 56 24 good
1317 1783 158 26 Agricultural
1483 1782 47 21 and
1538 1782 105 21 Pastoral
1658 1782 60 21 Farm

1186 1815 132 24 containing
1328 1816 40 18 522
1378 1820 63 15 acres
1451 1814 113 22 Freehold
1571 1813 18 21 &
1594 1815 42 20 240
1647 1815 71 20 Lease-

1187 1848 54 21 hold
1250 1849 26 20 at
1283 1847 66 22 View
1357 1848 51 21 Hill
1418 1848 153 21 devidedinto
1580 1849 28 20 12
1612 1848 106 27 paddocks

1187 1883 52 21 well
1247 1883 100 21 watered
1354 1883 82 21 within
1444 1882 29 27 4^
1482 1883 65 21 miles
1557 1882 60 22 from
1625 1882 93 27 Railway

1189 1915 98 23 Station,
1303 1914 140 21 substantial
1462 1915 14 20 5
1485 1914 92 21 roomed
1594 1914 75 21 House
1688 1920 30 15 sm

1189 1948 102 20 rounded
1303 1949 32 25 by
1343 1954 14 14 a
1366 1948 51 20 nice
1425 1948 138 25 plantation,
1572 1948 66 26 large
1648 1948 70 20 Stable

1190 1980 46 21 and
1245 1982 40 20 out
1295 1981 58 21 heds
1361 1981 96 21 thereon
1457 1992 26 4 —
1483 1981 64 27 price
1555 1987 56 21 very
1618 1980 51 21 low.

1219 2031 41 21 150
1277 2031 69 21 Acres
1364 2031 24 20 at
1406 2029 65 23 View
1488 2029 50 22 Hill
1556 2029 45 21 and
1619 2029 99 28 complete

1192 2062 110 22 Saw-mill
1310 2062 72 28 plant,
1387 2062 92 26 Horses,
1488 2062 108 21 Bullocks
1603 2062 43 22 etc.

1380 2096 63 22 Price
1464 2096 68 23 £750.

1220 2132 41 20 308
1271 2131 69 21 Acres
1350 2130 117 28 adjoining
1476 2131 40 21 the
1526 2130 80 26 above.

1354 2165 64 22 Price
1436 2171 55 21 very
1509 2165 51 21 low.

1289 2241 34 20 On
1332 2241 92 21 account
1433 2241 23 21 of
1465 2241 37 21 Mr
1516 2241 124 21 Allpress.

1219 2283 42 21 His
1270 2289 51 22 very
1330 2284 173 22 nice'residence
1512 2283 98 27 opposite
1620 2284 39 21 the
1672 2283 46 21 Par-

1191 2322 81 20 sonage
1279 2316 58 22 East
1340 2316 85 22 Oxford
1431 2316 36 22 for
1473 2317 47 22 sale
1529 2322 57 22 vary
1592 2316 77 28 cheap,
1679 2315 39 22 hali

1191 2355 51 15 acre
1251 2349 24 21 of
1284 2349 62 24 land,
1356 2349 57 25 good
1422 2349 94 27 garden.

1281 2433 35 21 On
1326 2433 98 21 account
1431 2432 25 21 of
1464 2433 38 20 Mr
1511 2431 35 22 W.
1556 2431 80 21 Munn.

1217 2474 45 22 His
1281 2474 59 28 Shop
1359 2474 47 21 and
1423 2474 128 26 Dewelling
1569 2473 78 22 House
1672 2473 46 22 witb

1189 2511 50 21 half
1247 2518 51 14 acre
1307 2512 23 20 of
1337 2511 56 21 land
1403 2518 29 14 on
1450 2511 41 21 the
1500 2511 97 21 Terrace
1606 2511 67 21 West
1683 2510 35 21 Ox-

1189 2547 58 21 ford.
1276 2547 21 21 A
1307 2547 49 21 real
1364 2547 103 28 bargain.

1253 2674 36 20 On
1298 2674 96 20 account
1403 2674 26 20 of
1437 2674 39 20 Mr
1484 2674 29 20 D.
1526 2673 136 26 Thompson.

1217 2716 10 20 1
1238 2722 52 15 acre
1299 2715 24 22 of
1331 2716 66 21 Land
1406 2715 57 22 with
1480 2715 100 27 Cottage
1589 2714 96 23 thereon
1702 2715 16 21 in

1189 2753 91 21 Church
1290 2753 74 21 Street
1373 2760 51 14 now
1432 2753 26 21 in
1467 2753 134 27 occupation
1611 2752 23 22 of
1643 2753 38 21 Mr
1717 2752 2 15 '

1189 2790 106 20 Osborne.

1217 2964 46 21 For
1276 2964 137 27 particulars
1428 2965 72 26 apply
1512 2966 25 20 to

1187 3018 195 33 .JOEGST
1413 3017 305 35 INGRAM

1244 3188 263 26 CALEDONIAN
1523 3188 148 26 HOUSE.

1186 3249 221 45 JAMES

1268 3304 84 27 BOOT.
1370 3304 85 27 SHOE.
1471 3306 27 26 &
1512 3304 132 28 SUPPER.

1321 3336 264 31 Manufacturer.

1289 3381 119 32 WEST
1442 3381 182 32 OXFORD.

1187 3433 49 22 Has
1246 3440 30 14 on
1284 3433 63 21 hand
1356 3439 13 15 a
1378 3433 106 27 splendid
1491 3434 134 20 assortment
1631 3433 24 21 of
1660 3434 58 21 Boots

1188 3466 44 20 and
1243 3466 70 19 Shoes
1323 3464 66 21 made
1408 3470 31 15 on
1448 3466 40 19 the
1497 3465 107 25 premises
1623 3466 25 19 at
1658 3466 60 25 prices

1187 3496 54 21 that
1250 3496 53 27 defy
1312 3496 153 27 competftdon.
1493 3496 62 26 Boys
1563 3496 81 20 School
1651 3496 67 21 Boots,

1187 3529 59 21 back
1255 3535 73 14 seams
1337 3529 47 20 and
1392 3529 64 20 front
1464 3528 64 21 hand
1535 3533 68 20 sewn,
1610 3529 85 20 cannot
1700 3529 18 20 be

1187 3561 128 27 surpassed.
1347 3560 70 22 Men's
1425 3560 51 22 best
1481 3560 151 28 watertights,
1642 3561 76 27 pegged

1189 3594 50 27 15/-.
1278 3593 100 27 Bespoke
1401 3593 143 26 department
1566 3593 106 24 carefully
1695 3593 23 20 at

1187 3625 70 22 tonde
1287 3626 31 20 to.
1347 3626 40 19 Fit
1405 3624 47 21 and
1470 3623 171 29 Workmanship
1660 3624 58 21 Guar

1186 3657 90 21 anteed.
1303 3657 94 26 Repairs
1406 3657 78 24 neatly
1493 3656 48 21 and
1547 3656 116 27 promptly
1671 3656 47 22 done

1187 3690 26 20 at
1220 3689 132 21 reasonable
1361 3689 74 26 prices

1198 3743 92 20 Branch
1303 3742 183 21 Establishment
1493 3751 5 11 :
1513 3742 61 21 Near
1591 3742 69 21 Town
1669 3742 49 21 Hall

1377 3769 57 21 Esst
1443 3769 94 21 Oxford.

1239 3955 77 37 GK
1369 3955 316 45 SMITH,

1190 4026 87 44 ZINC,
1300 4025 70 40 TIN,
1395 4026 76 38 AND-
1483 4026 117 40 SHEET,
1625 4026 93 41 STEEL

1395 4091 138 23 WORKER

1222 4129 88 42 High
1334 4129 112 40 Street,
1469 4130 82 31 East
1572 4129 128 32 Oxford.

1187 4230 42 26 All
1240 4230 73 26 kinds
1325 4231 28 25 of
1366 4231 98 32 Pumps
1475 4230 77 29 Fixed
1563 4232 24 24 &
1603 4231 115 33 Bcpaired

1303 4277 27 22 at
1341 4275 44 24 the
1398 4275 110 24 shortest
1519 4275 92 24 notice.

77 1815 609 112 NmH^^^^SECURES
696 1850 231 47 THEBEST
942 1815 212 111 PRICE^

115 2123 428 91 Infant's
632 2118 456 90 Powders

226 2248 87 34 FOR
332 2246 229 35 CHILDREN
594 2243 201 36 CUTTING
825 2243 153 33 TEETH

69 2295 90 31 Have
173 2293 116 42 proved
304 2303 58 21 one
376 2293 34 31 of
423 2293 54 30 the
491 2294 140 38 greatest
644 2290 99 31 boons
766 2299 72 21 ever
851 2288 186 31 introduced
1065 2291 32 27 to
1125 2287 49 31 the

28 2347 118 41 public.
190 2347 90 39 They
293 2355 54 20 are
362 2345 137 39 charged
513 2344 96 38 solely
628 2342 78 31 with
721 2352 19 20 a
767 2341 116 39 special
917 2340 202 40 preparation
1146 2339 28 31 of

26 2399 83 30 mine
123 2408 69 20 own
211 2397 63 30 and
290 2407 53 20 are
357 2395 191 40 guaranteed
563 2393 152 41 perfectly
739 2391 161 31 harmless.
959 2391 130 30 Fathers
1117 2389 57 31 and

26 2448 139 32 Mothers
180 2448 35 31 of
225 2448 158 30 hundreds
398 2448 30 29 oi
443 2445 135 31 families
592 2443 195 33 recommend
801 2442 85 30 them
910 2442 77 31 with
1001 2441 173 31 confidence

25 2511 35 21 as
73 2501 93 38 being
180 2500 101 38 ample
291 2502 34 27 to
339 2508 124 21 remove
474 2497 43 30 all
527 2497 52 29 the
590 2495 148 38 ordinary
749 2495 237 37 derangements
1000 2493 72 30 that
1086 2503 88 20 occur

25 2540 113 40 during
150 2539 158 31 dentition.

20 2624 123 40 THEY
159 2624 97 39 COOL
268 2623 91 39 THE
380 2622 128 45 GUMS,

107 2676 194 39 COMFORT
322 2674 91 39 THE
449 2673 141 38 CHILD.
637 2669 144 40 CHECK
806 2666 283 45 CONVULSOJffS,

348 2732 95 39 AND
458 2729 185 41 RENDER
663 2726 223 41 TEETHING
899 2725 128 52 QUITE
1042 2724 130 39 EASY.

64 2794 100 30 These
179 2793 143 29 Genuine
337 2791 148 31 Powders
500 2801 53 20 are
567 2791 34 29 in
614 2800 56 20 use
684 2789 44 39 by
742 2789 43 28 all
799 2787 111 30 classes
925 2786 34 30 of
972 2786 125 40 society,
1115 2785 59 30 and

23 2838 33 29 in
70 2835 43 31 all
127 2838 87 36 parts
228 2833 33 31 of
268 2833 77 31 New
361 2831 146 31 Zealand.

323 2882 61 27 Sold
395 2882 28 24 in
434 2881 81 25 Boxes
528 2879 147 31 containing
686 2879 32 23 12
729 2877 112 32 powders
854 2876 37 33 1/-

101 2963 253 24 G-TT-A.ia-A.3Sn
354 2963 4 10 i
359 2961 108 22 EB3D
482 2958 308 24 PBBFBOTLT
811 2954 301 23 HLA-IE&IMIIiIESS-

19 2998 60 26 Post
90 2997 51 25 free
153 2998 26 24 to
190 3004 50 24 aay
251 2998 56 30 part
317 2994 28 26 of
354 2994 62 25 New
428 2991 110 26 Zealand
545 2999 33 18 on
590 2990 147 26 remittance
745 2989 28 25 of
785 2988 45 33 1/-.
888 2987 124 32 Prepared
1023 2987 47 25 and
1081 2986 54 26 sold
1142 2986 32 32 by

417 3036 117 31 JOHN
557 3034 29 32 S.
611 3033 148 37 COOKE,

369 3086 147 34 Registered
549 3083 212 27 Pharmacentical
778 3082 120 29 Chemist,

711 3123 112 26 Cashel
849 3123 118 32 Street,

843 3158 281 28 OHRISTCHUECH.

190 3203 615 40 COTSrSTJT^TATIONS
843 3203 195 33 FREE

160 3344 122 44 ASK
341 3342 169 44 YOUE
570 3338 276 47 GROCERS
907 3337 120 44 FOR

19 3437 745 94 HISLOP'S
861 3435 302 86 TEA

77 3601 170 67 gsg=
308 3598 44 44 A
381 3596 162 46 GOOD
574 3592 245 46 HONEST
849 3588 122 46 TEA
998 3587 119 46 FOE

378 3710 170 46 YOUR
607 3708 231 45 MONEY.

481 3821 130 34 SOLD
641 3819 68 35 BY

183 3904 104 47 MR.
316 3902 246 47 ALFRED
594 3903 132 56 LEE,
758 3899 244 49 OXFORD

48 3998 112 46 MR.
193 3997 48 46 F.
272 3997 54 45 A.
357 3993 382 55 WATERMAN,
799 3991 123 44 East
952 3990 195 45 Oxford.

165 4094 133 47 MRS
326 4092 56 46 R.
413 4090 242 57 FISHER,
684 4090 143 46 West
857 4087 196 46 Oxford.

221 4193 112 44 MR.
364 4191 52 45 E.
446 4189 75 56 W.
555 4188 250 54 COOPER,
838 4186 127 44 Gust.

329 4287 61 30 and
404 4295 96 29 many
514 4285 88 30 other
616 4284 225 40 Storekeepers.
958 4298 5 4 -
1173 4282 2 42 j

87 65 29 24 oq
147 76 20 15 vi

86 92 81 34 Oh

84 129 28 30 0
142 125 24 70 1
263 155 25 25 «

81 219 83 75 Si
259 224 28 69 i

80 299 28 30 H
140 300 21 38 Sj
195 300 26 31 S
258 309 26 20 eh

80 333 81 40 nB
211 365 7 8 .
258 332 26 41 3

137 374 23 37 S
194 374 24 27 *
256 375 27 22 m

77 406 28 55 &
137 393 23 55 i
193 403 24 15 N

75 559 28 33 z
134 541 82 42 «*
253 525 28 43 s

77 597 26 14 M
135 579 21 32 3
190 581 24 14 °*

74 722 28 25 05
