3530 4590
2477 2159 135 26 DEVINE
2632 2159 148 26 SERVICE

2378 2229 72 27 West
2462 2229 94 26 Oxford
2567 2231 31 24 11
2617 2238 59 17 a.m.
2697 2230 54 25 Eev
2759 2229 30 25 A.
2800 2229 117 26 Ashcroft

2379 2274 70 26 West
2457 2274 94 26 Oxford
2559 2276 13 23 6
2586 2276 40 23 30.
2635 2281 54 24 p.m
2697 2273 54 25 Eev
2757 2272 31 26 A.
2796 2272 122 26 Ashcroft

2377 2314 64 25 East
2453 2314 97 24 Oxford
2568 2316 14 22 3
2603 2322 60 23 p.m..
2685 2314 53 24 Rev
2758 2312 34 25 E.
2810 2313 107 30 Mayson

2378 2354 119 24 Carleton
2539 2355 15 23 7
2572 2361 62 23 p.m.
2680 2352 55 25 Eev
2753 2352 33 24 E.
2811 2352 107 31 Mayson

2390 2602 76 18 The
2491 2602 153 18 Oxford
2669 2602 229 18 Observer.

2841 2688 57 21 PUBLISHED
2897 2688 2 21 WEEKLY.

2390 2709 140 80 SATURDAY
2548 2709 140 80 NOVEMBER
2705 2709 88 80 17TH,
2810 2709 88 80 1894.

2481 2789 135 33 STATE
2659 2789 152 31 FARMS.

2417 2897 66 30 The
2511 2896 161 40 following
2710 2895 202 30 information

2376 2938 111 31 should
2500 2938 39 31 be
2554 2938 36 30 of
2599 2948 83 20 some
2716 2937 131 30 interest
2879 2941 32 27 to

2375 2989 57 19 our
2446 2979 123 30 Oxford
2599 2978 135 36 readers,
2771 2978 62 30 and
2869 2988 45 20 es-

2376 3020 135 40 pecially
2524 3024 33 26 to
2568 3020 88 30 those
2677 3019 70 31 who
2776 3029 52 20 are
2860 3029 54 29 ap-

2374 3060 112 40 plying
2499 3061 49 30 for
2563 3061 132 30 sections
2707 3060 33 30 of
2747 3060 82 31 bush
2839 3060 75 30 land

2374 3101 35 30 in
2423 3102 53 29 the
2490 3101 255 39 neighbourhood
2766 3101 33 29 of
2815 3100 98 39 Coop-

2376 3143 59 29 er's
2452 3140 108 38 Creek,
2577 3142 62 30 and
2653 3142 27 29 It
2693 3141 104 31 would
2818 3142 40 29 be
2880 3151 34 20 as

2375 3184 71 29 well
2480 3184 50 29 for
2564 3184 87 29 them
2696 3185 33 27 to
2773 3182 141 30 consider

2375 3224 138 31 whether
2526 3224 55 30 the
2608 3227 98 26 terms
2741 3223 63 30 and
2839 3232 75 20 con-

2376 3265 115 30 ditions
2526 3264 147 31 enforced
2701 3274 41 19 on
2769 3264 54 29 the
2852 3266 61 27 set-

2375 3306 76 31 tlers
2484 3316 42 20 on
2560 3305 55 31 the
2655 3304 88 32 State
2769 3304 83 29 farm
2881 3307 33 28 at

2374 3347 100 31 Levin
2489 3347 105 30 would
2606 3347 40 30 be
2667 3346 178 39 acceptable
2879 3348 35 26 to

2374 3387 197 36 themselves,
2587 3387 62 30 and
2661 3387 27 28 if
2701 3389 57 26 not
2770 3401 3 7 =
2791 3389 34 26 to
2829 3392 8 27 j
2841 3386 73 29 take

2375 3431 86 37 steps
2473 3437 8 27 ;
2514 3431 34 27 to
2590 3427 93 40 bring
2725 3427 100 29 under
2861 3426 53 30 the

2374 3471 103 29 notice
2492 3469 33 30 o£
2533 3469 54 30 the
2599 3468 146 31 Minister
2760 3467 33 30 of
2806 3466 108 31 Lands

2374 3521 35 20 or
2421 3511 136 35 Labour,
2572 3510 53 30 the
2640 3513 97 26 terms
2752 3508 61 31 and
2841 3518 72 21 con-

2374 3552 115 30 ditions
2506 3552 100 29 under
2618 3551 103 29 which
2731 3550 74 39 they
2814 3559 100 21 sever-

2375 3593 64 40 ally
2474 3592 61 30 and
2573 3591 204 44 collectively
2813 3590 101 43 jpould

2373 3633 74 31 hold
2457 3634 55 30 the
2527 3633 153 31 aforesaid
2692 3633 75 30 land
2777 3633 48 33 -s4
2832 3641 33 22 as
2880 3634 34 28 to

2373 3676 42 29 be
2421 3676 33 28 of
2468 3676 96 38 profit
2578 3678 33 26 to
2640 3666 182 38 themselves
2830 3704 2 3 .
2846 3667 68 40 Jind

2373 3714 52 31 the
2439 3718 90 27 state.

2370 3784 6 9 ,
2414 3757 39 29 In
2481 3757 95 41 reply^
2591 3760 35 29 to
2637 3784 5 9 ,
2654 3757 53 30 Mr
2735 3757 179 39 Thompson

2372 3798 53 30 the
2439 3798 144 30 Minister
2597 3798 36 30 of
2656 3797 127 31 Labour
2809 3797 105 31 States

2403 3842 67 32 Thej
2484 3851 63 17 were
2559 3844 26 23 at
2602 3844 99 30 present
2724 3842 110 26 satisfied
2855 3842 59 26 with

2373 3880 42 24 the
2433 3880 141 26 endeavour
2585 3882 27 23 to
2623 3882 111 25 convert,:
2741 3888 16 17 a
2785 3881 68 30 piece
2888 3880 27 24 of

2371 3920 137 24 bush-land
2526 3921 55 24 into
2604 3928 16 17 a
2644 3921 66 24 farm
2732 3920 82 26 which
2831 3920 83 25 would

2370 3959 31 25 be
2421 3960 150 31 productive,
2601 3961 50 23 and
2678 3968 58 23 pay.
2772 3960 54 24 The
2854 3968 59 16 men

2370 4002 62 21 Were
2443 3997 77 25 taken
2533 4005 32 17 on
2576 3997 44 25 the
2632 3998 171 31 qualification
2815 3998 28 25 of
2849 3998 64 35 thejr

2370 4037 72 32 being
2453 4040 45 23 out
2515 4038 28 25 of
2552 4038 50 25 and
2614 4039 91 25 unable
2721 4040 33 25 to'
2769 4040 42 31 get
2834 4040 76 29 work,

2369 4078 51 24 and
2432 4077 112 33 being'in
2554 4078 49 25 bad
2612 4079 63 24 need
2693 4079 27 25 of
2728 4078 78 27 work.
2834 4080 80 31 ;The£

2370 4116 60 25 took
2449 4124 34 17 on
2505 4115 94 33 elderly
2609 4124 61 17 men
2680 4117 28 25 in
2718 4118 144 31 preference
2882 4110 32 34 W

2367 4161 86 25 young
2472 4162 68 23 men,
2564 4154 51 25 and
2637 4162 59 17 men
2719 4156 59 25 with
2802 4157 108 26 families

2367 4191 28 25 in
2406 4192 142 31 preference
2558 4193 28 24 to
2698 4197 83 21 men.-'
2797 4195 79 26 .Most,
2881 4197 29 24 .of

2367 4229 72 26 those
2451 4230 54 24 who
2517 4238 63 17 were
2592 4238 34 17 on
2637 4238 63 18 were
2717 4231 95 33 elderly
2840 4241 67 24 men,

2367 4268 58 30 and,
2436 4268 64 25 with
2511 4275 16 17 a
2536 4268 51 25 few
2598 4268 149 32 exceptions;
2771 4271 42 25 the
2825 4266 5 32 \
2842 4272 66 29 Gov-

2367 4308 115 25 ernment
2504 4307 43 25 did
2571 4309 47 24 not
2635 4308 58 26 seek
2719 4309 40 25 for
2778 4312 131 27 nrst-clajfs

2366 4347 131 25 workmen.
2531 4347 26 25 It
2567 4355 52 18 was
2629 4348 86 24 rather
2732 4356 16 17 a
2772 4350 72 31 place
2871 4353 39 25 for

2366 4392 59 18 men
2436 4385 133 26 who'were
2580 4386 46 25 not
2637 4386 69 25 .first
2715 4393 5 5 '
2728 4386 73 32 class,
2814 4396 29 18 or
2870 4390 40 26 for

2366 4425 92 31 elderly
2470 4432 59 18 men
2540 4425 67 25 with'
2618 4425 117 26 families.
2771 4427 34 25 Of
2812 4435 95 24 course,

2366 4461 22 26 if
2396 4462 164 32 they.sroved
2571 4462 68 25 fitto
2652 4463 110 31 iremain,
2771 4475 3 13 ;
2781 4465 61 33 they
2849 4482 4 11 i
2868 4476 40 18 re-
2914 4470 2 25 i

2366 4500 102 27 mained
2493 4499 71 27 there
2576 4508 7 24 ;
2611 4499 54 33 but,
2684 4501 61 27 with
2772 4506 90 29 xegard
2884 4508 29 25 to

2933 195 84 24 young
3029 190 47 23 and
3090 188 80 32 single
3182 197 67 22 men,
3267 189 43 24 the
3327 188 80 32 object
3419 194 51 18 was

2933 229 45 23 not
2989 230 26 22 to
3026 228 61 30 keep
3099 229 68 24 them
3190 229 70 23 there
3285 228 183 31 permanently,

2934 267 45 25 but
2990 268 63 24 after
3065 276 15 15 a
3091 268 60 24 time
3164 270 25 22 to
3202 277 55 22 pass
3271 268 68 24 them
3354 277 41 19 on,
3408 268 63 24 after

2934 305 60 32 they
3005 305 50 24 had
3067 306 62 24 done
3141 306 143 31 something
3296 308 25 23 to
3334 315 59 16 earn
3405 306 66 24 their

2933 345 87 31 living,
3033 347 26 22 to
3070 346 41 23 the
3129 346 113 30 oidinary
3254 346 87 24 labour
3363 346 106 25 market.

2935 384 38 25 As
2985 385 119 31 regarded
3116 385 42 24 the
3168 387 110 30 cottages
3290 385 51 24 and
3351 386 43 24 the
3417 388 54 23 ten-

2937 431 40 16 ure
2994 423 79 24 under
3083 423 83 24 which
3178 423 58 33 they
3256 432 64 17 were
3339 424 66 30 held,
3430 424 42 25 the

2936 470 58 17 men
3005 465 46 29 put
3063 471 32 23 up
3107 463 66 25 their
3184 466 108 30 cottages
3304 465 49 24 and
3363 465 58 31 paid
3433 466 40 23 for

2929 501 50 25 •the
3006 502 122 27 material,
3158 503 50 23 and
3230 511 73 16 were-
3328 504 104 24 allowed
3457 511 16 16 a

2936 542 100 30 quarter
3054 541 26 25 of
3101 548 33 17 an
3162 549 55 17 acre
3226 560 5 4 .
3245 542 38 25 for
3311 550 16 17 a
3343 543 130 31 vegetable

3073 579 69 31 They
3151 579 42 24 did
3201 581 45 23 not
3254 588 48 23 pay
3311 588 49 24 any
3369 583 104 22 amount

2936 615 38 25 for
2986 615 42 25 the
3040 616 47 24 site
3099 616 27 25 of
3135 617 44 24 the
3196 619 96 30 cottage
3310 626 28 17 or
3365 619 39 24 for
3432 620 41 23 the

2937 653 101 31 garden.
3074 654 54 23 The
3156 655 170 25 Government
3356 657 51 23 had
3430 657 44 24 the

2937 693 66 31 right
3015 694 25 23 to
3051 693 61 24 send
3123 693 70 24 theni
3211 694 74 25 adrift
3295 695 22 24 if
3334 696 20 24 it
3367 696 108 31 thought

2938 732 56 24 that
3007 733 59 31 they
3085 741 61 16 were
3158 734 64 23 unfit
3234 736 27 23 to
3280 736 106 23 remain.
3421 737 54 23 The

2940 769 169 26 Government
3122 772 79 23 would
3213 780 48 24 pay
3273 781 15 15 a
3299 773 48 23 fair
3360 774 67 28 price
3438 775 38 22 for

2939 817 48 24 any
3010 811 111 30 cottages
3133 811 62 24 such
3207 811 129 25 dismissed
3348 820 58 17 men
3432 817 44 27 put

2940 855 41 20 up.
3017 847 54 25 The
3088 848 88 31 family
3194 849 83 25 which
3288 851 131 24 WenHnto
3431 860 47 16 one

2940 887 25 24 of
2975 886 71 26 these
3058 889 110 30 cottages
3179 889 83 25 which
3268 889 52 26 had
3329 890 62 25 been
3401 894 75 22 erect-

2941 927 31 24 ed
2982 928 33 31 by
3026 927 62 25 such
3097 928 118 33 outgoing
3229 931 86 24 tenant
3324 932 79 25 would
3414 933 62 25 have

2940 967 27 28 t.Q
2984 967 441 37 mr,jymUSEj^Mtagi!.^3S&hi
3436 980 39 17 re-

2940 1006 62 31 gard
3015 1010 24 20 to
3050 1007 44 23 the
3111 1007 146 25 cultivation
3285 1009 27 24 of
3337 1010 44 25 the
3402 1011 73 29 farm,

2942 1045 65 22 most
3019 1044 27 24 of
3065 1044 48 26 the.
3137 1045 61 24 land
3220 1046 74 31 being
3316 1048 80 28 bush,'
3414 1049 64 25 their

2943 1081 112 26 business
3066 1082 88 33 chiefly
3165 1082 49 26 had
3234 1086 58 23 been
3316 1087 113 25 confined
3452 1089 25 24 to

2942 1119 282 34 felling*bush^--T-hey
3245 1123 232 28 had^mado^some

2942 1166 91 22 money
3043 1160 44 21 out
3099 1159 26 22 of
3134 1159 42 23 the
3186 1160 50 23 sale
3243 1161 26 22 of
3276 1161 98 24 timber.
3409 1163 69 24 After

2937 1211 5 14 :
2942 1195 122 32 they.had
3075 1195 94 26 cleared
3181 1196 43 25 the
3248 1197 65 26 bush
3329 1199 59 32 they
3399 1201 81 24 would

2942 1235 31 25 be
2990 1235 56 25 able
3057 1237 27 23 to
3095 1236 118 25 cultivate
3232 1237 44 25 the
3303 1239 69 25 land.
3407 1241 34 24 As
3454 1244 26 22 to

2942 1274 44 24 the
2997 1281 82 24 wages
3096 1277 66 23 most
3173 1275 27 24 of
3208 1275 44 25 the
3263 1283 57 18 men
3332 1286 64 17 were
3413 1280 65 30 paid,

2942 1313 61 31 they
3026 1314 96 24 worked
3139 1322 34 17 on
3184 1315 43 25 the
3238 1319 112 22 contract
3375 1322 104 29 system,

2943 1354 50 24 and
3004 1354 91 24 earned
3106 1355 67 32 daily
3185 1357 28 23 5s
3231 1359 26 22 to
3274 1350 37 32 7s!
3346 1358 23 25 A
3386 1359 45 25 few
3454 1360 27 25 of

2943 1392 44 24 the
2998 1401 59 16 men
3059 1407 31 4 —
3090 1401 59 24 very
3160 1394 52 31 few,
3226 1395 50 25 and
3295 1397 70 25 those
3388 1400 92 24 almost

2944 1432 103 31 entirely
3058 1433 44 24 the
3113 1434 41 24 old
3177 1442 66 21 men,
3256 1443 29 17 or
3302 1436 44 24 the
3362 1437 50 25 less
3423 1446 55 19 cap-

2944 1471 56 24 able
3011 1479 59 17 men
3072 1486 32 4 —
3104 1480 64 16 were
3191 1474 101 25 allowed
3309 1477 26 23 to
3363 1476 33 25 do
3424 1479 58 30 day-

2943 1509 76 25 work.
3055 1510 75 25 Their
3138 1519 82 24 wages
3231 1520 64 17 were
3306 1515 45 23 not
3374 1515 70 31 high,
3457 1516 27 25 of

2944 1557 127 21 course,—
3074 1550 111 26 between
3204 1553 37 23 4s.
3255 1553 49 24 and
3316 1555 37 24 ss.
3382 1563 15 17 a
3426 1557 54 31 day.

2944 1589 70 31 They
3024 1590 52 24 had
3087 1592 46 23 not
3144 1592 27 24 to
3187 1600 49 24 pay
3247 1593 57 24 rent
3315 1602 29 16 or
3355 1596 26 24 to
3392 1603 31 24 go
3433 1597 50 23 and

2944 1627 58 24 look
3035 1627 39 25 for
3097 1629 73 28 work,
3195 1637 28 18 so
3251 1630 57 25 that
3325 1632 60 32 they
3410 1634 73 24 could

2942 1666 50 25 live
3004 1674 58 24 very
3073 1667 106 33 cheaply
3194 1669 79 26 tbere.
3308 1671 72 33 They
3401 1674 82 24 would

2942 1709 47 22 not
3013 1707 31 25 be
3055 1707 56 26 able
3122 1712 27 22 to
3160 1710 66 25 work
3254 1719 59 24 very
3334 1713 56 25 well
3407 1715 76 25 under

2944 1745 43 24 the
2999 1747 113 24 contract
3123 1749 103 29 system.
3259 1749 28 24 If
3304 1750 57 32 they
3383 1752 100 26 worked

2944 1787 26 22 at
2982 1787 111 24 contract
3104 1789 68 24 rates
3182 1788 60 32 they
3264 1790 80 25 would
3361 1794 46 22 not
3426 1801 56 24 pro-

2944 1823 75 32 bably
3029 1825 74 24 make
3115 1833 27 17 so
3153 1827 78 24 much
3248 1836 28 16 as
3288 1829 60 32 they
3355 1838 63 17 were
3429 1833 52 30 get-

2944 1862 55 31 ting
3010 1863 27 24 at
3048 1862 49 33 day
3108 1865 76 25 rates.
3219 1865 85 26 When
3323 1870 61 23 next
3400 1871 82 29 year's

2942 1899 89 26 labour
3041 1903 84 29 report
3136 1910 48 17 was
3196 1905 123 30 compiled
3346 1907 44 24 the
3417 1908 65 26 farm

2946 1940 81 25 would
3037 1940 65 26 have
3113 1940 66 26 been
3195 1944 113 32 working
3334 1954 15 17 a
3360 1947 123 26 sufficient

2944 1980 62 24 time
3017 1981 26 24 to
3055 1982 85 24 enable
3152 1982 44 25 the
3207 1983 157 32 department
3381 1988 27 23 to
3428 1988 54 31 give

2944 2027 16 17 a
2970 2020 75 24 fuller
3055 2022 84 30 report
3149 2021 63 26 than
3222 2022 61 33 they
3290 2024 52 26 had
3350 2025 63 26 been
3424 2027 57 26 able

2944 2060 26 24 to
2987 2059 56 32 give
3054 2059 52 27 this
3116 2069 66 24 year,
3195 2062 130 35 although,
3337 2073 29 17 as
3377 2066 104 25 honour-

2944 2098 56 26 able
3007 2102 125 24 members
3143 2102 83 25 would
3248 2112 49 23 see,
3321 2106 44 25 the
3381 2110 101 28 present

2944 2141 83 30 report
3038 2142 129 24 contained
3180 2150 16 17 a
3217 2144 64 31 good
3309 2145 56 25 deal
3393 2147 27 24 of
3445 2149 37 24 in-

2944 2179 140 25 formation.
3119 2181 41 25 He
3177 2182 88 32 hoped,
3276 2184 121 32 however,
3420 2189 61 23 next

2944 2227 60 23 year
3015 2220 61 31 they
3093 2222 83 24 would
3204 2223 29 25 be
3250 2224 56 26 able
3331 2227 26 23 to
3384 2227 56 30 give
3468 2236 15 16 a

2945 2264 68 28 great
3030 2262 55 24 deal
3095 2269 70 19 more
3179 2263 169 28 information.

2953 2311 14 12 *
2978 2301 41 24 Mr
3036 2302 143 31 Thompson
3191 2304 76 25 asked
3278 2297 113 43 whether
3401 2308 21 25 it
3433 2317 48 16 was

2944 2338 119 25 intended
3074 2340 26 24 to
3113 2341 99 33 employ
3217 2342 72 25 rth'ese
3299 2351 60 17 men
3366 2353 116 23 perman-

2946 2377 68 33 ently
3031 2386 29 17 or
3081 2380 167 33 temporarily;
3267 2387 4 8 ;

2946 2444 3 2 .
2979 2416 41 25 Mr
3031 2417 94 26 Reeves
3142 2420 54 24 said
3212 2420 31 25 he
3254 2421 51 25 had
3327 2424 82 24 stated
3426 2425 57 25 that

2944 2455 61 25 with
3015 2456 88 31 regard
3104 2451 6 9 7
3114 2459 26 22 to
3152 2458 69 25 older
3233 2467 56 17 men
3297 2461 62 25 with
3367 2462 114 30 families,

2944 2493 21 25 it
2982 2501 49 17 was
3059 2494 41 24 his
3124 2495 126 26 intention
3278 2500 27 23 to
3327 2499 62 32 keep
3413 2502 70 24 them

2944 2531 80 27 there.
3060 2532 79 26 With,
3142 2535 89 30 regard
3253 2537 27 23 to
3305 2537 44 25 the
3371 2546 113 25 younger

2945 2571 48 23 and
3005 2571 79 32 single
3095 2581 65 22 men,
3168 2575 50 24 -the
3225 2593 3 6 ,
3239 2575 55 26 idea
3310 2585 50 18 was
3372 2580 25 23 to
3426 2588 56 23 pass

2946 2610 67 24 them
3025 2618 41 16 on.
3342 2634 3 1 .

2977 2766 22 23 A
3030 2766 196 27 BURDENED
3260 2771 188 27 INDUSTEY.

2994 2854 149 27 Meanwhile
3175 2866 4 3 •
3188 2858 44 25 the
3259 2862 162 31 .pastoralists
3455 2865 27 24 of

3129 2895 63 25 have

2943 2930 95 26 Under,
3042 2931 51 26 the.
3098 2935 78 24 terms
3188 2935 27 24 of
3230 2936 65 25 their
3316 2938 78 26 leases
3418 2941 63 25 their

2941 2971 80 25 leases
3030 2973 71 30 their;
3106 2975 74 26 rents:
3194 2976 69 29 haye;
3275 2977 54 32 just
3344 2978 70 26 'been
3441 2989 37 17 re-

2942 3009 74 30 vised,
3029 3011 52 24 and
3102 3012 125 26 raisedon
3237 3022 38 17 .an
3287 3024 104 24 average
3402 3018 75 26 about

2943 3051 32 23 17
2986 3057 43 24 per
3047 3055 64 21 cent.
3145 3052 23 25 A
3179 3061 58 24 very
3256 3053 136 29 influential
3403 3058 74 32 depu-

2942 3090 80 24 tation
3034 3091 87 24 waited
3133 3100 33 16 on
3174 3093 41 23 Mr
3224 3093 95 26 Nelson
3331 3104 33 17 on
3373 3097 106 26 October

2943 3128 70 27 17th,
3025 3128 51 23 and
3097 3129 61 24 with
3174 3147 7 11 ,
3185 3132 71 28 great
3388 3136 91 30 argued

2941 3166 45 25 the
3005 3174 57 17 case
3072 3168 94 30 against
3178 3177 33 16 an
3222 3170 109 26 increase
3354 3173 28 24 of
3401 3177 76 23 rents.

2943 3206 54 25 The
3007 3208 162 30 pastoralists,
3182 3210 20 24 it
3210 3213 69 23 must
3296 3212 30 24 be
3349 3213 128 32 admitted,
3486 3209 5 4 '

2942 3252 71 24 carry
3024 3253 76 23 many
3113 3246 114 26 burdens.
3263 3249 75 26 Wool
3349 3251 47 25 has
3402 3253 77 25 fallen

2941 3282 65 25 from
3025 3291 33 16 an
3080 3291 104 25 average
3210 3286 67 32 price
3305 3289 27 24 of
3353 3290 54 25 £25
3435 3299 51 25 per.

2942 3320 55 25 bale
3008 3321 27 24 in
3048 3322 73 29 1860,
3133 3324 27 24 to
3188 3332 34 17 an
3244 3333 101 26 average
3367 3330 65 30 price
3452 3333 28 23 of
3491 3339 18 20 A

2941 3359 53 23 £12
3011 3360 44 24 10s
3067 3368 44 23 per
3123 3361 52 24 bale
3185 3362 28 24 in
3226 3365 73 24 1893.
3334 3366 53 25 But
3398 3376 81 23 wages

2941 3398 64 24 have
3021 3398 63 24 not'-
3093 3399 87 30 fallen*
3199 3399 85 29 'while
3300 3405 101 26 interest
3429 3408 51 24 and

2942 3440 69 23 rents
3023 3438 64 26 have
3100 3441 105 31 steadily
3223 3443 76 26 risen.
3335 3446 41 25 Mr
3399 3446 80 27 More-

2941 3475 65 25 head
3018 3485 60 23 gave
3089 3478 42 25 the
3157 3487 56 18 case
3229 3481 29 25 of
3265 3483 68 25 what
3345 3485 33 24 he
3403 3487 77 25 called

2968 3514 49 25 two
3028 3514 28 26 of
3063 3515 43 25 the
3117 3516 75 26 finest
3208 3521 136 30 properties
3366 3524 28 25 in
3417 3526 62 25 Aus-

3061 3563 46 17 one
3119 3564 50 16 was
3191 3565 15 16 a
3218 3559 75 29 sheep
3316 3563 90 24 station
3419 3565 59 24 with

2943 3591 132 31 £250,000
3086 3593 112 26 invested
3209 3595 28 25 in
3248 3596 28 30 it,
3289 3599 49 24 and
3349 3600 39 24 for
3407 3601 70 27 three

2932 3636 79 27 'years
3022 3633 33 25 its
3072 3634 225 40 £verage^armi!gs
3324 3629 78 40 fives
3416 3641 63 28 been

2932 3674 74 24 ,3-16-
3024 3667 147 42 per|cenf'
3184 3667 182 44 .lThej|seco|&
3375 3674 65 38 Jbs
3462 3692 17 17 a

2942 3711 76 25 cattle
3029 3712 93 25 station
3133 3713 62 25 with
3215 3705 139 40 =£127,006~
3370 3720 111 26 invested

2941 3749 27 24 in
2979 3749 29 31 it,
3021 3749 51 26 and
3100 3751 40 25 the
3159 3754 78 25 result
3259 3756 29 24 of
3306 3756 71 27 three
3399 3764 79 28 years'

2941 3790 111 32 working
3062 3794 76 28 wagji
3150 3793 50 26 loss
3212 3794 27 25 of
3258 3798 60 24 0-15
3340 3807 45 23 per
3413 3804 65 23 cent.

2941 3829 42 23 Mr
2994 3829 102 30 Nelson,
3108 3830 28 24 in
3147 3832 76 31 reply,
3244 3824 163 41 urgedNhat
3435 3840 43 24 the

2940 3867 162 32 Queensland
3112 3871 59 23 rent
3180 3870 28 25 of
3215 3871 41 30 £d.
3280 3881 44 23 per
3346 3883 56 18 acre
3430 3886 48 18 was

2939 3904 60 39 ye'ry
3011 3909 134 30 moderate,
3169 3912 50 24 and
3241 3913 55 26 that
3317 3916 44 24 the
3383 3920 96 29 pastor-

2940 3947 71 25 alists
3023 3949 69 23 must
3114 3948 95 32 change
3232 3951 44 25 the
3296 3954 140 26 conditions
3453 3958 28 24 of

2940 3985 64 25 their
3015 4012 3 2 .
3030 3986 120 33 industry.
3185 3987 70 34 They
3272 3991 73 25 could
3374 3995 44 30 put
3447 4003 31 17 an

2940 4024 71 25 extra
3021 4025 87 32 pound
3119 4026 25 24 of
3154 4027 64 28 wool
3229 4037 33 18 on
3272 4038 72 26 every
3364 4032 76 34 sbeep
3451 4035 28 25 in

2940 4062 41 25 the
2993 4062 88 33 colony
3089 4065 32 31 by
3129 4073 55 18 care
3191 4066 27 26 in
3222 4067 130 44 feeding.
3387 4071 92 34 Wages

2932 4123 4 6 v
2938 4101 82 32 mighfc
3030 4097 155 37 beire4uce.d
3196 4095 33 44 y
3239 4107 108 35 anaking
3365 4111 116 34 shearing

2938 4147 16 16 a
2965 4141 150 26 continuous
3128 4145 177 31 employment,
3329 4149 98 26 instead
3454 4151 28 25 of

2932 4178 163 40 jcrpwding^t
3106 4181 54 25 into
3185 4182 59 33 four;.
3259 4188 168 36 month|/out
3455 4191 28 25 of

2938 4217 96 26 twelve.
3070 4218 80 26 There
3161 4221 21 24 is
3192 4229 35 18 no
3239 4217 78 33 doubt
3324 4217 5 11 :
3337 4228 57 24 that
3406 4229 73 26 wool-

2937 4256 111 43 gjowipg
3060 4256 47 26 has
3119 4259 105 31 suffered
3235 4263 95 33 greatly
3347 4266 62 26 with
3438 4268 43 26 the

2937 4295 102 32 general
3049 4296 84 27 falliof
3152 4295 90 35 prices!
3251 4311 60 17 oxer
3333 4305 44 26 the
3401 4308 82 27 whole

2936 4334 79 24 world
3026 4332 64 33 ;'but
3102 4335 44 26 the
3156 4338 118 26 mischief
3289 4342 24 25 is
3329 4348 152 28 augmented

2936 4372 164 46 by^Hebjgh
3121 4377 67 43 rajfce|
3197 4379 42 24 of,
3246 4380 106 28 interest
3372 4385 110 34 charged

2936 4410 33 33 by
2985 4411 121 26 financM
3113 4408 170 43 '^nstiliutiona,
3296 4421 51 24 and
3370 4423 43 25 the
3441 4428 39 22 in-

2936 4451 100 25 cessant
3047 4458 143 21 recurrence
3199 4455 28 25 of
3246 4456 90 27 labour
3366 4461 109 28 troubles

3138 4508 101 30 Review
3255 4511 28 28 of
3290 4512 123 28 Reviews.

1129 55 170 31 OXFORD
1336 51 228 33 OBSERVER
1609 51 240 35 SATURDAY,
1892 50 239 33 NOVEMBER
2175 50 48 36 17,
2267 51 92 30 1894.

2369 199 51 38 ST.
2446 197 170 38 ANDREW'S
2643 197 152 38 FESTIVAL
2817 196 87 37 1894.

2389 258 142 50 Friday,
2558 259 195 39 November
2775 257 105 46 30th,

2596 336 30 14 AT
2644 335 48 15 THE

2389 369 226 46 TOWN
2653 368 242 55 HALL,

2427 452 146 32 EAST
2617 452 237 32 OXFORD

2535 513 30 16 at
2583 507 30 23 12
2627 505 101 29 o'clock,

2370 550 546 85 ¥MMW%ftM

2504 660 49 22 and
2579 659 199 25 LUNCHEON

2555 734 32 16 AT
2605 728 14 22 5
2629 729 104 21 O'CLOCK

2374 774 533 59 ARUBLieTEA

2566 873 29 15 AT
2605 866 15 23 8
2629 866 103 23 O'CLOCK

2535 910 23 24 A
2586 910 165 24 GRAND

2377 1026 137 26 VOCAL&
2520 1026 274 25 INSTRUMENTAL
2805 1025 108 26 MUSIC

2378 1119 4 3 .
2410 1081 242 43 T#pt?#UX
2679 1080 191 54 VIV^WTS

2392 1137 162 31 Picturesque
2572 1136 50 24 and
2636 1136 120 24 National
2767 1136 129 24 Costume3

2375 1187 158 25 illuminated
2552 1186 34 32 by
2607 1183 97 28 A.H.PI
2725 1186 109 28 Noble's,
2853 1185 64 26 New-

2455 1227 135 32 Gxy-Etho
2603 1227 122 24 Coloured
2735 1227 100 31 Lights.
2847 1250 10 8 „

2502 1321 74 39 NEW
2586 1322 114 38 YEAR'S
2719 1322 69 38 DAY.

2378 1383 272 47 OXFORD
2667 1385 248 47 SPORTS

2614 1452 28 23 in

2476 1494 188 25 PEARSON'S
2699 1495 99 24 PARK.

2392 1536 14 25 A
2420 1536 120 32 djourned
2552 1538 110 31 meeting
2673 1540 26 22 to
2711 1538 71 24 make
2803 1545 111 24 arrange-

2379 1573 41 21 J\.
2438 1572 88 27 ments,
2539 1570 48 25 will
2599 1571 29 24 be
2639 1571 59 24 held
2708 1571 28 24 in
2748 1571 43 24 the
2806 1571 107 31 Library

2377 1609 34 18 on
2423 1602 109 32 Monday
2544 1604 59 24 next
2620 1606 26 21 at
2675 1605 58 24 7.30
2753 1611 62 23 p.m.

2512 1704 268 46 NOTICE.

2376 1783 82 25 rTHE
2471 1785 92 24 annual
2575 1786 111 32 meeting
2698 1786 27 24 of
2736 1786 179 25 Shareholders

2380 1811 24 30 1
2424 1817 28 28 Of
2460 1817 44 25 the
2516 1818 77 25 Town
2605 1819 63 25 Hall
2679 1818 127 33 Company
2816 1819 99 33 (Limit-

2377 1849 55 27 will
2439 1849 31 25 be
2486 1850 59 24 held
2563 1851 27 24 in
2607 1851 44 25 the
2663 1851 70 30 Hall,
2747 1852 63 24 East
2822 1852 94 25 Oxford

2377 1890 34 18 on
2423 1883 131 32 Thursday
2573 1884 63 25 Nov.
2654 1884 71 30 29th,
2737 1886 66 23 1894
2819 1886 26 24 at
2857 1886 57 24 7.30

2377 1923 59 24 p.m.
2471 1916 120 24 Business
2593 1931 31 4 —
2624 1917 117 24 Election
2753 1918 27 23 of
2789 1917 126 25 Directors

2378 1948 107 33 Passing
2496 1948 28 25 of
2534 1951 118 24 accounts
2664 1950 42 24 &c.

2583 1998 36 25 H.
2636 1997 145 31 LAMING,

2754 2041 68 25 Hon.
2843 2041 55 26 Sec.

2043 201 75 20 new

1799 280 293 46 SUMMER

2012 367 328 43 DRAPERY

1938 443 44 20 EX
1996 443 45 21 S.S.
2057 443 118 22 TAINUI.

1846 556 59 24 Just
1920 555 104 28 arrived,
2036 556 50 23 and
2097 556 52 25 will
2157 556 31 24 be
2199 557 56 24 sold
2266 558 27 23 at

1884 624 187 34 LOWEST
2109 625 181 46 BBICES/

2001 685 33 16 on
2051 677 95 24 record.

1822 794 146 25 MANCHE
1973 795 39 24 ST
2013 781 313 43 eKpEPARTMENT.

1805 863 125 40 Prffitst
1943 863 117 49 checks?
2072 852 66 58 i^nfr
2156 866 115 40 stripes

1807 914 111 41 Tabl^,
1925 914 161 37 Damasks,
2110 914 192 31 unbleached
2302 931 37 5 —
2339 930 2 6 ■

1802 993 21 7 -
1848 960 155 44 ,-i&£Qial
2013 964 203 36 .^alufi-from
2233 964 44 40 1/-

1797 1021 126 33 .BtOiWiQi
1944 1020 142 33 Holland,
2098 1031 78 29 very
2192 1021 97 38 cheap
2304 1020 42 40 4J

1805 1072 195 30 ■Flaadefistte
2015 1071 61 30 and
2092 1071 151 40 Shirting,
2266 1071 81 40 good

1810 1115 171 38 4:l^vifiie
2103 1122 51 30 4d.

1808 1169 96 33 Flo'br
1925 1171 91 31 Cloth
2038 1173 81 39 good
2141 1175 33 27 at
2197 1173 50 30 9d.

1808 1223 90 32 Wide
1919 1224 112 32 Forfar
2044 1242 4 25 ;
2052 1227 33 27 at
2107 1225 49 31 6d.
2189 1215 19 6 ''

1811 1436 133 31 Ladies'"
1955 1435 88 31 Rock
2058 1435 102 31 Straw
2173 1436 133 29 Boaters

1851 1510 20 14 „
1955 1487 107 40 Fancy
2085 1486 101 31 Sailor

1810 1538 95 42 Boys'
1921 1539 62 30 and
1997 1538 102 31 Maids
2114 1538 143 31 Galateas

1806 1633 105 30 ■Black
1926 1632 123 31 French
2064 1631 182 32 Cashmeres

1809 1683 100 32 Black
1924 1684 29 29 &
1966 1682 65 32 Col.
2050 1682 123 32 French
2192 1681 156 31 Merinoes

1858 1764 229 46 GREAT
2130 1764 169 45 SALE

2067 1832 35 30 of

1810 1884 153 27 EDWARD
1998 1882 185 27 BENNETTS
2230 1881 118 27 STOCK.

1855 1943 453 41 FLANNELETTS

1916 2007 17 29 3
1956 2015 95 31 pence
2072 2015 57 30 per
2150 2004 88 40 yard.

1827 2063 118 26 Reduced
1959 2062 66 26 from
2044 2062 40 26 6d.
2101 2063 27 25 to
2144 2062 42 24 4d.
2204 2068 44 25 per
2262 2060 70 33 yard;.

1844 2113 117 27 Reduced
1972 2114 66 25 from
2049 2112 41 26 9d.
2102 2114 27 24 to
2142 2112 40 26 6d.
2194 2119 45 25 per
2246 2111 69 33 yard.
2326 2128 2 5 .

1844 2168 117 25 Reduced
1972 2167 55 25 fron
2045 2167 37 32 1/-
2100 2168 26 24 to
2144 2166 40 25 Bd.
2202 2173 44 24 per
2262 2165 70 32 yard.

2066 2211 27 24 at

1914 2255 38 34 R,
1975 2253 42 31 H.
2039 2251 199 34 PARISH'S

1951 2315 92 25 EAST
2062 2312 148 28 OXFORD.

1871 2443 45 46 C.
1961 2443 330 53 CLEAVER,

2008 2536 144 22 CARRIER

1825 2600 128 37 OXFORD
1984 2599 43 37 TO
2058 2598 274 41 CHRISTCHURCH.

1839 2769 56 44 L.
1928 2767 390 46 GRIEFITHS.

1935 2844 129 32 CARTS
2087 2844 126 31 WOOL

1826 2905 144 26 OXFORD
1993 2905 45 25 TO
2058 2905 273 26 CHRISTCHURCH

1958 2954 34 25 At
2011 2954 88 26 lowest
2109 2954 85 30 Rates.

1907 3123 136 43 FOR
2069 3122 183 45 SALE.

1913 3285 112 32 EAST
2047 3285 186 31 OXFORD.

1849 3333 67 31 Has
1931 3345 41 20 on
1987 3334 85 31 hand
2086 3345 20 20 u
2130 3335 144 39 splendid
2301 3335 47 30 lot

1808 3382 33 29 of
1854 3382 146 30 BACON
2015 3382 64 29 and
2093 3382 113 30 LARD
2217 3383 52 29 for
2283 3384 64 29 sale

1806 3429 84 32 from
1898 3439 28 28 ;a,
1937 3430 108 39 ppund
2059 3432 34 28 to
2107 3440 19 20 a
2140 3432 54 28 ton
2198 3454 6 6 .

1806 3493 6 17 :
2024 3476 71 41 pigs
2111 3476 130 41 bought.

1862 3653 63 30 MR
1949 3653 179 32 SPECIAL
2156 3654 133 31 RAPID

1970 3699 90 31 AND
2085 3699 93 32 SUN.
2248 3714 4 16 »

1805 3753 203 40 TRAVELLING
2046 3754 302 41 PHOTOGRAPHERS.:

1845 3811 116 36 Views,
1979 3812 130 37 Houses,
2124 3812 133 39 Groups,
2267 3813 75 29 Por-

1803 3852 99 36 traits,
1931 3850 141 32 Animals
2102 3852 54 40 <£c,
2179 3853 95 30 taken
2309 3857 35 26 at

1804 3893 185 39 anyplace;
2020 3893 59 39 6/-;
2093 3894 80 40 10/-;
2191 3893 68 41 24/-
2287 3904 56 29 per

1803 3933 96 30 dozen
1903 3958 6 6 .
1923 3965 3 3 .
1954 3933 164 40 Specimen
2131 3935 111 40 kindly
2257 3935 85 30 exhi-

1802 3973 84 31 bited
1901 3975 34 28 in
1959 3973 51 31 Mr
2041 3975 134 31 Parish's
2198 3976 142 31 window.

1802 4017 152 31 Address,—
2257 4027 3 11 ;

1900 4057 52 25 MR
1966 4057 148 26 SPECIAL
2125 4059 115 30 RAPID,
2257 4066 2 17 ;

2067 4096 197 32 Photographer,

1797 4142 40 20 :,T
1841 4121 94 37 -r-'r
1957 4150 4 15 i
1968 4153 17 17 V
1988 4146 18 17 ,;
2029 4142 41 30 ;•-.;,
2113 4124 226 49 SWAJJNANOA.

1884 4278 150 31 COPIES
2060 4280 54 29 OF
2138 4280 88 31 THE

1862 4327 4 7 '

1914 4368 54 25 Can
1991 4368 31 25 be
2045 4368 117 26 obtained
2184 4372 27 23 at

1798 4404 179 27 CARGILL'S
1989 4414 86 17 corner
2097 4407 28 25 of
2139 4407 138 33 CASHJIL
2288 4410 50 25 and

1815 4433 448 47 '"■■^/^••ObLOMß'O"'^^^!!!!^'-

1945 4484 208 28 .Christchurch.
2231 4494 5 2 •

1289 191 250 40 HEALTH
1578 190 132 37 TEA.

1260 294 53 24 The
1324 292 224 26 undermentioned
1559 291 66 24 firms
1632 290 63 26 have
1706 291 63 24 been

1233 327 132 30 appointed
1389 327 88 29 agents
1500 325 37 23 for
1554 324 51 23 this
1629 323 141 24 celebrated

1234 359 79 24 brand
1322 359 25 24 of
1359 358 50 24 Tea
1421 357 82 25 which
1515 356 46 24 has
1573 356 51 23 met
1635 356 60 24 with
1707 355 63 25 such

1235 399 16 16 a
1261 391 169 30 phenomenal
1442 390 52 23 sale
1511 389 27 23 in
1560 388 42 23 the
1625 387 145 24 Australian

1236 424 114 24 Colonies
1364 422 49 25 and
1426 422 122 25 wherever
1556 420 20 25 it
1588 420 46 24 has
1646 419 63 25 been
1731 419 39 25 in-

1235 457 114 24 troduced
1367 456 27 23 in
1412 456 62 23 New
1485 453 118 26 Zealand.

1270 495 146 24 HEALTH
1428 494 72 24 TEA
1511 494 22 24 is
1550 495 45 23 not
1607 501 14 16 a
1633 493 139 24 medicated

1237 529 48 23 Tea
1297 528 45 24 but
1354 528 20 23 is
1383 526 106 25 blended
1511 526 63 23 from
1599 526 44 23 the
1666 525 106 24 choicest

1237 561 49 23 and
1314 561 86 30 purest
1426 558 106 31 growths
1561 558 26 23 of
1608 557 96 31 Ceylon
1722 557 50 24 and

1238 592 91 24 Indian
1340 592 63 23 Teas
1421 591 32 30 by
1466 591 96 30 experts
1580 589 27 25 of
1617 590 43 23 the
1672 589 101 31 highest

1238 625 78 24 order.
1499 645 3 1 .
1751 639 3 9 :

1272 666 54 24 One
1338 666 89 30 special
1434 665 95 24 ieatufe
1541 664 76 24 about
1655 664 94 24 Health
1757 664 22 11 "'

1239 699 50 24 Tea
1301 698 19 25 is
1334 700 40 22 the
1385 706 97 23 process
1496 697 80 25 wHch
1594 697 20 24 it
1637 697 137 31 undergoes

1239 731 81 24 which
1333 731 101 23 renders
1445 731 21 23 it
1477 732 53 22 free
1543 730 64 24 from
1618 730 54 28 the,
1685 730 99 23 tannin'

1240 772 27 15 so
1275 764 128 30 prevalent
1414 763 27 24 in
1453 763 113 30 ordinary
1578 763 72 26 Teas,
1663 761 83 24 whilst
1754 761 21 24 it

1239 796 101 24 renders
1352 796 43 23 the
1407 796 91 24 release
1510 796 26 23 of
1548 796 42 23 the
1615 794 79 24 better
1705 794 69 31 qual-

1239 829 57 24 ities
1307 829 27 24 of
1343 829 44 24 the
1399 829 51 24 Tea
1462 836 67 17 more
1547 836 66 22 easy.
1653 845 3 4 .
1702 841 9 7 >
1740 842 3 5 .
1768 846 3 3 .

1273 867 146 26 HEALTH
1443 867 69 25 TEA
1529 868 21 24 is
1568 867 149 31 unequalled
1738 866 39 24 for

1242 902 124 31 strength,
1375 901 129 27 .beautiful
1524 909 86 16 aroma
1623 900 51 24 and
1696 899 81 31 lovely

1240 934 105 25 flavour.

1273 972 93 28 Prices,
1380 972 41 32 2/6
1432 972 50 24 and
1491 971 37 32 2/-
1539 973 25 27 #-
1571 970 28 24 Tb
1610 970 28 24 in
1649 973 18 27 £
1675 970 50 24 and
1735 968 42 25 lib

1240 1005 100 31 packets
1350 1005 49 23 and
1416 1006 15 22 5
1444 1005 50 23 and
1507 1005 32 23 10
1545 1003 27 24 fl3
1584 1003 60 24 tins.

1374 1036 86 31 Agent
1471 1036 37 24 for
1521 1036 100 24 Oxford.
1684 1041 4 3 '
1738 1042 4 4 '
1752 1040 3 10 ;
1784 1038 4 8 '

1340 1069 52 25 MR
1403 1069 30 24 F.
1447 1069 29 24 A.
1486 1067 207 27 WATERMAN.

1242 1108 81 32 Agent
1335 1107 39 26 for
1387 1107 71 26 Cust.
1477 1107 41 25 Mr
1530 1106 32 25 E.
1576 1106 40 26 W.
1632 1104 143 27 COOPER.

1272 1255 266 49 SITTING
1587 1254 163 46 EGGS

1341 1321 122 39 FOR
1506 1320 173 38 SALE.

1283 1377 58 30 Ist.
1379 1374 93 31 Cross
1486 1374 205 29 Andalusians
1719 1371 61 31 and

1244 1418 162 37 Hamburg
1440 1415 108 30 Black.
1607 1415 51 30 Ist
1687 1412 93 31 Cross

1240 1458 104 30 White
1365 1456 147 39 Leghorn
1527 1454 61 31 and
1615 1455 165 38 Hamburg

1240 1497 104 34 Black.

1275 1545 81 25 These
1364 1543 71 26 fowls
1453 1551 41 17 are
1502 1542 63 26 used
1573 1543 27 24 in
1618 1541 163 26 Amsterdam

1240 1584 28 23 in
1279 1584 45 24 the
1335 1582 92 32 largest
1434 1582 55 25 fowl
1500 1582 77 24 farms
1586 1581 51 24 and
1643 1587 39 18 are
1690 1580 90 25 known

1241 1624 26 24 to
1278 1622 32 25 be
1317 1622 44 25 the
1369 1622 68 25 most
1444 1620 98 32 prolific
1553 1620 91 32 layers.

1406 1660 86 32 Apply

1439 1693 40 25 W.
1505 1691 273 27 CHARLSWORTH.

1591 1730 69 25 West
1677 1728 103 27 Oxford.

1239 1896 47 45 J.
1309 1896 54 44 T.
1392 1895 202 53 Brown,
1616 1895 42 44 &
1679 1894 103 45 Son

1294 1962 112 21 TIMBER
1415 1963 19 20 &
1444 1962 73 22 GOAL
1531 1961 184 21 MERCHANTS.

1416 2000 166 22 IMPORTERS

1240 2038 35 27 Of
1305 2037 142 27 TIMBER
1477 2038 54 26 and
1561 2037 50 27 All
1640 2036 89 26 Kinds
1753 2035 29 27 of

1294 2084 189 28 BUILDING
1507 2082 225 28 MATERIALS:

1432 2130 153 27 COKNER

1241 2172 165 26 COLOMBO
1447 2173 20 23 &
1496 2170 99 26 TUAM
1624 2170 158 26 STREETS

1401 2216 194 25 Chbtctghuboh

1271 2380 196 56 George
1488 2379 272 45 Gardener.

1374 2441 157 25 CARRIER
1569 2440 77 26 ETC.

1322 2483 106 32 EAST
1507 2483 181 32 OXFORD.

1367 2554 121 38 FOR
1506 2553 161 38 SALE

1240 2605 187 26 OATSHEAF
1442 2606 122 29 CHAFF,
1595 2605 30 25 T.
1639 2605 31 25 F.
1684 2605 95 26 OATS.

1434 2665 43 25 TO
1512 2665 78 25 LET.

1240 2707 23 25 A
1273 2715 84 25 young
1368 2708 115 32 pedigree
1493 2708 134 25 Berkshire
1642 2708 65 25 Boar
1717 2707 63 25 from

1423 2746 68 31 prize
1518 2746 77 25 stock.

1287 2876 26 20 A.
1327 2875 87 20 Flesher
1424 2875 18 26 ].
1643 2875 36 27 [F.
1693 2877 83 19 Fuller.

1253 2920 205 41 PLESHER
1481 2922 70 39 and
1573 2922 188 40 PULLER.

1419 2978 180 26 SOLICITORS,

1280 3018 13 19 9
1303 3016 124 21 Cathedral
1438 3016 93 26 Square,
1547 3017 190 21 Christchurch.

1240 3051 117 27 (Between
1366 3050 111 21 Morten's
1486 3051 117 26 buildings
1614 3051 18 20 &
1642 3051 56 20 Post
1705 3051 73 21 Office.

1279 3085 189 55 Money
1496 3087 54 42 to
1587 3086 144 44 Lend

1239 3151 35 20 On
1283 3151 32 20 all
1323 3150 57 21 kind
1390 3150 24 21 of
1425 3150 111 28 Security,
1544 3152 26 20 at
1588 3151 57 21 Low
1658 3152 79 20 Rates
1755 3152 25 20 of

1265 3194 108 22 Interest.
1403 3194 89 26 Special
1505 3194 78 22 Terms
1592 3194 36 22 for
1637 3195 111 21 Farmers.

1268 3317 261 57 Boarding
1568 3317 178 45 House

1479 3398 48 16 AND

1238 3439 320 31 REFRESHMENT
1620 3439 155 34 BOOMS.

1237 3498 69 57 MR
1334 3497 138 26 ESKETT
1494 3498 61 31 begs
1575 3499 26 24 to
1623 3498 92 25 inform
1738 3499 38 25 his

1307 3530 93 25 friends
1411 3531 57 24 that
1486 3531 33 24 he
1541 3531 46 24 has
1615 3531 96 31 opened
1733 3532 44 25 the

1235 3570 118 31 premises
1364 3571 117 31 formerly
1489 3571 92 24 known
1590 3578 28 17 as
1627 3571 44 24 the
1684 3571 92 24 Oxford

1237 3608 77 25 Hotel
1326 3616 27 17 as
1362 3616 16 17 a
1389 3608 128 32 Boarding
1528 3608 88 25 House
1627 3608 50 25 and
1689 3608 47 26 will
1747 3608 29 26 be

1236 3646 55 26 able
1303 3649 26 24 to
1341 3647 91 33 supply
1442 3646 128 26 travellers
1590 3647 51 25 and
1651 3647 124 32 pleasure-

1237 3686 96 26 seekers
1345 3686 61 26 with
1418 3686 176 24 refreshments
1606 3688 26 23 at
1644 3687 35 25 all
1689 3687 78 25 hours

1262 3832 49 44 L.
1364 3832 376 48 GRIFFITHS.

1406 3905 198 31 CARRIER.

1254 3961 127 38 OXFORD
1409 3961 42 37 TO
1472 3960 277 41 CHRISTGHURCH-

1271 4018 96 26 Leaves
1402 4018 93 25 Oxford
1524 4027 72 23 every
1616 4020 154 26 MONDAY

1233 4057 50 25 and
1307 4056 201 30 THURSDAY,
1543 4059 132 31 returning
1700 4067 72 24 every

1232 4097 21 25 T
1258 4096 89 26 UESD
1350 4096 45 26 AY
1402 4096 50 26 and
1463 4096 140 26 FRIDAY.
1634 4126 3 4 
1648 4126 2 5 ,

1755 4171 9 11 C
1770 4171 9 4 -

1319 4235 163 52 FOR.
1510 4234 172 45 SALE.
1714 4214 55 36 m
1775 4214 3 3 '

1264 4340 29 29 A
1326 4340 167 31 CORNET
1507 4341 43 39 by
1564 4350 18 19 a
1597 4339 71 31 first
1686 4340 81 30 class

1224 4395 117 32 Maker.
1352 4432 3 4 _
1427 4396 130 42 Apply,.
1601 4427 2 3 .
1663 4391 7 12 '
1700 4427 3 3 .
1717 4426 13 6 ...

1232 4462 69 40 ..!„„.
1331 4496 3 4 .
1389 4496 4 6 
1422 4451 347 51 .Pffipeofthis^ajper..
1782 4484 5 12 :

670 643 315 82 BURRELL
1014 645 192 94 BROS.,

786 732 317 44 Photographers

671 785 192 39 VICTORIA
886 784 149 47 STUDIO,
1059 784 60 37 CH.
1146 784 60 38 CH.

754 836 70 25 Take
841 836 42 23 the
899 835 58 24 lead
974 843 59 16 once
1051 842 69 17 more

673 881 66 38 Our
748 878 462 52 Photographsalltherage

675 959 119 28 November
811 951 60 38 FOR
895 951 18 37 2
938 949 141 40 MONTHS
1094 955 118 26 November

709 993 46 13 AND
891 1001 85 12 nxrrv
1124 989 45 15 AND

675 1012 117 24 DECEMB'.R
891 1001 85 21 ONLY
1094 1009 118 25 DECEMBER

675 1053 106 82 Wof
788 1059 42 14 our
838 1053 52 20 well
896 1053 80 20 known
986 1052 82 26 highly
1084 1053 57 19 IA
1163 1052 44 29 /fl

737 1081 14 20 f
754 1080 81 22 nished
843 1079 124 21 enamelled
974 1079 107 21 Cabinets
1089 1074 12 25 I
1110 1074 12 25 fl
1128 1078 13 21 I
1154 1074 12 33 /
1177 1074 31 33 f%

901 1109 34 19 lor
962 1107 57 24 ®^°
1085 1095 75 38 IU/
1178 1095 31 36 U

677 1173 15 38 1
705 1172 104 38 dozen
829 1170 204 39 Enamelled
1049 1170 163 38 Cabinets

675 1224 97 39 with
785 1233 60 28 one
853 1222 212 39 15xl2Matt
1075 1220 136 40 surface

677 1274 297 49 Enlargement
989 1273 223 48 Beautifully

784 1319 148 39 Framed
953 1318 53 39 for
1028 1319 61 38 £1.

676 1370 62 23 This
749 1369 21 24 is
781 1375 33 17 no
826 1368 80 25 sham,
919 1367 45 25 but
976 1375 15 16 a
1002 1367 51 25 real
1065 1367 45 32 gift
1121 1367 38 24 for
1167 1367 44 24 the

675 1407 99 31 coming
793 1406 122 31 holidays.
957 1406 45 24 All
1023 1405 66 25 work
1105 1405 63 25 done
1180 1405 31 31 by

675 1443 160 32 experienced
856 1444 90 23 hands.
999 1443 148 24 Bemernber
1166 1450 46 17 our

692 1481 155 28 Concession,
857 1482 30 23 18
901 1482 25 23 to
938 1481 42 24 the
988 1481 78 24 dozen
1078 1480 38 24 for
1126 1480 67 33 10/6.

675 1525 60 24 This
753 1525 44 24 the
815 1525 58 31 only
888 1523 61 25 time
964 1524 26 23 in
1009 1523 44 25 the
1072 1523 104 32 History
1188 1523 27 26 of

674 1564 178 33 Photography
865 1564 55 25 that
938 1563 62 25 such
1017 1572 15 16 a
1055 1564 92 25 chance
1164 1563 47 26 has

675 1611 56 16 ever
751 1603 60 24 been
831 1601 105 32 brought
955 1601 82 25 before
1057 1601 43 25 the
1119 1601 91 31 public,

675 1643 50 24 and
736 1650 58 23 may
804 1650 76 16 never
891 1649 88 17 occure
991 1641 81 31 again.
1093 1641 39 25 Sit
1143 1641 69 32 early

674 1683 185 31 appointments
871 1681 91 25 should
972 1681 31 25 be
1014 1681 73 25 made
1105 1680 22 25 if
1143 1688 69 25 poss-

673 1721 57 23 ible.
754 1720 199 24 EEMEMBER
974 1719 70 24 OUR
1058 1718 62 25 BIG
1133 1719 77 25 CON-

674 1759 149 25 CESSION
834 1758 67 25 FOR
918 1760 14 22 2
945 1758 144 25 MONTHS
1109 1758 101 25 ONLY.

673 1833 99 24 Letters
783 1832 32 32 by
826 1833 56 30 post
893 1831 148 32 punctually
1053 1831 119 24 attended
1183 1833 27 23 to

687 1892 225 28 PICTURE
960 1891 237 28 FRAMING-

823 1926 25 20 in
858 1926 32 20 all
899 1926 34 22 it*
939 1925 119 21 branches.
1204 1930 4 8 '

672 1957 166 25 BURRELL
854 1956 107 30 BROS.,
983 1957 209 31 Photographers,

799 1996 111 26 Victoria
922 1998 84 27 street,
1019 1996 189 26 Christchurch.

672 2041 111 31 opposite
795 2040 44 24 the
849 2040 129 26 Salvation
990 2040 76 32 Array
1079 2040 130 26 Barracks.

727 2208 196 42 MUSICAL
964 2209 180 42 TUITION

672 2277 140 38 PIANO,
839 2277 158 38 VIOLIN,
1023 2278 64 33 SljN
1077 2278 16 16 T
1095 2278 115 37 GING,

715 2318 148 30 OEGAN
927 2318 86 30 ETC.
1076 2318 92 30 ETC.

776 2362 64 29 MB,
877 2362 31 31 S:
939 2362 182 33 MAYSON.

676 2403 121 41 (holder
822 2404 32 30 of
870 2403 184 32 Certificate.
1084 2404 124 41 Trinity

799 2444 123 40 College
943 2445 142 40 London)

706 2485 103 31 Having
826 2485 76 25 taken
919 2493 33 24 up
985 2485 40 25 his
1042 2485 125 26 residence
1184 2486 27 24 in

673 2517 91 24 Oxford
779 2518 23 23 is
818 2518 118 30 prepared
963 2519 27 23 to
1006 2518 94 24 receive
1127 2518 82 31 pupils

672 2549 38 25 for
719 2558 50 23 any
779 2550 28 24 of
830 2550 43 24 the
902 2550 76 25 above
988 2550 92 24 named
1092 2550 117 32 subjects.

708 2584 43 23 All
773 2583 211 25 communication
1018 2584 134 24 addressed
1185 2586 26 23 to

673 2615 138 26 Methodist
852 2615 143 32 Parsonage
1033 2616 51 24 will
1117 2616 94 24 receive

671 2650 98 30 prompt
780 2647 133 25 attention.
947 2649 161 26 Dis.tanceno
1120 2648 89 32 object.

673 2690 190 44 Pianos
886 2691 100 43 and
1012 2690 198 56 Organs

804 2757 78 23 tuned
899 2757 50 23 and
965 2757 122 30 repaired.

706 2890 36 24 To
753 2890 42 24 the
812 2889 162 25 Inhabitants
993 2889 28 25 of
1039 2889 94 25 Oxford
1161 2891 50 23 and

672 2933 62 25 Cust
746 2932 50 25 and
807 2932 169 32 surrounding
992 2933 116 25 districts.

905 2976 71 24 THE

671 3022 75 78 HI?
759 3021 56 39 IT
830 3021 87 39 (PIT
976 3018 231 42 OITftDTV

715 3044 200 55 MiilA
976 3044 223 54 oUiilil

839 3115 207 30 COMPANY.

931 3172 30 17 OF

670 3218 60 29 245
753 3215 170 32 CASHBL
949 3215 58 30 ST.
1039 3215 99 30 CH—
1140 3214 66 31 CH.

702 3272 54 31 Beg
767 3273 26 23 to
804 3272 82 29 notify
894 3270 58 25 that
963 3270 60 31 they
1031 3270 64 25 have
1107 3272 100 30 appoin-

669 3310 43 26 ted
724 3311 54 24 Mrs
787 3308 186 26 NEWNHAM
996 3317 28 17 as
1035 3308 66 26 their
1117 3308 89 33 Agent,

668 3351 49 23 and
729 3351 64 24 from
806 3350 44 24 her
872 3357 59 24 may
959 3349 31 24 be
1018 3349 123 29 obtained,
1171 3350 37 23 Dr

672 3389 238 26 SCHUhSLER'S
950 3391 101 21 famous
1085 3388 121 24 BIOCH-

667 3429 87 25 EMIC
789 3428 194 26 REMEDIE'S
1009 3428 51 24 and
1086 3428 120 25 INFLU-

666 3470 94 24 ENZA
793 3468 174 26 POWDERS
1018 3468 44 25 Dr.
1088 3468 118 26 CROSS-

665 3506 115 27 LANDS
790 3506 136 26 wonderful
934 3506 128 32 vegetable
1071 3506 134 25 Headache

665 3548 119 31 powders;
802 3548 119 28 Enemas,
947 3547 126 31 Syringes,
1105 3546 100 32 Sprays,

665 3588 48 23 and
725 3588 32 24 all
770 3586 126 25 Chemists
908 3586 121 29 sundries,
1042 3593 28 18 as
1093 3586 55 24 well
1177 3594 27 17 as

666 3623 216 31 STATIONARY
893 3628 43 23 &c.
948 3616 3 22 ;

697 3667 53 24 Mrs
762 3666 144 29 Newnham,
925 3666 67 24 Next
1020 3666 27 23 to
1070 3665 42 24 the
1140 3664 64 25 Free

663 3703 136 25 Methodist
807 3703 99 25 Church

789 3742 102 27 WEST
926 3742 152 26 OXFORD.

660 3886 226 26 PREVENTION
903 3887 33 25 IS
953 3887 139 24 BETTER
1105 3886 94 26 THAN

893 3927 105 25 CURE.

658 3999 105 38 \[OW.
772 3999 54 24 that
838 3998 44 25 the
893 3998 132 25 Influenza
1037 3999 128 31 Epidemic
1176 3999 23 24 is

659 4023 32 34 ll
732 4032 77 26 about
827 4032 43 24 the
887 4031 185 32 neighbouring
1089 4032 110 25 districts

657 4073 34 16 no
702 4065 74 25 home
788 4065 89 24 should
889 4065 30 24 be
929 4065 106 25 without
1046 4065 45 24 the
1109 4065 88 32 Platy-

657 4106 48 23 pus
710 4098 85 24 Brand
807 4098 26 24 of
844 4098 158 31 Eucalyptus.
1010 4097 123 25 Globulus
1145 4098 52 24 Ex-

656 4133 65 23 tract
732 4133 27 23 to
770 4131 30 24 be
812 4131 76 25 taken
906 4140 68 22 upon
991 4133 82 29 jugar,
1093 4139 28 16 or
1143 4131 28 25 in
1182 4141 13 14 a

655 4164 65 25 little
732 4164 70 25 milk.
846 4164 51 24 The
908 4167 67 22 most
987 4164 150 25 convenient
1148 4165 49 24 and

647 4198 120 30 .pleasant
778 4205 55 24 way
844 4201 27 21 to
882 4198 57 24 take
957 4197 157 31 Eucalyptus
1131 4197 22 25 is
1168 4199 28 24 in

710 4230 122 32 Platypus
844 4230 87 25 Brand
939 4230 34 25 of*
976 4230 162 31 Eucalyptus.;
1149 4230 45 25 Ju-

651 4263 83 31 jubes,
745 4263 59 31 they
812 4271 42 17 are
865 4264 28 24 in
902 4264 61 24 such
972 4271 15 17 a
993 4263 127 32 palatable
1129 4263 64 25 form

653 4296 114 32 pleasant
798 4297 36 24 -to
877 4296 75 29 tasteV
984 4296 131 31 antiseptic
1144 4296 50 25 and

653 4329 140 25 stimulant.
843 4329 117 32 Sprinkle
978 4337 64 23 your
1068 4329 125 25 handker-

654 4361 68 25 chief
730 4361 50 24 and
790 4369 83 18 rooms
885 4361 61 26 with
958 4361 44 25 the
1014 4361 42 25 oil.

654 4401 27 24 BE
691 4401 59 24 SURE
757 4400 42 25 YOU
809 4400 116 27 PURCHASE
933 4401 46 25 THE
988 4400 115 26 PLATYPUS
1112 4400 80 26 BRAND.

731 4434 31 24 R.
774 4434 92 24 Parish
877 4434 83 31 Agent
971 4434 39 25 for
1023 4434 101 25 Oxford;

652 4478 75 26 Office
734 4477 40 26 No
784 4478 14 24 9
812 4475 181 34 OathedraTsq.
1007 4477 182 26 Christchurch

174 652 262 47 NOTICE.

112 732 95 24 EYRE
242 729 125 26 WATER
399 726 100 25 RACE.

41 811 145 30 ATOTICE
208 811 21 23 is
252 808 91 31 hereby
362 807 73 32 given
458 805 55 23 that
536 803 43 24 the

42 832 33 38 IN
101 843 123 27 WATER
237 843 53 24 will
312 842 29 22 be
368 840 59 24 shut
455 838 34 24 off
515 837 64 23 from

44 869 153 33 MONDAY'
235 872 198 27 NOVEMBER
467 869 62 25 12th
553 871 27 22 to

46 909 184 27 SATURDAY
239 909 44 23 the
296 908 67 26 17th,
372 906 38 23 for
421 904 44 24 the
476 910 105 24 purpose

45 944 28 24 of
83 942 112 31 clearing-
205 940 73 25 Head
301 940 66 23 Race
391 937 50 25 and
457 935 125 32 repairing

45 977 111 24 Flumes.

92 1024 4 3 ■
147 1029 3 7 ;
216 1011 24 25 J.
254 1010 34 24 H.
303 1008 145 26 SHARPE.

314 1058 71 25 Clerk
401 1059 27 23 to
438 1057 44 24 the
491 1055 92 25 Board.

117 1187 145 26 OXFORD
280 1186 92 25 ROAD
393 1183 124 27 BOARD.

51 1274 172 26 mENDERS
241 1281 41 17 are
294 1272 92 25 invited
397 1271 33 31 by
442 1271 42 24 the
494 1268 92 25 Oxford

55 1297 23 36 _L
115 1308 71 24 Eoad
198 1306 81 25 Board
291 1306 64 24 from
378 1305 141 28 competent
532 1309 53 23 per-

50 1350 59 17 sons
120 1340 38 25 for
169 1338 156 27 VALUING
343 1338 41 23 the
405 1335 93 25 Oxford
517 1333 70 25 Road

50 1374 112 29 District,
176 1373 144 25 Conditions
332 1374 26 21 to
374 1371 30 23 be
416 1377 58 17 seen
497 1370 26 22 at
546 1368 40 24 the

50 1408 96 25 Boards
160 1407 82 27 Office,
266 1405 81 24 where
367 1402 110 25 Tenders
497 1401 51 25 will
559 1401 27 23 be

50 1440 109 24 received
188 1447 33 22 up
250 1441 26 21 to
306 1438 29 22 12
348 1435 93 25 o'clock
464 1441 65 18 noon
553 1441 33 16 on

50 1473 129 30 Thursday
199 1469 192 27 NOVEMBER
409 1467 75 24 22nd.

182 1513 110 26 JAMES
317 1512 33 24 H.
382 1509 136 27 SHARPE

282 1555 72 26 Cletk
366 1556 25 24 to
404 1554 43 25 the
460 1552 91 25 Board.

126 1700 93 26 EYRE
251 1698 127 27 WATER
407 1695 99 26 RACE.

179 1788 20 23 is
208 1786 93 31 hereby
312 1786 73 31 given
408 1783 57 25 that
473 1781 35 26 all
515 1787 71 25 gorse

49 1810 32 37 1\
106 1830 28 16 or
145 1821 81 31 plants
235 1818 148 30 interfering
393 1816 61 25 with
461 1815 42 25 the
510 1814 75 25 clear-

49 1855 43 31 ing
101 1854 25 25 of
137 1855 40 23 the
189 1853 68 31 Eyre
275 1851 85 24 Water
368 1850 87 27 Races,
476 1848 69 24 must
555 1846 31 25 be

49 1887 97 26 cleared
157 1894 66 23 away
234 1885 32 31 by
277 1884 42 25 the
339 1882 124 31 occupiers
480 1880 105 26 without

48 1922 79 28 delay,
140 1918 127 26 otherwise
279 1917 43 24 the
333 1915 82 25 Board
426 1914 51 25 will
488 1913 31 24 do
542 1913 43 25 the

48 1953 68 24 work
128 1954 25 22 at
165 1950 123 31 occupiers
306 1955 113 25 expense.

82 1986 38 28 By
137 1984 70 25 order

198 2014 110 26 JAMES
322 2014 34 24 H.
379 2010 136 28 SHARPE

245 2047 75 25 Clerk
343 2047 26 24 to
392 2046 41 24 the
459 2043 90 26 Board.

191 2207 261 47 NOTICE.

110 2280 416 60 Robert^Fisher.

49 2356 47 58 IN
109 2355 130 30 returning
251 2354 93 25 thanks
355 2356 26 22 to
393 2353 44 24 the
451 2353 89 24 Public
560 2353 26 24 fo

99 2389 41 25 the
163 2387 86 25 liberal
270 2388 102 30 support
393 2386 117 25 accorded
532 2386 53 24 him

49 2423 91 31 during
151 2423 41 24 the
201 2421 49 24 last
264 2422 30 23 18
302 2428 77 24 years,
392 2420 59 31 begs
461 2422 26 22 to
494 2420 92 24 inform

48 2456 41 24 his
102 2456 144 24 Customers
264 2455 56 23 that
343 2454 33 23 he
395 2454 47 23 has
465 2452 120 24 RELIN-

49 2488 158 30 QUISHED
220 2488 42 23 the
275 2487 108 30 Grocery
406 2486 50 24 and
476 2485 109 32 Drapery

47 2522 115 23 business
175 2529 31 15 on
224 2521 106 22 account
341 2523 26 19 ot
388 2518 87 31 failing
497 2518 88 23 health

47 2555 50 24 and
111 2555 40 23 the
164 2553 109 24 business
285 2551 52 25 will
348 2551 27 24 in
386 2552 86 23 future
482 2550 31 24 be
533 2558 51 16 car-

47 2588 52 22 ried
113 2595 31 16 on
158 2587 25 23 in
195 2586 44 24 the
248 2592 74 17 name
335 2584 27 25 of
371 2584 41 25 his
424 2584 55 25 wife
505 2584 80 24 Sarah

47 2621 73 23 Eliza
142 2619 94 26 Fisher,
261 2616 236 25 COMMENCING
520 2616 65 24 from

47 2651 193 26 NOVEMBER
254 2652 47 26 Ist,
313 2651 59 23 inst.

252 2690 139 25 ROBERT
409 2688 141 26 FISHER.

103 2811 83 31 OAT
212 2810 139 31 SHEAF
374 2808 147 31 CHAFF.

45 2904 91 81 FOE
160 2903 107 31 SALE
292 2902 62 30 Oat
374 2901 96 31 Sheaf
492 2899 96 32 Chaff

120 2949 33 26 at
174 2943 64 41 45/-
261 2955 56 28 per
331 2948 62 25 ton.

209 2997 94 38 apply
325 2998 35 27 to

184 3049 39 29 A.
246 3044 251 34 ASHWORTH,

376 3099 85 30 View
483 3098 75 29 Hill.

81 3215 297 45 SELLING
426 3214 131 44 OFF

141 3290 322 47 DRAPERY

127 3366 24 20 st
175 3364 140 24 PAIEH'S
331 3364 62 22 East
411 3363 101 24 Oxford.

63 3982 185 81 IS:
332 3982 223 84 WOLFE'S

37 4077 133 17 IMPOSED
199 4076 76 20 UPON

116 4108 71 18 WITH
313 4107 25 31 fl
345 4107 26 31 ft
377 4107 28 31 II
411 4105 93 33 BIRD
508 4106 54 32 fill

40 4138 228 18 UNSCRUPULOUS
313 4143 25 21 ft
345 4147 24 17 Ift
377 4128 26 40 If
411 4128 25 36 El
445 4128 23 34 fl
478 4128 25 39 if
509 4128 25 40 if
539 4150 23 18 kl

45 4168 171 19 IMITATIONS
230 4168 37 19 OF
312 4163 26 24 11
345 4155 92 32 01111
442 4155 48 32 111
506 4155 20 32 F
538 4155 24 33 U

82 4289 423 49 MISSDENCH
591 4272 4 44 :

181 4378 226 23 DRESSMAKER.

75 4425 167 35 B-A.Y
283 4425 217 33 EOAD-
581 4446 6 17 ,

150 4480 90 27 EAST
275 4480 148 26 OXFORD.

125 203 348 42 SATILLS
510 203 167 39 AND
726 193 390 48 OOMPAWY

63 258 302 26 ENGINEERS
393 256 106 26 AND
532 255 165 26 CYCLE
728 248 453 32 MANUFACTURERS

46 309 60 24 have
118 309 39 24 for
168 309 49 24 sale
230 317 14 16 a
256 309 128 30 shipment
395 308 26 23 of
463 307 104 24 ORION
612 307 87 30 cycles.
713 306 47 24 No.
774 306 23 28 1,
811 305 51 23 £12
882 305 44 23 10s
935 311 5 20 ;
976 303 47 23 No.
1037 303 24 26 2,
1080 302 51 23 £14
1150 302 52 22 10s.

222 373 64 24 Cash
296 380 26 16 or
334 380 56 23 easy
402 371 126 31 payment,
574 370 83 29 Every
670 368 114 24 machine
796 366 159 31 guaranteed.

145 446 145 25 Illustrated
301 445 49 24 and
361 444 155 32 Descriptive
529 443 151 31 Catalogues
868 439 89 32 Cycles
968 442 58 27 post
1035 438 60 24 free.

104 521 184 29 SAVILLE
313 521 28 26 &
365 519 63 35 Co.,
458 518 153 29 Colombo
628 517 136 34 Street,
794 512 351 32 CHRISTCHURCH.
