3488 4467
1174 21 173 30 OXFORD
1391 20 226 31 OBSERVER
1661 22 240 34 SATURDAY,
1938 18 238 32 NOVEMBER
2200 17 50 35 17,
2289 16 88 30 1894.

2910 4218 103 25 Printed
3036 4220 52 26 and
3126 4222 140 29 Published
3293 4227 34 33 Ly
3362 4229 89 27 Laura

2940 4255 84 27 Annie
3045 4258 105 34 Pabish,
3175 4264 28 24 at
3225 4264 47 26 her
3304 4266 147 33 itegisterea

2939 4299 119 34 Printing
3070 4302 86 32 Office,
3179 4305 70 33 High
3274 4308 93 29 Street,
3391 4312 60 27 East

2942 4341 101 31 Oxford,
3054 4345 164 37 Canterbury.

2953 4394 131 29 Satubday
3100 4398 141 29 November
3258 4404 41 29 17,
3330 4406 66 27 189i

2905 189 171 52 WATCH
3118 179 162 103 g*|f
3305 197 143 50 CLOCK

2905 280 147 53 Haads
3073 250 165 83 $r&*
3283 287 165 51 Glasses

3027 352 305 38 FITTED

3169 413 32 16 AT

2926 449 183 37 ParisKs
3137 452 104 37 East
3266 454 161 45 Oxford.

2907 607 319 48 WERTHEIH

3087 704 252 48 SINGER'S

2995 799 83 47 and
3105 801 343 49 HOUSEHOLD

2949 908 206 42 MACHINE
3203 911 201 43 NEEDLES

2919 996 122 50 From
3075 999 72 56 1/-
3176 1011 73 48 pt
3286 1001 147 50 Uzw.

3165 1728 43 23 AT

2970 1798 422 43 FASIZSH'S

2908 1884 45 33 EJ
2958 1885 141 36 AST
3148 1887 296 38 OXFORD

2909 2033 60 46 R.
3009 2036 79 45 W.
3106 2038 341 60 ENGLAND,

2907 2111 141 41 Timber
3063 2115 70 39 and
3156 2116 75 40 Coal
3261 2119 187 41 Merchant

2910 2196 160 64 LARGE
3092 2198 108 26 STOCK
3218 2200 45 25 OP
3275 2201 173 28 BUILDING

3085 2231 210 28 MATERIALS.

2975 2271 34 25 Of
3030 2281 72 25 every
3134 2276 159 32 description,
3326 2280 120 25 seasoned

3008 2311 76 32 ready
3088 2311 41 25 'for
3136 2321 51 22 use,
3197 2314 92 33 always
3296 2324 31 16 on
3334 2317 78 25 hand.

2942 2352 68 29 Also,
3042 2353 154 27 Galvanised
3226 2357 68 30 Iron,
3325 2359 120 26 Portland

2909 2389 104 28 Cement
3022 2393 50 24 and
3083 2394 125 26 Builders'
3222 2397 190 35 Ironmongery.

2943 2441 112 35 Country
3070 2445 91 26 Orders
3186 2447 126 34 Carefully
3334 2450 112 27 Selected

3076 2486 51 22 and
3135 2486 144 27 forwarded.

2909 2529 97 25 TUAM
3016 2532 144 31 STREET,
3175 2535 272 31 CHEISTCHUBOH

2972 2657 212 43 HDLLAMI
3220 2662 155 44 FINISH

3091 2715 154 43 GAMGO

3022 2777 64 31 3d.
3121 2787 72 29 per
3214 2784 114 34 yard.
3412 2782 9 35 .'

3165 2854 34 28 at
3256 2874 3 2 ■
3271 2869 3 7 ■

3023 2901 37 30 R.
3079 2902 40 31 H.
3142 2903 196 36 PARISH'S

2909 3215 144 41 YOUM
3140 3217 291 44 GHAICELLOR

3122 3283 51 25 will
3187 3284 60 24 visit

3067 3337 212 35 OXFORD

2907 3422 73 25 every
3006 3416 198 31 THURSDAY,
3229 3419 38 24 for
3298 3421 145 29 particulars

3123 3466 75 33 apply
3211 3469 26 24 to

3062 3511 31 25 G.
3106 3511 33 25 E.
3156 3512 141 32 Weylandt,

3193 3555 65 25 East
3275 3556 98 26 Oxford.

3040 3593 35 24 Or
3083 3601 85 23 groom
3180 3595 28 24 in
3226 3596 88 31 charge

2913 3655 3 4 '
2973 3653 92 26 JOHN
3083 3654 144 33 MERRIN,
3241 3656 135 33 Propritor,

2938 3821 220 50 PUBLIC
3206 3826 239 50 NOTICE.

2940 3927 174 36 Telegraphic
3126 3931 132 36 Messages
3278 3942 50 17 can
3339 3943 68 17 now.
3412 3936 35 25 be

2907 3974 61 24 sent
2991 3974 53 27 and
3063 3976 121 28 received
3204 3981 30 24 at
3258 3978 67 28 East
3346 3979 102 30 Oxford.

2907 4017 115 35 Station,
3040 4023 54 26 and
3111 4023 93 27 Postal
3224 4025 87 27 Notes
3330 4036 62 27 may
3414 4029 34 25 be

2907 4065 155 32 purchased.

2910 4147 40 10 pi—
2950 4139 371 23 —^

2396 155 425 47 EUCALYPTUS

2521 232 81 5 —
2602 226 10 16 *
2612 233 79 4 —

2395 255 60 20 THE
2471 254 72 21 BEST
2557 254 87 22 HOME
2659 255 143 21 REMEDIE

2453 292 36 15 are
2504 286 36 21 the
2550 288 134 25 preparation
2694 288 26 21 of
2727 286 36 21 the

2338 323 171 21 TASMANIA^
2527 323 186 22 EUCALYPTUS
2727 323 49 22 OIL
2790 323 83 20 COMP.

2367 359 136 27 Universally
2513 360 103 23 admitted
2625 360 36 22 the
2670 361 79 24 BESr,
2761 359 115 22 PUREST

2339 398 44 22 and
2392 397 58 20 most
2459 397 94 21 effective
2564 397 134 27 Eucalyptus
2720 398 106 20 Globulus
2841 397 35 20 Oil

2338 430 34 20 for
2392 429 171 25 INFLUENZA,
2584 429 93 26 Coughs,
2696 429 64 21 Colds
2785 429 44 21 and
2846 429 31 20 all

2339 461 66 20 Cheßt
2421 460 43 21 and
2473 460 63 26 Lung
2551 461 114 22 affections
2678 460 77 28 speedy
2765 460 60 21 relief
2834 459 44 22 and

2339 493 56 19 Cure
2412 492 35 20 for
2462 491 157 25 Rheumatism,
2639 493 123 24 Neuralgia,
2777 493 100 25 Sprains-

2338 519 73 20 Burns
2431 518 34 20 &o.

2365 552 135 25 Eucalyptus
2517 552 104 21 Globulus
2639 552 93 22 Extract
2741 552 91 27 sprayed
2845 552 33 21 in-

2339 583 64 21 haled
2419 582 44 22 and
2475 584 67 20 taken
2551 583 117 27 internally
2685 584 34 20 for
2734 584 36 21 the
2787 584 89 26 Throat,

2339 620 98 26 Catarrh,
2454 618 59 28 Hay,
2537 620 100 26 Typhoid
2652 620 44 21 and
2710 620 82 22 Scarlet
2800 621 79 20 Fevers

2341 651 130 21 MEASLES
2481 651 37 21 the
2523 653 56 19 most
2588 652 137 26 satisfactory
2734 653 145 25 preventative

2340 683 43 21 and
2397 684 62 20 Cure.
2556 683 51 21 Post
2623 684 56 20 Card
2689 686 22 18 to
2722 684 36 21 the
2768 684 64 20 Office
2844 684 35 20 for

2340 714 97 21 Circular
2449 714 122 26 describing
2588 716 123 20 treatment.
2738 715 141 26 Eucalyptus,

2339 747 113 21 Ointment
2461 748 37 20 the
2507 748 71 25 Magic
2586 749 80 20 Healer
2680 749 22 19 of
2717 749 70 22 Sores,
2800 749 79 24 Burns,

2341 778 103 25 Wounds,
2459 779 60 20 Boils
2537 780 46 23 &0.,
2605 779 135 26 Eucalyptus
2759 779 58 26 Soap
2831 780 43 20 Fra

2339 811 63 25 grant
2412 810 43 21 and
2464 811 125 26 refreshing.
2613 811 134 25 Eucalyptus
2756 811 89 26 Jujubes
2855 818 24 14 or

2339 841 103 21 Pastilles
2451 841 34 21 for
2494 842 37 22 the
2555 842 82 22 Throat
2647 843 44 21 and
2699 843 64 21 Yoice
2779 849 30 15 an
2823 843 55 21 anti-

2341 873 67 26 septic
2417 873 43 21 and
2470 874 121 21 stimulant.

2339 907 127 24 Veterinary
2482 907 36 20 Oil
2527 907 44 21 and
2581 908 112 20 Ointment
2702 909 34 19 for
2745 907 38 21 the
2792 907 86 21 stables.

2367 940 30 19 Be
2407 945 49 15 sure
2464 946 44 20 you
2517 940 109 21 Purchase
2640 941 40 20 the
2690 940 105 26 Platypus
2811 940 69 21 brand

2339 971 51 25 only
2400 971 23 21 of
2429 971 30 20 all
2468 971 114 26 Chemists,
2587 972 89 21 Grocers
2682 972 43 20 and
2732 971 147 28 Storekeepers

2339 1002 44 20 and
2397 1003 22 20 at
2433 1002 37 21 the
2481 1003 65 21 Office
2554 1005 13 19 9
2576 1003 116 21 Cathedral
2701 1010 77 18 square
2786 1004 93 21 between

2339 1034 101 21 Morten's
2454 1034 113 26 Buildings
2576 1036 41 20 and
2628 1035 37 21 the
2673 1036 52 20 Post
2736 1035 70 22 Office.

2504 1069 89 20 Oxford
2604 1069 79 26 Agent

2393 1103 67 22 E.H.
2474 1104 120 26 PAEISH,
2617 1105 77 21 EAST
2708 1105 120 23 OXFORD

2419 1142 143 26 Eucalyptus
2571 1143 38 21 Oil
2623 1142 31 28 1/-
2666 1150 42 20 per
2717 1144 78 21 bottle.

2337 1224 103 21 KONGO
2477 1225 54 20 PAI
2551 1225 96 21 TENEI
2661 1226 56 20 KEI
2731 1226 126 21 KOUTOU

2497 1276 3 2 .
2528 1278 5 2 .
2553 1259 112 23 KATOA.

2379 1297 192 38 MACBEAN
2614 1298 219 39 STEWART'S

2337 1351 75 21 NEW
2427 1352 79 21 CURE
2521 1354 59 19 FOR,
2593 1354 128 20 ASTHMA

2391 1386 75 21 NEW
2480 1387 80 21 CURE
2573 1387 59 21 FOE
2646 1388 97 21 CROUP

2451 1422 74 21 NEW
2539 1422 80 21 CURE
2632 1423 59 21 FOR
2705 1423 172 21 DIPHTERIA

2391 1453 75 20 NEW
2481 1453 79 21 CURE
2574 1454 57 23 FOR
2647 1455 133 21 CHRONIC

2515 1490 190 22 BRONCHITIS.

2341 1549 2 2 .
2352 1528 115 27 Prepared
2475 1528 60 20 from
2543 1528 173 25 the.Moun.tain
2725 1529 47 21 and
2781 1530 82 21 Forest

2459 1556 80 20 Plants
2554 1555 24 21 of
2590 1556 57 20 New
2661 1556 106 21 Zealand.

2337 1591 29 20 In
2375 1589 98 21 Asthma
2483 1589 42 21 the
2534 1589 55 21 New
2598 1590 59 20 Cure
2666 1589 42 21 has
2718 1590 86 26 proved
2812 1590 66 22 itself

2379 1618 26 21 to
2412 1618 30 20 he
2452 1618 65 20 Head
2526 1617 46 21 and
2582 1618 124 20 Shoulders
2715 1617 71 22 above
2797 1618 33 20 pII

2520 1645 73 20 Other
2606 1645 78 20 Cures.

2365 1683 29 19 In
2403 1688 30 14 no
2442 1682 103 20 instance
2553 1682 43 20 has
2605 1688 14 14 a
2626 1682 70 20 death
2705 1683 107 20 occurred
2818 1683 59 20 from

2339 1708 131 27 diphtheria
2488 1708 67 20 when
2572 1709 42 19 the
2659 1709 56 19 New
2835 1709 42 20 has

2338 1737 59 21 been
2405 1735 74 28 freely
2488 1735 58 22 used
2553 1735 60 21 from
2618 1735 41 22 the
2668 1735 52 22 first
2725 1735 77 22 outset
2807 1735 24 22 of
2837 1735 40 23 the

2339 1765 94 24 disease,
2450 1763 47 21 and
2515 1769 26 15 so
2559 1763 67 26 great
2644 1770 38 14 are
2701 1764 31 20 its
2752 1765 126 24 protective

2338 1796 92 21 powers,
2442 1790 54 20 that
2504 1790 40 21 the
2555 1791 123 25 complaint
2687 1791 44 20 has
2740 1796 71 16 never
2820 1791 58 21 been

2339 1819 82 19 known
2429 1817 25 21 to
2464 1817 82 26 spread
2554 1817 25 21 to
2588 1817 68 21 other
2671 1818 112 20 members
2799 1817 25 21 of
2837 1813 42 25 the

2338 1844 88 24 family.

2367 1877 47 21 The
2422 1877 55 21 New
2487 1876 66 26 Cure,
2563 1878 24 20 3s
2597 1877 40 25 6d;
2649 1877 118 21 Grindelia
2774 1877 105 21 Robusta

2404 1904 135 26 Cigarettes,
2549 1906 25 19 2s
2581 1913 7 16 ;
2598 1905 98 20 Asthma
2709 1905 107 23 Tobacco,

2510 1933 25 20 2s
2549 1932 30 21 6d
2592 1931 46 22 and
2652 1933 30 20 Is.
2726 1951 5 2 „
2760 1951 3 2 .

2365 2042 185 41 HEALTH
2572 2041 307 40 GUAEAFTEED

2344 2125 183 22 OUFFERERS
2564 2125 58 22 from
2666 2125 213 26 RHEUMATISM,

2343 2151 23 23 O
2396 2153 155 24 LUMBAGO,
2570 2153 187 24 NEURALGIA,
2775 2153 104 21 Nervous

2341 2179 143 24 exhaustion,
2492 2180 98 25 wasting
2598 2179 99 26 dibility,
2707 2180 47 20 lost
2763 2180 80 25 vigour
2855 2180 24 19 of

2340 2205 67 26 body,
2416 2212 158 17 nervousness,
2584 2207 46 19 loss
2640 2207 23 19 of
2680 2206 58 20 flesh
2756 2207 47 20 and
2820 2207 60 19 vital

2341 2239 80 20 power,
2444 2233 93 21 restless
2569 2233 68 26 sleep,
2661 2233 96 24 dreams,
2776 2233 103 27 pimples,

2341 2260 63 20 weak
2414 2260 61 24 back,
2487 2260 62 20 want
2567 2261 24 19 of
2601 2260 163 25 development,
2782 2260 97 21 varicose

2341 2287 71 24 veins,
2421 2287 135 26 incapacity,
2574 2287 94 26 urinary
2690 2286 118 26 disorders,
2828 2287 51 21 skin

2341 2313 47 22 and
2397 2314 68 20 blood
2475 2314 96 20 diseases
2581 2314 46 21 and
2636 2314 32 20 all
2677 2313 106 21 ailments
2793 2314 87 27 arising

2341 2342 57 19 from
2408 2341 63 25 early
2480 2346 23 14 or
2512 2341 60 19 later
2591 2341 44 26 day
2648 2346 74 14 errors
2731 2341 51 24 etc.,
2807 2341 72 20 CON-

2342 2367 74 20 SULT
2426 2366 78 21 FREE
2529 2367 83 20 PROF.
2635 2366 151 21 NOTMANN
2805 2367 32 21 M.
2847 2367 33 24 E.,

2341 2394 28 20 E.
2398 2394 30 20 M.
2444 2393 27 21 G.
2494 2393 129 21 MARKET
2641 2394 95 20 PLACE
2756 2394 124 21 CHRIST-

2342 2420 126 22 CHURCH
2508 2421 119 27 (Opposite
2669 2421 107 21 Colombo
2804 2421 76 22 Street

2341 2448 84 27 Bride)

2369 2485 48 20 The
2427 2485 54 26 only
2497 2484 88 26 Expert
2604 2485 143 26 advertising
2763 2486 53 20 that
2832 2486 48 20 will

2349 2512 125 25 guarantee
2484 2518 14 14 a
2506 2512 117 26 thorough
2628 2518 61 14 cure.

2368 2553 253 21 MANUFACTURER
2630 2555 22 20 of
2662 2555 41 20 the
2712 2555 53 25 only
2785 2560 95 21 guaran-

2341 2581 54 21 teed
2404 2580 97 22 Electric
2510 2581 48 21 belt
2577 2581 46 20 and
2636 2581 65 21 other
2720 2582 85 26 special
2823 2582 57 21 elec-

2341 2608 68 21 trical
2418 2608 128 27 appliances
2555 2608 26 21 in
2590 2609 39 20 the
2639 2609 109 20 Colonies.
2780 2609 98 21 Medical

2341 2636 114 19 Batteries
2464 2636 43 19 etc.
2536 2636 139 26 Discriptive
2685 2636 133 26 Pamphlets
2827 2638 53 25 post

2341 2662 63 21 Free.

2419 2804 367 46 IMPORTANT

2588 2879 85 13 i'<»e

2340 2911 84 31 ALL
2453 2913 122 31 WOOL
2599 2913 171 31 EOSLYN
2791 2913 87 31 AND

2376 2987 297 32 WELLING-TON
2696 2988 153 30 TWEED

2487 3056 257 40 SUITS

2383 3122 67 40 35/-
2468 3122 86 32 Suits
2569 3122 146 32 Reduced
2724 3127 34 26 to
2781 3123 68 41 25/-

2381 3183 69 41 --4-
2492 3207 21 16 „
2599 3208 19 13 „
2702 3209 20 13 „
2737 3221 6 5 m
2789 3184 67 41 35/-

2382 3231 148 32 Trousers
2544 3234 62 28 and
2621 3233 75 30 Vest
2762 3231 75 41 13/6
2884 3257 3 3 .

2576 3292 52 21 AT

2367 3344 197 32 PARISH'S
2590 3345 90 31 East
2703 3345 145 31 Oxford.

2387 3502 190 56 Money
2595 3504 54 42 to
2672 3503 156 43 Lend.

2379 3564 19 30 I
2432 3565 80 30 have
2532 3576 115 29 money
2681 3569 34 27 to
2736 3567 73 30 lend
2844 3567 35 29 in

2337 3605 87 39 large
2453 3616 36 18 or
2510 3607 89 28 small
2635 3617 83 19 sums
2746 3609 33 27 to
2816 3607 63 30 suit

2337 3645 177 32 Borrowers
2551 3650 34 27 at
2612 3647 110 31 lowest
2752 3651 127 28 current

2337 3691 91 26 rates.

2396 3727 61 38 W.
2484 3728 45 37 H.
2556 3729 262 40 SFACZUAV.

2513 3775 192 30 SOLICITOR,

2406 3814 192 26 Chkistchurch
2610 3816 50 24 and
2671 3816 137 26 Rangiora.

2367 3941 45 45 S.
2454 3942 79 44 W.
2570 3942 278 48 TUBPEST.

2337 4009 244 38 WATCHMAKER.
2616 4011 176 39 JEWELLER
2818 4014 57 32 &c

2414 4070 89 24 MAIN
2518 4070 135 26 STREET
2671 4072 140 26 OXFORD

2531 4120 62 17 near
2604 4113 83 25 Bank.

2357 4224 73 30 W.
2475 4224 367 36 WOODWARD

2335 4279 155 26 PAINTER
2508 4279 70 25 AND
2595 4279 273 37 PAPERHANGER,

2438 4329 113 31 EAST
2596 4329 182 35 OXFORD.

2385 4425 43 28 All
2438 4425 82 27 orders
2530 4427 122 31 promptly
2663 4428 115 28 attended
2790 4433 27 23 to

1274 158 71 55 H.
1377 160 62 54 E.
1471 157 443 61 BOARDMAN
1953 156 54 58 &
2037 154 147 61 CO.,

1178 233 141 21 BAILIFFS
1333 234 65 20 AND
1413 231 184 23 COMMISSION
1614 232 128 22 AGENTS.
1788 233 101 21 HOTEL
1902 228 138 23 BROKERS
2054 226 64 21 AND
2132 224 149 23 VALUERS.

1276 280 61 29 222
1358 277 235 32 HEREFORD
1617 276 171 37 STREET,
1831 269 342 39 CHRISTCHURCH.

1466 348 163 16 »»»4»»»»4+»+
1632 348 210 15 »♦♦♦♦♦♦♦♦♦♦♦♦♦♦
1846 346 197 17 ♦♦♦♦♦♦♦♦♦MM*

1222 383 43 24 We
1283 385 150 31 respectfully
1445 384 40 31 beg
1503 388 22 19 to
1537 384 73 23 thank
1619 391 43 17 our
1674 383 89 25 Clients
1770 384 51 23 and
1828 382 37 24 the
1876 382 90 25 Public
1974 379 125 35 generally
2102 379 46 30 for
2157 377 38 26 the
2211 377 99 30 support

1152 428 117 22 accorded
1279 435 36 20 us,
1328 428 50 22 and
1389 435 45 16 can
1445 435 82 16 assure
1539 435 43 15 our
1585 427 100 31 friends
1696 426 53 24 that
1756 435 45 15 our
1810 426 105 24 business
1925 424 50 23 still
1981 423 102 25 remains
2099 421 77 24 under
2193 420 37 23 the
2247 425 63 18 same

1153 476 161 26 management
1333 478 28 16 as
1369 471 108 26 hitherto,
1488 471 49 23 and
1546 470 49 22 that
1604 469 136 30 everything
1749 468 122 24 entrusted
1879 471 22 19 to
1910 475 29 15 us
1949 466 53 23 will
2009 466 26 23 be
2042 465 80 25 under
2132 464 37 23 the
2180 463 130 24 immediate

1153 513 146 31 supervision
1311 514 31 30 of
1348 522 45 15 our

1352 555 124 33 MIR.
1507 555 68 33 H.
1600 555 55 33 E.
1681 550 428 37 BOAIRDM^JNT

1387 678 268 35 ■'LOCAL

1271 729 402 43 BARLOW
1716 728 167 41 AND
1929 721 277 45 PRICE

1457 780 192 43 Coventry
1687 778 113 45 Cycle
1847 776 132 36 Works
2091 793 9 5 -

1320 836 38 29 88
1382 832 200 33 COLOMBO
1606 831 175 36 STREET,
1825 824 346 36 CHRISTOHURCH.

1153 894 57 30 We
1225 895 119 38 having
1359 895 94 29 taken
1467 904 75 19 over
1556 893 52 29 the
1622 892 72 30 well
1707 891 115 30 known
1832 889 112 35 works,
1960 887 181 38 machinery
2150 884 62 31 and
2221 884 89 31 stock

1152 936 34 28 in
1198 936 90 28 trade
1303 936 78 29 wish
1394 938 35 26 to
1442 934 113 30 inform
1570 932 54 30 the
1646 932 105 40 public
1764 931 72 30 that
1848 940 47 21 we
1911 939 52 28 arp
1977 927 152 40 prepared
2142 928 34 27 to
2196 925 114 29 under-

1152 976 73 30 take
1240 976 104 30 orders
1358 976 49 30 for
1419 986 69 19 new
1502 974 158 30 machines
1676 973 61 30 and
1752 974 128 28 execute
1898 970 119 39 repairs
2040 971 33 27 at
2094 967 54 30 the
2174 966 136 31 shortest

1285 1016 102 31 notice
1401 1016 49 31 for
1471 1016 42 29 all
1528 1014 92 30 kinds
1635 1012 36 31 of
1680 1012 214 40 Engineering
1907 1011 63 29 and
1982 1009 94 40 Cycle
2088 1007 96 31 work.

1316 1070 127 21 SPECIAL
1457 1066 177 23 ATTENTION
1650 1066 94 22 GIVtiN
1758 1065 38 21 TO
1811 1063 142 22 COUNTRY
1967 1062 123 22 ORDERS.

1153 1110 121 40 Racing
1287 1108 161 31 Machines
1471 1106 62 31 and
1555 1105 99 40 Light
1675 1104 168 31 Roadsters
1859 1113 19 19 a
1892 1101 157 41 specialty'.
2091 1099 50 30 No
2154 1098 155 40 imported

1151 1151 158 29 machines
1323 1150 75 38 kept
1412 1150 33 28 in
1461 1148 98 30 stock,
1575 1148 44 28 all
1633 1146 87 30 work
1734 1146 80 28 done
1828 1154 41 19 on
1882 1143 54 29 the
1958 1142 157 40 premises.
2168 1140 31 29 A
2223 1140 86 38 large

1182 1191 89 31 stock
1286 1190 35 31 of
1330 1190 126 38 Lamps,
1468 1187 95 36 Bells,
1579 1187 62 30 and
1657 1186 129 32 Saddles
1800 1195 40 19 on
1853 1183 86 30 hand
1953 1186 33 26 at
1998 1183 115 29 reduce
2123 1179 131 40 dprices.

1285 1271 115 84 E.
1468 1268 132 84 H.
1661 1261 516 91 PARISH

1427 1400 199 59 EAST
1674 1398 328 58 OXFORD

1375 1487 78 30 has
1469 1482 189 35 received
1678 1492 25 21 a
1719 1483 294 39 consignment
2029 1480 44 31 of

1151 1538 299 55 Messrs
1509 1535 418 57 Johnsons
1980 1530 69 58 &
2107 1530 202 60 Sons

1325 1619 266 57 GREAT
1652 1614 452 59 YARMOUTH

1215 1706 228 94 GIL
1524 1704 696 91 CLOTHING

1332 1842 338 50 ENORMOUS
1730 1841 391 45 REDUCTIONS

1151 1960 80 33 npHE
1250 1959 116 33 question
1376 1958 22 24 is
1410 1955 99 26 natural
1509 1970 35 4 —
1568 1954 67 32 Why
1647 1953 60 26 send
1722 1955 27 23 to
1761 1952 178 26 Christehurch
1958 1952 38 25 for
2014 1959 62 24 your
2094 1952 109 32 Drapery
2212 1953 12 23 ?
2258 1951 52 25 The

1158 1980 19 39 1
1215 1994 103 30 drapery
1330 1991 54 25 sold
1392 1991 27 23 in
1427 1989 57 25 that
1495 1988 51 32 city
1558 1995 71 23 every
1641 1995 46 16 one
1699 1987 94 29 knows,
1806 1985 22 25 is
1840 1987 45 23 not
1895 1985 73 25 made
1979 1985 78 29 there,
2075 1984 47 25 but
2132 1985 131 31 imported.
2297 1985 13 24 I

1152 2028 94 30 import
1257 2026 65 25 from
1333 2025 44 24 the
1388 2023 53 24 best
1453 2021 107 32 English
1572 2021 50 24 and
1640 2020 88 25 Scotch
1740 2019 100 24 houses.
1886 2018 72 24 lam
1970 2018 105 24 enabled
2085 2019 26 24 to
2122 2018 123 31 purchase
2263 2018 47 25 low

1152 2061 50 25 and
1212 2060 46 25 sell
1269 2061 27 23 at
1305 2066 15 17 a
1331 2060 53 22 rate
1396 2056 27 24 of
1431 2054 75 33 profit
1519 2054 53 33 (my
1584 2060 119 24 expences
1715 2052 73 32 being
1798 2051 82 32 small)
1893 2051 57 25 that
1962 2051 82 26 would
2054 2051 31 25 be
2104 2051 145 25 considered
2269 2051 41 24 ab-

1152 2094 58 25 surd
1222 2094 32 30 by
1270 2100 48 23 any
1339 2087 179 28 Christehurch
1541 2086 200 26 establishment.
1793 2084 44 31 My
1859 2084 76 26 Stock
1954 2084 21 25 is
1994 2084 44 25 the
2057 2084 95 32 largest
2170 2084 51 25 and
2243 2086 67 24 most

1151 2127 96 27 tvaried
1257 2126 56 24 that
1323 2125 45 23 has
1380 2130 56 17 ever
1447 2123 63 23 been
1521 2120 87 25 shown
1619 2119 28 24 in
1657 2119 45 25 the
1713 2118 104 30 district,
1830 2117 50 25 and
1891 2117 38 26 for
1940 2117 92 31 quality
2052 2119 49 24 and
2121 2117 72 26 value
2210 2119 59 30 puts
2285 2118 25 24 in

1153 2162 31 23 he
1196 2160 78 25 shade
1291 2158 76 32 goods
1379 2154 91 26 offered
1481 2154 33 31 by
1526 2153 103 30 visiting
1641 2151 117 25 hawkere
1769 2152 64 22 from
1844 2150 44 24 the
1905 2150 182 26 Ghristchurch
2098 2158 46 23 rag
2156 2152 88 24 marts.

1184 2212 95 24 Dress
1291 2209 166 28 Materials,
1469 2206 89 25 Plain
1568 2206 61 23 and
1639 2204 104 31 Fancy
1755 2204 80 24 from
1848 2202 49 25 3d.
1910 2208 55 25 per
1973 2203 86 29 yard,

1185 2271 27 25 A
1229 2270 110 28 Strong
1355 2268 88 25 Stout
1459 2267 134 24 Durable
1610 2264 127 31 Kaiapoi
1753 2263 114 25 Tweed
1883 2262 51 33 2/6
1946 2268 55 25 per
2012 2263 77 30 yard

1784 2306 108 25 Makes
1904 2307 156 23 first-class
2077 2305 91 31 Boys'
2187 2305 90 26 Suits.

1186 2364 58 25 Art
1260 2363 140 29 Muslins,
1420 2360 156 31 Cretoiies,
1595 2359 80 25 Lace
1694 2357 138 26 Curtains
1851 2357 53 24 &c.

1185 2434 26 29 A
1229 2432 110 25 Choice
1358 2428 166 26 Collection
1543 2428 32 24 of
1590 2427 121 29 Gloves,
1739 2425 77 30 Ties,
1847 2423 129 32 Aprons,
2007 2422 165 26 Insertions
2190 2423 54 25 &c.

1186 2484 120 30 Striped
1324 2481 124 24 Galatea
1464 2480 54 31 4/6
1530 2485 56 24 per
1597 2479 107 29 dozen,
1734 2477 102 24 worth
1848 2477 49 23 9d.
1916 2482 54 24 per
1987 2476 84 29 yard.

1186 2547 102 24 Prints
1300 2546 80 24 from
1392 2545 52 24 4d.
1457 2548 54 27 per
1522 2542 85 31 yard.
1621 2541 139 30 Muslins,
1774 2540 138 30 Selesias,
1927 2538 125 31 Calicos,
2067 2538 55 25 &c.

1772 2583 88 27 With
1877 2583 87 26 other
1981 2582 193 26 Manchester
2191 2583 87 31 lines.

1186 2643 88 30 Hats,
1292 2642 104 28 Fancy
1414 2640 59 24 and
1490 2639 106 30 Sailor,
1615 2639 32 23 in
1662 2637 105 25 White
1785 2637 60 23 and
1862 2635 116 25 Colors.

1730 2679 126 25 Newest
1873 2679 124 30 Shapes.
2032 2678 97 29 Large
2146 2679 132 31 Variety,

1185 2738 149 30 Flowers,
1352 2736 155 29 Feathers,
1525 2733 149 31 Ribbons,
1694 2731 105 31 Laces,
1817 2730 75 31 Jets,
1913 2730 54 25 &c.

1658 2772 88 25 With
1763 2773 41 23 all
1821 2772 184 24 necessaries
2022 2771 47 25 for
2086 2771 191 29 Trimmings.

1184 2829 104 30 Fancy
1304 2827 140 29 Frillings
1463 2825 77 31 3yds
1552 2825 46 24 for
1608 2823 37 33 1/-
1662 2823 103 25 worth
1776 2822 50 31 9d,
1844 2826 55 27 per
1910 2822 83 29 yard,

1722 2867 182 30 Umbrellas,
1923 2866 151 30 Parasols,
2094 2865 182 31 Sunshades,

1340 2934 16 11 v
1363 2934 18 11 y
1403 2933 38 12 mv
1464 2932 41 12 *»*'
1525 2931 38 12 **i>
1735 2930 16 11 v
1772 2929 40 13 *****
1836 2929 40 13 ****
1898 2929 18 13 **
1958 2929 20 13 *>
1982 2929 18 12 v*
2021 2929 40 12 wv
2085 2929 36 11 **t

1153 3045 109 33 BOYS
1295 3044 89 30 AND
1414 3039 174 33 YOUTHS
1628 3037 216 33 COLONIAL
1876 3037 155 32 TWEED
2058 3038 252 34 OYERCOATS

1637 3100 78 31 with
1737 3098 96 42 Capes

1429 3163 93 30 From
1546 3163 66 30 17s.
1657 3161 50 29 6d.
1752 3159 101 32 worth
1896 3160 66 30 255.
2010 3159 49 30 6d.

1304 3229 144 31 j&£@z&
1451 3227 12 17 9
1468 3236 33 22 s
1545 3225 226 32 Tweed
1815 3226 348 32 Overcoats

1628 3277 95 29 From
1746 3277 64 30 15s.

1400 3394 99 28 ■EniiffiF'
1517 3390 27 31 ffl
1660 3399 72 13 ™™
1755 3390 80 24 SB^K.
1848 3390 133 33 «E^S~Hfcp
1989 3394 72 28 Pfjy»

1150 3455 133 40 English
1299 3456 127 41 Wituey
1436 3456 149 30 Blankets
1600 3459 33 26 to
1649 3457 36 29 be
1701 3455 67 31 sold
1784 3459 31 26 at
1826 3456 59 30 less
1894 3456 78 30 than
1986 3455 181 32 Melbourne
2181 3455 129 32 Whole-

1151 3507 62 30 sale
1234 3510 86 39 price
1321 3526 41 4 —
1362 3509 121 31 Double
1497 3509 68 29 Bed
1583 3507 68 31 Size
1675 3508 63 29 12s.
1765 3507 49 30 6d.
1843 3516 4 3 ■
1865 3507 102 30 worth
1983 3508 65 30 16s.
2087 3508 49 29 6d.
2158 3518 56 29 per
2228 3509 77 40 pair.

1319 3579 130 39 cheaper
1463 3578 78 29 than
1557 3573 225 33 Christ-church
1796 3574 113 31 houses
1923 3574 65 30 will
2003 3574 57 30 sell
2075 3575 94 31 them.

1152 3671 300 79 MISSES'
1514 3670 250 79 CAPES
1826 3670 68 77 &
1946 3671 359 79 JACKETS

1149 3798 1 8 ;
1209 3781 88 49 TI»
1313 3780 165 49 Emmt
1509 3778 154 61 Slaps
1683 3779 108 49 &m
1811 3778 85 58 3/8
1921 3780 141 49 wmth
2080 3780 168 51 $mhU.

1156 3905 523 96 PRINTS!
1725 3907 576 94 PRINTS!!

1153 4121 328 104 ROLLER
1544 4121 521 101 TOWELLING
2151 4126 155 86 M.

1643 4344 10 13 >
1665 4344 46 12 *m-
1719 4344 10 14 1

1198 4387 72 33 R.
1297 4386 78 33 K.
1411 4382 315 44 PARISH,
1783 4384 156 34 East
1986 4386 258 42 Oxford.

588 497 268 49 GEORGE
888 495 236 47 KEATS.

612 575 158 25 BUILDER
779 573 71 25 AND
862 572 240 26 UNDERTAKER

690 628 104 31 EAST
836 626 181 31 OXFORD.

620 719 121 25 Funerals
750 717 150 27 Conducted,
914 716 88 25 Adults
1009 717 67 24 from
1086 715 37 25 £3

587 762 115 26 Children
721 761 64 25 from
804 759 69 32 22/6.

606 957 222 24 OXFOBD
873 951 238 25 ZB-A-IKIIEIE&ir

689 1002 214 29 Established
928 998 88 29 1862.

634 1066 125 29 FLOUR,
771 1065 56 25 best
836 1063 82 25 brand
928 1063 60 31 only
999 1062 68 30 kept.

587 1109 143 29 SHARPS,
766 1106 206 29 OATMEAL,
1007 1103 111 26 BRAN

676 1150 292 28 CHICKENWHEAT,
986 1150 42 23 &c.

612 1196 41 20 AT
679 1194 124 22 LOWEST
831 1191 141 22 CURRENT
999 1189 105 24 RATES,

675 1299 53 44 F.
761 1297 50 44 B.
834 1293 188 55 LANE.

690 1371 91 40 (Late
795 1369 39 30 E.
854 1367 161 38 Butcher.)

586 1432 251 31 Watchmaker,
866 1426 184 35 Jeweller,
1067 1423 52 31 &c.

585 1482 124 30 Importer
742 1480 28 23 of
808 1476 107 26 Musical
950 1475 171 24 Instruments

684 1516 111 27 Victoria
817 1515 37 26 St.
885 1513 134 32 Rangiora.

587 1609 99 32 Special
697 1609 71 24 value
790 1607 28 24 in
840 1605 81 24 Extra
943 1604 86 29 strong
1041 1600 80 26 Cased

585 1652 87 32 highly
681 1650 109 25 finished
803 1647 109 32 English
930 1647 79 23 Lever
1018 1644 102 26 Watch-

586 1703 34 17 es.
667 1691 190 29 Manufactured
875 1693 25 22 to
923 1697 43 24 my
994 1687 72 25 order
1087 1686 34 31 by

587 1736 54 25 best
653 1735 105 25 London
776 1733 107 26 makers.
917 1727 157 35 Unequalled
1083 1726 38 27 for

587 1779 122 25 excellent
722 1776 178 31 Timekeeping
915 1773 50 26 and
976 1771 143 33 durability.

618 1822 30 23 F.
667 1822 30 23 B.
710 1820 96 24 LANE
819 1818 139 31 personally
980 1816 72 24 visits
1073 1815 47 24 Ox-

586 1864 55 25 ford
660 1863 124 31 monthly,
809 1861 114 32 carrying
943 1867 15 17 a
980 1859 69 31 large
1072 1857 49 25 and

586 1906 85 27 choice
705 1906 70 25 stock
803 1905 28 26 of
862 1903 127 28 Watches,
1018 1901 102 28 Chains,

585 1950 134 28 Brooches,
730 1950 87 30 Rings,
830 1947 85 28 Studs,
933 1946 129 25 Pendants
1074 1946 47 27 etc,

588 1993 142 32 Spectacles
751 1992 124 32 (Pebbles,
892 1990 169 30 Pantoscopsc
1073 1988 50 24 and

587 2037 108 32 Crystal)
709 2035 96 30 Clocks,
825 2033 108 34 (Marble
953 2032 50 24 and
1021 2030 101 33 Wood,)

686 2079 93 24 Accord
783 2085 60 18 eons
855 2077 50 24 and
916 2076 107 25 Violins.

619 2123 82 24 Exact
712 2122 58 25 date
782 2122 28 24 of
819 2120 62 25 each
893 2120 60 25 visit
974 2119 24 24 is
1008 2117 106 25 notified

735 2166 28 23 in

587 2209 115 23 Repairs.
705 2223 31 3 —
739 2207 41 24 All
790 2207 95 30 repairs
902 2213 42 16 are
961 2204 119 24 executed
1090 2202 31 32 by

587 2251 92 31 myself
700 2259 28 16 or
744 2250 80 24 under
840 2257 43 23 my
903 2247 221 32 superintendence

588 2302 27 16 so
638 2294 55 24 that
712 2295 103 29 patrons
827 2299 46 17 can
897 2292 52 30 rely
971 2298 33 17 on
1027 2289 98 32 getting

588 2336 155 25 satisfaction
752 2336 27 24 at
790 2335 44 24 the
845 2341 59 23 very
914 2333 87 24 lowest
1010 2332 112 30 charges.

620 2380 105 31 Repairs
737 2387 28 17 or
773 2378 84 25 orders
866 2385 58 23 may
936 2376 30 25 be
975 2375 44 26 left
1031 2376 26 24 at
1057 2388 34 5 —

587 2428 26 24 J.
632 2427 133 30 Weeber's,
801 2427 65 24 East
890 2425 99 24 Oxford,

587 2473 26 22 at
636 2470 40 25 W.
701 2470 35 24 M.
761 2469 38 27 C,
822 2468 65 24 East
912 2467 101 24 Oxford.

586 2513 24 25 J.
628 2513 100 28 Brown,
741 2511 160 29 Bootmaker,
926 2510 71 25 West
1021 2508 101 25 Oxford.

587 2556 38 25 W.
639 2556 24 24 J.
678 2555 118 25 Crothers
806 2555 18 23 &
838 2554 43 24 Co.
890 2571 5 6 .
919 2553 69 25 Oust.

620 2600 49 23 and
686 2599 52 24 will
744 2599 31 24 be
785 2597 127 32 promptly
924 2595 119 26 attended
1053 2597 36 23 to.

587 2643 55 29 All
653 2643 99 29 Work
765 2642 77 29 done
854 2651 39 19 on
907 2641 54 28 the
973 2639 151 30 Premises

709 2693 63 28 and
787 2689 199 41 guaranteed.

583 2882 343 33 MONUMENTAL
949 2879 174 37 MASON,

706 2935 133 30 Madras
863 2933 127 35 Street,

624 2983 456 36 CHRISTCHURCH.

584 3080 161 62 WISHES
763 3082 26 21 to
806 3079 89 23 inform
906 3084 101 25 persons
1026 3077 25 22 in
1059 3077 65 22 want

673 3114 27 24 of
714 3112 167 25 Monumental
906 3110 76 25 Work
1010 3109 54 23 that
1092 3108 31 23 he

581 3149 96 24 intends
697 3149 26 22 to
745 3145 89 27 SELL
863 3143 62 26 HIS
959 3141 163 26 PRESENT

581 3180 117 26 LARGE
719 3178 119 29 STOCK,
856 3177 134 31 consisting
1007 3175 26 24 of
1045 3175 76 24 Gran-

581 3215 33 23 ite
632 3213 103 30 Marble,
761 3212 47 24 and
835 3211 69 23 other
931 3210 75 24 Stone
1034 3208 89 24 Monu-

582 3250 86 24 ments,
698 3248 25 21 at
752 3243 162 30 considerably
950 3240 171 27 EEDUCED

581 3278 133 26 PEICES.
748 3277 58 24 Iron
824 3276 101 28 Fences,
944 3274 114 24 Concrete
1075 3273 46 23 and

583 3312 74 26 Stone
674 3311 126 31 Kerbings,
815 3309 104 25 .reduced
930 3308 26 23 in
973 3307 72 32 i-rice.
1080 3305 41 25 In-

582 3347 127 30 scriptions
727 3345 48 25 and
793 3343 34 25 all
843 3341 68 26 work
927 3342 25 23 in
981 3339 141 26 connection

583 3380 56 23 with
657 3380 41 23 the
715 3378 69 24 trade
796 3378 61 23 clone
868 3377 25 22 in
905 3375 133 24 firit-class
1052 3374 69 29 style.

582 3411 76 32 Early
676 3411 134 31 inspection
828 3410 100 22 invited.
966 3406 96 26 Several
1071 3414 52 16 new

582 3446 61 24 lines
660 3445 75 31 lately
765 3443 101 26 arrived.
901 3441 55 31 Any
984 3439 138 25 reasonable

583 3479 60 24 offer
658 3479 39 23 for
713 3479 41 23 the
772 3481 94 26 present
883 3474 70 25 stock
970 3474 49 24 will
1046 3472 77 25 result

583 3512 24 23 in
625 3520 13 15 a
657 3512 59 23 sale.
751 3511 77 23 Want
852 3511 26 22 to
895 3508 92 24 realise.

585 3619 92 38 MR
699 3618 64 42 W.
789 3618 50 40 N.
864 3614 259 46 CATHRO,

626 3691 182 21 BARRISTER
822 3690 69 21 AND
907 3687 175 24 SOLICITOR.

736 3730 233 32 BANGIORA.

582 3782 133 32 Attends
731 3783 122 31 Oxford
867 3793 40 19 on
919 3782 98 31 Court
1024 3780 97 40 Days.

583 3857 167 25 Instructions
759 3857 33 32 by
803 3858 56 30 post
871 3856 52 25 will
933 3855 94 25 receive
1038 3862 83 24 prom-

748 3898 28 28 pt
805 3895 134 24 attention.

704 3943 108 21 HONEY
841 3942 37 21 TO
906 3940 90 21 LEND.

632 4053 44 55 S.
710 4055 49 44 B.
784 4051 308 53 SEYMOUR,

781 4119 139 27 DENTIST,
931 4137 4 5 .

622 4163 41 20 215
678 4162 106 21 Colombo
799 4161 82 25 Street,
904 4159 170 23 Christdvareh.

751 4235 179 22 CHARGES:—

648 4276 94 26 Filling,
758 4276 23 20 5&
789 4283 8 16 ;
832 4276 134 20 Extraction
975 4276 26 19 2s
1015 4274 37 20 6d.

605 4340 96 23 Nitrous
711 4339 59 22 Oxid
780 4339 46 21 Gas
835 4339 170 22 Administered
1009 4338 38 22 for
1053 4337 67 22 Pain-

577 4384 47 22 less
634 4382 134 22 Extraction
778 4381 25 22 of
811 4382 81 21 Teeth.
926 4382 46 21 Fee
980 4382 38 21 for
1026 4380 94 22 Admin-

577 4422 110 22 istration
699 4421 31 22 ss.

8 114 49 712 I
171 164 249 49 NOTICE.

57 266 59 43 ob
133 264 257 55 Printing!

191 332 99 45 Job
313 329 245 54 Printing

60 396 172 32 OXFORD
289 391 229 34 OBSERVER

100 446 160 37 Machine
291 444 180 48 Printing-

196 493 168 41 WORKS

86 557 89 24 MAIN
188 556 143 28 STEEET,
342 553 150 26 OXFORD.

87 633 128 49 -J7ILNE
267 628 219 54 TpRINTING

63 706 37 29 In
116 706 73 37 Any
218 704 127 38 Variety
359 713 37 19 or
420 700 96 38 Style.

57 798 34 24 IE
122 796 114 26 CHEAP
264 794 122 25 MONEY
406 790 151 29 SCHEME.

56 887 121 24 Whether
189 894 88 21 money
289 885 22 24 is
323 887 26 21 to
366 884 31 24 be
414 882 144 25 considered

35 937 11 16 s
58 929 96 31 having
165 936 31 15 an
208 927 111 24 intrinsic
342 927 82 26 value,
436 932 28 18 or
476 932 28 17 as
514 924 42 24 be-

32 981 33 23 ng
74 981 15 15 a
101 971 156 30 commodity,
266 978 15 16 a
289 969 124 28 standard,
422 976 16 17 a
446 975 110 16 measure

33 1023 18 15 >r
69 1023 14 15 a
95 1014 116 31 pledge—
213 1021 28 16 as
254 1013 21 24 is
286 1012 124 30 variously
425 1009 132 32 suggested

34 1066 23 22 )y
69 1057 122 24 writers—
194 1056 49 24 and
254 1055 110 25 whether
375 1054 42 24 the
438 1055 53 23 true
502 1052 54 25 idea

34 1100 17 25 )f
61 1107 87 24 money
150 1114 30 3 —
183 1106 27 18 as
222 1098 60 25 such
284 1113 30 3 —
316 1098 31 24 be
358 1098 45 24 not
422 1096 136 32 altogether

33 1143 48 24 ihat
93 1143 25 23 of
130 1150 14 16 a
156 1143 73 23 ticket
239 1150 27 16 or
274 1142 119 23 counter?

60 1185 120 25 Whether
191 1185 20 24 it
219 1184 60 25 doth
291 1185 44 23 not
346 1183 64 25 have
421 1181 77 26 much
512 1182 44 23 im-

33 1231 46 21 port
94 1230 25 22 to
142 1229 62 23 have
227 1235 14 16 a
269 1227 68 31 right
365 1225 146 31 conception
533 1224 25 24 of

32 1280 81 23 nonoy
122 1273 10 23 ?
145 1271 50 24 and
204 1271 111 23 whether
326 1270 32 24 its
370 1271 55 23 true
445 1268 49 24 and
503 1268 54 31 just

35 1316 43 23 dea
91 1315 29 24 be
131 1317 45 22 not
194 1314 55 25 that
261 1313 26 25 of
297 1322 14 16 a
331 1313 75 25 ticket
418 1320 27 16 or
457 1313 101 23 counter

32 1358 108 30 mtitling
149 1359 24 21 to
185 1364 88 23 power,
293 1356 49 23 and
354 1354 71 24 fitted
438 1356 24 22 to
474 1353 83 25 record

32 1402 40 23 md
86 1399 105 25 transfer
203 1400 90 30 power?

58 1443 118 25 Whether
193 1449 79 24 power
283 1442 25 24 to
320 1439 133 26 command
465 1439 42 25 the
518 1439 38 24 in-

29 1487 81 30 austry
123 1486 25 24 of
160 1486 82 23 others
265 1485 30 23 be
314 1485 45 23 not
371 1483 51 24 real
445 1482 90 25 wealth
545 1484 11 22 ?

34 1530 41 23 md
86 1529 111 23 whether
211 1536 87 22 money
321 1527 31 24 be
371 1527 45 23 not
438 1526 27 23 in
487 1525 70 24 truth

29 1572 83 25 tickets
125 1580 27 17 or
162 1572 84 25 tokens
267 1571 37 25 for
315 1569 135 33 conveying
460 1569 48 24 and
519 1576 37 17 re-

29 1616 98 30 cording
140 1615 58 24 such
210 1622 81 23 power
300 1615 11 22 ?
335 1615 49 22 and
404 1612 112 25 whether
537 1612 21 25 it

27 1658 28 22 be
68 1658 25 22 of
103 1658 69 29 great
184 1663 167 23 consequence
357 1656 68 24 what
432 1654 125 26 materials

27 1699 40 25 the
81 1700 87 24 tickets
180 1707 39 17 are
231 1698 72 26 made
316 1698 43 25 of?

8 1749 18 208 I
191 1743 77 28 trade,
282 1743 79 24 either
371 1742 96 31 foreign
478 1750 27 17 or
516 1742 42 23 de-

26 1793 92 23 mesne,
130 1787 29 24 be
170 1787 27 23 in
210 1787 67 24 truth
290 1794 47 21 any
349 1793 68 16 more
435 1785 63 24 than
509 1785 49 24 this

26 1833 132 16 commerce
170 1826 26 23 of
203 1826 132 30 industry?

60 1868 120 24 Whether
190 1870 25 22 to
232 1868 119 30 promote,
376 1866 110 30 transfer,
510 1866 48 23 and

26 1919 84 17 secure
119 1911 50 23 this
180 1918 136 17 commerce
328 1910 48 24 and
384 1909 50 25 this
443 1910 115 31 property

25 1955 26 23 in
67 1955 95 23 human
174 1954 93 28 labour,
281 1961 35 20 or,
328 1953 26 23 in
375 1952 71 24 other
469 1952 88 32 words,

25 1998 50 24 this
88 2006 79 22 power
179 1998 29 23 ha
220 1999 44 22 not
276 1997 42 24 the
326 1997 51 24 sole
389 2004 86 17 means
483 1997 26 24 of
515 2004 42 16 en-

23 2041 98 31 riching
133 2049 14 15 a
159 2039 84 32 people
263 2040 47 24 and
323 2039 56 25 how
390 2039 38 25 far
439 2039 49 25 this
499 2047 59 23 may

23 2084 30 23 be
66 2084 60 23 clone
138 2084 191 31 independently
342 2083 25 24 of
377 2082 57 32 gold
454 2083 49 23 and
516 2082 40 24 sil-

23 2135 40 15 ver
74 2129 11 21 ?

58 2169 120 24 Whether
191 2176 14 16 a
217 2169 111 23 national
348 2176 119 23 currency
478 2168 80 24 'would

25 2214 44 22 not
82 2212 29 23 be
126 2220 68 15 more
216 2211 130 24 beneficial
368 2211 63 24 than
454 2218 62 16 even
545 2218 13 16 a

25 2255 45 27 poL
74 2256 5 21 1
86 2255 83 25 -urine,
183 2254 49 24 and
244 2253 174 26 whetheivthat
427 2253 80 24 be.not
516 2253 42 24 the

24 2298 55 21 true
91 2294 178 30 philosopher's
286 2297 70 21 stone
378 2294 26 23 in
434 2302 15 16 a
474 2294 69 24 State
552 2303 6 20 ;

23 2338 49 23 and
95 2337 109 24 whether
232 2345 91 23 money
351 2337 83 24 would
457 2345 56 16 ever
530 2338 28 23 be

8 2366 125 106 (wanting
145 2383 25 21 to
182 2381 41 24 the
236 2381 117 23 demands
366 2380 27 25 of
411 2380 115 32 Industry
538 2381 20 23 if

22 2433 35 16 we
70 2425 62 24 have
145 2433 14 15 a
171 2425 112 23 national
297 2423 64 25 bunk
373 2425 11 22 ?

318 2467 96 24 Bishop
430 2467 126 23 Bebkley.

77 2582 107 24 CHILD
197 2582 107 24 BIRTH
318 2581 94 30 SAFE,
426 2581 74 25 AMD

128 2625 137 24 ALMOST
274 2624 171 25 PAINLESS

8 2667 102 112 I~OY
157 2668 74 28 K^ng
267 2667 47 23 DR
359 2666 197 25 FAWCETT'S

18 2692 65 39 JI^J)
121 2700 130 23 Medicine.

53 2743 70 24 MRS
147 2742 164 25 BUItRELL
334 2742 59 31 begs
416 2743 26 24 to
464 2742 90 24 inform

18 2781 43 23 the
74 2781 90 23 Ladies
177 2781 55 23 that
242 2781 44 23 she
295 2781 46 23 has
351 2780 61 24 been
422 2780 130 30 appointed

17 2820 56 24 Solo
95 2822 72 29 agent
190 2820 27 23 in
242 2819 176 25 Christehurch
446 2818 37 26 for
510 2818 44 26 the

16 2859 77 24 above
105 2858 124 24 Medicine
242 2860 25 22 to
283 2858 116 24 facilitate
413 2857 139 25 Accouche-

15 2902 87 21 mentjj.
138 2898 90 24 Ladies
240 2907 46 16 can
309 2898 30 24 be
361 2898 113 31 supplied
493 2898 60 24 with

14 2938 41 23 tl;.'
80 2938 74 22 above
178 2936 31 31 by
235 2936 105 31 sending
362 2945 28 15 or
413 2936 91 31 calling
527 2938 26 22 at

15 2976 40 24 Mr
79 2976 120 24 BurroH's
223 2976 181 31 Photographic
427 2976 70 31 place
528 2976 28 24 of

13 3017 124 24 business.
150 3016 106 25 Gould's
279 3016 140 32 BuildingSj
441 3016 111 25 Victoria

16 3055 88 28 Street,
119 3055 181 28 Christehurch,
320 3054 82 24 where
422 3055 34 24 all
475 3055 76 23 infor-

13 3095 97 23 mation
140 3103 44 14 can
213 3094 30 24 he
272 3093 117 25 obtained
416 3094 57 27 free,
504 3095 49 23 and

13 3133 117 31 perfectly
175 3132 156 31 satisfactory
362 3132 50 24 and
446 3132 106 31 genuine

14 3171 167 25 te.-rtiinoiiials
194 3178 46 17 can
252 3170 30 25 be
293 3178 66 17 seen.

16 3298 174 30 OXFORD
235 3299 188 31 LIBRARY
464 3300 88 31 AND

110 3350 196 30 READING-
327 3351 130 31 ROOM.

18 3451 52 24 The
100 3451 92 25 Oxford
220 3452 103 32 Library
351 3453 22 24 is
400 3462 62 22 open
485 3464 69 22 every

19 3493 111 31 Tuesday
144 3495 48 23 and
215 3495 120 31 Saturday
364 3497 96 30 nights,
489 3498 64 24 from

20 3538 12 21 G
48 3540 30 19 :>')
91 3545 67 22 p.m.,
181 3539 25 22 to
227 3540 14 21 8
253 3545 70 23 p.m.,
348 3540 50 23 and
428 3547 32 17 on
485 3549 69 24 every

19 3581 119 22 Alternate
151 3580 130 30 Thursday
306 3581 138 29 afternoon,
476 3584 78 30 (Sale-

18 3621 70 32 days)
112 3622 64 24 from
189 3624 59 23 230
260 3631 64 23 p.m..
342 3625 25 23 to
380 3626 14 23 5
406 3632 58 24 p.m.
504 3626 51 25 The

19 3665 111 32 Reading
144 3666 77 24 Room
234 3667 19 24 is
266 3675 64 23 open
352 3670 26 22 to
401 3669 44 24 the
471 3669 84 31 public

18 3709 58 30 five)
83 3709 64 30 daily
160 3709 64 24 from
232 3712 28 21 11
274 3718 70 20 a.m.,
368 3717 24 18 to
418 3712 135 29 Sundown,

18 3751 127 32 (Sundays
175 3753 125 32 excepted)
335 3753 49 24 and
425 3754 70 24 when
512 3755 43 25 the

17 3794 104 31 Library
157 3795 21 25 is
215 3804 71 23 open,
321 3797 42 25 the
400 3798 154 33 circulating,

20 3838 104 31 Library
136 3839 110 25 contains
259 3841 74 27 1,700
344 3841 118 30 volumes,
490 3851 64 16 com-

19 3881 95 30 prising
124 3889 40 16 :—
166 3882 110 31 History,
297 3883 107 29 Science,
439 3885 115 31 Theoogy

18 3923 148 32 Biography,
208 3925 83 24 Travel
325 3926 50 24 and
403 3927 150 34 Adventure,

17 3966 82 25 Books
111 3968 38 24 for
161 3969 40 24 the
222 3968 92 33 Young
326 3970 40 24 &c.
403 3970 57 26 This
483 3972 22 24 is
529 3980 25 16 a-

17 4013 100 28 mongst
140 4011 43 25 the
195 4012 91 31 largest
309 4013 50 24 and
370 4013 55 26 best
450 4015 101 24 selected

18 4053 104 32 Library
134 4055 26 23 in
189 4055 61 25 New
264 4057 116 24 Zealand,
416 4058 22 23 A
448 4059 106 24 number

17 4095 88 24 cfnew
127 4097 76 24 books
225 4099 49 24 will
296 4100 95 32 shortly
411 4101 30 24 be
464 4102 87 24 added.

17 4139 52 23 The
82 4139 149 26 Committee
255 4141 47 24 will
315 4143 28 23 be
355 4143 55 30 glad
422 4147 26 21 to
460 4144 92 25 receive

18 4181 178 25 contributions
221 4184 27 24 of
274 4184 104 26 suitable
403 4186 76 26 books
502 4187 50 25 and

15 4226 143 30 periodicals
181 4226 37 25 for
229 4227 42 24 the
282 4227 105 34 Library
408 4231 49 24 and
469 4231 80 25 Bead-

15 4269 45 30 ing
88 4276 76 16 room.

207 4309 24 21 L.
248 4309 124 33 KEEVES,

296 4349 67 25 Hon.
375 4349 140 28 Librarian.

69 4390 175 25 Subscription
256 4392 37 32 2/-
305 4401 49 16 pek
373 4394 126 30 Quabtek.
