2510 3999
43 31 163 1 New
260 31 380 1 Zealand
694 31 380 1 Gazette
1128 31 163 1 and
1345 31 543 1 Wellington
1942 31 488 1 Spectator

570 482 220 38 PUBLISHED
833 480 130 37 EVERY
1007 478 257 38 WEDNESDAY
1307 476 87 37 AND
1439 474 229 39 SATURDAY
1712 473 205 37 MORNJNC.

627 597 128 31 PORT
779 596 279 37 NICHOLSON,
1080 592 258 35 SATURDAY
1360 593 238 36 MORNING,
1621 592 105 31 MAY
1750 594 52 34 28,
1827 594 84 27 1842.

2231 589 99 41 [Vol.
2351 589 67 32 111.

64 607 61 32 No.
139 604 86 39 -145.]

852 687 77 20 Land
951 687 68 21 Sale.

651 721 90 48 MR.
752 721 81 21 JOHN
847 720 95 22 WADE
957 721 17 21 is
984 720 122 21 instructed
1116 722 22 18 to
1148 718 40 22 sell
1197 718 30 26 by

739 747 73 27 public
826 748 95 25 auction,
941 750 23 19 at
975 747 36 22 his
1027 747 81 26 Stores,
1124 746 31 21 Te
1171 745 54 25 Aro,

649 781 27 14 on
685 774 145 27 Wednesday,
842 774 36 21 the
894 776 34 19 Ist
938 774 66 27 June,
1016 775 58 25 1812,
1086 776 23 18 at
1120 774 7 20 1
1142 771 86 22 o'clock

649 801 114 27 precisely,
776 801 46 21 that
830 801 83 21 section
924 801 26 21 of
955 801 53 21 land
1020 801 21 20 in
1056 800 38 21 the
1112 799 83 21 district
1205 798 26 21 of

648 828 102 26 Tukapu,
769 827 112 22 described
897 828 22 21 in
936 827 37 22 the
988 828 51 25 plan
1054 827 88 21 thereof
1153 825 25 21 of
1191 825 36 21 the

649 856 108 25 Surveyor
775 854 92 21 General
884 854 26 21 of
922 854 38 21 the
977 854 55 21 New
1047 852 98 22 Zealand
1162 852 66 21 Com-

715 888 59 20 pany
785 889 22 13 as
816 881 42 21 No.
869 882 26 20 10
905 880 95 27 therein,
1014 879 89 22 divided
1112 879 45 21 into

690 915 74 21 LOTS
780 915 38 21 OF
831 914 73 22 FIVE
920 914 44 21 OR
977 913 88 22 MORE
1080 912 106 21 ACRES.

649 941 46 23 The
708 941 83 21 section
800 941 18 21 is
832 941 95 21 situated
942 941 69 20 about
1025 943 40 17 two
1079 939 62 21 miles
1152 941 40 18 out
1206 938 26 21 of

650 968 37 21 the
698 968 93 20 Porirua
800 967 68 26 Road,
880 966 44 22 and
934 973 58 19 upon
1004 966 36 21 the
1049 965 45 21 line
1105 964 72 22 which
1183 965 45 21 will

792 994 26 21 be
832 994 36 21 the
879 992 107 28 principal
998 992 53 21 road
1061 999 24 14 or

659 1034 2 5 ■
684 1025 155 22 HIGHWAY
854 1025 77 21 INTO
947 1024 64 22 THE
1026 1015 177 35 INTERIOR;*

915 1051 17 21 it
941 1051 19 21 is

809 1084 86 23 WELL
911 1085 161 26 WATERED,
1090 1084 19 19 '-'■

649 1112 68 26 being
734 1112 130 21 intersected
882 1112 30 26 by
929 1119 14 14 a
962 1112 59 26 large
1040 1115 86 22 stream,
1147 1111 45 22 and
1211 1111 18 21 is

735 1146 64 21 NOT
813 1145 144 22 HEAVILY
971 1145 170 23 TIMBERED.

705 1172 31 22 Its
756 1172 84 28 localily
858 1173 18 21 is
894 1173 125 26 admirably
1033 1172 94 27 adapted
1142 1173 34 21 for

760 1206 59 22 ONE
835 1206 38 21 OF
887 1206 66 22 THE
964 1206 156 21 VILLAGES

651 1232 72 22 which
738 1237 58 17 must
810 1233 26 22 be
851 1232 85 27 shortly
946 1233 85 21 formed
1044 1232 23 21 in
1080 1232 43 21 this
1140 1232 89 25 district,

650 1260 69 26 being
729 1267 12 14 a
752 1264 55 17 most
816 1259 134 22 convenient
959 1260 97 21 distance
1066 1260 34 20 for
1110 1259 35 21 the
1156 1259 44 21 end
1208 1259 25 21 of

693 1295 13 13 a
717 1287 46 21 first
772 1286 41 21 and
822 1294 51 18 easy
884 1291 62 22 stage
957 1289 38 18 out
1008 1286 25 21 of
1044 1285 144 27 Wellington.

679 1320 46 22 The
733 1323 83 24 present
823 1320 64 22 offers
897 1328 29 13 an
938 1319 109 23 excellent
1057 1319 140 28 opportunity
1209 1322 21 18 to

651 1347 81 26 parties
749 1347 112 26 intending
879 1350 21 18 to
917 1347 63 26 farm,
1000 1346 44 22 and
1059 1350 22 17 to
1092 1346 72 21 others
1174 1346 34 21 for
1218 1354 13 12 a

652 1381 54 19 very
716 1374 109 27 profitable
835 1373 139 21 investment,
983 1374 27 20 of
1016 1373 87 27 capital.

679 1401 36 20 No
726 1400 137 22 disturbance
874 1400 57 21 from
943 1400 35 21 the
989 1400 84 20 natives
1089 1399 57 22 need
1155 1399 28 21 be
1193 1406 38 21 op-

651 1434 54 19 pren
709 1427 76 25 ended,
797 1434 20 14 as
826 1427 37 21 the
879 1427 127 21 auctioneer
1021 1427 17 20 is
1048 1430 39 17 not
1103 1433 70 14 aware
1185 1426 47 21 that

652 1454 37 20 the
705 1454 92 26 validity
811 1453 24 22 of
848 1453 36 21 the
899 1453 46 22 sale
959 1453 27 21 of
999 1453 40 21 this
1056 1453 84 21 district
1157 1456 22 17 to
1193 1452 38 21 thf-

653 1481 55 21 New
725 1480 93 22 Zealand
834 1481 115 26 Company
966 1479 40 22 has
1021 1488 50 13 ever
1089 1481 54 20 been
1159 1479 73 21 called

652 1508 23 20 in
686 1507 106 27 question.

910 1541 63 18 ALSO,

652 1567 72 22 Three
734 1568 67 21 Town
810 1568 100 21 Sections
928 1569 22 19 at
960 1566 132 27 Wanganui,
1108 1566 122 26 unchosen,

727 1594 54 22 Nos.
792 1601 26 14 on
828 1594 103 27 Register
941 1595 45 25 130,
999 1596 43 24 131,
1054 1594 45 21 and
1109 1595 46 20 132.

680 1628 78 21 Terms
759 1639 26 4 —
786 1627 43 22 Not
837 1627 123 27 exceeding
970 1627 74 26 £10,3
1054 1627 96 27 months;
1164 1627 68 21 above

654 1655 47 21 £\0
712 1655 44 21 and
765 1658 37 18 not
815 1654 123 27 exceeding
952 1654 54 25 £20,
1018 1656 11 20 3
1042 1654 45 22 and
1102 1656 13 20 6
1131 1654 101 26 months;

654 1683 68 19 above
733 1682 52 25 dC2O,
796 1683 17 23 3,
825 1683 19 24 6,
856 1681 43 21 and
912 1683 12 19 9
936 1681 94 21 months.

822 1726 59 20 Sale
896 1726 164 25 Postponed.
1082 1740 7 3 -

658 1759 98 50 SALE
778 1759 36 21 OF
829 1759 117 22 CHOICE
967 1758 101 22 DAIRY
1090 1758 90 26 COWS,
1196 1765 39 18 per

720 1787 92 24 Nimrod,
825 1785 123 23 advertised
957 1785 24 22 in
993 1785 35 21 the
1047 1786 85 20 Gazette
1143 1785 24 21 of
1180 1785 55 26 May

654 1815 33 24 25,
700 1815 58 24 1542,
769 1814 17 21 is
799 1813 121 27 postponed
937 1812 31 22 till
986 1812 146 27 Wednesda}',
1149 1811 37 21 the
1204 1813 32 19 lbt

655 1840 65 21 June.

683 1874 44 22 Mr.
749 1874 60 22 Joint
831 1873 74 22 Wade
924 1874 17 21 is
962 1872 118 23 instiucfed
1098 1876 22 18 to
1142 1872 41 22 sell
1206 1872 30 27 by

844 1900 85 28 'public
939 1900 93 26 auction,

642 1924 2 32 I
655 1933 192 23 TWENTY-SIX
868 1953 3 5 ,
877 1933 139 26 HEIFERS,
1042 1940 58 14 each
1129 1932 106 22 THREE

854 1960 87 22 YEAR
962 1960 70 25 OLD,

656 1988 56 21 from
729 1987 36 21 the
779 1987 31 21 far
825 1987 75 21 famed
919 1987 55 21 herd
992 1988 24 20 of
1032 1986 21 22 J.
1066 1986 32 22 M.
1115 1985 118 25 Chisholm,

656 2014 51 27 Esq.
715 2022 5 18 ;
743 2012 139 29 twent)'-four
901 2013 32 22 of
943 2013 59 22 them
1020 2013 122 21 warranted
1161 2012 75 21 within

656 2044 43 18 two
708 2041 85 21 months
804 2041 25 21 of
836 2041 95 27 calying,
942 2040 95 25 and'pne
1051 2040 47 21 that
1109 2039 39 21 has
1158 2039 77 21 calved

656 2067 64 21 while
739 2068 98 24 entering
856 2067 36 19 the
913 2067 67 20 heads
999 2068 20 19 of
1034 2066 52 21 Port
1105 2065 128 21 Nich»)so~n.

656 2093 71 21 These
738 2093 75 21 heifers
824 2100 36 14 are
870 2092 24 22 of
909 2092 49 23 the,
960 2095 58 19 most
1026 2092 80 27 ,choice
1117 2091 61 22 kind,
1190 2092 43 20 and

656 2119 57 22 have
733 2119 53 21 been
804 2116 93 25 allowed
917 2125 21 15 to
952 2120 67 20 atttiin
1041 2119 105 26 maturity
1160 2118 74 22 before

656 2147 68 26 going
739 2150 20 17 to
772 2146 43 21 bull
825 2154 5 19 ;
851 2146 43 22 and
914 2146 53 26 they
985 2153 41 14 can
1045 2145 28 21 bo
1201 2152 34 14 re-

657 2173 148 26 commended,
833 2180 23 14 as
881 2173 52 27 they
948 2180 57 14 were
1028 2172 92 26 shipped
1144 2171 29 28 by
1199 2172 35 21 the

658 2206 81 15 owners
748 2200 24 21 of
778 2199 34 22 the
820 2199 50 28 brig
880 2200 96 25 Nimrod,
988 2199 54 21 from
1054 2199 35 21 the
1103 2199 49 21 best
1167 2199 68 20 breed

852 2228 22 20 in
886 2227 53 21 Port
949 2226 86 28 Phillip.

835 2261 89 14 AFTER
952 2260 99 19 WIIICH,

656 2287 77 22 About
748 2289 25 20 30
787 2290 47 19 tons
849 2286 108 23 Chatham
975 2286 86 22 Islands
1076 2287 105 25 potatoes,
1196 2293 39 20 per

655 2315 150 23 Perseverance,
826 2315 23 20 in
875 2314 110 21 excellent
1006 2313 119 22 condition.
1163 2313 72 22 These

655 2345 100 24 potatoes
771 2348 34 15 are
823 2341 99 26 strongly
931 2340 169 21 recommended
1112 2344 22 17 to
1146 2345 89 21 potatoc

656 2376 99 19 growers,
767 2368 39 21 and
824 2368 17 20 it
854 2368 19 21 is
887 2367 73 27 hoped
972 2367 46 21 that
1028 2368 79 26 paities
1123 2367 112 27 requiring

656 2395 52 22 seed
720 2395 42 22 will
772 2394 53 23 avail
837 2394 132 23 themselves
979 2394 25 21 of
1009 2394 38 21 the
1059 2398 89 22 present
1158 2400 77 20 oppor-

658 2422 76 27 tunity.

685 2450 99 21 Terms—
785 2448 77 23 Under
880 2449 54 25 £20,
955 2448 64 27 cash;
1042 2448 70 21 above
1131 2447 49 24 £20
1194 2446 42 22 and

658 2476 69 21 under
742 2477 49 25 £40,
804 2478 10 19 1
830 2476 78 21 month
918 2483 4 19 ;
938 2472 64 25 from'
1011 2475 47 23 £40
1069 2479 20 16 to
1105 2474 54 26 £60,
1172 2475 9 20 1
1193 2473 43 22 and

657 2505 14 20 2
689 2504 96 26 months;
808 2502 69 22 above
898 2503 53 25 £60,
970 2504 18 24 1,
1003 2504 20 23 2,
1044 2501 45 22 and
1106 2503 13 20 3
1140 2500 97 21 month's

658 2530 75 26 credit,
746 2537 26 14 on
779 2529 112 28 approved
901 2528 107 22 endorsed
1018 2531 150 24 acceptances.

686 2564 55 27 May
750 2565 29 25 27,
792 2565 59 21 1842.
973 2588 3 8 t
1146 2571 3 4 •

649 2624 5 10 (
771 2608 160 26 Adjourned
946 2606 94 25 Public
1056 2607 67 20 Sale.

660 2643 154 48 MESSRS.
830 2641 149 23 BETHUNE
1002 2641 19 21 &
1042 2639 131 23 HUNTER
1193 2639 44 22 will

740 2669 36 22 sell
786 2670 28 26 by
824 2669 75 27 public
911 2669 94 25 auction,
1017 2671 23 17 at
1051 2667 184 26 Lambton-quay,

659 2704 27 14 on
703 2697 97 26 Tuesday
811 2699 61 23 next,
890 2695 36 21 the
946 2696 13 20 3
964 2697 28 19 1st
1008 2695 61 26 May,
1080 2697 24 18 at
1116 2695 24 19 12
1153 2693 85 21 o'clock

657 2723 112 28 precisely,
775 2724 111 25 positively
902 2723 87 19 without
1005 2728 86 17 reserve,
1102 2728 13 14 a
1132 2720 61 27 large
1206 2727 31 14 as-

658 2754 106 18 sortment
771 2751 22 21 of
797 2757 175 18 ironmongery,
979 2747 258 28 inchuiingcarpenter's,

659 2778 97 27 cooper's
771 2777 91 26 smith's,
873 2776 46 22 and
927 2777 63 21 other
1004 2776 66 26 tools;
1087 2773 44 23 and
1146 2774 93 26 agricul-

658 2805 59 21 tural
725 2804 138 27 implements
874 2805 40 20 &c.

685 2834 13 19 2
708 2831 75 27 lathes,
794 2831 55 21 with
857 2830 56 22 tools
924 2829 116 28 complete,

685 2860 14 20 2
709 2857 116 23 Yorkshire
835 2857 89 22 kitchen
936 2864 85 20 ranges,

685 2886 14 20 2
709 2885 57 26 large
776 2885 97 27 superior
882 2887 78 24 patent
969 2890 51 15 corn
1030 2883 65 26 mills,

686 2914 71 19 3tons
762 2911 63 27 flour,
835 2913 15 19 4
860 2911 63 21 casks
934 2910 47 27 fish,
992 2912 13 20 6
1015 2910 64 21 casks
1087 2909 61 28 pork,

686 2939 66 25 Rum,
762 2937 91 28 brandy,
865 2937 45 21 and
921 2937 92 21 Geneva
1021 2937 23 21 in
1056 2937 57 21 cask.
1148 2941 6 5 '

686 2965 75 22 Wines
769 2965 23 21 in
804 2964 61 22 wood
875 2963 45 23 and
930 2964 74 25 bottle,
1016 2970 49 15 case
1075 2963 47 27 gin,

686 2994 13 19 6
710 2992 59 21 casks
778 2991 84 22 bottled
870 2989 43 28 'ale,
924 2993 14 19 6
946 2990 109 28 packages
1065 2989 81 26 starch,

687 3019 105 28 Clothing,
811 3019 71 25 shoes,
897 3017 61 28 jean,
975 3017 67 28 drills,
1058 3017 70 26 cords,
1140 3017 98 25 fustians,

658 3046 94 28 hosiery,
773 3045 49 23 sofa
851 3045 47 21 and
926 3044 60 22 chair
1011 3044 110 26 webbing,
1146 3043 94 21 window

660 3074 100 26 curtains,
952 3086 3 6 >
1102 3079 4 7 '

687 3102 9 19 1
710 3100 46 21 bale
764 3099 109 26 blankets,
884 3097 59 29 glass
953 3097 43 23 and
1006 3097 156 26 earthenware,

655 3121 10 13 *
687 3127 100 21 Bronzed
796 3126 44 21 and
849 3124 120 29 lacquered
978 3125 77 26 lamps,

687 3154 68 28 Rope,
764 3153 42 27 log,
818 3153 57 26 sash,
888 3151 46 23 and
942 3151 80 28 fishing
1033 3152 61 25 lines,
1116 3167 4 3 .

685 3184 29 20 40
723 3180 84 23 bushels
817 3180 60 27 lime,
888 3181 24 20 12
923 3183 50 17 tons
981 3179 122 26 limestone,

687 3210 22 21 A
724 3208 97 28 quantity
838 3207 27 21 of
870 3207 123 26 -furniture,
1011 3205 44 22 and
1074 3205 90 21 various
1180 3204 61 22 other

661 3236 73 26 goods.

913 3267 62 19 ALSO,

688 3288 46 21 The
750 3290 68 19 cutter
832 3287 55 22 boat
901 3288 76 26 Diana,
988 3287 63 26 lying
1061 3288 23 19 at
1098 3285 36 22 the
1151 3285 88 21 Custom

662 3314 82 27 House,

689 3339 19 24 A
720 3341 56 26 large
786 3348 78 19 canre,
875 3348 49 14 rose
934 3348 59 19 upon
1006 3339 45 22 and
1067 3338 85 27 keeled,
1164 3340 14 20 2
1193 3341 47 18 tons

661 3368 98 26 burthen,

691 3396 9 19 1
708 3401 75 20 young
793 3393 112 22 Hereford
913 3393 53 27 bull,

656 3438 3 7 ,
689 3423 13 19 2
712 3422 94 26 superior
815 3428 64 14 cows.
899 3429 4 6 s

690 3454 147 26 Wellington,.
843 3454 58 26 May.
906 3454 35 25 2G,
953 3454 57 21 1842.
1119 3475 5 6 ,
1149 3462 12 6 -

665 3499 69 48 ON
749 3497 83 27 SALE,
845 3504 28 15 ex
884 3497 90 25 London,
987 3498 85 25 SAerne,
1075 3496 59 29 ',and-
1138 3498 69 25 Agnes
1213 3505 27 13 ;—

740 3525 88 26 Brandy
836 3525 23 21 in
869 3524 65 22 hhds.

692 3552 43 22 Gin
743 3551 26 22 in-
774 3554 90 25 quarter
874 3551 62 21 casks
945 3550 43 22 and
997 3550 57 22 hhds
1063 3566 7 11 ,
1086 3552 22 20 ';.

692 3579 51 21 Port
752 3581 42 19 and
804 3578 77 26 sherry
889 3577 23 22 in
925 3578 61 22 hhds.
997 3577 45 22 and
1051 3580 90 25 quarter
1151 3577 69 26 casks,

691 3606 57 27 Very
765 3605 99 28 superior
887 3605 80 26 sherry,
991 3608 56 23 port,
1069 3604 110 25 Madeira,
1199 3603 42 21 and

663 3633 134 28 champagne
807 3639 22 14 in
838 3631 75 26 botlle,

691 3660 83 27 Alsop's
785 3659 84 21 Burton
880 3658 40 27 ale,

691 3687 48 21 Coir
747 3693 51 21 rope
809 3685 45 22 and
863 3685 89 26 oakum,

691 3713 54 22 First
752 3713 63 26 flour,

691 3741 66 21 Patna
765 3740 52 26 rice,
877 3760 3 5 ,
902 3735 4 7 '
957 3760 3 9 (

691 3767 45 22 Soft
744 3767 65 21 white
819 3772 72 21 sugar,
903 3765 47 23 first
960 3765 89 28 quality,

691 3795 64 26 Slops,

690 3821 55 21 Pork
753 3821 23 21 in
786 3819 89 27 barrels,

690 3847 129 22 Tobaccoin
829 3847 84 26 tierces,
925 3845 53 28 duty
987 3845 53 26 free,

691 3875 70 22 Shoes.
884 3880 8 22 1
952 3869 5 16 f

972 3897 83 23 Waitt
1070 3897 45 22 and
1129 3897 84 21 Tyser.

689 3927 137 27 Wellington,
838 3925 56 27 May
905 3927 32 24 12,
949 3923 59 24 1842.

34 700 53 20 Por
101 698 116 25 Sydney,
240 695 53 22 and
306 694 59 20 will
379 692 84 21 touch
478 691 28 20 at
524 689 93 21 Auck-

109 724 66 21 land
190 722 55 22 and
257 723 46 19 the
317 721 57 24 Bay
388 718 31 21 of
430 717 118 23 Islands,

132 756 80 22 Should
219 754 102 26 svfficient
330 751 127 20 inducement
466 750 57 24 offer,

40 787 251 139 JrpHE
301 788 44 22 fine
357 788 42 21 fast
409 787 80 25 sailing
497 785 49 26 brig
555 785 61 21 Nim-

208 809 29 30 JL
282 816 45 24 rod,
345 814 38 22 175
401 818 57 21 tons,
480 812 31 22 H.
527 812 23 25 J,
571 811 47 22 Fox

211 846 90 22 master,
319 841 44 22 will
381 841 40 21 sail
438 840 35 21 for
491 839 36 21 the
546 839 72 21 above

144 863 48 38 JJF"'
212 874 50 22 port
270 869 24 21 in
305 877 13 13 a
325 868 40 21 few
376 867 64 27 days;
456 867 40 21 has
507 865 111 22 excellent

144 888 53 36 Hg^
212 894 190 23 accommodation
423 893 36 22 for
481 899 136 22 passengers.

211 922 45 23 For
270 921 80 27 freight
365 928 23 14 or
402 927 100 21 passage,
514 919 65 27 apply
596 922 22 17 to

35 952 37 22 the
82 950 92 30 Captain
186 957 27 15 on
223 949 76 27 board,
311 956 24 14 or
344 952 21 18 to

429 973 63 22 John
507 973 81 21 Wade.

62 1006 32 21 Te
104 1006 54 25 Aro,
171 1004 57 26 May
237 1004 33 26 24,
282 1003 59 21 1842.

160 1051 52 19 Por
228 1046 150 26 Vaparaiso
395 1044 93 21 direct.

78 1098 16 14 v
94 1079 54 33 rg4§T
207 1082 92 30 npHE
317 1081 142 28 yell-known
473 1078 47 27 brig
538 1079 78 24 Agnes,

68 1102 106 36 jSgrv^v
213 1102 30 29 JL
282 1109 24 20 C.
314 1108 60 21 Cobb
384 1110 89 22 master,
484 1105 43 21 will
536 1105 39 21 sail
585 1105 33 20 for

64 1128 132 37 J/T^^^g'
219 1136 38 20 the
274 1135 70 20 above
362 1137 50 24 port
428 1133 23 21 in
468 1129 67 24 about'
550 1138 68 14 seven

56 1154 141 32 jySftjflMir~
220 1162 65 26 days;
303 1161 38 21 she
351 1161 37 20 has
395 1159 58 28 good
465 1157 154 23 accommoda-

220 1188 47 21 tion
277 1188 33 21 for
320 1194 135 20 passengers,
465 1185 41 21 and
523 1185 18 21 is
560 1192 59 19 open

218 1218 22 18 to
257 1215 94 21 charter.
384 1213 43 22 Foi
447 1212 87 22 further
551 1211 68 28 parti-

37 1244 78 26 culars,
125 1242 67 28 apply
202 1245 22 18 to

321 1267 22 22 J.
358 1267 34 21 M.
407 1266 103 25 Taylor,

291 1309 3 4 -
310 1306 3 6 ■
409 1300 54 27 Ship
474 1298 91 23 Broker.

495 1326 31 22 Te
537 1326 54 21 Aro.

65 1359 54 27 May
129 1361 33 23 20,
174 1359 59 21 1842.

104 1405 53 20 For
171 1402 69 24 Sale,
255 1401 117 26 Freight,
390 1404 29 15 or
434 1399 119 19 Charter.

192 1434 113 31 npHAT
333 1440 48 15 new
404 1432 45 21 fine
473 1431 43 21 fast
543 1430 80 26 sailing

67 1456 6 6 '
75 1456 95 35 s^M%&m.
198 1453 30 31 J-
268 1462 81 26 clipper
357 1459 57 22 built
425 1458 108 23 schooner
549 1458 69 20 BUza-

49 1480 142 39 jM&Ms^
206 1489 60 23 l>eth;
287 1491 63 18 stows
371 1494 12 13 a
401 1493 54 19 very
472 1486 59 25 large
548 1491 73 19 cargo,

45 1509 148 36 •f*MWj3Hf~.
207 1516 45 21 and
264 1515 40 21 has
321 1514 97 27 superior
431 1510 189 23 accommodation

44 1533 149 43 SjslllggP
207 1543 35 21 for
252 1547 131 22 passengers.
413 1538 74 28 Apply
497 1542 23 17 to

132 1584 4 6 '
169 1582 123 23 Wallace,
306 1578 91 25 White,
414 1576 41 21 and
470 1575 123 21 Wallace.

107 1634 53 19 For
175 1632 69 23 Sale,
258 1629 118 27 Freight,
393 1634 30 14 or
439 1628 118 20 Charter.

199 1663 92 22 mHE
301 1663 48 21 well
358 1662 82 21 known
451 1661 108 21 schooner
562 1659 61 21 *Pcr-

74 1684 85 36 jjfcjtojgL
206 1683 31 29 JL
273 1695 111 19 severance,
397 1689 26 21 45
442 1691 56 23 tons,
515 1686 108 28 coppered

59 1711 132 38 jJllSteJgl^
213 1717 44 21 and
277 1724 78 19 copper
374 1714 108 23 fastened.
510 1714 75 26 Apply
601 1717 22 18 to

213 1744 92 27 Captain
322 1743 83 27 Bishop
421 1749 30 14 on
465 1741 76 25 board,
562 1748 24 13 or
601 1743 22 18 to

232 1778 131 24 Ridgways,
375 1777 107 24 Guyton,
494 1775 19 21 &
524 1774 71 22 Earp.

112 1797 74 15 rvß^
203 1804 65 28 3lay
278 1806 32 24 19,
321 1804 60 21 1842.

266 1850 52 19 For
329 1848 69 24 Sale,

73 1879 64 30 rSjSi
164 1880 97 23 HPI-IE
291 1882 39 18 wei
332 1878 7 22 l
368 1878 90 26 known,
484 1876 139 27 fast-sailing,

64 1904 89 27 JEg-aSik
176 1907 23 21 A
233 1909 72 19 cutter
322 1907 68 24 Royal
409 1906 99 23 William,
527 1905 28 21 43
574 1908 51 17 tons

47 1926 112 39 gfH&£^|£.
210 1934 98 26 register,
325 1932 52 22 with
393 1932 30 22 all
441 1932 39 21 her
496 1936 75 21 stores,
584 1930 40 21 &c.

179 1961 21 21 &
201 1968 11 14 c
214 1977 4 4 -
237 1961 20 21 &
258 1968 11 13 c
271 1976 5 5 >
305 1959 69 22 Stows
390 1966 21 19 a,
414 1959 62 26 large
492 1964 72 20 cargo,
581 1957 45 21 and

179 1987 77 21 makes
273 1994 29 19 up
316 1986 49 21 four
381 1986 76 21 berths
470 1986 22 20 in
505 1985 37 21 the
553 1983 72 22 cabin.

44 2013 42 21 She
101 2013 40 21 has
150 2013 177 26 provedherself
337 2020 13 13 a
361 2012 60 26 good
431 2019 37 14 sea
482 2012 59 25 boat,
553 2007 72 25 and*is

42 2039 49 21 well
104 2039 96 27 adapted
214 2040 35 21 for
263 2039 87 26 trading
366 2039 100 21 between
482 2038 43 27 the,
537 2037 89 21 various
633 2053 4 5 .

42 2065 295 20 seitlanwftifcroirfch^coast
346 2065 26 19 of
383 2065 55 19 New
447 2064 136 20 'Zealand,-'-

66 2089 44 22 For
118 2089 87 22 further
213 2090 135 27 particulars,
361 2090 68 27 apply
440 2093 22 18 to

252 2124 22 21 J.
285 2124 33 21 M.
327 2124 103 26 Taylor,
442 2123 155 28 Ship-Broker,

364 2158 32 21 Te
408 2158 55 21 Aro.

68 2204 76 34 ~lsA
180 2206 163 35 /p<APTAIN
367 2206 89 23 WEBB
474 2206 43 22 will
539 2210 41 17 not
597 2205 28 21 be

69 2228 81 30 /sotSs
180 2237 41 19 Vy
237 2233 134 22 answerable
389 2233 34 21 for
494 2233 61 21 debts
572 2239 53 14 con-

42 2271 5 8 ■
49 2278 8 8 u
57 2255 117 33 jyggjpre
191 2261 85 22 tracted
289 2261 31 26 by
329 2260 37 21 the
384 2267 56 15 crew
455 2260 25 21 of
490 2260 37 21 the
537 2260 89 20 Martha

43 2289 106 25 llidgway'.

66 2316 145 33 Wellington,
223 2321 62 28 April
301 2323 31 24 IG,
345 2322 62 20 1842.

224 2373 96 21 Public
334 2373 109 20 Uotice.

42 2407 48 47 A
106 2405 141 23 CAUTION
265 2409 23 18 to
308 2405 155 27 Storekeepers
479 2405 45 22 and
543 2405 80 22 others.

120 2433 19 26 J,
157 2432 61 22 John
235 2432 78 26 Castle,
332 2432 28 21 do
376 2432 85 28 hereby
474 2432 50 28 give
543 2432 80 26 notice,

43 2460 46 21 that
99 2460 11 21 I
121 2459 56 22 shall
188 2463 39 18 not
240 2458 30 22 be
285 2460 136 21 answerable
435 2460 32 21 for
483 2467 39 19 anj
522 2467 5 8 r
538 2458 54 22 debt
602 2465 24 14 or

42 2487 61 21 debts
114 2485 129 22 contracted
253 2486 29 27 by
291 2493 38 20 my
337 2486 50 22 wife
395 2486 73 22 Marie
479 2486 81 26 Castle,
570 2486 56 21 after

42 2513 36 22 the
89 2513 50 22 date
150 2513 24 22 of
180 2512 44 23 this
233 2513 82 22 notice.

425 2539 60 22 John
503 2540 95 21 Castle.

68 2566 85 22 Robert
164 2566 81 28 Ralph,
254 2566 16 33 \
277 2579 27 13 w
305 2580 45 19 itnp
353 2587 9 4 -
364 2587 9 12 s

68 2594 80 26 Henry
158 2594 67 27 Pope.
305 2584 68 17 ltness
376 2597 14 18 -,

67 2627 148 28 Wellington,
227 2628 55 27 May
291 2630 33 24 28,
336 2629 61 21 1842.

214 2673 92 26 Cheap,
318 2672 139 27 Clothing.
627 2677 7 16 ?

44 2706 189 24 /COMPLETE
249 2706 83 22 SUITS
347 2707 27 21 of
386 2707 76 26 neatly
475 2706 64 22 made
557 2706 71 22 Gam-

45 2738 39 16 v^
124 2734 68 21 broon
211 2733 90 26 clothes,
321 2737 22 17 at
360 2733 61 21 from
438 2734 32 23 £3
491 2737 21 17 to
532 2733 33 23 £3
585 2733 39 26 55.,

44 2759 117 28 according
170 2765 23 16 to
202 2761 52 21 size.
271 2759 2 4 '
299 2766 5 5 '

226 2787 26 22 E.
268 2787 125 26 Stafford,

286 2821 60 21 Near
357 2820 137 27 Wellington
503 2820 97 22 Tavern.

73 2847 55 27 May
137 2847 33 26 27,
182 2848 60 21 1842.

242 2892 76 20 Fruit
338 2892 91 20 Trees.

45 2926 90 50 FOR
157 2926 85 27 SALE,
262 2934 13 13 a
292 2927 93 21 number
408 2926 26 22 of
452 2927 105 22 first-rate
575 2926 55 22 fruit

118 2957 65 22 trees,
200 2954 107 26 imported
318 2954 70 21 direct
397 2954 55 21 from
468 2953 111 27 England,
592 2953 36 22 the

44 2980 100 27 superior
151 2979 55 22 fruit
214 2982 26 19 of
251 2979 70 22 which
330 2980 82 26 gained
426 2981 37 21 the
478 2982 70 26 prizes
558 2985 24 16 at
593 2980 37 22 the

45 3010 40 19 two
103 3007 43 21 last
162 3006 153 23 horticultural
333 3007 79 22 shows.
440 3007 63 27 They
522 3015 37 14 are
578 3014 51 15 now

43 3033 69 28 ready
130 3034 34 21 for
184 3033 189 27 transplantation,
394 3034 43 21 and
460 3034 107 27 comprise
591 3034 37 21 the

43 3060 49 21 Best
103 3060 45 21 arid
155 3059 69 22 latent
233 3060 64 21 kinds
312 3059 59 22 from
378 3060 38 21 the
430 3060 72 27 Royal
515 3060 115 23 Horticul-

45 3087 58 22 tural
113 3086 108 23 Gardens.
237 3093 2 4 •
251 3086 71 27 Apply
335 3089 23 18 to

172 3121 106 22 Charles
293 3120 25 21 E.
334 3120 54 22 Yon
404 3121 114 26 Alzdorf,

367 3147 73 21 Breda
449 3154 28 14 on
487 3147 37 22 the
534 3147 66 23 Hutt.

72 3175 57 27 May
138 3175 34 28 27,
183 3175 61 21 1842.
627 3196 3 8 ,

196 3220 39 20 To
249 3220 34 20 be
297 3219 50 20 Let
363 3224 29 15 or
409 3218 71 21 Sold.

47 3254 50 48 A
111 3254 108 22 SMALL
233 3250 91 25 FARM
338 3252 27 21 of
370 3252 27 21 25
407 3259 60 14 acres
477 3259 28 14 on
516 3251 37 22 the
564 3251 64 27 Hutt,

125 3281 39 21 the
171 3280 70 22 whole
251 3278 94 28 cleared,
354 3279 109 27 stumped,
469 3278 106 26 inclosed,
587 3280 44 19 and

47 3307 24 22 lit
80 3308 35 21 for
120 3307 42 25 .the
176 3307 96 28 plough;
287 3310 49 24 part
350 3306 72 21 under
434 3312 58 18 crop.
520 3304 112 28 Together

47 3334 52 22 with
118 3342 13 14 a
149 3334 130 22 substantial
297 3333 44 21 and
361 3332 144 22 comfortable
523 3332 109 21 weather-

45 3360 105 23 boarded'
157 3361 45 22 and
217 3361 71 22 slated
303 3360 76 25 house,
393 3358 121 23 three-stall
522 3358 110 24 wenther-

46 3387 97 23 boarded
152 3388 77 27 stable,
238 3388 44 21 and
291 3386 61 22 other
358 3386 167 22 conveniences.
553 3385 79 21 Terms

48 3414 84 28 liberal,
143 3415 67 27 apply
219 3420 23 16 at
250 3415 42 21 this
303 3414 78 22 Office.

74 3442 55 27 May
137 3444 35 25 24,
184 3443 60 21 1842.
266 3461 5 3 .
318 3445 2 5 '
347 3461 5 1 -
578 3461 62 10 ___.

235 3487 93 20 James
343 3485 99 27 Spiers,

48 3520 190 23 PROSPECT
260 3509 211 33 BOARDING
495 3517 136 27 HOUSE,

128 3555 129 14 GUILDFORD
262 3555 119 18 ./TERRACE,
394 3553 52 15 HILL
461 3552 92 20 STREET,

101 3581 27 19 In
202 3586 48 14 rear
267 3580 27 25 of
303 3581 47 19 -Dr.
369 3579 88 21 JSvans's
470 3577 111 21 residence.

230 3614 73 14 TERMS
317 3613 130 15 MODERATE.

219 3658 128 22 WATERS
355 3658 56 27 begs
421 3661 21 18 to
452 3657 80 22 inform
545 3656 36 22 the
593 3655 39 22 In-

50 3683 52 25 VJT
113 3686 113 22 habitants
243 3685 25 21 of
278 3685 56 21 'Port
349 3684 128 27 Nicholson,
488 3683 50 22 that
552 3683 27 21 he
592 3682 40 21 has

45 3712 46 26 just
106 3711 144 23 commenced
260 3711 98 21 business
374 3718 24 14 as
414 3718 79 19 house,
510 3716 61 19 sign,
586 3709 46 21 and

48 3746 155 16 ORNAMENTAL
214 3745 106 19 PAINTER,
331 3738 45 23 and
387 3745 105 15 GLAZIER.
520 3737 40 22 All
566 3735 66 23 kinds

47 3766 25 20 of
87 3767 75 21 woods
179 3765 44 22 and
237 3764 95 22 marbles
347 3764 107 27 imitated,
472 3765 39 21 &c.
519 3772 5 19 ;
544 3763 44 21 and
603 3762 29 22 he

47 3792 54 22 feels
118 3792 113 23 confident
296 3791 38 21 the
350 3791 71 27 prices
431 3791 45 21 and
492 3790 140 27 punctuality

47 3819 52 21 with
115 3819 71 22 which
202 3815 100 26 business
418 3817 106 22 attended
541 3819 30 24 to,
587 3816 45 22 will

48 3852 77 16 ensure
134 3847 49 21 him
191 3853 14 15 a
214 3845 82 22 second
305 3845 49 21 trial
363 3844 31 27 by
404 3844 27 21 all
438 3844 49 22 who
497 3845 79 20 favour
584 3843 48 21 him

45 3872 52 22 with
106 3874 38 22 the
155 3874 56 21 first.

73 3906 60 23 Near
144 3907 44 22 Mr.
205 3905 145 28 Catchpool's,
365 3904 163 27 Dixon-street,
539 3904 32 22 Te
585 3904 47 22 Aro

48 3930 55 28 Fiat.
150 3957 33 7 ...
264 3949 4 3 -
551 3946 4 3 •

1311 682 58 21 Sale
1386 682 30 20 of
1428 682 99 20 Leases
1543 681 30 20 of
1585 680 87 20 Town
1686 679 99 20 Lands.

1261 715 157 49 MESSRS.
1434 714 93 27 HORT,
1543 712 157 26 MOCATTA,
1712 712 68 21 AND
1794 712 44 21 CO.

1347 742 57 20 have
1420 741 101 21 received
1537 740 141 22 instructions
1691 742 21 17 to
1727 742 41 24 put
1778 746 30 19 up
1817 741 22 18 to

1259 769 73 27 public
1342 768 95 25 auction,
1449 767 37 22 the
1500 766 113 26 following
1627 765 101 22 valuable
1738 765 70 22 leases
1818 764 24 21 of

1258 796 66 20 Town
1340 794 83 26 Lands,
1433 794 23 21 in
1472 794 125 22 allotments
1614 795 21 18 to
1647 792 42 21 suit
1702 791 136 28 purchasers.

1258 821 45 23 The
1313 821 45 21 sale
1369 821 44 21 will
1428 821 51 21 take
1494 820 63 28 place
1572 823 23 17 at
1609 818 37 21 the
1665 818 126 26 Exchange,
1808 818 31 21 Te

1262 849 48 25 An,-,
1336 854 28 14 on
1384 848 104 26 Vondny,
1502 847 38 21 the
1555 846 54 22 30th
1627 845 41 26 day
1680 845 24 20 of
1712 844 61 27 May,
1781 846 57 20 1842.

1391 874 22 22 A
1421 873 68 22 lunch
1498 873 44 21 will
1552 874 28 20 be
1590 871 114 27 provided.

1454 907 42 21 AT
1510 906 38 22 TE
1564 905 73 26 ARO,

1258 935 51 21 Two
1324 934 156 21 Allotments
1499 940 28 14 on
1547 931 88 23 Section
1652 933 46 24 209,
1720 930 79 22 situate
1818 931 22 20 in

1259 961 114 22 Manners
1398 961 94 25 Street,
1510 959 102 26 frontage
1632 961 21 17 to
1672 956 54 22 each
1746 959 27 19 33
1789 957 50 26 feet,

1260 987 64 28 depth
1333 989 26 20 80
1369 987 51 24 feet,
1429 986 116 27 adjoining
1554 985 38 21 the
1602 983 104 28 premises
1717 983 24 21 of
1750 983 89 21 Messrs.

1249 1014 139 24 'Ridgways,
1406 1013 103 26 Guyton,
1527 1011 42 23 and
1587 1011 70 26 Earp,
1672 1009 44 23 and
1731 1010 84 27 having
1828 1018 13 12 a

1259 1041 58 26 right
1326 1040 24 21 of
1363 1047 48 20 way
1421 1043 21 17 to
1454 1039 37 21 the
1507 1038 77 22 beach.
1614 1037 71 21 These
1695 1037 45 21 will
1755 1037 28 21 be
1794 1036 47 22 sold

1260 1075 27 14 on
1303 1067 35 21 the
1355 1066 113 22 condition
1481 1066 24 21 of
1516 1065 62 22 brick
1590 1064 111 26 buildings
1716 1063 51 27 only
1779 1063 62 26 being

1260 1093 92 23 erected.
1392 1093 71 26 Term,
1482 1091 126 23 remainder
1628 1091 25 21 of
1669 1098 13 14 a
1696 1091 59 21 lease
1775 1090 24 21 of
1816 1092 26 20 14

1343 1126 71 21 years,
1426 1121 37 23 123
1474 1126 63 21 years
1547 1118 67 26 being
1625 1117 129 27 unexpired.

1261 1148 37 20 Six
1312 1147 163 21 -Allotments
1493 1153 29 14 on
1540 1145 90 22 Section
1649 1145 45 24 120,
1716 1143 125 22 Ingestre-

1261 1180 89 19 street,
1361 1176 56 18 term
1434 1174 27 20 14
1468 1180 70 19 years.
1578 1171 23 21 A
1608 1176 79 15 stream
1698 1171 26 20 of
1733 1170 109 21 excellent

1357 1202 66 18 water
1432 1206 52 14 runs
1493 1197 96 26 through
1601 1196 41 22 this
1653 1197 89 21 section.

1262 1227 72 24 EipHT
1352 1226 153 22 Allotments
1522 1232 26 14 on
1564 1223 89 22 Section
1670 1224 44 25 IG4,
1728 1223 114 21 Dickson-

1262 1251 90 24 streu't.
1389 1252 74 27 Teim,
1479 1250 125 23 remainder
1623 1250 24 20 of
1660 1257 13 13 a
1689 1250 58 21 lease
1768 1250 33 20 for
1818 1251 25 20 10

1388 1286 70 20 years,
1471 1280 25 23 8J
1508 1284 64 21 years
1581 1276 131 27 unexpired.

1360 1310 214 24 WELLINGTON
1590 1310 152 22 TERRACE.

1261 1340 75 22 Eight
1355 1340 157 21 Allotments
1533 1344 28 15 on
1582 1337 86 21 Section
1686 1337 46 22 187.
1770 1336 72 26 Term,

1403 1367 26 20 14
1438 1373 70 19 years,
1520 1365 37 25 12J
1568 1362 130 28 unexpired.

1261 1394 75 21 E;qht
1354 1393 156 21 Allotments
1529 1397 28 15 on
1579 1390 88 21 Section
1683 1390 49 21 455.
1770 1389 71 26 Term,

1494 1418 37 21 the
1541 1424 69 15 same.

1358 1446 157 21 Allotments
1534 1451 28 14 on
1580 1444 88 21 Section
1683 1444 48 20 461.
1770 1443 72 26 Term,

1500 1473 26 20 14
1533 1477 73 21 years.

1261 1499 46 22 The
1318 1503 41 18 two
1369 1498 42 22 last
1423 1498 56 21 have
1491 1505 28 14 an
1531 1496 110 23 excellent
1651 1500 80 17 stream
1743 1496 25 21 of
1778 1499 66 18 water

1408 1526 96 25 running
1519 1523 95 27 through
1628 1523 68 21 them.
1721 1540 3 7 ,

1383 1557 202 24 HAWKSTONE
1601 1557 121 21 STREET.

1263 1587 74 21 E/GiiT
1352 1587 156 21 Allotments
1529 1591 27 15 on
1578 1584 87 21 Section
1684 1583 48 26 557,
1749 1583 94 27 opposite

1325 1613 36 21 the
1372 1613 113 21 residence
1495 1613 26 20 of
1529 1611 80 26 Henry
1620 1611 29 21 St.
1663 1610 53 27 Hill,
1729 1610 51 27 Esq.

1264 1646 157 26 WALLACE,
1444 1644 138 24 WRIGHT,
1602 1651 44 14 and
1667 1643 176 22 HARGRAVE

1483 1670 139 26 STREETS,

1316 1699 87 22 Section
1418 1699 47 26 697,
1475 1698 98 26 fronting
1587 1697 204 21 Wright-street.

1317 1726 87 21 Section
1419 1728 47 23 698,
1475 1725 98 25 fronting
1585 1724 205 21 Wright-street.

1265 1754 87 21 Section
1371 1755 46 24 699,
1437 1752 52 22 with
1505 1754 111 23 frontages
1635 1754 22 17 to
1676 1750 29 21 all
1725 1750 37 21 the
1776 1750 68 21 above

1512 1782 84 17 streets.

1314 1806 88 22 Section
1413 1806 46 25 714,
1469 1806 97 24 fronting
1576 1804 219 21 Wallace-street.

1312 1834 86 21 Section
1411 1834 45 21 722,
1468 1833 98 25 fronting
1577 1831 119 20 Wallace-
1703 1837 91 14 street.

1265 1866 46 22 The
1321 1867 70 20 above
1401 1873 38 14 arc
1448 1865 34 21 for
1497 1867 13 20 7
1524 1872 71 19 years,
1607 1865 24 23 .5^
1643 1864 24 20 of
1677 1864 73 20 which
1761 1871 35 13 aro
1805 1870 41 14 un-

1266 1893 101 26 expired;
1384 1893 35 21 the
1430 1898 86 21 greater
1526 1893 49 24 part
1585 1891 54 21 have
1651 1891 54 20 been
1717 1890 125 26 cultivated,

1265 1920 43 21 and
1319 1920 61 21 there
1394 1919 20 21 is
1430 1926 27 14 an
1468 1919 110 21 excellenc
1588 1924 79 14 stream
1678 1918 25 19 of
1718 1922 66 16 water
1796 1924 50 14 run-

1264 1947 53 25 ning
1328 1946 92 27 through
1432 1947 67 20 them.
1527 1945 49 22 The
1589 1944 69 21 leases
1669 1944 43 20 will
1724 1944 28 21 be
1763 1944 44 21 sold
1821 1944 24 20 in

1266 1973 47 21 half
1329 1981 49 13 acre
1399 1980 24 14 or
1439 1976 87 23 quarter
1545 1978 50 14 acre
1614 1970 131 26 allotments,
1766 1975 21 16 to
1804 1971 42 20 suit

1260 2000 139 27 purchasers,
1407 2001 42 19 ani
1460 2001 90 26 present
1559 2005 27 13 an
1594 1997 107 22 excellent
1710 1997 136 27 opportunity

1266 2031 26 19 to.
1304 2027 127 21 mechanics
1449 2026 44 22 and
1511 2025 111 22 labourers
1642 2024 25 21 of
1686 2025 85 26 getting
1790 2024 55 26 good

1259 2054 45 23 •&'V
1503 2052 103 27 gardens.

1392 2083 160 23 ORIENTAL
1568 2083 152 22 TERRACE.

1266 2112 84 22 Section
1362 2114 39 19 4QG
1409 2119 6 19 ;
1434 2111 40 21 this
1484 2112 64 21 abuts
1564 2117 28 13 on
1608 2110 36 21 the
1663 2117 64 13 town
1748 2117 98 14 reserve

1263 2139 70 21 under
1350 2139 81 21 Mount
1447 2138 141 25 Wellington,
1601 2137 41 21 nnd
1653 2136 72 22 would
1742 2136 62 21 make
1820 2144 26 13 an

1265 2166 109 21 excellent
1397 2172 96 15 station
1517 2171 44 14 tor
1584 2171 70 13 sheep
1683 2170 45 14 and
1755 2170 91 14 cattle.

1462 2192 73 25 Term,
1548 2191 27 20 14
1588 2197 70 20 years.

1416 2224 165 24 ADELAIDE
1602 2224 95 22 ROAD.

1265 2253 87 23 Section
1362 2255 52 19 1023
1421 2261 6 19 ;
1444 2252 115 27 adjoining
1569 2251 36 21 the
1614 2251 114 22 residence
1739 2251 25 21 of
1773 2251 75 21 James

1267 2281 64 26 Watt,
1350 2281 61 26 Esq.,
1432 2278 125 27 admirably
1572 2278 95 27 adapted
1681 2281 34 18 tor
1732 2286 13 13 a
1764 2286 84 13 cattle

1386 2314 104 14 station.
1528 2305 74 25 Term,
1616 2307 25 19 14
1654 2312 72 19 years.
1755 2321 3 4 .

1436 2339 119 22 WADE'S
1578 2338 99 23 TOWN.

1280 2368 47 21 One
1337 2367 50 22 half
1394 2375 56 19 acre,
1460 2367 79 21 situate
1548 2366 24 21 in
1585 2373 39 14 one
1634 2366 22 21 of
1663 2366 38 21 the
1712 2366 48 21 best
1768 2368 66 25 parts.

1455 2400 101 24 RIVER
1572 2400 88 22 HUTT.

1267 2430 55 21 Five
1336 2429 85 26 Acres,
1437 2436 54 14 near
1505 2429 36 20 the
1553 2427 106 21 Village
1675 2434 26 14 of
1716 2427 132 26 Richmond,

1266 2457 22 21 in
1305 2456 36 21 the
1357 2456 71 26 valley
1439 2455 25 21 of
1472 2455 35 21 the
1522 2454 75 26 Hutt,
1609 2453 51 22 with
1668 2457 68 18 water
1747 2454 102 26 frontage.

1293 2490 43 21 For
1352 2490 43 21 sale
1406 2490 37 26 .by
1450 2490 86 27 private
1552 2491 98 18 contract
1664 2488 34 21 for
1713 2495 44 19 any
1773 2487 24 21 of
1815 2487 34 21 the

1331 2517 76 26 above,
1420 2516 66 28 apply
1495 2519 22 18 to
1527 2514 39 21 the
1577 2514 142 26 Auctioneer,
1731 2521 23 14 or
1762 2517 23 18 to

1336 2550 88 21 Messrs.
1441 2550 131 24 Ridgways,
1590 2548 104 25 Guyton,
1711 2549 20 20 &
1828 2554 23 14 or

1335 2577 36 21 W.
1386 2577 29 21 V.
1431 2577 107 24 Brewer,
1555 2575 53 33 Es^
1682 2591 5 3 .

1381 2621 135 26 Landing,
1532 2619 201 20 ex'"Skerne."

1270 2655 113 49 FIRST
1397 2653 140 26 QUALITY
1553 2652 111 26 FLOUR,
1679 2652 61 22 fresh
1748 2652 55 22 from
1815 2652 36 20 the

1341 2682 89 27 Sydney
1442 2681 66 26 Mills,

1294 2709 55 21 Rice
1359 2709 22 21 in
1392 2709 60 26 bags,

1295 2737 71 26 Sugar
1374 2737 23 20 in
1409 2737 58 25 bags,

1296 2763 72 21 Coitee
1378 2763 23 21 in
1411 2763 61 26 bags,
1489 2768 4 4 '

1295 2790 48 22 Tea
1353 2790 20 20 in
1385 2789 78 25 chests,

1295 2816 78 22 Butter
1381 2816 25 22 in
1415 2816 84 26 firkins,

1281 2857 5 3 -
1296 2843 58 22 Pork
1365 2844 22 20 in
1399 2843 88 26 barrels,

1297 2870 57 21 Pork
1364 2870 24 22 in
1399 2873 87 24 quarter
1495 2867 72 27 casks,
1609 2878 9 7 /■

1298 2897 96 26 Battens,

1296 2924 82 26 Cigars,

1298 2951 95 26 Gunney
1404 2951 61 26 bags.

1587 2975 83 22 Waitt
1686 2974 43 22 nnd
1743 2974 83 22 Tyser.

1305 3020 14 35 \
1334 3012 11 35 ',
1449 3022 43 20 Ex

1271 3055 93 51 JUST
1378 3054 145 25 ARRIVED
1540 3054 30 27 by
1580 3053 36 21 the
1630 3053 48 27 ship
1688 3052 90 25 London,
1791 3052 61 26 Capt.

1334 3083 101 26 Atwood,
1447 3082 46 22 and
1501 3081 37 23 for
1547 3080 45 22 sale
1601 3088 4 14 :—:
1608 3091 27 4 —
1668 3098 4 4 ,

1352 3110 78 27 Prints,

1352 3137 113 25 Bhinkets,

1344 3182 3 4 ,
1353 3163 74 22 Shoes.

1242 3212 2 4 ,
1273 3196 73 28 Apnly
1358 3200 23 19 to
1401 3198 22 21 S.
1439 3197 101 24 Revans,
1561 3203 24 13 er
1604 3194 89 23 Waitt,
1707 3192 45 22 and
1769 3192 84 22 Tyser.

1297 3230 144 27 Wellington,
1454 3231 54 26 May
1518 3230 21 25 5,
1552 3229 58 21 1842.

1338 3276 42 21 Ex
1552 3274 54 20 and

1279 3309 159 21 TOHNSON
1449 3308 44 22 and
1504 3306 111 22 MOORE
1624 3301 62 25 have'
1689 3305 47 26 just
1746 3303 106 25 received,

1272 3340 24 17 V
1334 3336 56 22 New
1402 3335 41 22 and
1453 3334 137 22 fashionable
1601 3332 42 23 silk
1656 3332 103 24 bomlets,
1773 3330 82 21 bonnet

1272 3370 56 19 caps,
1340 3363 44 21 and
1394 3368 64 16 straw
1468 3362 102 24 bofinets,

1298 3389 139 22 Artificial
1453 3394 104 16 flowers
1573 3393 45 14 and
1633 3392 116 18 wreaths,

1298 3414 112 29 Ribbons,'
1420 3415 107 28 galloons,
1543 3420 51 14 silk
1609 3419 44 14 and
1670 3418 105 15 worsted
1789 3417 66 14 bind-

1273 3450 58 19 ings,
1360 3441 4 5 '
1418 3443 3 8 '

1299 3469 101 22 Persian
1416 3476 46 14 and
1474 3473 92 17 blazed
1581 3469 80 18 o'alico
1672 3471 99 19 linings,
1803 3485 3 6 ,

1299 3495 88 23 Ladies'
1404 3492 220 25 tortjisVshelhside
1640 3489 84 28 combs,'
1731 3490 50 21 'fine
1794 3488 61 23 teeth

1272 3523 80 26 combs,
1573 3537 2 5 .
1585 3528 37 16 J'm

1299 3549 99 22 Infants
1413 3555 106 15 worsted
1534 3553 69 14 boots
1616 3552 47 15 and
1679 3551 72 18 socks,

1297 3576 86 22 Tinn'd
1398 3583 77 18 tacks,
1491 3581 38 14 pit
1605 3579 70 17 files,
1691 3570 31 27 pit
1738 3569 43 22 and
1795 3575 60 15 cross

1272 3608 36 16 cut
1318 3610 61 19 saws,
1392 3602 68 22 coffee
1470 3599 45 23 arid
1524 3600 59 26 spice
1594 3598 70 25 mills,.

1299 3630 107 21 Cottage
1420 3634 94 18 grates,
1525 3626 87 21 various
1620 3628 106 23 patterns,
1738 3624 39 20 &c.

1299 3657 67 21 Stone
1378 3662 56 15 ware
1444 3655 23 21 in
1476 3653 104 29 pitchers,
1590 3650 88 26 bottles,
1689 3650 42 21 and
1740 3650 52 26 jars,
1817 3663 8 5 ..

1298 3683 59 21 Fine
1373 3689 73 15 black
1460 3687 43 16 tea
1518 3679 25 21 in
1559 3680 10 23 k
1587 3678 79 25 chests,
1684 3677 70 21 butter
1768 3676 22 21 in
1808 3676 50 21 half

1272 3709 73 21 fii*kiiis
1632 3720 5 3 *
1798 3715 3 7 '

1298 3737 52 21 Best
1360 3735 75 26 coffee,
1447 3731 103 26 Manilla,
1559 3730 66 26 Siam,
1635 3729 44 22 and
1689 3729 86 22 refined
1782 3737 65 19 sugar
1848 3746 5 11 ;

1298 3763 72 21 Patna
1380 3763 51 25 rice,
1441 3762 85 22 raisins,
1538 3759 53 25 &c.,.
1641 3768 2 9 i

1265 3791 3 2 '
1299 3789 74 27 Cheap
1383 3789 44 21 rice
1437 3788 33 21 for
1478 3786 98 28 poultiy.
1634 3801 3 3 .
1676 3793 2 5 ■

1274 3816 186 26 Lambton-quay,
1472 3813 55 25 May
1538 3812 32 25 14,
1582 3811 59 21 1842.
1660 3827 3 5 ,
1677 3823 2 5 ■

1273 3860 70 48 O-N
1367 3858 86 25 SALE,
1477 3859 23 19 ftt
1519 3855 37 22 the
1575 3855 69 21 Office
1670 3855 25 20 of
1714 3854 42 22 this
1778 3862 75 20 paper,

1317 3879 2 13 1
1421 3882 153 24 SEAMEN'S
1588 3882 157 21 ARTICLES.

1320 3920 93 22 Gazttte
1445 3916 77 26 Office,
1533 3916 54 21 Feb.
1596 3916 34 25 25,
1642 3916 61 21 1842.

1877 679 86 21 TUST
1977 679 172 25 IMPORTED,
2157 679 42 21 and
2208 680 35 21 for
2249 680 44 21 sale
2300 684 23 17 at
2331 680 37 21 the
2376 680 73 21 Stores

1870 701 26 25 0
1934 705 25 21 of
1966 705 36 21 the
2012 705 148 26 undersigned
2168 714 4 12 :—:
2175 717 29 4 —

1897 731 69 22 Black
1977 731 45 22 and
2030 739 67 19 green
2110 737 35 16 tea
2159 733 23 20 in
2192 732 71 21 chests
2272 731 43 23 arid
2328 733 74 26 boxes,
2414 740 36 22 re-

1870 757 58 21 fined
1945 765 71 20 sugar,
2033 758 76 26 coffee,
2127 758 56 22 Irish
2200 759 81 25 butter,
2303 755 89 30 English
2406 759 44 22 and

1870 783 76 23 Dutch
1964 785 85 24 cheese,
2074 785 143 27 champagne,
2243 784 106 27 blankets,
2372 786 76 27 prints,

1870 811 109 26 superfine
1995 811 72 26 black,
2085 811 59 26 blue,
2162 811 44 21 and
2220 809 124 29 pilot-cloth
2352 820 5 17 ;
2373 812 76 26 calico,

1870 837 116 27 stockings,
2008 838 65 21 black
2089 837 42 22 silk
2149 837 175 27 handkerchiefs,
2343 838 105 27 galloons,

1871 863 81 26 combs,
1967 864 57 27 whip
2048 863 59 23 hand
2138 871 58 20 saws,
2221 863 95 23 Manilla
2343 865 105 26 cheroots,

1870 890 83 26 garden
1962 891 68 26 seeds,
2043 894 47 18 cart
2101 890 95 27 harness,
2208 891 40 21 &o.

2178 924 145 21 Alexander
2336 924 95 21 Perry.'

1898 950 56 27 May
1964 952 33 19 13.
2009 952 60 20 1842.

2056 997 43 19 Ex
2276 997 3 4 '

1874 1029 90 32 npHE
1980 1028 149 27 undersigned
2144 1028 39 22 has
2196 1030 48 26 just
2259 1029 103 22 received
2378 1037 12 14 a
2399 1037 53 14 con-

1880 1051 28 25 JL
1947 1056 111 26 signment
2077 1055 25 22 of
2119 1063 61 19 maps
2199 1056 44 21 and
2263 1056 72 21 charts
2354 1056 56 21 from
2430 1056 22 21 J.

1872 1082 92 26 Wyld's,
1989 1082 96 26 Charing
2108 1082 70 27 Cross,
2204 1082 144 28 Geographer
2371 1086 21 18 to
2416 1082 37 21 the

1872 1109 85 26 Queen,
1969 1109 35 21 viz
2013 1117 3 13 :
2018 1121 28 3 —

1888 1148 3 5 •
1900 1136 71 26 Large
1982 1139 41 18 two
2034 1136 62 22 sheet
2107 1142 50 20 map
2168 1135 25 22 of
2200 1135 55 21 New
2265 1135 106 27 Zealand,

1900 1163 49 20 One
1960 1162 62 22 sheet
2032 1170 51 19 map
2093 1163 25 20 of
2125 1162 55 21 New
2190 1162 106 25 Zealand,

1900 1189 106 21 ChafFers'
2022 1189 63 22 chart
2101 1189 25 22 of
2141 1188 78 22 Cook's
2239 1188 85 28 Straits,
2343 1188 51 22 with
2414 1188 38 21 the

1872 1215 66 22 latest
1948 1216 116 26 additions,

1902 1242 104 21 Chaffers'
2016 1242 63 21 chart
2089 1242 25 21 of
2120 1242 52 21 Port
2182 1241 129 28 Nicholson,

1901 1269 130 21 Mercator's
2042 1269 63 21 chart
2114 1269 24 20 of
2150 1268 37 21 the
2199 1269 74 26 world,
2285 1269 39 20 &c.
2336 1269 39 20 Src.
2386 1269 39 20 &c.

2229 1301 109 21 William
2354 1301 71 21 Lyon.

1874 1328 83 21 Corner
1967 1328 25 21 of
2000 1328 150 21 Willis-street
2159 1328 42 21 and
2212 1328 187 27 Lambton-quay.

2048 1354 78 22 March
2136 1356 20 24 8,
2166 1356 61 20 1842.

2095 1399 137 20 Potatoes.

1875 1431 93 49 JUST
1991 1431 165 26 RECEIVED,
2180 1432 57 21 from
2262 1431 134 27 Manewatu,
2415 1439 40 20 per

1926 1458 106 21 schooner
2041 1460 81 24 Henry,
2135 1466 12 13 a
2156 1458 41 21 few
2207 1462 49 17 tons
2267 1458 25 21 of
2303 1458 47 21 first
2359 1463 45 16 rate
2413 1466 40 19 po-

1875 1489 75 17 tatoes.
1982 1485 73 27 Apply
2064 1488 22 19 to

2037 1519 122 26 Wallace,
2169 1519 93 26 White,
2274 1517 44 23 and
2332 1518 121 22 Wallace.

1875 1545 63 27 April
1949 1547 31 23 13,
1993 1547 59 20 1542.

1877 1589 70 48 ON
1963 1590 85 26 SALE,
2065 1597 27 14 ex
2102 1590 36 21 the
2148 1591 136 20 Elizabeth—

1952 1618 13 19 9
1979 1616 64 21 hhds.
2053 1616 58 27 lime,

1903 1644 75 23 13,000
1992 1643 78 27 bricks,

1902 1671 13 20 G
1929 1670 63 21 casks
2002 1670 93 27 brandy,

1902 1698 13 19 3
1930 1696 62 21 cabks
2001 1703 56 20 rum,

1903 1725 10 18 1
1929 1726 88 24 quarter
2027 1724 52 21 cask
2090 1724 63 26 wine,

1902 1751 13 20 2
1929 1750 67 21 boxes
2004 1750 86 27 raisins,

1863 1789 2 16 j
1903 1780 12 18 b
1930 1777 63 21 cabks
2002 1777 82 21 bottled
2095 1777 41 26 ale,

1903 1805 13 20 2
1929 1806 47 18 tons
1988 1804 91 21 colonial
2088 1804 64 27 flour,

1903 1832 13 19 6
1929 1829 124 28 hogsheads
2061 1836 81 22 porter,

1902 1858 13 20 3
1929 1857 125 27 hogsheads
2063 1858 92 26 brandy.

2009 1892 123 25 Wallace,
2147 1891 95 28 Whiter
2251 1891 44 22 and
2307 1891 123 22 Wallace.

1877 1935 70 49 ON
1964 1936 78 21 SALE
2055 1936 32 26 by
2103 1936 37 21 the
2155 1936 155 27 undersigned,
2328 1943 28 14 ex
2372 1936 86 21 London

1954 1963 43 21 and
2008 1963 43 21 lats
2062 1963 59 28 ships
2122 1975 27 3 —

1902 1990 41 20 400
1957 1989 52 27 kegs
2019 1989 73 28 paints
2102 1990 45 21 and
2156 1989 92 27 colours,

1903 2017 12 19 9
1929 2022 70 15 crates
2010 2017 155 26 earthenware,

1903 2044 26 20 20
1944 2043 62 21 casks
2016 2043 122 28 glassware,

1904 2069 49 24 Tar,
1964 2069 68 26 pitch,
2044 2070 45 20 and
2100 2069 94 26 varnish,
2223 2078 6 5 -
2343 2077 13 10 '••
2430 2080 5 3 -
2458 2077 15 7 -*

1904 2095 159 26 Apothecaries
2074 2097 126 26 peifumery
2209 2095 46 22 and
2265 2095 167 28 confectionery.

2230 2130 89 21 Willis
2333 2129 45 22 and
2392 2130 39 21 Co.

2133 2175 71 21 Beef.

1877 2207 52 49 IN
2109 2211 20 18 to
2141 2208 32 21 his
2180 2208 63 22 usual
2253 2208 68 26 stock,
2334 2208 36 21 the
2379 2207 81 22 under-

1933 2234 77 27 signed
2022 2242 41 14 can
2074 2235 52 22 offer
2137 2243 12 14 a
2164 2235 41 21 few
2220 2236 79 21 tierces
2316 2234 44 22 and
2376 2234 84 22 barrels

1879 2260 69 28 prime
1960 2262 41 21 salt
2011 2262 57 21 beef.

2276 2288 62 22 John
2353 2288 81 21 Wade.

1905 2314 31 21 Te
1947 2315 52 25 Aro,
2012 2315 65 26 April
2087 2317 32 24 19,
2131 2317 59 20 1842.

1947 2361 52 19 For
2011 2360 68 24 Sale,
2090 2366 36 14 ex

1880 2394 50 47 A
1945 2393 133 21 NUMBER
2088 2394 24 19 of
2122 2392 73 22 useful
2209 2392 87 21 articles
2307 2392 26 21 of
2343 2391 117 22 Furniture

1959 2420 44 21 and
2014 2419 63 22 other
2086 2420 72 26 goods,
2169 2424 50 22 part
2229 2419 25 21 of
2266 2418 36 22 the
2314 2425 62 20 cargo
2388 2418 25 21 of
2424 2417 37 21 the

1882 2448 71 19 Maria
1969 2448 93 19 Theresa.
2095 2446 48 21 Will
2161 2447 27 20 be
2203 2446 81 21 landed
2300 2446 51 21 here
2366 2445 35 21 for
2416 2443 46 22 sale

1882 2474 79 21 should
1971 2474 80 27 buyers
2062 2473 52 22 offer
2122 2481 4 19 ;
2142 2474 60 26 early
2213 2471 130 29 application'
2356 2472 19 21 is
2386 2478 77 15 neces-

1881 2507 56 20 sary.
1967 2502 74 26 Apply
2052 2503 20 18 to

2277 2526 62 21 John
2354 2525 80 21 Wade.
2451 2533 3 4 •

1885 2554 141 26 Wellington,
2037 2554 80 22 March
2128 2555 31 21 18.
2171 2555 61 20 1812.

2066 2599 43 20 Ex

1883 2632 73 49 ON
1978 2632 85 27 SALE,
2083 2636 23 17 at
2124 2632 35 21 the
2181 2632 74 21 Stores
2277 2631 26 21 of
2323 2631 37 21 the
2382 2628 83 23 under-

1960 2659 84 27 signed,

1882 2686 96 21 SEVEN
2006 2686 67 21 AND
2098 2686 21 21 A
2142 2685 87 22 HALF
2253 2685 77 22 TONS
2355 2682 111 24 SHING-

1990 2713 77 21 LING
2084 2713 64 20 AND
2165 2713 77 21 ROSE
2256 2711 100 27 NAILS,

1908 2741 42 20 200
1959 2740 54 26 kegs
2022 2740 49 21 best
2081 2740 64 20 white
2154 2739 58 26 lead,
2422 2754 7 7 N

1911 2766 96 22 Linseed
2016 2766 36 27 oil,
2065 2766 132 27 turpentine,
2208 2765 45 22 and
2263 2765 79 27 paints,

1910 2793 102 22 Window
2021 2794 65 26 glass,
2097 2793 29 21 all
2135 2794 63 26 sizes,
2209 2794 40 20 &c.
2260 2793 40 20 &c.

2226 2827 21 21 J.
2263 2826 33 22 M.
2311 2826 101 27 Taylor,

2338 2853 32 21 Te
2386 2854 53 20 Aro.

1887 2900 70 49 ON
1973 2899 108 22 SALE—
2081 2898 108 26 MAIZE,
2202 2899 37 21 the
2249 2898 43 22 last
2300 2899 25 20 of
2335 2898 36 21 the
2382 2905 86 15 season.

2134 2925 25 22 F.
2173 2925 26 21 V.
2211 2926 97 21 Martin
2319 2925 42 21 and
2373 2925 38 26 Co,

2342 2951 31 22 Te
2385 2952 54 21 Aro.

1912 2980 55 27 May
1977 2980 32 27 17,
2022 2981 59 20 1842.

2122 3024 105 24 Bricks,

1886 3059 87 48 FOR
1989 3058 82 23 SALE,
2084 3061 23 18 at
2121 3059 44 20 60s.
2184 3065 39 18 per
2240 3057 117 21 thousand.
2391 3058 77 27 Apply

1945 3090 21 16 to
1983 3085 22 21 J.
2023 3085 92 25 Pimble,
2127 3088 22 17 at
2162 3083 37 22 the
2218 3084 168 27 Sydney-street
2401 3085 66 21 Brick

1885 3113 43 21 and
1938 3113 47 21 Tile
2004 3111 84 26 Works,
2101 3114 22 18 at
2132 3111 37 21 the
2185 3118 51 14 rear
2245 3111 24 21 of
2283 3111 90 21 Colonel
2387 3111 81 22 Wake-

2074 3137 69 22 field's
2156 3137 122 22 residence.

1951 3173 104 21 Terms—
2058 3172 50 21 cash
2119 3179 27 14 on
2158 3171 99 27 delivery
2268 3174 24 19 at
2302 3171 36 22 the
2347 3171 56 22 kiln.

1886 3217 87 49 FOR
1987 3216 85 25 SALE,
2082 3215 30 28 by
2121 3216 86 27 private
2217 3219 106 24 contract,
2333 3216 83 27 horses,
2426 3217 43 21 arid

1957 3250 57 15 cows
2032 3243 42 21 and
2089 3243 82 21 heifers
2185 3243 23 21 in
2224 3241 50 23 calf.
2302 3243 75 27 Apply
2385 3245 23 19 to
2423 3243 44 22 Mr.

1886 3271 94 24 Reyans,
1999 3276 24 15 or
2040 3274 22 16 to
2075 3269 44 22 Mr.
2136 3269 84 26 Hulke,
2227 3285 3 3 •
2239 3270 139 27 Cowpasture
2393 3270 73 27 Farm,

1886 3299 72 20 Evans
1961 3298 4 8 1
1975 3297 56 26 Bay.
2114 3309 3 7 <
2153 3309 2 5 •
2334 3294 3 6 '
2422 3298 3 4 '
2445 3298 24 23 ''_

1912 3324 145 26 Wellington,
2068 3323 55 26 May,
2134 3323 11 26 L
2145 3323 22 26 7,1842;,
2177 3325 63 21 1842;
2432 3335 3 5 -
2463 3339 4 3 .

1886 3368 92 49 JUST
1988 3367 166 26 RECEIVED,
2167 3375 12 13 a
2187 3367 62 27 Urge
2257 3368 76 27 supply
2344 3368 26 21 of
2375 3368 93 26 genuine

1950 3394 66 27 drugs
2027 3394 44 21 and
2081 3394 126 22 chemicals.

1913 3421 96 22 Medical
2023 3421 59 26 Hall,
2095 3421 54 27 May
2156 3423 36 25 .12,
2206 3422 60 23 1.842.
2279 3438 5 5 ,

2108 3466 29 22 H.
2153 3466 86 22 READ
2233 3487 3 9 t
2241 3483 5 10 ,

2022 3503 117 20 Tinman
2149 3503 56 20 and
2215 3502 115 24 Brazier,

1962 3536 61 22 Near
2032 3536 39 21 the
2076 3536 160 26 ;Cpurt-house,
2248 3535 141 25 Wellington.
2420 3548 3 6 .

1886 3583 38 20 To
1947 3583 45 19 the
2013 3582 166 22 Merchants,
2202 3577 192 28 Ship-owners',
2399 3571 16 11 K
2411 3581 55 24 &c,

1884 3635 46 36 hp
1962 3642 28 20 D.
2015 3640 109 25 PRATT,
2140 3640 52 25 begs
2209 3642 58 19 mosj;
2278 3636 149 28 .respectfully
2445 3640 22 19 to

1895 3666 24 22 i
1934 3678 9 10 •
1973 3672 78 18 return
2068 3667 33 21 his
2112 3666 80 21 thanks
2210 3661 39 24 for'
2261 3663 40 24 the,
2310 3663 93 26 favours,
2414 3671 53 14 con-

1947 3695 73 22 ferred
2037 3692 34 24 on'
2082 3690 58 28 him,'
2146 3691 65 22 while
2226 3697 23 14 in
2267 3687 137 33 partnership
2415 3687 52 31 wifh

1887 3722 42 21 Mr.
1940 3722 25 22 T.
1977 3723 85 26 Beyah;
2073 3720 44 21 and
2127 3719 53 25 begs
2189 3721 22 17 to
2221 3715 150 24 inform'them

1886 3747 78 24 is'no'w
1975 3744 258 28 manufacturing'rbpes,"
2242 3743 62 26 lines,
2316 3743 81 26 fwine,.
2399 3741 27 24 of
2438 3744 29 23 all

1887 3776 158 27 descriptions';
2062 3769 56 26 mat's
2131 3772 26 21 of
2168 3770 39 22 "all'
2216 3770 70 25 sizes,'
2298 3769 59 22 &c.-
2373 3769 95 29 Pishing

1874 3818 1 6 ,
1886 3807 50 17 nets
1954 3802 65 22 made
2036 3800 45 22 arid
2223 3798 44 19 and
2286 3802 67 20 every
2370 3795 56 23 kind
2445 3798 23 21 of.

1874 3829 88 23 'article
1975 3829 25 21 in
2018 3827 37 22 the
2070 3826 69 21 above
2156 3824 52 25 line,
2225 3822 40 21 all'
2270 3822 56 21 from
2343 3822 59 22 NeW
2412 3826 56 19 Zea-

1886 3857 53 21 land
1956 3856 52 25 flax,
2019 3853 44 22 and
2077 3852 32 21 on'
2117 3851 37 20 the
2163 3853 58 18 most
2229 3849 129 21 reasonable
2368 3849 102 28 charges.

1888 3890 42 23 No.
1947 3891 19 24 1,
1992 3884 228 26 Moles>vorth-street,
2248 3882 149 29 Wellington';'
2415 3883 55 23 Port

1875 3914 21 8 I
1959 3909 22 27 .'
2035 3925 30 12 ...
2088 3924 8 12 -,
2112 3909 155 25 Nicholson.;.
2285 3920 22 9 •<
2330 3913 23 19 M
2376 3912 5 20 :
2446 3907 23 24 <s>
