2460 3900
67 45 2347 1 THE

67 147 565 162 OXFORD
739 50 337 269 AND
1076 50 450 269 CUST
1608 45 806 274 OBSERVER.

67 311 293 75 AND
458 311 978 75 CANTERBURY
1534 311 782 75 LIBERAL.

583 392 180 2 AND
835 393 568 1 CANTERBURY
1469 393 382 9 LIBERAL,

89 417 29 51 %
675 412 505 45 CIRCTJt.A.TIISrG!-
1223 420 503 37 THROUGHOUT

1057 590 220 31 Established
1318 591 90 33 1889.
2251 577 163 61 /4MP^|

732 706 103 33 EAST
884 706 179 36 OXFORD,
1105 702 235 40 SATURDAY,
1385 699 234 34 NOVEMBER
1640 699 29 35 5,
1698 699 80 28 1892

1959 694 132 32 Price—
2092 695 82 33 ONE
2210 695 142 33 PENNY

55 704 65 34 Vol
141 704 70 34 4—
209 707 60 32 No.
312 702 83 40 168.1

1946 3627 169 24 HOBSEHAIB
2135 3628 179 40 P^^HASED.

1870 3680 80 32 Agent
1967 3682 39 25 for
2022 3683 42 24 the
2081 3683 125 31 Lyttelton
2223 3686 82 25 Times
2324 3688 72 24 Com-

1869 3720 72 26 pany.
1976 3714 89 26 Orders
2077 3716 70 25 taken
2152 3732 2 9 ,
2161 3717 38 25 for
2209 3719 55 30 anjl,
2270 3719 125 34 Subsqrip*

1869 3747 67 39 tipns
1945 3749 110 25 received
2066 3758 32 17 on
2104 3753 104 24 account
2219 3752 28 25 of
2256 3756 6 12 ♦
2271 3747 126 39 Lyiteiton

1867 3780 102 29 Times,'
2002 3786 7 11 «
2020 3782 150 34 Canterbury
2211 3785 98 30 Times/
2351 3791 53 21 antt.

1872 3813 66 26 Star.
1963 3838 4 3 ,
2014 3836 4 5 .

1860 1907 76 57 A.
1954 1908 81 57 I>.
2064 1909 317 64 Ilassall

1975 1978 286 42 SADDLER

2086 2031 59 22 AND

1854 2063 527 76 WWHSBF**

1936 2140 357 60 OUST.

1862 2209 96 52 BEGS
1966 2212 22 20 to
2002 2210 68 23 thank
2079 2212 36 22 the
2127 2213 133 23 inhabitants
2275 2215 23 21 of
2312 2215 68 23 North
2394 2234 5 2 .

1931 2236 129 28 Canterbury
2075 2238 33 22 for
2122 2239 36 22 the
2175 2240 74 22 liberal
2266 2243 114 26 patronage

1856 2262 91 23 received
1966 2263 76 27 daring
2064 2264 36 22 the
2122 2267 48 25 past
2193 2269 36 19 ten
2249 2272 68 23 years,
2338 2269 43 22 and

1856 2288 77 23 desires
1941 2290 23 21 to
1970 2290 41 21 call
2020 2291 106 22 attention
2135 2294 23 20 to
2166 2292 35 22 his
2209 2294 72 21 varied
2289 2295 60 21 stock
2356 2296 24 20 of

1882 2315 154 26 SADDLERY,
2050 2318 41 23 Ac,
2105 2317 68 22 which
2180 2324 20 15 v
2209 2318 61 28 being
2279 2320 75 22 offend

2024 2342 23 22 at
2055 2342 81 23 Lowest
2144 2344 77 24 Prioes.

1857 2393 133 33 Subjoined
2000 2403 41 18 are
2052 2404 15 17 a
2077 2396 103 26 number
2187 2398 27 26 of
2218 2398 96 28 articles
2321 2399 58 34 kept

2039 2429 28 25 m
2078 2430 68 25 stock
2156 2438 6 17 :
2164 2445 33 5 —

1888 2469 122 27 Harness.
2011 2486 33 4 —
2044 2471 60 30 Cab,
2127 2473 55 32 Dog
2203 2474 67 30 Cart,
2292 2475 88 34 Buggy

1855 2500 91 34 (plated
1978 2504 50 25 and
2060 2504 69 28 brass
2154 2506 140 36 furniture),
2322 2509 58 33 Gig,

1858 2535 80 30 Shaft,
1950 2535 120 35 Leading,
2081 2538 50 25 and
2141 2538 107 34 Plough.

1889 2568 138 27 Chains.-—
2027 2570 109 33 Leading
2155 2572 91 28 Chains
2265 2574 64 26 from
2350 2577 31 24 6a

1855 2600 48 31 6d;
1920 2602 96 32 Plough
2023 2603 102 31 Chains,
2131 2605 65 26 from
2205 2607 29 24 3s
2242 2607 45 30 6d;
2303 2607 69 26 Back

1854 2633 61 33 Tug,
1927 2634 49 26 and
1986 2636 57 32 Dog
2054 2636 100 28 Chains.

1890 2667 118 27 Saddles.
2025 2683 34 5 —
2075 2669 168 28 Gentlemen's
2272 2673 108 30 Saddles,

1856 2699 63 26 from
1935 2701 37 24 £3
1983 2709 5 22 ;
2013 2702 97 25 Ladies'
2131 2703 109 31 Saddles,
2256 2709 26 21 at
2300 2706 81 26 Prices

1854 2734 26 24 to
1891 2733 50 24 suit
1951 2734 35 23 all
1996 2737 140 23 customers.

1888 2764 121 27 Belting.
2021 2781 33 4 —
2072 2767 55 26 Mill
2150 2769 49 25 and
2221 2769 162 27 Chafi-cutter

1858 2797 68 26 Belts
1936 2799 28 24 of
1972 2807 49 24 any
2031 2800 87 32 length
2129 2801 49 25 and
2190 2802 83 26 width.

1891 2831 88 25 Horse
1987 2832 313 30 MEDiciNES.—Elliman's
2307 2836 76 32 Boyal

1858 2863 182 32 Embrocation,
2060 2866 101 26 Cottle's
2181 2868 112 26 Colonial
2310 2869 71 30 Cure,

1858 2897 92 31 Fryer's
1959 2897 108 30 Balsam,
2074 2899 88 25 Worm
2171 2901 122 31 Powders,
2304 2902 80 26 Sweet

1858 2928 77 31 Nitre,
1960 2930 118 31 Stevens',
2102 2933 100 30 James',
2220 2934 48 25 and
2292 2934 91 27 Slesin-

1857 2964 62 31 gers'
1931 2962 151 34 Blisterings.

1891 2996 114 33 Carriage
2033 2998 101 32 Lamps,
2170 2999 98 32 Whips,
2298 3000 85 33 Spurs,

1859 3028 161 33 Breaking-in
2038 3030 73 30 Gear,
2133 3031 54 26 Soft
2210 3033 72 31 Soap,
2305 3034 79 32 Lamp

1861 3061 82 31 Black,
1957 3062 80 33 Sheep
2050 3063 82 31 Skins,
2147 3064 61 26 Sack
2220 3065 88 30 Twine,
2320 3066 63 33 Leg-

1859 3094 79 33 gings,
1951 3095 169 33 Currycombs,
2139 3097 58 26 Iron
2207 3099 49 25 and
2258 3095 3 9 ;
2275 3099 110 26 Wooden
2390 3097 4 10 '

1859 3128 101 28 Hames,
1973 3129 44 23 &c.
2237 3150 2 1 .
2246 3150 3 2 .
2265 3130 22 19 i-■
2300 3129 3 24 j
2342 3138 1 15 ;
2343 3137 10 16 :..
2370 3148 2 3 ,
2389 3134 1 9 '■■

1893 3161 78 25 Kopb.
1971 3175 34 5 —
2005 3162 112 29 Manilla,
2139 3163 91 33 Hemp,
2252 3163 50 26 and
2315 3163 72 32 ilfla*

1860 3193 27 26 of
1906 3193 34 26 all
1964 3194 63 26 sizes
2055 3195 118 34 (English
2199 3196 50 26 and
2275 3197 112 27 Colonial

1861 3227 190 34 manufacture).
2114 3229 151 33 Tarpaulins,
2304 3226 88 35 Tents,'

1863 3259 91 26 Binder
1981 3261 108 32 Aprons,
2117 3262 134 31 Elevators,
2279 3264 108 28 Butters,

1864 3292 150 33 Polestraps,
2025 3294 94 33 Biding
2129 3295 258 34 Bridles(Snaffleand

1868 3325 129 33 Pelhans),
2009 3327 63 24 from
2084 3329 59 23 6s6d
2155 3331 26 22 to
2193 3327 13 26 1
2210 3330 29 26 2g
2250 3330 40 25 6d.

1902 3358 69 26 Oils.
1973 3373 33 5 —
2006 3358 22 25 A
2038 3359 68 33 large
2116 3357 114 37 quantify
2237 3362 26 25 of
2274 3362 114 34 Macjiine

1865 3390 53 27 Oils
1929 3394 26 23 at
1978 3391 174 28 Christchurck
2159 3395 85 31 prices,
2263 3391 126 38 including

1864 3424 60 26 Baw
1934 3424 50 26 and
1994 3424 88 28 Boiled
2087 3426 114 31 Linseed,
2209 3421 96 44 pastor,
2313 3429 67 27 Lard

1865 3457 96 26 Golden
1979 3458 152 34 Machinery,
2148 3461 138 31 Valvbiine,
2305 3462 83 30 Colza,

1863 3490 49 25 and
1922 3490 134 28 Neatsfoot.
2180 3515 3 3 .
2206 3492 3 14 ;

1868 3551 168 26 Second-hand
2061 3553 99 26 Saddles
2188 3555 86 33 bought
2300 3564 37 18 or-
2352 3566 40 18 ex-

2013 3586 106 33 changed
2132 3588 38 25 for
2188 3596 58 17 new.

1863 830 68 45 M.
1999 831 389 52 SANDSTEIN

1867 895 92 52 HAS
1982 902 46 17 now
2042 899 73 22 moved
2129 900 46 21 into
2190 901 35 21 his
2240 901 66 23 NEW
2322 902 55 22 PBE

1950 923 91 26 MISES,
2058 931 29 15 on
2105 925 35 22 the
2156 927 43 22 Site
2217 928 68 21 which
2302 928 26 22 he
2346 928 41 23 has

1862 949 183 28 occupiedguring
2053 949 36 25 the
2103 954 48 24 past
2159 954 153 25 twenty.sevenv
2319 961 70 19 years.
2401 953 4 5 '

1862 974 43 20 and
1923 967 129 37 dfSTedshis
2068 977 69 24 NEW
2156 978 96 27 STOCK,
2269 979 117 29 purchased

1861 1000 60 22 when
1929 998 71 26 ofthis
2008 1003 50 23 visit
2070 1007 23 19 to
2100 1005 90 28 Europe.
2301 1024 5 11 ,

1863 1057 10 4 -
1876 1058 10 7 r
1887 1028 94 37 4&s*&'
1981 1036 68 20 meniß
2055 1035 78 27 having
2138 1036 51 23 been
2198 1038 61 23 made
2266 1039 33 21 for
2304 1040 82 25 regular
2391 1057 7 7 ,

1862 1057 99 29 Monthly
1973 1060 122 28 Shipments
2110 1064 23 20 of
2152 1064 50 23 New
2217 1065 76 26 Goods,
2304 1066 26 22 he
2345 1066 39 22 has

1863 1085 85 23 marked
1963 1087 36 21 the
2013 1089 63 22 Bto<jk
2094 1091 22 20 at
2130 1090 52 22 such
2195 1092 67 26 prices
2274 1098 25 16 as
2307 1099 78 17 cannot

1861 1112 39 21 fail
1909 1114 22 20 to
1941 1119 69 17 secure
2022 1120 14 16 a
2044 1115 62 26 quick
2120 1117 50 22 sale.
2210 1117 44 22 The
2262 1120 78 26 capital
2348 1120 38 21 in-

1862 1139 70 21 vested
1940 1141 58 20 must
2006 1141 25 21 be
2039 1142 105 26 promptly
2152 1144 76 21 turned
2235 1151 55 16 over.

1888 1168 35 23 He
1944 1169 40 23 has
2005 1172 94 26 pleasure
2120 1173 23 21 m
2161 1174 102 27 directing
2279 1176 106 24 attention

1862 1196 99 27 specially
1975 1198 23 21 to
2013 1198 35 22 the
2062 1200 152 27 DIAMONDS,
2229 1203 57 21 loose
2294 1203 43 23 and
2346 1206 39 23 let.

1861 1222 43 21 and
1912 1224 60 21 other
1979 1224 97 23 Precious
2085 1226 81 22 Stones.

1888 1254 204 29 WATCHES.-By
2101 1258 77 26 special
2193 1261 145 26 arrangement
2356 1261 28 22 he

1862 1285 19 16 is
1896 1281 86 23 enabled
1998 1283 22 21 to
2028 1283 46 26 give
2090 1283 36 23 the
2134 1284 45 23 best
2194 1286 61 22 value
2262 1287 24 24 m
2293 1288 91 25 genuine

1861 1306 157 26 English-made
2027 1309 67 23 Silver
2107 1311 43 22 and
2158 1309 55 25 Gold
2220 1311 99 25 Watches
2332 1314 52 23 that

1860 1333 40 20 has
1909 1339 46 16 ever
1963 1335 53 21 been
2053 1336 47 20 ered
2107 1338 24 19 m
2140 1338 43 20 this
2192 1339 86 28 Colony.

1887 1364 85 28 Having
1980 1365 75 28 family
2069 1370 134 21 connections
2212 1370 52 22 with
2271 1372 61 21 Paris
2340 1376 44 19 ana

1861 1390 89 23 London
1963 1393 106 23 Diamond
2085 1395 43 21 tod
2137 1395 107 28 Jewellery
2258 1397 119 25 Merchants

1860 1418 69 25 places
1945 1418 47 22 him
2008 1420 24 22 m
2050 1427 13 15 a
2079 1422 93 26 position
2187 1424 23 25 to
2227 1424 39 22 sell
2283 1424 36 23 the
2335 1426 49 22 best

1860 1445 82 21 articles
1951 1447 24 21 at
1983 1452 13 16 a
2004 1447 121 23 reasonable
2135 1449 64 27 price.
2241 1450 44 23 The
2293 1452 91 28 Jobbing
2404 1454 3 4 '

1860 1471 43 22 and
1910 1471 169 30 Manufacturing
2088 1475 19 21 is
2121 1476 80 22 carried
2215 1478 39 21 out
2267 1478 68 24 under
2344 1476 40 26 liia
2403 1490 3 9 .

1860 1502 45 18 own
1914 1499 129 27 supervision
2052 1502 23 21 at
2080 1501 36 22 the
2121 1501 81 26 Lowest
2208 1504 69 22 Prices
2283 1505 101 25 Possible.

1886 1551 32 21 M.
1928 1552 157 24 SANDSTEIN
2093 1553 40 23 has
2147 1556 113 25 appointed
2267 1556 44 23 Mb.
2319 1558 25 21 R.
2353 1558 31 22 H.

1860 1577 80 22 Pabish
1955 1584 23 16 as
1994 1579 34 21 his
2042 1580 77 22 Oxford
2133 1581 101 28 AGENT,
2247 1583 47 23 who
2309 1585 43 22 will
2359 1591 15 16 a

1860 1609 42 20 any
1911 1604 52 22 time
1970 1611 92 21 procure,
2075 1613 29 15 on
2119 1609 143 27 approbation,
2279 1611 107 26 Watohes,

1860 1630 81 26 Clocks,
1950 1631 43 22 and
2001 1633 113 26 Jewellery,
2122 1635 34 21 for
2170 1635 35 22 his
2216 1637 78 22 Oxford
2308 1638 75 22 clients

1864 1657 23 20 to
1897 1657 62 22 select
1971 1659 63 26 from,
2043 1661 23 19 at
2076 1660 35 21 the
2128 1666 58 17 same
2194 1663 56 26 price
2265 1669 24 17 as
2295 1664 91 26 charged

1858 1684 23 21 at
1890 1683 36 22 the
1935 1684 148 24 Christohurch
2092 1687 174 24 Establishment.

1900 1734 58 45 M,
2001 1737 338 53 SANDSTEIN,

2003 1790 109 22 OASHEL
2125 1791 115 28 STREET,

1947 1826 348 32 OHRISTCHUBOH.

1288 866 179 49 JOHN
1531 865 284 53 INGRAM,

1289 953 59 25 HAS
1360 955 56 23 FOB
1428 954 71 24 SALE
1515 954 37 24 BY
1566 954 121 25 PiUVATE
1699 952 118 24 TREATY.

1692 994 4 13 t

1395 1102 34 22 On
1437 1103 89 22 aoeoart
1534 1102 23 22 of
1565 1102 36 22 Mr
1609 1101 103 23 Johnson.

1291 1164 59 27 Shop
1355 1166 43 20 and
1411 1166 102 29 dwelling,
1521 1167 98 26 fronting
1626 1166 39 22 the
1674 1164 59 22 Main
1746 1162 67 25 Boad,

1291 1191 96 27 opposite
1393 1192 94 24 Pearson
1506 1194 59 22 Park
1586 1199 28 17 on
1632 1193 46 22 half
1686 1197 29 17 an
1722 1190 62 22 'Aore
1792 1189 22 22 of

1289 1218 59 22 land.

1291 1382 55 23 That
1364 1385 130 22 two-storied
1510 1385 101 28 Building
1627 1390 29 19 on
1673 1383 37 25 the
1724 1383 94 24 Terrace,

1292 1410 94 27 opposite
1396 1411 44 22 Mrs
1449 1412 80 23 Leurs'.

1385 1518 34 22 On
1427 1520 90 22 account
1524 1520 24 21 of
1556 1520 35 22 Mr
1605 1520 30 23 H.
1644 1520 80 22 Heabk.
1734 1540 3 3 .

1289 1561 42 24 His
1338 1568 50 23 very
1402 1563 99 29 compact
1527 1567 56 23 little
1591 1567 99 28 Property
1706 1566 25 21 m
1747 1565 71 27 Queen

1290 1589 73 27 Street,
1372 1593 123 28 containing
1503 1593 64 23 about
1575 1595 27 28 4%
1610 1593 62 23 Acres
1681 1593 23 21 of
1709 1592 109 24 riohland,

1291 1616 123 24 subdivided
1422 1619 48 23 into
1478 1621 80 23 several
1567 1621 63 22 small
1638 1620 112 28 paddocks,
1766 1619 52 21 with

1291 1643 53 24 good
1360 1645 73 22 House
1450 1647 95 27 thereon;
1562 1648 59 21 brick
1637 1648 54 21 well.
1713 1647 51 21 Cost
1781 1646 37 21 the

1291 1674 70 17 owner
1369 1672 61 22 £250.
1457 1674 51 22 Will
1517 1674 25 22 be
1550 1675 47 21 sold
1605 1675 23 21 at
1637 1680 14 16 a
1659 1680 49 20 very
1717 1672 101 24 consider*

1268 1696 66 41 JM|e
1341 1698 108 22 reduction
1458 1707 28 16 on
1494 1701 70 23 above
1572 1701 62 27 price.

1376 1855 33 21 On
1421 1859 88 22 account
1522 1858 24 23 of
1554 1858 35 23 Mr
1605 1858 34 24 W.
1653 1858 83 23 Neithe.

1258 1931 3 3 .
1325 1906 42 23 His
1379 1914 53 22 very
1448 1913 98 26 compact
1560 1912 59 22 littte
1635 1912 102 29 grazing:
1743 1911 78 26 Farm,;

1291 1941 124 28 containing
1432 1945 27 21 40
1475 1951 66 20 aores,
1560 1946 51 22 with
1628 1947 55 26 good
1700 1947 13 21 6
1729 1945 85 23 roomed

1306 1972 88 29 welling
1402 1974 66 25 house
1476 1978 75 28 nearly
1560 1983 53 21 new,
1623 1978 68 23 stable
1699 1978 44 22 and
1755 1978 59 23 shed,

1312 2009 58 17 acres
1379 2008 90 27 stumps,
1481 2010 29 20 m
1532 2010 107 27 ploughed
1646 2011 50 26 part
1705 2011 24 22 of
1745 2011 68 22 which

1287 2034 20 22 is
1314 2035 31 25 (m
1360 2037 52 23 fruit
1425 2039 62 23 trees.

1317 2068 45 22 The
1370 2073 99 25 property
1477 2071 19 22 is
1505 2073 70 27 nicely
1587 2074 95 22 situated
1689 2075 26 21 at
1724 2074 36 23 the
1767 2075 46 23 foot

1290 2100 24 22 of
1323 2102 35 21 Me
1365 2103 49 27 Bay
1422 2104 69 27 Boad,
1501 2106 55 23 East
1562 2107 87 26 Oxford,
1656 2108 57 27 price
1721 2109 65 22 £360.

1505 2317 55 22 Also
1560 2326 39 7 —

1366 2367 33 22 On
1409 2371 89 21 account
1506 2371 23 21 of
1536 2371 36 21 Mr
1579 2371 58 22 John
1645 2370 89 24 Fisheb.

1286 2401 44 22 His
1339 2402 96 25 valuable
1444 2406 65 23 Stone
1518 2408 81 26 Quarry
1607 2409 23 20 at
1638 2408 56 22 View
1703 2408 52 25 Hill,
1764 2414 47 16 con-

1286 2430 86 26 taining
1381 2430 37 22 the
1426 2431 46 23 best
1480 2432 94 28 building
1583 2436 61 20 stone
1651 2434 24 22 m
1683 2435 130 27 Canterbury

1286 2456 53 21 with
1346 2458 28 19 20
1382 2456 63 23 Acres
1454 2459 22 22 of
1484 2460 62 22 Land
1554 2467 29 15 on
1600 2461 68 22 which
1686 2462 58 22 there
1760 2463 20 22 ia
1798 2469 13 16 a

1286 2487 59 16 seam
1355 2484 22 20 of
1384 2484 128 24 Limestone.

1353 2674 33 22 On
1395 2677 88 21 account
1498 2677 23 22 of
1534 2677 80 29 Joseph
1630 2679 115 23 Powvalke.

1314 2721 69 28 Eight
1391 2728 58 16 acres
1458 2724 22 21 of
1489 2724 58 25 land,
1556 2725 124 29 with^good
1698 2728 12 19 3
1727 2728 86 22 roomed

1288 2752 97 26 dwelling
1402 2754 93 26 thereon,
1508 2756 47 21 pice
1578 2757 85 26 garden,
1684 2759 129 23 surrounded

1287 2782 52 24 with
1345 2784 26 22 fir
1379 2787 63 21 trees.
1494 2787 60 22 Price
1565 2788 112 30 only|£Bo.

1496 3041 37 22 TO
1545 3043 62 22 LET.

1447 3088 27 21 In
1490 3089 81 22 Horn's
1580 3091 80 23 Estate.

1291 3121 62 23 Good
1360 3122 97 27 dwelling
1465 3125 52 22 with
1524 3126 45 21 Ten
1578 3133 57 16 acres
1644 3129 23 20 of
1674 3130 57 21 land.

1296 3288 189 38 JOHN
1514 3292 302 41 INGRAM

1441 3401 234 36 AUCTIONEER,

1338 3533 424 49 .OXFORD".'

706 2033 217 67 EOBEBT
1000 2041 221 76 FISHER,

742 2112 172 29 GENERAL
934 2117 256 30 STOREKEEPER

722 2159 94 49 Teas,
856 2160 129 49 Coffees,
1022 2163 123 49 Cocoas,
1177 2171 44 35 an

803 2212 139 41 General
963 2215 176 41 Groceries-

752 2262 139 33 WEST
952 2265 218 33 OXFORD.

757 3035 255 29 CALEDONIAN
1028 3039 143 28 HOUSEi

783 3152 81 27 BOOT,
881 3153 83 28 SHOE.
978 3155 26 27 &
1018 3155 127 29 SLIPPER.

687 3204 11 3 ■■
725 3189 2 21 j
762 3218 3 2 .
781 3193 3 15 ;
834 3184 255 36 Manufacturer;
1101 3211 3 2 -
1117 3193 3 15 :
1134 3206 13 6 -
1171 3194 2 14 ;

804 3229 115 33 WEST
951 3233 176 32 OXFORD.

705 3280 49 22 Has
763 3287 29 15 on
800 3281 61 21 hand
869 3288 13 14 a
891 3283 101 27 splendid
998 3285 129 22 assortment
1132 3286 25 21 of
1161 3286 67 22 Boots

706 3313 44 22 and
760 3313 68 21 Shoes
837 3313 64 22 made
919 3320 29 15 on
957 3315 38 21 the
1003 3316 103 25 premises
1125 3318 25 21 at
1157 3318 69 27 prices

706 3344 53 21 that
767 3344 52 26 defy
827 3346 147 25 competition.
1000 3347 60 26 Boys
1067 3347 79 23 School
1168 3349 57 26 bots,

706 3375 57 23 back
772 3382 69 14 seams
851 3377 45 21 and
903 3378 62 20 front
972 3377 62 22 hand
1040 3384 65 20 sewn,
1113 3381 81 21 cannot
1199 3381 28 22 be

707 3407 123 27 surpassed.
859 3408 67 23 Men's
935 3409 199 29 bestwatertights,
1143 3413 85 28 pegged

708 3439 49 28 15/-.
794 3440 97 27 Bespoke
912 3440 138 28 department
1071 3445 102 26 carefully
1196 3447 33 20 at-

707 3470 83 22 tended
804 3472 29 21 to.
861 3473 38 20 Fit
917 3473 45 22 and
979 3473 166 31 Workmanship
1161 3477 69 22 Guar-

707 3502 86 23 anteed!
819 3504 91 26 Bepairs
918 3504 77 26 neatly
1002 3506 45 22 and
1054 3507 111 30 promptly
1169 3507 61 24 'done

695 3550 2 8 ,
708 3529 160 39 £|«QJ^onable
890 3537 56 22 rices
1040 3542 2 5 '

739 3589 56 21 anch
807 3589 178 23 Establishment
991 3599 6 12 :
1012 3591 58 23 Near
1087 3593 65 23 Town
1170 3593 61 27 Hall,

710 3631 27 12 .-...
758 3633 5 12 ;
889 3617 57 22 Fist
955 3618 89 29 Oxford,
1081 3639 3 6 ,

732 3692 49 36 G.
807 3690 47 40 E.
883 3692 331 50 WEYLANDT,

841 3754 108 29 FAMILY
964 3753 142 33 BUTCHER.

753 3788 153 48 BAST
935 3792 257 44 OXFORD.

741 2361 429 48 SADDLERY.

699 2430 79 56 H.
803 2432 61 56 J.
881 2434 339 60 LAMING

790 2506 339 43 SADDLER

926 2556 63 22 AND

702 2589 280 44 HARNESS
1015 2596 205 41 MAKER

844 2644 75 28 NEAB,
931 2645 146 32 SALEYABDS,
1119 2662 2 12 :

735 2686 414 47 OXFORD
1173 2720 15 14 .

702 2759 85 26 Orders
799 2761 49 25 and
863 2762 102 32 Repairs
975 2764 123 33 promptly
1108 2765 116 27 executed

860 2805 26 25 at
896 2804 84 27 lowest
990 2809 73 23 rates.

802 2867 141 46 HOUSE
964 2871 159 43 COVERS

702 2921 97 39 made
811 2923 37 38 to
863 2922 100 41 Order
976 2923 68 42 and
1057 2924 167 51 Repaired

92 3476 48 48 J.
160 3476 54 47 T.
240 3478 196 56 Brotm,
456 3481 41 47 &
516 3481 100 47 Son

148 3543 108 24 TIMBER
264 3546 18 21 &
292 3545 71 23 COAL
376 3546 177 24 MERCHANTS.

265 3582 160 23 IMPORTEES

97 3618 34 29 Of
160 3618 137 30 TIMBER
326 3622 52 27 and
406 3622 48 28 All
482 3622 87 29 Kinds
591 3624 29 28 of

149 3666 183 28 BUILDING
354 3668 216 30 MATERIALS.

282 3713 147 28 CORNER

96 3752 160 27 COLOMBO
295 3756 18 23 &
341 3755 95 26 TUAM
470 3756 150 27 STREETS

129 3817 3 4 .
195 3798 12 38 j
250 3797 188 29 Chbisiohuboh
457 3819 11 5 
518 3805 3 17 :

91 2052 37 53 T.
168 2052 45 61 J.
253 2051 347 67 WEEBER,

161 2115 70 32 High
242 2115 87 29 Street,
340 2115 63 26 East
422 2117 97 24 Oxford.

164 2173 122 31 PICTURE
304 2173 97 29 FRAME
423 2174 101 29 MAKER

82 2226 100 27 Picture
192 2227 90 26 Frame
289 2227 143 33 Mouldings
442 2237 28 18 or
492 2228 59 27 sale.

79 2265 82 35 Agent
166 2267 37 26 for
214 2262 39 32 W.
264 2267 138 27 Rainbow's
420 2268 178 33 Preparations.

131 2324 16 12 „
211 2306 135 27 Ellisdon's
356 2307 130 33 Neuralgic
496 2308 88 33 Drops.

129 2362 17 13 „
211 2345 92 26 United
320 2346 133 27 Insurance
474 2347 125 34 Company

78 2385 27 27 of
114 2385 106 33 Sydney.

83 2493 22 27 A
115 2502 53 19 new
179 2495 36 27 lot
226 2496 27 25 of
262 2496 208 33 Paperhangings,
493 2498 50 31 just
564 2506 37 17 re-

86 2531 90 32 ceived,
187 2533 62 27 from
261 2533 110 33 sixpence
388 2541 43 26 per
449 2535 75 33 piece.

122 2655 94 57 yr.
258 2656 303 49 stooks,

86 2710 333 41 MONUMENTAL
439 2719 169 39 MASON,

206 2769 131 32 Madras:
355 2771 141 37 Streeet,

128 2821 312 35 CHRISTGHU
446 2823 122 33 RCH.

87 2902 32 33 A
127 2902 84 42 large
225 2905 88 31 stock
325 2905 33 31 of
371 2904 193 32 Monuments
578 2907 32 27 to

89 2954 94 33 select
200 2956 79 32 from
293 2961 33 28 at
337 2952 108 42 lipwest
457 2958 92 31 rates.

193 3180 208 31 Established
424 3184 86 30 1862.

437 3227 2 2 ■
617 3215 2 16 !

91 3254 120 32 FLOUR,
223 3257 54 26 best
287 3257 78 26 brand
375 3258 58 37 only
444 3258 66 35 kept.

92 3298 138 30 SHARPS,
243 3307 3 24 ;
264 3300 198 31 OATMEAL,
495 3304 107 27 BRAN

180 3342 149 26 CHICKEN
331 3344 133 30 WHEAT*
481 3347 42 24 &c.
571 3364 4 6 ,

89 3382 46 29 AS
150 3384 141 29 LOWEST
309 3386 159 29 OUBBENT
489 3388 128 30 BATK9.

85 820 8 37 ;
441 815 398 53 J.S.OOOS,

88 885 3 9 f
611 869 42 21 Tfte
671 869 203 28 People'g'Chetkist,

720 906 91 26 washel
826 907 95 34 Street,

860 946 271 27 CHRISTCHURCH.

72 1005 4 8 '
393 1014 11 17 s
780 994 125 37 (Opposite
915 998 42 26 the
976 998 56 27 A.I.
1044 1000 87 34 Hotel)

94 1061 13 22 I
114 1061 55 22 have
176 1061 96 27 pleasure
279 1062 24 22 m
312 1062 104 28 thanking
423 1069 37 21 my
467 1064 78 22 friends
554 1065 43 22 and
605 1066 119 27 aapportera
733 1066 35 22 for
775 1066 36 23 the
827 1068 117 22 confidence
962 1069 52 29 and;
1022 1074 50 23 very
1086 1071 73 22 liberal
1176 1072 39 28 pat

69 1103 80 21 fontge
164 1098 117 26 whiehha?
289 1098 52 23 been
347 1100 99 22 extended
454 1102 21 20 to
482 1107 33 16 me
521 1101 78 23 forthe
607 1104 48 26 past
663 1101 87 29 yearg.l
758 1105 55 22 trust
821 1104 47 23 that
884 1106 14 22 I
915 1106 55 22 shall
985 1107 61 23 merit
1063 1108 36 22 the
1116 1108 112 25 continued

68 1137 113 25 patronage
190 1137 23 21 of
220 1142 36 21 my
263 1136 78 22 friends
350 1136 44 22 and
401 1137 36 22 the
445 1138 70 27 public
522 1139 110 26 generally.
657 1138 81 29 During
746 1141 36 21 the
790 1148 60 20 yean
858 1142 12 21 I
882 1143 54 22 have
950 1144 51 21 been
1009 1144 24 21 m
1049 1145 148 22 Ohristchurbh
1209 1146 13 21 I

69 1168 54 25 have
132 1171 108 27 dispensed
247 1178 63 20 many
317 1173 115 21 thousands
441 1175 22 19 of
470 1175 146 27 prescriptions
625 1177 43 20 and
676 1179 133 26 successfully
818 1180 79 21 treated
907 1181 78 22 several
1004 1181 118 22 thousands
1148 1182 23 22 of
1187 1188 37 20 my

67 1202 102 34 patients.'
192 1208 54 23 lam
255 1208 52 27 fully
315 1209 124 26 acquainted
446 1212 51 21 mth
505 1212 36 21 the
554 1212 94 22 business
654 1213 61 22 maL
724 1214 28 21 its
760 1214 107 28 branches,
876 1216 43 22 and
926 1217 82 28 itisray
1016 1218 117 23 endeavour
1149 1220 78 27 always
1239 1216 4 7 '

101 1246 119 26 personally
232 1246 72 22 attend
313 1248 22 20 to
344 1247 33 21 the
383 1247 149 26 requirements
540 1249 43 22 and
589 1249 72 22 obtain
671 1250 35 22 the
715 1250 118 24 confidence
847 1253 22 22 of
886 1254 29 21 all
932 1254 138 29 whoflkindly
1086 1256 74 22 favour
1189 1262 34 17 me

68 1280 52 24 with
129 1277 54 27 their
192 1283 120 26 patronage.
740 1302 2 6 ,
863 1297 11 5 -.

70 1320 64 27 TRY
150 1321 50 22 MY
223 1322 91 22 CURE
331 1322 143 26 FORJALL
490 1323 161 28 KINDSIOF
666 1327 80 22 SKIN
774 1328 170 24 DISEASE-

75 1363 14 18 .{■
227 1358 13 19 I
248 1363 36 15 am
292 1358 131 25 exceedingly
432 1360 90 19 Buccessf
522 1360 21 20 ul
553 1360 23 20 m
585 1366 36 20 my
625 1362 99 21 remedies
732 1363 33 21 for
774 1363 43 22 this
823 1364 122 28 oomplaint,
953 1365 53 24 have
1015 1372 13 17 a
1032 1366 57 29 large
1104 1367 90 24 number
1209 1370 23 21 of

75 1402 17 16 ■?.-.
153 1401 93 16 ..•■■■■•
267 1394 146 22 testimonials.

94 1436 41 25 RY
152 1438 139 45 MY^NEW
308 1439 141 24 REMEDY
466 1442 62 21 FOR
546 1442 95 24 LIVER
653 1444 217 25 COMPLAINTS
886 1449 69 22 AND
972 1450 249 26 INDIQESTION-

84 1496 14 10 <■
123 1492 6 8 *
140 1499 15 8 
159 1499 26 18 .^
199 1474 104 44 f^?^
303 1480 11 16 6
315 1474 12 22 *
329 1480 10 16 8
348 1475 21 21 oi
378 1481 36 21 mj
421 1476 94 27 P»*tantß
524 1476 53 25 have
585 1479 78 27 proved
670 1480 18 22 it
697 1480 74 28 highly
784 1482 140 29 satisfactory.
933 1503 3 3 .

348 1522 31 26 ck
394 1523 27 26 o^
429 1523 34 26 all
473 1524 72 27 Wntls
554 1526 26 25 of
590 1526 87 27 Patent
696 1528 132 28 Medicines
849 1534 26 24 at
902 1532 70 27 Store
987 1535 90 27 Prices.

466 1577 146 28 Assortment
630 1580 27 25 of
675 1581 172 35 Honicepathic
873 1583 138 29 Medicines.

133 1607 181 47 AmSmJGS
330 1626 187 30 Guaranteed
533 1629 83 35 Pure,
631 1631 73 27 Best
724 1632 127 36 Quality,
869 1636 55 27 and
941 1638 115 28 Lowest
1081 1638 89 28 Price.

263 1673 296 30 PRESCRIPTIONS
573 1680 117 33 carefully
706 1682 49 24 and
773 1683 109 32 correctly
904 1685 130 32 dispensed.
1128 1695 3 8 '

82 1795 2 19 i
486 1783 113 33 JOHN
620 1784 29 34 S.
672 1786 143 42 COOKE,
1201 1784 41 36 W

460 1844 141 34 Registered
632 1847 202 30 Pharmacentical
850 1851 116 33 Chemist;
983 1842 38 22 i>r

404 1915 2 2 '
536 1920 5 2 ■
757 1890 10 38 .'
785 1897 111 29 Cashel
917 1901 133 34 Street,.;
1077 1895 110 44 .'%<\^[
1230 1903 4 8 :

910 1947 272 30 OHRISTOHUROH.
