<?xml version="1.0" encoding="UTF-8"?>
<alto xmlns:xsi="http://www.w3.org/2001/XMLSchema-instance" xsi:noNamespaceSchemaLocation="//docstorage/impdata$/docWORKS/schema/alto-1-2.xsd" xmlns:xlink="http://www.w3.org/TR/xlink">
	<Description>
		<MeasurementUnit>mm10</MeasurementUnit>
		<sourceImageInformation>
			<fileName>//nasserver-9/impdata$/IN/NZ_5/OO/1892/11/05/00300.TIF</fileName>
		</sourceImageInformation>
		<OCRProcessing ID="OCRPROCESSING_1">
			<preProcessingStep>
				<processingSoftware>
					<softwareCreator>CCS Content Conversion Specialists GmbH, Germany</softwareCreator>
					<softwareName>CCS docWORKS</softwareName>
					<softwareVersion>6.2-1.18</softwareVersion>
				</processingSoftware>
			</preProcessingStep>
			<ocrProcessingStep>
				<processingSoftware>
					<softwareCreator>ABBYY (BIT Software), Russia</softwareCreator>
					<softwareName>Finereader</softwareName>
				</processingSoftware>
			</ocrProcessingStep>
		</OCRProcessing>
	</Description>
	<Styles>
		<TextStyle ID="TXT_0" FONTSIZE="12" FONTFAMILY="Times New Roman"/>
		<TextStyle ID="TXT_1" FONTSIZE="12" FONTFAMILY="Times New Roman" FONTSTYLE="italics"/>
		<TextStyle ID="TXT_2" FONTSIZE="10" FONTFAMILY="Times New Roman"/>
		<TextStyle ID="TXT_3" FONTSIZE="9" FONTFAMILY="Times New Roman"/>
		<TextStyle ID="TXT_4" FONTSIZE="10" FONTFAMILY="Times New Roman" FONTSTYLE="italics"/>
		<TextStyle ID="TXT_5" FONTSIZE="6" FONTFAMILY="Times New Roman" FONTSTYLE="bold"/>
		<TextStyle ID="TXT_6" FONTSIZE="25" FONTFAMILY="Times New Roman"/>
		<TextStyle ID="TXT_7" FONTSIZE="10" FONTFAMILY="Times New Roman" FONTSTYLE="bold"/>
		<ParagraphStyle ID="PAR_LEFT" ALIGN="Left"/>
		<ParagraphStyle ID="PAR_BLOCK" ALIGN="Block"/>
		<ParagraphStyle ID="PAR_RIGHT" ALIGN="Right"/>
		<ParagraphStyle ID="PAR_CENTER" ALIGN="Center"/>
	</Styles>
	<Layout>
		<Page ID="P3" PHYSICAL_IMG_NR="3" HEIGHT="3900" WIDTH="2460" ACCURACY="98.08">
			<TopMargin ID="P3_TM00001" HPOS="0" VPOS="0" WIDTH="2459" HEIGHT="43"/>
			<LeftMargin ID="P3_LM00001" HPOS="0" VPOS="43" WIDTH="29" HEIGHT="3819"/>
			<RightMargin ID="P3_RM00001" HPOS="2421" VPOS="43" WIDTH="38" HEIGHT="3819"/>
			<BottomMargin ID="P3_BM00001" HPOS="0" VPOS="3862" WIDTH="2459" HEIGHT="38"/>
			<PrintSpace ID="P3_PS00001" HPOS="29" VPOS="43" WIDTH="2392" HEIGHT="3819">
				<TextBlock ID="P3_TB00001" HPOS="29" VPOS="182" WIDTH="555" HEIGHT="1571" STYLEREFS="TXT_0 PAR_LEFT">
					<TextLine ID="P3_TL00001" HPOS="52" VPOS="190" WIDTH="520" HEIGHT="47">
						<String ID="P3_ST00001" HPOS="52" VPOS="196" WIDTH="163" HEIGHT="41" CONTENT="objections" WC="0.91" CC="0210004021"/>
						<SP ID="P3_SP00001" HPOS="215" VPOS="237" WIDTH="15"/>
						<String ID="P3_ST00002" HPOS="230" VPOS="195" WIDTH="92" HEIGHT="39" CONTENT="likely" WC="0.93" CC="111111"/>
						<SP ID="P3_SP00002" HPOS="322" VPOS="237" WIDTH="17"/>
						<String ID="P3_ST00003" HPOS="339" VPOS="197" WIDTH="32" HEIGHT="27" CONTENT="to" WC="0.96" CC="10"/>
						<SP ID="P3_SP00003" HPOS="371" VPOS="237" WIDTH="14"/>
						<String ID="P3_ST00004" HPOS="385" VPOS="194" WIDTH="38" HEIGHT="29" CONTENT="be" WC="0.98" CC="01"/>
						<SP ID="P3_SP00004" HPOS="423" VPOS="237" WIDTH="12"/>
						<String ID="P3_ST00005" HPOS="435" VPOS="190" WIDTH="97" HEIGHT="39" CONTENT="urged" WC="0.87" CC="50101"/>
						<String ID="P3_ST00006" HPOS="532" VPOS="205" WIDTH="40" HEIGHT="4" CONTENT="—" WC="1.00" CC="0"/>
					</TextLine>
					<TextLine ID="P3_TL00002" HPOS="92" VPOS="229" WIDTH="485" HEIGHT="38">
						<String ID="P3_ST00007" HPOS="92" VPOS="238" WIDTH="26" HEIGHT="29" CONTENT="1." WC="0.98" CC="01"/>
						<SP ID="P3_SP00005" HPOS="118" VPOS="267" WIDTH="26"/>
						<String ID="P3_ST00008" HPOS="144" VPOS="237" WIDTH="44" HEIGHT="29" CONTENT="To" WC="0.98" CC="10"/>
						<SP ID="P3_SP00006" HPOS="188" VPOS="267" WIDTH="17"/>
						<String ID="P3_ST00009" HPOS="205" VPOS="236" WIDTH="54" HEIGHT="30" CONTENT="the" WC="0.84" CC="141"/>
						<SP ID="P3_SP00007" HPOS="259" VPOS="267" WIDTH="28"/>
						<String ID="P3_ST00010" HPOS="287" VPOS="233" WIDTH="228" HEIGHT="32" CONTENT="establishment" WC="0.91" CC="0101101141102"/>
						<SP ID="P3_SP00008" HPOS="515" VPOS="267" WIDTH="28"/>
						<String ID="P3_ST00011" HPOS="543" VPOS="229" WIDTH="34" HEIGHT="29" CONTENT="of" WC="1.00" CC="00"/>
					</TextLine>
					<TextLine ID="P3_TL00003" HPOS="52" VPOS="275" WIDTH="318" HEIGHT="43">
						<String ID="P3_ST00012" HPOS="52" VPOS="288" WIDTH="61" HEIGHT="30" CONTENT="any" WC="0.93" CC="111"/>
						<SP ID="P3_SP00009" HPOS="113" VPOS="318" WIDTH="14"/>
						<String ID="P3_ST00013" HPOS="127" VPOS="276" WIDTH="145" HEIGHT="32" CONTENT="National" WC="0.83" CC="90112010"/>
						<SP ID="P3_SP00010" HPOS="272" VPOS="318" WIDTH="12"/>
						<String ID="P3_ST00014" HPOS="284" VPOS="275" WIDTH="86" HEIGHT="31" CONTENT="Club." WC="0.94" CC="11101"/>
					</TextLine>
					<TextLine ID="P3_TL00004" HPOS="92" VPOS="311" WIDTH="480" HEIGHT="46">
						<String ID="P3_ST00015" HPOS="92" VPOS="320" WIDTH="26" HEIGHT="29" CONTENT="2." WC="0.94" CC="11"/>
						<SP ID="P3_SP00011" HPOS="118" VPOS="349" WIDTH="23"/>
						<String ID="P3_ST00016" HPOS="141" VPOS="318" WIDTH="45" HEIGHT="30" CONTENT="To" WC="0.96" CC="10"/>
						<SP ID="P3_SP00012" HPOS="186" VPOS="349" WIDTH="14"/>
						<String ID="P3_ST00017" HPOS="200" VPOS="318" WIDTH="53" HEIGHT="29" CONTENT="the" WC="0.93" CC="021"/>
						<SP ID="P3_SP00013" HPOS="253" VPOS="349" WIDTH="17"/>
						<String ID="P3_ST00018" HPOS="270" VPOS="315" WIDTH="172" HEIGHT="42" CONTENT="post-office" WC="0.95" CC="10111011110"/>
						<SP ID="P3_SP00014" HPOS="442" VPOS="357" WIDTH="14"/>
						<String ID="P3_ST00019" HPOS="456" VPOS="311" WIDTH="116" HEIGHT="41" CONTENT="organi" SUBS_TYPE="HypPart1" SUBS_CONTENT="organisation" WC="0.89" CC="0210412"/>
						<HYP CONTENT="-"/>
					</TextLine>
					<TextLine ID="P3_TL00005" HPOS="51" VPOS="355" WIDTH="521" HEIGHT="42">
						<String ID="P3_ST00020" HPOS="51" VPOS="360" WIDTH="98" HEIGHT="31" CONTENT="sation" SUBS_TYPE="HypPart2" SUBS_CONTENT="organisation" WC="0.96" CC="100012"/>
						<SP ID="P3_SP00015" HPOS="149" VPOS="391" WIDTH="12"/>
						<String ID="P3_ST00021" HPOS="161" VPOS="358" WIDTH="93" HEIGHT="39" CONTENT="being" WC="0.93" CC="10121"/>
						<SP ID="P3_SP00016" HPOS="254" VPOS="397" WIDTH="23"/>
						<String ID="P3_ST00022" HPOS="277" VPOS="357" WIDTH="76" HEIGHT="31" CONTENT="used" WC="0.85" CC="2401"/>
						<SP ID="P3_SP00017" HPOS="353" VPOS="397" WIDTH="19"/>
						<String ID="P3_ST00023" HPOS="372" VPOS="357" WIDTH="47" HEIGHT="28" CONTENT="for" WC="0.96" CC="100"/>
						<SP ID="P3_SP00018" HPOS="419" VPOS="397" WIDTH="14"/>
						<String ID="P3_ST00024" HPOS="433" VPOS="355" WIDTH="51" HEIGHT="28" CONTENT="the" WC="0.96" CC="101"/>
						<SP ID="P3_SP00019" HPOS="484" VPOS="397" WIDTH="14"/>
						<String ID="P3_ST00025" HPOS="498" VPOS="362" WIDTH="74" HEIGHT="30" CONTENT="pur" SUBS_TYPE="HypPart1" SUBS_CONTENT="purpose." WC="0.95" CC="0012"/>
						<HYP CONTENT="-"/>
					</TextLine>
					<TextLine ID="P3_TL00006" HPOS="51" VPOS="410" WIDTH="81" HEIGHT="30">
						<String ID="P3_ST00026" HPOS="51" VPOS="410" WIDTH="81" HEIGHT="30" CONTENT="pose." SUBS_TYPE="HypPart2" SUBS_CONTENT="purpose." WC="0.98" CC="00110"/>
					</TextLine>
					<TextLine ID="P3_TL00007" HPOS="92" VPOS="432" WIDTH="481" HEIGHT="39">
						<String ID="P3_ST00027" HPOS="92" VPOS="441" WIDTH="26" HEIGHT="30" CONTENT="3." WC="0.91" CC="21"/>
						<SP ID="P3_SP00020" HPOS="118" VPOS="471" WIDTH="26"/>
						<String ID="P3_ST00028" HPOS="144" VPOS="438" WIDTH="44" HEIGHT="32" CONTENT="To" WC="0.98" CC="10"/>
						<SP ID="P3_SP00021" HPOS="188" VPOS="471" WIDTH="13"/>
						<String ID="P3_ST00029" HPOS="201" VPOS="439" WIDTH="52" HEIGHT="31" CONTENT="the" WC="0.93" CC="011"/>
						<SP ID="P3_SP00022" HPOS="253" VPOS="471" WIDTH="14"/>
						<String ID="P3_ST00030" HPOS="267" VPOS="438" WIDTH="117" HEIGHT="31" CONTENT="trouble" WC="0.98" CC="0100000"/>
						<SP ID="P3_SP00023" HPOS="384" VPOS="471" WIDTH="15"/>
						<String ID="P3_ST00031" HPOS="399" VPOS="432" WIDTH="174" HEIGHT="33" CONTENT="occasioned" WC="0.92" CC="0111110131"/>
					</TextLine>
					<TextLine ID="P3_TL00008" HPOS="52" VPOS="481" WIDTH="225" HEIGHT="40">
						<String ID="P3_ST00032" HPOS="52" VPOS="485" WIDTH="33" HEIGHT="28" CONTENT="to" WC="1.00" CC="00"/>
						<SP ID="P3_SP00024" HPOS="85" VPOS="513" WIDTH="16"/>
						<String ID="P3_ST00033" HPOS="101" VPOS="481" WIDTH="176" HEIGHT="40" CONTENT="employers." WC="0.97" CC="0100010111"/>
					</TextLine>
					<TextLine ID="P3_TL00009" HPOS="29" VPOS="513" WIDTH="544" HEIGHT="46">
						<String ID="P3_ST00034" HPOS="29" VPOS="519" WIDTH="28" HEIGHT="32" CONTENT="%" WC="0.04" CC="9"/>
						<SP ID="P3_SP00025" HPOS="57" VPOS="551" WIDTH="37"/>
						<String ID="P3_ST00035" HPOS="94" VPOS="523" WIDTH="28" HEIGHT="30" CONTENT="4." WC="0.93" CC="11"/>
						<SP ID="P3_SP00026" HPOS="122" VPOS="553" WIDTH="22"/>
						<String ID="P3_ST00036" HPOS="144" VPOS="521" WIDTH="43" HEIGHT="30" CONTENT="To" WC="0.96" CC="10"/>
						<SP ID="P3_SP00027" HPOS="187" VPOS="553" WIDTH="17"/>
						<String ID="P3_ST00037" HPOS="204" VPOS="522" WIDTH="52" HEIGHT="30" CONTENT="the" WC="0.94" CC="110"/>
						<SP ID="P3_SP00028" HPOS="256" VPOS="553" WIDTH="28"/>
						<String ID="P3_ST00038" HPOS="284" VPOS="521" WIDTH="150" HEIGHT="38" CONTENT="largeness" WC="0.95" CC="111112010"/>
						<SP ID="P3_SP00029" HPOS="434" VPOS="559" WIDTH="29"/>
						<String ID="P3_ST00039" HPOS="463" VPOS="516" WIDTH="32" HEIGHT="29" CONTENT="of" WC="0.94" CC="01"/>
						<SP ID="P3_SP00030" HPOS="495" VPOS="559" WIDTH="27"/>
						<String ID="P3_ST00040" HPOS="522" VPOS="513" WIDTH="51" HEIGHT="32" CONTENT="the" WC="0.99" CC="001"/>
					</TextLine>
					<TextLine ID="P3_TL00010" HPOS="54" VPOS="559" WIDTH="518" HEIGHT="43">
						<String ID="P3_ST00041" HPOS="54" VPOS="574" WIDTH="68" HEIGHT="21" CONTENT="sum" WC="0.96" CC="101"/>
						<SP ID="P3_SP00031" HPOS="122" VPOS="595" WIDTH="12"/>
						<String ID="P3_ST00042" HPOS="134" VPOS="566" WIDTH="31" HEIGHT="27" CONTENT="to" WC="1.00" CC="00"/>
						<SP ID="P3_SP00032" HPOS="165" VPOS="595" WIDTH="14"/>
						<String ID="P3_ST00043" HPOS="179" VPOS="563" WIDTH="38" HEIGHT="30" CONTENT="be" WC="0.96" CC="10"/>
						<SP ID="P3_SP00033" HPOS="217" VPOS="595" WIDTH="27"/>
						<String ID="P3_ST00044" HPOS="244" VPOS="562" WIDTH="72" HEIGHT="40" CONTENT="paid" WC="0.98" CC="1001"/>
						<SP ID="P3_SP00034" HPOS="316" VPOS="602" WIDTH="14"/>
						<String ID="P3_ST00045" HPOS="330" VPOS="561" WIDTH="46" HEIGHT="29" CONTENT="for" WC="0.96" CC="101"/>
						<SP ID="P3_SP00035" HPOS="376" VPOS="602" WIDTH="21"/>
						<String ID="P3_ST00046" HPOS="397" VPOS="559" WIDTH="158" HEIGHT="29" CONTENT="insurance" WC="0.95" CC="011012011"/>
						<String ID="P3_ST00047" HPOS="565" VPOS="564" WIDTH="7" HEIGHT="27" CONTENT=";" WC="0.96" CC="1"/>
					</TextLine>
					<TextLine ID="P3_TL00011" HPOS="53" VPOS="604" WIDTH="79" HEIGHT="31">
						<String ID="P3_ST00048" HPOS="53" VPOS="604" WIDTH="79" HEIGHT="31" CONTENT="and:" WC="0.96" CC="1110"/>
					</TextLine>
					<TextLine ID="P3_TL00012" HPOS="46" VPOS="638" WIDTH="528" HEIGHT="39">
						<String ID="P3_ST00049" HPOS="46" VPOS="670" WIDTH="9" HEIGHT="6" CONTENT="." WC="0.81" CC="2"/>
						<SP ID="P3_SP00036" HPOS="55" VPOS="676" WIDTH="41"/>
						<String ID="P3_ST00050" HPOS="96" VPOS="645" WIDTH="27" HEIGHT="29" CONTENT="5." WC="0.98" CC="01"/>
						<SP ID="P3_SP00037" HPOS="123" VPOS="676" WIDTH="21"/>
						<String ID="P3_ST00051" HPOS="144" VPOS="644" WIDTH="18" HEIGHT="30" CONTENT="I" WC="1.00" CC="0"/>
						<SP ID="P3_SP00038" HPOS="162" VPOS="676" WIDTH="13"/>
						<String ID="P3_ST00052" HPOS="175" VPOS="644" WIDTH="63" HEIGHT="30" CONTENT="will" WC="0.74" CC="9100"/>
						<SP ID="P3_SP00039" HPOS="238" VPOS="676" WIDTH="14"/>
						<String ID="P3_ST00053" HPOS="252" VPOS="642" WIDTH="134" HEIGHT="31" CONTENT="consider" WC="0.96" CC="00111110"/>
						<SP ID="P3_SP00040" HPOS="386" VPOS="676" WIDTH="14"/>
						<String ID="P3_ST00054" HPOS="400" VPOS="639" WIDTH="53" HEIGHT="30" CONTENT="the" WC="0.86" CC="140"/>
						<SP ID="P3_SP00041" HPOS="453" VPOS="676" WIDTH="9"/>
						<String ID="P3_ST00055" HPOS="462" VPOS="638" WIDTH="112" HEIGHT="39" CONTENT="object" SUBS_TYPE="HypPart1" SUBS_CONTENT="objections" WC="0.94" CC="0112011"/>
						<HYP CONTENT="-"/>
					</TextLine>
					<TextLine ID="P3_TL00013" HPOS="53" VPOS="679" WIDTH="521" HEIGHT="47">
						<String ID="P3_ST00056" HPOS="53" VPOS="686" WIDTH="67" HEIGHT="31" CONTENT="ions" SUBS_TYPE="HypPart2" SUBS_CONTENT="objections" WC="0.95" CC="1011"/>
						<SP ID="P3_SP00042" HPOS="120" VPOS="717" WIDTH="16"/>
						<String ID="P3_ST00057" HPOS="136" VPOS="686" WIDTH="32" HEIGHT="29" CONTENT="of" WC="0.98" CC="01"/>
						<SP ID="P3_SP00043" HPOS="168" VPOS="717" WIDTH="13"/>
						<String ID="P3_ST00058" HPOS="181" VPOS="686" WIDTH="53" HEIGHT="29" CONTENT="the" WC="0.99" CC="001"/>
						<SP ID="P3_SP00044" HPOS="234" VPOS="717" WIDTH="14"/>
						<String ID="P3_ST00059" HPOS="248" VPOS="691" WIDTH="124" HEIGHT="35" CONTENT="persons" WC="0.98" CC="0011001"/>
						<SP ID="P3_SP00045" HPOS="372" VPOS="726" WIDTH="9"/>
						<String ID="P3_ST00060" HPOS="381" VPOS="679" WIDTH="96" HEIGHT="32" CONTENT="called" WC="0.97" CC="010010"/>
						<SP ID="P3_SP00046" HPOS="477" VPOS="726" WIDTH="15"/>
						<String ID="P3_ST00061" HPOS="492" VPOS="688" WIDTH="82" HEIGHT="30" CONTENT="upon" WC="0.94" CC="1101"/>
					</TextLine>
					<TextLine ID="P3_TL00014" HPOS="55" VPOS="726" WIDTH="154" HEIGHT="33">
						<String ID="P3_ST00062" HPOS="55" VPOS="731" WIDTH="33" HEIGHT="28" CONTENT="to" WC="1.00" CC="00"/>
						<SP ID="P3_SP00047" HPOS="88" VPOS="759" WIDTH="11"/>
						<String ID="P3_ST00063" HPOS="99" VPOS="726" WIDTH="110" HEIGHT="32" CONTENT="insure." WC="0.98" CC="0011100"/>
					</TextLine>
					<TextLine ID="P3_TL00015" HPOS="94" VPOS="760" WIDTH="480" HEIGHT="40">
						<String ID="P3_ST00064" HPOS="94" VPOS="767" WIDTH="63" HEIGHT="31" CONTENT="But" WC="0.93" CC="210"/>
						<SP ID="P3_SP00048" HPOS="157" VPOS="798" WIDTH="15"/>
						<String ID="P3_ST00065" HPOS="172" VPOS="767" WIDTH="104" HEIGHT="30" CONTENT="before" WC="0.96" CC="111001"/>
						<SP ID="P3_SP00049" HPOS="276" VPOS="798" WIDTH="27"/>
						<String ID="P3_ST00066" HPOS="303" VPOS="763" WIDTH="138" HEIGHT="37" CONTENT="entering" WC="0.90" CC="11600011"/>
						<SP ID="P3_SP00050" HPOS="441" VPOS="800" WIDTH="18"/>
						<String ID="P3_ST00067" HPOS="459" VPOS="771" WIDTH="39" HEIGHT="20" CONTENT="on" WC="0.96" CC="01"/>
						<SP ID="P3_SP00051" HPOS="498" VPOS="800" WIDTH="24"/>
						<String ID="P3_ST00068" HPOS="522" VPOS="760" WIDTH="52" HEIGHT="30" CONTENT="the" WC="0.63" CC="119"/>
					</TextLine>
					<TextLine ID="P3_TL00016" HPOS="56" VPOS="801" WIDTH="518" HEIGHT="38">
						<String ID="P3_ST00069" HPOS="56" VPOS="808" WIDTH="203" HEIGHT="31" CONTENT="examination" WC="0.96" CC="11011011101"/>
						<SP ID="P3_SP00052" HPOS="259" VPOS="839" WIDTH="26"/>
						<String ID="P3_ST00070" HPOS="285" VPOS="807" WIDTH="31" HEIGHT="28" CONTENT="of" WC="0.94" CC="01"/>
						<SP ID="P3_SP00053" HPOS="316" VPOS="839" WIDTH="23"/>
						<String ID="P3_ST00071" HPOS="339" VPOS="806" WIDTH="85" HEIGHT="27" CONTENT="these" WC="0.93" CC="11112"/>
						<SP ID="P3_SP00054" HPOS="424" VPOS="839" WIDTH="27"/>
						<String ID="P3_ST00072" HPOS="451" VPOS="801" WIDTH="123" HEIGHT="31" CONTENT="variour" WC="0.93" CC="1011021"/>
					</TextLine>
					<TextLine ID="P3_TL00017" HPOS="54" VPOS="840" WIDTH="520" HEIGHT="49">
						<String ID="P3_ST00073" HPOS="54" VPOS="849" WIDTH="174" HEIGHT="40" CONTENT="objections," WC="0.98" CC="00100000101"/>
						<SP ID="P3_SP00055" HPOS="228" VPOS="889" WIDTH="40"/>
						<String ID="P3_ST00074" HPOS="268" VPOS="847" WIDTH="19" HEIGHT="29" CONTENT="I" WC="1.00" CC="0"/>
						<SP ID="P3_SP00056" HPOS="287" VPOS="889" WIDTH="40"/>
						<String ID="P3_ST00075" HPOS="327" VPOS="847" WIDTH="81" HEIGHT="27" CONTENT="must" WC="0.95" CC="1110"/>
						<SP ID="P3_SP00057" HPOS="408" VPOS="889" WIDTH="27"/>
						<String ID="P3_ST00076" HPOS="435" VPOS="840" WIDTH="139" HEIGHT="40" CONTENT="strongly" WC="0.95" CC="11100201"/>
					</TextLine>
					<TextLine ID="P3_TL00018" HPOS="29" VPOS="882" WIDTH="545" HEIGHT="48">
						<String ID="P3_ST00077" HPOS="29" VPOS="896" WIDTH="20" HEIGHT="31" CONTENT="(," WC="0.74" CC="33"/>
						<String ID="P3_ST00078" HPOS="54" VPOS="900" WIDTH="86" HEIGHT="30" CONTENT="press" WC="0.96" CC="01011"/>
						<SP ID="P3_SP00058" HPOS="140" VPOS="930" WIDTH="10"/>
						<String ID="P3_ST00079" HPOS="150" VPOS="889" WIDTH="52" HEIGHT="30" CONTENT="the" WC="0.99" CC="100"/>
						<SP ID="P3_SP00059" HPOS="202" VPOS="930" WIDTH="14"/>
						<String ID="P3_ST00080" HPOS="216" VPOS="888" WIDTH="63" HEIGHT="31" CONTENT="fact" WC="0.93" CC="1200"/>
						<SP ID="P3_SP00060" HPOS="279" VPOS="930" WIDTH="10"/>
						<String ID="P3_ST00081" HPOS="289" VPOS="887" WIDTH="68" HEIGHT="30" CONTENT="that" WC="0.97" CC="0101"/>
						<SP ID="P3_SP00061" HPOS="357" VPOS="930" WIDTH="9"/>
						<String ID="P3_ST00082" HPOS="366" VPOS="885" WIDTH="74" HEIGHT="38" CONTENT="they" WC="0.98" CC="1000"/>
						<SP ID="P3_SP00062" HPOS="440" VPOS="930" WIDTH="11"/>
						<String ID="P3_ST00083" HPOS="451" VPOS="882" WIDTH="40" HEIGHT="30" CONTENT="all" WC="1.00" CC="000"/>
						<SP ID="P3_SP00063" HPOS="491" VPOS="930" WIDTH="14"/>
						<String ID="P3_ST00084" HPOS="505" VPOS="892" WIDTH="69" HEIGHT="20" CONTENT="con" SUBS_TYPE="HypPart1" SUBS_CONTENT="concern" WC="0.97" CC="0011"/>
						<HYP CONTENT="-"/>
					</TextLine>
					<TextLine ID="P3_TL00019" HPOS="54" VPOS="922" WIDTH="519" HEIGHT="42">
						<String ID="P3_ST00085" HPOS="54" VPOS="941" WIDTH="71" HEIGHT="20" CONTENT="cern" SUBS_TYPE="HypPart2" SUBS_CONTENT="concern" WC="0.84" CC="4111"/>
						<SP ID="P3_SP00064" HPOS="125" VPOS="961" WIDTH="12"/>
						<String ID="P3_ST00086" HPOS="137" VPOS="933" WIDTH="124" HEIGHT="27" CONTENT="matters" WC="0.97" CC="1101001"/>
						<SP ID="P3_SP00065" HPOS="261" VPOS="961" WIDTH="19"/>
						<String ID="P3_ST00087" HPOS="280" VPOS="931" WIDTH="56" HEIGHT="26" CONTENT="not" WC="0.96" CC="100"/>
						<SP ID="P3_SP00066" HPOS="336" VPOS="961" WIDTH="26"/>
						<String ID="P3_ST00088" HPOS="362" VPOS="926" WIDTH="33" HEIGHT="29" CONTENT="of" WC="0.94" CC="01"/>
						<SP ID="P3_SP00067" HPOS="395" VPOS="961" WIDTH="23"/>
						<String ID="P3_ST00089" HPOS="418" VPOS="922" WIDTH="155" HEIGHT="42" CONTENT="principle," WC="0.95" CC="1011001102"/>
					</TextLine>
					<TextLine ID="P3_TL00020" HPOS="52" VPOS="962" WIDTH="522" HEIGHT="42">
						<String ID="P3_ST00090" HPOS="52" VPOS="972" WIDTH="56" HEIGHT="30" CONTENT="but" WC="0.91" CC="201"/>
						<SP ID="P3_SP00068" HPOS="108" VPOS="1002" WIDTH="27"/>
						<String ID="P3_ST00091" HPOS="135" VPOS="971" WIDTH="33" HEIGHT="29" CONTENT="of" WC="0.91" CC="11"/>
						<SP ID="P3_SP00069" HPOS="168" VPOS="1002" WIDTH="27"/>
						<String ID="P3_ST00092" HPOS="195" VPOS="969" WIDTH="100" HEIGHT="31" CONTENT="detail." WC="0.97" CC="1200001"/>
						<SP ID="P3_SP00070" HPOS="295" VPOS="1002" WIDTH="43"/>
						<String ID="P3_ST00093" HPOS="338" VPOS="966" WIDTH="64" HEIGHT="30" CONTENT="The" WC="0.94" CC="111"/>
						<SP ID="P3_SP00071" HPOS="402" VPOS="1002" WIDTH="26"/>
						<String ID="P3_ST00094" HPOS="428" VPOS="962" WIDTH="146" HEIGHT="42" CONTENT="principle" WC="0.97" CC="011110100"/>
					</TextLine>
					<TextLine ID="P3_TL00021" HPOS="54" VPOS="1002" WIDTH="520" HEIGHT="48">
						<String ID="P3_ST00095" HPOS="54" VPOS="1013" WIDTH="32" HEIGHT="31" CONTENT="of" WC="0.94" CC="01"/>
						<SP ID="P3_SP00072" HPOS="86" VPOS="1044" WIDTH="23"/>
						<String ID="P3_ST00096" HPOS="109" VPOS="1011" WIDTH="125" HEIGHT="39" CONTENT="making" WC="0.96" CC="111001"/>
						<SP ID="P3_SP00073" HPOS="234" VPOS="1050" WIDTH="25"/>
						<String ID="P3_ST00097" HPOS="259" VPOS="1008" WIDTH="75" HEIGHT="31" CONTENT="each" WC="0.98" CC="0001"/>
						<SP ID="P3_SP00074" HPOS="334" VPOS="1050" WIDTH="19"/>
						<String ID="P3_ST00098" HPOS="353" VPOS="1016" WIDTH="71" HEIGHT="20" CONTENT="man" WC="0.99" CC="010"/>
						<SP ID="P3_SP00075" HPOS="424" VPOS="1050" WIDTH="33"/>
						<String ID="P3_ST00099" HPOS="457" VPOS="1005" WIDTH="68" HEIGHT="30" CONTENT="who" WC="0.85" CC="410"/>
						<SP ID="P3_SP00076" HPOS="525" VPOS="1050" WIDTH="24"/>
						<String ID="P3_ST00100" HPOS="549" VPOS="1002" WIDTH="25" HEIGHT="30" CONTENT="is" WC="1.00" CC="00"/>
					</TextLine>
					<TextLine ID="P3_TL00022" HPOS="52" VPOS="1044" WIDTH="522" HEIGHT="48">
						<String ID="P3_ST00101" HPOS="52" VPOS="1053" WIDTH="68" HEIGHT="31" CONTENT="able" WC="0.99" CC="1000"/>
						<SP ID="P3_SP00077" HPOS="120" VPOS="1084" WIDTH="34"/>
						<String ID="P3_ST00102" HPOS="154" VPOS="1051" WIDTH="126" HEIGHT="41" CONTENT="provide" WC="0.95" CC="0103010"/>
						<SP ID="P3_SP00078" HPOS="280" VPOS="1092" WIDTH="26"/>
						<String ID="P3_ST00103" HPOS="306" VPOS="1049" WIDTH="49" HEIGHT="30" CONTENT="for" WC="0.93" CC="101"/>
						<SP ID="P3_SP00079" HPOS="355" VPOS="1092" WIDTH="31"/>
						<String ID="P3_ST00104" HPOS="386" VPOS="1046" WIDTH="122" HEIGHT="31" CONTENT="himself" WC="0.98" CC="1010001"/>
						<SP ID="P3_SP00080" HPOS="508" VPOS="1092" WIDTH="39"/>
						<String ID="P3_ST00105" HPOS="547" VPOS="1044" WIDTH="27" HEIGHT="30" CONTENT="is" WC="0.96" CC="01"/>
					</TextLine>
					<TextLine ID="P3_TL00023" HPOS="54" VPOS="1085" WIDTH="519" HEIGHT="49">
						<String ID="P3_ST00106" HPOS="54" VPOS="1094" WIDTH="83" HEIGHT="40" CONTENT="right" WC="0.97" CC="10011"/>
						<SP ID="P3_SP00081" HPOS="137" VPOS="1134" WIDTH="28"/>
						<String ID="P3_ST00107" HPOS="165" VPOS="1093" WIDTH="164" HEIGHT="32" CONTENT="and/true," WC="0.87" CC="112511012"/>
						<SP ID="P3_SP00082" HPOS="329" VPOS="1134" WIDTH="29"/>
						<String ID="P3_ST00108" HPOS="358" VPOS="1098" WIDTH="75" HEIGHT="21" CONTENT="even" WC="0.94" CC="1101"/>
						<SP ID="P3_SP00083" HPOS="433" VPOS="1134" WIDTH="23"/>
						<String ID="P3_ST00109" HPOS="456" VPOS="1085" WIDTH="117" HEIGHT="39" CONTENT="though" WC="0.95" CC="110101"/>
					</TextLine>
					<TextLine ID="P3_TL00024" HPOS="43" VPOS="1126" WIDTH="531" HEIGHT="47">
						<String ID="P3_ST00110" HPOS="43" VPOS="1127" WIDTH="101" HEIGHT="46" CONTENT='"every' WC="0.80" CC="900121"/>
						<SP ID="P3_SP00084" HPOS="144" VPOS="1173" WIDTH="23"/>
						<String ID="P3_ST00111" HPOS="167" VPOS="1133" WIDTH="94" HEIGHT="30" CONTENT="detail" WC="0.98" CC="101100"/>
						<SP ID="P3_SP00085" HPOS="261" VPOS="1173" WIDTH="33"/>
						<String ID="P3_ST00112" HPOS="294" VPOS="1131" WIDTH="33" HEIGHT="29" CONTENT="of" WC="0.98" CC="01"/>
						<SP ID="P3_SP00086" HPOS="327" VPOS="1173" WIDTH="31"/>
						<String ID="P3_ST00113" HPOS="358" VPOS="1138" WIDTH="53" HEIGHT="29" CONTENT="my" WC="0.93" CC="11"/>
						<SP ID="P3_SP00087" HPOS="411" VPOS="1173" WIDTH="27"/>
						<String ID="P3_ST00114" HPOS="438" VPOS="1127" WIDTH="73" HEIGHT="37" CONTENT="plan" WC="0.89" CC="2012"/>
						<SP ID="P3_SP00088" HPOS="511" VPOS="1173" WIDTH="26"/>
						<String ID="P3_ST00115" HPOS="537" VPOS="1126" WIDTH="37" HEIGHT="29" CONTENT="be" WC="0.94" CC="11"/>
					</TextLine>
					<TextLine ID="P3_TL00025" HPOS="28" VPOS="1166" WIDTH="545" HEIGHT="49">
						<String ID="P3_ST00116" HPOS="28" VPOS="1190" WIDTH="2" HEIGHT="14" CONTENT="»" WC="0.67" CC="3"/>
						<String ID="P3_ST00117" HPOS="42" VPOS="1179" WIDTH="3" HEIGHT="13" CONTENT=":" WC="0.96" CC="1"/>
						<SP ID="P3_SP00089" HPOS="45" VPOS="1204" WIDTH="9"/>
						<String ID="P3_ST00118" HPOS="54" VPOS="1174" WIDTH="123" HEIGHT="41" CONTENT="capable" WC="0.98" CC="0011100"/>
						<SP ID="P3_SP00090" HPOS="177" VPOS="1215" WIDTH="28"/>
						<String ID="P3_ST00119" HPOS="205" VPOS="1174" WIDTH="33" HEIGHT="29" CONTENT="of" WC="0.98" CC="01"/>
						<SP ID="P3_SP00091" HPOS="238" VPOS="1215" WIDTH="13"/>
						<String ID="P3_ST00120" HPOS="251" VPOS="1170" WIDTH="161" HEIGHT="32" CONTENT="alteration" WC="0.97" CC="1011110001"/>
						<SP ID="P3_SP00092" HPOS="412" VPOS="1215" WIDTH="25"/>
						<String ID="P3_ST00121" HPOS="437" VPOS="1167" WIDTH="59" HEIGHT="30" CONTENT="and" WC="0.96" CC="011"/>
						<SP ID="P3_SP00093" HPOS="496" VPOS="1215" WIDTH="23"/>
						<String ID="P3_ST00122" HPOS="519" VPOS="1166" WIDTH="54" HEIGHT="30" CONTENT="im-" WC="0.91" CC="012"/>
					</TextLine>
					<TextLine ID="P3_TL00026" HPOS="29" VPOS="1209" WIDTH="545" HEIGHT="51">
						<String ID="P3_ST00123" HPOS="29" VPOS="1235" WIDTH="1" HEIGHT="25" CONTENT="I" WC="0.70" CC="3"/>
						<SP ID="P3_SP00094" HPOS="30" VPOS="1260" WIDTH="22"/>
						<String ID="P3_ST00124" HPOS="52" VPOS="1218" WIDTH="179" HEIGHT="38" CONTENT="provement" WC="0.98" CC="110010000"/>
						<String ID="P3_ST00125" HPOS="240" VPOS="1226" WIDTH="7" HEIGHT="25" CONTENT=";" WC="0.81" CC="2"/>
						<SP ID="P3_SP00095" HPOS="247" VPOS="1260" WIDTH="17"/>
						<String ID="P3_ST00126" HPOS="264" VPOS="1212" WIDTH="60" HEIGHT="30" CONTENT="and" WC="0.97" CC="110"/>
						<SP ID="P3_SP00096" HPOS="324" VPOS="1260" WIDTH="10"/>
						<String ID="P3_ST00127" HPOS="334" VPOS="1211" WIDTH="16" HEIGHT="29" CONTENT="I" WC="1.00" CC="0"/>
						<SP ID="P3_SP00097" HPOS="350" VPOS="1260" WIDTH="15"/>
						<String ID="P3_ST00128" HPOS="365" VPOS="1209" WIDTH="72" HEIGHT="39" CONTENT="only" WC="0.97" CC="0001"/>
						<SP ID="P3_SP00098" HPOS="437" VPOS="1260" WIDTH="9"/>
						<String ID="P3_ST00129" HPOS="446" VPOS="1211" WIDTH="128" HEIGHT="28" CONTENT="venture" WC="0.98" CC="1101001"/>
					</TextLine>
					<TextLine ID="P3_TL00027" HPOS="28" VPOS="1247" WIDTH="546" HEIGHT="49">
						<String ID="P3_ST00130" HPOS="28" VPOS="1270" WIDTH="2" HEIGHT="4" CONTENT="'" WC="0.67" CC="3"/>
						<SP ID="P3_SP00099" HPOS="30" VPOS="1274" WIDTH="7"/>
						<String ID="P3_ST00131" HPOS="37" VPOS="1261" WIDTH="47" HEIGHT="35" CONTENT="fto" WC="0.65" CC="910"/>
						<SP ID="P3_SP00100" HPOS="84" VPOS="1296" WIDTH="15"/>
						<String ID="P3_ST00132" HPOS="99" VPOS="1258" WIDTH="146" HEIGHT="29" CONTENT="advocate" WC="0.98" CC="10100101"/>
						<SP ID="P3_SP00101" HPOS="245" VPOS="1296" WIDTH="14"/>
						<String ID="P3_ST00133" HPOS="259" VPOS="1254" WIDTH="52" HEIGHT="30" CONTENT="the" WC="0.96" CC="101"/>
						<SP ID="P3_SP00102" HPOS="311" VPOS="1296" WIDTH="11"/>
						<String ID="P3_ST00134" HPOS="322" VPOS="1251" WIDTH="106" HEIGHT="31" CONTENT="details" WC="0.97" CC="0011001"/>
						<SP ID="P3_SP00103" HPOS="428" VPOS="1296" WIDTH="16"/>
						<String ID="P3_ST00135" HPOS="444" VPOS="1249" WIDTH="100" HEIGHT="30" CONTENT="which" WC="0.95" CC="11001"/>
						<SP ID="P3_SP00104" HPOS="544" VPOS="1296" WIDTH="13"/>
						<String ID="P3_ST00136" HPOS="557" VPOS="1247" WIDTH="17" HEIGHT="30" CONTENT="I" WC="1.00" CC="0"/>
					</TextLine>
					<TextLine ID="P3_TL00028" HPOS="36" VPOS="1289" WIDTH="535" HEIGHT="49">
						<String ID="P3_ST00137" HPOS="36" VPOS="1302" WIDTH="6" HEIGHT="29" CONTENT="/" WC="0.85" CC="2"/>
						<SP ID="P3_SP00105" HPOS="42" VPOS="1331" WIDTH="11"/>
						<String ID="P3_ST00138" HPOS="53" VPOS="1299" WIDTH="137" HEIGHT="39" CONTENT="suggest," WC="0.81" CC="22021243"/>
						<SP ID="P3_SP00106" HPOS="190" VPOS="1338" WIDTH="11"/>
						<String ID="P3_ST00139" HPOS="201" VPOS="1305" WIDTH="34" HEIGHT="19" CONTENT="so" WC="0.93" CC="20"/>
						<SP ID="P3_SP00107" HPOS="235" VPOS="1338" WIDTH="9"/>
						<String ID="P3_ST00140" HPOS="244" VPOS="1296" WIDTH="72" HEIGHT="37" CONTENT="long" WC="0.88" CC="0131"/>
						<SP ID="P3_SP00108" HPOS="316" VPOS="1338" WIDTH="9"/>
						<String ID="P3_ST00141" HPOS="325" VPOS="1301" WIDTH="33" HEIGHT="20" CONTENT="as" WC="0.91" CC="11"/>
						<SP ID="P3_SP00109" HPOS="358" VPOS="1338" WIDTH="11"/>
						<String ID="P3_ST00142" HPOS="369" VPOS="1300" WIDTH="82" HEIGHT="21" CONTENT="some" WC="0.94" CC="1011"/>
						<SP ID="P3_SP00110" HPOS="451" VPOS="1338" WIDTH="10"/>
						<String ID="P3_ST00143" HPOS="461" VPOS="1289" WIDTH="110" HEIGHT="30" CONTENT="worth" SUBS_TYPE="HypPart1" SUBS_CONTENT="worthier" WC="0.90" CC="201221"/>
						<HYP CONTENT="-"/>
					</TextLine>
					<TextLine ID="P3_TL00029" HPOS="54" VPOS="1327" WIDTH="518" HEIGHT="42">
						<String ID="P3_ST00144" HPOS="54" VPOS="1338" WIDTH="45" HEIGHT="31" CONTENT="ier" SUBS_TYPE="HypPart2" SUBS_CONTENT="worthier" WC="0.97" CC="001"/>
						<SP ID="P3_SP00111" HPOS="99" VPOS="1369" WIDTH="12"/>
						<String ID="P3_ST00145" HPOS="111" VPOS="1338" WIDTH="141" HEIGHT="31" CONTENT="labourer" WC="0.96" CC="01101101"/>
						<SP ID="P3_SP00112" HPOS="252" VPOS="1369" WIDTH="13"/>
						<String ID="P3_ST00146" HPOS="265" VPOS="1335" WIDTH="33" HEIGHT="29" CONTENT="m" WC="0.96" CC="1"/>
						<SP ID="P3_SP00113" HPOS="298" VPOS="1369" WIDTH="24"/>
						<String ID="P3_ST00147" HPOS="322" VPOS="1333" WIDTH="52" HEIGHT="29" CONTENT="the" WC="1.00" CC="000"/>
						<SP ID="P3_SP00114" HPOS="374" VPOS="1369" WIDTH="22"/>
						<String ID="P3_ST00148" HPOS="396" VPOS="1340" WIDTH="82" HEIGHT="22" CONTENT="same" WC="0.97" CC="1101"/>
						<SP ID="P3_SP00115" HPOS="478" VPOS="1369" WIDTH="23"/>
						<String ID="P3_ST00149" HPOS="501" VPOS="1327" WIDTH="71" HEIGHT="32" CONTENT="field" WC="0.93" CC="11011"/>
					</TextLine>
					<TextLine ID="P3_TL00030" HPOS="42" VPOS="1369" WIDTH="531" HEIGHT="49">
						<String ID="P3_ST00150" HPOS="42" VPOS="1379" WIDTH="47" HEIGHT="34" CONTENT=",of" WC="0.83" CC="321"/>
						<SP ID="P3_SP00116" HPOS="89" VPOS="1413" WIDTH="22"/>
						<String ID="P3_ST00151" HPOS="111" VPOS="1376" WIDTH="133" HEIGHT="42" CONTENT="thought" WC="0.96" CC="0100111"/>
						<SP ID="P3_SP00117" HPOS="244" VPOS="1418" WIDTH="13"/>
						<String ID="P3_ST00152" HPOS="257" VPOS="1376" WIDTH="70" HEIGHT="30" CONTENT="does" WC="0.94" CC="1011"/>
						<SP ID="P3_SP00118" HPOS="327" VPOS="1418" WIDTH="19"/>
						<String ID="P3_ST00153" HPOS="346" VPOS="1376" WIDTH="63" HEIGHT="32" CONTENT="not;" WC="0.73" CC="1019"/>
						<SP ID="P3_SP00119" HPOS="409" VPOS="1418" WIDTH="25"/>
						<String ID="P3_ST00154" HPOS="434" VPOS="1371" WIDTH="77" HEIGHT="30" CONTENT="from" WC="0.97" CC="1100"/>
						<SP ID="P3_SP00120" HPOS="511" VPOS="1418" WIDTH="13"/>
						<String ID="P3_ST00155" HPOS="524" VPOS="1369" WIDTH="49" HEIGHT="30" CONTENT="his" WC="0.77" CC="115"/>
					</TextLine>
					<TextLine ID="P3_TL00031" HPOS="53" VPOS="1410" WIDTH="523" HEIGHT="44">
						<String ID="P3_ST00156" HPOS="53" VPOS="1421" WIDTH="100" HEIGHT="30" CONTENT="better" WC="0.97" CC="100101"/>
						<SP ID="P3_SP00121" HPOS="153" VPOS="1451" WIDTH="17"/>
						<String ID="P3_ST00157" HPOS="170" VPOS="1417" WIDTH="178" HEIGHT="37" CONTENT="knowledge" WC="0.96" CC="310101000"/>
						<SP ID="P3_SP00122" HPOS="348" VPOS="1454" WIDTH="28"/>
						<String ID="P3_ST00158" HPOS="376" VPOS="1413" WIDTH="61" HEIGHT="31" CONTENT="and" WC="0.96" CC="110"/>
						<SP ID="P3_SP00123" HPOS="437" VPOS="1454" WIDTH="26"/>
						<String ID="P3_ST00159" HPOS="463" VPOS="1410" WIDTH="113" HEIGHT="41" CONTENT="experi" SUBS_TYPE="HypPart1" SUBS_CONTENT="experience," WC="0.94" CC="1211101"/>
						<HYP CONTENT="-"/>
					</TextLine>
					<TextLine ID="P3_TL00032" HPOS="56" VPOS="1453" WIDTH="520" HEIGHT="50">
						<String ID="P3_ST00160" HPOS="56" VPOS="1472" WIDTH="82" HEIGHT="24" CONTENT="ence," SUBS_TYPE="HypPart2" SUBS_CONTENT="experience," WC="0.95" CC="11101"/>
						<SP ID="P3_SP00124" HPOS="138" VPOS="1496" WIDTH="29"/>
						<String ID="P3_ST00161" HPOS="167" VPOS="1456" WIDTH="170" HEIGHT="47" CONTENT="put^forth" WC="0.85" CC="011910110"/>
						<SP ID="P3_SP00125" HPOS="337" VPOS="1503" WIDTH="20"/>
						<String ID="P3_ST00162" HPOS="357" VPOS="1456" WIDTH="97" HEIGHT="29" CONTENT="better" WC="0.97" CC="000111"/>
						<SP ID="P3_SP00126" HPOS="454" VPOS="1503" WIDTH="34"/>
						<String ID="P3_ST00163" HPOS="488" VPOS="1453" WIDTH="88" HEIGHT="38" CONTENT="plans" WC="0.97" CC="10011"/>
					</TextLine>
					<TextLine ID="P3_TL00033" HPOS="56" VPOS="1498" WIDTH="521" HEIGHT="41">
						<String ID="P3_ST00164" HPOS="56" VPOS="1503" WIDTH="49" HEIGHT="28" CONTENT="for" WC="0.99" CC="010"/>
						<SP ID="P3_SP00127" HPOS="105" VPOS="1531" WIDTH="14"/>
						<String ID="P3_ST00165" HPOS="119" VPOS="1500" WIDTH="142" HEIGHT="39" CONTENT="effecting" WC="0.92" CC="122111011"/>
						<SP ID="P3_SP00128" HPOS="261" VPOS="1539" WIDTH="14"/>
						<String ID="P3_ST00166" HPOS="275" VPOS="1498" WIDTH="53" HEIGHT="28" CONTENT="the" WC="0.95" CC="011"/>
						<SP ID="P3_SP00129" HPOS="328" VPOS="1539" WIDTH="18"/>
						<String ID="P3_ST00167" HPOS="346" VPOS="1498" WIDTH="88" HEIGHT="37" CONTENT="great" WC="0.94" CC="12001"/>
						<SP ID="P3_SP00130" HPOS="434" VPOS="1539" WIDTH="13"/>
						<String ID="P3_ST00168" HPOS="447" VPOS="1502" WIDTH="130" HEIGHT="32" CONTENT="purpose" WC="0.90" CC="1410011"/>
					</TextLine>
					<TextLine ID="P3_TL00034" HPOS="57" VPOS="1535" WIDTH="518" HEIGHT="39">
						<String ID="P3_ST00169" HPOS="57" VPOS="1543" WIDTH="33" HEIGHT="30" CONTENT="m" WC="0.98" CC="0"/>
						<SP ID="P3_SP00131" HPOS="90" VPOS="1573" WIDTH="27"/>
						<String ID="P3_ST00170" HPOS="117" VPOS="1538" WIDTH="217" HEIGHT="35" CONTENT="view-Munich" WC="0.72" CC="11192392201"/>
						<SP ID="P3_SP00132" HPOS="334" VPOS="1573" WIDTH="14"/>
						<String ID="P3_ST00171" HPOS="348" VPOS="1538" WIDTH="108" HEIGHT="30" CONTENT="Jaetter" WC="0.82" CC="6420001"/>
						<SP ID="P3_SP00133" HPOS="456" VPOS="1573" WIDTH="23"/>
						<String ID="P3_ST00172" HPOS="479" VPOS="1535" WIDTH="96" HEIGHT="39" CONTENT="plans," WC="0.91" CC="201113"/>
					</TextLine>
					<TextLine ID="P3_TL00035" HPOS="56" VPOS="1574" WIDTH="520" HEIGHT="40">
						<String ID="P3_ST00173" HPOS="56" VPOS="1583" WIDTH="158" HEIGHT="31" CONTENT="whenever" WC="0.97" CC="01020000"/>
						<SP ID="P3_SP00134" HPOS="214" VPOS="1614" WIDTH="23"/>
						<String ID="P3_ST00174" HPOS="237" VPOS="1583" WIDTH="45" HEIGHT="28" CONTENT="set" WC="0.95" CC="111"/>
						<SP ID="P3_SP00135" HPOS="282" VPOS="1614" WIDTH="14"/>
						<String ID="P3_ST00175" HPOS="296" VPOS="1580" WIDTH="89" HEIGHT="32" CONTENT="form," WC="0.87" CC="00151"/>
						<SP ID="P3_SP00136" HPOS="385" VPOS="1614" WIDTH="24"/>
						<String ID="P3_ST00176" HPOS="409" VPOS="1576" WIDTH="17" HEIGHT="29" CONTENT="I" WC="1.00" CC="0"/>
						<SP ID="P3_SP00137" HPOS="426" VPOS="1614" WIDTH="22"/>
						<String ID="P3_ST00177" HPOS="448" VPOS="1574" WIDTH="77" HEIGHT="30" CONTENT="shall" WC="0.98" CC="11000"/>
						<SP ID="P3_SP00138" HPOS="525" VPOS="1614" WIDTH="14"/>
						<String ID="P3_ST00178" HPOS="539" VPOS="1575" WIDTH="37" HEIGHT="29" CONTENT="be" WC="0.98" CC="01"/>
					</TextLine>
					<TextLine ID="P3_TL00036" HPOS="55" VPOS="1615" WIDTH="520" HEIGHT="42">
						<String ID="P3_ST00179" HPOS="55" VPOS="1615" WIDTH="58" HEIGHT="39" CONTENT="the*" WC="0.78" CC="1107"/>
						<SP ID="P3_SP00139" HPOS="113" VPOS="1654" WIDTH="9"/>
						<String ID="P3_ST00180" HPOS="122" VPOS="1624" WIDTH="75" HEIGHT="33" CONTENT="first," WC="0.89" CC="111122"/>
						<SP ID="P3_SP00140" HPOS="197" VPOS="1657" WIDTH="15"/>
						<String ID="P3_ST00181" HPOS="212" VPOS="1618" WIDTH="192" HEIGHT="38" CONTENT="abandoning" WC="0.85" CC="1001001309"/>
						<SP ID="P3_SP00141" HPOS="404" VPOS="1657" WIDTH="17"/>
						<String ID="P3_ST00182" HPOS="421" VPOS="1627" WIDTH="52" HEIGHT="28" CONTENT="my" WC="0.94" CC="11"/>
						<SP ID="P3_SP00142" HPOS="473" VPOS="1657" WIDTH="27"/>
						<String ID="P3_ST00183" HPOS="500" VPOS="1625" WIDTH="75" HEIGHT="27" CONTENT="own," WC="0.92" CC="0112"/>
					</TextLine>
					<TextLine ID="P3_TL00037" HPOS="56" VPOS="1656" WIDTH="432" HEIGHT="37">
						<String ID="P3_ST00184" HPOS="56" VPOS="1669" WIDTH="31" HEIGHT="24" CONTENT="to" WC="0.98" CC="01"/>
						<SP ID="P3_SP00143" HPOS="87" VPOS="1693" WIDTH="12"/>
						<String ID="P3_ST00185" HPOS="99" VPOS="1663" WIDTH="134" HEIGHT="30" CONTENT="embrace" WC="0.93" CC="0112201"/>
						<SP ID="P3_SP00144" HPOS="233" VPOS="1693" WIDTH="14"/>
						<String ID="P3_ST00186" HPOS="247" VPOS="1659" WIDTH="139" HEIGHT="30" CONTENT="ambabus" WC="0.89" CC="2212121" STYLEREFS="TXT_1"/>
						<SP ID="P3_SP00145" HPOS="386" VPOS="1693" WIDTH="13"/>
						<String ID="P3_ST00187" HPOS="399" VPOS="1656" WIDTH="89" HEIGHT="29" CONTENT="ulnis." WC="0.91" CC="301111" STYLEREFS="TXT_1"/>
					</TextLine>
					<TextLine ID="P3_TL00038" HPOS="169" VPOS="1723" WIDTH="295" HEIGHT="27">
						<String ID="P3_ST00188" HPOS="169" VPOS="1728" WIDTH="38" HEIGHT="22" CONTENT="TO" WC="1.00" CC="00" STYLEREFS="TXT_2"/>
						<SP ID="P3_SP00146" HPOS="207" VPOS="1750" WIDTH="14"/>
						<String ID="P3_ST00189" HPOS="221" VPOS="1727" WIDTH="39" HEIGHT="22" CONTENT="BE" WC="0.89" CC="21" STYLEREFS="TXT_2"/>
						<SP ID="P3_SP00147" HPOS="260" VPOS="1750" WIDTH="15"/>
						<String ID="P3_ST00190" HPOS="275" VPOS="1723" WIDTH="189" HEIGHT="26" CONTENT="CONTINUED." WC="0.94" CC="0010010131" STYLEREFS="TXT_2"/>
					</TextLine>
				</TextBlock>
				<TextBlock ID="P3_TB00002" HPOS="55" VPOS="1854" WIDTH="523" HEIGHT="217" STYLEREFS="TXT_0 PAR_BLOCK">
					<TextLine ID="P3_TL00039" HPOS="100" VPOS="1855" WIDTH="387" HEIGHT="38">
						<String ID="P3_ST00191" HPOS="100" VPOS="1868" WIDTH="126" HEIGHT="25" CONTENT="LONDON" WC="0.90" CC="002301" STYLEREFS="TXT_2"/>
						<SP ID="P3_SP00148" HPOS="226" VPOS="1893" WIDTH="15"/>
						<String ID="P3_ST00192" HPOS="241" VPOS="1865" WIDTH="138" HEIGHT="25" CONTENT="OCTOBER" WC="0.89" CC="0001233" STYLEREFS="TXT_2"/>
						<SP ID="P3_SP00149" HPOS="379" VPOS="1893" WIDTH="25"/>
						<String ID="P3_ST00193" HPOS="404" VPOS="1855" WIDTH="83" HEIGHT="31" CONTENT="31th." WC="0.80" CC="51121" STYLEREFS="TXT_2"/>
					</TextLine>
					<TextLine ID="P3_TL00040" HPOS="56" VPOS="1903" WIDTH="522" HEIGHT="40">
						<String ID="P3_ST00194" HPOS="56" VPOS="1912" WIDTH="50" HEIGHT="30" CONTENT="Mr" WC="0.94" CC="01"/>
						<SP ID="P3_SP00150" HPOS="106" VPOS="1942" WIDTH="14"/>
						<String ID="P3_ST00195" HPOS="120" VPOS="1912" WIDTH="26" HEIGHT="31" CONTENT="J." WC="0.87" CC="21"/>
						<SP ID="P3_SP00151" HPOS="146" VPOS="1943" WIDTH="17"/>
						<String ID="P3_ST00196" HPOS="163" VPOS="1911" WIDTH="103" HEIGHT="31" CONTENT="Burns" WC="0.95" CC="10111"/>
						<SP ID="P3_SP00152" HPOS="266" VPOS="1943" WIDTH="15"/>
						<String ID="P3_ST00197" HPOS="281" VPOS="1909" WIDTH="132" HEIGHT="31" CONTENT="declares" WC="0.95" CC="02001201"/>
						<SP ID="P3_SP00153" HPOS="413" VPOS="1943" WIDTH="9"/>
						<String ID="P3_ST00198" HPOS="422" VPOS="1905" WIDTH="68" HEIGHT="31" CONTENT="that" WC="0.83" CC="0511"/>
						<SP ID="P3_SP00154" HPOS="490" VPOS="1943" WIDTH="9"/>
						<String ID="P3_ST00199" HPOS="499" VPOS="1903" WIDTH="79" HEIGHT="40" CONTENT="fully" WC="0.95" CC="21001"/>
					</TextLine>
					<TextLine ID="P3_TL00041" HPOS="59" VPOS="1945" WIDTH="519" HEIGHT="47">
						<String ID="P3_ST00200" HPOS="59" VPOS="1955" WIDTH="37" HEIGHT="28" CONTENT="60" WC="1.00" CC="00"/>
						<SP ID="P3_SP00155" HPOS="96" VPOS="1983" WIDTH="28"/>
						<String ID="P3_ST00201" HPOS="124" VPOS="1963" WIDTH="55" HEIGHT="29" CONTENT="per" WC="0.95" CC="101"/>
						<SP ID="P3_SP00156" HPOS="179" VPOS="1992" WIDTH="28"/>
						<String ID="P3_ST00202" HPOS="207" VPOS="1954" WIDTH="70" HEIGHT="28" CONTENT="cent" WC="0.92" CC="0013"/>
						<SP ID="P3_SP00157" HPOS="277" VPOS="1992" WIDTH="26"/>
						<String ID="P3_ST00203" HPOS="303" VPOS="1949" WIDTH="31" HEIGHT="31" CONTENT="of" WC="1.00" CC="00"/>
						<SP ID="P3_SP00158" HPOS="334" VPOS="1992" WIDTH="26"/>
						<String ID="P3_ST00204" HPOS="360" VPOS="1949" WIDTH="52" HEIGHT="29" CONTENT="the" WC="0.97" CC="110"/>
						<SP ID="P3_SP00159" HPOS="412" VPOS="1992" WIDTH="29"/>
						<String ID="P3_ST00205" HPOS="441" VPOS="1945" WIDTH="137" HEIGHT="38" CONTENT="working" WC="0.92" CC="1011113"/>
					</TextLine>
					<TextLine ID="P3_TL00042" HPOS="57" VPOS="1987" WIDTH="521" HEIGHT="42">
						<String ID="P3_ST00206" HPOS="57" VPOS="1995" WIDTH="108" HEIGHT="29" CONTENT="classes" WC="0.96" CC="0011101"/>
						<SP ID="P3_SP00160" HPOS="165" VPOS="2024" WIDTH="14"/>
						<String ID="P3_ST00207" HPOS="179" VPOS="2003" WIDTH="73" HEIGHT="20" CONTENT="over" WC="0.97" CC="0011"/>
						<SP ID="P3_SP00161" HPOS="252" VPOS="2024" WIDTH="14"/>
						<String ID="P3_ST00208" HPOS="266" VPOS="1992" WIDTH="82" HEIGHT="37" CONTENT="sixty" WC="0.96" CC="10100"/>
						<SP ID="P3_SP00162" HPOS="348" VPOS="2029" WIDTH="12"/>
						<String ID="P3_ST00209" HPOS="360" VPOS="1998" WIDTH="89" HEIGHT="31" CONTENT="years" WC="0.94" CC="11101"/>
						<SP ID="P3_SP00163" HPOS="449" VPOS="2029" WIDTH="14"/>
						<String ID="P3_ST00210" HPOS="463" VPOS="1987" WIDTH="33" HEIGHT="29" CONTENT="of" WC="0.93" CC="02"/>
						<SP ID="P3_SP00164" HPOS="496" VPOS="2029" WIDTH="28"/>
						<String ID="P3_ST00211" HPOS="524" VPOS="1995" WIDTH="54" HEIGHT="29" CONTENT="age" WC="0.96" CC="011"/>
					</TextLine>
					<TextLine ID="P3_TL00043" HPOS="57" VPOS="2026" WIDTH="460" HEIGHT="45">
						<String ID="P3_ST00212" HPOS="57" VPOS="2044" WIDTH="50" HEIGHT="21" CONTENT="are" WC="0.96" CC="011"/>
						<SP ID="P3_SP00165" HPOS="107" VPOS="2065" WIDTH="13"/>
						<String ID="P3_ST00213" HPOS="120" VPOS="2034" WIDTH="33" HEIGHT="29" CONTENT="m" WC="0.98" CC="1"/>
						<SP ID="P3_SP00166" HPOS="153" VPOS="2065" WIDTH="14"/>
						<String ID="P3_ST00214" HPOS="167" VPOS="2032" WIDTH="115" HEIGHT="39" CONTENT="receipt" WC="0.99" CC="0000010"/>
						<SP ID="P3_SP00167" HPOS="282" VPOS="2071" WIDTH="14"/>
						<String ID="P3_ST00215" HPOS="296" VPOS="2030" WIDTH="32" HEIGHT="31" CONTENT="of" WC="0.93" CC="02"/>
						<SP ID="P3_SP00168" HPOS="328" VPOS="2071" WIDTH="13"/>
						<String ID="P3_ST00216" HPOS="341" VPOS="2039" WIDTH="75" HEIGHT="31" CONTENT="poor" WC="0.98" CC="0001"/>
						<SP ID="P3_SP00169" HPOS="416" VPOS="2071" WIDTH="10"/>
						<String ID="P3_ST00217" HPOS="426" VPOS="2026" WIDTH="91" HEIGHT="32" CONTENT="relief." WC="0.97" CC="1110001"/>
					</TextLine>
				</TextBlock>
				<TextBlock ID="P3_TB00003" HPOS="52" VPOS="2127" WIDTH="530" HEIGHT="77" STYLEREFS="TXT_2 PAR_LEFT">
					<TextLine ID="P3_TL00044" HPOS="56" VPOS="2132" WIDTH="524" HEIGHT="36">
						<String ID="P3_ST00218" HPOS="56" VPOS="2139" WIDTH="199" HEIGHT="29" CONTENT="EXTENTION" WC="0.87" CC="121151001"/>
						<SP ID="P3_SP00170" HPOS="255" VPOS="2168" WIDTH="16"/>
						<String ID="P3_ST00219" HPOS="271" VPOS="2138" WIDTH="42" HEIGHT="26" CONTENT="OF" WC="0.96" CC="01"/>
						<SP ID="P3_SP00171" HPOS="313" VPOS="2168" WIDTH="22"/>
						<String ID="P3_ST00220" HPOS="335" VPOS="2135" WIDTH="105" HEIGHT="27" CONTENT="DAIRY" WC="0.87" CC="11033"/>
						<SP ID="P3_SP00172" HPOS="440" VPOS="2168" WIDTH="23"/>
						<String ID="P3_ST00221" HPOS="463" VPOS="2132" WIDTH="117" HEIGHT="29" CONTENT="INDUS" SUBS_TYPE="HypPart1" SUBS_CONTENT="INDUSTRY" WC="0.73" CC="019322"/>
						<HYP CONTENT="-"/>
					</TextLine>
					<TextLine ID="P3_TL00045" HPOS="285" VPOS="2173" WIDTH="66" HEIGHT="28">
						<String ID="P3_ST00222" HPOS="285" VPOS="2173" WIDTH="66" HEIGHT="28" CONTENT="TRY" SUBS_TYPE="HypPart2" SUBS_CONTENT="INDUSTRY" WC="0.77" CC="125"/>
					</TextLine>
				</TextBlock>
				<TextBlock ID="P3_TB00004" HPOS="137" VPOS="2219" WIDTH="365" HEIGHT="103" STYLEREFS="TXT_3 PAR_LEFT">
					<TextLine ID="P3_TL00046" HPOS="169" VPOS="2224" WIDTH="297" HEIGHT="22">
						<String ID="P3_ST00223" HPOS="169" VPOS="2230" WIDTH="32" HEIGHT="16" CONTENT="by" WC="0.96" CC="11"/>
						<SP ID="P3_SP00173" HPOS="201" VPOS="2246" WIDTH="10"/>
						<String ID="P3_ST00224" HPOS="211" VPOS="2229" WIDTH="27" HEIGHT="16" CONTENT="m." WC="0.93" CC="20"/>
						<SP ID="P3_SP00174" HPOS="238" VPOS="2246" WIDTH="13"/>
						<String ID="P3_ST00225" HPOS="251" VPOS="2227" WIDTH="99" HEIGHT="17" CONTENT="murphy" WC="0.84" CC="114401"/>
						<SP ID="P3_SP00175" HPOS="350" VPOS="2246" WIDTH="18"/>
						<String ID="P3_ST00226" HPOS="368" VPOS="2226" WIDTH="23" HEIGHT="17" CONTENT="f." WC="1.00" CC="00"/>
						<SP ID="P3_SP00176" HPOS="391" VPOS="2246" WIDTH="9"/>
						<String ID="P3_ST00227" HPOS="400" VPOS="2226" WIDTH="24" HEIGHT="16" CONTENT="l." WC="0.91" CC="21"/>
						<SP ID="P3_SP00177" HPOS="424" VPOS="2246" WIDTH="13"/>
						<String ID="P3_ST00228" HPOS="437" VPOS="2224" WIDTH="29" HEIGHT="21" CONTENT="s.," WC="0.91" CC="111"/>
					</TextLine>
					<TextLine ID="P3_TL00047" HPOS="141" VPOS="2288" WIDTH="358" HEIGHT="30">
						<String ID="P3_ST00229" HPOS="141" VPOS="2291" WIDTH="113" HEIGHT="27" CONTENT="Shelter" WC="0.90" CC="2022111"/>
						<SP ID="P3_SP00178" HPOS="254" VPOS="2318" WIDTH="10"/>
						<String ID="P3_ST00230" HPOS="264" VPOS="2297" WIDTH="46" HEIGHT="18" CONTENT="for" WC="0.88" CC="202"/>
						<SP ID="P3_SP00179" HPOS="310" VPOS="2318" WIDTH="11"/>
						<String ID="P3_ST00231" HPOS="321" VPOS="2289" WIDTH="78" HEIGHT="25" CONTENT="Dairy" WC="0.84" CC="20231"/>
						<SP ID="P3_SP00180" HPOS="399" VPOS="2318" WIDTH="12"/>
						<String ID="P3_ST00232" HPOS="411" VPOS="2288" WIDTH="88" HEIGHT="26" CONTENT="Stock." WC="0.94" CC="110211"/>
					</TextLine>
				</TextBlock>
				<TextBlock ID="P3_TB00005" HPOS="33" VPOS="2334" WIDTH="551" HEIGHT="1528" STYLEREFS="TXT_2 PAR_BLOCK">
					<TextLine ID="P3_TL00048" HPOS="92" VPOS="2338" WIDTH="488" HEIGHT="37">
						<String ID="P3_ST00233" HPOS="92" VPOS="2345" WIDTH="52" HEIGHT="24" CONTENT="The" WC="0.85" CC="131"/>
						<SP ID="P3_SP00181" HPOS="144" VPOS="2369" WIDTH="11"/>
						<String ID="P3_ST00234" HPOS="155" VPOS="2344" WIDTH="112" HEIGHT="31" CONTENT="question" WC="0.95" CC="10012001"/>
						<SP ID="P3_SP00182" HPOS="267" VPOS="2375" WIDTH="11"/>
						<String ID="P3_ST00235" HPOS="278" VPOS="2343" WIDTH="27" HEIGHT="24" CONTENT="of" WC="0.96" CC="01"/>
						<SP ID="P3_SP00183" HPOS="305" VPOS="2375" WIDTH="6"/>
						<String ID="P3_ST00236" HPOS="311" VPOS="2341" WIDTH="125" HEIGHT="32" CONTENT="providing" WC="0.91" CC="310101021"/>
						<SP ID="P3_SP00184" HPOS="436" VPOS="2375" WIDTH="8"/>
						<String ID="P3_ST00237" HPOS="444" VPOS="2339" WIDTH="91" HEIGHT="25" CONTENT="shelter" WC="0.86" CC="1210313"/>
						<SP ID="P3_SP00185" HPOS="535" VPOS="2375" WIDTH="7"/>
						<String ID="P3_ST00238" HPOS="542" VPOS="2338" WIDTH="38" HEIGHT="24" CONTENT="for" WC="0.86" CC="103"/>
					</TextLine>
					<TextLine ID="P3_TL00049" HPOS="33" VPOS="2376" WIDTH="545" HEIGHT="39">
						<String ID="P3_ST00239" HPOS="33" VPOS="2389" WIDTH="5" HEIGHT="12" CONTENT="*" WC="0.26" CC="7"/>
						<SP ID="P3_SP00186" HPOS="38" VPOS="2401" WIDTH="21"/>
						<String ID="P3_ST00240" HPOS="59" VPOS="2383" WIDTH="68" HEIGHT="32" CONTENT="dairy" WC="0.93" CC="11112"/>
						<SP ID="P3_SP00187" HPOS="127" VPOS="2415" WIDTH="12"/>
						<String ID="P3_ST00241" HPOS="139" VPOS="2382" WIDTH="67" HEIGHT="26" CONTENT="stock" WC="0.95" CC="11111"/>
						<SP ID="P3_SP00188" HPOS="206" VPOS="2415" WIDTH="18"/>
						<String ID="P3_ST00242" HPOS="224" VPOS="2381" WIDTH="89" HEIGHT="31" CONTENT="during" WC="0.94" CC="121010"/>
						<SP ID="P3_SP00189" HPOS="313" VPOS="2415" WIDTH="15"/>
						<String ID="P3_ST00243" HPOS="328" VPOS="2380" WIDTH="44" HEIGHT="24" CONTENT="the" WC="0.90" CC="130"/>
						<SP ID="P3_SP00190" HPOS="372" VPOS="2415" WIDTH="21"/>
						<String ID="P3_ST00244" HPOS="393" VPOS="2380" WIDTH="73" HEIGHT="24" CONTENT="worst" WC="0.93" CC="20111"/>
						<SP ID="P3_SP00191" HPOS="466" VPOS="2415" WIDTH="11"/>
						<String ID="P3_ST00245" HPOS="477" VPOS="2376" WIDTH="101" HEIGHT="26" CONTENT="months" WC="0.88" CC="200140"/>
					</TextLine>
					<TextLine ID="P3_TL00050" HPOS="59" VPOS="2417" WIDTH="519" HEIGHT="38">
						<String ID="P3_ST00246" HPOS="59" VPOS="2422" WIDTH="26" HEIGHT="25" CONTENT="of" WC="0.96" CC="01"/>
						<SP ID="P3_SP00192" HPOS="85" VPOS="2447" WIDTH="9"/>
						<String ID="P3_ST00247" HPOS="94" VPOS="2422" WIDTH="42" HEIGHT="24" CONTENT="the" WC="0.95" CC="110"/>
						<SP ID="P3_SP00193" HPOS="136" VPOS="2447" WIDTH="10"/>
						<String ID="P3_ST00248" HPOS="146" VPOS="2429" WIDTH="57" HEIGHT="26" CONTENT="year" WC="0.92" CC="3000"/>
						<SP ID="P3_SP00194" HPOS="203" VPOS="2455" WIDTH="12"/>
						<String ID="P3_ST00249" HPOS="215" VPOS="2420" WIDTH="87" HEIGHT="25" CONTENT="should" WC="0.94" CC="110111"/>
						<SP ID="P3_SP00195" HPOS="302" VPOS="2455" WIDTH="11"/>
						<String ID="P3_ST00250" HPOS="313" VPOS="2418" WIDTH="92" HEIGHT="25" CONTENT="receive" WC="0.96" CC="0010111"/>
						<SP ID="P3_SP00196" HPOS="405" VPOS="2455" WIDTH="16"/>
						<String ID="P3_ST00251" HPOS="421" VPOS="2424" WIDTH="67" HEIGHT="17" CONTENT="more" WC="0.87" CC="5010"/>
						<SP ID="P3_SP00197" HPOS="488" VPOS="2455" WIDTH="11"/>
						<String ID="P3_ST00252" HPOS="499" VPOS="2417" WIDTH="79" HEIGHT="24" CONTENT="atten" SUBS_TYPE="HypPart1" SUBS_CONTENT="attention" WC="0.94" CC="111011"/>
						<HYP CONTENT="-"/>
					</TextLine>
					<TextLine ID="P3_TL00051" HPOS="59" VPOS="2460" WIDTH="525" HEIGHT="31">
						<String ID="P3_ST00253" HPOS="59" VPOS="2467" WIDTH="54" HEIGHT="24" CONTENT="tion" SUBS_TYPE="HypPart2" SUBS_CONTENT="attention" WC="0.96" CC="0002"/>
						<SP ID="P3_SP00198" HPOS="113" VPOS="2491" WIDTH="10"/>
						<String ID="P3_ST00254" HPOS="123" VPOS="2467" WIDTH="62" HEIGHT="24" CONTENT="than" WC="0.95" CC="1111"/>
						<SP ID="P3_SP00199" HPOS="185" VPOS="2491" WIDTH="9"/>
						<String ID="P3_ST00255" HPOS="194" VPOS="2465" WIDTH="21" HEIGHT="25" CONTENT="it" WC="0.96" CC="01"/>
						<SP ID="P3_SP00200" HPOS="215" VPOS="2491" WIDTH="19"/>
						<String ID="P3_ST00256" HPOS="234" VPOS="2463" WIDTH="107" HEIGHT="26" CONTENT="hitherto" WC="0.97" CC="10110000"/>
						<SP ID="P3_SP00201" HPOS="341" VPOS="2491" WIDTH="10"/>
						<String ID="P3_ST00257" HPOS="351" VPOS="2462" WIDTH="46" HEIGHT="25" CONTENT="has" WC="0.93" CC="111"/>
						<SP ID="P3_SP00202" HPOS="397" VPOS="2491" WIDTH="11"/>
						<String ID="P3_ST00258" HPOS="408" VPOS="2463" WIDTH="26" HEIGHT="23" CONTENT="at" WC="0.94" CC="11"/>
						<SP ID="P3_SP00203" HPOS="434" VPOS="2491" WIDTH="11"/>
						<String ID="P3_ST00259" HPOS="445" VPOS="2461" WIDTH="43" HEIGHT="25" CONTENT="the" WC="0.96" CC="100"/>
						<SP ID="P3_SP00204" HPOS="488" VPOS="2491" WIDTH="11"/>
						<String ID="P3_ST00260" HPOS="499" VPOS="2460" WIDTH="80" HEIGHT="25" CONTENT="hand" WC="0.90" CC="0121"/>
						<SP ID="P3_SP00205" HPOS="579" VPOS="2491" WIDTH="3"/>
						<String ID="P3_ST00261" HPOS="582" VPOS="2460" WIDTH="2" HEIGHT="31" CONTENT="3" WC="1.00" CC="0"/>
					</TextLine>
					<TextLine ID="P3_TL00052" HPOS="59" VPOS="2496" WIDTH="520" HEIGHT="38">
						<String ID="P3_ST00262" HPOS="59" VPOS="2505" WIDTH="26" HEIGHT="25" CONTENT="of" WC="0.98" CC="01"/>
						<SP ID="P3_SP00206" HPOS="85" VPOS="2530" WIDTH="10"/>
						<String ID="P3_ST00263" HPOS="95" VPOS="2503" WIDTH="151" HEIGHT="31" CONTENT="Canterbury" WC="0.97" CC="1110000111"/>
						<SP ID="P3_SP00207" HPOS="246" VPOS="2534" WIDTH="11"/>
						<String ID="P3_ST00264" HPOS="257" VPOS="2502" WIDTH="68" HEIGHT="31" CONTENT="dairy" WC="0.97" CC="11001"/>
						<SP ID="P3_SP00208" HPOS="325" VPOS="2534" WIDTH="10"/>
						<String ID="P3_ST00265" HPOS="335" VPOS="2501" WIDTH="111" HEIGHT="24" CONTENT="farmers." WC="0.96" CC="01100111"/>
						<SP ID="P3_SP00209" HPOS="446" VPOS="2534" WIDTH="35"/>
						<String ID="P3_ST00266" HPOS="481" VPOS="2496" WIDTH="98" HEIGHT="28" CONTENT="Timber" WC="0.97" CC="001101"/>
					</TextLine>
					<TextLine ID="P3_TL00053" HPOS="59" VPOS="2536" WIDTH="520" HEIGHT="35">
						<String ID="P3_ST00267" HPOS="59" VPOS="2542" WIDTH="49" HEIGHT="23" CONTENT="and" WC="0.93" CC="111"/>
						<SP ID="P3_SP00210" HPOS="108" VPOS="2565" WIDTH="10"/>
						<String ID="P3_ST00268" HPOS="118" VPOS="2542" WIDTH="54" HEIGHT="23" CONTENT="iron" WC="0.96" CC="0002"/>
						<SP ID="P3_SP00211" HPOS="172" VPOS="2565" WIDTH="12"/>
						<String ID="P3_ST00269" HPOS="184" VPOS="2549" WIDTH="40" HEIGHT="15" CONTENT="are" WC="0.96" CC="101"/>
						<SP ID="P3_SP00212" HPOS="224" VPOS="2565" WIDTH="12"/>
						<String ID="P3_ST00270" HPOS="236" VPOS="2540" WIDTH="76" HEIGHT="31" CONTENT="cheap" WC="0.93" CC="02011"/>
						<SP ID="P3_SP00213" HPOS="312" VPOS="2571" WIDTH="12"/>
						<String ID="P3_ST00271" HPOS="324" VPOS="2537" WIDTH="103" HEIGHT="31" CONTENT="enough." WC="0.93" CC="0200111"/>
						<SP ID="P3_SP00214" HPOS="427" VPOS="2571" WIDTH="35"/>
						<String ID="P3_ST00272" HPOS="462" VPOS="2536" WIDTH="52" HEIGHT="23" CONTENT="The" WC="0.89" CC="121"/>
						<SP ID="P3_SP00215" HPOS="514" VPOS="2571" WIDTH="12"/>
						<String ID="P3_ST00273" HPOS="526" VPOS="2537" WIDTH="53" HEIGHT="22" CONTENT="cost" WC="0.91" CC="0013"/>
					</TextLine>
					<TextLine ID="P3_TL00054" HPOS="60" VPOS="2574" WIDTH="518" HEIGHT="32">
						<String ID="P3_ST00274" HPOS="60" VPOS="2580" WIDTH="26" HEIGHT="24" CONTENT="of" WC="0.98" CC="01"/>
						<SP ID="P3_SP00216" HPOS="86" VPOS="2604" WIDTH="9"/>
						<String ID="P3_ST00275" HPOS="95" VPOS="2587" WIDTH="14" HEIGHT="17" CONTENT="a" WC="0.96" CC="1"/>
						<SP ID="P3_SP00217" HPOS="109" VPOS="2604" WIDTH="21"/>
						<String ID="P3_ST00276" HPOS="130" VPOS="2580" WIDTH="93" HEIGHT="24" CONTENT="lean-to" WC="0.97" CC="0010111"/>
						<SP ID="P3_SP00218" HPOS="223" VPOS="2604" WIDTH="22"/>
						<String ID="P3_ST00277" HPOS="245" VPOS="2577" WIDTH="60" HEIGHT="25" CONTENT="shed" WC="0.94" CC="1111"/>
						<SP ID="P3_SP00219" HPOS="305" VPOS="2604" WIDTH="20"/>
						<String ID="P3_ST00278" HPOS="325" VPOS="2576" WIDTH="80" HEIGHT="25" CONTENT="where" WC="0.93" CC="11010"/>
						<SP ID="P3_SP00220" HPOS="405" VPOS="2604" WIDTH="22"/>
						<String ID="P3_ST00279" HPOS="427" VPOS="2574" WIDTH="68" HEIGHT="32" CONTENT="dairy" WC="0.93" CC="21011"/>
						<SP ID="P3_SP00221" HPOS="495" VPOS="2606" WIDTH="19"/>
						<String ID="P3_ST00280" HPOS="514" VPOS="2580" WIDTH="64" HEIGHT="19" CONTENT="cows" WC="0.84" CC="0052"/>
					</TextLine>
					<TextLine ID="P3_TL00055" HPOS="59" VPOS="2614" WIDTH="520" HEIGHT="34">
						<String ID="P3_ST00281" HPOS="59" VPOS="2619" WIDTH="71" HEIGHT="25" CONTENT="could" WC="0.98" CC="10001"/>
						<SP ID="P3_SP00222" HPOS="130" VPOS="2644" WIDTH="11"/>
						<String ID="P3_ST00282" HPOS="141" VPOS="2618" WIDTH="72" HEIGHT="26" CONTENT="stand" WC="0.98" CC="11001"/>
						<SP ID="P3_SP00223" HPOS="213" VPOS="2644" WIDTH="11"/>
						<String ID="P3_ST00283" HPOS="224" VPOS="2617" WIDTH="87" HEIGHT="31" CONTENT="during" WC="0.96" CC="111010"/>
						<SP ID="P3_SP00224" HPOS="311" VPOS="2648" WIDTH="17"/>
						<String ID="P3_ST00284" HPOS="328" VPOS="2615" WIDTH="54" HEIGHT="25" CONTENT="cold" WC="0.97" CC="0011"/>
						<SP ID="P3_SP00225" HPOS="382" VPOS="2648" WIDTH="16"/>
						<String ID="P3_ST00285" HPOS="398" VPOS="2616" WIDTH="47" HEIGHT="24" CONTENT="wet" WC="0.94" CC="111"/>
						<SP ID="P3_SP00226" HPOS="445" VPOS="2648" WIDTH="26"/>
						<String ID="P3_ST00286" HPOS="471" VPOS="2614" WIDTH="108" HEIGHT="25" CONTENT="weather" WC="0.96" CC="1001101"/>
					</TextLine>
					<TextLine ID="P3_TL00056" HPOS="60" VPOS="2653" WIDTH="517" HEIGHT="35">
						<String ID="P3_ST00287" HPOS="60" VPOS="2658" WIDTH="80" HEIGHT="26" CONTENT="would" WC="0.97" CC="10100"/>
						<SP ID="P3_SP00227" HPOS="140" VPOS="2684" WIDTH="11"/>
						<String ID="P3_ST00288" HPOS="151" VPOS="2658" WIDTH="30" HEIGHT="25" CONTENT="be" WC="0.98" CC="01"/>
						<SP ID="P3_SP00228" HPOS="181" VPOS="2684" WIDTH="12"/>
						<String ID="P3_ST00289" HPOS="193" VPOS="2657" WIDTH="81" HEIGHT="31" CONTENT="amply" WC="0.95" CC="01101"/>
						<SP ID="P3_SP00229" HPOS="274" VPOS="2688" WIDTH="11"/>
						<String ID="P3_ST00290" HPOS="285" VPOS="2655" WIDTH="118" HEIGHT="32" CONTENT="recouped" WC="0.85" CC="01101910"/>
						<SP ID="P3_SP00230" HPOS="403" VPOS="2688" WIDTH="11"/>
						<String ID="P3_ST00291" HPOS="414" VPOS="2654" WIDTH="32" HEIGHT="32" CONTENT="by" WC="1.00" CC="00"/>
						<SP ID="P3_SP00231" HPOS="446" VPOS="2688" WIDTH="14"/>
						<String ID="P3_ST00292" HPOS="460" VPOS="2653" WIDTH="42" HEIGHT="26" CONTENT="the" WC="0.97" CC="101"/>
						<SP ID="P3_SP00232" HPOS="502" VPOS="2688" WIDTH="12"/>
						<String ID="P3_ST00293" HPOS="514" VPOS="2660" WIDTH="63" HEIGHT="18" CONTENT="com" SUBS_TYPE="HypPart1" SUBS_CONTENT="comfort" WC="0.97" CC="0011"/>
						<HYP CONTENT="-"/>
					</TextLine>
					<TextLine ID="P3_TL00057" HPOS="59" VPOS="2693" WIDTH="495" HEIGHT="31">
						<String ID="P3_ST00294" HPOS="59" VPOS="2698" WIDTH="48" HEIGHT="26" CONTENT="fort" SUBS_TYPE="HypPart2" SUBS_CONTENT="comfort" WC="0.97" CC="0011"/>
						<SP ID="P3_SP00233" HPOS="107" VPOS="2724" WIDTH="11"/>
						<String ID="P3_ST00295" HPOS="118" VPOS="2698" WIDTH="20" HEIGHT="25" CONTENT="it" WC="0.94" CC="01"/>
						<SP ID="P3_SP00234" HPOS="138" VPOS="2724" WIDTH="10"/>
						<String ID="P3_ST00296" HPOS="148" VPOS="2696" WIDTH="80" HEIGHT="27" CONTENT="would" WC="0.93" CC="10301"/>
						<SP ID="P3_SP00235" HPOS="228" VPOS="2724" WIDTH="11"/>
						<String ID="P3_ST00297" HPOS="239" VPOS="2695" WIDTH="76" HEIGHT="26" CONTENT="afford" WC="0.87" CC="133011"/>
						<SP ID="P3_SP00236" HPOS="315" VPOS="2724" WIDTH="11"/>
						<String ID="P3_ST00298" HPOS="326" VPOS="2694" WIDTH="42" HEIGHT="25" CONTENT="the" WC="0.90" CC="111"/>
						<SP ID="P3_SP00237" HPOS="368" VPOS="2724" WIDTH="12"/>
						<String ID="P3_ST00299" HPOS="380" VPOS="2693" WIDTH="76" HEIGHT="26" CONTENT="stock." WC="0.91" CC="120111"/>
						<SP ID="P3_SP00238" HPOS="456" VPOS="2724" WIDTH="34"/>
						<String ID="P3_ST00300" HPOS="490" VPOS="2693" WIDTH="25" HEIGHT="24" CONTENT="It" WC="0.89" CC="02"/>
						<SP ID="P3_SP00239" HPOS="515" VPOS="2724" WIDTH="17"/>
						<String ID="P3_ST00301" HPOS="532" VPOS="2693" WIDTH="22" HEIGHT="24" CONTENT="is" WC="0.94" CC="01"/>
					</TextLine>
					<TextLine ID="P3_TL00058" HPOS="33" VPOS="2732" WIDTH="546" HEIGHT="31">
						<String ID="P3_ST00302" HPOS="33" VPOS="2752" WIDTH="13" HEIGHT="10" CONTENT="x" WC="0.59" CC="4"/>
						<SP ID="P3_SP00240" HPOS="46" VPOS="2762" WIDTH="13"/>
						<String ID="P3_ST00303" HPOS="59" VPOS="2738" WIDTH="59" HEIGHT="25" CONTENT="fatal" WC="0.94" CC="11201"/>
						<SP ID="P3_SP00241" HPOS="118" VPOS="2763" WIDTH="22"/>
						<String ID="P3_ST00304" HPOS="140" VPOS="2736" WIDTH="104" HEIGHT="26" CONTENT="mistake" WC="0.94" CC="1111101"/>
						<SP ID="P3_SP00242" HPOS="244" VPOS="2763" WIDTH="21"/>
						<String ID="P3_ST00305" HPOS="265" VPOS="2736" WIDTH="27" HEIGHT="24" CONTENT="to" WC="0.98" CC="10"/>
						<SP ID="P3_SP00243" HPOS="292" VPOS="2763" WIDTH="21"/>
						<String ID="P3_ST00306" HPOS="313" VPOS="2734" WIDTH="71" HEIGHT="25" CONTENT="allow" WC="1.00" CC="00000"/>
						<SP ID="P3_SP00244" HPOS="384" VPOS="2763" WIDTH="23"/>
						<String ID="P3_ST00307" HPOS="407" VPOS="2733" WIDTH="73" HEIGHT="25" CONTENT="cattle" WC="1.00" CC="000000"/>
						<SP ID="P3_SP00245" HPOS="480" VPOS="2763" WIDTH="21"/>
						<String ID="P3_ST00308" HPOS="501" VPOS="2734" WIDTH="26" HEIGHT="23" CONTENT="to" WC="0.98" CC="10"/>
						<SP ID="P3_SP00246" HPOS="527" VPOS="2763" WIDTH="22"/>
						<String ID="P3_ST00309" HPOS="549" VPOS="2732" WIDTH="30" HEIGHT="25" CONTENT="be" WC="0.96" CC="01"/>
					</TextLine>
					<TextLine ID="P3_TL00059" HPOS="33" VPOS="2772" WIDTH="546" HEIGHT="37">
						<String ID="P3_ST00310" HPOS="33" VPOS="2777" WIDTH="7" HEIGHT="25" CONTENT="I" WC="0.56" CC="4" STYLEREFS="TXT_4"/>
						<SP ID="P3_SP00247" HPOS="40" VPOS="2802" WIDTH="21"/>
						<String ID="P3_ST00311" HPOS="61" VPOS="2777" WIDTH="102" HEIGHT="32" CONTENT="exposed" WC="0.95" CC="0110111"/>
						<SP ID="P3_SP00248" HPOS="163" VPOS="2809" WIDTH="19"/>
						<String ID="P3_ST00312" HPOS="182" VPOS="2778" WIDTH="25" HEIGHT="23" CONTENT="to" WC="1.00" CC="00"/>
						<SP ID="P3_SP00249" HPOS="207" VPOS="2809" WIDTH="27"/>
						<String ID="P3_ST00313" HPOS="234" VPOS="2774" WIDTH="42" HEIGHT="26" CONTENT="the" WC="0.97" CC="101"/>
						<SP ID="P3_SP00250" HPOS="276" VPOS="2809" WIDTH="21"/>
						<String ID="P3_ST00314" HPOS="297" VPOS="2775" WIDTH="85" HEIGHT="31" CONTENT="vigour" WC="0.97" CC="101010"/>
						<SP ID="P3_SP00251" HPOS="382" VPOS="2809" WIDTH="22"/>
						<String ID="P3_ST00315" HPOS="404" VPOS="2773" WIDTH="27" HEIGHT="24" CONTENT="of" WC="0.96" CC="01"/>
						<SP ID="P3_SP00252" HPOS="431" VPOS="2809" WIDTH="24"/>
						<String ID="P3_ST00316" HPOS="455" VPOS="2772" WIDTH="55" HEIGHT="25" CONTENT="cold" WC="0.97" CC="0001"/>
						<SP ID="P3_SP00253" HPOS="510" VPOS="2809" WIDTH="22"/>
						<String ID="P3_ST00317" HPOS="532" VPOS="2773" WIDTH="47" HEIGHT="24" CONTENT="wet" WC="0.96" CC="101"/>
					</TextLine>
					<TextLine ID="P3_TL00060" HPOS="60" VPOS="2812" WIDTH="517" HEIGHT="31">
						<String ID="P3_ST00318" HPOS="60" VPOS="2816" WIDTH="143" HEIGHT="27" CONTENT="south-week" WC="0.74" CC="1011312097"/>
						<SP ID="P3_SP00254" HPOS="203" VPOS="2843" WIDTH="21"/>
						<String ID="P3_ST00319" HPOS="224" VPOS="2815" WIDTH="113" HEIGHT="26" CONTENT="weather." WC="0.95" CC="10102001"/>
						<SP ID="P3_SP00255" HPOS="337" VPOS="2843" WIDTH="47"/>
						<String ID="P3_ST00320" HPOS="384" VPOS="2812" WIDTH="68" HEIGHT="26" CONTENT="With" WC="0.97" CC="1011"/>
						<SP ID="P3_SP00256" HPOS="452" VPOS="2843" WIDTH="26"/>
						<String ID="P3_ST00321" HPOS="478" VPOS="2812" WIDTH="99" HEIGHT="29" CONTENT="shelter," WC="0.90" CC="11031011"/>
					</TextLine>
					<TextLine ID="P3_TL00061" HPOS="61" VPOS="2851" WIDTH="518" HEIGHT="34">
						<String ID="P3_ST00322" HPOS="61" VPOS="2855" WIDTH="48" HEIGHT="24" CONTENT="and" WC="0.94" CC="111"/>
						<SP ID="P3_SP00257" HPOS="109" VPOS="2879" WIDTH="11"/>
						<String ID="P3_ST00323" HPOS="120" VPOS="2864" WIDTH="15" HEIGHT="15" CONTENT="a" WC="0.89" CC="1"/>
						<SP ID="P3_SP00258" HPOS="135" VPOS="2879" WIDTH="11"/>
						<String ID="P3_ST00324" HPOS="146" VPOS="2854" WIDTH="86" HEIGHT="31" CONTENT="supply" WC="0.94" CC="111111"/>
						<SP ID="P3_SP00259" HPOS="232" VPOS="2885" WIDTH="11"/>
						<String ID="P3_ST00325" HPOS="243" VPOS="2853" WIDTH="26" HEIGHT="24" CONTENT="of" WC="0.93" CC="02"/>
						<SP ID="P3_SP00260" HPOS="269" VPOS="2885" WIDTH="9"/>
						<String ID="P3_ST00326" HPOS="278" VPOS="2853" WIDTH="55" HEIGHT="31" CONTENT="hay," WC="0.89" CC="1112"/>
						<SP ID="P3_SP00261" HPOS="333" VPOS="2885" WIDTH="13"/>
						<String ID="P3_ST00327" HPOS="346" VPOS="2854" WIDTH="60" HEIGHT="22" CONTENT="staw" WC="0.93" CC="1111"/>
						<SP ID="P3_SP00262" HPOS="406" VPOS="2885" WIDTH="15"/>
						<String ID="P3_ST00328" HPOS="421" VPOS="2851" WIDTH="49" HEIGHT="25" CONTENT="and" WC="0.95" CC="111"/>
						<SP ID="P3_SP00263" HPOS="470" VPOS="2885" WIDTH="10"/>
						<String ID="P3_ST00329" HPOS="480" VPOS="2852" WIDTH="66" HEIGHT="22" CONTENT="roots" WC="0.94" CC="10011"/>
						<String ID="P3_ST00330" HPOS="549" VPOS="2864" WIDTH="30" HEIGHT="4" CONTENT="—" WC="1.00" CC="0"/>
					</TextLine>
					<TextLine ID="P3_TL00062" HPOS="59" VPOS="2889" WIDTH="520" HEIGHT="37">
						<String ID="P3_ST00331" HPOS="59" VPOS="2894" WIDTH="118" HEIGHT="32" CONTENT="mangles," WC="0.95" CC="10000012"/>
						<SP ID="P3_SP00264" HPOS="177" VPOS="2926" WIDTH="12"/>
						<String ID="P3_ST00332" HPOS="189" VPOS="2895" WIDTH="117" HEIGHT="29" CONTENT="potatoes," WC="0.98" CC="000110001"/>
						<SP ID="P3_SP00265" HPOS="306" VPOS="2926" WIDTH="14"/>
						<String ID="P3_ST00333" HPOS="320" VPOS="2891" WIDTH="48" HEIGHT="26" CONTENT="and" WC="0.94" CC="201"/>
						<SP ID="P3_SP00266" HPOS="368" VPOS="2926" WIDTH="19"/>
						<String ID="P3_ST00334" HPOS="387" VPOS="2892" WIDTH="100" HEIGHT="26" CONTENT="carrots," WC="0.95" CC="00102111"/>
						<SP ID="P3_SP00267" HPOS="487" VPOS="2926" WIDTH="24"/>
						<String ID="P3_ST00335" HPOS="511" VPOS="2889" WIDTH="68" HEIGHT="26" CONTENT="stock" WC="0.98" CC="10010"/>
					</TextLine>
					<TextLine ID="P3_TL00063" HPOS="60" VPOS="2930" WIDTH="519" HEIGHT="37">
						<String ID="P3_ST00336" HPOS="60" VPOS="2938" WIDTH="40" HEIGHT="29" CONTENT="get" WC="0.95" CC="101"/>
						<SP ID="P3_SP00268" HPOS="100" VPOS="2967" WIDTH="11"/>
						<String ID="P3_ST00337" HPOS="111" VPOS="2934" WIDTH="106" HEIGHT="31" CONTENT="through" WC="0.97" CC="0100101"/>
						<SP ID="P3_SP00269" HPOS="217" VPOS="2967" WIDTH="11"/>
						<String ID="P3_ST00338" HPOS="228" VPOS="2933" WIDTH="42" HEIGHT="25" CONTENT="the" WC="1.00" CC="000"/>
						<SP ID="P3_SP00270" HPOS="270" VPOS="2967" WIDTH="11"/>
						<String ID="P3_ST00339" HPOS="281" VPOS="2933" WIDTH="85" HEIGHT="25" CONTENT="winter" WC="0.97" CC="101000"/>
						<SP ID="P3_SP00271" HPOS="366" VPOS="2967" WIDTH="7"/>
						<String ID="P3_ST00340" HPOS="373" VPOS="2932" WIDTH="27" HEIGHT="24" CONTENT="m" WC="0.96" CC="0"/>
						<SP ID="P3_SP00272" HPOS="400" VPOS="2967" WIDTH="11"/>
						<String ID="P3_ST00341" HPOS="411" VPOS="2931" WIDTH="109" HEIGHT="27" CONTENT="comfort," WC="0.98" CC="10000101"/>
						<SP ID="P3_SP00273" HPOS="520" VPOS="2967" WIDTH="10"/>
						<String ID="P3_ST00342" HPOS="530" VPOS="2930" WIDTH="49" HEIGHT="24" CONTENT="and" WC="0.99" CC="100"/>
					</TextLine>
					<TextLine ID="P3_TL00064" HPOS="33" VPOS="2967" WIDTH="546" HEIGHT="35">
						<String ID="P3_ST00343" HPOS="33" VPOS="2983" WIDTH="15" HEIGHT="14" CONTENT="*" WC="0.19" CC="8"/>
						<SP ID="P3_SP00274" HPOS="48" VPOS="2997" WIDTH="12"/>
						<String ID="P3_ST00344" HPOS="60" VPOS="2981" WIDTH="27" HEIGHT="16" CONTENT="as" WC="0.98" CC="01"/>
						<SP ID="P3_SP00275" HPOS="87" VPOS="2997" WIDTH="12"/>
						<String ID="P3_ST00345" HPOS="99" VPOS="2980" WIDTH="58" HEIGHT="17" CONTENT="soon" WC="0.94" CC="1011"/>
						<SP ID="P3_SP00276" HPOS="157" VPOS="2997" WIDTH="12"/>
						<String ID="P3_ST00346" HPOS="169" VPOS="2980" WIDTH="27" HEIGHT="16" CONTENT="as" WC="0.94" CC="11"/>
						<SP ID="P3_SP00277" HPOS="196" VPOS="2997" WIDTH="11"/>
						<String ID="P3_ST00347" HPOS="207" VPOS="2971" WIDTH="42" HEIGHT="25" CONTENT="the" WC="0.96" CC="110"/>
						<SP ID="P3_SP00278" HPOS="249" VPOS="2997" WIDTH="12"/>
						<String ID="P3_ST00348" HPOS="261" VPOS="2971" WIDTH="82" HEIGHT="31" CONTENT="spring" WC="0.96" CC="110011"/>
						<SP ID="P3_SP00279" HPOS="343" VPOS="3002" WIDTH="11"/>
						<String ID="P3_ST00349" HPOS="354" VPOS="2970" WIDTH="27" HEIGHT="25" CONTENT="of" WC="1.00" CC="00"/>
						<SP ID="P3_SP00280" HPOS="381" VPOS="3002" WIDTH="8"/>
						<String ID="P3_ST00350" HPOS="389" VPOS="2977" WIDTH="69" HEIGHT="24" CONTENT="grass" WC="0.95" CC="01011"/>
						<SP ID="P3_SP00281" HPOS="458" VPOS="3002" WIDTH="23"/>
						<String ID="P3_ST00351" HPOS="481" VPOS="2970" WIDTH="49" HEIGHT="22" CONTENT="sets" WC="0.94" CC="1021"/>
						<SP ID="P3_SP00282" HPOS="530" VPOS="3002" WIDTH="21"/>
						<String ID="P3_ST00352" HPOS="551" VPOS="2967" WIDTH="28" HEIGHT="24" CONTENT="m" WC="0.98" CC="0"/>
					</TextLine>
					<TextLine ID="P3_TL00065" HPOS="60" VPOS="3005" WIDTH="519" HEIGHT="41">
						<String ID="P3_ST00353" HPOS="60" VPOS="3011" WIDTH="58" HEIGHT="32" CONTENT="they" WC="0.99" CC="0001"/>
						<SP ID="P3_SP00283" HPOS="118" VPOS="3043" WIDTH="12"/>
						<String ID="P3_ST00354" HPOS="130" VPOS="3018" WIDTH="40" HEIGHT="28" CONTENT="ar^" WC="0.65" CC="109"/>
						<SP ID="P3_SP00284" HPOS="170" VPOS="3046" WIDTH="10"/>
						<String ID="P3_ST00355" HPOS="180" VPOS="3010" WIDTH="74" HEIGHT="31" CONTENT="ready" WC="0.96" CC="00002"/>
						<SP ID="P3_SP00285" HPOS="254" VPOS="3046" WIDTH="8"/>
						<String ID="P3_ST00356" HPOS="262" VPOS="3011" WIDTH="25" HEIGHT="25" CONTENT="to" WC="0.98" CC="10"/>
						<SP ID="P3_SP00286" HPOS="287" VPOS="3046" WIDTH="21"/>
						<String ID="P3_ST00357" HPOS="308" VPOS="3015" WIDTH="140" HEIGHT="19" CONTENT="commence" WC="0.97" CC="10111010"/>
						<SP ID="P3_SP00287" HPOS="448" VPOS="3046" WIDTH="22"/>
						<String ID="P3_ST00358" HPOS="470" VPOS="3005" WIDTH="109" HEIGHT="33" CONTENT="yielding" WC="0.96" CC="11100101"/>
					</TextLine>
					<TextLine ID="P3_TL00066" HPOS="60" VPOS="3044" WIDTH="519" HEIGHT="38">
						<String ID="P3_ST00359" HPOS="60" VPOS="3059" WIDTH="16" HEIGHT="17" CONTENT="a" WC="0.96" CC="1"/>
						<SP ID="P3_SP00288" HPOS="76" VPOS="3076" WIDTH="17"/>
						<String ID="P3_ST00360" HPOS="93" VPOS="3050" WIDTH="127" HEIGHT="32" CONTENT="profitable" WC="0.85" CC="0003911001"/>
						<SP ID="P3_SP00289" HPOS="220" VPOS="3082" WIDTH="30"/>
						<String ID="P3_ST00361" HPOS="250" VPOS="3051" WIDTH="92" HEIGHT="25" CONTENT="return," WC="0.95" CC="1011111"/>
						<SP ID="P3_SP00290" HPOS="342" VPOS="3082" WIDTH="12"/>
						<String ID="P3_ST00362" HPOS="354" VPOS="3056" WIDTH="27" HEIGHT="16" CONTENT="as" WC="0.91" CC="11"/>
						<SP ID="P3_SP00291" HPOS="381" VPOS="3082" WIDTH="22"/>
						<String ID="P3_ST00363" HPOS="403" VPOS="3046" WIDTH="97" HEIGHT="32" CONTENT="against" WC="0.95" CC="0100211"/>
						<SP ID="P3_SP00292" HPOS="500" VPOS="3082" WIDTH="11"/>
						<String ID="P3_ST00364" HPOS="511" VPOS="3044" WIDTH="68" HEIGHT="26" CONTENT="stock" WC="0.98" CC="10000"/>
					</TextLine>
					<TextLine ID="P3_TL00067" HPOS="60" VPOS="3084" WIDTH="520" HEIGHT="31">
						<String ID="P3_ST00365" HPOS="60" VPOS="3090" WIDTH="79" HEIGHT="25" CONTENT="which" WC="0.97" CC="11001"/>
						<SP ID="P3_SP00293" HPOS="139" VPOS="3115" WIDTH="26"/>
						<String ID="P3_ST00366" HPOS="165" VPOS="3089" WIDTH="61" HEIGHT="25" CONTENT="have" WC="0.94" CC="1110"/>
						<SP ID="P3_SP00294" HPOS="226" VPOS="3115" WIDTH="21"/>
						<String ID="P3_ST00367" HPOS="247" VPOS="3088" WIDTH="61" HEIGHT="25" CONTENT="been" WC="0.96" CC="1011"/>
						<SP ID="P3_SP00295" HPOS="308" VPOS="3115" WIDTH="29"/>
						<String ID="P3_ST00368" HPOS="337" VPOS="3086" WIDTH="99" HEIGHT="24" CONTENT="allowed" WC="0.98" CC="1100001"/>
						<SP ID="P3_SP00296" HPOS="436" VPOS="3115" WIDTH="23"/>
						<String ID="P3_ST00369" HPOS="459" VPOS="3086" WIDTH="26" HEIGHT="23" CONTENT="to" WC="1.00" CC="00"/>
						<SP ID="P3_SP00297" HPOS="485" VPOS="3115" WIDTH="23"/>
						<String ID="P3_ST00370" HPOS="508" VPOS="3084" WIDTH="72" HEIGHT="25" CONTENT="stand" WC="0.81" CC="81100"/>
					</TextLine>
					<TextLine ID="P3_TL00068" HPOS="57" VPOS="3123" WIDTH="524" HEIGHT="36">
						<String ID="P3_ST00371" HPOS="57" VPOS="3128" WIDTH="131" HEIGHT="31" CONTENT="famishing" WC="0.92" CC="011031111"/>
						<SP ID="P3_SP00298" HPOS="188" VPOS="3159" WIDTH="10"/>
						<String ID="P3_ST00372" HPOS="198" VPOS="3128" WIDTH="26" HEIGHT="24" CONTENT="m" WC="0.94" CC="0"/>
						<SP ID="P3_SP00299" HPOS="224" VPOS="3159" WIDTH="9"/>
						<String ID="P3_ST00373" HPOS="233" VPOS="3135" WIDTH="12" HEIGHT="16" CONTENT="a" WC="0.93" CC="1"/>
						<SP ID="P3_SP00300" HPOS="245" VPOS="3159" WIDTH="12"/>
						<String ID="P3_ST00374" HPOS="257" VPOS="3124" WIDTH="171" HEIGHT="32" CONTENT="water-logged" WC="0.92" CC="111131001011"/>
						<SP ID="P3_SP00301" HPOS="428" VPOS="3159" WIDTH="7"/>
						<String ID="P3_ST00375" HPOS="435" VPOS="3124" WIDTH="50" HEIGHT="23" CONTENT="and" WC="0.94" CC="021"/>
						<SP ID="P3_SP00302" HPOS="485" VPOS="3159" WIDTH="10"/>
						<String ID="P3_ST00376" HPOS="495" VPOS="3123" WIDTH="86" HEIGHT="31" CONTENT="badly-," WC="0.92" CC="1110130"/>
					</TextLine>
					<TextLine ID="P3_TL00069" HPOS="60" VPOS="3163" WIDTH="519" HEIGHT="34">
						<String ID="P3_ST00377" HPOS="60" VPOS="3166" WIDTH="119" HEIGHT="26" CONTENT="sheltered" WC="0.98" CC="100010001"/>
						<SP ID="P3_SP00303" HPOS="179" VPOS="3192" WIDTH="19"/>
						<String ID="P3_ST00378" HPOS="198" VPOS="3164" WIDTH="117" HEIGHT="33" CONTENT="paddock." WC="0.98" CC="01010101"/>
						<SP ID="P3_SP00304" HPOS="315" VPOS="3197" WIDTH="35"/>
						<String ID="P3_ST00379" HPOS="350" VPOS="3163" WIDTH="47" HEIGHT="24" CONTENT="We" WC="0.93" CC="11"/>
						<SP ID="P3_SP00305" HPOS="397" VPOS="3197" WIDTH="19"/>
						<String ID="P3_ST00380" HPOS="416" VPOS="3170" WIDTH="46" HEIGHT="17" CONTENT="can" WC="0.93" CC="111"/>
						<SP ID="P3_SP00306" HPOS="462" VPOS="3197" WIDTH="23"/>
						<String ID="P3_ST00381" HPOS="485" VPOS="3169" WIDTH="39" HEIGHT="18" CONTENT="see" WC="0.97" CC="100"/>
						<SP ID="P3_SP00307" HPOS="524" VPOS="3197" WIDTH="22"/>
						<String ID="P3_ST00382" HPOS="546" VPOS="3168" WIDTH="33" HEIGHT="17" CONTENT="no" WC="0.96" CC="10"/>
					</TextLine>
					<TextLine ID="P3_TL00070" HPOS="56" VPOS="3200" WIDTH="519" HEIGHT="37">
						<String ID="P3_ST00383" HPOS="56" VPOS="3215" WIDTH="86" HEIGHT="17" CONTENT="reason" WC="0.97" CC="001101"/>
						<SP ID="P3_SP00308" HPOS="142" VPOS="3232" WIDTH="11"/>
						<String ID="P3_ST00384" HPOS="153" VPOS="3206" WIDTH="57" HEIGHT="31" CONTENT="why." WC="0.98" CC="1000"/>
						<SP ID="P3_SP00309" HPOS="210" VPOS="3237" WIDTH="8"/>
						<String ID="P3_ST00385" HPOS="218" VPOS="3205" WIDTH="67" HEIGHT="31" CONTENT="dairy" WC="0.97" CC="01011"/>
						<SP ID="P3_SP00310" HPOS="285" VPOS="3237" WIDTH="12"/>
						<String ID="P3_ST00386" HPOS="297" VPOS="3210" WIDTH="63" HEIGHT="19" CONTENT="cows" WC="0.97" CC="0011"/>
						<SP ID="P3_SP00311" HPOS="360" VPOS="3237" WIDTH="12"/>
						<String ID="P3_ST00387" HPOS="372" VPOS="3201" WIDTH="88" HEIGHT="26" CONTENT="should" WC="0.93" CC="200101"/>
						<SP ID="P3_SP00312" HPOS="460" VPOS="3237" WIDTH="19"/>
						<String ID="P3_ST00388" HPOS="479" VPOS="3203" WIDTH="44" HEIGHT="22" CONTENT="not" WC="0.96" CC="101"/>
						<SP ID="P3_SP00313" HPOS="523" VPOS="3237" WIDTH="23"/>
						<String ID="P3_ST00389" HPOS="546" VPOS="3200" WIDTH="29" HEIGHT="25" CONTENT="be" WC="0.94" CC="11"/>
					</TextLine>
					<TextLine ID="P3_TL00071" HPOS="58" VPOS="3241" WIDTH="520" HEIGHT="38">
						<String ID="P3_ST00390" HPOS="58" VPOS="3246" WIDTH="89" HEIGHT="33" CONTENT="rugged" WC="0.98" CC="101100"/>
						<SP ID="P3_SP00314" HPOS="147" VPOS="3279" WIDTH="12"/>
						<String ID="P3_ST00391" HPOS="159" VPOS="3254" WIDTH="27" HEIGHT="17" CONTENT="as" WC="0.98" CC="01"/>
						<SP ID="P3_SP00315" HPOS="186" VPOS="3279" WIDTH="22"/>
						<String ID="P3_ST00392" HPOS="208" VPOS="3246" WIDTH="54" HEIGHT="24" CONTENT="well" WC="0.97" CC="1010"/>
						<SP ID="P3_SP00316" HPOS="262" VPOS="3279" WIDTH="11"/>
						<String ID="P3_ST00393" HPOS="273" VPOS="3252" WIDTH="26" HEIGHT="17" CONTENT="as" WC="0.93" CC="11"/>
						<SP ID="P3_SP00317" HPOS="299" VPOS="3279" WIDTH="11"/>
						<String ID="P3_ST00394" HPOS="310" VPOS="3244" WIDTH="93" HEIGHT="27" CONTENT="horses," WC="0.94" CC="0011111"/>
						<SP ID="P3_SP00318" HPOS="403" VPOS="3279" WIDTH="12"/>
						<String ID="P3_ST00395" HPOS="415" VPOS="3242" WIDTH="21" HEIGHT="24" CONTENT="if" WC="0.96" CC="01"/>
						<SP ID="P3_SP00319" HPOS="436" VPOS="3279" WIDTH="9"/>
						<String ID="P3_ST00396" HPOS="445" VPOS="3241" WIDTH="96" HEIGHT="24" CONTENT="trained" WC="0.99" CC="1010000"/>
						<SP ID="P3_SP00320" HPOS="541" VPOS="3279" WIDTH="11"/>
						<String ID="P3_ST00397" HPOS="552" VPOS="3242" WIDTH="26" HEIGHT="22" CONTENT="to" WC="0.98" CC="10"/>
					</TextLine>
					<TextLine ID="P3_TL00072" HPOS="56" VPOS="3279" WIDTH="523" HEIGHT="36">
						<String ID="P3_ST00398" HPOS="56" VPOS="3285" WIDTH="28" HEIGHT="29" CONTENT="it," WC="0.88" CC="013"/>
						<SP ID="P3_SP00321" HPOS="84" VPOS="3314" WIDTH="13"/>
						<String ID="P3_ST00399" HPOS="97" VPOS="3286" WIDTH="84" HEIGHT="29" CONTENT="except" WC="0.90" CC="121121"/>
						<SP ID="P3_SP00322" HPOS="181" VPOS="3315" WIDTH="10"/>
						<String ID="P3_ST00400" HPOS="191" VPOS="3281" WIDTH="95" HEIGHT="28" CONTENT="indeed," WC="0.88" CC="1121141"/>
						<SP ID="P3_SP00323" HPOS="286" VPOS="3315" WIDTH="9"/>
						<String ID="P3_ST00401" HPOS="295" VPOS="3282" WIDTH="38" HEIGHT="23" CONTENT="for" WC="0.96" CC="001"/>
						<SP ID="P3_SP00324" HPOS="333" VPOS="3315" WIDTH="11"/>
						<String ID="P3_ST00402" HPOS="344" VPOS="3281" WIDTH="42" HEIGHT="23" CONTENT="the" WC="0.93" CC="111"/>
						<SP ID="P3_SP00325" HPOS="386" VPOS="3315" WIDTH="11"/>
						<String ID="P3_ST00403" HPOS="397" VPOS="3281" WIDTH="91" HEIGHT="23" CONTENT="raatter" WC="0.90" CC="2202111"/>
						<SP ID="P3_SP00326" HPOS="488" VPOS="3315" WIDTH="7"/>
						<String ID="P3_ST00404" HPOS="495" VPOS="3279" WIDTH="25" HEIGHT="23" CONTENT="of" WC="0.94" CC="01"/>
						<SP ID="P3_SP00327" HPOS="520" VPOS="3315" WIDTH="7"/>
						<String ID="P3_ST00405" HPOS="527" VPOS="3279" WIDTH="52" HEIGHT="23" CONTENT="cost" WC="0.95" CC="1011"/>
					</TextLine>
					<TextLine ID="P3_TL00073" HPOS="57" VPOS="3319" WIDTH="522" HEIGHT="31">
						<String ID="P3_ST00406" HPOS="57" VPOS="3325" WIDTH="61" HEIGHT="25" CONTENT="after" WC="0.93" CC="12200"/>
						<SP ID="P3_SP00328" HPOS="118" VPOS="3350" WIDTH="12"/>
						<String ID="P3_ST00407" HPOS="130" VPOS="3324" WIDTH="33" HEIGHT="25" CONTENT="all" WC="1.00" CC="000"/>
						<SP ID="P3_SP00329" HPOS="163" VPOS="3350" WIDTH="10"/>
						<String ID="P3_ST00408" HPOS="173" VPOS="3323" WIDTH="43" HEIGHT="25" CONTENT="the" WC="1.00" CC="000"/>
						<SP ID="P3_SP00330" HPOS="216" VPOS="3350" WIDTH="11"/>
						<String ID="P3_ST00409" HPOS="227" VPOS="3321" WIDTH="61" HEIGHT="26" CONTENT="shed" WC="0.98" CC="1000"/>
						<SP ID="P3_SP00331" HPOS="288" VPOS="3350" WIDTH="11"/>
						<String ID="P3_ST00410" HPOS="299" VPOS="3321" WIDTH="78" HEIGHT="26" CONTENT="would" WC="0.99" CC="10000"/>
						<SP ID="P3_SP00332" HPOS="377" VPOS="3350" WIDTH="9"/>
						<String ID="P3_ST00411" HPOS="386" VPOS="3319" WIDTH="29" HEIGHT="25" CONTENT="be" WC="0.98" CC="01"/>
						<SP ID="P3_SP00333" HPOS="415" VPOS="3350" WIDTH="12"/>
						<String ID="P3_ST00412" HPOS="427" VPOS="3319" WIDTH="42" HEIGHT="25" CONTENT="the" WC="0.99" CC="100"/>
						<SP ID="P3_SP00334" HPOS="469" VPOS="3350" WIDTH="23"/>
						<String ID="P3_ST00413" HPOS="492" VPOS="3325" WIDTH="87" HEIGHT="24" CONTENT="cneap" SUBS_TYPE="HypPart1" SUBS_CONTENT="cneapest" WC="0.94" CC="011102"/>
						<HYP CONTENT="-"/>
					</TextLine>
					<TextLine ID="P3_TL00074" HPOS="58" VPOS="3358" WIDTH="407" HEIGHT="35">
						<String ID="P3_ST00414" HPOS="58" VPOS="3366" WIDTH="37" HEIGHT="23" CONTENT="est" SUBS_TYPE="HypPart2" SUBS_CONTENT="cneapest" WC="0.97" CC="011"/>
						<SP ID="P3_SP00335" HPOS="95" VPOS="3389" WIDTH="12"/>
						<String ID="P3_ST00415" HPOS="107" VPOS="3363" WIDTH="70" HEIGHT="25" CONTENT="mode" WC="0.98" CC="1010"/>
						<SP ID="P3_SP00336" HPOS="177" VPOS="3389" WIDTH="11"/>
						<String ID="P3_ST00416" HPOS="188" VPOS="3362" WIDTH="27" HEIGHT="25" CONTENT="of" WC="0.98" CC="01"/>
						<SP ID="P3_SP00337" HPOS="215" VPOS="3389" WIDTH="14"/>
						<String ID="P3_ST00417" HPOS="229" VPOS="3360" WIDTH="127" HEIGHT="33" CONTENT="providing" WC="0.97" CC="100100010"/>
						<SP ID="P3_SP00338" HPOS="356" VPOS="3393" WIDTH="12"/>
						<String ID="P3_ST00418" HPOS="368" VPOS="3358" WIDTH="97" HEIGHT="26" CONTENT="shelter." WC="0.97" CC="10011001"/>
					</TextLine>
					<TextLine ID="P3_TL00075" HPOS="90" VPOS="3417" WIDTH="455" HEIGHT="31">
						<String ID="P3_ST00419" HPOS="90" VPOS="3423" WIDTH="54" HEIGHT="25" CONTENT="The" WC="0.93" CC="102"/>
						<SP ID="P3_SP00339" HPOS="144" VPOS="3448" WIDTH="21"/>
						<String ID="P3_ST00420" HPOS="165" VPOS="3421" WIDTH="86" HEIGHT="26" CONTENT="'Value" WC="0.58" CC="421971"/>
						<SP ID="P3_SP00340" HPOS="251" VPOS="3448" WIDTH="12"/>
						<String ID="P3_ST00421" HPOS="263" VPOS="3428" WIDTH="30" HEIGHT="17" CONTENT="op" WC="0.87" CC="03"/>
						<SP ID="P3_SP00341" HPOS="293" VPOS="3448" WIDTH="20"/>
						<String ID="P3_ST00422" HPOS="313" VPOS="3419" WIDTH="143" HEIGHT="27" CONTENT="-Separated" WC="0.76" CC="4124071321"/>
						<SP ID="P3_SP00342" HPOS="456" VPOS="3448" WIDTH="12"/>
						<String ID="P3_ST00423" HPOS="468" VPOS="3417" WIDTH="77" HEIGHT="24" CONTENT="Max." WC="0.70" CC="0471"/>
					</TextLine>
					<TextLine ID="P3_TL00076" HPOS="91" VPOS="3468" WIDTH="488" HEIGHT="36">
						<String ID="P3_ST00424" HPOS="91" VPOS="3478" WIDTH="30" HEIGHT="24" CONTENT="In" WC="1.00" CC="00"/>
						<SP ID="P3_SP00343" HPOS="121" VPOS="3502" WIDTH="23"/>
						<String ID="P3_ST00425" HPOS="144" VPOS="3474" WIDTH="99" HEIGHT="28" CONTENT="Canada" WC="0.96" CC="100012"/>
						<SP ID="P3_SP00344" HPOS="243" VPOS="3502" WIDTH="19"/>
						<String ID="P3_ST00426" HPOS="262" VPOS="3474" WIDTH="42" HEIGHT="26" CONTENT="the" WC="0.99" CC="010"/>
						<SP ID="P3_SP00345" HPOS="304" VPOS="3502" WIDTH="23"/>
						<String ID="P3_ST00427" HPOS="327" VPOS="3471" WIDTH="126" HEIGHT="33" CONTENT="separated" WC="0.97" CC="101010000"/>
						<SP ID="P3_SP00346" HPOS="453" VPOS="3504" WIDTH="21"/>
						<String ID="P3_ST00428" HPOS="474" VPOS="3469" WIDTH="63" HEIGHT="26" CONTENT="milk" WC="0.95" CC="2001"/>
						<SP ID="P3_SP00347" HPOS="537" VPOS="3504" WIDTH="21"/>
						<String ID="P3_ST00429" HPOS="558" VPOS="3468" WIDTH="21" HEIGHT="25" CONTENT="is" WC="0.94" CC="01"/>
					</TextLine>
					<TextLine ID="P3_TL00077" HPOS="67" VPOS="3505" WIDTH="512" HEIGHT="41">
						<String ID="P3_ST00430" HPOS="67" VPOS="3515" WIDTH="80" HEIGHT="31" CONTENT="argely" WC="0.91" CC="122111"/>
						<SP ID="P3_SP00348" HPOS="147" VPOS="3546" WIDTH="33"/>
						<String ID="P3_ST00431" HPOS="180" VPOS="3511" WIDTH="185" HEIGHT="26" CONTENT="manufactured" WC="0.92" CC="100111111211"/>
						<SP ID="P3_SP00349" HPOS="365" VPOS="3546" WIDTH="29"/>
						<String ID="P3_ST00432" HPOS="394" VPOS="3509" WIDTH="53" HEIGHT="24" CONTENT="into" WC="0.98" CC="0010"/>
						<SP ID="P3_SP00350" HPOS="447" VPOS="3546" WIDTH="23"/>
						<String ID="P3_ST00433" HPOS="470" VPOS="3507" WIDTH="66" HEIGHT="26" CONTENT="what" WC="0.94" CC="2111"/>
						<SP ID="P3_SP00351" HPOS="536" VPOS="3546" WIDTH="22"/>
						<String ID="P3_ST00434" HPOS="558" VPOS="3505" WIDTH="21" HEIGHT="25" CONTENT="is" WC="0.91" CC="11"/>
					</TextLine>
					<TextLine ID="P3_TL00078" HPOS="58" VPOS="3544" WIDTH="521" HEIGHT="39">
						<String ID="P3_ST00435" HPOS="58" VPOS="3552" WIDTH="88" HEIGHT="26" CONTENT="known" WC="0.81" CC="17020"/>
						<SP ID="P3_SP00352" HPOS="146" VPOS="3578" WIDTH="12"/>
						<String ID="P3_ST00436" HPOS="158" VPOS="3560" WIDTH="26" HEIGHT="17" CONTENT="as" WC="0.94" CC="11"/>
						<SP ID="P3_SP00353" HPOS="184" VPOS="3578" WIDTH="12"/>
						<String ID="P3_ST00437" HPOS="196" VPOS="3555" WIDTH="14" HEIGHT="11" CONTENT='"' WC="0.96" CC="1"/>
						<SP ID="P3_SP00354" HPOS="210" VPOS="3578" WIDTH="10"/>
						<String ID="P3_ST00438" HPOS="220" VPOS="3551" WIDTH="72" HEIGHT="32" CONTENT="grade" WC="0.95" CC="11010"/>
						<SP ID="P3_SP00355" HPOS="292" VPOS="3583" WIDTH="12"/>
						<String ID="P3_ST00439" HPOS="304" VPOS="3551" WIDTH="92" HEIGHT="26" CONTENT="cheese," WC="0.94" CC="0101111"/>
						<SP ID="P3_SP00356" HPOS="396" VPOS="3583" WIDTH="12"/>
						<String ID="P3_ST00440" HPOS="408" VPOS="3546" WIDTH="105" HEIGHT="26" CONTENT='"which' WC="0.86" CC="116010"/>
						<SP ID="P3_SP00357" HPOS="513" VPOS="3583" WIDTH="9"/>
						<String ID="P3_ST00441" HPOS="522" VPOS="3544" WIDTH="57" HEIGHT="26" CONTENT="sells" WC="0.96" CC="11001"/>
					</TextLine>
					<TextLine ID="P3_TL00079" HPOS="59" VPOS="3584" WIDTH="520" HEIGHT="41">
						<String ID="P3_ST00442" HPOS="59" VPOS="3594" WIDTH="91" HEIGHT="31" CONTENT="readily" WC="0.94" CC="1112011"/>
						<SP ID="P3_SP00358" HPOS="150" VPOS="3625" WIDTH="11"/>
						<String ID="P3_ST00443" HPOS="161" VPOS="3584" WIDTH="33" HEIGHT="34" CONTENT="at" WC="0.85" CC="12"/>
						<SP ID="P3_SP00359" HPOS="194" VPOS="3625" WIDTH="9"/>
						<String ID="P3_ST00444" HPOS="203" VPOS="3601" WIDTH="15" HEIGHT="16" CONTENT="a" WC="0.96" CC="1"/>
						<SP ID="P3_SP00360" HPOS="218" VPOS="3625" WIDTH="11"/>
						<String ID="P3_ST00445" HPOS="229" VPOS="3591" WIDTH="103" HEIGHT="26" CONTENT="reduced" WC="0.94" CC="1001012"/>
						<SP ID="P3_SP00361" HPOS="332" VPOS="3625" WIDTH="14"/>
						<String ID="P3_ST00446" HPOS="346" VPOS="3590" WIDTH="73" HEIGHT="31" CONTENT="price." WC="0.95" CC="121100"/>
						<SP ID="P3_SP00362" HPOS="419" VPOS="3625" WIDTH="36"/>
						<String ID="P3_ST00447" HPOS="455" VPOS="3584" WIDTH="124" HEIGHT="32" CONTENT="Carefully" WC="0.94" CC="211111010"/>
					</TextLine>
					<TextLine ID="P3_TL00080" HPOS="61" VPOS="3625" WIDTH="518" HEIGHT="35">
						<String ID="P3_ST00448" HPOS="61" VPOS="3631" WIDTH="133" HEIGHT="25" CONTENT="conducted" WC="0.95" CC="001210100"/>
						<SP ID="P3_SP00363" HPOS="194" VPOS="3656" WIDTH="11"/>
						<String ID="P3_ST00449" HPOS="205" VPOS="3631" WIDTH="162" HEIGHT="29" CONTENT="experiments" WC="0.94" CC="02111000111"/>
						<SP ID="P3_SP00364" HPOS="367" VPOS="3660" WIDTH="12"/>
						<String ID="P3_ST00450" HPOS="379" VPOS="3636" WIDTH="26" HEIGHT="16" CONTENT="as" WC="0.96" CC="01"/>
						<String ID="P3_ST00451" HPOS="408" VPOS="3643" WIDTH="2" HEIGHT="10" CONTENT=":" STYLE="subscript" WC="0.93" CC="1"/>
						<SP ID="P3_SP00365" HPOS="410" VPOS="3660" WIDTH="20"/>
						<String ID="P3_ST00452" HPOS="430" VPOS="3628" WIDTH="25" HEIGHT="22" CONTENT="to" WC="1.00" CC="00"/>
						<SP ID="P3_SP00366" HPOS="455" VPOS="3660" WIDTH="23"/>
						<String ID="P3_ST00453" HPOS="478" VPOS="3625" WIDTH="52" HEIGHT="25" CONTENT="the." WC="0.95" CC="1101"/>
						<SP ID="P3_SP00367" HPOS="530" VPOS="3660" WIDTH="12"/>
						<String ID="P3_ST00454" HPOS="542" VPOS="3631" WIDTH="37" HEIGHT="15" CONTENT="re" SUBS_TYPE="HypPart1" SUBS_CONTENT="relative" WC="0.96" CC="101"/>
						<HYP CONTENT="-"/>
					</TextLine>
					<TextLine ID="P3_TL00081" HPOS="57" VPOS="3665" WIDTH="519" HEIGHT="29">
						<String ID="P3_ST00455" HPOS="57" VPOS="3669" WIDTH="72" HEIGHT="25" CONTENT="lative" SUBS_TYPE="HypPart2" SUBS_CONTENT="relative" WC="0.95" CC="011011"/>
						<SP ID="P3_SP00368" HPOS="129" VPOS="3694" WIDTH="17"/>
						<String ID="P3_ST00456" HPOS="146" VPOS="3669" WIDTH="69" HEIGHT="25" CONTENT="value" WC="0.95" CC="11011"/>
						<SP ID="P3_SP00369" HPOS="215" VPOS="3694" WIDTH="17"/>
						<String ID="P3_ST00457" HPOS="232" VPOS="3667" WIDTH="26" HEIGHT="26" CONTENT="of" WC="1.00" CC="00"/>
						<SP ID="P3_SP00370" HPOS="258" VPOS="3694" WIDTH="20"/>
						<String ID="P3_ST00458" HPOS="278" VPOS="3666" WIDTH="77" HEIGHT="27" CONTENT="whole" WC="0.98" CC="11000"/>
						<SP ID="P3_SP00371" HPOS="355" VPOS="3694" WIDTH="22"/>
						<String ID="P3_ST00459" HPOS="377" VPOS="3665" WIDTH="61" HEIGHT="25" CONTENT="milk" WC="0.92" CC="2002"/>
						<SP ID="P3_SP00372" HPOS="438" VPOS="3694" WIDTH="23"/>
						<String ID="P3_ST00460" HPOS="461" VPOS="3671" WIDTH="27" HEIGHT="17" CONTENT="as" WC="0.93" CC="02"/>
						<SP ID="P3_SP00373" HPOS="488" VPOS="3694" WIDTH="22"/>
						<String ID="P3_ST00461" HPOS="510" VPOS="3668" WIDTH="66" HEIGHT="18" CONTENT="com" SUBS_TYPE="HypPart1" SUBS_CONTENT="compared" WC="0.95" CC="0021"/>
						<HYP CONTENT="-"/>
					</TextLine>
					<TextLine ID="P3_TL00082" HPOS="60" VPOS="3702" WIDTH="521" HEIGHT="39">
						<String ID="P3_ST00462" HPOS="60" VPOS="3709" WIDTH="73" HEIGHT="32" CONTENT="pared" SUBS_TYPE="HypPart2" SUBS_CONTENT="compared" WC="0.98" CC="00101"/>
						<SP ID="P3_SP00374" HPOS="133" VPOS="3741" WIDTH="11"/>
						<String ID="P3_ST00463" HPOS="144" VPOS="3709" WIDTH="59" HEIGHT="26" CONTENT="with" WC="0.97" CC="1001"/>
						<SP ID="P3_SP00375" HPOS="203" VPOS="3741" WIDTH="15"/>
						<String ID="P3_ST00464" HPOS="218" VPOS="3706" WIDTH="126" HEIGHT="34" CONTENT="separated" WC="0.97" CC="100011101"/>
						<SP ID="P3_SP00376" HPOS="344" VPOS="3741" WIDTH="11"/>
						<String ID="P3_ST00465" HPOS="355" VPOS="3706" WIDTH="61" HEIGHT="26" CONTENT="milk" WC="0.97" CC="1000"/>
						<SP ID="P3_SP00377" HPOS="416" VPOS="3741" WIDTH="11"/>
						<String ID="P3_ST00466" HPOS="427" VPOS="3705" WIDTH="38" HEIGHT="25" CONTENT="lor" WC="0.99" CC="100"/>
						<SP ID="P3_SP00378" HPOS="465" VPOS="3741" WIDTH="18"/>
						<String ID="P3_ST00467" HPOS="483" VPOS="3702" WIDTH="98" HEIGHT="30" CONTENT="feeding" WC="0.97" CC="0101101"/>
					</TextLine>
					<TextLine ID="P3_TL00083" HPOS="60" VPOS="3742" WIDTH="521" HEIGHT="39">
						<String ID="P3_ST00468" HPOS="60" VPOS="3757" WIDTH="116" HEIGHT="24" CONTENT="purposes" WC="0.97" CC="11010101"/>
						<SP ID="P3_SP00379" HPOS="176" VPOS="3781" WIDTH="11"/>
						<String ID="P3_ST00469" HPOS="187" VPOS="3749" WIDTH="61" HEIGHT="24" CONTENT="have" WC="0.97" CC="1110"/>
						<SP ID="P3_SP00380" HPOS="248" VPOS="3781" WIDTH="12"/>
						<String ID="P3_ST00470" HPOS="260" VPOS="3749" WIDTH="84" HEIGHT="24" CONTENT="shown" WC="0.95" CC="10011"/>
						<SP ID="P3_SP00381" HPOS="344" VPOS="3781" WIDTH="12"/>
						<String ID="P3_ST00471" HPOS="356" VPOS="3742" WIDTH="161" HEIGHT="31" CONTENT="conclusively" WC="0.97" CC="000100102010"/>
						<SP ID="P3_SP00382" HPOS="517" VPOS="3781" WIDTH="10"/>
						<String ID="P3_ST00472" HPOS="527" VPOS="3742" WIDTH="54" HEIGHT="24" CONTENT="that" WC="0.96" CC="1101"/>
					</TextLine>
					<TextLine ID="P3_TL00084" HPOS="61" VPOS="3776" WIDTH="520" HEIGHT="43">
						<String ID="P3_ST00473" HPOS="61" VPOS="3787" WIDTH="32" HEIGHT="32" CONTENT="by" WC="0.94" CC="11"/>
						<SP ID="P3_SP00383" HPOS="93" VPOS="3819" WIDTH="22"/>
						<String ID="P3_ST00474" HPOS="115" VPOS="3787" WIDTH="43" HEIGHT="24" CONTENT="the" WC="0.96" CC="111"/>
						<SP ID="P3_SP00384" HPOS="158" VPOS="3819" WIDTH="21"/>
						<String ID="P3_ST00475" HPOS="179" VPOS="3787" WIDTH="108" HEIGHT="25" CONTENT="addition" WC="0.98" CC="00101001"/>
						<SP ID="P3_SP00385" HPOS="287" VPOS="3819" WIDTH="26"/>
						<String ID="P3_ST00476" HPOS="313" VPOS="3784" WIDTH="28" HEIGHT="27" CONTENT="of" WC="0.93" CC="11"/>
						<SP ID="P3_SP00386" HPOS="341" VPOS="3819" WIDTH="19"/>
						<String ID="P3_ST00477" HPOS="360" VPOS="3792" WIDTH="15" HEIGHT="16" CONTENT="a" WC="0.96" CC="1"/>
						<SP ID="P3_SP00387" HPOS="375" VPOS="3819" WIDTH="29"/>
						<String ID="P3_ST00478" HPOS="404" VPOS="3782" WIDTH="64" HEIGHT="26" CONTENT="little" WC="0.98" CC="000101"/>
						<SP ID="P3_SP00388" HPOS="468" VPOS="3819" WIDTH="22"/>
						<String ID="P3_ST00479" HPOS="490" VPOS="3776" WIDTH="91" HEIGHT="29" CONTENT="linseed" WC="0.96" CC="2011100"/>
					</TextLine>
					<TextLine ID="P3_TL00085" HPOS="62" VPOS="3820" WIDTH="519" HEIGHT="39">
						<String ID="P3_ST00480" HPOS="62" VPOS="3826" WIDTH="120" HEIGHT="33" CONTENT="mucilage" WC="0.79" CC="41110721"/>
						<SP ID="P3_SP00389" HPOS="182" VPOS="3859" WIDTH="33"/>
						<String ID="P3_ST00481" HPOS="215" VPOS="3826" WIDTH="56" HEIGHT="32" CONTENT="(one" WC="0.92" CC="0031"/>
						<SP ID="P3_SP00390" HPOS="271" VPOS="3859" WIDTH="22"/>
						<String ID="P3_ST00482" HPOS="293" VPOS="3828" WIDTH="39" HEIGHT="25" CONTENT="iea" WC="0.81" CC="412"/>
						<String ID="P3_ST00483" HPOS="334" VPOS="3824" WIDTH="7" HEIGHT="19" CONTENT=":" WC="0.52" CC="5"/>
						<String ID="P3_ST00484" HPOS="344" VPOS="3831" WIDTH="45" HEIGHT="17" CONTENT="cun" WC="0.93" CC="112"/>
						<SP ID="P3_SP00391" HPOS="389" VPOS="3859" WIDTH="35"/>
						<String ID="P3_ST00485" HPOS="424" VPOS="3821" WIDTH="45" HEIGHT="25" CONTENT="full" WC="0.95" CC="1101"/>
						<SP ID="P3_SP00392" HPOS="469" VPOS="3859" WIDTH="22"/>
						<String ID="P3_ST00486" HPOS="491" VPOS="3822" WIDTH="25" HEIGHT="23" CONTENT="to" WC="0.94" CC="11"/>
						<SP ID="P3_SP00393" HPOS="516" VPOS="3859" WIDTH="23"/>
						<String ID="P3_ST00487" HPOS="539" VPOS="3820" WIDTH="42" HEIGHT="24" CONTENT="tbe" WC="0.59" CC="264" STYLEREFS="TXT_4"/>
					</TextLine>
				</TextBlock>
				<TextBlock ID="P3_TB00006" HPOS="654" VPOS="170" WIDTH="544" HEIGHT="2164" STYLEREFS="TXT_2 PAR_LEFT">
					<TextLine ID="P3_TL00086" HPOS="663" VPOS="178" WIDTH="521" HEIGHT="36">
						<String ID="P3_ST00488" HPOS="663" VPOS="182" WIDTH="92" HEIGHT="32" CONTENT="gallon)" WC="0.98" CC="1101001"/>
						<SP ID="P3_SP00394" HPOS="755" VPOS="214" WIDTH="12"/>
						<String ID="P3_ST00489" HPOS="767" VPOS="183" WIDTH="103" HEIGHT="23" CONTENT="restores" WC="0.86" CC="11340211"/>
						<SP ID="P3_SP00395" HPOS="870" VPOS="214" WIDTH="12"/>
						<String ID="P3_ST00490" HPOS="882" VPOS="182" WIDTH="42" HEIGHT="23" CONTENT="the" WC="0.80" CC="132"/>
						<SP ID="P3_SP00396" HPOS="924" VPOS="214" WIDTH="11"/>
						<String ID="P3_ST00491" HPOS="935" VPOS="180" WIDTH="35" HEIGHT="24" CONTENT="fat" WC="0.97" CC="100"/>
						<SP ID="P3_SP00397" HPOS="970" VPOS="214" WIDTH="7"/>
						<String ID="P3_ST00492" HPOS="977" VPOS="178" WIDTH="114" HEIGHT="25" CONTENT="removed" WC="0.82" CC="0160213"/>
						<SP ID="P3_SP00398" HPOS="1091" VPOS="214" WIDTH="9"/>
						<String ID="P3_ST00493" HPOS="1100" VPOS="178" WIDTH="30" HEIGHT="31" CONTENT="by" WC="0.93" CC="02"/>
						<SP ID="P3_SP00399" HPOS="1130" VPOS="214" WIDTH="12"/>
						<String ID="P3_ST00494" HPOS="1142" VPOS="178" WIDTH="42" HEIGHT="24" CONTENT="the" WC="0.85" CC="131"/>
					</TextLine>
					<TextLine ID="P3_TL00087" HPOS="664" VPOS="215" WIDTH="521" HEIGHT="36">
						<String ID="P3_ST00495" HPOS="664" VPOS="222" WIDTH="130" HEIGHT="29" CONTENT="separator," WC="0.92" CC="1011111012"/>
						<SP ID="P3_SP00400" HPOS="794" VPOS="251" WIDTH="24"/>
						<String ID="P3_ST00496" HPOS="818" VPOS="219" WIDTH="130" HEIGHT="28" CONTENT="rendering" WC="0.89" CC="102401022"/>
						<SP ID="P3_SP00401" HPOS="948" VPOS="251" WIDTH="19"/>
						<String ID="P3_ST00497" HPOS="967" VPOS="217" WIDTH="42" HEIGHT="23" CONTENT="the" WC="0.83" CC="150"/>
						<SP ID="P3_SP00402" HPOS="1009" VPOS="251" WIDTH="30"/>
						<String ID="P3_ST00498" HPOS="1039" VPOS="216" WIDTH="62" HEIGHT="23" CONTENT="skim" WC="0.94" CC="1101"/>
						<SP ID="P3_SP00403" HPOS="1101" VPOS="251" WIDTH="23"/>
						<String ID="P3_ST00499" HPOS="1124" VPOS="215" WIDTH="61" HEIGHT="23" CONTENT="milk" WC="0.90" CC="3101"/>
					</TextLine>
					<TextLine ID="P3_TL00088" HPOS="665" VPOS="254" WIDTH="520" HEIGHT="37">
						<String ID="P3_ST00500" HPOS="665" VPOS="260" WIDTH="96" HEIGHT="31" CONTENT="equally" WC="0.80" CC="1270122"/>
						<SP ID="P3_SP00404" HPOS="761" VPOS="291" WIDTH="21"/>
						<String ID="P3_ST00501" HPOS="782" VPOS="259" WIDTH="133" HEIGHT="24" CONTENT="nutritious" WC="0.87" CC="3231121021"/>
						<SP ID="P3_SP00405" HPOS="915" VPOS="291" WIDTH="21"/>
						<String ID="P3_ST00502" HPOS="936" VPOS="256" WIDTH="61" HEIGHT="25" CONTENT='"with' WC="0.81" CC="41014"/>
						<SP ID="P3_SP00406" HPOS="997" VPOS="291" WIDTH="19"/>
						<String ID="P3_ST00503" HPOS="1016" VPOS="256" WIDTH="78" HEIGHT="24" CONTENT="whole" WC="0.76" CC="73002"/>
						<SP ID="P3_SP00407" HPOS="1094" VPOS="291" WIDTH="21"/>
						<String ID="P3_ST00504" HPOS="1115" VPOS="254" WIDTH="70" HEIGHT="24" CONTENT="milk." WC="0.95" CC="11001"/>
					</TextLine>
					<TextLine ID="P3_TL00089" HPOS="665" VPOS="293" WIDTH="521" HEIGHT="36">
						<String ID="P3_ST00505" HPOS="665" VPOS="299" WIDTH="57" HEIGHT="24" CONTENT="Pew" WC="0.88" CC="301"/>
						<SP ID="P3_SP00408" HPOS="722" VPOS="323" WIDTH="11"/>
						<String ID="P3_ST00506" HPOS="733" VPOS="305" WIDTH="99" HEIGHT="24" CONTENT="persons" WC="0.94" CC="1110011"/>
						<SP ID="P3_SP00409" HPOS="832" VPOS="329" WIDTH="17"/>
						<String ID="P3_ST00507" HPOS="849" VPOS="296" WIDTH="55" HEIGHT="25" CONTENT="who" WC="0.89" CC="310"/>
						<SP ID="P3_SP00410" HPOS="904" VPOS="329" WIDTH="11"/>
						<String ID="P3_ST00508" HPOS="915" VPOS="295" WIDTH="62" HEIGHT="25" CONTENT="have" WC="0.93" CC="1111"/>
						<SP ID="P3_SP00411" HPOS="977" VPOS="329" WIDTH="11"/>
						<String ID="P3_ST00509" HPOS="988" VPOS="296" WIDTH="44" HEIGHT="22" CONTENT="not" WC="0.93" CC="201"/>
						<SP ID="P3_SP00412" HPOS="1032" VPOS="329" WIDTH="11"/>
						<String ID="P3_ST00510" HPOS="1043" VPOS="293" WIDTH="80" HEIGHT="25" CONTENT="tasted" WC="0.93" CC="101102"/>
						<SP ID="P3_SP00413" HPOS="1123" VPOS="329" WIDTH="11"/>
						<String ID="P3_ST00511" HPOS="1134" VPOS="300" WIDTH="52" HEIGHT="23" CONTENT="sep" SUBS_TYPE="HypPart1" SUBS_CONTENT="separated," WC="0.96" CC="1011"/>
						<HYP CONTENT="-"/>
					</TextLine>
					<TextLine ID="P3_TL00090" HPOS="665" VPOS="332" WIDTH="520" HEIGHT="35">
						<String ID="P3_ST00512" HPOS="665" VPOS="338" WIDTH="91" HEIGHT="29" CONTENT="arated," SUBS_TYPE="HypPart2" SUBS_CONTENT="separated," WC="0.96" CC="0100011"/>
						<SP ID="P3_SP00414" HPOS="756" VPOS="367" WIDTH="13"/>
						<String ID="P3_ST00513" HPOS="769" VPOS="337" WIDTH="61" HEIGHT="25" CONTENT="milk" WC="0.92" CC="2101"/>
						<SP ID="P3_SP00415" HPOS="830" VPOS="367" WIDTH="11"/>
						<String ID="P3_ST00514" HPOS="841" VPOS="337" WIDTH="62" HEIGHT="23" CONTENT="have" WC="0.97" CC="1100"/>
						<SP ID="P3_SP00416" HPOS="903" VPOS="367" WIDTH="17"/>
						<String ID="P3_ST00515" HPOS="920" VPOS="343" WIDTH="47" HEIGHT="23" CONTENT="any" WC="0.94" CC="111"/>
						<SP ID="P3_SP00417" HPOS="967" VPOS="367" WIDTH="12"/>
						<String ID="P3_ST00516" HPOS="979" VPOS="335" WIDTH="52" HEIGHT="23" CONTENT="idea" WC="0.87" CC="0014"/>
						<SP ID="P3_SP00418" HPOS="1031" VPOS="367" WIDTH="11"/>
						<String ID="P3_ST00517" HPOS="1042" VPOS="334" WIDTH="54" HEIGHT="24" CONTENT="how" WC="0.69" CC="108"/>
						<SP ID="P3_SP00419" HPOS="1096" VPOS="367" WIDTH="12"/>
						<String ID="P3_ST00518" HPOS="1108" VPOS="332" WIDTH="77" HEIGHT="32" CONTENT="pleas" SUBS_TYPE="HypPart1" SUBS_CONTENT="pleasant" WC="0.94" CC="120011"/>
						<HYP CONTENT="-"/>
					</TextLine>
					<TextLine ID="P3_TL00091" HPOS="666" VPOS="369" WIDTH="521" HEIGHT="32">
						<String ID="P3_ST00519" HPOS="666" VPOS="378" WIDTH="43" HEIGHT="23" CONTENT="ant" SUBS_TYPE="HypPart2" SUBS_CONTENT="pleasant" WC="0.89" CC="211"/>
						<SP ID="P3_SP00420" HPOS="709" VPOS="401" WIDTH="11"/>
						<String ID="P3_ST00520" HPOS="720" VPOS="376" WIDTH="20" HEIGHT="24" CONTENT="it" WC="0.96" CC="01"/>
						<SP ID="P3_SP00421" HPOS="740" VPOS="401" WIDTH="6"/>
						<String ID="P3_ST00521" HPOS="746" VPOS="376" WIDTH="22" HEIGHT="24" CONTENT="is" WC="0.98" CC="01"/>
						<SP ID="P3_SP00422" HPOS="768" VPOS="401" WIDTH="9"/>
						<String ID="P3_ST00522" HPOS="777" VPOS="377" WIDTH="25" HEIGHT="22" CONTENT="to" WC="0.98" CC="10"/>
						<SP ID="P3_SP00423" HPOS="802" VPOS="401" WIDTH="9"/>
						<String ID="P3_ST00523" HPOS="811" VPOS="376" WIDTH="70" HEIGHT="22" CONTENT="taste." WC="0.97" CC="111001"/>
						<SP ID="P3_SP00424" HPOS="881" VPOS="401" WIDTH="35"/>
						<String ID="P3_ST00524" HPOS="916" VPOS="373" WIDTH="45" HEIGHT="24" CONTENT="We" WC="0.94" CC="10"/>
						<SP ID="P3_SP00425" HPOS="961" VPOS="401" WIDTH="8"/>
						<String ID="P3_ST00525" HPOS="969" VPOS="372" WIDTH="63" HEIGHT="25" CONTENT="have" WC="0.96" CC="1001"/>
						<SP ID="P3_SP00426" HPOS="1032" VPOS="401" WIDTH="8"/>
						<String ID="P3_ST00526" HPOS="1040" VPOS="371" WIDTH="63" HEIGHT="24" CONTENT="little" WC="0.97" CC="111110"/>
						<SP ID="P3_SP00427" HPOS="1103" VPOS="401" WIDTH="9"/>
						<String ID="P3_ST00527" HPOS="1112" VPOS="369" WIDTH="75" HEIGHT="25" CONTENT="doubt" WC="0.92" CC="10112"/>
					</TextLine>
					<TextLine ID="P3_TL00092" HPOS="666" VPOS="407" WIDTH="520" HEIGHT="35">
						<String ID="P3_ST00528" HPOS="666" VPOS="416" WIDTH="44" HEIGHT="22" CONTENT="but" WC="0.95" CC="011"/>
						<SP ID="P3_SP00428" HPOS="710" VPOS="438" WIDTH="11"/>
						<String ID="P3_ST00529" HPOS="721" VPOS="414" WIDTH="54" HEIGHT="24" CONTENT="that" WC="0.92" CC="1102"/>
						<SP ID="P3_SP00429" HPOS="775" VPOS="438" WIDTH="12"/>
						<String ID="P3_ST00530" HPOS="787" VPOS="422" WIDTH="14" HEIGHT="14" CONTENT="a" WC="0.93" CC="1"/>
						<SP ID="P3_SP00430" HPOS="801" VPOS="438" WIDTH="11"/>
						<String ID="P3_ST00531" HPOS="812" VPOS="412" WIDTH="73" HEIGHT="30" CONTENT="ready" WC="0.92" CC="10012"/>
						<SP ID="P3_SP00431" HPOS="885" VPOS="442" WIDTH="20"/>
						<String ID="P3_ST00532" HPOS="905" VPOS="411" WIDTH="49" HEIGHT="24" CONTENT="sale" WC="0.97" CC="1100"/>
						<SP ID="P3_SP00432" HPOS="954" VPOS="442" WIDTH="22"/>
						<String ID="P3_ST00533" HPOS="976" VPOS="410" WIDTH="51" HEIGHT="23" CONTENT="will" WC="0.97" CC="1000"/>
						<SP ID="P3_SP00433" HPOS="1027" VPOS="442" WIDTH="22"/>
						<String ID="P3_ST00534" HPOS="1049" VPOS="407" WIDTH="137" HEIGHT="31" CONTENT="ultimately" WC="0.89" CC="2321211102"/>
					</TextLine>
					<TextLine ID="P3_TL00093" HPOS="666" VPOS="445" WIDTH="520" HEIGHT="32">
						<String ID="P3_ST00535" HPOS="666" VPOS="453" WIDTH="29" HEIGHT="24" CONTENT="be" WC="0.98" CC="01"/>
						<SP ID="P3_SP00434" HPOS="695" VPOS="477" WIDTH="11"/>
						<String ID="P3_ST00536" HPOS="706" VPOS="452" WIDTH="75" HEIGHT="25" CONTENT="found" WC="0.98" CC="00101"/>
						<SP ID="P3_SP00435" HPOS="781" VPOS="477" WIDTH="9"/>
						<String ID="P3_ST00537" HPOS="790" VPOS="452" WIDTH="36" HEIGHT="24" CONTENT="for" WC="0.93" CC="102"/>
						<SP ID="P3_SP00436" HPOS="826" VPOS="477" WIDTH="12"/>
						<String ID="P3_ST00538" HPOS="838" VPOS="450" WIDTH="34" HEIGHT="25" CONTENT="all" WC="0.99" CC="100"/>
						<SP ID="P3_SP00437" HPOS="872" VPOS="477" WIDTH="12"/>
						<String ID="P3_ST00539" HPOS="884" VPOS="450" WIDTH="42" HEIGHT="23" CONTENT="the" WC="0.95" CC="110"/>
						<SP ID="P3_SP00438" HPOS="926" VPOS="477" WIDTH="8"/>
						<String ID="P3_ST00540" HPOS="934" VPOS="447" WIDTH="119" HEIGHT="26" CONTENT="available" WC="0.96" CC="121010100"/>
						<SP ID="P3_SP00439" HPOS="1053" VPOS="477" WIDTH="8"/>
						<String ID="P3_ST00541" HPOS="1061" VPOS="445" WIDTH="125" HEIGHT="32" CONTENT="separated" WC="0.97" CC="101011001"/>
					</TextLine>
					<TextLine ID="P3_TL00094" HPOS="666" VPOS="485" WIDTH="519" HEIGHT="38">
						<String ID="P3_ST00542" HPOS="666" VPOS="492" WIDTH="61" HEIGHT="25" CONTENT="milk" WC="0.97" CC="1010"/>
						<SP ID="P3_SP00440" HPOS="727" VPOS="517" WIDTH="11"/>
						<String ID="P3_ST00543" HPOS="738" VPOS="490" WIDTH="121" HEIGHT="33" CONTENT="produced" WC="0.95" CC="11010011"/>
						<SP ID="P3_SP00441" HPOS="859" VPOS="523" WIDTH="11"/>
						<String ID="P3_ST00544" HPOS="870" VPOS="491" WIDTH="26" HEIGHT="23" CONTENT="at" WC="0.96" CC="11"/>
						<SP ID="P3_SP00442" HPOS="896" VPOS="523" WIDTH="11"/>
						<String ID="P3_ST00545" HPOS="907" VPOS="489" WIDTH="42" HEIGHT="24" CONTENT="the" WC="0.96" CC="111"/>
						<SP ID="P3_SP00443" HPOS="949" VPOS="523" WIDTH="22"/>
						<String ID="P3_ST00546" HPOS="971" VPOS="486" WIDTH="93" HEIGHT="26" CONTENT="central" WC="0.96" CC="0011100"/>
						<SP ID="P3_SP00444" HPOS="1064" VPOS="523" WIDTH="21"/>
						<String ID="P3_ST00547" HPOS="1085" VPOS="485" WIDTH="100" HEIGHT="30" CONTENT="factory," WC="0.93" CC="03100101"/>
					</TextLine>
					<TextLine ID="P3_TL00095" HPOS="667" VPOS="523" WIDTH="520" HEIGHT="36">
						<String ID="P3_ST00548" HPOS="667" VPOS="539" WIDTH="27" HEIGHT="17" CONTENT="as" WC="0.94" CC="11"/>
						<SP ID="P3_SP00445" HPOS="694" VPOS="556" WIDTH="11"/>
						<String ID="P3_ST00549" HPOS="705" VPOS="531" WIDTH="20" HEIGHT="24" CONTENT="it" WC="0.94" CC="01"/>
						<SP ID="P3_SP00446" HPOS="725" VPOS="556" WIDTH="8"/>
						<String ID="P3_ST00550" HPOS="733" VPOS="531" WIDTH="21" HEIGHT="24" CONTENT="is" WC="0.94" CC="11"/>
						<SP ID="P3_SP00447" HPOS="754" VPOS="556" WIDTH="11"/>
						<String ID="P3_ST00551" HPOS="765" VPOS="528" WIDTH="136" HEIGHT="31" CONTENT="admirably" WC="0.90" CC="123111111"/>
						<SP ID="P3_SP00448" HPOS="901" VPOS="559" WIDTH="19"/>
						<String ID="P3_ST00552" HPOS="920" VPOS="525" WIDTH="104" HEIGHT="32" CONTENT="adapted" WC="0.94" CC="1111111"/>
						<SP ID="P3_SP00449" HPOS="1024" VPOS="559" WIDTH="21"/>
						<String ID="P3_ST00553" HPOS="1045" VPOS="525" WIDTH="37" HEIGHT="23" CONTENT="for" WC="0.94" CC="101"/>
						<SP ID="P3_SP00450" HPOS="1082" VPOS="559" WIDTH="19"/>
						<String ID="P3_ST00554" HPOS="1101" VPOS="523" WIDTH="86" HEIGHT="25" CONTENT="bakers" WC="0.96" CC="010002"/>
					</TextLine>
					<TextLine ID="P3_TL00096" HPOS="667" VPOS="561" WIDTH="519" HEIGHT="35">
						<String ID="P3_ST00555" HPOS="667" VPOS="568" WIDTH="49" HEIGHT="26" CONTENT="and" WC="0.90" CC="121"/>
						<SP ID="P3_SP00451" HPOS="716" VPOS="594" WIDTH="11"/>
						<String ID="P3_ST00556" HPOS="727" VPOS="567" WIDTH="182" HEIGHT="26" CONTENT="confectioners'" WC="0.97" CC="00100010010112"/>
						<SP ID="P3_SP00452" HPOS="909" VPOS="594" WIDTH="12"/>
						<String ID="P3_ST00557" HPOS="921" VPOS="571" WIDTH="124" HEIGHT="25" CONTENT="purposes," WC="0.95" CC="100111011"/>
						<SP ID="P3_SP00453" HPOS="1045" VPOS="596" WIDTH="13"/>
						<String ID="P3_ST00558" HPOS="1058" VPOS="570" WIDTH="27" HEIGHT="17" CONTENT="as" WC="0.93" CC="11"/>
						<SP ID="P3_SP00454" HPOS="1085" VPOS="596" WIDTH="8"/>
						<String ID="P3_ST00559" HPOS="1093" VPOS="561" WIDTH="56" HEIGHT="26" CONTENT="well" WC="0.98" CC="1000"/>
						<SP ID="P3_SP00455" HPOS="1149" VPOS="596" WIDTH="11"/>
						<String ID="P3_ST00560" HPOS="1160" VPOS="569" WIDTH="26" HEIGHT="17" CONTENT="as" WC="0.96" CC="01"/>
					</TextLine>
					<TextLine ID="P3_TL00097" HPOS="666" VPOS="606" WIDTH="261" HEIGHT="27">
						<String ID="P3_ST00561" HPOS="666" VPOS="609" WIDTH="37" HEIGHT="24" CONTENT="for" WC="0.94" CC="102"/>
						<SP ID="P3_SP00456" HPOS="703" VPOS="633" WIDTH="17"/>
						<String ID="P3_ST00562" HPOS="720" VPOS="606" WIDTH="135" HEIGHT="26" CONTENT="household" WC="0.97" CC="101110000"/>
						<SP ID="P3_SP00457" HPOS="855" VPOS="633" WIDTH="21"/>
						<String ID="P3_ST00563" HPOS="876" VPOS="613" WIDTH="51" HEIGHT="17" CONTENT="use." WC="0.95" CC="0111"/>
					</TextLine>
					<TextLine ID="P3_TL00098" HPOS="667" VPOS="639" WIDTH="520" HEIGHT="32">
						<String ID="P3_ST00564" HPOS="667" VPOS="647" WIDTH="53" HEIGHT="24" CONTENT="The" WC="0.95" CC="101"/>
						<SP ID="P3_SP00458" HPOS="720" VPOS="671" WIDTH="11"/>
						<String ID="P3_ST00565" HPOS="731" VPOS="646" WIDTH="117" HEIGHT="24" CONTENT="Possible" WC="0.86" CC="20111142"/>
						<SP ID="P3_SP00459" HPOS="848" VPOS="671" WIDTH="11"/>
						<String ID="P3_ST00566" HPOS="859" VPOS="644" WIDTH="137" HEIGHT="24" CONTENT="Expansion" WC="0.92" CC="021121102"/>
						<SP ID="P3_SP00460" HPOS="996" VPOS="671" WIDTH="12"/>
						<String ID="P3_ST00567" HPOS="1008" VPOS="649" WIDTH="29" HEIGHT="17" CONTENT="of" WC="0.87" CC="03"/>
						<SP ID="P3_SP00461" HPOS="1037" VPOS="671" WIDTH="14"/>
						<String ID="P3_ST00568" HPOS="1051" VPOS="648" WIDTH="48" HEIGHT="16" CONTENT="the" WC="0.88" CC="301"/>
						<SP ID="P3_SP00462" HPOS="1099" VPOS="671" WIDTH="11"/>
						<String ID="P3_ST00569" HPOS="1110" VPOS="639" WIDTH="77" HEIGHT="24" CONTENT="Dairy" WC="0.82" CC="21123"/>
					</TextLine>
					<TextLine ID="P3_TL00099" HPOS="747" VPOS="682" WIDTH="358" HEIGHT="28">
						<String ID="P3_ST00570" HPOS="747" VPOS="686" WIDTH="123" HEIGHT="24" CONTENT="Industry" WC="0.81" CC="01431241"/>
						<SP ID="P3_SP00463" HPOS="870" VPOS="710" WIDTH="17"/>
						<String ID="P3_ST00571" HPOS="887" VPOS="692" WIDTH="26" HEIGHT="16" CONTENT="m" WC="0.93" CC="1"/>
						<SP ID="P3_SP00464" HPOS="913" VPOS="710" WIDTH="23"/>
						<String ID="P3_ST00572" HPOS="936" VPOS="682" WIDTH="169" HEIGHT="25" CONTENT="Canterbury." WC="0.82" CC="11111824201"/>
					</TextLine>
					<TextLine ID="P3_TL00100" HPOS="700" VPOS="726" WIDTH="487" HEIGHT="38">
						<String ID="P3_ST00573" HPOS="700" VPOS="733" WIDTH="135" HEIGHT="31" CONTENT="According" WC="0.97" CC="100010011"/>
						<SP ID="P3_SP00465" HPOS="835" VPOS="764" WIDTH="17"/>
						<String ID="P3_ST00574" HPOS="852" VPOS="734" WIDTH="25" HEIGHT="22" CONTENT="to" WC="1.00" CC="00"/>
						<SP ID="P3_SP00466" HPOS="877" VPOS="764" WIDTH="22"/>
						<String ID="P3_ST00575" HPOS="899" VPOS="731" WIDTH="43" HEIGHT="24" CONTENT="the" WC="1.00" CC="000"/>
						<SP ID="P3_SP00467" HPOS="942" VPOS="764" WIDTH="21"/>
						<String ID="P3_ST00576" HPOS="963" VPOS="730" WIDTH="49" HEIGHT="23" CONTENT="last" WC="0.95" CC="1111"/>
						<SP ID="P3_SP00468" HPOS="1012" VPOS="764" WIDTH="19"/>
						<String ID="P3_ST00577" HPOS="1031" VPOS="726" WIDTH="156" HEIGHT="34" CONTENT="agricultural" WC="0.98" CC="101000010100"/>
					</TextLine>
					<TextLine ID="P3_TL00101" HPOS="654" VPOS="767" WIDTH="534" HEIGHT="37">
						<String ID="P3_ST00578" HPOS="654" VPOS="776" WIDTH="110" HEIGHT="28" CONTENT=".returns" WC="0.96" CC="21100001"/>
						<SP ID="P3_SP00469" HPOS="764" VPOS="804" WIDTH="26"/>
						<String ID="P3_ST00579" HPOS="790" VPOS="773" WIDTH="69" HEIGHT="24" CONTENT="there" WC="0.95" CC="11011"/>
						<SP ID="P3_SP00470" HPOS="859" VPOS="804" WIDTH="21"/>
						<String ID="P3_ST00580" HPOS="880" VPOS="779" WIDTH="62" HEIGHT="16" CONTENT="were" WC="0.94" CC="1020"/>
						<SP ID="P3_SP00471" HPOS="942" VPOS="804" WIDTH="20"/>
						<String ID="P3_ST00581" HPOS="962" VPOS="770" WIDTH="88" HEIGHT="27" CONTENT="30,000" WC="0.97" CC="002000"/>
						<SP ID="P3_SP00472" HPOS="1050" VPOS="804" WIDTH="22"/>
						<String ID="P3_ST00582" HPOS="1072" VPOS="767" WIDTH="116" HEIGHT="31" CONTENT="breeding" WC="0.98" CC="10000011"/>
					</TextLine>
					<TextLine ID="P3_TL00102" HPOS="667" VPOS="805" WIDTH="519" HEIGHT="35">
						<String ID="P3_ST00583" HPOS="667" VPOS="820" WIDTH="63" HEIGHT="17" CONTENT="cows" WC="0.96" CC="0111"/>
						<SP ID="P3_SP00473" HPOS="730" VPOS="837" WIDTH="10"/>
						<String ID="P3_ST00584" HPOS="740" VPOS="813" WIDTH="27" HEIGHT="22" CONTENT="m" WC="0.96" CC="0"/>
						<SP ID="P3_SP00474" HPOS="767" VPOS="837" WIDTH="12"/>
						<String ID="P3_ST00585" HPOS="779" VPOS="809" WIDTH="158" HEIGHT="31" CONTENT="Canterbury," WC="0.95" CC="11100101211"/>
						<SP ID="P3_SP00475" HPOS="937" VPOS="840" WIDTH="13"/>
						<String ID="P3_ST00586" HPOS="950" VPOS="808" WIDTH="90" HEIGHT="26" CONTENT="20,000" WC="0.97" CC="101000"/>
						<SP ID="P3_SP00476" HPOS="1040" VPOS="840" WIDTH="21"/>
						<String ID="P3_ST00587" HPOS="1061" VPOS="806" WIDTH="26" HEIGHT="24" CONTENT="of" WC="0.98" CC="01"/>
						<SP ID="P3_SP00477" HPOS="1087" VPOS="840" WIDTH="19"/>
						<String ID="P3_ST00588" HPOS="1106" VPOS="805" WIDTH="80" HEIGHT="23" CONTENT="which" WC="0.93" CC="21002"/>
					</TextLine>
					<TextLine ID="P3_TL00103" HPOS="666" VPOS="843" WIDTH="518" HEIGHT="38">
						<String ID="P3_ST00589" HPOS="666" VPOS="849" WIDTH="80" HEIGHT="32" CONTENT="might" WC="0.94" CC="11101"/>
						<SP ID="P3_SP00478" HPOS="746" VPOS="881" WIDTH="11"/>
						<String ID="P3_ST00590" HPOS="757" VPOS="848" WIDTH="71" HEIGHT="31" CONTENT="fairly" WC="0.97" CC="100110"/>
						<SP ID="P3_SP00479" HPOS="828" VPOS="881" WIDTH="11"/>
						<String ID="P3_ST00591" HPOS="839" VPOS="847" WIDTH="30" HEIGHT="25" CONTENT="be" WC="1.00" CC="00"/>
						<SP ID="P3_SP00480" HPOS="869" VPOS="881" WIDTH="10"/>
						<String ID="P3_ST00592" HPOS="879" VPOS="847" WIDTH="26" HEIGHT="23" CONTENT="m" WC="0.94" CC="1"/>
						<SP ID="P3_SP00481" HPOS="905" VPOS="881" WIDTH="12"/>
						<String ID="P3_ST00593" HPOS="917" VPOS="846" WIDTH="72" HEIGHT="31" CONTENT="profit" WC="0.94" CC="110111"/>
						<SP ID="P3_SP00482" HPOS="989" VPOS="881" WIDTH="20"/>
						<String ID="P3_ST00594" HPOS="1009" VPOS="843" WIDTH="59" HEIGHT="25" CONTENT="each" WC="0.96" CC="1111"/>
						<SP ID="P3_SP00483" HPOS="1068" VPOS="881" WIDTH="23"/>
						<String ID="P3_ST00595" HPOS="1091" VPOS="849" WIDTH="93" HEIGHT="17" CONTENT="season." WC="0.94" CC="1011011"/>
					</TextLine>
					<TextLine ID="P3_TL00104" HPOS="667" VPOS="880" WIDTH="519" HEIGHT="34">
						<String ID="P3_ST00596" HPOS="667" VPOS="888" WIDTH="60" HEIGHT="25" CONTENT="This" WC="0.94" CC="1101"/>
						<SP ID="P3_SP00484" HPOS="727" VPOS="913" WIDTH="22"/>
						<String ID="P3_ST00597" HPOS="749" VPOS="886" WIDTH="80" HEIGHT="26" CONTENT="would" WC="0.98" CC="10101"/>
						<SP ID="P3_SP00485" HPOS="829" VPOS="913" WIDTH="17"/>
						<String ID="P3_ST00598" HPOS="846" VPOS="885" WIDTH="52" HEIGHT="24" CONTENT="find" WC="0.94" CC="1100"/>
						<SP ID="P3_SP00486" HPOS="898" VPOS="913" WIDTH="17"/>
						<String ID="P3_ST00599" HPOS="915" VPOS="883" WIDTH="164" HEIGHT="31" CONTENT="employment" WC="0.98" CC="0000011011"/>
						<SP ID="P3_SP00487" HPOS="1079" VPOS="914" WIDTH="22"/>
						<String ID="P3_ST00600" HPOS="1101" VPOS="880" WIDTH="37" HEIGHT="25" CONTENT="for" WC="0.99" CC="001"/>
						<SP ID="P3_SP00488" HPOS="1138" VPOS="914" WIDTH="18"/>
						<String ID="P3_ST00601" HPOS="1156" VPOS="882" WIDTH="30" HEIGHT="23" CONTENT="60" WC="1.00" CC="00"/>
					</TextLine>
					<TextLine ID="P3_TL00105" HPOS="667" VPOS="918" WIDTH="519" HEIGHT="32">
						<String ID="P3_ST00602" HPOS="667" VPOS="924" WIDTH="142" HEIGHT="26" CONTENT="creameries" WC="0.98" CC="0000101001"/>
						<SP ID="P3_SP00489" HPOS="809" VPOS="950" WIDTH="9"/>
						<String ID="P3_ST00603" HPOS="818" VPOS="924" WIDTH="25" HEIGHT="24" CONTENT="of" WC="1.00" CC="00"/>
						<SP ID="P3_SP00490" HPOS="843" VPOS="950" WIDTH="10"/>
						<String ID="P3_ST00604" HPOS="853" VPOS="924" WIDTH="47" HEIGHT="23" CONTENT="300" WC="1.00" CC="000"/>
						<SP ID="P3_SP00491" HPOS="900" VPOS="950" WIDTH="12"/>
						<String ID="P3_ST00605" HPOS="912" VPOS="929" WIDTH="62" HEIGHT="17" CONTENT="cows" WC="0.96" CC="0011"/>
						<SP ID="P3_SP00492" HPOS="974" VPOS="950" WIDTH="23"/>
						<String ID="P3_ST00606" HPOS="997" VPOS="919" WIDTH="60" HEIGHT="25" CONTENT="each" WC="0.97" CC="0001"/>
						<SP ID="P3_SP00493" HPOS="1057" VPOS="950" WIDTH="11"/>
						<String ID="P3_ST00607" HPOS="1068" VPOS="918" WIDTH="49" HEIGHT="25" CONTENT="and" WC="0.96" CC="111"/>
						<SP ID="P3_SP00494" HPOS="1117" VPOS="950" WIDTH="21"/>
						<String ID="P3_ST00608" HPOS="1138" VPOS="919" WIDTH="48" HEIGHT="23" CONTENT="two" WC="0.97" CC="110"/>
					</TextLine>
					<TextLine ID="P3_TL00106" HPOS="666" VPOS="959" WIDTH="519" HEIGHT="31">
						<String ID="P3_ST00609" HPOS="666" VPOS="973" WIDTH="28" HEIGHT="17" CONTENT="or" WC="0.98" CC="01"/>
						<SP ID="P3_SP00495" HPOS="694" VPOS="990" WIDTH="11"/>
						<String ID="P3_ST00610" HPOS="705" VPOS="965" WIDTH="67" HEIGHT="24" CONTENT="three" WC="0.94" CC="11101"/>
						<SP ID="P3_SP00496" HPOS="772" VPOS="990" WIDTH="9"/>
						<String ID="P3_ST00611" HPOS="781" VPOS="962" WIDTH="119" HEIGHT="26" CONTENT="factories." WC="0.96" CC="1001010210"/>
						<SP ID="P3_SP00497" HPOS="900" VPOS="990" WIDTH="34"/>
						<String ID="P3_ST00612" HPOS="934" VPOS="959" WIDTH="133" HEIGHT="31" CONTENT="Assuming" WC="0.97" CC="01110011"/>
						<SP ID="P3_SP00498" HPOS="1067" VPOS="990" WIDTH="9"/>
						<String ID="P3_ST00613" HPOS="1076" VPOS="966" WIDTH="32" HEIGHT="17" CONTENT="an" WC="0.96" CC="01"/>
						<SP ID="P3_SP00499" HPOS="1108" VPOS="990" WIDTH="12"/>
						<String ID="P3_ST00614" HPOS="1120" VPOS="965" WIDTH="65" HEIGHT="18" CONTENT="aver" SUBS_TYPE="HypPart1" SUBS_CONTENT="average" WC="0.96" CC="01001"/>
						<HYP CONTENT="-"/>
					</TextLine>
					<TextLine ID="P3_TL00107" HPOS="666" VPOS="1000" WIDTH="521" HEIGHT="35">
						<String ID="P3_ST00615" HPOS="666" VPOS="1011" WIDTH="45" HEIGHT="24" CONTENT="age" SUBS_TYPE="HypPart2" SUBS_CONTENT="average" WC="0.96" CC="110"/>
						<SP ID="P3_SP00500" HPOS="711" VPOS="1035" WIDTH="10"/>
						<String ID="P3_ST00616" HPOS="721" VPOS="1004" WIDTH="43" HEIGHT="24" CONTENT="net" WC="0.97" CC="001"/>
						<SP ID="P3_SP00501" HPOS="764" VPOS="1035" WIDTH="10"/>
						<String ID="P3_ST00617" HPOS="774" VPOS="1004" WIDTH="85" HEIGHT="23" CONTENT="return" WC="0.95" CC="101110"/>
						<SP ID="P3_SP00502" HPOS="859" VPOS="1035" WIDTH="11"/>
						<String ID="P3_ST00618" HPOS="870" VPOS="1000" WIDTH="26" HEIGHT="25" CONTENT="of" WC="0.98" CC="01"/>
						<SP ID="P3_SP00503" HPOS="896" VPOS="1035" WIDTH="17"/>
						<String ID="P3_ST00619" HPOS="913" VPOS="1001" WIDTH="33" HEIGHT="24" CONTENT="£7" WC="0.80" CC="40"/>
						<SP ID="P3_SP00504" HPOS="946" VPOS="1035" WIDTH="22"/>
						<String ID="P3_ST00620" HPOS="968" VPOS="1006" WIDTH="43" HEIGHT="24" CONTENT="per" WC="0.95" CC="101"/>
						<SP ID="P3_SP00505" HPOS="1011" VPOS="1035" WIDTH="21"/>
						<String ID="P3_ST00621" HPOS="1032" VPOS="1006" WIDTH="58" HEIGHT="21" CONTENT="cow," WC="0.96" CC="0011"/>
						<SP ID="P3_SP00506" HPOS="1090" VPOS="1035" WIDTH="21"/>
						<String ID="P3_ST00622" HPOS="1111" VPOS="1004" WIDTH="27" HEIGHT="17" CONTENT="or" WC="1.00" CC="00"/>
						<SP ID="P3_SP00507" HPOS="1138" VPOS="1035" WIDTH="17"/>
						<String ID="P3_ST00623" HPOS="1155" VPOS="1004" WIDTH="32" HEIGHT="16" CONTENT="an" WC="0.96" CC="11"/>
					</TextLine>
					<TextLine ID="P3_TL00108" HPOS="668" VPOS="1034" WIDTH="518" HEIGHT="34">
						<String ID="P3_ST00624" HPOS="668" VPOS="1042" WIDTH="91" HEIGHT="26" CONTENT="annual" WC="0.97" CC="011100"/>
						<SP ID="P3_SP00508" HPOS="759" VPOS="1068" WIDTH="12"/>
						<String ID="P3_ST00625" HPOS="771" VPOS="1048" WIDTH="54" HEIGHT="19" CONTENT="sum" WC="0.95" CC="110"/>
						<SP ID="P3_SP00509" HPOS="825" VPOS="1068" WIDTH="9"/>
						<String ID="P3_ST00626" HPOS="834" VPOS="1040" WIDTH="26" HEIGHT="25" CONTENT="of" WC="0.96" CC="01"/>
						<SP ID="P3_SP00510" HPOS="860" VPOS="1068" WIDTH="8"/>
						<String ID="P3_ST00627" HPOS="868" VPOS="1039" WIDTH="134" HEIGHT="29" CONTENT="£140,000," WC="0.86" CC="406011001"/>
						<SP ID="P3_SP00511" HPOS="1002" VPOS="1068" WIDTH="11"/>
						<String ID="P3_ST00628" HPOS="1013" VPOS="1038" WIDTH="25" HEIGHT="23" CONTENT="to" WC="0.98" CC="10"/>
						<SP ID="P3_SP00512" HPOS="1038" VPOS="1068" WIDTH="11"/>
						<String ID="P3_ST00629" HPOS="1049" VPOS="1035" WIDTH="30" HEIGHT="25" CONTENT="be" WC="0.94" CC="11"/>
						<SP ID="P3_SP00513" HPOS="1079" VPOS="1068" WIDTH="12"/>
						<String ID="P3_ST00630" HPOS="1091" VPOS="1034" WIDTH="95" HEIGHT="26" CONTENT="distrib" SUBS_TYPE="HypPart1" SUBS_CONTENT="distributed" WC="0.97" CC="10011011"/>
						<HYP CONTENT="-"/>
					</TextLine>
					<TextLine ID="P3_TL00109" HPOS="666" VPOS="1074" WIDTH="523" HEIGHT="38">
						<String ID="P3_ST00631" HPOS="666" VPOS="1082" WIDTH="59" HEIGHT="25" CONTENT="uted" SUBS_TYPE="HypPart2" SUBS_CONTENT="distributed" WC="0.91" CC="3101"/>
						<SP ID="P3_SP00514" HPOS="725" VPOS="1107" WIDTH="19"/>
						<String ID="P3_ST00632" HPOS="744" VPOS="1082" WIDTH="114" HEIGHT="30" CONTENT="amongst" WC="0.92" CC="1201112"/>
						<SP ID="P3_SP00515" HPOS="858" VPOS="1112" WIDTH="21"/>
						<String ID="P3_ST00633" HPOS="879" VPOS="1079" WIDTH="42" HEIGHT="24" CONTENT="the" WC="0.97" CC="110"/>
						<SP ID="P3_SP00516" HPOS="921" VPOS="1112" WIDTH="30"/>
						<String ID="P3_ST00634" HPOS="951" VPOS="1077" WIDTH="67" HEIGHT="31" CONTENT="dairy" WC="0.90" CC="11021"/>
						<SP ID="P3_SP00517" HPOS="1018" VPOS="1112" WIDTH="21"/>
						<String ID="P3_ST00635" HPOS="1039" VPOS="1076" WIDTH="102" HEIGHT="24" CONTENT="farmers" WC="0.97" CC="0111001"/>
						<SP ID="P3_SP00518" HPOS="1141" VPOS="1112" WIDTH="21"/>
						<String ID="P3_ST00636" HPOS="1162" VPOS="1074" WIDTH="27" HEIGHT="25" CONTENT="of" WC="0.94" CC="11"/>
					</TextLine>
					<TextLine ID="P3_TL00110" HPOS="667" VPOS="1112" WIDTH="523" HEIGHT="39">
						<String ID="P3_ST00637" HPOS="667" VPOS="1119" WIDTH="161" HEIGHT="32" CONTENT="Canterbury;" WC="0.92" CC="21111111012"/>
						<SP ID="P3_SP00519" HPOS="828" VPOS="1151" WIDTH="17"/>
						<String ID="P3_ST00638" HPOS="845" VPOS="1117" WIDTH="115" HEIGHT="32" CONTENT="probably" WC="0.96" CC="11001102"/>
						<SP ID="P3_SP00520" HPOS="960" VPOS="1151" WIDTH="19"/>
						<String ID="P3_ST00639" HPOS="979" VPOS="1115" WIDTH="50" HEIGHT="23" CONTENT="this" WC="0.94" CC="1101"/>
						<SP ID="P3_SP00521" HPOS="1029" VPOS="1151" WIDTH="18"/>
						<String ID="P3_ST00640" HPOS="1047" VPOS="1113" WIDTH="105" HEIGHT="23" CONTENT="number" WC="0.91" CC="112111"/>
						<SP ID="P3_SP00522" HPOS="1152" VPOS="1151" WIDTH="11"/>
						<String ID="P3_ST00641" HPOS="1163" VPOS="1112" WIDTH="27" HEIGHT="23" CONTENT="of" WC="0.98" CC="01"/>
					</TextLine>
					<TextLine ID="P3_TL00111" HPOS="668" VPOS="1152" WIDTH="518" HEIGHT="36">
						<String ID="P3_ST00642" HPOS="668" VPOS="1167" WIDTH="63" HEIGHT="18" CONTENT="cows" WC="0.98" CC="0001"/>
						<SP ID="P3_SP00523" HPOS="731" VPOS="1185" WIDTH="11"/>
						<String ID="P3_ST00643" HPOS="742" VPOS="1159" WIDTH="51" HEIGHT="25" CONTENT="will" WC="0.99" CC="0100"/>
						<SP ID="P3_SP00524" HPOS="793" VPOS="1185" WIDTH="11"/>
						<String ID="P3_ST00644" HPOS="804" VPOS="1157" WIDTH="80" HEIGHT="26" CONTENT="before" WC="0.97" CC="001010"/>
						<SP ID="P3_SP00525" HPOS="884" VPOS="1185" WIDTH="12"/>
						<String ID="P3_ST00645" HPOS="896" VPOS="1164" WIDTH="75" HEIGHT="24" CONTENT="many" WC="0.96" CC="1101"/>
						<SP ID="P3_SP00526" HPOS="971" VPOS="1188" WIDTH="10"/>
						<String ID="P3_ST00646" HPOS="981" VPOS="1161" WIDTH="70" HEIGHT="26" CONTENT="years" WC="0.96" CC="00011"/>
						<SP ID="P3_SP00527" HPOS="1051" VPOS="1188" WIDTH="8"/>
						<String ID="P3_ST00647" HPOS="1059" VPOS="1153" WIDTH="31" HEIGHT="25" CONTENT="be" WC="0.98" CC="10"/>
						<SP ID="P3_SP00528" HPOS="1090" VPOS="1188" WIDTH="11"/>
						<String ID="P3_ST00648" HPOS="1101" VPOS="1152" WIDTH="85" HEIGHT="26" CONTENT="doubl" SUBS_TYPE="HypPart1" SUBS_CONTENT="doubled." WC="0.81" CC="601003"/>
						<HYP CONTENT="-"/>
					</TextLine>
					<TextLine ID="P3_TL00112" HPOS="668" VPOS="1190" WIDTH="518" HEIGHT="38">
						<String ID="P3_ST00649" HPOS="668" VPOS="1199" WIDTH="37" HEIGHT="26" CONTENT="ed." SUBS_TYPE="HypPart2" SUBS_CONTENT="doubled." WC="0.93" CC="021"/>
						<SP ID="P3_SP00529" HPOS="705" VPOS="1225" WIDTH="33"/>
						<String ID="P3_ST00650" HPOS="738" VPOS="1197" WIDTH="53" HEIGHT="26" CONTENT="The" WC="0.95" CC="110"/>
						<SP ID="P3_SP00530" HPOS="791" VPOS="1225" WIDTH="9"/>
						<String ID="P3_ST00651" HPOS="800" VPOS="1195" WIDTH="113" HEIGHT="33" CONTENT="exported" WC="0.96" CC="02101001"/>
						<SP ID="P3_SP00531" HPOS="913" VPOS="1228" WIDTH="8"/>
						<String ID="P3_ST00652" HPOS="921" VPOS="1195" WIDTH="87" HEIGHT="30" CONTENT="output" WC="0.95" CC="011021"/>
						<SP ID="P3_SP00532" HPOS="1008" VPOS="1228" WIDTH="6"/>
						<String ID="P3_ST00653" HPOS="1014" VPOS="1193" WIDTH="37" HEIGHT="24" CONTENT="for" WC="0.96" CC="001"/>
						<SP ID="P3_SP00533" HPOS="1051" VPOS="1228" WIDTH="8"/>
						<String ID="P3_ST00654" HPOS="1059" VPOS="1192" WIDTH="43" HEIGHT="24" CONTENT="the" WC="0.90" CC="121"/>
						<SP ID="P3_SP00534" HPOS="1102" VPOS="1228" WIDTH="6"/>
						<String ID="P3_ST00655" HPOS="1108" VPOS="1190" WIDTH="78" HEIGHT="26" CONTENT="whole" WC="0.97" CC="11000"/>
					</TextLine>
					<TextLine ID="P3_TL00113" HPOS="667" VPOS="1230" WIDTH="521" HEIGHT="35">
						<String ID="P3_ST00656" HPOS="667" VPOS="1240" WIDTH="27" HEIGHT="25" CONTENT="of" WC="0.98" CC="01"/>
						<SP ID="P3_SP00535" HPOS="694" VPOS="1265" WIDTH="9"/>
						<String ID="P3_ST00657" HPOS="703" VPOS="1239" WIDTH="59" HEIGHT="25" CONTENT="New" WC="0.94" CC="111"/>
						<SP ID="P3_SP00536" HPOS="762" VPOS="1265" WIDTH="22"/>
						<String ID="P3_ST00658" HPOS="784" VPOS="1236" WIDTH="108" HEIGHT="27" CONTENT="Zealand" WC="0.93" CC="2111011"/>
						<SP ID="P3_SP00537" HPOS="892" VPOS="1265" WIDTH="18"/>
						<String ID="P3_ST00659" HPOS="910" VPOS="1236" WIDTH="49" HEIGHT="24" CONTENT="last" WC="0.94" CC="0112"/>
						<SP ID="P3_SP00538" HPOS="959" VPOS="1265" WIDTH="18"/>
						<String ID="P3_ST00660" HPOS="977" VPOS="1240" WIDTH="86" HEIGHT="19" CONTENT="season" WC="0.95" CC="101101"/>
						<SP ID="P3_SP00539" HPOS="1063" VPOS="1265" WIDTH="21"/>
						<String ID="P3_ST00661" HPOS="1084" VPOS="1239" WIDTH="57" HEIGHT="21" CONTENT="was," WC="0.95" CC="1101"/>
						<SP ID="P3_SP00540" HPOS="1141" VPOS="1265" WIDTH="21"/>
						<String ID="P3_ST00662" HPOS="1162" VPOS="1230" WIDTH="26" HEIGHT="25" CONTENT="of" WC="0.96" CC="01"/>
					</TextLine>
					<TextLine ID="P3_TL00114" HPOS="668" VPOS="1272" WIDTH="515" HEIGHT="35">
						<String ID="P3_ST00663" HPOS="668" VPOS="1281" WIDTH="88" HEIGHT="26" CONTENT="butter," WC="0.96" CC="0111101"/>
						<SP ID="P3_SP00541" HPOS="756" VPOS="1307" WIDTH="30"/>
						<String ID="P3_ST00664" HPOS="786" VPOS="1279" WIDTH="76" HEIGHT="28" CONTENT="1,087." WC="0.97" CC="020000"/>
						<SP ID="P3_SP00542" HPOS="862" VPOS="1307" WIDTH="23"/>
						<String ID="P3_ST00665" HPOS="885" VPOS="1278" WIDTH="64" HEIGHT="25" CONTENT="tons," WC="0.94" CC="10210"/>
						<SP ID="P3_SP00543" HPOS="949" VPOS="1307" WIDTH="18"/>
						<String ID="P3_ST00666" HPOS="967" VPOS="1274" WIDTH="49" HEIGHT="24" CONTENT="and" WC="0.90" CC="112"/>
						<SP ID="P3_SP00544" HPOS="1016" VPOS="1307" WIDTH="27"/>
						<String ID="P3_ST00667" HPOS="1043" VPOS="1272" WIDTH="27" HEIGHT="24" CONTENT="of" WC="1.00" CC="00"/>
						<SP ID="P3_SP00545" HPOS="1070" VPOS="1307" WIDTH="19"/>
						<String ID="P3_ST00668" HPOS="1089" VPOS="1272" WIDTH="94" HEIGHT="26" CONTENT="cheese," WC="0.96" CC="0100101"/>
					</TextLine>
					<TextLine ID="P3_TL00115" HPOS="668" VPOS="1311" WIDTH="518" HEIGHT="37">
						<String ID="P3_ST00669" HPOS="668" VPOS="1321" WIDTH="73" HEIGHT="27" CONTENT="2,496" WC="0.83" CC="21501"/>
						<SP ID="P3_SP00546" HPOS="741" VPOS="1348" WIDTH="12"/>
						<String ID="P3_ST00670" HPOS="753" VPOS="1319" WIDTH="63" HEIGHT="29" CONTENT="tons," WC="0.92" CC="10121"/>
						<SP ID="P3_SP00547" HPOS="816" VPOS="1348" WIDTH="14"/>
						<String ID="P3_ST00671" HPOS="830" VPOS="1325" WIDTH="14" HEIGHT="16" CONTENT="a" WC="0.96" CC="1"/>
						<SP ID="P3_SP00548" HPOS="844" VPOS="1348" WIDTH="11"/>
						<String ID="P3_ST00672" HPOS="855" VPOS="1315" WIDTH="61" HEIGHT="26" CONTENT="total" WC="0.98" CC="10000"/>
						<SP ID="P3_SP00549" HPOS="916" VPOS="1348" WIDTH="18"/>
						<String ID="P3_ST00673" HPOS="934" VPOS="1314" WIDTH="70" HEIGHT="25" CONTENT="value" WC="0.95" CC="10111"/>
						<SP ID="P3_SP00550" HPOS="1004" VPOS="1348" WIDTH="11"/>
						<String ID="P3_ST00674" HPOS="1015" VPOS="1312" WIDTH="26" HEIGHT="25" CONTENT="of" WC="0.96" CC="01"/>
						<SP ID="P3_SP00551" HPOS="1041" VPOS="1348" WIDTH="10"/>
						<String ID="P3_ST00675" HPOS="1051" VPOS="1311" WIDTH="135" HEIGHT="27" CONTENT="£256,588." WC="0.92" CC="311111001"/>
					</TextLine>
					<TextLine ID="P3_TL00116" HPOS="669" VPOS="1348" WIDTH="518" HEIGHT="37">
						<String ID="P3_ST00676" HPOS="669" VPOS="1357" WIDTH="60" HEIGHT="26" CONTENT="This" WC="0.95" CC="0101"/>
						<SP ID="P3_SP00552" HPOS="729" VPOS="1383" WIDTH="10"/>
						<String ID="P3_ST00677" HPOS="739" VPOS="1356" WIDTH="103" HEIGHT="25" CONTENT="amount" WC="0.88" CC="110312"/>
						<SP ID="P3_SP00553" HPOS="842" VPOS="1383" WIDTH="10"/>
						<String ID="P3_ST00678" HPOS="852" VPOS="1354" WIDTH="50" HEIGHT="26" CONTENT="will" WC="0.93" CC="2200"/>
						<SP ID="P3_SP00554" HPOS="902" VPOS="1383" WIDTH="16"/>
						<String ID="P3_ST00679" HPOS="918" VPOS="1351" WIDTH="117" HEIGHT="34" CONTENT="probably" WC="0.98" CC="01001001"/>
						<SP ID="P3_SP00555" HPOS="1035" VPOS="1385" WIDTH="11"/>
						<String ID="P3_ST00680" HPOS="1046" VPOS="1351" WIDTH="27" HEIGHT="23" CONTENT="be" WC="1.00" CC="00"/>
						<SP ID="P3_SP00556" HPOS="1073" VPOS="1385" WIDTH="22"/>
						<String ID="P3_ST00681" HPOS="1095" VPOS="1348" WIDTH="92" HEIGHT="32" CONTENT="largely" WC="0.97" CC="0100101"/>
					</TextLine>
					<TextLine ID="P3_TL00117" HPOS="669" VPOS="1390" WIDTH="518" HEIGHT="35">
						<String ID="P3_ST00682" HPOS="669" VPOS="1397" WIDTH="117" HEIGHT="28" CONTENT="exceeded" WC="0.95" CC="02100111"/>
						<SP ID="P3_SP00557" HPOS="786" VPOS="1425" WIDTH="9"/>
						<String ID="P3_ST00683" HPOS="795" VPOS="1397" WIDTH="59" HEIGHT="24" CONTENT="next" WC="0.92" CC="0121"/>
						<SP ID="P3_SP00558" HPOS="854" VPOS="1425" WIDTH="12"/>
						<String ID="P3_ST00684" HPOS="866" VPOS="1401" WIDTH="92" HEIGHT="22" CONTENT="season," WC="0.94" CC="1111011"/>
						<SP ID="P3_SP00559" HPOS="958" VPOS="1425" WIDTH="13"/>
						<String ID="P3_ST00685" HPOS="971" VPOS="1392" WIDTH="48" HEIGHT="25" CONTENT="and" WC="0.93" CC="101"/>
						<SP ID="P3_SP00560" HPOS="1019" VPOS="1425" WIDTH="22"/>
						<String ID="P3_ST00686" HPOS="1041" VPOS="1390" WIDTH="52" HEIGHT="26" CONTENT="will" WC="0.98" CC="1000"/>
						<SP ID="P3_SP00561" HPOS="1093" VPOS="1425" WIDTH="10"/>
						<String ID="P3_ST00687" HPOS="1103" VPOS="1397" WIDTH="30" HEIGHT="24" CONTENT="go" WC="1.00" CC="00"/>
						<SP ID="P3_SP00562" HPOS="1133" VPOS="1425" WIDTH="22"/>
						<String ID="P3_ST00688" HPOS="1155" VPOS="1396" WIDTH="32" HEIGHT="17" CONTENT="on" WC="1.00" CC="00"/>
					</TextLine>
					<TextLine ID="P3_TL00118" HPOS="668" VPOS="1428" WIDTH="519" HEIGHT="40">
						<String ID="P3_ST00689" HPOS="668" VPOS="1437" WIDTH="138" HEIGHT="31" CONTENT="increasing" WC="0.98" CC="0101011001"/>
						<SP ID="P3_SP00563" HPOS="806" VPOS="1468" WIDTH="15"/>
						<String ID="P3_ST00690" HPOS="821" VPOS="1436" WIDTH="38" HEIGHT="24" CONTENT="till" WC="0.94" CC="1001"/>
						<SP ID="P3_SP00564" HPOS="859" VPOS="1468" WIDTH="14"/>
						<String ID="P3_ST00691" HPOS="873" VPOS="1442" WIDTH="44" HEIGHT="18" CONTENT="our" WC="0.99" CC="001"/>
						<SP ID="P3_SP00565" HPOS="917" VPOS="1468" WIDTH="11"/>
						<String ID="P3_ST00692" HPOS="928" VPOS="1434" WIDTH="69" HEIGHT="28" CONTENT="dairy" WC="0.95" CC="10002"/>
						<SP ID="P3_SP00566" HPOS="997" VPOS="1468" WIDTH="11"/>
						<String ID="P3_ST00693" HPOS="1008" VPOS="1435" WIDTH="97" HEIGHT="26" CONTENT="exports" WC="0.94" CC="2110011"/>
						<SP ID="P3_SP00567" HPOS="1105" VPOS="1468" WIDTH="19"/>
						<String ID="P3_ST00694" HPOS="1124" VPOS="1428" WIDTH="63" HEIGHT="25" CONTENT="rival" WC="0.98" CC="10110"/>
					</TextLine>
					<TextLine ID="P3_TL00119" HPOS="668" VPOS="1468" WIDTH="520" HEIGHT="37">
						<String ID="P3_ST00695" HPOS="668" VPOS="1480" WIDTH="56" HEIGHT="25" CONTENT="that" WC="0.94" CC="1111"/>
						<SP ID="P3_SP00568" HPOS="724" VPOS="1505" WIDTH="11"/>
						<String ID="P3_ST00696" HPOS="735" VPOS="1478" WIDTH="25" HEIGHT="25" CONTENT="of" WC="1.00" CC="00"/>
						<SP ID="P3_SP00569" HPOS="760" VPOS="1505" WIDTH="7"/>
						<String ID="P3_ST00697" HPOS="767" VPOS="1478" WIDTH="82" HEIGHT="23" CONTENT="frozen" WC="0.95" CC="110200"/>
						<SP ID="P3_SP00570" HPOS="849" VPOS="1505" WIDTH="11"/>
						<String ID="P3_ST00698" HPOS="860" VPOS="1476" WIDTH="105" HEIGHT="27" CONTENT="mutton," WC="0.96" CC="2010001"/>
						<SP ID="P3_SP00571" HPOS="965" VPOS="1505" WIDTH="12"/>
						<String ID="P3_ST00699" HPOS="977" VPOS="1471" WIDTH="81" HEIGHT="27" CONTENT="which" WC="0.90" CC="22012"/>
						<SP ID="P3_SP00572" HPOS="1058" VPOS="1505" WIDTH="10"/>
						<String ID="P3_ST00700" HPOS="1068" VPOS="1470" WIDTH="38" HEIGHT="25" CONTENT="for" WC="0.96" CC="001"/>
						<SP ID="P3_SP00573" HPOS="1106" VPOS="1505" WIDTH="18"/>
						<String ID="P3_ST00701" HPOS="1124" VPOS="1468" WIDTH="64" HEIGHT="25" CONTENT="1892" WC="0.94" CC="0012"/>
					</TextLine>
					<TextLine ID="P3_TL00120" HPOS="668" VPOS="1512" WIDTH="279" HEIGHT="31">
						<String ID="P3_ST00702" HPOS="668" VPOS="1515" WIDTH="103" HEIGHT="26" CONTENT="reached" WC="0.88" CC="4101111"/>
						<SP ID="P3_SP00574" HPOS="771" VPOS="1541" WIDTH="21"/>
						<String ID="P3_ST00703" HPOS="792" VPOS="1512" WIDTH="155" HEIGHT="31" CONTENT="£1,140,571." WC="0.90" CC="50203021001"/>
					</TextLine>
					<TextLine ID="P3_TL00121" HPOS="703" VPOS="1559" WIDTH="487" HEIGHT="38">
						<String ID="P3_ST00704" HPOS="703" VPOS="1565" WIDTH="104" HEIGHT="32" CONTENT="Already" WC="0.97" CC="0011011"/>
						<SP ID="P3_SP00575" HPOS="807" VPOS="1597" WIDTH="26"/>
						<String ID="P3_ST00705" HPOS="833" VPOS="1564" WIDTH="69" HEIGHT="24" CONTENT="there" WC="0.97" CC="10101"/>
						<SP ID="P3_SP00576" HPOS="902" VPOS="1597" WIDTH="30"/>
						<String ID="P3_ST00706" HPOS="932" VPOS="1569" WIDTH="40" HEIGHT="16" CONTENT="are" WC="1.00" CC="000"/>
						<SP ID="P3_SP00577" HPOS="972" VPOS="1597" WIDTH="33"/>
						<String ID="P3_ST00707" HPOS="1005" VPOS="1567" WIDTH="56" HEIGHT="18" CONTENT="over" WC="0.95" CC="0111"/>
						<SP ID="P3_SP00578" HPOS="1061" VPOS="1597" WIDTH="27"/>
						<String ID="P3_ST00708" HPOS="1088" VPOS="1559" WIDTH="102" HEIGHT="32" CONTENT="seventy" WC="0.95" CC="1000111"/>
					</TextLine>
					<TextLine ID="P3_TL00122" HPOS="669" VPOS="1599" WIDTH="519" HEIGHT="34">
						<String ID="P3_ST00709" HPOS="669" VPOS="1606" WIDTH="112" HEIGHT="26" CONTENT="factories" WC="0.97" CC="100101011"/>
						<SP ID="P3_SP00579" HPOS="781" VPOS="1632" WIDTH="10"/>
						<String ID="P3_ST00710" HPOS="791" VPOS="1605" WIDTH="27" HEIGHT="23" CONTENT="m" WC="1.00" CC="0"/>
						<SP ID="P3_SP00580" HPOS="818" VPOS="1632" WIDTH="10"/>
						<String ID="P3_ST00711" HPOS="828" VPOS="1603" WIDTH="43" HEIGHT="25" CONTENT="the" WC="0.94" CC="120"/>
						<SP ID="P3_SP00581" HPOS="871" VPOS="1632" WIDTH="11"/>
						<String ID="P3_ST00712" HPOS="882" VPOS="1602" WIDTH="99" HEIGHT="31" CONTENT="Colony," WC="0.96" CC="1000101"/>
						<SP ID="P3_SP00582" HPOS="981" VPOS="1633" WIDTH="12"/>
						<String ID="P3_ST00713" HPOS="993" VPOS="1599" WIDTH="49" HEIGHT="25" CONTENT="and" WC="0.97" CC="010"/>
						<SP ID="P3_SP00583" HPOS="1042" VPOS="1633" WIDTH="11"/>
						<String ID="P3_ST00714" HPOS="1053" VPOS="1599" WIDTH="67" HEIGHT="24" CONTENT="there" WC="0.98" CC="10001"/>
						<SP ID="P3_SP00584" HPOS="1120" VPOS="1633" WIDTH="23"/>
						<String ID="P3_ST00715" HPOS="1143" VPOS="1606" WIDTH="45" HEIGHT="16" CONTENT="can" WC="0.99" CC="001"/>
					</TextLine>
					<TextLine ID="P3_TL00123" HPOS="670" VPOS="1637" WIDTH="519" HEIGHT="35">
						<String ID="P3_ST00716" HPOS="670" VPOS="1647" WIDTH="30" HEIGHT="25" CONTENT="be" WC="0.96" CC="10"/>
						<SP ID="P3_SP00585" HPOS="700" VPOS="1672" WIDTH="11"/>
						<String ID="P3_ST00717" HPOS="711" VPOS="1646" WIDTH="63" HEIGHT="24" CONTENT="little" WC="1.00" CC="000000"/>
						<SP ID="P3_SP00586" HPOS="774" VPOS="1672" WIDTH="11"/>
						<String ID="P3_ST00718" HPOS="785" VPOS="1642" WIDTH="74" HEIGHT="26" CONTENT="doubt" WC="1.00" CC="00000"/>
						<SP ID="P3_SP00587" HPOS="859" VPOS="1672" WIDTH="11"/>
						<String ID="P3_ST00719" HPOS="870" VPOS="1641" WIDTH="45" HEIGHT="25" CONTENT="but" WC="0.95" CC="111"/>
						<SP ID="P3_SP00588" HPOS="915" VPOS="1672" WIDTH="22"/>
						<String ID="P3_ST00720" HPOS="937" VPOS="1641" WIDTH="55" HEIGHT="24" CONTENT="that" WC="0.96" CC="1101"/>
						<SP ID="P3_SP00589" HPOS="992" VPOS="1672" WIDTH="22"/>
						<String ID="P3_ST00721" HPOS="1014" VPOS="1639" WIDTH="50" HEIGHT="24" CONTENT="this" WC="0.94" CC="1101"/>
						<SP ID="P3_SP00590" HPOS="1064" VPOS="1672" WIDTH="22"/>
						<String ID="P3_ST00722" HPOS="1086" VPOS="1637" WIDTH="103" HEIGHT="25" CONTENT="number" WC="0.97" CC="101101"/>
					</TextLine>
					<TextLine ID="P3_TL00124" HPOS="670" VPOS="1674" WIDTH="519" HEIGHT="38">
						<String ID="P3_ST00723" HPOS="670" VPOS="1682" WIDTH="50" HEIGHT="26" CONTENT="will" WC="0.92" CC="3100"/>
						<SP ID="P3_SP00591" HPOS="720" VPOS="1708" WIDTH="9"/>
						<String ID="P3_ST00724" HPOS="729" VPOS="1682" WIDTH="30" HEIGHT="25" CONTENT="be" WC="0.96" CC="11"/>
						<SP ID="P3_SP00592" HPOS="759" VPOS="1708" WIDTH="11"/>
						<String ID="P3_ST00725" HPOS="770" VPOS="1679" WIDTH="91" HEIGHT="33" CONTENT="largely" WC="0.95" CC="0111111"/>
						<SP ID="P3_SP00593" HPOS="861" VPOS="1712" WIDTH="10"/>
						<String ID="P3_ST00726" HPOS="871" VPOS="1675" WIDTH="126" HEIGHT="28" CONTENT="increased" WC="0.90" CC="031111112"/>
						<SP ID="P3_SP00594" HPOS="997" VPOS="1712" WIDTH="14"/>
						<String ID="P3_ST00727" HPOS="1011" VPOS="1682" WIDTH="57" HEIGHT="25" CONTENT="year" WC="0.95" CC="1101"/>
						<SP ID="P3_SP00595" HPOS="1068" VPOS="1712" WIDTH="11"/>
						<String ID="P3_ST00728" HPOS="1079" VPOS="1674" WIDTH="32" HEIGHT="32" CONTENT="by" WC="0.89" CC="12"/>
						<SP ID="P3_SP00596" HPOS="1111" VPOS="1712" WIDTH="21"/>
						<String ID="P3_ST00729" HPOS="1132" VPOS="1681" WIDTH="57" HEIGHT="25" CONTENT="year" WC="0.93" CC="1101"/>
					</TextLine>
					<TextLine ID="P3_TL00125" HPOS="670" VPOS="1714" WIDTH="519" HEIGHT="33">
						<String ID="P3_ST00730" HPOS="670" VPOS="1721" WIDTH="39" HEIGHT="26" CONTENT="till" WC="0.98" CC="1001"/>
						<SP ID="P3_SP00597" HPOS="709" VPOS="1747" WIDTH="11"/>
						<String ID="P3_ST00731" HPOS="720" VPOS="1722" WIDTH="25" HEIGHT="24" CONTENT="at" WC="0.93" CC="11"/>
						<SP ID="P3_SP00598" HPOS="745" VPOS="1747" WIDTH="10"/>
						<String ID="P3_ST00732" HPOS="755" VPOS="1719" WIDTH="49" HEIGHT="26" CONTENT="last" WC="0.94" CC="0011"/>
						<SP ID="P3_SP00599" HPOS="804" VPOS="1747" WIDTH="10"/>
						<String ID="P3_ST00733" HPOS="814" VPOS="1718" WIDTH="60" HEIGHT="25" CONTENT="New" WC="0.95" CC="101"/>
						<SP ID="P3_SP00600" HPOS="874" VPOS="1747" WIDTH="20"/>
						<String ID="P3_ST00734" HPOS="894" VPOS="1715" WIDTH="106" HEIGHT="27" CONTENT="Zealand" WC="0.92" CC="4010011"/>
						<SP ID="P3_SP00601" HPOS="1000" VPOS="1747" WIDTH="12"/>
						<String ID="P3_ST00735" HPOS="1012" VPOS="1714" WIDTH="50" HEIGHT="26" CONTENT="will" WC="0.98" CC="1000"/>
						<SP ID="P3_SP00602" HPOS="1062" VPOS="1747" WIDTH="11"/>
						<String ID="P3_ST00736" HPOS="1073" VPOS="1721" WIDTH="90" HEIGHT="23" CONTENT="occupy" WC="0.95" CC="011101"/>
						<SP ID="P3_SP00603" HPOS="1163" VPOS="1747" WIDTH="11"/>
						<String ID="P3_ST00737" HPOS="1174" VPOS="1720" WIDTH="15" HEIGHT="17" CONTENT="a" WC="0.96" CC="1"/>
					</TextLine>
					<TextLine ID="P3_TL00126" HPOS="670" VPOS="1751" WIDTH="520" HEIGHT="38">
						<String ID="P3_ST00738" HPOS="670" VPOS="1760" WIDTH="115" HEIGHT="26" CONTENT="foremost" WC="0.97" CC="10100011"/>
						<SP ID="P3_SP00604" HPOS="785" VPOS="1786" WIDTH="16"/>
						<String ID="P3_ST00739" HPOS="801" VPOS="1757" WIDTH="69" HEIGHT="32" CONTENT="place" WC="0.99" CC="10000"/>
						<SP ID="P3_SP00605" HPOS="870" VPOS="1789" WIDTH="19"/>
						<String ID="P3_ST00740" HPOS="889" VPOS="1762" WIDTH="27" HEIGHT="18" CONTENT="as" WC="0.93" CC="11"/>
						<SP ID="P3_SP00606" HPOS="916" VPOS="1789" WIDTH="11"/>
						<String ID="P3_ST00741" HPOS="927" VPOS="1762" WIDTH="32" HEIGHT="16" CONTENT="an" WC="1.00" CC="00"/>
						<SP ID="P3_SP00607" HPOS="959" VPOS="1789" WIDTH="9"/>
						<String ID="P3_ST00742" HPOS="968" VPOS="1754" WIDTH="111" HEIGHT="31" CONTENT="exporter" WC="1.00" CC="01000000"/>
						<SP ID="P3_SP00608" HPOS="1079" VPOS="1789" WIDTH="10"/>
						<String ID="P3_ST00743" HPOS="1089" VPOS="1752" WIDTH="26" HEIGHT="24" CONTENT="of" WC="0.98" CC="01"/>
						<SP ID="P3_SP00609" HPOS="1115" VPOS="1789" WIDTH="7"/>
						<String ID="P3_ST00744" HPOS="1122" VPOS="1751" WIDTH="68" HEIGHT="32" CONTENT="dairy" WC="0.97" CC="10010"/>
					</TextLine>
					<TextLine ID="P3_TL00127" HPOS="670" VPOS="1790" WIDTH="520" HEIGHT="41">
						<String ID="P3_ST00745" HPOS="670" VPOS="1799" WIDTH="112" HEIGHT="32" CONTENT="produce," WC="0.98" CC="10011001"/>
						<SP ID="P3_SP00610" HPOS="782" VPOS="1831" WIDTH="10"/>
						<String ID="P3_ST00746" HPOS="792" VPOS="1803" WIDTH="27" HEIGHT="18" CONTENT="as" WC="0.94" CC="11"/>
						<SP ID="P3_SP00611" HPOS="819" VPOS="1831" WIDTH="7"/>
						<String ID="P3_ST00747" HPOS="826" VPOS="1795" WIDTH="44" HEIGHT="25" CONTENT="she" WC="0.93" CC="110"/>
						<SP ID="P3_SP00612" HPOS="870" VPOS="1831" WIDTH="8"/>
						<String ID="P3_ST00748" HPOS="878" VPOS="1801" WIDTH="54" HEIGHT="17" CONTENT="now" WC="0.96" CC="101"/>
						<SP ID="P3_SP00613" HPOS="932" VPOS="1831" WIDTH="7"/>
						<String ID="P3_ST00749" HPOS="939" VPOS="1793" WIDTH="57" HEIGHT="24" CONTENT="does" WC="0.98" CC="0001"/>
						<SP ID="P3_SP00614" HPOS="996" VPOS="1831" WIDTH="9"/>
						<String ID="P3_ST00750" HPOS="1005" VPOS="1799" WIDTH="27" HEIGHT="17" CONTENT="as" WC="0.93" CC="11"/>
						<SP ID="P3_SP00615" HPOS="1032" VPOS="1831" WIDTH="7"/>
						<String ID="P3_ST00751" HPOS="1039" VPOS="1798" WIDTH="33" HEIGHT="17" CONTENT="an" WC="0.94" CC="11"/>
						<SP ID="P3_SP00616" HPOS="1072" VPOS="1831" WIDTH="7"/>
						<String ID="P3_ST00752" HPOS="1079" VPOS="1790" WIDTH="111" HEIGHT="31" CONTENT="exporter" WC="0.97" CC="01100002"/>
					</TextLine>
					<TextLine ID="P3_TL00128" HPOS="670" VPOS="1829" WIDTH="518" HEIGHT="35">
						<String ID="P3_ST00753" HPOS="670" VPOS="1840" WIDTH="27" HEIGHT="24" CONTENT="of" WC="0.96" CC="01"/>
						<SP ID="P3_SP00617" HPOS="697" VPOS="1864" WIDTH="8"/>
						<String ID="P3_ST00754" HPOS="705" VPOS="1839" WIDTH="82" HEIGHT="24" CONTENT="frozen" WC="0.93" CC="110211"/>
						<SP ID="P3_SP00618" HPOS="787" VPOS="1864" WIDTH="19"/>
						<String ID="P3_ST00755" HPOS="806" VPOS="1836" WIDTH="105" HEIGHT="24" CONTENT="mutton." WC="0.96" CC="1100011"/>
						<SP ID="P3_SP00619" HPOS="911" VPOS="1864" WIDTH="35"/>
						<String ID="P3_ST00756" HPOS="946" VPOS="1832" WIDTH="52" HEIGHT="24" CONTENT="The" WC="0.96" CC="101"/>
						<SP ID="P3_SP00620" HPOS="998" VPOS="1864" WIDTH="22"/>
						<String ID="P3_ST00757" HPOS="1020" VPOS="1830" WIDTH="111" HEIGHT="31" CONTENT="dairying" WC="0.98" CC="00011000"/>
						<SP ID="P3_SP00621" HPOS="1131" VPOS="1864" WIDTH="20"/>
						<String ID="P3_ST00758" HPOS="1151" VPOS="1829" WIDTH="37" HEIGHT="24" CONTENT="in" SUBS_TYPE="HypPart1" SUBS_CONTENT="industry" WC="0.97" CC="001"/>
						<HYP CONTENT="-"/>
					</TextLine>
					<TextLine ID="P3_TL00129" HPOS="670" VPOS="1867" WIDTH="519" HEIGHT="40">
						<String ID="P3_ST00759" HPOS="670" VPOS="1877" WIDTH="85" HEIGHT="30" CONTENT="dustry" SUBS_TYPE="HypPart2" SUBS_CONTENT="industry" WC="0.95" CC="111100"/>
						<SP ID="P3_SP00622" HPOS="755" VPOS="1907" WIDTH="9"/>
						<String ID="P3_ST00760" HPOS="764" VPOS="1874" WIDTH="22" HEIGHT="26" CONTENT="is" WC="0.96" CC="11"/>
						<SP ID="P3_SP00623" HPOS="786" VPOS="1907" WIDTH="10"/>
						<String ID="P3_ST00761" HPOS="796" VPOS="1870" WIDTH="130" HEIGHT="36" CONTENT="peculiarly" WC="0.94" CC="1011011111"/>
						<SP ID="P3_SP00624" HPOS="926" VPOS="1907" WIDTH="12"/>
						<String ID="P3_ST00762" HPOS="938" VPOS="1869" WIDTH="79" HEIGHT="26" CONTENT="suited" WC="0.94" CC="110102"/>
						<SP ID="P3_SP00625" HPOS="1017" VPOS="1907" WIDTH="8"/>
						<String ID="P3_ST00763" HPOS="1025" VPOS="1870" WIDTH="26" HEIGHT="23" CONTENT="to" WC="0.89" CC="12"/>
						<SP ID="P3_SP00626" HPOS="1051" VPOS="1907" WIDTH="10"/>
						<String ID="P3_ST00764" HPOS="1061" VPOS="1877" WIDTH="15" HEIGHT="16" CONTENT="a" WC="0.93" CC="1"/>
						<SP ID="P3_SP00627" HPOS="1076" VPOS="1907" WIDTH="11"/>
						<String ID="P3_ST00765" HPOS="1087" VPOS="1867" WIDTH="102" HEIGHT="31" CONTENT="country" WC="0.98" CC="0001101"/>
					</TextLine>
					<TextLine ID="P3_TL00130" HPOS="670" VPOS="1907" WIDTH="518" HEIGHT="34">
						<String ID="P3_ST00766" HPOS="670" VPOS="1914" WIDTH="60" HEIGHT="27" CONTENT="with" WC="0.94" CC="1011"/>
						<SP ID="P3_SP00628" HPOS="730" VPOS="1941" WIDTH="8"/>
						<String ID="P3_ST00767" HPOS="738" VPOS="1922" WIDTH="15" HEIGHT="16" CONTENT="a" WC="0.89" CC="1"/>
						<SP ID="P3_SP00629" HPOS="753" VPOS="1941" WIDTH="9"/>
						<String ID="P3_ST00768" HPOS="762" VPOS="1911" WIDTH="79" HEIGHT="26" CONTENT="fertile" WC="0.98" CC="0001001"/>
						<SP ID="P3_SP00630" HPOS="841" VPOS="1941" WIDTH="11"/>
						<String ID="P3_ST00769" HPOS="852" VPOS="1909" WIDTH="54" HEIGHT="29" CONTENT="soil," WC="0.97" CC="10001"/>
						<SP ID="P3_SP00631" HPOS="906" VPOS="1941" WIDTH="12"/>
						<String ID="P3_ST00770" HPOS="918" VPOS="1917" WIDTH="15" HEIGHT="16" CONTENT="a" WC="0.85" CC="2"/>
						<SP ID="P3_SP00632" HPOS="933" VPOS="1941" WIDTH="10"/>
						<String ID="P3_ST00771" HPOS="943" VPOS="1907" WIDTH="88" HEIGHT="25" CONTENT="humid" WC="0.93" CC="21200"/>
						<SP ID="P3_SP00633" HPOS="1031" VPOS="1941" WIDTH="10"/>
						<String ID="P3_ST00772" HPOS="1041" VPOS="1907" WIDTH="105" HEIGHT="28" CONTENT="climate," WC="0.97" CC="00011101"/>
						<SP ID="P3_SP00634" HPOS="1146" VPOS="1941" WIDTH="10"/>
						<String ID="P3_ST00773" HPOS="1156" VPOS="1913" WIDTH="32" HEIGHT="16" CONTENT="an" WC="0.98" CC="10"/>
					</TextLine>
					<TextLine ID="P3_TL00131" HPOS="671" VPOS="1947" WIDTH="517" HEIGHT="32">
						<String ID="P3_ST00774" HPOS="671" VPOS="1952" WIDTH="141" HEIGHT="26" CONTENT="abundance" WC="0.98" CC="101001000"/>
						<SP ID="P3_SP00635" HPOS="812" VPOS="1978" WIDTH="11"/>
						<String ID="P3_ST00775" HPOS="823" VPOS="1949" WIDTH="26" HEIGHT="24" CONTENT="of" WC="0.98" CC="01"/>
						<SP ID="P3_SP00636" HPOS="849" VPOS="1978" WIDTH="16"/>
						<String ID="P3_ST00776" HPOS="865" VPOS="1955" WIDTH="60" HEIGHT="24" CONTENT="pure" WC="0.96" CC="1110"/>
						<SP ID="P3_SP00637" HPOS="925" VPOS="1979" WIDTH="10"/>
						<String ID="P3_ST00777" HPOS="935" VPOS="1947" WIDTH="81" HEIGHT="24" CONTENT="water," WC="0.96" CC="100011"/>
						<SP ID="P3_SP00638" HPOS="1016" VPOS="1979" WIDTH="21"/>
						<String ID="P3_ST00778" HPOS="1037" VPOS="1950" WIDTH="46" HEIGHT="18" CONTENT="and" WC="0.89" CC="003"/>
						<SP ID="P3_SP00639" HPOS="1083" VPOS="1979" WIDTH="13"/>
						<String ID="P3_ST00779" HPOS="1096" VPOS="1951" WIDTH="15" HEIGHT="17" CONTENT="a" WC="0.93" CC="1"/>
						<SP ID="P3_SP00640" HPOS="1111" VPOS="1979" WIDTH="22"/>
						<String ID="P3_ST00780" HPOS="1133" VPOS="1951" WIDTH="55" HEIGHT="17" CONTENT="con" SUBS_TYPE="HypPart1" SUBS_CONTENT="continuous" WC="0.97" CC="0011"/>
						<HYP CONTENT="-"/>
					</TextLine>
					<TextLine ID="P3_TL00132" HPOS="670" VPOS="1981" WIDTH="520" HEIGHT="38">
						<String ID="P3_ST00781" HPOS="670" VPOS="1992" WIDTH="99" HEIGHT="24" CONTENT="tinuous" SUBS_TYPE="HypPart2" SUBS_CONTENT="continuous" WC="0.95" CC="1110111"/>
						<SP ID="P3_SP00641" HPOS="769" VPOS="2016" WIDTH="22"/>
						<String ID="P3_ST00782" HPOS="791" VPOS="1987" WIDTH="93" HEIGHT="32" CONTENT="growth" WC="0.93" CC="010112"/>
						<SP ID="P3_SP00642" HPOS="884" VPOS="2019" WIDTH="21"/>
						<String ID="P3_ST00783" HPOS="905" VPOS="1984" WIDTH="26" HEIGHT="25" CONTENT="of" WC="1.00" CC="00"/>
						<SP ID="P3_SP00643" HPOS="931" VPOS="2019" WIDTH="19"/>
						<String ID="P3_ST00784" HPOS="950" VPOS="1985" WIDTH="52" HEIGHT="24" CONTENT="best" WC="0.96" CC="1011"/>
						<SP ID="P3_SP00644" HPOS="1002" VPOS="2019" WIDTH="22"/>
						<String ID="P3_ST00785" HPOS="1024" VPOS="1989" WIDTH="95" HEIGHT="26" CONTENT="grasses" WC="0.97" CC="0101101"/>
						<SP ID="P3_SP00645" HPOS="1119" VPOS="2019" WIDTH="22"/>
						<String ID="P3_ST00786" HPOS="1141" VPOS="1981" WIDTH="49" HEIGHT="25" CONTENT="and" WC="0.94" CC="201"/>
					</TextLine>
					<TextLine ID="P3_TL00133" HPOS="670" VPOS="2020" WIDTH="518" HEIGHT="38">
						<String ID="P3_ST00787" HPOS="670" VPOS="2029" WIDTH="82" HEIGHT="29" CONTENT="forage" WC="0.96" CC="100111"/>
						<SP ID="P3_SP00646" HPOS="752" VPOS="2058" WIDTH="9"/>
						<String ID="P3_ST00788" HPOS="761" VPOS="2026" WIDTH="90" HEIGHT="31" CONTENT="plants." WC="0.94" CC="0012111"/>
						<SP ID="P3_SP00647" HPOS="851" VPOS="2058" WIDTH="35"/>
						<String ID="P3_ST00789" HPOS="886" VPOS="2022" WIDTH="88" HEIGHT="31" CONTENT="Seeing" WC="0.95" CC="110011"/>
						<SP ID="P3_SP00648" HPOS="974" VPOS="2058" WIDTH="17"/>
						<String ID="P3_ST00790" HPOS="991" VPOS="2020" WIDTH="55" HEIGHT="25" CONTENT="that" WC="0.94" CC="1101"/>
						<SP ID="P3_SP00649" HPOS="1046" VPOS="2058" WIDTH="21"/>
						<String ID="P3_ST00791" HPOS="1067" VPOS="2020" WIDTH="69" HEIGHT="24" CONTENT="these" WC="0.95" CC="01011"/>
						<SP ID="P3_SP00650" HPOS="1136" VPOS="2058" WIDTH="12"/>
						<String ID="P3_ST00792" HPOS="1148" VPOS="2025" WIDTH="40" HEIGHT="18" CONTENT="are" WC="0.99" CC="010"/>
					</TextLine>
					<TextLine ID="P3_TL00134" HPOS="670" VPOS="2058" WIDTH="517" HEIGHT="37">
						<String ID="P3_ST00793" HPOS="670" VPOS="2069" WIDTH="43" HEIGHT="26" CONTENT="the" WC="0.96" CC="110"/>
						<SP ID="P3_SP00651" HPOS="713" VPOS="2095" WIDTH="19"/>
						<String ID="P3_ST00794" HPOS="732" VPOS="2063" WIDTH="192" HEIGHT="29" CONTENT="characteristics" WC="0.95" CC="121101100011011"/>
						<SP ID="P3_SP00652" HPOS="924" VPOS="2095" WIDTH="22"/>
						<String ID="P3_ST00795" HPOS="946" VPOS="2061" WIDTH="27" HEIGHT="25" CONTENT="of" WC="0.96" CC="11"/>
						<SP ID="P3_SP00653" HPOS="973" VPOS="2095" WIDTH="17"/>
						<String ID="P3_ST00796" HPOS="990" VPOS="2061" WIDTH="59" HEIGHT="25" CONTENT="New" WC="0.93" CC="101"/>
						<SP ID="P3_SP00654" HPOS="1049" VPOS="2095" WIDTH="22"/>
						<String ID="P3_ST00797" HPOS="1071" VPOS="2058" WIDTH="116" HEIGHT="29" CONTENT="Zealand," WC="0.98" CC="10000100"/>
					</TextLine>
					<TextLine ID="P3_TL00135" HPOS="670" VPOS="2098" WIDTH="520" HEIGHT="42">
						<String ID="P3_ST00798" HPOS="670" VPOS="2116" WIDTH="57" HEIGHT="24" CONTENT="may" WC="0.95" CC="101"/>
						<SP ID="P3_SP00655" HPOS="727" VPOS="2140" WIDTH="11"/>
						<String ID="P3_ST00799" HPOS="738" VPOS="2115" WIDTH="36" HEIGHT="17" CONTENT="we" WC="0.98" CC="10"/>
						<SP ID="P3_SP00656" HPOS="774" VPOS="2140" WIDTH="11"/>
						<String ID="P3_ST00800" HPOS="785" VPOS="2107" WIDTH="44" HEIGHT="23" CONTENT="not" WC="0.97" CC="101"/>
						<SP ID="P3_SP00657" HPOS="829" VPOS="2140" WIDTH="11"/>
						<String ID="P3_ST00801" HPOS="840" VPOS="2103" WIDTH="73" HEIGHT="26" CONTENT="claim" WC="0.98" CC="00110"/>
						<SP ID="P3_SP00658" HPOS="913" VPOS="2140" WIDTH="11"/>
						<String ID="P3_ST00802" HPOS="924" VPOS="2102" WIDTH="36" HEIGHT="24" CONTENT="for" WC="0.99" CC="100"/>
						<SP ID="P3_SP00659" HPOS="960" VPOS="2140" WIDTH="20"/>
						<String ID="P3_ST00803" HPOS="980" VPOS="2099" WIDTH="150" HEIGHT="31" CONTENT="Canterbury" WC="0.97" CC="0001110101"/>
						<SP ID="P3_SP00660" HPOS="1130" VPOS="2140" WIDTH="11"/>
						<String ID="P3_ST00804" HPOS="1141" VPOS="2098" WIDTH="49" HEIGHT="25" CONTENT="and" WC="0.95" CC="101"/>
					</TextLine>
					<TextLine ID="P3_TL00136" HPOS="671" VPOS="2139" WIDTH="519" HEIGHT="39">
						<String ID="P3_ST00805" HPOS="671" VPOS="2149" WIDTH="42" HEIGHT="25" CONTENT="the" WC="0.94" CC="210"/>
						<SP ID="P3_SP00661" HPOS="713" VPOS="2174" WIDTH="20"/>
						<String ID="P3_ST00806" HPOS="733" VPOS="2145" WIDTH="91" HEIGHT="33" CONTENT="Colony" WC="0.98" CC="100001"/>
						<SP ID="P3_SP00662" HPOS="824" VPOS="2178" WIDTH="22"/>
						<String ID="P3_ST00807" HPOS="846" VPOS="2141" WIDTH="132" HEIGHT="35" CONTENT="generally," WC="0.98" CC="1000010011"/>
						<SP ID="P3_SP00663" HPOS="978" VPOS="2178" WIDTH="21"/>
						<String ID="P3_ST00808" HPOS="999" VPOS="2140" WIDTH="55" HEIGHT="25" CONTENT="that" WC="0.94" CC="1111"/>
						<SP ID="P3_SP00664" HPOS="1054" VPOS="2178" WIDTH="10"/>
						<String ID="P3_ST00809" HPOS="1064" VPOS="2147" WIDTH="36" HEIGHT="17" CONTENT="we" WC="0.93" CC="11"/>
						<SP ID="P3_SP00665" HPOS="1100" VPOS="2178" WIDTH="21"/>
						<String ID="P3_ST00810" HPOS="1121" VPOS="2139" WIDTH="69" HEIGHT="24" CONTENT="must" WC="0.90" CC="2111"/>
					</TextLine>
					<TextLine ID="P3_TL00137" HPOS="670" VPOS="2178" WIDTH="522" HEIGHT="36">
						<String ID="P3_ST00811" HPOS="670" VPOS="2189" WIDTH="99" HEIGHT="25" CONTENT="become" WC="0.88" CC="215010"/>
						<SP ID="P3_SP00666" HPOS="769" VPOS="2214" WIDTH="10"/>
						<String ID="P3_ST00812" HPOS="779" VPOS="2186" WIDTH="44" HEIGHT="24" CONTENT="the" WC="0.94" CC="120"/>
						<SP ID="P3_SP00667" HPOS="823" VPOS="2214" WIDTH="10"/>
						<String ID="P3_ST00813" HPOS="833" VPOS="2182" WIDTH="127" HEIGHT="26" CONTENT="Denmark" WC="0.86" CC="4112121"/>
						<SP ID="P3_SP00668" HPOS="960" VPOS="2214" WIDTH="10"/>
						<String ID="P3_ST00814" HPOS="970" VPOS="2180" WIDTH="49" HEIGHT="25" CONTENT="and" WC="0.94" CC="110"/>
						<SP ID="P3_SP00669" HPOS="1019" VPOS="2214" WIDTH="23"/>
						<String ID="P3_ST00815" HPOS="1042" VPOS="2178" WIDTH="101" HEIGHT="26" CONTENT="Sweden" WC="0.93" CC="110102"/>
						<SP ID="P3_SP00670" HPOS="1143" VPOS="2214" WIDTH="21"/>
						<String ID="P3_ST00816" HPOS="1164" VPOS="2178" WIDTH="28" HEIGHT="23" CONTENT="of" WC="0.93" CC="11"/>
					</TextLine>
					<TextLine ID="P3_TL00138" HPOS="670" VPOS="2219" WIDTH="519" HEIGHT="35">
						<String ID="P3_ST00817" HPOS="670" VPOS="2229" WIDTH="43" HEIGHT="25" CONTENT="the" WC="0.96" CC="011"/>
						<SP ID="P3_SP00671" HPOS="713" VPOS="2254" WIDTH="12"/>
						<String ID="P3_ST00818" HPOS="725" VPOS="2225" WIDTH="122" HEIGHT="28" CONTENT="Southern" WC="0.93" CC="10311011"/>
						<SP ID="P3_SP00672" HPOS="847" VPOS="2254" WIDTH="9"/>
						<String ID="P3_ST00819" HPOS="856" VPOS="2221" WIDTH="160" HEIGHT="32" CONTENT="Hemisphero" WC="0.94" CC="1000112012"/>
						<SP ID="P3_SP00673" HPOS="1016" VPOS="2254" WIDTH="13"/>
						<String ID="P3_ST00820" HPOS="1029" VPOS="2227" WIDTH="27" HEIGHT="18" CONTENT="so" WC="0.93" CC="20"/>
						<SP ID="P3_SP00674" HPOS="1056" VPOS="2254" WIDTH="7"/>
						<String ID="P3_ST00821" HPOS="1063" VPOS="2219" WIDTH="37" HEIGHT="24" CONTENT="far" WC="0.96" CC="011"/>
						<SP ID="P3_SP00675" HPOS="1100" VPOS="2254" WIDTH="6"/>
						<String ID="P3_ST00822" HPOS="1106" VPOS="2225" WIDTH="28" HEIGHT="18" CONTENT="as" WC="0.94" CC="11"/>
						<SP ID="P3_SP00676" HPOS="1134" VPOS="2254" WIDTH="11"/>
						<String ID="P3_ST00823" HPOS="1145" VPOS="2225" WIDTH="44" HEIGHT="17" CONTENT="our" WC="0.93" CC="012"/>
					</TextLine>
					<TextLine ID="P3_TL00139" HPOS="670" VPOS="2256" WIDTH="516" HEIGHT="40">
						<String ID="P3_ST00824" HPOS="670" VPOS="2263" WIDTH="320" HEIGHT="33" CONTENT="butter-producingpowers" WC="0.94" CC="1111021110110011101112"/>
						<SP ID="P3_SP00677" HPOS="990" VPOS="2296" WIDTH="7"/>
						<String ID="P3_ST00825" HPOS="997" VPOS="2266" WIDTH="41" HEIGHT="18" CONTENT="are" WC="0.96" CC="110"/>
						<SP ID="P3_SP00678" HPOS="1038" VPOS="2296" WIDTH="7"/>
						<String ID="P3_ST00826" HPOS="1045" VPOS="2256" WIDTH="141" HEIGHT="27" CONTENT="concerned." WC="0.98" CC="0001010010"/>
					</TextLine>
					<TextLine ID="P3_TL00140" HPOS="814" VPOS="2310" WIDTH="246" HEIGHT="21">
						<String ID="P3_ST00827" HPOS="814" VPOS="2314" WIDTH="30" HEIGHT="17" CONTENT="TO" WC="0.98" CC="10" STYLEREFS="TXT_5"/>
						<SP ID="P3_SP00679" HPOS="844" VPOS="2331" WIDTH="15"/>
						<String ID="P3_ST00828" HPOS="859" VPOS="2312" WIDTH="31" HEIGHT="18" CONTENT="BE" WC="0.89" CC="12" STYLEREFS="TXT_5"/>
						<SP ID="P3_SP00680" HPOS="890" VPOS="2331" WIDTH="11"/>
						<String ID="P3_ST00829" HPOS="901" VPOS="2310" WIDTH="143" HEIGHT="20" CONTENT="CONTINUED." WC="0.90" CC="1031110221" STYLEREFS="TXT_5"/>
						<SP ID="P3_SP00681" HPOS="1044" VPOS="2331" WIDTH="13"/>
						<String ID="P3_ST00830" HPOS="1057" VPOS="2324" WIDTH="3" HEIGHT="5" CONTENT="," WC="0.56" CC="4" STYLEREFS="TXT_5"/>
					</TextLine>
				</TextBlock>
				<TextBlock ID="P3_TB00007" HPOS="668" VPOS="2411" WIDTH="521" HEIGHT="68" STYLEREFS="TXT_6 PAR_LEFT">
					<TextLine ID="P3_TL00141" HPOS="668" VPOS="2411" WIDTH="521" HEIGHT="68">
						<String ID="P3_ST00831" HPOS="668" VPOS="2418" WIDTH="184" HEIGHT="61" CONTENT="LOCAL" WC="0.97" CC="00110"/>
						<SP ID="P3_SP00682" HPOS="852" VPOS="2479" WIDTH="36"/>
						<String ID="P3_ST00832" HPOS="888" VPOS="2418" WIDTH="2" HEIGHT="61" CONTENT="and" WC="1.00" CC="000"/>
						<SP ID="P3_SP00683" HPOS="890" VPOS="2479" WIDTH="36"/>
						<String ID="P3_ST00833" HPOS="926" VPOS="2411" WIDTH="263" HEIGHT="64" CONTENT="GENERAL" WC="0.70" CC="2190611"/>
					</TextLine>
				</TextBlock>
				<TextBlock ID="P3_TB00008" HPOS="664" VPOS="2546" WIDTH="534" HEIGHT="1293" STYLEREFS="TXT_2 PAR_BLOCK">
					<TextLine ID="P3_TL00142" HPOS="669" VPOS="2550" WIDTH="520" HEIGHT="37">
						<String ID="P3_ST00834" HPOS="669" VPOS="2561" WIDTH="153" HEIGHT="26" CONTENT="Concert.—" WC="0.91" CC="201013210"/>
						<String ID="P3_ST00835" HPOS="822" VPOS="2556" WIDTH="22" HEIGHT="27" CONTENT="A" WC="0.93" CC="1"/>
						<SP ID="P3_SP00684" HPOS="844" VPOS="2587" WIDTH="22"/>
						<String ID="P3_ST00836" HPOS="866" VPOS="2554" WIDTH="84" HEIGHT="28" CONTENT="sacred" WC="0.95" CC="101002"/>
						<SP ID="P3_SP00685" HPOS="950" VPOS="2587" WIDTH="29"/>
						<String ID="P3_ST00837" HPOS="979" VPOS="2552" WIDTH="79" HEIGHT="28" CONTENT="music" WC="0.94" CC="11101"/>
						<SP ID="P3_SP00686" HPOS="1058" VPOS="2587" WIDTH="29"/>
						<String ID="P3_ST00838" HPOS="1087" VPOS="2550" WIDTH="102" HEIGHT="26" CONTENT="Concert" WC="0.93" CC="1011022"/>
					</TextLine>
					<TextLine ID="P3_TL00143" HPOS="669" VPOS="2594" WIDTH="520" HEIGHT="43">
						<String ID="P3_ST00839" HPOS="669" VPOS="2606" WIDTH="57" HEIGHT="25" CONTENT="took" WC="0.98" CC="1001"/>
						<SP ID="P3_SP00687" HPOS="726" VPOS="2631" WIDTH="10"/>
						<String ID="P3_ST00840" HPOS="736" VPOS="2605" WIDTH="69" HEIGHT="32" CONTENT="place" WC="0.98" CC="10001"/>
						<SP ID="P3_SP00688" HPOS="805" VPOS="2637" WIDTH="9"/>
						<String ID="P3_ST00841" HPOS="814" VPOS="2604" WIDTH="25" HEIGHT="23" CONTENT="at" WC="0.94" CC="11"/>
						<SP ID="P3_SP00689" HPOS="839" VPOS="2637" WIDTH="7"/>
						<String ID="P3_ST00842" HPOS="846" VPOS="2602" WIDTH="42" HEIGHT="25" CONTENT="the" WC="1.00" CC="000"/>
						<SP ID="P3_SP00690" HPOS="888" VPOS="2637" WIDTH="10"/>
						<String ID="P3_ST00843" HPOS="898" VPOS="2599" WIDTH="146" HEIGHT="26" CONTENT="Oddfellows" WC="0.96" CC="2111100011"/>
						<SP ID="P3_SP00691" HPOS="1044" VPOS="2637" WIDTH="8"/>
						<String ID="P3_ST00844" HPOS="1052" VPOS="2595" WIDTH="60" HEIGHT="27" CONTENT="Hall" WC="0.98" CC="0100"/>
						<SP ID="P3_SP00692" HPOS="1112" VPOS="2637" WIDTH="9"/>
						<String ID="P3_ST00845" HPOS="1121" VPOS="2594" WIDTH="68" HEIGHT="26" CONTENT="West" WC="0.94" CC="1011"/>
					</TextLine>
					<TextLine ID="P3_TL00144" HPOS="670" VPOS="2637" WIDTH="519" HEIGHT="38">
						<String ID="P3_ST00846" HPOS="670" VPOS="2648" WIDTH="88" HEIGHT="26" CONTENT="Oxford" WC="0.94" CC="021111"/>
						<SP ID="P3_SP00693" HPOS="758" VPOS="2674" WIDTH="23"/>
						<String ID="P3_ST00847" HPOS="781" VPOS="2655" WIDTH="32" HEIGHT="16" CONTENT="on" WC="0.96" CC="01"/>
						<SP ID="P3_SP00694" HPOS="813" VPOS="2674" WIDTH="21"/>
						<String ID="P3_ST00848" HPOS="834" VPOS="2644" WIDTH="89" HEIGHT="31" CONTENT="Friday" WC="0.92" CC="410110"/>
						<SP ID="P3_SP00695" HPOS="923" VPOS="2675" WIDTH="13"/>
						<String ID="P3_ST00849" HPOS="936" VPOS="2641" WIDTH="103" HEIGHT="31" CONTENT="evening" WC="0.96" CC="1011101"/>
						<SP ID="P3_SP00696" HPOS="1039" VPOS="2675" WIDTH="22"/>
						<String ID="P3_ST00850" HPOS="1061" VPOS="2641" WIDTH="26" HEIGHT="24" CONTENT="at" WC="0.96" CC="11"/>
						<SP ID="P3_SP00697" HPOS="1087" VPOS="2675" WIDTH="21"/>
						<String ID="P3_ST00851" HPOS="1108" VPOS="2637" WIDTH="81" HEIGHT="26" CONTENT="which" WC="0.98" CC="01010"/>
					</TextLine>
					<TextLine ID="P3_TL00145" HPOS="669" VPOS="2683" WIDTH="521" HEIGHT="36">
						<String ID="P3_ST00852" HPOS="669" VPOS="2692" WIDTH="69" HEIGHT="25" CONTENT="there" WC="0.91" CC="12111"/>
						<SP ID="P3_SP00698" HPOS="738" VPOS="2717" WIDTH="11"/>
						<String ID="P3_ST00853" HPOS="749" VPOS="2696" WIDTH="50" HEIGHT="20" CONTENT="wan" WC="0.73" CC="116"/>
						<SP ID="P3_SP00699" HPOS="799" VPOS="2717" WIDTH="11"/>
						<String ID="P3_ST00854" HPOS="810" VPOS="2689" WIDTH="58" HEIGHT="30" CONTENT="only" WC="0.90" CC="0311"/>
						<SP ID="P3_SP00700" HPOS="868" VPOS="2719" WIDTH="11"/>
						<String ID="P3_ST00855" HPOS="879" VPOS="2695" WIDTH="15" HEIGHT="17" CONTENT="a" WC="0.89" CC="1"/>
						<SP ID="P3_SP00701" HPOS="894" VPOS="2719" WIDTH="10"/>
						<String ID="P3_ST00856" HPOS="904" VPOS="2692" WIDTH="57" HEIGHT="25" CONTENT="very" WC="0.90" CC="1111"/>
						<SP ID="P3_SP00702" HPOS="961" VPOS="2719" WIDTH="12"/>
						<String ID="P3_ST00857" HPOS="973" VPOS="2684" WIDTH="124" HEIGHT="26" CONTENT="moderate" WC="0.76" CC="30911131"/>
						<SP ID="P3_SP00703" HPOS="1097" VPOS="2719" WIDTH="12"/>
						<String ID="P3_ST00858" HPOS="1109" VPOS="2683" WIDTH="81" HEIGHT="24" CONTENT="atten" SUBS_TYPE="HypPart1" SUBS_CONTENT="attendance." WC="0.65" CC="177141"/>
						<HYP CONTENT="-"/>
					</TextLine>
					<TextLine ID="P3_TL00146" HPOS="669" VPOS="2723" WIDTH="522" HEIGHT="37">
						<String ID="P3_ST00859" HPOS="669" VPOS="2735" WIDTH="85" HEIGHT="25" CONTENT="dance." SUBS_TYPE="HypPart2" SUBS_CONTENT="attendance." WC="0.96" CC="101011"/>
						<SP ID="P3_SP00704" HPOS="754" VPOS="2760" WIDTH="42"/>
						<String ID="P3_ST00860" HPOS="796" VPOS="2731" WIDTH="53" HEIGHT="25" CONTENT="The" WC="0.93" CC="211"/>
						<SP ID="P3_SP00705" HPOS="849" VPOS="2760" WIDTH="21"/>
						<String ID="P3_ST00861" HPOS="870" VPOS="2731" WIDTH="59" HEIGHT="23" CONTENT="Eev." WC="0.96" CC="1100"/>
						<SP ID="P3_SP00706" HPOS="929" VPOS="2760" WIDTH="22"/>
						<String ID="P3_ST00862" HPOS="951" VPOS="2728" WIDTH="40" HEIGHT="24" CONTENT="Mr" WC="0.98" CC="01"/>
						<SP ID="P3_SP00707" HPOS="991" VPOS="2760" WIDTH="22"/>
						<String ID="P3_ST00863" HPOS="1013" VPOS="2726" WIDTH="102" HEIGHT="25" CONTENT="Garbett" WC="0.94" CC="1111011"/>
						<SP ID="P3_SP00708" HPOS="1115" VPOS="2760" WIDTH="22"/>
						<String ID="P3_ST00864" HPOS="1137" VPOS="2723" WIDTH="54" HEIGHT="26" CONTENT="who" WC="0.96" CC="100"/>
					</TextLine>
					<TextLine ID="P3_TL00147" HPOS="670" VPOS="2769" WIDTH="520" HEIGHT="35">
						<String ID="P3_ST00865" HPOS="670" VPOS="2775" WIDTH="134" HEIGHT="29" CONTENT="conducted" WC="0.97" CC="001101110"/>
						<SP ID="P3_SP00709" HPOS="804" VPOS="2804" WIDTH="11"/>
						<String ID="P3_ST00866" HPOS="815" VPOS="2775" WIDTH="42" HEIGHT="24" CONTENT="the" WC="0.97" CC="010"/>
						<SP ID="P3_SP00710" HPOS="857" VPOS="2804" WIDTH="11"/>
						<String ID="P3_ST00867" HPOS="868" VPOS="2771" WIDTH="112" HEIGHT="32" CONTENT="carrying" WC="0.94" CC="01211001"/>
						<SP ID="P3_SP00711" HPOS="980" VPOS="2804" WIDTH="16"/>
						<String ID="P3_ST00868" HPOS="996" VPOS="2773" WIDTH="42" HEIGHT="21" CONTENT="out" WC="0.95" CC="011"/>
						<SP ID="P3_SP00712" HPOS="1038" VPOS="2804" WIDTH="23"/>
						<String ID="P3_ST00869" HPOS="1061" VPOS="2769" WIDTH="27" HEIGHT="24" CONTENT="of" WC="0.96" CC="01"/>
						<SP ID="P3_SP00713" HPOS="1088" VPOS="2804" WIDTH="9"/>
						<String ID="P3_ST00870" HPOS="1097" VPOS="2775" WIDTH="32" HEIGHT="17" CONTENT="an" WC="0.93" CC="11"/>
						<SP ID="P3_SP00714" HPOS="1129" VPOS="2804" WIDTH="22"/>
						<String ID="P3_ST00871" HPOS="1151" VPOS="2775" WIDTH="39" HEIGHT="16" CONTENT="ex" SUBS_TYPE="HypPart1" SUBS_CONTENT="excellent" WC="0.93" CC="120"/>
						<HYP CONTENT="-"/>
					</TextLine>
					<TextLine ID="P3_TL00148" HPOS="671" VPOS="2810" WIDTH="519" HEIGHT="41">
						<String ID="P3_ST00872" HPOS="671" VPOS="2821" WIDTH="87" HEIGHT="25" CONTENT="cellent" SUBS_TYPE="HypPart2" SUBS_CONTENT="excellent" WC="0.96" CC="1001002"/>
						<SP ID="P3_SP00715" HPOS="758" VPOS="2846" WIDTH="10"/>
						<String ID="P3_ST00873" HPOS="768" VPOS="2824" WIDTH="154" HEIGHT="27" CONTENT="programme" WC="0.95" CC="110010111"/>
						<SP ID="P3_SP00716" HPOS="922" VPOS="2851" WIDTH="11"/>
						<String ID="P3_ST00874" HPOS="933" VPOS="2822" WIDTH="57" HEIGHT="24" CONTENT="very" WC="0.97" CC="1101"/>
						<SP ID="P3_SP00717" HPOS="990" VPOS="2851" WIDTH="10"/>
						<String ID="P3_ST00875" HPOS="1000" VPOS="2812" WIDTH="76" HEIGHT="32" CONTENT="justly" WC="0.92" CC="211110"/>
						<SP ID="P3_SP00718" HPOS="1076" VPOS="2851" WIDTH="8"/>
						<String ID="P3_ST00876" HPOS="1084" VPOS="2810" WIDTH="106" HEIGHT="26" CONTENT="remark" SUBS_TYPE="HypPart1" SUBS_CONTENT="remarked" WC="0.95" CC="0120001"/>
						<HYP CONTENT="-"/>
					</TextLine>
					<TextLine ID="P3_TL00149" HPOS="671" VPOS="2855" WIDTH="520" HEIGHT="35">
						<String ID="P3_ST00877" HPOS="671" VPOS="2865" WIDTH="29" HEIGHT="25" CONTENT="ed" SUBS_TYPE="HypPart2" SUBS_CONTENT="remarked" WC="0.98" CC="10"/>
						<SP ID="P3_SP00719" HPOS="700" VPOS="2890" WIDTH="11"/>
						<String ID="P3_ST00878" HPOS="711" VPOS="2864" WIDTH="54" HEIGHT="25" CONTENT="that" WC="0.98" CC="0010"/>
						<SP ID="P3_SP00720" HPOS="765" VPOS="2890" WIDTH="12"/>
						<String ID="P3_ST00879" HPOS="777" VPOS="2862" WIDTH="49" HEIGHT="24" CONTENT="had" WC="0.91" CC="112"/>
						<SP ID="P3_SP00721" HPOS="826" VPOS="2890" WIDTH="10"/>
						<String ID="P3_ST00880" HPOS="836" VPOS="2862" WIDTH="20" HEIGHT="23" CONTENT="it" WC="0.93" CC="02"/>
						<SP ID="P3_SP00722" HPOS="856" VPOS="2890" WIDTH="20"/>
						<String ID="P3_ST00881" HPOS="876" VPOS="2861" WIDTH="59" HEIGHT="23" CONTENT="been" WC="0.96" CC="0011"/>
						<SP ID="P3_SP00723" HPOS="935" VPOS="2890" WIDTH="23"/>
						<String ID="P3_ST00882" HPOS="958" VPOS="2856" WIDTH="123" HEIGHT="33" CONTENT="generally" WC="0.96" CC="111011001"/>
						<SP ID="P3_SP00724" HPOS="1081" VPOS="2890" WIDTH="22"/>
						<String ID="P3_ST00883" HPOS="1103" VPOS="2855" WIDTH="88" HEIGHT="23" CONTENT="known" WC="0.97" CC="10010"/>
					</TextLine>
					<TextLine ID="P3_TL00150" HPOS="669" VPOS="2897" WIDTH="522" HEIGHT="38">
						<String ID="P3_ST00884" HPOS="669" VPOS="2909" WIDTH="56" HEIGHT="24" CONTENT="that" WC="0.96" CC="0111"/>
						<SP ID="P3_SP00725" HPOS="725" VPOS="2933" WIDTH="12"/>
						<String ID="P3_ST00885" HPOS="737" VPOS="2905" WIDTH="61" HEIGHT="26" CONTENT="such" WC="0.93" CC="1111"/>
						<SP ID="P3_SP00726" HPOS="798" VPOS="2933" WIDTH="10"/>
						<String ID="P3_ST00886" HPOS="808" VPOS="2903" WIDTH="60" HEIGHT="32" CONTENT="high" WC="0.92" CC="1112"/>
						<SP ID="P3_SP00727" HPOS="868" VPOS="2935" WIDTH="13"/>
						<String ID="P3_ST00887" HPOS="881" VPOS="2902" WIDTH="62" HEIGHT="25" CONTENT="class" WC="0.96" CC="00111"/>
						<SP ID="P3_SP00728" HPOS="943" VPOS="2935" WIDTH="22"/>
						<String ID="P3_ST00888" HPOS="965" VPOS="2899" WIDTH="79" HEIGHT="25" CONTENT="music" WC="0.90" CC="21111"/>
						<SP ID="P3_SP00729" HPOS="1044" VPOS="2935" WIDTH="18"/>
						<String ID="P3_ST00889" HPOS="1062" VPOS="2897" WIDTH="81" HEIGHT="26" CONTENT="would" WC="0.97" CC="10101"/>
						<SP ID="P3_SP00730" HPOS="1143" VPOS="2935" WIDTH="19"/>
						<String ID="P3_ST00890" HPOS="1162" VPOS="2897" WIDTH="29" HEIGHT="24" CONTENT="be" WC="0.94" CC="11"/>
					</TextLine>
					<TextLine ID="P3_TL00151" HPOS="669" VPOS="2940" WIDTH="522" HEIGHT="43">
						<String ID="P3_ST00891" HPOS="669" VPOS="2949" WIDTH="122" HEIGHT="34" CONTENT="produced" WC="0.96" CC="11010101"/>
						<SP ID="P3_SP00731" HPOS="791" VPOS="2983" WIDTH="11"/>
						<String ID="P3_ST00892" HPOS="802" VPOS="2949" WIDTH="43" HEIGHT="24" CONTENT="the" WC="0.97" CC="110"/>
						<SP ID="P3_SP00732" HPOS="845" VPOS="2983" WIDTH="21"/>
						<String ID="P3_ST00893" HPOS="866" VPOS="2946" WIDTH="78" HEIGHT="25" CONTENT="result" WC="0.94" CC="121101"/>
						<SP ID="P3_SP00733" HPOS="944" VPOS="2983" WIDTH="11"/>
						<String ID="P3_ST00894" HPOS="955" VPOS="2943" WIDTH="80" HEIGHT="25" CONTENT="would" WC="0.97" CC="01001"/>
						<SP ID="P3_SP00734" HPOS="1035" VPOS="2983" WIDTH="11"/>
						<String ID="P3_ST00895" HPOS="1046" VPOS="2942" WIDTH="62" HEIGHT="24" CONTENT="have" WC="1.00" CC="0000"/>
						<SP ID="P3_SP00735" HPOS="1108" VPOS="2983" WIDTH="21"/>
						<String ID="P3_ST00896" HPOS="1129" VPOS="2940" WIDTH="62" HEIGHT="24" CONTENT="been" WC="0.96" CC="1100"/>
					</TextLine>
					<TextLine ID="P3_TL00152" HPOS="671" VPOS="2985" WIDTH="520" HEIGHT="40">
						<String ID="P3_ST00897" HPOS="671" VPOS="3002" WIDTH="57" HEIGHT="23" CONTENT="very" WC="0.98" CC="0010"/>
						<SP ID="P3_SP00736" HPOS="728" VPOS="3025" WIDTH="8"/>
						<String ID="P3_ST00898" HPOS="736" VPOS="2992" WIDTH="120" HEIGHT="25" CONTENT="diflerent." WC="0.95" CC="1122001111"/>
						<SP ID="P3_SP00737" HPOS="856" VPOS="3025" WIDTH="36"/>
						<String ID="P3_ST00899" HPOS="892" VPOS="2988" WIDTH="52" HEIGHT="24" CONTENT="The" WC="0.96" CC="110"/>
						<SP ID="P3_SP00738" HPOS="944" VPOS="3025" WIDTH="9"/>
						<String ID="P3_ST00900" HPOS="953" VPOS="2986" WIDTH="104" HEIGHT="32" CONTENT="opening" WC="0.97" CC="0100111"/>
						<SP ID="P3_SP00739" HPOS="1057" VPOS="3025" WIDTH="8"/>
						<String ID="P3_ST00901" HPOS="1065" VPOS="2985" WIDTH="66" HEIGHT="32" CONTENT="piece" WC="0.98" CC="10100"/>
						<SP ID="P3_SP00740" HPOS="1131" VPOS="3025" WIDTH="11"/>
						<String ID="P3_ST00902" HPOS="1142" VPOS="2991" WIDTH="49" HEIGHT="18" CONTENT="was" WC="0.93" CC="111"/>
					</TextLine>
					<TextLine ID="P3_TL00153" HPOS="671" VPOS="3028" WIDTH="521" HEIGHT="35">
						<String ID="P3_ST00903" HPOS="671" VPOS="3047" WIDTH="33" HEIGHT="16" CONTENT="an" WC="0.98" CC="10"/>
						<SP ID="P3_SP00741" HPOS="704" VPOS="3063" WIDTH="6"/>
						<String ID="P3_ST00904" HPOS="710" VPOS="3033" WIDTH="173" HEIGHT="29" CONTENT="instrumental" WC="0.97" CC="011110000100"/>
						<SP ID="P3_SP00742" HPOS="883" VPOS="3063" WIDTH="9"/>
						<String ID="P3_ST00905" HPOS="892" VPOS="3032" WIDTH="57" HEIGHT="23" CONTENT="duet" WC="0.93" CC="1111"/>
						<SP ID="P3_SP00743" HPOS="949" VPOS="3063" WIDTH="11"/>
						<String ID="P3_ST00906" HPOS="960" VPOS="3035" WIDTH="14" HEIGHT="10" CONTENT='"' WC="0.85" CC="2"/>
						<SP ID="P3_SP00744" HPOS="974" VPOS="3063" WIDTH="10"/>
						<String ID="P3_ST00907" HPOS="984" VPOS="3028" WIDTH="208" HEIGHT="26" CONTENT="TheMarcbeaux" WC="0.95" CC="110011011111"/>
					</TextLine>
					<TextLine ID="P3_TL00154" HPOS="671" VPOS="3070" WIDTH="521" HEIGHT="36">
						<String ID="P3_ST00908" HPOS="671" VPOS="3077" WIDTH="172" HEIGHT="28" CONTENT='Flambeaux"' WC="0.89" CC="2011111115"/>
						<SP ID="P3_SP00745" HPOS="843" VPOS="3105" WIDTH="28"/>
						<String ID="P3_ST00909" HPOS="871" VPOS="3074" WIDTH="87" HEIGHT="32" CONTENT="played" WC="0.93" CC="111102"/>
						<SP ID="P3_SP00746" HPOS="958" VPOS="3106" WIDTH="31"/>
						<String ID="P3_ST00910" HPOS="989" VPOS="3072" WIDTH="33" HEIGHT="32" CONTENT="by" WC="0.94" CC="11"/>
						<SP ID="P3_SP00747" HPOS="1022" VPOS="3106" WIDTH="33"/>
						<String ID="P3_ST00911" HPOS="1055" VPOS="3070" WIDTH="137" HEIGHT="25" CONTENT="Mesdames" WC="0.92" CC="00111311"/>
					</TextLine>
					<TextLine ID="P3_TL00155" HPOS="671" VPOS="3114" WIDTH="520" HEIGHT="33">
						<String ID="P3_ST00912" HPOS="671" VPOS="3124" WIDTH="92" HEIGHT="23" CONTENT="Reeves" WC="0.96" CC="201001"/>
						<SP ID="P3_SP00748" HPOS="763" VPOS="3147" WIDTH="19"/>
						<String ID="P3_ST00913" HPOS="782" VPOS="3119" WIDTH="49" HEIGHT="25" CONTENT="and" WC="0.96" CC="101"/>
						<SP ID="P3_SP00749" HPOS="831" VPOS="3147" WIDTH="21"/>
						<String ID="P3_ST00914" HPOS="852" VPOS="3117" WIDTH="56" HEIGHT="24" CONTENT="Nell" WC="0.94" CC="2100"/>
						<SP ID="P3_SP00750" HPOS="908" VPOS="3147" WIDTH="33"/>
						<String ID="P3_ST00915" HPOS="941" VPOS="3116" WIDTH="48" HEIGHT="24" CONTENT="and" WC="0.93" CC="111"/>
						<SP ID="P3_SP00751" HPOS="989" VPOS="3147" WIDTH="23"/>
						<String ID="P3_ST00916" HPOS="1012" VPOS="3115" WIDTH="42" HEIGHT="23" CONTENT="the" WC="0.90" CC="112"/>
						<SP ID="P3_SP00752" HPOS="1054" VPOS="3147" WIDTH="22"/>
						<String ID="P3_ST00917" HPOS="1076" VPOS="3114" WIDTH="115" HEIGHT="30" CONTENT="applause" WC="0.94" CC="11200111"/>
					</TextLine>
					<TextLine ID="P3_TL00156" HPOS="671" VPOS="3156" WIDTH="522" HEIGHT="36">
						<String ID="P3_ST00918" HPOS="671" VPOS="3165" WIDTH="96" HEIGHT="27" CONTENT="elicited" WC="0.97" CC="11000111"/>
						<SP ID="P3_SP00753" HPOS="767" VPOS="3192" WIDTH="27"/>
						<String ID="P3_ST00919" HPOS="794" VPOS="3169" WIDTH="49" HEIGHT="19" CONTENT="was" WC="0.95" CC="111"/>
						<SP ID="P3_SP00754" HPOS="843" VPOS="3192" WIDTH="21"/>
						<String ID="P3_ST00920" HPOS="864" VPOS="3161" WIDTH="59" HEIGHT="24" CONTENT="loud" WC="0.94" CC="0021"/>
						<SP ID="P3_SP00755" HPOS="923" VPOS="3192" WIDTH="19"/>
						<String ID="P3_ST00921" HPOS="942" VPOS="3159" WIDTH="96" HEIGHT="30" CONTENT="enough" WC="0.93" CC="010111"/>
						<SP ID="P3_SP00756" HPOS="1038" VPOS="3192" WIDTH="23"/>
						<String ID="P3_ST00922" HPOS="1061" VPOS="3159" WIDTH="25" HEIGHT="23" CONTENT="to" WC="1.00" CC="00"/>
						<SP ID="P3_SP00757" HPOS="1086" VPOS="3192" WIDTH="18"/>
						<String ID="P3_ST00923" HPOS="1104" VPOS="3156" WIDTH="89" HEIGHT="24" CONTENT="attract" WC="0.94" CC="1110111"/>
					</TextLine>
					<TextLine ID="P3_TL00157" HPOS="672" VPOS="3200" WIDTH="520" HEIGHT="39">
						<String ID="P3_ST00924" HPOS="672" VPOS="3210" WIDTH="74" HEIGHT="26" CONTENT="street" WC="0.97" CC="100101"/>
						<SP ID="P3_SP00758" HPOS="746" VPOS="3236" WIDTH="11"/>
						<String ID="P3_ST00925" HPOS="757" VPOS="3206" WIDTH="120" HEIGHT="33" CONTENT="gossipers" WC="0.97" CC="101101010"/>
						<SP ID="P3_SP00759" HPOS="877" VPOS="3239" WIDTH="11"/>
						<String ID="P3_ST00926" HPOS="888" VPOS="3203" WIDTH="27" HEIGHT="24" CONTENT="m" WC="1.00" CC="0"/>
						<SP ID="P3_SP00760" HPOS="915" VPOS="3239" WIDTH="12"/>
						<String ID="P3_ST00927" HPOS="927" VPOS="3201" WIDTH="85" HEIGHT="26" CONTENT="search" WC="0.97" CC="110100"/>
						<SP ID="P3_SP00761" HPOS="1012" VPOS="3239" WIDTH="11"/>
						<String ID="P3_ST00928" HPOS="1023" VPOS="3200" WIDTH="27" HEIGHT="25" CONTENT="of" WC="0.96" CC="01"/>
						<SP ID="P3_SP00762" HPOS="1050" VPOS="3239" WIDTH="16"/>
						<String ID="P3_ST00929" HPOS="1066" VPOS="3208" WIDTH="33" HEIGHT="16" CONTENT="an" WC="0.96" CC="01"/>
						<SP ID="P3_SP00763" HPOS="1099" VPOS="3239" WIDTH="23"/>
						<String ID="P3_ST00930" HPOS="1122" VPOS="3206" WIDTH="70" HEIGHT="18" CONTENT="even" SUBS_TYPE="HypPart1" SUBS_CONTENT="evenings" WC="0.98" CC="01011"/>
						<HYP CONTENT="-"/>
					</TextLine>
					<TextLine ID="P3_TL00158" HPOS="671" VPOS="3241" WIDTH="523" HEIGHT="44">
						<String ID="P3_ST00931" HPOS="671" VPOS="3254" WIDTH="56" HEIGHT="31" CONTENT="ings" SUBS_TYPE="HypPart2" SUBS_CONTENT="evenings" WC="0.98" CC="0001"/>
						<SP ID="P3_SP00764" HPOS="727" VPOS="3285" WIDTH="22"/>
						<String ID="P3_ST00932" HPOS="749" VPOS="3248" WIDTH="161" HEIGHT="28" CONTENT="amusement," WC="0.96" CC="0111011111"/>
						<SP ID="P3_SP00765" HPOS="910" VPOS="3285" WIDTH="27"/>
						<String ID="P3_ST00933" HPOS="937" VPOS="3246" WIDTH="45" HEIGHT="24" CONTENT="but" WC="0.96" CC="101"/>
						<SP ID="P3_SP00766" HPOS="982" VPOS="3285" WIDTH="23"/>
						<String ID="P3_ST00934" HPOS="1005" VPOS="3252" WIDTH="27" HEIGHT="17" CONTENT="as" WC="0.81" CC="04"/>
						<SP ID="P3_SP00767" HPOS="1032" VPOS="3285" WIDTH="29"/>
						<String ID="P3_ST00935" HPOS="1061" VPOS="3251" WIDTH="36" HEIGHT="17" CONTENT="we" WC="1.00" CC="00"/>
						<SP ID="P3_SP00768" HPOS="1097" VPOS="3285" WIDTH="22"/>
						<String ID="P3_ST00936" HPOS="1119" VPOS="3241" WIDTH="75" HEIGHT="33" CONTENT="gazed" WC="0.95" CC="01201"/>
					</TextLine>
					<TextLine ID="P3_TL00159" HPOS="671" VPOS="3290" WIDTH="518" HEIGHT="32">
						<String ID="P3_ST00937" HPOS="671" VPOS="3295" WIDTH="104" HEIGHT="27" CONTENT="towards" WC="0.90" CC="1011131"/>
						<SP ID="P3_SP00769" HPOS="775" VPOS="3322" WIDTH="33"/>
						<String ID="P3_ST00938" HPOS="808" VPOS="3293" WIDTH="44" HEIGHT="24" CONTENT="the" WC="0.88" CC="221"/>
						<SP ID="P3_SP00770" HPOS="852" VPOS="3322" WIDTH="24"/>
						<String ID="P3_ST00939" HPOS="876" VPOS="3290" WIDTH="145" HEIGHT="29" CONTENT="doorkeeper" WC="0.91" CC="3001111102"/>
						<SP ID="P3_SP00771" HPOS="1021" VPOS="3322" WIDTH="27"/>
						<String ID="P3_ST00940" HPOS="1048" VPOS="3293" WIDTH="37" HEIGHT="17" CONTENT="we" WC="0.96" CC="11"/>
						<SP ID="P3_SP00772" HPOS="1085" VPOS="3322" WIDTH="42"/>
						<String ID="P3_ST00941" HPOS="1127" VPOS="3292" WIDTH="62" HEIGHT="17" CONTENT="were" WC="0.94" CC="1011"/>
					</TextLine>
					<TextLine ID="P3_TL00160" HPOS="671" VPOS="3326" WIDTH="520" HEIGHT="40">
						<String ID="P3_ST00942" HPOS="671" VPOS="3347" WIDTH="61" HEIGHT="19" CONTENT="soon" WC="0.96" CC="1001"/>
						<SP ID="P3_SP00773" HPOS="732" VPOS="3366" WIDTH="11"/>
						<String ID="P3_ST00943" HPOS="743" VPOS="3333" WIDTH="133" HEIGHT="30" CONTENT="convinced" WC="0.97" CC="001101010"/>
						<SP ID="P3_SP00774" HPOS="876" VPOS="3366" WIDTH="7"/>
						<String ID="P3_ST00944" HPOS="883" VPOS="3333" WIDTH="56" HEIGHT="25" CONTENT="that" WC="0.96" CC="1101"/>
						<SP ID="P3_SP00775" HPOS="939" VPOS="3366" WIDTH="11"/>
						<String ID="P3_ST00945" HPOS="950" VPOS="3330" WIDTH="39" HEIGHT="26" CONTENT="his" WC="0.97" CC="110"/>
						<SP ID="P3_SP00776" HPOS="989" VPOS="3366" WIDTH="13"/>
						<String ID="P3_ST00946" HPOS="1002" VPOS="3329" WIDTH="67" HEIGHT="26" CONTENT="office" WC="0.93" CC="022200"/>
						<SP ID="P3_SP00777" HPOS="1069" VPOS="3366" WIDTH="12"/>
						<String ID="P3_ST00947" HPOS="1081" VPOS="3327" WIDTH="50" HEIGHT="25" CONTENT="had" WC="0.97" CC="011"/>
						<SP ID="P3_SP00778" HPOS="1131" VPOS="3366" WIDTH="21"/>
						<String ID="P3_ST00948" HPOS="1152" VPOS="3326" WIDTH="39" HEIGHT="26" CONTENT="be" SUBS_TYPE="HypPart1" SUBS_CONTENT="become" WC="0.99" CC="001"/>
						<HYP CONTENT="-"/>
					</TextLine>
					<TextLine ID="P3_TL00161" HPOS="671" VPOS="3371" WIDTH="519" HEIGHT="37">
						<String ID="P3_ST00949" HPOS="671" VPOS="3391" WIDTH="67" HEIGHT="17" CONTENT="come" SUBS_TYPE="HypPart2" SUBS_CONTENT="become" WC="0.97" CC="0010"/>
						<SP ID="P3_SP00779" HPOS="738" VPOS="3408" WIDTH="22"/>
						<String ID="P3_ST00950" HPOS="760" VPOS="3389" WIDTH="15" HEIGHT="16" CONTENT="a" WC="0.96" CC="1"/>
						<SP ID="P3_SP00780" HPOS="775" VPOS="3408" WIDTH="22"/>
						<String ID="P3_ST00951" HPOS="797" VPOS="3379" WIDTH="117" HEIGHT="26" CONTENT="sinecure." WC="0.82" CC="921021101"/>
						<SP ID="P3_SP00781" HPOS="914" VPOS="3408" WIDTH="27"/>
						<String ID="P3_ST00952" HPOS="941" VPOS="3396" WIDTH="4" HEIGHT="5" CONTENT="." WC="0.67" CC="3"/>
						<SP ID="P3_SP00782" HPOS="945" VPOS="3408" WIDTH="14"/>
						<String ID="P3_ST00953" HPOS="959" VPOS="3373" WIDTH="170" HEIGHT="26" CONTENT="Nevertheless" WC="0.95" CC="111111100011"/>
						<SP ID="P3_SP00783" HPOS="1129" VPOS="3408" WIDTH="19"/>
						<String ID="P3_ST00954" HPOS="1148" VPOS="3371" WIDTH="42" HEIGHT="25" CONTENT="the" WC="0.96" CC="101"/>
					</TextLine>
					<TextLine ID="P3_TL00162" HPOS="670" VPOS="3414" WIDTH="523" HEIGHT="45">
						<String ID="P3_ST00955" HPOS="670" VPOS="3426" WIDTH="145" HEIGHT="33" CONTENT="performers" WC="0.95" CC="1011001111"/>
						<SP ID="P3_SP00784" HPOS="815" VPOS="3459" WIDTH="25"/>
						<String ID="P3_ST00956" HPOS="840" VPOS="3428" WIDTH="60" HEIGHT="17" CONTENT="were" WC="0.97" CC="1110"/>
						<SP ID="P3_SP00785" HPOS="900" VPOS="3459" WIDTH="22"/>
						<String ID="P3_ST00957" HPOS="922" VPOS="3420" WIDTH="45" HEIGHT="23" CONTENT="not" WC="0.96" CC="101"/>
						<SP ID="P3_SP00786" HPOS="967" VPOS="3459" WIDTH="33"/>
						<String ID="P3_ST00958" HPOS="1000" VPOS="3416" WIDTH="125" HEIGHT="32" CONTENT="dispirited" WC="0.90" CC="1141001301"/>
						<SP ID="P3_SP00787" HPOS="1125" VPOS="3459" WIDTH="19"/>
						<String ID="P3_ST00959" HPOS="1144" VPOS="3414" WIDTH="49" HEIGHT="25" CONTENT="and" WC="0.99" CC="100"/>
					</TextLine>
					<TextLine ID="P3_TL00163" HPOS="672" VPOS="3459" WIDTH="523" HEIGHT="36">
						<String ID="P3_ST00960" HPOS="672" VPOS="3466" WIDTH="131" HEIGHT="29" CONTENT="continued" WC="0.99" CC="000101001"/>
						<SP ID="P3_SP00788" HPOS="803" VPOS="3495" WIDTH="12"/>
						<String ID="P3_ST00961" HPOS="815" VPOS="3467" WIDTH="25" HEIGHT="23" CONTENT="to" WC="0.98" CC="10"/>
						<SP ID="P3_SP00789" HPOS="840" VPOS="3495" WIDTH="12"/>
						<String ID="P3_ST00962" HPOS="852" VPOS="3463" WIDTH="104" HEIGHT="26" CONTENT="exercise" WC="0.93" CC="02011112"/>
						<SP ID="P3_SP00790" HPOS="956" VPOS="3495" WIDTH="13"/>
						<String ID="P3_ST00963" HPOS="969" VPOS="3460" WIDTH="64" HEIGHT="26" CONTENT="their" WC="0.95" CC="11111"/>
						<SP ID="P3_SP00791" HPOS="1033" VPOS="3495" WIDTH="23"/>
						<String ID="P3_ST00964" HPOS="1056" VPOS="3459" WIDTH="90" HEIGHT="25" CONTENT="talents" WC="0.84" CC="1020702"/>
						<SP ID="P3_SP00792" HPOS="1146" VPOS="3495" WIDTH="23"/>
						<String ID="P3_ST00965" HPOS="1169" VPOS="3459" WIDTH="26" HEIGHT="24" CONTENT="to" WC="1.00" CC="00"/>
					</TextLine>
					<TextLine ID="P3_TL00164" HPOS="671" VPOS="3502" WIDTH="522" HEIGHT="36">
						<String ID="P3_ST00966" HPOS="671" VPOS="3512" WIDTH="42" HEIGHT="26" CONTENT="the" WC="0.89" CC="121"/>
						<SP ID="P3_SP00793" HPOS="713" VPOS="3538" WIDTH="23"/>
						<String ID="P3_ST00967" HPOS="736" VPOS="3507" WIDTH="147" HEIGHT="28" CONTENT="admiration" WC="0.93" CC="1120111101"/>
						<SP ID="P3_SP00794" HPOS="883" VPOS="3538" WIDTH="23"/>
						<String ID="P3_ST00968" HPOS="906" VPOS="3505" WIDTH="26" HEIGHT="25" CONTENT="of" WC="0.96" CC="01"/>
						<SP ID="P3_SP00795" HPOS="932" VPOS="3538" WIDTH="20"/>
						<String ID="P3_ST00969" HPOS="952" VPOS="3504" WIDTH="70" HEIGHT="25" CONTENT="those" WC="0.95" CC="11011"/>
						<SP ID="P3_SP00796" HPOS="1022" VPOS="3538" WIDTH="22"/>
						<String ID="P3_ST00970" HPOS="1044" VPOS="3502" WIDTH="98" HEIGHT="31" CONTENT="present" WC="0.94" CC="2111110"/>
						<SP ID="P3_SP00797" HPOS="1142" VPOS="3538" WIDTH="25"/>
						<String ID="P3_ST00971" HPOS="1167" VPOS="3508" WIDTH="26" HEIGHT="17" CONTENT="as" WC="0.91" CC="11"/>
					</TextLine>
					<TextLine ID="P3_TL00165" HPOS="671" VPOS="3543" WIDTH="524" HEIGHT="42">
						<String ID="P3_ST00972" HPOS="671" VPOS="3554" WIDTH="113" HEIGHT="31" CONTENT="honestly" WC="0.95" CC="10101101"/>
						<SP ID="P3_SP00798" HPOS="784" VPOS="3585" WIDTH="12"/>
						<String ID="P3_ST00973" HPOS="796" VPOS="3560" WIDTH="27" HEIGHT="17" CONTENT="as" WC="0.96" CC="01"/>
						<SP ID="P3_SP00799" HPOS="823" VPOS="3585" WIDTH="9"/>
						<String ID="P3_ST00974" HPOS="832" VPOS="3550" WIDTH="21" HEIGHT="25" CONTENT="if" WC="0.94" CC="01"/>
						<SP ID="P3_SP00800" HPOS="853" VPOS="3585" WIDTH="17"/>
						<String ID="P3_ST00975" HPOS="870" VPOS="3549" WIDTH="58" HEIGHT="31" CONTENT="they" WC="0.95" CC="1101"/>
						<SP ID="P3_SP00801" HPOS="928" VPOS="3585" WIDTH="11"/>
						<String ID="P3_ST00976" HPOS="939" VPOS="3547" WIDTH="50" HEIGHT="25" CONTENT="had" WC="0.97" CC="001"/>
						<SP ID="P3_SP00802" HPOS="989" VPOS="3585" WIDTH="7"/>
						<String ID="P3_ST00977" HPOS="996" VPOS="3545" WIDTH="62" HEIGHT="26" CONTENT="been" WC="0.98" CC="1000"/>
						<SP ID="P3_SP00803" HPOS="1058" VPOS="3585" WIDTH="22"/>
						<String ID="P3_ST00978" HPOS="1080" VPOS="3543" WIDTH="115" HEIGHT="27" CONTENT="favoured" WC="0.97" CC="11100101"/>
					</TextLine>
					<TextLine ID="P3_TL00166" HPOS="671" VPOS="3588" WIDTH="524" HEIGHT="39">
						<String ID="P3_ST00979" HPOS="671" VPOS="3599" WIDTH="59" HEIGHT="25" CONTENT="with" WC="0.87" CC="4011"/>
						<SP ID="P3_SP00804" HPOS="730" VPOS="3624" WIDTH="12"/>
						<String ID="P3_ST00980" HPOS="742" VPOS="3606" WIDTH="14" HEIGHT="16" CONTENT="a" WC="0.93" CC="1"/>
						<SP ID="P3_SP00805" HPOS="756" VPOS="3624" WIDTH="12"/>
						<String ID="P3_ST00981" HPOS="768" VPOS="3594" WIDTH="60" HEIGHT="33" CONTENT="good" WC="0.94" CC="1001"/>
						<SP ID="P3_SP00806" HPOS="828" VPOS="3627" WIDTH="9"/>
						<String ID="P3_ST00982" HPOS="837" VPOS="3594" WIDTH="84" HEIGHT="24" CONTENT="house." WC="0.97" CC="100100"/>
						<SP ID="P3_SP00807" HPOS="921" VPOS="3627" WIDTH="35"/>
						<String ID="P3_ST00983" HPOS="956" VPOS="3591" WIDTH="34" HEIGHT="24" CONTENT="As" WC="0.96" CC="01"/>
						<SP ID="P3_SP00808" HPOS="990" VPOS="3627" WIDTH="12"/>
						<String ID="P3_ST00984" HPOS="1002" VPOS="3589" WIDTH="50" HEIGHT="25" CONTENT="will" WC="0.96" CC="1010"/>
						<SP ID="P3_SP00809" HPOS="1052" VPOS="3627" WIDTH="8"/>
						<String ID="P3_ST00985" HPOS="1060" VPOS="3590" WIDTH="28" HEIGHT="23" CONTENT="be" WC="0.96" CC="10"/>
						<SP ID="P3_SP00810" HPOS="1088" VPOS="3627" WIDTH="12"/>
						<String ID="P3_ST00986" HPOS="1100" VPOS="3596" WIDTH="56" HEIGHT="17" CONTENT="seen" WC="0.95" CC="1011"/>
						<SP ID="P3_SP00811" HPOS="1156" VPOS="3627" WIDTH="9"/>
						<String ID="P3_ST00987" HPOS="1165" VPOS="3588" WIDTH="30" HEIGHT="30" CONTENT="by" WC="0.94" CC="01"/>
					</TextLine>
					<TextLine ID="P3_TL00167" HPOS="671" VPOS="3631" WIDTH="521" HEIGHT="35">
						<String ID="P3_ST00988" HPOS="671" VPOS="3643" WIDTH="42" HEIGHT="23" CONTENT="the" WC="0.91" CC="121"/>
						<SP ID="P3_SP00812" HPOS="713" VPOS="3666" WIDTH="7"/>
						<String ID="P3_ST00989" HPOS="720" VPOS="3637" WIDTH="110" HEIGHT="27" CONTENT="annexed" WC="0.87" CC="1201303"/>
						<SP ID="P3_SP00813" HPOS="830" VPOS="3666" WIDTH="6"/>
						<String ID="P3_ST00990" HPOS="836" VPOS="3641" WIDTH="154" HEIGHT="25" CONTENT="programme" WC="0.90" CC="210221210"/>
						<SP ID="P3_SP00814" HPOS="990" VPOS="3666" WIDTH="7"/>
						<String ID="P3_ST00991" HPOS="997" VPOS="3632" WIDTH="42" HEIGHT="23" CONTENT="the" WC="0.85" CC="130"/>
						<SP ID="P3_SP00815" HPOS="1039" VPOS="3666" WIDTH="10"/>
						<String ID="P3_ST00992" HPOS="1049" VPOS="3631" WIDTH="134" HEIGHT="31" CONTENT="'personale" WC="0.90" CC="4201201100"/>
						<String ID="P3_ST00993" HPOS="1186" VPOS="3632" WIDTH="6" HEIGHT="9" CONTENT="'" WC="0.85" CC="2"/>
					</TextLine>
					<TextLine ID="P3_TL00168" HPOS="672" VPOS="3672" WIDTH="521" HEIGHT="37">
						<String ID="P3_ST00994" HPOS="672" VPOS="3681" WIDTH="25" HEIGHT="25" CONTENT="of" WC="0.96" CC="01"/>
						<SP ID="P3_SP00816" HPOS="697" VPOS="3706" WIDTH="20"/>
						<String ID="P3_ST00995" HPOS="717" VPOS="3679" WIDTH="43" HEIGHT="25" CONTENT="the" WC="0.91" CC="111"/>
						<SP ID="P3_SP00817" HPOS="760" VPOS="3706" WIDTH="21"/>
						<String ID="P3_ST00996" HPOS="781" VPOS="3676" WIDTH="146" HEIGHT="33" CONTENT="performers" WC="0.91" CC="1011012022"/>
						<SP ID="P3_SP00818" HPOS="927" VPOS="3709" WIDTH="17"/>
						<String ID="P3_ST00997" HPOS="944" VPOS="3674" WIDTH="26" HEIGHT="23" CONTENT="to" WC="0.94" CC="10"/>
						<SP ID="P3_SP00819" HPOS="970" VPOS="3709" WIDTH="23"/>
						<String ID="P3_ST00998" HPOS="993" VPOS="3672" WIDTH="79" HEIGHT="24" CONTENT="whom" WC="0.93" CC="2101"/>
						<SP ID="P3_SP00820" HPOS="1072" VPOS="3709" WIDTH="22"/>
						<String ID="P3_ST00999" HPOS="1094" VPOS="3678" WIDTH="36" HEIGHT="17" CONTENT="we" WC="0.61" CC="61"/>
						<SP ID="P3_SP00821" HPOS="1130" VPOS="3709" WIDTH="23"/>
						<String ID="P3_ST01000" HPOS="1153" VPOS="3676" WIDTH="40" HEIGHT="18" CONTENT="are" WC="0.81" CC="132"/>
					</TextLine>
					<TextLine ID="P3_TL00169" HPOS="670" VPOS="3716" WIDTH="521" HEIGHT="34">
						<String ID="P3_ST01001" HPOS="670" VPOS="3721" WIDTH="114" HEIGHT="29" CONTENT="indebted" WC="0.96" CC="01111111"/>
						<SP ID="P3_SP00822" HPOS="784" VPOS="3750" WIDTH="11"/>
						<String ID="P3_ST01002" HPOS="795" VPOS="3721" WIDTH="36" HEIGHT="23" CONTENT="for" WC="0.96" CC="001"/>
						<SP ID="P3_SP00823" HPOS="831" VPOS="3750" WIDTH="21"/>
						<String ID="P3_ST01003" HPOS="852" VPOS="3718" WIDTH="51" HEIGHT="24" CONTENT="this" WC="0.97" CC="0111"/>
						<SP ID="P3_SP00824" HPOS="903" VPOS="3750" WIDTH="17"/>
						<String ID="P3_ST01004" HPOS="920" VPOS="3716" WIDTH="101" HEIGHT="25" CONTENT="reserche" WC="0.95" CC="01101121" STYLEREFS="TXT_4"/>
						<SP ID="P3_SP00825" HPOS="1021" VPOS="3750" WIDTH="11"/>
						<String ID="P3_ST01005" HPOS="1032" VPOS="3716" WIDTH="96" HEIGHT="24" CONTENT="concert" WC="0.98" CC="1010011"/>
						<SP ID="P3_SP00826" HPOS="1128" VPOS="3750" WIDTH="22"/>
						<String ID="P3_ST01006" HPOS="1150" VPOS="3721" WIDTH="41" HEIGHT="17" CONTENT="are" WC="0.96" CC="011"/>
					</TextLine>
					<TextLine ID="P3_TL00170" HPOS="671" VPOS="3759" WIDTH="519" HEIGHT="33">
						<String ID="P3_ST01007" HPOS="671" VPOS="3768" WIDTH="75" HEIGHT="24" CONTENT="about" WC="0.95" CC="10021"/>
						<SP ID="P3_SP00827" HPOS="746" VPOS="3792" WIDTH="10"/>
						<String ID="P3_ST01008" HPOS="756" VPOS="3765" WIDTH="43" HEIGHT="24" CONTENT="the" WC="0.97" CC="010"/>
						<SP ID="P3_SP00828" HPOS="799" VPOS="3792" WIDTH="11"/>
						<String ID="P3_ST01009" HPOS="810" VPOS="3770" WIDTH="68" HEIGHT="18" CONTENT="same" WC="0.97" CC="1001"/>
						<SP ID="P3_SP00829" HPOS="878" VPOS="3792" WIDTH="12"/>
						<String ID="P3_ST01010" HPOS="890" VPOS="3768" WIDTH="26" HEIGHT="16" CONTENT="as" WC="1.00" CC="00"/>
						<SP ID="P3_SP00830" HPOS="916" VPOS="3792" WIDTH="12"/>
						<String ID="P3_ST01011" HPOS="928" VPOS="3767" WIDTH="32" HEIGHT="17" CONTENT="on" WC="0.98" CC="01"/>
						<SP ID="P3_SP00831" HPOS="960" VPOS="3792" WIDTH="11"/>
						<String ID="P3_ST01012" HPOS="971" VPOS="3759" WIDTH="112" HEIGHT="31" CONTENT="previous" WC="1.00" CC="00000000"/>
						<SP ID="P3_SP00832" HPOS="1083" VPOS="3792" WIDTH="28"/>
						<String ID="P3_ST01013" HPOS="1111" VPOS="3763" WIDTH="79" HEIGHT="18" CONTENT="occas" SUBS_TYPE="HypPart1" SUBS_CONTENT="occasions" WC="0.96" CC="000111"/>
						<HYP CONTENT="-"/>
					</TextLine>
					<TextLine ID="P3_TL00171" HPOS="671" VPOS="3798" WIDTH="520" HEIGHT="38">
						<String ID="P3_ST01014" HPOS="671" VPOS="3812" WIDTH="54" HEIGHT="24" CONTENT="ions" SUBS_TYPE="HypPart2" SUBS_CONTENT="occasions" WC="0.93" CC="0022"/>
						<SP ID="P3_SP00833" HPOS="725" VPOS="3836" WIDTH="12"/>
						<String ID="P3_ST01015" HPOS="737" VPOS="3808" WIDTH="51" HEIGHT="26" CONTENT="and" WC="0.62" CC="119"/>
						<SP ID="P3_SP00834" HPOS="788" VPOS="3836" WIDTH="9"/>
						<String ID="P3_ST01016" HPOS="797" VPOS="3805" WIDTH="59" HEIGHT="26" CONTENT="each" WC="0.96" CC="1011"/>
						<SP ID="P3_SP00835" HPOS="856" VPOS="3836" WIDTH="12"/>
						<String ID="P3_ST01017" HPOS="868" VPOS="3811" WIDTH="46" HEIGHT="18" CONTENT="one" WC="0.96" CC="110"/>
						<SP ID="P3_SP00836" HPOS="914" VPOS="3836" WIDTH="15"/>
						<String ID="P3_ST01018" HPOS="929" VPOS="3802" WIDTH="27" HEIGHT="26" CONTENT="of" WC="1.00" CC="00"/>
						<SP ID="P3_SP00837" HPOS="956" VPOS="3836" WIDTH="9"/>
						<String ID="P3_ST01019" HPOS="965" VPOS="3802" WIDTH="68" HEIGHT="25" CONTENT="them" WC="0.92" CC="0112"/>
						<SP ID="P3_SP00838" HPOS="1033" VPOS="3836" WIDTH="11"/>
						<String ID="P3_ST01020" HPOS="1044" VPOS="3801" WIDTH="91" HEIGHT="29" CONTENT="having" WC="0.95" CC="101101"/>
						<SP ID="P3_SP00839" HPOS="1135" VPOS="3836" WIDTH="22"/>
						<String ID="P3_ST01021" HPOS="1157" VPOS="3798" WIDTH="34" HEIGHT="26" CONTENT="al" SUBS_TYPE="HypPart1" SUBS_CONTENT="already" WC="0.94" CC="201"/>
						<HYP CONTENT="-"/>
					</TextLine>
				</TextBlock>
				<TextBlock ID="P3_TB00009" HPOS="1259" VPOS="168" WIDTH="545" HEIGHT="3650" STYLEREFS="TXT_2 PAR_BLOCK">
					<TextLine ID="P3_TL00172" HPOS="1269" VPOS="172" WIDTH="523" HEIGHT="36">
						<String ID="P3_ST01022" HPOS="1269" VPOS="177" WIDTH="73" HEIGHT="31" CONTENT="ready" SUBS_TYPE="HypPart2" SUBS_CONTENT="already" WC="0.86" CC="11141"/>
						<SP ID="P3_SP00840" HPOS="1342" VPOS="208" WIDTH="17"/>
						<String ID="P3_ST01023" HPOS="1359" VPOS="176" WIDTH="87" HEIGHT="31" CONTENT="gained" WC="0.94" CC="110012"/>
						<SP ID="P3_SP00841" HPOS="1446" VPOS="208" WIDTH="12"/>
						<String ID="P3_ST01024" HPOS="1458" VPOS="176" WIDTH="42" HEIGHT="24" CONTENT="the" WC="0.95" CC="110"/>
						<SP ID="P3_SP00842" HPOS="1500" VPOS="208" WIDTH="12"/>
						<String ID="P3_ST01025" HPOS="1512" VPOS="176" WIDTH="90" HEIGHT="24" CONTENT="esteem" WC="0.91" CC="112102"/>
						<SP ID="P3_SP00843" HPOS="1602" VPOS="208" WIDTH="12"/>
						<String ID="P3_ST01026" HPOS="1614" VPOS="173" WIDTH="26" HEIGHT="25" CONTENT="of" WC="0.96" CC="01"/>
						<SP ID="P3_SP00844" HPOS="1640" VPOS="208" WIDTH="22"/>
						<String ID="P3_ST01027" HPOS="1662" VPOS="172" WIDTH="33" HEIGHT="24" CONTENT="all" WC="0.88" CC="220"/>
						<SP ID="P3_SP00845" HPOS="1695" VPOS="208" WIDTH="19"/>
						<String ID="P3_ST01028" HPOS="1714" VPOS="172" WIDTH="78" HEIGHT="24" CONTENT="lovers" WC="0.86" CC="006011"/>
					</TextLine>
					<TextLine ID="P3_TL00173" HPOS="1269" VPOS="215" WIDTH="523" HEIGHT="36">
						<String ID="P3_ST01029" HPOS="1269" VPOS="221" WIDTH="27" HEIGHT="22" CONTENT="of" WC="1.00" CC="00"/>
						<SP ID="P3_SP00846" HPOS="1296" VPOS="243" WIDTH="8"/>
						<String ID="P3_ST01030" HPOS="1304" VPOS="220" WIDTH="62" HEIGHT="31" CONTENT="good" WC="0.94" CC="2001"/>
						<SP ID="P3_SP00847" HPOS="1366" VPOS="251" WIDTH="16"/>
						<String ID="P3_ST01031" HPOS="1382" VPOS="219" WIDTH="78" HEIGHT="23" CONTENT="music" WC="0.91" CC="31100"/>
						<SP ID="P3_SP00848" HPOS="1460" VPOS="251" WIDTH="23"/>
						<String ID="P3_ST01032" HPOS="1483" VPOS="219" WIDTH="112" HEIGHT="30" CONTENT="amongst" WC="0.93" CC="1201111"/>
						<SP ID="P3_SP00849" HPOS="1595" VPOS="251" WIDTH="25"/>
						<String ID="P3_ST01033" HPOS="1620" VPOS="223" WIDTH="35" HEIGHT="22" CONTENT="us," WC="0.91" CC="111"/>
						<SP ID="P3_SP00850" HPOS="1655" VPOS="251" WIDTH="24"/>
						<String ID="P3_ST01034" HPOS="1679" VPOS="215" WIDTH="113" HEIGHT="31" CONTENT="personal" WC="0.96" CC="11110100"/>
					</TextLine>
					<TextLine ID="P3_TL00174" HPOS="1268" VPOS="265" WIDTH="522" HEIGHT="33">
						<String ID="P3_ST01035" HPOS="1268" VPOS="269" WIDTH="116" HEIGHT="25" CONTENT="criticism" WC="0.98" CC="010000011"/>
						<SP ID="P3_SP00851" HPOS="1384" VPOS="294" WIDTH="11"/>
						<String ID="P3_ST01036" HPOS="1395" VPOS="269" WIDTH="21" HEIGHT="24" CONTENT="is" WC="0.94" CC="01"/>
						<SP ID="P3_SP00852" HPOS="1416" VPOS="294" WIDTH="23"/>
						<String ID="P3_ST01037" HPOS="1439" VPOS="274" WIDTH="170" HEIGHT="24" CONTENT="unnecessary," WC="0.90" CC="112111111112"/>
						<SP ID="P3_SP00853" HPOS="1609" VPOS="298" WIDTH="25"/>
						<String ID="P3_ST01038" HPOS="1634" VPOS="265" WIDTH="120" HEIGHT="25" CONTENT="sufficient" WC="0.95" CC="1111100011"/>
						<SP ID="P3_SP00854" HPOS="1754" VPOS="298" WIDTH="11"/>
						<String ID="P3_ST01039" HPOS="1765" VPOS="266" WIDTH="25" HEIGHT="23" CONTENT="to" WC="1.00" CC="00"/>
					</TextLine>
					<TextLine ID="P3_TL00175" HPOS="1268" VPOS="308" WIDTH="519" HEIGHT="36">
						<String ID="P3_ST01040" HPOS="1268" VPOS="320" WIDTH="42" HEIGHT="24" CONTENT="say" WC="0.95" CC="101"/>
						<SP ID="P3_SP00855" HPOS="1310" VPOS="344" WIDTH="10"/>
						<String ID="P3_ST01041" HPOS="1320" VPOS="313" WIDTH="21" HEIGHT="24" CONTENT="it" WC="0.94" CC="01"/>
						<SP ID="P3_SP00856" HPOS="1341" VPOS="344" WIDTH="8"/>
						<String ID="P3_ST01042" HPOS="1349" VPOS="312" WIDTH="80" HEIGHT="25" CONTENT="would" WC="0.90" CC="40101"/>
						<SP ID="P3_SP00857" HPOS="1429" VPOS="344" WIDTH="23"/>
						<String ID="P3_ST01043" HPOS="1452" VPOS="313" WIDTH="28" HEIGHT="23" CONTENT="be" WC="0.98" CC="10"/>
						<SP ID="P3_SP00858" HPOS="1480" VPOS="344" WIDTH="11"/>
						<String ID="P3_ST01044" HPOS="1491" VPOS="320" WIDTH="14" HEIGHT="16" CONTENT="a" WC="0.96" CC="1"/>
						<SP ID="P3_SP00859" HPOS="1505" VPOS="344" WIDTH="21"/>
						<String ID="P3_ST01045" HPOS="1526" VPOS="311" WIDTH="113" HEIGHT="31" CONTENT="pleasant" WC="0.95" CC="00011111"/>
						<SP ID="P3_SP00860" HPOS="1639" VPOS="344" WIDTH="22"/>
						<String ID="P3_ST01046" HPOS="1661" VPOS="309" WIDTH="63" HEIGHT="27" CONTENT="task," WC="0.93" CC="01111"/>
						<SP ID="P3_SP00861" HPOS="1724" VPOS="344" WIDTH="23"/>
						<String ID="P3_ST01047" HPOS="1747" VPOS="308" WIDTH="40" HEIGHT="24" CONTENT="be" SUBS_TYPE="HypPart1" SUBS_CONTENT="because" WC="0.95" CC="110"/>
						<HYP CONTENT="-"/>
					</TextLine>
					<TextLine ID="P3_TL00176" HPOS="1267" VPOS="351" WIDTH="520" HEIGHT="35">
						<String ID="P3_ST01048" HPOS="1267" VPOS="363" WIDTH="72" HEIGHT="17" CONTENT="cause" SUBS_TYPE="HypPart2" SUBS_CONTENT="because" WC="0.93" CC="01111"/>
						<SP ID="P3_SP00862" HPOS="1339" VPOS="380" WIDTH="27"/>
						<String ID="P3_ST01049" HPOS="1366" VPOS="355" WIDTH="105" HEIGHT="31" CONTENT="nothing" WC="0.92" CC="1012111"/>
						<SP ID="P3_SP00863" HPOS="1471" VPOS="386" WIDTH="21"/>
						<String ID="P3_ST01050" HPOS="1492" VPOS="355" WIDTH="44" HEIGHT="23" CONTENT="but" WC="0.95" CC="011"/>
						<SP ID="P3_SP00864" HPOS="1536" VPOS="386" WIDTH="33"/>
						<String ID="P3_ST01051" HPOS="1569" VPOS="353" WIDTH="112" HEIGHT="31" CONTENT="pleasant" WC="0.97" CC="11001001"/>
						<SP ID="P3_SP00865" HPOS="1681" VPOS="386" WIDTH="22"/>
						<String ID="P3_ST01052" HPOS="1703" VPOS="351" WIDTH="84" HEIGHT="31" CONTENT="things" WC="0.97" CC="100101"/>
					</TextLine>
					<TextLine ID="P3_TL00177" HPOS="1268" VPOS="394" WIDTH="521" HEIGHT="29">
						<String ID="P3_ST01053" HPOS="1268" VPOS="399" WIDTH="71" HEIGHT="24" CONTENT="could" WC="0.97" CC="00101"/>
						<SP ID="P3_SP00866" HPOS="1339" VPOS="423" WIDTH="11"/>
						<String ID="P3_ST01054" HPOS="1350" VPOS="399" WIDTH="29" HEIGHT="23" CONTENT="be" WC="0.94" CC="11"/>
						<SP ID="P3_SP00867" HPOS="1379" VPOS="423" WIDTH="18"/>
						<String ID="P3_ST01055" HPOS="1397" VPOS="398" WIDTH="52" HEIGHT="24" CONTENT="said" WC="0.94" CC="1111"/>
						<SP ID="P3_SP00868" HPOS="1449" VPOS="423" WIDTH="21"/>
						<String ID="P3_ST01056" HPOS="1470" VPOS="398" WIDTH="27" HEIGHT="23" CONTENT="of" WC="0.96" CC="01"/>
						<SP ID="P3_SP00869" HPOS="1497" VPOS="423" WIDTH="20"/>
						<String ID="P3_ST01057" HPOS="1517" VPOS="397" WIDTH="59" HEIGHT="24" CONTENT="each" WC="0.96" CC="0111"/>
						<SP ID="P3_SP00870" HPOS="1576" VPOS="423" WIDTH="23"/>
						<String ID="P3_ST01058" HPOS="1599" VPOS="395" WIDTH="49" HEIGHT="24" CONTENT="and" WC="0.97" CC="101"/>
						<SP ID="P3_SP00871" HPOS="1648" VPOS="423" WIDTH="21"/>
						<String ID="P3_ST01059" HPOS="1669" VPOS="395" WIDTH="41" HEIGHT="23" CONTENT="all." WC="1.00" CC="0000"/>
						<SP ID="P3_SP00872" HPOS="1710" VPOS="423" WIDTH="34"/>
						<String ID="P3_ST01060" HPOS="1744" VPOS="394" WIDTH="45" HEIGHT="23" CONTENT="We" WC="0.87" CC="21"/>
					</TextLine>
					<TextLine ID="P3_TL00178" HPOS="1269" VPOS="436" WIDTH="521" HEIGHT="30">
						<String ID="P3_ST01061" HPOS="1269" VPOS="443" WIDTH="90" HEIGHT="23" CONTENT="cannot" WC="0.97" CC="011001"/>
						<SP ID="P3_SP00873" HPOS="1359" VPOS="466" WIDTH="11"/>
						<String ID="P3_ST01062" HPOS="1370" VPOS="442" WIDTH="112" HEIGHT="24" CONTENT="however" WC="0.92" CC="2031110"/>
						<SP ID="P3_SP00874" HPOS="1482" VPOS="466" WIDTH="11"/>
						<String ID="P3_ST01063" HPOS="1493" VPOS="440" WIDTH="61" HEIGHT="24" CONTENT="omit" WC="0.97" CC="0100"/>
						<SP ID="P3_SP00875" HPOS="1554" VPOS="466" WIDTH="22"/>
						<String ID="P3_ST01064" HPOS="1576" VPOS="441" WIDTH="26" HEIGHT="22" CONTENT="to" WC="1.00" CC="00"/>
						<SP ID="P3_SP00876" HPOS="1602" VPOS="466" WIDTH="11"/>
						<String ID="P3_ST01065" HPOS="1613" VPOS="438" WIDTH="112" HEIGHT="25" CONTENT="mention" WC="0.97" CC="2101000"/>
						<SP ID="P3_SP00877" HPOS="1725" VPOS="466" WIDTH="22"/>
						<String ID="P3_ST01066" HPOS="1747" VPOS="436" WIDTH="43" HEIGHT="24" CONTENT="the" WC="0.95" CC="110"/>
					</TextLine>
					<TextLine ID="P3_TL00179" HPOS="1269" VPOS="478" WIDTH="521" HEIGHT="37">
						<String ID="P3_ST01067" HPOS="1269" VPOS="484" WIDTH="91" HEIGHT="24" CONTENT="careful" WC="1.00" CC="0000000"/>
						<SP ID="P3_SP00878" HPOS="1360" VPOS="508" WIDTH="11"/>
						<String ID="P3_ST01068" HPOS="1371" VPOS="483" WIDTH="108" HEIGHT="32" CONTENT="training" WC="0.96" CC="10001011"/>
						<SP ID="P3_SP00879" HPOS="1479" VPOS="515" WIDTH="11"/>
						<String ID="P3_ST01069" HPOS="1490" VPOS="485" WIDTH="25" HEIGHT="23" CONTENT="to" WC="0.98" CC="10"/>
						<SP ID="P3_SP00880" HPOS="1515" VPOS="515" WIDTH="11"/>
						<String ID="P3_ST01070" HPOS="1526" VPOS="481" WIDTH="81" HEIGHT="26" CONTENT="which" WC="0.92" CC="21012"/>
						<SP ID="P3_SP00881" HPOS="1607" VPOS="515" WIDTH="21"/>
						<String ID="P3_ST01071" HPOS="1628" VPOS="480" WIDTH="43" HEIGHT="26" CONTENT="the" WC="0.97" CC="100"/>
						<SP ID="P3_SP00882" HPOS="1671" VPOS="515" WIDTH="20"/>
						<String ID="P3_ST01072" HPOS="1691" VPOS="478" WIDTH="99" HEIGHT="25" CONTENT="Church" WC="0.92" CC="101003"/>
					</TextLine>
					<TextLine ID="P3_TL00180" HPOS="1268" VPOS="522" WIDTH="522" HEIGHT="35">
						<String ID="P3_ST01073" HPOS="1268" VPOS="526" WIDTH="68" HEIGHT="25" CONTENT="choir" WC="0.95" CC="11001"/>
						<SP ID="P3_SP00883" HPOS="1336" VPOS="551" WIDTH="11"/>
						<String ID="P3_ST01074" HPOS="1347" VPOS="527" WIDTH="45" HEIGHT="24" CONTENT="has" WC="0.95" CC="101"/>
						<SP ID="P3_SP00884" HPOS="1392" VPOS="551" WIDTH="13"/>
						<String ID="P3_ST01075" HPOS="1405" VPOS="525" WIDTH="121" HEIGHT="32" CONTENT="evidently" WC="0.95" CC="120100101"/>
						<SP ID="P3_SP00885" HPOS="1526" VPOS="557" WIDTH="11"/>
						<String ID="P3_ST01076" HPOS="1537" VPOS="525" WIDTH="62" HEIGHT="25" CONTENT="been" WC="0.99" CC="0001"/>
						<SP ID="P3_SP00886" HPOS="1599" VPOS="557" WIDTH="22"/>
						<String ID="P3_ST01077" HPOS="1621" VPOS="522" WIDTH="124" HEIGHT="32" CONTENT="subjected" WC="0.95" CC="110101101"/>
						<SP ID="P3_SP00887" HPOS="1745" VPOS="557" WIDTH="19"/>
						<String ID="P3_ST01078" HPOS="1764" VPOS="523" WIDTH="26" HEIGHT="23" CONTENT="to" WC="0.96" CC="10"/>
					</TextLine>
					<TextLine ID="P3_TL00181" HPOS="1268" VPOS="576" WIDTH="521" HEIGHT="34">
						<String ID="P3_ST01079" HPOS="1268" VPOS="580" WIDTH="30" HEIGHT="30" CONTENT="by" WC="0.93" CC="11"/>
						<SP ID="P3_SP00888" HPOS="1298" VPOS="610" WIDTH="12"/>
						<String ID="P3_ST01080" HPOS="1310" VPOS="579" WIDTH="38" HEIGHT="24" CONTENT="Mr" WC="0.89" CC="11"/>
						<SP ID="P3_SP00889" HPOS="1348" VPOS="610" WIDTH="9"/>
						<String ID="P3_ST01081" HPOS="1357" VPOS="579" WIDTH="124" HEIGHT="31" CONTENT="Harbidge" WC="0.95" CC="11100110"/>
						<SP ID="P3_SP00890" HPOS="1481" VPOS="610" WIDTH="10"/>
						<String ID="P3_ST01082" HPOS="1491" VPOS="579" WIDTH="50" HEIGHT="23" CONTENT="and" WC="0.94" CC="111"/>
						<SP ID="P3_SP00891" HPOS="1541" VPOS="610" WIDTH="7"/>
						<String ID="P3_ST01083" HPOS="1548" VPOS="579" WIDTH="40" HEIGHT="23" CONTENT="his" WC="0.93" CC="201"/>
						<SP ID="P3_SP00892" HPOS="1588" VPOS="610" WIDTH="9"/>
						<String ID="P3_ST01084" HPOS="1597" VPOS="577" WIDTH="54" HEIGHT="24" CONTENT="able" WC="0.98" CC="1100"/>
						<SP ID="P3_SP00893" HPOS="1651" VPOS="610" WIDTH="9"/>
						<String ID="P3_ST01085" HPOS="1660" VPOS="576" WIDTH="129" HEIGHT="24" CONTENT="assistants" WC="0.93" CC="0110121211"/>
					</TextLine>
					<TextLine ID="P3_TL00182" HPOS="1269" VPOS="619" WIDTH="521" HEIGHT="34">
						<String ID="P3_ST01086" HPOS="1269" VPOS="621" WIDTH="48" HEIGHT="24" CONTENT="and" WC="0.96" CC="111"/>
						<SP ID="P3_SP00894" HPOS="1317" VPOS="645" WIDTH="23"/>
						<String ID="P3_ST01087" HPOS="1340" VPOS="630" WIDTH="34" HEIGHT="17" CONTENT="we" WC="0.96" CC="10"/>
						<SP ID="P3_SP00895" HPOS="1374" VPOS="647" WIDTH="21"/>
						<String ID="P3_ST01088" HPOS="1395" VPOS="623" WIDTH="167" HEIGHT="30" CONTENT="congratulate" WC="0.97" CC="000111010110"/>
						<SP ID="P3_SP00896" HPOS="1562" VPOS="653" WIDTH="11"/>
						<String ID="P3_ST01089" HPOS="1573" VPOS="620" WIDTH="68" HEIGHT="25" CONTENT="them" WC="0.97" CC="0001"/>
						<SP ID="P3_SP00897" HPOS="1641" VPOS="653" WIDTH="11"/>
						<String ID="P3_ST01090" HPOS="1652" VPOS="619" WIDTH="27" HEIGHT="25" CONTENT="m" WC="1.00" CC="0"/>
						<SP ID="P3_SP00898" HPOS="1679" VPOS="653" WIDTH="20"/>
						<String ID="P3_ST01091" HPOS="1699" VPOS="619" WIDTH="91" HEIGHT="31" CONTENT="having" WC="0.98" CC="101100"/>
					</TextLine>
					<TextLine ID="P3_TL00183" HPOS="1269" VPOS="663" WIDTH="521" HEIGHT="27">
						<String ID="P3_ST01092" HPOS="1269" VPOS="664" WIDTH="62" HEIGHT="26" CONTENT="done" WC="0.97" CC="1000"/>
						<SP ID="P3_SP00899" HPOS="1331" VPOS="690" WIDTH="21"/>
						<String ID="P3_ST01093" HPOS="1352" VPOS="665" WIDTH="97" HEIGHT="25" CONTENT="honour" WC="0.95" CC="102011"/>
						<SP ID="P3_SP00900" HPOS="1449" VPOS="690" WIDTH="17"/>
						<String ID="P3_ST01094" HPOS="1466" VPOS="667" WIDTH="25" HEIGHT="23" CONTENT="to" WC="0.94" CC="10"/>
						<SP ID="P3_SP00901" HPOS="1491" VPOS="690" WIDTH="23"/>
						<String ID="P3_ST01095" HPOS="1514" VPOS="664" WIDTH="64" HEIGHT="25" CONTENT="their" WC="0.98" CC="10001"/>
						<SP ID="P3_SP00902" HPOS="1578" VPOS="690" WIDTH="20"/>
						<String ID="P3_ST01096" HPOS="1598" VPOS="663" WIDTH="109" HEIGHT="25" CONTENT="teachers" WC="0.94" CC="00301001"/>
						<SP ID="P3_SP00903" HPOS="1707" VPOS="690" WIDTH="10"/>
						<String ID="P3_ST01097" HPOS="1717" VPOS="663" WIDTH="27" HEIGHT="24" CONTENT="m" WC="0.98" CC="1"/>
						<SP ID="P3_SP00904" HPOS="1744" VPOS="690" WIDTH="20"/>
						<String ID="P3_ST01098" HPOS="1764" VPOS="671" WIDTH="26" HEIGHT="16" CONTENT="so" WC="0.96" CC="10"/>
					</TextLine>
					<TextLine ID="P3_TL00184" HPOS="1269" VPOS="706" WIDTH="521" HEIGHT="33">
						<String ID="P3_ST01099" HPOS="1269" VPOS="710" WIDTH="117" HEIGHT="29" CONTENT="correctly" WC="0.95" CC="000110211"/>
						<SP ID="P3_SP00905" HPOS="1386" VPOS="739" WIDTH="43"/>
						<String ID="P3_ST01100" HPOS="1429" VPOS="708" WIDTH="129" HEIGHT="31" CONTENT="rendering" WC="0.97" CC="101001101"/>
						<SP ID="P3_SP00906" HPOS="1558" VPOS="739" WIDTH="36"/>
						<String ID="P3_ST01101" HPOS="1594" VPOS="707" WIDTH="42" HEIGHT="24" CONTENT="the" WC="0.97" CC="100"/>
						<SP ID="P3_SP00907" HPOS="1636" VPOS="739" WIDTH="34"/>
						<String ID="P3_ST01102" HPOS="1670" VPOS="706" WIDTH="120" HEIGHT="25" CONTENT="Anthems" WC="0.95" CC="0000021"/>
					</TextLine>
					<TextLine ID="P3_TL00185" HPOS="1270" VPOS="750" WIDTH="520" HEIGHT="29">
						<String ID="P3_ST01103" HPOS="1270" VPOS="751" WIDTH="84" HEIGHT="25" CONTENT="'Come" WC="0.93" CC="20020"/>
						<SP ID="P3_SP00908" HPOS="1354" VPOS="776" WIDTH="11"/>
						<String ID="P3_ST01104" HPOS="1365" VPOS="753" WIDTH="60" HEIGHT="23" CONTENT="unto" WC="0.97" CC="1010"/>
						<SP ID="P3_SP00909" HPOS="1425" VPOS="776" WIDTH="9"/>
						<String ID="P3_ST01105" HPOS="1434" VPOS="753" WIDTH="55" HEIGHT="26" CONTENT="me,'" WC="0.93" CC="1021"/>
						<SP ID="P3_SP00910" HPOS="1489" VPOS="779" WIDTH="16"/>
						<String ID="P3_ST01106" HPOS="1505" VPOS="751" WIDTH="47" HEIGHT="24" CONTENT="'Ye" WC="0.90" CC="112"/>
						<SP ID="P3_SP00911" HPOS="1552" VPOS="779" WIDTH="12"/>
						<String ID="P3_ST01107" HPOS="1564" VPOS="750" WIDTH="64" HEIGHT="25" CONTENT="shall" WC="0.98" CC="10101"/>
						<SP ID="P3_SP00912" HPOS="1628" VPOS="779" WIDTH="7"/>
						<String ID="P3_ST01108" HPOS="1635" VPOS="750" WIDTH="71" HEIGHT="24" CONTENT="dwell" WC="0.96" CC="11100"/>
						<SP ID="P3_SP00913" HPOS="1706" VPOS="779" WIDTH="8"/>
						<String ID="P3_ST01109" HPOS="1714" VPOS="750" WIDTH="26" HEIGHT="23" CONTENT="m" WC="1.00" CC="0"/>
						<SP ID="P3_SP00914" HPOS="1740" VPOS="779" WIDTH="7"/>
						<String ID="P3_ST01110" HPOS="1747" VPOS="750" WIDTH="43" HEIGHT="23" CONTENT="the" WC="0.94" CC="111"/>
					</TextLine>
					<TextLine ID="P3_TL00186" HPOS="1267" VPOS="793" WIDTH="523" HEIGHT="31">
						<String ID="P3_ST01111" HPOS="1267" VPOS="795" WIDTH="66" HEIGHT="23" CONTENT="land'" WC="0.92" CC="01112"/>
						<SP ID="P3_SP00915" HPOS="1333" VPOS="818" WIDTH="14"/>
						<String ID="P3_ST01112" HPOS="1347" VPOS="795" WIDTH="48" HEIGHT="23" CONTENT="and" WC="0.90" CC="121"/>
						<SP ID="P3_SP00916" HPOS="1395" VPOS="818" WIDTH="23"/>
						<String ID="P3_ST01113" HPOS="1418" VPOS="795" WIDTH="76" HEIGHT="29" CONTENT="'They" WC="0.89" CC="21111"/>
						<SP ID="P3_SP00917" HPOS="1494" VPOS="824" WIDTH="8"/>
						<String ID="P3_ST01114" HPOS="1502" VPOS="795" WIDTH="62" HEIGHT="22" CONTENT="have" WC="0.91" CC="2110"/>
						<SP ID="P3_SP00918" HPOS="1564" VPOS="824" WIDTH="13"/>
						<String ID="P3_ST01115" HPOS="1577" VPOS="793" WIDTH="73" HEIGHT="24" CONTENT="taken" WC="0.93" CC="10112"/>
						<SP ID="P3_SP00919" HPOS="1650" VPOS="824" WIDTH="12"/>
						<String ID="P3_ST01116" HPOS="1662" VPOS="801" WIDTH="68" HEIGHT="22" CONTENT="away" WC="0.83" CC="0151"/>
						<SP ID="P3_SP00920" HPOS="1730" VPOS="824" WIDTH="18"/>
						<String ID="P3_ST01117" HPOS="1748" VPOS="800" WIDTH="42" HEIGHT="23" CONTENT="ray" WC="0.89" CC="211"/>
					</TextLine>
					<TextLine ID="P3_TL00187" HPOS="1268" VPOS="835" WIDTH="522" HEIGHT="30">
						<String ID="P3_ST01118" HPOS="1268" VPOS="837" WIDTH="82" HEIGHT="24" CONTENT="Lord.'" WC="0.92" CC="111112"/>
						<SP ID="P3_SP00921" HPOS="1350" VPOS="861" WIDTH="35"/>
						<String ID="P3_ST01119" HPOS="1385" VPOS="838" WIDTH="45" HEIGHT="23" CONTENT="We" WC="0.94" CC="11"/>
						<SP ID="P3_SP00922" HPOS="1430" VPOS="861" WIDTH="11"/>
						<String ID="P3_ST01120" HPOS="1441" VPOS="837" WIDTH="62" HEIGHT="24" CONTENT="have" WC="0.96" CC="0111"/>
						<SP ID="P3_SP00923" HPOS="1503" VPOS="861" WIDTH="12"/>
						<String ID="P3_ST01121" HPOS="1515" VPOS="837" WIDTH="52" HEIGHT="24" CONTENT="also" WC="0.98" CC="0010"/>
						<SP ID="P3_SP00924" HPOS="1567" VPOS="861" WIDTH="16"/>
						<String ID="P3_ST01122" HPOS="1583" VPOS="837" WIDTH="25" HEIGHT="23" CONTENT="to" WC="1.00" CC="00"/>
						<SP ID="P3_SP00925" HPOS="1608" VPOS="861" WIDTH="12"/>
						<String ID="P3_ST01123" HPOS="1620" VPOS="835" WIDTH="170" HEIGHT="30" CONTENT="acknowledge" WC="0.98" CC="10000001111"/>
					</TextLine>
					<TextLine ID="P3_TL00188" HPOS="1267" VPOS="878" WIDTH="523" HEIGHT="32">
						<String ID="P3_ST01124" HPOS="1267" VPOS="880" WIDTH="43" HEIGHT="24" CONTENT="the" WC="0.96" CC="110"/>
						<SP ID="P3_SP00926" HPOS="1310" VPOS="904" WIDTH="11"/>
						<String ID="P3_ST01125" HPOS="1321" VPOS="881" WIDTH="125" HEIGHT="29" CONTENT="courtesey" WC="0.97" CC="001100101"/>
						<SP ID="P3_SP00927" HPOS="1446" VPOS="910" WIDTH="22"/>
						<String ID="P3_ST01126" HPOS="1468" VPOS="880" WIDTH="83" HEIGHT="24" CONTENT="shewn" WC="0.95" CC="11011"/>
						<SP ID="P3_SP00928" HPOS="1551" VPOS="910" WIDTH="22"/>
						<String ID="P3_ST01127" HPOS="1573" VPOS="880" WIDTH="26" HEIGHT="23" CONTENT="to" WC="0.98" CC="10"/>
						<SP ID="P3_SP00929" HPOS="1599" VPOS="910" WIDTH="17"/>
						<String ID="P3_ST01128" HPOS="1616" VPOS="887" WIDTH="45" HEIGHT="16" CONTENT="our" WC="0.99" CC="010"/>
						<SP ID="P3_SP00930" HPOS="1661" VPOS="910" WIDTH="21"/>
						<String ID="P3_ST01129" HPOS="1682" VPOS="878" WIDTH="108" HEIGHT="30" CONTENT="reporter" WC="0.97" CC="10100101"/>
					</TextLine>
					<TextLine ID="P3_TL00189" HPOS="1268" VPOS="920" WIDTH="522" HEIGHT="33">
						<String ID="P3_ST01130" HPOS="1268" VPOS="922" WIDTH="49" HEIGHT="25" CONTENT="and" WC="0.96" CC="111"/>
						<SP ID="P3_SP00931" HPOS="1317" VPOS="947" WIDTH="10"/>
						<String ID="P3_ST01131" HPOS="1327" VPOS="924" WIDTH="26" HEIGHT="23" CONTENT="to" WC="0.98" CC="10"/>
						<SP ID="P3_SP00932" HPOS="1353" VPOS="947" WIDTH="8"/>
						<String ID="P3_ST01132" HPOS="1361" VPOS="924" WIDTH="83" HEIGHT="29" CONTENT="repeat" WC="0.97" CC="101011"/>
						<SP ID="P3_SP00933" HPOS="1444" VPOS="953" WIDTH="14"/>
						<String ID="P3_ST01133" HPOS="1458" VPOS="922" WIDTH="52" HEIGHT="24" CONTENT="that" WC="0.89" CC="3111"/>
						<SP ID="P3_SP00934" HPOS="1510" VPOS="953" WIDTH="22"/>
						<String ID="P3_ST01134" HPOS="1532" VPOS="929" WIDTH="36" HEIGHT="17" CONTENT="we" WC="0.94" CC="11"/>
						<SP ID="P3_SP00935" HPOS="1568" VPOS="953" WIDTH="11"/>
						<String ID="P3_ST01135" HPOS="1579" VPOS="921" WIDTH="63" HEIGHT="25" CONTENT="have" WC="0.94" CC="1110"/>
						<SP ID="P3_SP00936" HPOS="1642" VPOS="953" WIDTH="22"/>
						<String ID="P3_ST01136" HPOS="1664" VPOS="920" WIDTH="90" HEIGHT="31" CONTENT="always" WC="0.96" CC="001111"/>
						<SP ID="P3_SP00937" HPOS="1754" VPOS="953" WIDTH="22"/>
						<String ID="P3_ST01137" HPOS="1776" VPOS="928" WIDTH="14" HEIGHT="16" CONTENT="a" WC="0.96" CC="1"/>
					</TextLine>
					<TextLine ID="P3_TL00190" HPOS="1266" VPOS="964" WIDTH="524" HEIGHT="33">
						<String ID="P3_ST01138" HPOS="1266" VPOS="965" WIDTH="110" HEIGHT="32" CONTENT="pleasure" WC="0.96" CC="11011110"/>
						<SP ID="P3_SP00938" HPOS="1376" VPOS="997" WIDTH="17"/>
						<String ID="P3_ST01139" HPOS="1393" VPOS="965" WIDTH="28" HEIGHT="25" CONTENT="m" WC="0.94" CC="0"/>
						<SP ID="P3_SP00939" HPOS="1421" VPOS="997" WIDTH="20"/>
						<String ID="P3_ST01140" HPOS="1441" VPOS="964" WIDTH="142" HEIGHT="33" CONTENT="publishing" WC="0.97" CC="1100012010"/>
						<SP ID="P3_SP00940" HPOS="1583" VPOS="997" WIDTH="23"/>
						<String ID="P3_ST01141" HPOS="1606" VPOS="964" WIDTH="63" HEIGHT="25" CONTENT="local" WC="0.98" CC="00110"/>
						<SP ID="P3_SP00941" HPOS="1669" VPOS="997" WIDTH="18"/>
						<String ID="P3_ST01142" HPOS="1687" VPOS="965" WIDTH="103" HEIGHT="23" CONTENT="matters" WC="0.94" CC="2101011"/>
					</TextLine>
					<TextLine ID="P3_TL00191" HPOS="1266" VPOS="1005" WIDTH="522" HEIGHT="35">
						<String ID="P3_ST01143" HPOS="1266" VPOS="1009" WIDTH="49" HEIGHT="24" CONTENT="like" WC="1.00" CC="0000"/>
						<SP ID="P3_SP00942" HPOS="1315" VPOS="1033" WIDTH="18"/>
						<String ID="P3_ST01144" HPOS="1333" VPOS="1009" WIDTH="42" HEIGHT="24" CONTENT="the" WC="0.97" CC="110"/>
						<SP ID="P3_SP00943" HPOS="1375" VPOS="1033" WIDTH="20"/>
						<String ID="P3_ST01145" HPOS="1395" VPOS="1009" WIDTH="98" HEIGHT="31" CONTENT="present" WC="0.97" CC="0101011"/>
						<SP ID="P3_SP00944" HPOS="1493" VPOS="1040" WIDTH="22"/>
						<String ID="P3_ST01146" HPOS="1515" VPOS="1007" WIDTH="102" HEIGHT="32" CONTENT="tending" WC="0.92" CC="1131001"/>
						<SP ID="P3_SP00945" HPOS="1617" VPOS="1040" WIDTH="11"/>
						<String ID="P3_ST01147" HPOS="1628" VPOS="1009" WIDTH="26" HEIGHT="24" CONTENT="to" WC="0.98" CC="10"/>
						<SP ID="P3_SP00946" HPOS="1654" VPOS="1040" WIDTH="23"/>
						<String ID="P3_ST01148" HPOS="1677" VPOS="1007" WIDTH="43" HEIGHT="24" CONTENT="the" WC="0.96" CC="110"/>
						<SP ID="P3_SP00947" HPOS="1720" VPOS="1040" WIDTH="22"/>
						<String ID="P3_ST01149" HPOS="1742" VPOS="1005" WIDTH="46" HEIGHT="26" CONTENT="ele" SUBS_TYPE="HypPart1" SUBS_CONTENT="elevation" WC="0.99" CC="0001"/>
						<HYP CONTENT="-"/>
					</TextLine>
					<TextLine ID="P3_TL00192" HPOS="1266" VPOS="1050" WIDTH="524" HEIGHT="33">
						<String ID="P3_ST01150" HPOS="1266" VPOS="1052" WIDTH="83" HEIGHT="25" CONTENT="vation" SUBS_TYPE="HypPart2" SUBS_CONTENT="elevation" WC="0.96" CC="111001"/>
						<SP ID="P3_SP00948" HPOS="1349" VPOS="1077" WIDTH="11"/>
						<String ID="P3_ST01151" HPOS="1360" VPOS="1052" WIDTH="27" HEIGHT="24" CONTENT="of" WC="0.96" CC="01"/>
						<SP ID="P3_SP00949" HPOS="1387" VPOS="1077" WIDTH="14"/>
						<String ID="P3_ST01152" HPOS="1401" VPOS="1052" WIDTH="41" HEIGHT="25" CONTENT="the" WC="0.93" CC="112"/>
						<SP ID="P3_SP00950" HPOS="1442" VPOS="1077" WIDTH="23"/>
						<String ID="P3_ST01153" HPOS="1465" VPOS="1051" WIDTH="92" HEIGHT="32" CONTENT="people." WC="0.95" CC="2001101"/>
						<SP ID="P3_SP00951" HPOS="1557" VPOS="1083" WIDTH="35"/>
						<String ID="P3_ST01154" HPOS="1592" VPOS="1051" WIDTH="52" HEIGHT="24" CONTENT="The" WC="0.95" CC="111"/>
						<SP ID="P3_SP00952" HPOS="1644" VPOS="1083" WIDTH="19"/>
						<String ID="P3_ST01155" HPOS="1663" VPOS="1050" WIDTH="127" HEIGHT="31" CONTENT="following" WC="0.97" CC="001101100"/>
					</TextLine>
					<TextLine ID="P3_TL00193" HPOS="1267" VPOS="1096" WIDTH="251" HEIGHT="29">
						<String ID="P3_ST01156" HPOS="1267" VPOS="1096" WIDTH="21" HEIGHT="24" CONTENT="is" WC="0.94" CC="11"/>
						<SP ID="P3_SP00953" HPOS="1288" VPOS="1120" WIDTH="10"/>
						<String ID="P3_ST01157" HPOS="1298" VPOS="1097" WIDTH="42" HEIGHT="23" CONTENT="the" WC="0.96" CC="010"/>
						<SP ID="P3_SP00954" HPOS="1340" VPOS="1120" WIDTH="10"/>
						<String ID="P3_ST01158" HPOS="1350" VPOS="1096" WIDTH="168" HEIGHT="29" CONTENT="Programme." WC="0.95" CC="2101101111"/>
					</TextLine>
					<TextLine ID="P3_TL00194" HPOS="1298" VPOS="1146" WIDTH="487" HEIGHT="30">
						<String ID="P3_ST01159" HPOS="1298" VPOS="1148" WIDTH="122" HEIGHT="28" CONTENT="Overture," WC="0.92" CC="011111111"/>
						<SP ID="P3_SP00955" HPOS="1420" VPOS="1176" WIDTH="26"/>
						<String ID="P3_ST01160" HPOS="1446" VPOS="1147" WIDTH="138" HEIGHT="25" CONTENT="Mesdames" WC="0.94" CC="10110112"/>
						<SP ID="P3_SP00956" HPOS="1584" VPOS="1176" WIDTH="11"/>
						<String ID="P3_ST01161" HPOS="1595" VPOS="1146" WIDTH="56" HEIGHT="26" CONTENT="Nell" WC="0.86" CC="5010"/>
						<SP ID="P3_SP00957" HPOS="1651" VPOS="1176" WIDTH="12"/>
						<String ID="P3_ST01162" HPOS="1663" VPOS="1146" WIDTH="18" HEIGHT="25" CONTENT="&amp;" WC="0.89" CC="1"/>
						<SP ID="P3_SP00958" HPOS="1681" VPOS="1176" WIDTH="12"/>
						<String ID="P3_ST01163" HPOS="1693" VPOS="1146" WIDTH="92" HEIGHT="26" CONTENT="Beeves" WC="0.95" CC="200001"/>
					</TextLine>
					<TextLine ID="P3_TL00195" HPOS="1267" VPOS="1190" WIDTH="521" HEIGHT="32">
						<String ID="P3_ST01164" HPOS="1267" VPOS="1190" WIDTH="74" HEIGHT="32" CONTENT="Song," WC="0.96" CC="20100"/>
						<String ID="P3_ST01165" HPOS="1343" VPOS="1205" WIDTH="33" HEIGHT="4" CONTENT="—" WC="1.00" CC="0"/>
						<SP ID="P3_SP00959" HPOS="1376" VPOS="1222" WIDTH="9"/>
						<String ID="P3_ST01166" HPOS="1385" VPOS="1191" WIDTH="62" HEIGHT="24" CONTENT="Miss" WC="0.95" CC="0011"/>
						<SP ID="P3_SP00960" HPOS="1447" VPOS="1222" WIDTH="35"/>
						<String ID="P3_ST01167" HPOS="1482" VPOS="1190" WIDTH="145" HEIGHT="31" CONTENT="Buchanan," WC="0.92" CC="112111121"/>
						<SP ID="P3_SP00961" HPOS="1627" VPOS="1222" WIDTH="52"/>
						<String ID="P3_ST01168" HPOS="1679" VPOS="1190" WIDTH="75" HEIGHT="31" CONTENT="Song," WC="0.95" CC="20101"/>
						<String ID="P3_ST01169" HPOS="1756" VPOS="1204" WIDTH="32" HEIGHT="3" CONTENT="—" WC="1.00" CC="0"/>
					</TextLine>
					<TextLine ID="P3_TL00196" HPOS="1266" VPOS="1232" WIDTH="522" HEIGHT="33">
						<String ID="P3_ST01170" HPOS="1266" VPOS="1234" WIDTH="61" HEIGHT="25" CONTENT="Miss" WC="0.96" CC="0011"/>
						<SP ID="P3_SP00962" HPOS="1327" VPOS="1259" WIDTH="27"/>
						<String ID="P3_ST01171" HPOS="1354" VPOS="1235" WIDTH="100" HEIGHT="27" CONTENT="Reeves," WC="0.91" CC="5101010"/>
						<SP ID="P3_SP00963" HPOS="1454" VPOS="1262" WIDTH="58"/>
						<String ID="P3_ST01172" HPOS="1512" VPOS="1233" WIDTH="75" HEIGHT="32" CONTENT="Song," WC="0.94" CC="20002"/>
						<String ID="P3_ST01173" HPOS="1588" VPOS="1247" WIDTH="33" HEIGHT="5" CONTENT="—" WC="1.00" CC="0"/>
						<SP ID="P3_SP00964" HPOS="1621" VPOS="1265" WIDTH="10"/>
						<String ID="P3_ST01174" HPOS="1631" VPOS="1233" WIDTH="41" HEIGHT="24" CONTENT="Mr" WC="0.93" CC="11"/>
						<SP ID="P3_SP00965" HPOS="1672" VPOS="1265" WIDTH="34"/>
						<String ID="P3_ST01175" HPOS="1706" VPOS="1232" WIDTH="82" HEIGHT="26" CONTENT="Smith" WC="0.93" CC="11012"/>
					</TextLine>
					<TextLine ID="P3_TL00197" HPOS="1263" VPOS="1275" WIDTH="522" HEIGHT="32">
						<String ID="P3_ST01176" HPOS="1263" VPOS="1277" WIDTH="117" HEIGHT="28" CONTENT="Anthem," WC="0.94" CC="1011111"/>
						<String ID="P3_ST01177" HPOS="1381" VPOS="1290" WIDTH="33" HEIGHT="4" CONTENT="—" WC="1.00" CC="0"/>
						<SP ID="P3_SP00966" HPOS="1414" VPOS="1305" WIDTH="12"/>
						<String ID="P3_ST01178" HPOS="1426" VPOS="1277" WIDTH="28" HEIGHT="24" CONTENT="St" WC="0.89" CC="21"/>
						<SP ID="P3_SP00967" HPOS="1454" VPOS="1305" WIDTH="13"/>
						<String ID="P3_ST01179" HPOS="1467" VPOS="1276" WIDTH="91" HEIGHT="31" CONTENT="Mary's" WC="0.90" CC="211111"/>
						<SP ID="P3_SP00968" HPOS="1558" VPOS="1307" WIDTH="12"/>
						<String ID="P3_ST01180" HPOS="1570" VPOS="1275" WIDTH="83" HEIGHT="29" CONTENT="Choir," WC="0.91" CC="110122"/>
						<SP ID="P3_SP00969" HPOS="1653" VPOS="1307" WIDTH="32"/>
						<String ID="P3_ST01181" HPOS="1685" VPOS="1275" WIDTH="68" HEIGHT="31" CONTENT="Song" WC="0.95" CC="1110"/>
						<String ID="P3_ST01182" HPOS="1753" VPOS="1289" WIDTH="30" HEIGHT="4" CONTENT="—" WC="1.00" CC="0"/>
						<String ID="P3_ST01183" HPOS="1783" VPOS="1288" WIDTH="2" HEIGHT="5" CONTENT="•" WC="0.93" CC="1"/>
					</TextLine>
					<TextLine ID="P3_TL00198" HPOS="1266" VPOS="1318" WIDTH="521" HEIGHT="32">
						<String ID="P3_ST01184" HPOS="1266" VPOS="1320" WIDTH="53" HEIGHT="25" CONTENT="Mrs" WC="0.96" CC="011"/>
						<SP ID="P3_SP00970" HPOS="1319" VPOS="1345" WIDTH="29"/>
						<String ID="P3_ST01185" HPOS="1348" VPOS="1319" WIDTH="110" HEIGHT="28" CONTENT="Watson," WC="0.95" CC="0111011"/>
						<SP ID="P3_SP00971" HPOS="1458" VPOS="1347" WIDTH="35"/>
						<String ID="P3_ST01186" HPOS="1493" VPOS="1318" WIDTH="68" HEIGHT="32" CONTENT="Song" WC="0.98" CC="1000"/>
						<String ID="P3_ST01187" HPOS="1561" VPOS="1332" WIDTH="31" HEIGHT="4" CONTENT="—" WC="1.00" CC="0"/>
						<String ID="P3_ST01188" HPOS="1593" VPOS="1318" WIDTH="40" HEIGHT="25" CONTENT="Mr" WC="0.98" CC="01"/>
						<SP ID="P3_SP00972" HPOS="1633" VPOS="1350" WIDTH="21"/>
						<String ID="P3_ST01189" HPOS="1654" VPOS="1318" WIDTH="133" HEIGHT="32" CONTENT="Harbidge," WC="0.93" CC="211112011"/>
					</TextLine>
					<TextLine ID="P3_TL00199" HPOS="1268" VPOS="1361" WIDTH="349" HEIGHT="34">
						<String ID="P3_ST01190" HPOS="1268" VPOS="1363" WIDTH="81" HEIGHT="32" CONTENT="Organ" WC="0.98" CC="00001"/>
						<SP ID="P3_SP00973" HPOS="1349" VPOS="1395" WIDTH="15"/>
						<String ID="P3_ST01191" HPOS="1364" VPOS="1362" WIDTH="94" HEIGHT="26" CONTENT="Recital" WC="0.94" CC="2110110"/>
						<String ID="P3_ST01192" HPOS="1459" VPOS="1376" WIDTH="32" HEIGHT="4" CONTENT="—" WC="1.00" CC="0"/>
						<String ID="P3_ST01193" HPOS="1491" VPOS="1361" WIDTH="51" HEIGHT="25" CONTENT="Mrs" WC="0.96" CC="001"/>
						<SP ID="P3_SP00974" HPOS="1542" VPOS="1395" WIDTH="12"/>
						<String ID="P3_ST01194" HPOS="1554" VPOS="1361" WIDTH="63" HEIGHT="25" CONTENT="Nell." WC="0.95" CC="20000"/>
					</TextLine>
					<TextLine ID="P3_TL00200" HPOS="1300" VPOS="1404" WIDTH="488" HEIGHT="32">
						<String ID="P3_ST01195" HPOS="1300" VPOS="1406" WIDTH="50" HEIGHT="26" CONTENT="2nd" WC="0.93" CC="210"/>
						<SP ID="P3_SP00975" HPOS="1350" VPOS="1432" WIDTH="28"/>
						<String ID="P3_ST01196" HPOS="1378" VPOS="1406" WIDTH="67" HEIGHT="25" CONTENT="Part." WC="0.89" CC="21131"/>
						<String ID="P3_ST01197" HPOS="1447" VPOS="1419" WIDTH="32" HEIGHT="5" CONTENT="—" WC="1.00" CC="0"/>
						<SP ID="P3_SP00976" HPOS="1479" VPOS="1432" WIDTH="12"/>
						<String ID="P3_ST01198" HPOS="1491" VPOS="1404" WIDTH="139" HEIGHT="26" CONTENT="Anthem—" WC="0.87" CC="1113030"/>
						<SP ID="P3_SP00977" HPOS="1630" VPOS="1432" WIDTH="13"/>
						<String ID="P3_ST01199" HPOS="1643" VPOS="1404" WIDTH="30" HEIGHT="27" CONTENT="Sfc" WC="0.81" CC="133"/>
						<SP ID="P3_SP00978" HPOS="1673" VPOS="1432" WIDTH="33"/>
						<String ID="P3_ST01200" HPOS="1706" VPOS="1404" WIDTH="82" HEIGHT="32" CONTENT="Marys" WC="0.90" CC="21111"/>
					</TextLine>
					<TextLine ID="P3_TL00201" HPOS="1267" VPOS="1447" WIDTH="520" HEIGHT="33">
						<String ID="P3_ST01201" HPOS="1267" VPOS="1449" WIDTH="82" HEIGHT="29" CONTENT="Choir," WC="0.94" CC="110012"/>
						<SP ID="P3_SP00979" HPOS="1349" VPOS="1478" WIDTH="38"/>
						<String ID="P3_ST01202" HPOS="1387" VPOS="1449" WIDTH="66" HEIGHT="31" CONTENT="Song" WC="0.96" CC="1011"/>
						<String ID="P3_ST01203" HPOS="1454" VPOS="1462" WIDTH="32" HEIGHT="4" CONTENT="—" WC="1.00" CC="0"/>
						<String ID="P3_ST01204" HPOS="1486" VPOS="1448" WIDTH="51" HEIGHT="25" CONTENT="Mrs" WC="0.95" CC="002"/>
						<SP ID="P3_SP00980" HPOS="1537" VPOS="1480" WIDTH="9"/>
						<String ID="P3_ST01205" HPOS="1546" VPOS="1447" WIDTH="110" HEIGHT="30" CONTENT="Watson," WC="0.95" CC="1111011"/>
						<SP ID="P3_SP00981" HPOS="1656" VPOS="1480" WIDTH="32"/>
						<String ID="P3_ST01206" HPOS="1688" VPOS="1447" WIDTH="67" HEIGHT="32" CONTENT="Song" WC="0.95" CC="1011"/>
						<String ID="P3_ST01207" HPOS="1755" VPOS="1461" WIDTH="32" HEIGHT="5" CONTENT="—" WC="1.00" CC="0"/>
					</TextLine>
					<TextLine ID="P3_TL00202" HPOS="1267" VPOS="1491" WIDTH="519" HEIGHT="33">
						<String ID="P3_ST01208" HPOS="1267" VPOS="1493" WIDTH="40" HEIGHT="23" CONTENT="Mr" WC="0.93" CC="02"/>
						<SP ID="P3_SP00982" HPOS="1307" VPOS="1516" WIDTH="11"/>
						<String ID="P3_ST01209" HPOS="1318" VPOS="1491" WIDTH="132" HEIGHT="33" CONTENT="Harbidge," WC="0.93" CC="110011202"/>
						<SP ID="P3_SP00983" HPOS="1450" VPOS="1524" WIDTH="52"/>
						<String ID="P3_ST01210" HPOS="1502" VPOS="1491" WIDTH="81" HEIGHT="31" CONTENT="Organ" WC="0.93" CC="01111"/>
						<SP ID="P3_SP00984" HPOS="1583" VPOS="1524" WIDTH="22"/>
						<String ID="P3_ST01211" HPOS="1605" VPOS="1491" WIDTH="96" HEIGHT="23" CONTENT="Recital" WC="0.95" CC="2010110"/>
						<String ID="P3_ST01212" HPOS="1701" VPOS="1504" WIDTH="33" HEIGHT="3" CONTENT="—" WC="1.00" CC="0"/>
						<String ID="P3_ST01213" HPOS="1734" VPOS="1491" WIDTH="52" HEIGHT="22" CONTENT="Mrs" WC="0.96" CC="011"/>
					</TextLine>
					<TextLine ID="P3_TL00203" HPOS="1267" VPOS="1533" WIDTH="523" HEIGHT="27">
						<String ID="P3_ST01214" HPOS="1267" VPOS="1534" WIDTH="57" HEIGHT="26" CONTENT="Nell" WC="0.98" CC="1000"/>
						<SP ID="P3_SP00985" HPOS="1324" VPOS="1560" WIDTH="21"/>
						<String ID="P3_ST01215" HPOS="1345" VPOS="1534" WIDTH="77" HEIGHT="26" CONTENT="Duett" WC="0.94" CC="20011"/>
						<String ID="P3_ST01216" HPOS="1423" VPOS="1548" WIDTH="31" HEIGHT="4" CONTENT="—" WC="1.00" CC="0"/>
						<String ID="P3_ST01217" HPOS="1454" VPOS="1533" WIDTH="62" HEIGHT="26" CONTENT="Miss" WC="0.95" CC="1011"/>
						<SP ID="P3_SP00986" HPOS="1516" VPOS="1560" WIDTH="11"/>
						<String ID="P3_ST01218" HPOS="1527" VPOS="1533" WIDTH="140" HEIGHT="25" CONTENT="Buchanan" WC="0.95" CC="01011011"/>
						<SP ID="P3_SP00987" HPOS="1667" VPOS="1560" WIDTH="11"/>
						<String ID="P3_ST01219" HPOS="1678" VPOS="1533" WIDTH="49" HEIGHT="25" CONTENT="and" WC="0.99" CC="001"/>
						<SP ID="P3_SP00988" HPOS="1727" VPOS="1560" WIDTH="11"/>
						<String ID="P3_ST01220" HPOS="1738" VPOS="1533" WIDTH="52" HEIGHT="25" CONTENT="Mrs" WC="0.97" CC="001"/>
					</TextLine>
					<TextLine ID="P3_TL00204" HPOS="1267" VPOS="1576" WIDTH="518" HEIGHT="33">
						<String ID="P3_ST01221" HPOS="1267" VPOS="1578" WIDTH="133" HEIGHT="31" CONTENT="Harbidge," WC="0.95" CC="111101001"/>
						<SP ID="P3_SP00989" HPOS="1400" VPOS="1609" WIDTH="44"/>
						<String ID="P3_ST01222" HPOS="1444" VPOS="1576" WIDTH="140" HEIGHT="26" CONTENT="Recitation" WC="0.97" CC="1011111000"/>
						<String ID="P3_ST01223" HPOS="1585" VPOS="1591" WIDTH="32" HEIGHT="4" CONTENT="—" WC="1.00" CC="0"/>
						<String ID="P3_ST01224" HPOS="1617" VPOS="1576" WIDTH="40" HEIGHT="24" CONTENT="Mr" WC="0.96" CC="01"/>
						<SP ID="P3_SP00990" HPOS="1657" VPOS="1609" WIDTH="21"/>
						<String ID="P3_ST01225" HPOS="1678" VPOS="1576" WIDTH="107" HEIGHT="29" CONTENT="Hunter," WC="0.89" CC="1123011"/>
					</TextLine>
					<TextLine ID="P3_TL00205" HPOS="1267" VPOS="1619" WIDTH="388" HEIGHT="33">
						<String ID="P3_ST01226" HPOS="1267" VPOS="1621" WIDTH="107" HEIGHT="25" CONTENT="Anthem" WC="0.97" CC="011001"/>
						<String ID="P3_ST01227" HPOS="1374" VPOS="1635" WIDTH="33" HEIGHT="4" CONTENT="—" WC="1.00" CC="0"/>
						<String ID="P3_ST01228" HPOS="1409" VPOS="1620" WIDTH="29" HEIGHT="27" CONTENT="St" WC="0.85" CC="22"/>
						<SP ID="P3_SP00991" HPOS="1438" VPOS="1647" WIDTH="20"/>
						<String ID="P3_ST01229" HPOS="1458" VPOS="1620" WIDTH="92" HEIGHT="32" CONTENT="Mary's" WC="0.96" CC="000121"/>
						<SP ID="P3_SP00992" HPOS="1550" VPOS="1652" WIDTH="23"/>
						<String ID="P3_ST01230" HPOS="1573" VPOS="1619" WIDTH="82" HEIGHT="26" CONTENT="Choir." WC="0.96" CC="110111"/>
					</TextLine>
					<TextLine ID="P3_TL00206" HPOS="1301" VPOS="1659" WIDTH="489" HEIGHT="26">
						<String ID="P3_ST01231" HPOS="1301" VPOS="1661" WIDTH="126" HEIGHT="24" CONTENT="Debating" WC="0.86" CC="32110123"/>
						<SP ID="P3_SP00993" HPOS="1427" VPOS="1685" WIDTH="23"/>
						<String ID="P3_ST01232" HPOS="1450" VPOS="1660" WIDTH="111" HEIGHT="25" CONTENT="Society." WC="0.94" CC="10101110"/>
						<String ID="P3_ST01233" HPOS="1563" VPOS="1673" WIDTH="32" HEIGHT="3" CONTENT="—" WC="1.00" CC="0"/>
						<String ID="P3_ST01234" HPOS="1596" VPOS="1660" WIDTH="52" HEIGHT="23" CONTENT="The" WC="0.94" CC="111"/>
						<SP ID="P3_SP00994" HPOS="1648" VPOS="1685" WIDTH="28"/>
						<String ID="P3_ST01235" HPOS="1676" VPOS="1659" WIDTH="114" HEIGHT="24" CONTENT="Carleton" WC="0.98" CC="10100100"/>
					</TextLine>
					<TextLine ID="P3_TL00207" HPOS="1268" VPOS="1701" WIDTH="522" HEIGHT="35">
						<String ID="P3_ST01236" HPOS="1268" VPOS="1704" WIDTH="112" HEIGHT="32" CONTENT="Literary" WC="0.96" CC="01100102"/>
						<SP ID="P3_SP00995" HPOS="1380" VPOS="1736" WIDTH="10"/>
						<String ID="P3_ST01237" HPOS="1390" VPOS="1703" WIDTH="49" HEIGHT="25" CONTENT="and" WC="0.94" CC="111"/>
						<SP ID="P3_SP00996" HPOS="1439" VPOS="1736" WIDTH="19"/>
						<String ID="P3_ST01238" HPOS="1458" VPOS="1702" WIDTH="124" HEIGHT="32" CONTENT="Debating" WC="0.99" CC="10001000"/>
						<SP ID="P3_SP00997" HPOS="1582" VPOS="1736" WIDTH="13"/>
						<String ID="P3_ST01239" HPOS="1595" VPOS="1701" WIDTH="96" HEIGHT="33" CONTENT="Society" WC="0.94" CC="1011012"/>
						<SP ID="P3_SP00998" HPOS="1691" VPOS="1736" WIDTH="10"/>
						<String ID="P3_ST01240" HPOS="1701" VPOS="1701" WIDTH="89" HEIGHT="26" CONTENT="wound" WC="0.95" CC="10011"/>
					</TextLine>
					<TextLine ID="P3_TL00208" HPOS="1268" VPOS="1755" WIDTH="522" HEIGHT="36">
						<String ID="P3_ST01241" HPOS="1268" VPOS="1766" WIDTH="33" HEIGHT="25" CONTENT="up" WC="0.94" CC="11"/>
						<SP ID="P3_SP00999" HPOS="1301" VPOS="1791" WIDTH="10"/>
						<String ID="P3_ST01242" HPOS="1311" VPOS="1758" WIDTH="33" HEIGHT="25" CONTENT="its" WC="0.97" CC="011"/>
						<SP ID="P3_SP01000" HPOS="1344" VPOS="1791" WIDTH="10"/>
						<String ID="P3_ST01243" HPOS="1354" VPOS="1757" WIDTH="87" HEIGHT="27" CONTENT="winter" WC="0.95" CC="101101"/>
						<SP ID="P3_SP01001" HPOS="1441" VPOS="1791" WIDTH="12"/>
						<String ID="P3_ST01244" HPOS="1453" VPOS="1757" WIDTH="94" HEIGHT="26" CONTENT="session" WC="0.95" CC="1111001"/>
						<SP ID="P3_SP01002" HPOS="1547" VPOS="1791" WIDTH="10"/>
						<String ID="P3_ST01245" HPOS="1557" VPOS="1755" WIDTH="59" HEIGHT="26" CONTENT="with" WC="0.95" CC="0011"/>
						<SP ID="P3_SP01003" HPOS="1616" VPOS="1791" WIDTH="16"/>
						<String ID="P3_ST01246" HPOS="1632" VPOS="1764" WIDTH="15" HEIGHT="17" CONTENT="a" WC="1.00" CC="0"/>
						<SP ID="P3_SP01004" HPOS="1647" VPOS="1791" WIDTH="11"/>
						<String ID="P3_ST01247" HPOS="1658" VPOS="1764" WIDTH="89" HEIGHT="24" CONTENT="supper" WC="0.96" CC="111100"/>
						<SP ID="P3_SP01005" HPOS="1747" VPOS="1791" WIDTH="10"/>
						<String ID="P3_ST01248" HPOS="1757" VPOS="1763" WIDTH="33" HEIGHT="17" CONTENT="on" WC="0.98" CC="01"/>
					</TextLine>
					<TextLine ID="P3_TL00209" HPOS="1268" VPOS="1799" WIDTH="521" HEIGHT="34">
						<String ID="P3_ST01249" HPOS="1268" VPOS="1802" WIDTH="98" HEIGHT="31" CONTENT="Friday," WC="0.93" CC="2101111"/>
						<SP ID="P3_SP01006" HPOS="1366" VPOS="1833" WIDTH="12"/>
						<String ID="P3_ST01250" HPOS="1378" VPOS="1800" WIDTH="103" HEIGHT="26" CONTENT="October" WC="0.97" CC="0110011"/>
						<SP ID="P3_SP01007" HPOS="1481" VPOS="1833" WIDTH="10"/>
						<String ID="P3_ST01251" HPOS="1491" VPOS="1799" WIDTH="69" HEIGHT="26" CONTENT="28th." WC="0.95" CC="10111"/>
						<SP ID="P3_SP01008" HPOS="1560" VPOS="1833" WIDTH="11"/>
						<String ID="P3_ST01252" HPOS="1571" VPOS="1801" WIDTH="28" HEIGHT="24" CONTENT="to" WC="0.96" CC="01"/>
						<SP ID="P3_SP01009" HPOS="1599" VPOS="1833" WIDTH="19"/>
						<String ID="P3_ST01253" HPOS="1618" VPOS="1799" WIDTH="82" HEIGHT="26" CONTENT="which" WC="0.93" CC="11002"/>
						<SP ID="P3_SP01010" HPOS="1700" VPOS="1833" WIDTH="15"/>
						<String ID="P3_ST01254" HPOS="1715" VPOS="1799" WIDTH="74" HEIGHT="25" CONTENT="about" WC="0.95" CC="01021"/>
					</TextLine>
					<TextLine ID="P3_TL00210" HPOS="1267" VPOS="1842" WIDTH="520" HEIGHT="35">
						<String ID="P3_ST01255" HPOS="1267" VPOS="1846" WIDTH="52" HEIGHT="31" CONTENT="fifty" WC="0.90" CC="22011"/>
						<SP ID="P3_SP01011" HPOS="1319" VPOS="1877" WIDTH="10"/>
						<String ID="P3_ST01256" HPOS="1329" VPOS="1851" WIDTH="100" HEIGHT="26" CONTENT="persons" WC="0.92" CC="3101111"/>
						<SP ID="P3_SP01012" HPOS="1429" VPOS="1877" WIDTH="15"/>
						<String ID="P3_ST01257" HPOS="1444" VPOS="1845" WIDTH="38" HEIGHT="23" CONTENT="sat" WC="0.96" CC="101"/>
						<SP ID="P3_SP01013" HPOS="1482" VPOS="1877" WIDTH="11"/>
						<String ID="P3_ST01258" HPOS="1493" VPOS="1844" WIDTH="78" HEIGHT="24" CONTENT="down." WC="0.96" CC="10111"/>
						<SP ID="P3_SP01014" HPOS="1571" VPOS="1877" WIDTH="35"/>
						<String ID="P3_ST01259" HPOS="1606" VPOS="1843" WIDTH="39" HEIGHT="24" CONTENT="Mr" WC="0.98" CC="01"/>
						<SP ID="P3_SP01015" HPOS="1645" VPOS="1877" WIDTH="11"/>
						<String ID="P3_ST01260" HPOS="1656" VPOS="1843" WIDTH="30" HEIGHT="24" CONTENT="R." WC="0.96" CC="11"/>
						<SP ID="P3_SP01016" HPOS="1686" VPOS="1877" WIDTH="13"/>
						<String ID="P3_ST01261" HPOS="1699" VPOS="1842" WIDTH="88" HEIGHT="32" CONTENT="Kings" SUBS_TYPE="HypPart1" SUBS_CONTENT="Kingsbury," WC="0.88" CC="311011"/>
						<HYP CONTENT="-"/>
					</TextLine>
					<TextLine ID="P3_TL00211" HPOS="1268" VPOS="1882" WIDTH="522" HEIGHT="37">
						<String ID="P3_ST01262" HPOS="1268" VPOS="1889" WIDTH="68" HEIGHT="30" CONTENT="bury," SUBS_TYPE="HypPart2" SUBS_CONTENT="Kingsbury," WC="0.95" CC="00111"/>
						<SP ID="P3_SP01017" HPOS="1336" VPOS="1919" WIDTH="29"/>
						<String ID="P3_ST01263" HPOS="1365" VPOS="1887" WIDTH="58" HEIGHT="25" CONTENT="Vice" WC="0.93" CC="2110"/>
						<SP ID="P3_SP01018" HPOS="1423" VPOS="1919" WIDTH="23"/>
						<String ID="P3_ST01264" HPOS="1446" VPOS="1886" WIDTH="135" HEIGHT="30" CONTENT="President," WC="0.96" CC="1101010011"/>
						<SP ID="P3_SP01019" HPOS="1581" VPOS="1919" WIDTH="24"/>
						<String ID="P3_ST01265" HPOS="1605" VPOS="1885" WIDTH="115" HEIGHT="31" CONTENT="occupied" WC="0.97" CC="01011001"/>
						<SP ID="P3_SP01020" HPOS="1720" VPOS="1919" WIDTH="28"/>
						<String ID="P3_ST01266" HPOS="1748" VPOS="1882" WIDTH="42" HEIGHT="28" CONTENT="the" WC="0.96" CC="110"/>
					</TextLine>
					<TextLine ID="P3_TL00212" HPOS="1267" VPOS="1928" WIDTH="520" HEIGHT="32">
						<String ID="P3_ST01267" HPOS="1267" VPOS="1931" WIDTH="74" HEIGHT="24" CONTENT="chair." WC="0.97" CC="011010"/>
						<SP ID="P3_SP01021" HPOS="1341" VPOS="1955" WIDTH="34"/>
						<String ID="P3_ST01268" HPOS="1375" VPOS="1929" WIDTH="68" HEIGHT="26" CONTENT="After" WC="0.95" CC="11110"/>
						<SP ID="P3_SP01022" HPOS="1443" VPOS="1955" WIDTH="8"/>
						<String ID="P3_ST01269" HPOS="1451" VPOS="1929" WIDTH="89" HEIGHT="31" CONTENT="justice" WC="0.97" CC="1101001"/>
						<SP ID="P3_SP01023" HPOS="1540" VPOS="1960" WIDTH="10"/>
						<String ID="P3_ST01270" HPOS="1550" VPOS="1928" WIDTH="50" HEIGHT="25" CONTENT="had" WC="0.93" CC="101"/>
						<SP ID="P3_SP01024" HPOS="1600" VPOS="1960" WIDTH="18"/>
						<String ID="P3_ST01271" HPOS="1618" VPOS="1932" WIDTH="58" HEIGHT="21" CONTENT="been" WC="0.95" CC="2001"/>
						<SP ID="P3_SP01025" HPOS="1676" VPOS="1960" WIDTH="11"/>
						<String ID="P3_ST01272" HPOS="1687" VPOS="1928" WIDTH="62" HEIGHT="24" CONTENT="done" WC="0.97" CC="1010"/>
						<SP ID="P3_SP01026" HPOS="1749" VPOS="1960" WIDTH="12"/>
						<String ID="P3_ST01273" HPOS="1761" VPOS="1929" WIDTH="26" HEIGHT="23" CONTENT="to" WC="1.00" CC="00"/>
					</TextLine>
					<TextLine ID="P3_TL00213" HPOS="1268" VPOS="1970" WIDTH="520" HEIGHT="34">
						<String ID="P3_ST01274" HPOS="1268" VPOS="1974" WIDTH="42" HEIGHT="25" CONTENT="the" WC="1.00" CC="000"/>
						<SP ID="P3_SP01027" HPOS="1310" VPOS="1999" WIDTH="11"/>
						<String ID="P3_ST01275" HPOS="1321" VPOS="1973" WIDTH="62" HEIGHT="31" CONTENT="good" WC="0.97" CC="0001"/>
						<SP ID="P3_SP01028" HPOS="1383" VPOS="2004" WIDTH="10"/>
						<String ID="P3_ST01276" HPOS="1393" VPOS="1972" WIDTH="84" HEIGHT="32" CONTENT="things" WC="0.96" CC="100101"/>
						<SP ID="P3_SP01029" HPOS="1477" VPOS="2004" WIDTH="8"/>
						<String ID="P3_ST01277" HPOS="1485" VPOS="1971" WIDTH="115" HEIGHT="32" CONTENT="provided" WC="0.96" CC="11000101"/>
						<SP ID="P3_SP01030" HPOS="1600" VPOS="2004" WIDTH="10"/>
						<String ID="P3_ST01278" HPOS="1610" VPOS="1971" WIDTH="43" HEIGHT="24" CONTENT="the" WC="0.96" CC="110"/>
						<SP ID="P3_SP01031" HPOS="1653" VPOS="2004" WIDTH="10"/>
						<String ID="P3_ST01279" HPOS="1663" VPOS="1970" WIDTH="125" HEIGHT="32" CONTENT="following" WC="0.99" CC="011001000"/>
					</TextLine>
					<TextLine ID="P3_TL00214" HPOS="1267" VPOS="2013" WIDTH="520" HEIGHT="33">
						<String ID="P3_ST01280" HPOS="1267" VPOS="2018" WIDTH="77" HEIGHT="23" CONTENT="toasts" WC="0.93" CC="101112"/>
						<SP ID="P3_SP01032" HPOS="1344" VPOS="2041" WIDTH="26"/>
						<String ID="P3_ST01281" HPOS="1370" VPOS="2022" WIDTH="62" HEIGHT="19" CONTENT="were" WC="0.93" CC="2011"/>
						<SP ID="P3_SP01033" HPOS="1432" VPOS="2041" WIDTH="32"/>
						<String ID="P3_ST01282" HPOS="1464" VPOS="2015" WIDTH="59" HEIGHT="31" CONTENT="duly" WC="0.93" CC="1101"/>
						<SP ID="P3_SP01034" HPOS="1523" VPOS="2046" WIDTH="26"/>
						<String ID="P3_ST01283" HPOS="1549" VPOS="2014" WIDTH="133" HEIGHT="29" CONTENT="honoured," WC="0.93" CC="201011121"/>
						<SP ID="P3_SP01035" HPOS="1682" VPOS="2046" WIDTH="32"/>
						<String ID="P3_ST01284" HPOS="1714" VPOS="2013" WIDTH="73" HEIGHT="25" CONTENT='"The' WC="0.75" CC="6130"/>
					</TextLine>
					<TextLine ID="P3_TL00215" HPOS="1268" VPOS="2057" WIDTH="518" HEIGHT="33">
						<String ID="P3_ST01285" HPOS="1268" VPOS="2060" WIDTH="84" HEIGHT="30" CONTENT="Queen" WC="0.90" CC="11121"/>
						<SP ID="P3_SP01036" HPOS="1352" VPOS="2090" WIDTH="8"/>
						<String ID="P3_ST01286" HPOS="1360" VPOS="2061" WIDTH="23" HEIGHT="27" CONTENT='",' WC="0.94" CC="01"/>
						<String ID="P3_ST01287" HPOS="1389" VPOS="2082" WIDTH="2" HEIGHT="1" CONTENT="." WC="1.00" CC="0"/>
						<SP ID="P3_SP01037" HPOS="1391" VPOS="2090" WIDTH="6"/>
						<String ID="P3_ST01288" HPOS="1397" VPOS="2068" WIDTH="6" HEIGHT="6" CONTENT="•" WC="0.96" CC="1"/>
						<String ID="P3_ST01289" HPOS="1407" VPOS="2063" WIDTH="5" HEIGHT="11" CONTENT="'" WC="0.78" CC="2"/>
						<SP ID="P3_SP01038" HPOS="1412" VPOS="2090" WIDTH="6"/>
						<String ID="P3_ST01290" HPOS="1418" VPOS="2058" WIDTH="52" HEIGHT="26" CONTENT="The" WC="0.96" CC="110"/>
						<SP ID="P3_SP01039" HPOS="1470" VPOS="2090" WIDTH="23"/>
						<String ID="P3_ST01291" HPOS="1493" VPOS="2058" WIDTH="113" HEIGHT="25" CONTENT="Carleton" WC="0.94" CC="11102101"/>
						<SP ID="P3_SP01040" HPOS="1606" VPOS="2090" WIDTH="11"/>
						<String ID="P3_ST01292" HPOS="1617" VPOS="2058" WIDTH="112" HEIGHT="31" CONTENT="Literary" WC="0.98" CC="00100011"/>
						<SP ID="P3_SP01041" HPOS="1729" VPOS="2090" WIDTH="8"/>
						<String ID="P3_ST01293" HPOS="1737" VPOS="2057" WIDTH="49" HEIGHT="25" CONTENT="and" WC="0.95" CC="002"/>
					</TextLine>
					<TextLine ID="P3_TL00216" HPOS="1267" VPOS="2100" WIDTH="520" HEIGHT="34">
						<String ID="P3_ST01294" HPOS="1267" VPOS="2103" WIDTH="123" HEIGHT="31" CONTENT="Debating" WC="0.98" CC="21000000"/>
						<SP ID="P3_SP01042" HPOS="1390" VPOS="2134" WIDTH="23"/>
						<String ID="P3_ST01295" HPOS="1413" VPOS="2101" WIDTH="113" HEIGHT="32" CONTENT='Society"' WC="0.93" CC="10000104"/>
						<SP ID="P3_SP01043" HPOS="1526" VPOS="2134" WIDTH="29"/>
						<String ID="P3_ST01296" HPOS="1555" VPOS="2100" WIDTH="117" HEIGHT="33" CONTENT="proposed" WC="0.98" CC="00010111"/>
						<SP ID="P3_SP01044" HPOS="1672" VPOS="2134" WIDTH="21"/>
						<String ID="P3_ST01297" HPOS="1693" VPOS="2100" WIDTH="33" HEIGHT="31" CONTENT="by" WC="0.96" CC="10"/>
						<SP ID="P3_SP01045" HPOS="1726" VPOS="2134" WIDTH="21"/>
						<String ID="P3_ST01298" HPOS="1747" VPOS="2100" WIDTH="40" HEIGHT="24" CONTENT="Mr" WC="1.00" CC="00"/>
					</TextLine>
					<TextLine ID="P3_TL00217" HPOS="1268" VPOS="2143" WIDTH="519" HEIGHT="33">
						<String ID="P3_ST01299" HPOS="1268" VPOS="2147" WIDTH="133" HEIGHT="25" CONTENT="Dohmann" WC="0.97" CC="0020000"/>
						<SP ID="P3_SP01046" HPOS="1401" VPOS="2172" WIDTH="12"/>
						<String ID="P3_ST01300" HPOS="1413" VPOS="2146" WIDTH="48" HEIGHT="25" CONTENT="and" WC="0.97" CC="101"/>
						<SP ID="P3_SP01047" HPOS="1461" VPOS="2172" WIDTH="11"/>
						<String ID="P3_ST01301" HPOS="1472" VPOS="2144" WIDTH="133" HEIGHT="32" CONTENT="responded" WC="0.98" CC="101000101"/>
						<SP ID="P3_SP01048" HPOS="1605" VPOS="2176" WIDTH="16"/>
						<String ID="P3_ST01302" HPOS="1621" VPOS="2145" WIDTH="26" HEIGHT="24" CONTENT="to" WC="0.98" CC="10"/>
						<SP ID="P3_SP01049" HPOS="1647" VPOS="2176" WIDTH="16"/>
						<String ID="P3_ST01303" HPOS="1663" VPOS="2143" WIDTH="32" HEIGHT="33" CONTENT="by" WC="1.00" CC="00"/>
						<SP ID="P3_SP01050" HPOS="1695" VPOS="2176" WIDTH="12"/>
						<String ID="P3_ST01304" HPOS="1707" VPOS="2143" WIDTH="39" HEIGHT="25" CONTENT="Mr" WC="0.96" CC="01"/>
						<SP ID="P3_SP01051" HPOS="1746" VPOS="2176" WIDTH="10"/>
						<String ID="P3_ST01305" HPOS="1756" VPOS="2143" WIDTH="31" HEIGHT="25" CONTENT="R." WC="1.00" CC="00"/>
					</TextLine>
					<TextLine ID="P3_TL00218" HPOS="1267" VPOS="2185" WIDTH="521" HEIGHT="35">
						<String ID="P3_ST01306" HPOS="1267" VPOS="2189" WIDTH="147" HEIGHT="31" CONTENT="Kingsbury." WC="0.94" CC="2001101111"/>
						<SP ID="P3_SP01052" HPOS="1414" VPOS="2220" WIDTH="30"/>
						<String ID="P3_ST01307" HPOS="1444" VPOS="2192" WIDTH="15" HEIGHT="10" CONTENT='"' WC="0.85" CC="2"/>
						<SP ID="P3_SP01053" HPOS="1459" VPOS="2220" WIDTH="8"/>
						<String ID="P3_ST01308" HPOS="1467" VPOS="2187" WIDTH="90" HEIGHT="26" CONTENT="Oxford" WC="0.93" CC="021101"/>
						<SP ID="P3_SP01054" HPOS="1557" VPOS="2220" WIDTH="9"/>
						<String ID="P3_ST01309" HPOS="1566" VPOS="2186" WIDTH="49" HEIGHT="25" CONTENT="and" WC="0.90" CC="103"/>
						<SP ID="P3_SP01055" HPOS="1615" VPOS="2220" WIDTH="12"/>
						<String ID="P3_ST01310" HPOS="1627" VPOS="2186" WIDTH="59" HEIGHT="25" CONTENT="Oust" WC="0.90" CC="2111"/>
						<SP ID="P3_SP01056" HPOS="1686" VPOS="2220" WIDTH="11"/>
						<String ID="P3_ST01311" HPOS="1697" VPOS="2185" WIDTH="91" HEIGHT="26" CONTENT="Debat" SUBS_TYPE="HypPart1" SUBS_CONTENT="Debating" WC="0.97" CC="001111"/>
						<HYP CONTENT="-"/>
					</TextLine>
					<TextLine ID="P3_TL00219" HPOS="1266" VPOS="2229" WIDTH="522" HEIGHT="36">
						<String ID="P3_ST01312" HPOS="1266" VPOS="2232" WIDTH="43" HEIGHT="33" CONTENT="ing" SUBS_TYPE="HypPart2" SUBS_CONTENT="Debating" WC="1.00" CC="000"/>
						<SP ID="P3_SP01057" HPOS="1309" VPOS="2265" WIDTH="13"/>
						<String ID="P3_ST01313" HPOS="1322" VPOS="2232" WIDTH="114" HEIGHT="26" CONTENT="Societies" WC="0.95" CC="201001001"/>
						<SP ID="P3_SP01058" HPOS="1436" VPOS="2265" WIDTH="11"/>
						<String ID="P3_ST01314" HPOS="1447" VPOS="2230" WIDTH="119" HEIGHT="33" CONTENT="proposed" WC="0.98" CC="10010101"/>
						<SP ID="P3_SP01059" HPOS="1566" VPOS="2265" WIDTH="10"/>
						<String ID="P3_ST01315" HPOS="1576" VPOS="2230" WIDTH="32" HEIGHT="32" CONTENT="by" WC="0.96" CC="01"/>
						<SP ID="P3_SP01060" HPOS="1608" VPOS="2265" WIDTH="22"/>
						<String ID="P3_ST01316" HPOS="1630" VPOS="2229" WIDTH="39" HEIGHT="25" CONTENT="Mr" WC="0.96" CC="01"/>
						<SP ID="P3_SP01061" HPOS="1669" VPOS="2265" WIDTH="15"/>
						<String ID="P3_ST01317" HPOS="1684" VPOS="2229" WIDTH="104" HEIGHT="32" CONTENT="Stirling" WC="0.96" CC="11010010"/>
					</TextLine>
					<TextLine ID="P3_TL00220" HPOS="1267" VPOS="2277" WIDTH="521" HEIGHT="35">
						<String ID="P3_ST01318" HPOS="1267" VPOS="2281" WIDTH="48" HEIGHT="25" CONTENT="and" WC="0.99" CC="001"/>
						<SP ID="P3_SP01062" HPOS="1315" VPOS="2306" WIDTH="11"/>
						<String ID="P3_ST01319" HPOS="1326" VPOS="2280" WIDTH="133" HEIGHT="32" CONTENT="responded" WC="0.96" CC="011111101"/>
						<SP ID="P3_SP01063" HPOS="1459" VPOS="2312" WIDTH="11"/>
						<String ID="P3_ST01320" HPOS="1470" VPOS="2281" WIDTH="26" HEIGHT="24" CONTENT="to" WC="0.94" CC="10"/>
						<SP ID="P3_SP01064" HPOS="1496" VPOS="2312" WIDTH="18"/>
						<String ID="P3_ST01321" HPOS="1514" VPOS="2279" WIDTH="33" HEIGHT="31" CONTENT="by" WC="0.94" CC="11"/>
						<SP ID="P3_SP01065" HPOS="1547" VPOS="2312" WIDTH="14"/>
						<String ID="P3_ST01322" HPOS="1561" VPOS="2279" WIDTH="40" HEIGHT="24" CONTENT="Mr" WC="0.96" CC="01"/>
						<SP ID="P3_SP01066" HPOS="1601" VPOS="2312" WIDTH="27"/>
						<String ID="P3_ST01323" HPOS="1628" VPOS="2278" WIDTH="31" HEIGHT="25" CONTENT="G." WC="0.87" CC="21" STYLEREFS="TXT_4"/>
						<SP ID="P3_SP01067" HPOS="1659" VPOS="2312" WIDTH="18"/>
						<String ID="P3_ST01324" HPOS="1677" VPOS="2277" WIDTH="111" HEIGHT="25" CONTENT="Roberts." WC="0.91" CC="10101160"/>
					</TextLine>
					<TextLine ID="P3_TL00221" HPOS="1269" VPOS="2321" WIDTH="521" HEIGHT="32">
						<String ID="P3_ST01325" HPOS="1269" VPOS="2329" WIDTH="15" HEIGHT="11" CONTENT='"' WC="0.48" CC="5"/>
						<SP ID="P3_SP01068" HPOS="1284" VPOS="2340" WIDTH="9"/>
						<String ID="P3_ST01326" HPOS="1293" VPOS="2325" WIDTH="53" HEIGHT="23" CONTENT="The" WC="0.86" CC="131"/>
						<SP ID="P3_SP01069" HPOS="1346" VPOS="2348" WIDTH="16"/>
						<String ID="P3_ST01327" HPOS="1362" VPOS="2324" WIDTH="106" HEIGHT="29" CONTENT="farming" WC="0.95" CC="0110111"/>
						<SP ID="P3_SP01070" HPOS="1468" VPOS="2353" WIDTH="14"/>
						<String ID="P3_ST01328" HPOS="1482" VPOS="2321" WIDTH="137" HEIGHT="25" CONTENT="Interests&#34;'" WC="0.97" CC="00001010012"/>
						<SP ID="P3_SP01071" HPOS="1619" VPOS="2353" WIDTH="11"/>
						<String ID="P3_ST01329" HPOS="1630" VPOS="2321" WIDTH="118" HEIGHT="30" CONTENT="proposed" WC="0.97" CC="01010101"/>
						<SP ID="P3_SP01072" HPOS="1748" VPOS="2353" WIDTH="10"/>
						<String ID="P3_ST01330" HPOS="1758" VPOS="2321" WIDTH="32" HEIGHT="30" CONTENT="by" WC="0.94" CC="11"/>
					</TextLine>
					<TextLine ID="P3_TL00222" HPOS="1268" VPOS="2364" WIDTH="522" HEIGHT="32">
						<String ID="P3_ST01331" HPOS="1268" VPOS="2368" WIDTH="40" HEIGHT="24" CONTENT="Mr" WC="1.00" CC="00"/>
						<SP ID="P3_SP01073" HPOS="1308" VPOS="2392" WIDTH="10"/>
						<String ID="P3_ST01332" HPOS="1318" VPOS="2367" WIDTH="125" HEIGHT="25" CONTENT="Davidson" WC="0.95" CC="10101111"/>
						<SP ID="P3_SP01074" HPOS="1443" VPOS="2392" WIDTH="11"/>
						<String ID="P3_ST01333" HPOS="1454" VPOS="2366" WIDTH="49" HEIGHT="24" CONTENT="and" WC="0.96" CC="111"/>
						<SP ID="P3_SP01075" HPOS="1503" VPOS="2392" WIDTH="18"/>
						<String ID="P3_ST01334" HPOS="1521" VPOS="2364" WIDTH="134" HEIGHT="32" CONTENT="responded" WC="0.97" CC="110000001"/>
						<SP ID="P3_SP01076" HPOS="1655" VPOS="2396" WIDTH="15"/>
						<String ID="P3_ST01335" HPOS="1670" VPOS="2366" WIDTH="26" HEIGHT="22" CONTENT="to" WC="1.00" CC="00"/>
						<SP ID="P3_SP01077" HPOS="1696" VPOS="2396" WIDTH="10"/>
						<String ID="P3_ST01336" HPOS="1706" VPOS="2364" WIDTH="32" HEIGHT="31" CONTENT="by" WC="0.94" CC="11"/>
						<SP ID="P3_SP01078" HPOS="1738" VPOS="2396" WIDTH="12"/>
						<String ID="P3_ST01337" HPOS="1750" VPOS="2364" WIDTH="40" HEIGHT="24" CONTENT="Mr" WC="0.94" CC="01"/>
					</TextLine>
					<TextLine ID="P3_TL00223" HPOS="1269" VPOS="2408" WIDTH="522" HEIGHT="28">
						<String ID="P3_ST01338" HPOS="1269" VPOS="2411" WIDTH="29" HEIGHT="25" CONTENT="A." WC="0.96" CC="11"/>
						<SP ID="P3_SP01079" HPOS="1298" VPOS="2436" WIDTH="20"/>
						<String ID="P3_ST01339" HPOS="1318" VPOS="2411" WIDTH="116" HEIGHT="24" CONTENT="Bennett." WC="0.94" CC="10110210"/>
						<SP ID="P3_SP01080" HPOS="1434" VPOS="2436" WIDTH="36"/>
						<String ID="P3_ST01340" HPOS="1470" VPOS="2409" WIDTH="73" HEIGHT="25" CONTENT='"The' WC="0.80" CC="7110"/>
						<SP ID="P3_SP01081" HPOS="1543" VPOS="2436" WIDTH="22"/>
						<String ID="P3_ST01341" HPOS="1565" VPOS="2408" WIDTH="116" HEIGHT="25" CONTENT="Carleton" WC="0.96" CC="10011100"/>
						<SP ID="P3_SP01082" HPOS="1681" VPOS="2436" WIDTH="20"/>
						<String ID="P3_ST01342" HPOS="1701" VPOS="2408" WIDTH="90" HEIGHT="26" CONTENT="School" WC="0.97" CC="111000"/>
					</TextLine>
					<TextLine ID="P3_TL00224" HPOS="1268" VPOS="2451" WIDTH="520" HEIGHT="33">
						<String ID="P3_ST01343" HPOS="1268" VPOS="2455" WIDTH="167" HEIGHT="25" CONTENT='Committee"' WC="0.97" CC="1011001000"/>
						<SP ID="P3_SP01083" HPOS="1435" VPOS="2480" WIDTH="28"/>
						<String ID="P3_ST01344" HPOS="1463" VPOS="2452" WIDTH="118" HEIGHT="32" CONTENT="proposed" WC="0.97" CC="11010100"/>
						<SP ID="P3_SP01084" HPOS="1581" VPOS="2484" WIDTH="37"/>
						<String ID="P3_ST01345" HPOS="1618" VPOS="2451" WIDTH="38" HEIGHT="33" CONTENT="by." WC="0.99" CC="100"/>
						<SP ID="P3_SP01085" HPOS="1656" VPOS="2484" WIDTH="22"/>
						<String ID="P3_ST01346" HPOS="1678" VPOS="2451" WIDTH="40" HEIGHT="24" CONTENT="Mr" WC="0.78" CC="14"/>
						<SP ID="P3_SP01086" HPOS="1718" VPOS="2484" WIDTH="39"/>
						<String ID="P3_ST01347" HPOS="1757" VPOS="2451" WIDTH="31" HEIGHT="24" CONTENT="R." WC="0.93" CC="11"/>
					</TextLine>
					<TextLine ID="P3_TL00225" HPOS="1268" VPOS="2494" WIDTH="520" HEIGHT="33">
						<String ID="P3_ST01348" HPOS="1268" VPOS="2498" WIDTH="106" HEIGHT="25" CONTENT="Bennett" WC="0.97" CC="1010111"/>
						<SP ID="P3_SP01087" HPOS="1374" VPOS="2523" WIDTH="13"/>
						<String ID="P3_ST01349" HPOS="1387" VPOS="2496" WIDTH="49" HEIGHT="26" CONTENT="and" WC="0.97" CC="001"/>
						<SP ID="P3_SP01088" HPOS="1436" VPOS="2523" WIDTH="18"/>
						<String ID="P3_ST01350" HPOS="1454" VPOS="2495" WIDTH="134" HEIGHT="32" CONTENT="responded" WC="0.97" CC="011000001"/>
						<SP ID="P3_SP01089" HPOS="1588" VPOS="2527" WIDTH="11"/>
						<String ID="P3_ST01351" HPOS="1599" VPOS="2496" WIDTH="26" HEIGHT="23" CONTENT="to" WC="0.98" CC="10"/>
						<SP ID="P3_SP01090" HPOS="1625" VPOS="2527" WIDTH="19"/>
						<String ID="P3_ST01352" HPOS="1644" VPOS="2494" WIDTH="32" HEIGHT="32" CONTENT="by" WC="0.98" CC="10"/>
						<SP ID="P3_SP01091" HPOS="1676" VPOS="2527" WIDTH="22"/>
						<String ID="P3_ST01353" HPOS="1698" VPOS="2495" WIDTH="41" HEIGHT="24" CONTENT="Mr" WC="0.96" CC="01"/>
						<SP ID="P3_SP01092" HPOS="1739" VPOS="2527" WIDTH="23"/>
						<String ID="P3_ST01354" HPOS="1762" VPOS="2494" WIDTH="26" HEIGHT="25" CONTENT="S." WC="0.96" CC="10"/>
					</TextLine>
					<TextLine ID="P3_TL00226" HPOS="1269" VPOS="2536" WIDTH="520" HEIGHT="33">
						<String ID="P3_ST01355" HPOS="1269" VPOS="2541" WIDTH="98" HEIGHT="25" CONTENT="Sellars." WC="0.96" CC="11011011"/>
						<SP ID="P3_SP01093" HPOS="1367" VPOS="2566" WIDTH="37"/>
						<String ID="P3_ST01356" HPOS="1404" VPOS="2539" WIDTH="73" HEIGHT="25" CONTENT='"The' WC="0.87" CC="3111"/>
						<SP ID="P3_SP01094" HPOS="1477" VPOS="2566" WIDTH="11"/>
						<String ID="P3_ST01357" HPOS="1488" VPOS="2538" WIDTH="109" HEIGHT="25" CONTENT='Ladies"' WC="0.90" CC="1110114"/>
						<SP ID="P3_SP01095" HPOS="1597" VPOS="2566" WIDTH="23"/>
						<String ID="P3_ST01358" HPOS="1620" VPOS="2537" WIDTH="118" HEIGHT="32" CONTENT="proposed" WC="0.94" CC="12000111"/>
						<SP ID="P3_SP01096" HPOS="1738" VPOS="2569" WIDTH="19"/>
						<String ID="P3_ST01359" HPOS="1757" VPOS="2536" WIDTH="32" HEIGHT="32" CONTENT="by" WC="0.96" CC="01"/>
					</TextLine>
					<TextLine ID="P3_TL00227" HPOS="1268" VPOS="2581" WIDTH="521" HEIGHT="35">
						<String ID="P3_ST01360" HPOS="1268" VPOS="2585" WIDTH="39" HEIGHT="25" CONTENT="Mr" WC="0.98" CC="01"/>
						<SP ID="P3_SP01097" HPOS="1307" VPOS="2610" WIDTH="11"/>
						<String ID="P3_ST01361" HPOS="1318" VPOS="2585" WIDTH="34" HEIGHT="24" CONTENT="H." WC="0.94" CC="11"/>
						<SP ID="P3_SP01098" HPOS="1352" VPOS="2610" WIDTH="21"/>
						<String ID="P3_ST01362" HPOS="1373" VPOS="2583" WIDTH="92" HEIGHT="33" CONTENT="Cooper" WC="0.96" CC="100101"/>
						<SP ID="P3_SP01099" HPOS="1465" VPOS="2616" WIDTH="22"/>
						<String ID="P3_ST01363" HPOS="1487" VPOS="2583" WIDTH="49" HEIGHT="25" CONTENT="and" WC="0.94" CC="111"/>
						<SP ID="P3_SP01100" HPOS="1536" VPOS="2616" WIDTH="16"/>
						<String ID="P3_ST01364" HPOS="1552" VPOS="2582" WIDTH="134" HEIGHT="33" CONTENT="responded" WC="0.96" CC="111100101"/>
						<SP ID="P3_SP01101" HPOS="1686" VPOS="2616" WIDTH="24"/>
						<String ID="P3_ST01365" HPOS="1710" VPOS="2582" WIDTH="25" HEIGHT="24" CONTENT="to" WC="0.83" CC="30"/>
						<SP ID="P3_SP01102" HPOS="1735" VPOS="2616" WIDTH="21"/>
						<String ID="P3_ST01366" HPOS="1756" VPOS="2581" WIDTH="33" HEIGHT="32" CONTENT="by" WC="0.96" CC="10"/>
					</TextLine>
					<TextLine ID="P3_TL00228" HPOS="1268" VPOS="2625" WIDTH="520" HEIGHT="32">
						<String ID="P3_ST01367" HPOS="1268" VPOS="2629" WIDTH="41" HEIGHT="24" CONTENT="Mr" WC="0.81" CC="31"/>
						<SP ID="P3_SP01103" HPOS="1309" VPOS="2653" WIDTH="13"/>
						<String ID="P3_ST01368" HPOS="1322" VPOS="2628" WIDTH="30" HEIGHT="25" CONTENT="A." WC="0.98" CC="01"/>
						<SP ID="P3_SP01104" HPOS="1352" VPOS="2653" WIDTH="22"/>
						<String ID="P3_ST01369" HPOS="1374" VPOS="2627" WIDTH="133" HEIGHT="25" CONTENT="Moderate." WC="0.96" CC="001110020"/>
						<SP ID="P3_SP01105" HPOS="1507" VPOS="2653" WIDTH="35"/>
						<String ID="P3_ST01370" HPOS="1542" VPOS="2626" WIDTH="74" HEIGHT="23" CONTENT='"The' WC="0.92" CC="2110"/>
						<SP ID="P3_SP01106" HPOS="1616" VPOS="2653" WIDTH="23"/>
						<String ID="P3_ST01371" HPOS="1639" VPOS="2625" WIDTH="149" HEIGHT="32" CONTENT='Secretary"' WC="0.97" CC="0100011110"/>
					</TextLine>
					<TextLine ID="P3_TL00229" HPOS="1267" VPOS="2668" WIDTH="523" HEIGHT="35">
						<String ID="P3_ST01372" HPOS="1267" VPOS="2670" WIDTH="119" HEIGHT="33" CONTENT="proposed" WC="0.79" CC="47120112"/>
						<SP ID="P3_SP01107" HPOS="1386" VPOS="2703" WIDTH="9"/>
						<String ID="P3_ST01373" HPOS="1395" VPOS="2670" WIDTH="32" HEIGHT="33" CONTENT="by" WC="0.83" CC="22"/>
						<SP ID="P3_SP01108" HPOS="1427" VPOS="2703" WIDTH="8"/>
						<String ID="P3_ST01374" HPOS="1435" VPOS="2670" WIDTH="40" HEIGHT="23" CONTENT="Mr" WC="0.94" CC="01"/>
						<SP ID="P3_SP01109" HPOS="1475" VPOS="2703" WIDTH="10"/>
						<String ID="P3_ST01375" HPOS="1485" VPOS="2669" WIDTH="124" HEIGHT="24" CONTENT="Moderate" WC="0.86" CC="10224111"/>
						<SP ID="P3_SP01110" HPOS="1609" VPOS="2703" WIDTH="8"/>
						<String ID="P3_ST01376" HPOS="1617" VPOS="2669" WIDTH="50" HEIGHT="23" CONTENT="and" WC="0.83" CC="131"/>
						<SP ID="P3_SP01111" HPOS="1667" VPOS="2703" WIDTH="7"/>
						<String ID="P3_ST01377" HPOS="1674" VPOS="2668" WIDTH="116" HEIGHT="32" CONTENT="respond" SUBS_TYPE="HypPart1" SUBS_CONTENT="responded" WC="0.92" CC="20121210"/>
						<HYP CONTENT="-"/>
					</TextLine>
					<TextLine ID="P3_TL00230" HPOS="1268" VPOS="2710" WIDTH="521" HEIGHT="35">
						<String ID="P3_ST01378" HPOS="1268" VPOS="2714" WIDTH="30" HEIGHT="25" CONTENT="ed" SUBS_TYPE="HypPart2" SUBS_CONTENT="responded" WC="0.63" CC="61"/>
						<SP ID="P3_SP01112" HPOS="1298" VPOS="2739" WIDTH="15"/>
						<String ID="P3_ST01379" HPOS="1313" VPOS="2716" WIDTH="24" HEIGHT="23" CONTENT="to" WC="0.96" CC="10"/>
						<SP ID="P3_SP01113" HPOS="1337" VPOS="2739" WIDTH="18"/>
						<String ID="P3_ST01380" HPOS="1355" VPOS="2714" WIDTH="30" HEIGHT="31" CONTENT="by" WC="0.98" CC="01"/>
						<SP ID="P3_SP01114" HPOS="1385" VPOS="2745" WIDTH="17"/>
						<String ID="P3_ST01381" HPOS="1402" VPOS="2713" WIDTH="39" HEIGHT="24" CONTENT="Mr" WC="0.98" CC="01"/>
						<SP ID="P3_SP01115" HPOS="1441" VPOS="2745" WIDTH="19"/>
						<String ID="P3_ST01382" HPOS="1460" VPOS="2712" WIDTH="36" HEIGHT="25" CONTENT="W." WC="0.96" CC="01"/>
						<SP ID="P3_SP01116" HPOS="1496" VPOS="2745" WIDTH="20"/>
						<String ID="P3_ST01383" HPOS="1516" VPOS="2712" WIDTH="109" HEIGHT="31" CONTENT="Skirling." WC="0.90" CC="160011101"/>
						<SP ID="P3_SP01117" HPOS="1625" VPOS="2745" WIDTH="35"/>
						<String ID="P3_ST01384" HPOS="1660" VPOS="2711" WIDTH="87" HEIGHT="25" CONTENT="Misses" WC="0.96" CC="001101"/>
						<SP ID="P3_SP01118" HPOS="1747" VPOS="2745" WIDTH="16"/>
						<String ID="P3_ST01385" HPOS="1763" VPOS="2710" WIDTH="26" HEIGHT="25" CONTENT="C." WC="0.91" CC="12"/>
					</TextLine>
					<TextLine ID="P3_TL00231" HPOS="1270" VPOS="2754" WIDTH="521" HEIGHT="29">
						<String ID="P3_ST01386" HPOS="1270" VPOS="2758" WIDTH="49" HEIGHT="24" CONTENT="and" WC="0.93" CC="111"/>
						<SP ID="P3_SP01119" HPOS="1319" VPOS="2782" WIDTH="23"/>
						<String ID="P3_ST01387" HPOS="1342" VPOS="2758" WIDTH="29" HEIGHT="25" CONTENT="Gr." WC="0.95" CC="111"/>
						<SP ID="P3_SP01120" HPOS="1371" VPOS="2783" WIDTH="23"/>
						<String ID="P3_ST01388" HPOS="1394" VPOS="2756" WIDTH="146" HEIGHT="25" CONTENT="Dohrniann" WC="0.96" CC="000111111"/>
						<SP ID="P3_SP01121" HPOS="1540" VPOS="2783" WIDTH="31"/>
						<String ID="P3_ST01389" HPOS="1571" VPOS="2756" WIDTH="49" HEIGHT="24" CONTENT="and" WC="0.96" CC="011"/>
						<SP ID="P3_SP01122" HPOS="1620" VPOS="2783" WIDTH="24"/>
						<String ID="P3_ST01390" HPOS="1644" VPOS="2755" WIDTH="91" HEIGHT="24" CONTENT="Messrs" WC="0.98" CC="000101"/>
						<SP ID="P3_SP01123" HPOS="1735" VPOS="2783" WIDTH="23"/>
						<String ID="P3_ST01391" HPOS="1758" VPOS="2754" WIDTH="33" HEIGHT="25" CONTENT="H." WC="0.96" CC="10"/>
					</TextLine>
					<TextLine ID="P3_TL00232" HPOS="1272" VPOS="2797" WIDTH="521" HEIGHT="35">
						<String ID="P3_ST01392" HPOS="1272" VPOS="2801" WIDTH="99" HEIGHT="31" CONTENT="Cooper," WC="0.94" CC="1001012"/>
						<SP ID="P3_SP01124" HPOS="1371" VPOS="2832" WIDTH="9"/>
						<String ID="P3_ST01393" HPOS="1380" VPOS="2800" WIDTH="31" HEIGHT="25" CONTENT="R." WC="0.91" CC="20"/>
						<SP ID="P3_SP01125" HPOS="1411" VPOS="2832" WIDTH="9"/>
						<String ID="P3_ST01394" HPOS="1420" VPOS="2799" WIDTH="141" HEIGHT="31" CONTENT="Kingsbury" WC="0.93" CC="311101110"/>
						<SP ID="P3_SP01126" HPOS="1561" VPOS="2832" WIDTH="8"/>
						<String ID="P3_ST01395" HPOS="1569" VPOS="2798" WIDTH="48" HEIGHT="25" CONTENT="and" WC="0.89" CC="103"/>
						<SP ID="P3_SP01127" HPOS="1617" VPOS="2832" WIDTH="11"/>
						<String ID="P3_ST01396" HPOS="1628" VPOS="2798" WIDTH="34" HEIGHT="24" CONTENT="H." WC="0.93" CC="11"/>
						<SP ID="P3_SP01128" HPOS="1662" VPOS="2832" WIDTH="12"/>
						<String ID="P3_ST01397" HPOS="1674" VPOS="2797" WIDTH="119" HEIGHT="25" CONTENT="Gatherer" WC="0.94" CC="30110100"/>
					</TextLine>
					<TextLine ID="P3_TL00233" HPOS="1270" VPOS="2842" WIDTH="522" HEIGHT="31">
						<String ID="P3_ST01398" HPOS="1270" VPOS="2844" WIDTH="153" HEIGHT="25" CONTENT="contributed" WC="0.92" CC="00121012211"/>
						<SP ID="P3_SP01129" HPOS="1423" VPOS="2869" WIDTH="20"/>
						<String ID="P3_ST01399" HPOS="1443" VPOS="2851" WIDTH="73" HEIGHT="22" CONTENT="songs" WC="0.92" CC="10301"/>
						<SP ID="P3_SP01130" HPOS="1516" VPOS="2873" WIDTH="11"/>
						<String ID="P3_ST01400" HPOS="1527" VPOS="2842" WIDTH="88" HEIGHT="30" CONTENT="during" WC="0.87" CC="123021"/>
						<SP ID="P3_SP01131" HPOS="1615" VPOS="2873" WIDTH="12"/>
						<String ID="P3_ST01401" HPOS="1627" VPOS="2842" WIDTH="42" HEIGHT="23" CONTENT="the" WC="0.90" CC="111"/>
						<SP ID="P3_SP01132" HPOS="1669" VPOS="2873" WIDTH="11"/>
						<String ID="P3_ST01402" HPOS="1680" VPOS="2842" WIDTH="112" HEIGHT="30" CONTENT="evening." WC="0.93" CC="01000411"/>
					</TextLine>
					<TextLine ID="P3_TL00234" HPOS="1271" VPOS="2885" WIDTH="520" HEIGHT="34">
						<String ID="P3_ST01403" HPOS="1271" VPOS="2889" WIDTH="52" HEIGHT="23" CONTENT="The" WC="0.96" CC="101"/>
						<SP ID="P3_SP01133" HPOS="1323" VPOS="2912" WIDTH="14"/>
						<String ID="P3_ST01404" HPOS="1337" VPOS="2887" WIDTH="97" HEIGHT="32" CONTENT="singing" WC="0.99" CC="0000001"/>
						<SP ID="P3_SP01134" HPOS="1434" VPOS="2919" WIDTH="22"/>
						<String ID="P3_ST01405" HPOS="1456" VPOS="2886" WIDTH="26" HEIGHT="24" CONTENT="of" WC="0.96" CC="01"/>
						<SP ID="P3_SP01135" HPOS="1482" VPOS="2919" WIDTH="21"/>
						<String ID="P3_ST01406" HPOS="1503" VPOS="2885" WIDTH="88" HEIGHT="24" CONTENT='"Auld' WC="0.96" CC="20001"/>
						<SP ID="P3_SP01136" HPOS="1591" VPOS="2919" WIDTH="18"/>
						<String ID="P3_ST01407" HPOS="1609" VPOS="2885" WIDTH="72" HEIGHT="31" CONTENT="Lang" WC="1.00" CC="0000"/>
						<SP ID="P3_SP01137" HPOS="1681" VPOS="2919" WIDTH="22"/>
						<String ID="P3_ST01408" HPOS="1703" VPOS="2885" WIDTH="88" HEIGHT="31" CONTENT='Syne"' WC="0.98" CC="11010"/>
					</TextLine>
					<TextLine ID="P3_TL00235" HPOS="1270" VPOS="2928" WIDTH="521" HEIGHT="33">
						<String ID="P3_ST01409" HPOS="1270" VPOS="2931" WIDTH="80" HEIGHT="26" CONTENT="closed" WC="0.97" CC="100101"/>
						<SP ID="P3_SP01138" HPOS="1350" VPOS="2957" WIDTH="16"/>
						<String ID="P3_ST01410" HPOS="1366" VPOS="2931" WIDTH="50" HEIGHT="25" CONTENT="this" WC="0.95" CC="0111"/>
						<SP ID="P3_SP01139" HPOS="1416" VPOS="2957" WIDTH="22"/>
						<String ID="P3_ST01411" HPOS="1438" VPOS="2931" WIDTH="55" HEIGHT="30" CONTENT="part" WC="0.99" CC="0001"/>
						<SP ID="P3_SP01140" HPOS="1493" VPOS="2961" WIDTH="22"/>
						<String ID="P3_ST01412" HPOS="1515" VPOS="2930" WIDTH="26" HEIGHT="24" CONTENT="of" WC="0.98" CC="01"/>
						<SP ID="P3_SP01141" HPOS="1541" VPOS="2961" WIDTH="18"/>
						<String ID="P3_ST01413" HPOS="1559" VPOS="2929" WIDTH="42" HEIGHT="25" CONTENT="the" WC="0.97" CC="010"/>
						<SP ID="P3_SP01142" HPOS="1601" VPOS="2961" WIDTH="21"/>
						<String ID="P3_ST01414" HPOS="1622" VPOS="2928" WIDTH="156" HEIGHT="32" CONTENT="proceedings" WC="0.99" CC="00000010001"/>
						<String ID="P3_ST01415" HPOS="1785" VPOS="2936" WIDTH="6" HEIGHT="21" CONTENT=";" WC="0.96" CC="1"/>
					</TextLine>
					<TextLine ID="P3_TL00236" HPOS="1271" VPOS="2977" WIDTH="520" HEIGHT="32">
						<String ID="P3_ST01416" HPOS="1271" VPOS="2981" WIDTH="48" HEIGHT="25" CONTENT="and" WC="0.99" CC="001"/>
						<SP ID="P3_SP01143" HPOS="1319" VPOS="3006" WIDTH="17"/>
						<String ID="P3_ST01417" HPOS="1336" VPOS="2980" WIDTH="67" HEIGHT="28" CONTENT="then," WC="0.98" CC="00101"/>
						<SP ID="P3_SP01144" HPOS="1403" VPOS="3008" WIDTH="29"/>
						<String ID="P3_ST01418" HPOS="1432" VPOS="2979" WIDTH="42" HEIGHT="25" CONTENT="tbe" WC="0.68" CC="090"/>
						<SP ID="P3_SP01145" HPOS="1474" VPOS="3008" WIDTH="29"/>
						<String ID="P3_ST01419" HPOS="1503" VPOS="2978" WIDTH="61" HEIGHT="25" CONTENT="Hall" WC="0.98" CC="1100"/>
						<SP ID="P3_SP01146" HPOS="1564" VPOS="3008" WIDTH="24"/>
						<String ID="P3_ST01420" HPOS="1588" VPOS="2978" WIDTH="74" HEIGHT="31" CONTENT="being" WC="0.96" CC="00011"/>
						<SP ID="P3_SP01147" HPOS="1662" VPOS="3009" WIDTH="27"/>
						<String ID="P3_ST01421" HPOS="1689" VPOS="2977" WIDTH="102" HEIGHT="29" CONTENT="cleared," WC="0.98" CC="00000011"/>
					</TextLine>
					<TextLine ID="P3_TL00237" HPOS="1270" VPOS="3028" WIDTH="522" HEIGHT="34">
						<String ID="P3_ST01422" HPOS="1270" VPOS="3031" WIDTH="105" HEIGHT="31" CONTENT="dancing" WC="0.97" CC="0110011"/>
						<SP ID="P3_SP01148" HPOS="1375" VPOS="3062" WIDTH="10"/>
						<String ID="P3_ST01423" HPOS="1385" VPOS="3037" WIDTH="49" HEIGHT="17" CONTENT="was" WC="0.97" CC="101"/>
						<SP ID="P3_SP01149" HPOS="1434" VPOS="3062" WIDTH="12"/>
						<String ID="P3_ST01424" HPOS="1446" VPOS="3028" WIDTH="116" HEIGHT="30" CONTENT="indulged" WC="0.95" CC="11010111"/>
						<SP ID="P3_SP01150" HPOS="1562" VPOS="3062" WIDTH="21"/>
						<String ID="P3_ST01425" HPOS="1583" VPOS="3028" WIDTH="27" HEIGHT="23" CONTENT="m" WC="0.98" CC="0"/>
						<SP ID="P3_SP01151" HPOS="1610" VPOS="3062" WIDTH="11"/>
						<String ID="P3_ST01426" HPOS="1621" VPOS="3028" WIDTH="38" HEIGHT="24" CONTENT="for" WC="0.99" CC="001"/>
						<SP ID="P3_SP01152" HPOS="1659" VPOS="3062" WIDTH="23"/>
						<String ID="P3_ST01427" HPOS="1682" VPOS="3036" WIDTH="14" HEIGHT="16" CONTENT="a" WC="0.93" CC="1"/>
						<SP ID="P3_SP01153" HPOS="1696" VPOS="3062" WIDTH="12"/>
						<String ID="P3_ST01428" HPOS="1708" VPOS="3028" WIDTH="84" HEIGHT="30" CONTENT="couple" WC="0.97" CC="000200"/>
					</TextLine>
					<TextLine ID="P3_TL00238" HPOS="1271" VPOS="3070" WIDTH="523" HEIGHT="31">
						<String ID="P3_ST01429" HPOS="1271" VPOS="3074" WIDTH="25" HEIGHT="24" CONTENT="of" WC="0.94" CC="01"/>
						<SP ID="P3_SP01154" HPOS="1296" VPOS="3098" WIDTH="19"/>
						<String ID="P3_ST01430" HPOS="1315" VPOS="3074" WIDTH="75" HEIGHT="23" CONTENT="hours" WC="0.95" CC="10012"/>
						<SP ID="P3_SP01155" HPOS="1390" VPOS="3098" WIDTH="23"/>
						<String ID="P3_ST01431" HPOS="1413" VPOS="3072" WIDTH="71" HEIGHT="24" CONTENT="when" WC="0.94" CC="1111"/>
						<SP ID="P3_SP01156" HPOS="1484" VPOS="3098" WIDTH="23"/>
						<String ID="P3_ST01432" HPOS="1507" VPOS="3071" WIDTH="41" HEIGHT="23" CONTENT="the" WC="0.93" CC="110"/>
						<SP ID="P3_SP01157" HPOS="1548" VPOS="3098" WIDTH="29"/>
						<String ID="P3_ST01433" HPOS="1577" VPOS="3072" WIDTH="71" HEIGHT="29" CONTENT="party" WC="0.97" CC="10110"/>
						<SP ID="P3_SP01158" HPOS="1648" VPOS="3101" WIDTH="19"/>
						<String ID="P3_ST01434" HPOS="1667" VPOS="3070" WIDTH="74" HEIGHT="24" CONTENT="broke" WC="0.95" CC="01110"/>
						<SP ID="P3_SP01159" HPOS="1741" VPOS="3101" WIDTH="20"/>
						<String ID="P3_ST01435" HPOS="1761" VPOS="3077" WIDTH="33" HEIGHT="23" CONTENT="up" WC="0.98" CC="01"/>
					</TextLine>
					<TextLine ID="P3_TL00239" HPOS="1270" VPOS="3109" WIDTH="522" HEIGHT="33">
						<String ID="P3_ST01436" HPOS="1270" VPOS="3112" WIDTH="146" HEIGHT="30" CONTENT="thoroughly" WC="0.93" CC="1101112211"/>
						<SP ID="P3_SP01160" HPOS="1416" VPOS="3142" WIDTH="12"/>
						<String ID="P3_ST01437" HPOS="1428" VPOS="3110" WIDTH="97" HEIGHT="31" CONTENT="pleased" WC="0.94" CC="1011111"/>
						<SP ID="P3_SP01161" HPOS="1525" VPOS="3142" WIDTH="11"/>
						<String ID="P3_ST01438" HPOS="1536" VPOS="3109" WIDTH="60" HEIGHT="24" CONTENT="Avifch" WC="0.90" CC="321111"/>
						<SP ID="P3_SP01162" HPOS="1596" VPOS="3142" WIDTH="15"/>
						<String ID="P3_ST01439" HPOS="1611" VPOS="3109" WIDTH="43" HEIGHT="24" CONTENT="the" WC="0.94" CC="111"/>
						<SP ID="P3_SP01163" HPOS="1654" VPOS="3142" WIDTH="12"/>
						<String ID="P3_ST01440" HPOS="1666" VPOS="3109" WIDTH="111" HEIGHT="30" CONTENT="evening'" WC="0.96" CC="11101110"/>
						<String ID="P3_ST01441" HPOS="1780" VPOS="3126" WIDTH="12" HEIGHT="15" CONTENT="s" STYLE="subscript" WC="0.89" CC="1"/>
					</TextLine>
					<TextLine ID="P3_TL00240" HPOS="1271" VPOS="3159" WIDTH="285" HEIGHT="31">
						<String ID="P3_ST01442" HPOS="1271" VPOS="3161" WIDTH="131" HEIGHT="27" CONTENT="successful" WC="0.96" CC="1110011100"/>
						<SP ID="P3_SP01164" HPOS="1402" VPOS="3188" WIDTH="18"/>
						<String ID="P3_ST01443" HPOS="1420" VPOS="3159" WIDTH="136" HEIGHT="31" CONTENT="gathering." WC="0.94" CC="2101111111"/>
					</TextLine>
					<TextLine ID="P3_TL00241" HPOS="1270" VPOS="3201" WIDTH="525" HEIGHT="30">
						<String ID="P3_ST01444" HPOS="1270" VPOS="3206" WIDTH="69" HEIGHT="25" CONTENT="Band" WC="0.87" CC="1141"/>
						<SP ID="P3_SP01165" HPOS="1339" VPOS="3231" WIDTH="12"/>
						<String ID="P3_ST01445" HPOS="1351" VPOS="3212" WIDTH="29" HEIGHT="17" CONTENT="op" WC="0.85" CC="03"/>
						<SP ID="P3_SP01166" HPOS="1380" VPOS="3231" WIDTH="10"/>
						<String ID="P3_ST01446" HPOS="1390" VPOS="3203" WIDTH="114" HEIGHT="25" CONTENT="Hope.—" WC="0.96" CC="001110"/>
						<String ID="P3_ST01447" HPOS="1504" VPOS="3202" WIDTH="22" HEIGHT="25" CONTENT="A" WC="1.00" CC="0"/>
						<SP ID="P3_SP01167" HPOS="1526" VPOS="3231" WIDTH="11"/>
						<String ID="P3_ST01448" HPOS="1537" VPOS="3203" WIDTH="56" HEIGHT="24" CONTENT="well" WC="0.96" CC="1010"/>
						<SP ID="P3_SP01168" HPOS="1593" VPOS="3231" WIDTH="20"/>
						<String ID="P3_ST01449" HPOS="1613" VPOS="3201" WIDTH="115" HEIGHT="26" CONTENT="attended" WC="0.95" CC="10101111"/>
						<SP ID="P3_SP01169" HPOS="1728" VPOS="3231" WIDTH="18"/>
						<String ID="P3_ST01450" HPOS="1746" VPOS="3203" WIDTH="49" HEIGHT="24" CONTENT="and" WC="0.90" CC="121"/>
					</TextLine>
					<TextLine ID="P3_TL00242" HPOS="1272" VPOS="3244" WIDTH="523" HEIGHT="35">
						<String ID="P3_ST01451" HPOS="1272" VPOS="3247" WIDTH="146" HEIGHT="32" CONTENT="thoroughly" WC="0.98" CC="1101000101"/>
						<SP ID="P3_SP01170" HPOS="1418" VPOS="3279" WIDTH="10"/>
						<String ID="P3_ST01452" HPOS="1428" VPOS="3244" WIDTH="125" HEIGHT="35" CONTENT="enjoyable" WC="0.95" CC="012011100"/>
						<SP ID="P3_SP01171" HPOS="1553" VPOS="3279" WIDTH="9"/>
						<String ID="P3_ST01453" HPOS="1562" VPOS="3246" WIDTH="108" HEIGHT="31" CONTENT="meeting" WC="0.95" CC="1101011"/>
						<SP ID="P3_SP01172" HPOS="1670" VPOS="3279" WIDTH="9"/>
						<String ID="P3_ST01454" HPOS="1679" VPOS="3253" WIDTH="50" HEIGHT="18" CONTENT="was" WC="0.97" CC="011"/>
						<SP ID="P3_SP01173" HPOS="1729" VPOS="3279" WIDTH="8"/>
						<String ID="P3_ST01455" HPOS="1737" VPOS="3246" WIDTH="58" HEIGHT="25" CONTENT="held" WC="0.96" CC="1101"/>
					</TextLine>
					<TextLine ID="P3_TL00243" HPOS="1273" VPOS="3288" WIDTH="520" HEIGHT="29">
						<String ID="P3_ST01456" HPOS="1273" VPOS="3293" WIDTH="25" HEIGHT="24" CONTENT="at" WC="0.87" CC="12"/>
						<SP ID="P3_SP01174" HPOS="1298" VPOS="3317" WIDTH="10"/>
						<String ID="P3_ST01457" HPOS="1308" VPOS="3293" WIDTH="42" HEIGHT="23" CONTENT="tne" WC="0.99" CC="100"/>
						<SP ID="P3_SP01175" HPOS="1350" VPOS="3317" WIDTH="30"/>
						<String ID="P3_ST01458" HPOS="1380" VPOS="3290" WIDTH="33" HEIGHT="24" CONTENT="U." WC="0.93" CC="11"/>
						<SP ID="P3_SP01176" HPOS="1413" VPOS="3317" WIDTH="17"/>
						<String ID="P3_ST01459" HPOS="1430" VPOS="3290" WIDTH="35" HEIGHT="24" CONTENT="M," WC="0.87" CC="03"/>
						<SP ID="P3_SP01177" HPOS="1465" VPOS="3317" WIDTH="17"/>
						<String ID="P3_ST01460" HPOS="1482" VPOS="3289" WIDTH="30" HEIGHT="25" CONTENT="F." WC="0.85" CC="31"/>
						<SP ID="P3_SP01178" HPOS="1512" VPOS="3317" WIDTH="19"/>
						<String ID="P3_ST01461" HPOS="1531" VPOS="3288" WIDTH="98" HEIGHT="26" CONTENT="Church" WC="0.83" CC="123104"/>
						<SP ID="P3_SP01179" HPOS="1629" VPOS="3317" WIDTH="22"/>
						<String ID="P3_ST01462" HPOS="1651" VPOS="3288" WIDTH="71" HEIGHT="26" CONTENT="West" WC="0.92" CC="1112"/>
						<SP ID="P3_SP01180" HPOS="1722" VPOS="3317" WIDTH="23"/>
						<String ID="P3_ST01463" HPOS="1745" VPOS="3288" WIDTH="48" HEIGHT="26" CONTENT="Ox" SUBS_TYPE="HypPart1" SUBS_CONTENT="Oxford" WC="0.90" CC="012"/>
						<HYP CONTENT="-"/>
					</TextLine>
					<TextLine ID="P3_TL00244" HPOS="1272" VPOS="3331" WIDTH="521" HEIGHT="34">
						<String ID="P3_ST01464" HPOS="1272" VPOS="3335" WIDTH="53" HEIGHT="25" CONTENT="ford" SUBS_TYPE="HypPart2" SUBS_CONTENT="Oxford" WC="0.94" CC="1021"/>
						<SP ID="P3_SP01181" HPOS="1325" VPOS="3360" WIDTH="10"/>
						<String ID="P3_ST01465" HPOS="1335" VPOS="3342" WIDTH="32" HEIGHT="17" CONTENT="on" WC="0.96" CC="01"/>
						<SP ID="P3_SP01182" HPOS="1367" VPOS="3360" WIDTH="11"/>
						<String ID="P3_ST01466" HPOS="1378" VPOS="3333" WIDTH="108" HEIGHT="32" CONTENT="Monday" WC="0.97" CC="000101"/>
						<SP ID="P3_SP01183" HPOS="1486" VPOS="3365" WIDTH="22"/>
						<String ID="P3_ST01467" HPOS="1508" VPOS="3332" WIDTH="103" HEIGHT="32" CONTENT="evening" WC="0.94" CC="1111001"/>
						<SP ID="P3_SP01184" HPOS="1611" VPOS="3365" WIDTH="11"/>
						<String ID="P3_ST01468" HPOS="1622" VPOS="3332" WIDTH="43" HEIGHT="25" CONTENT="the" WC="0.95" CC="011"/>
						<SP ID="P3_SP01185" HPOS="1665" VPOS="3365" WIDTH="23"/>
						<String ID="P3_ST01469" HPOS="1688" VPOS="3332" WIDTH="60" HEIGHT="26" CONTENT="Rev." WC="0.95" CC="1001"/>
						<SP ID="P3_SP01186" HPOS="1748" VPOS="3365" WIDTH="21"/>
						<String ID="P3_ST01470" HPOS="1769" VPOS="3331" WIDTH="24" HEIGHT="26" CONTENT="J." WC="0.91" CC="21"/>
					</TextLine>
					<TextLine ID="P3_TL00245" HPOS="1272" VPOS="3376" WIDTH="523" HEIGHT="32">
						<String ID="P3_ST01471" HPOS="1272" VPOS="3378" WIDTH="115" HEIGHT="30" CONTENT="Benning" WC="0.96" CC="0011011"/>
						<SP ID="P3_SP01187" HPOS="1387" VPOS="3408" WIDTH="10"/>
						<String ID="P3_ST01472" HPOS="1397" VPOS="3377" WIDTH="27" HEIGHT="24" CONTENT="m" WC="0.98" CC="0"/>
						<SP ID="P3_SP01188" HPOS="1424" VPOS="3408" WIDTH="8"/>
						<String ID="P3_ST01473" HPOS="1432" VPOS="3377" WIDTH="43" HEIGHT="24" CONTENT="the" WC="0.99" CC="100"/>
						<SP ID="P3_SP01189" HPOS="1475" VPOS="3408" WIDTH="17"/>
						<String ID="P3_ST01474" HPOS="1492" VPOS="3376" WIDTH="82" HEIGHT="25" CONTENT="Chair." WC="0.97" CC="011011"/>
						<SP ID="P3_SP01190" HPOS="1574" VPOS="3408" WIDTH="34"/>
						<String ID="P3_ST01475" HPOS="1608" VPOS="3376" WIDTH="97" HEIGHT="28" CONTENT="Duetts," WC="0.98" CC="0000002"/>
						<SP ID="P3_SP01191" HPOS="1705" VPOS="3408" WIDTH="17"/>
						<String ID="P3_ST01476" HPOS="1722" VPOS="3384" WIDTH="73" HEIGHT="22" CONTENT="songs" WC="0.98" CC="10101"/>
					</TextLine>
					<TextLine ID="P3_TL00246" HPOS="1273" VPOS="3418" WIDTH="522" HEIGHT="32">
						<String ID="P3_ST01477" HPOS="1273" VPOS="3422" WIDTH="49" HEIGHT="24" CONTENT="and" WC="0.96" CC="011"/>
						<SP ID="P3_SP01192" HPOS="1322" VPOS="3446" WIDTH="21"/>
						<String ID="P3_ST01478" HPOS="1343" VPOS="3420" WIDTH="148" HEIGHT="28" CONTENT="recitations," WC="0.97" CC="100001000111"/>
						<SP ID="P3_SP01193" HPOS="1491" VPOS="3448" WIDTH="33"/>
						<String ID="P3_ST01479" HPOS="1524" VPOS="3427" WIDTH="63" HEIGHT="17" CONTENT="were" WC="0.99" CC="1000"/>
						<SP ID="P3_SP01194" HPOS="1587" VPOS="3448" WIDTH="21"/>
						<String ID="P3_ST01480" HPOS="1608" VPOS="3419" WIDTH="116" HEIGHT="31" CONTENT="plentiful" WC="0.96" CC="110100111"/>
						<SP ID="P3_SP01195" HPOS="1724" VPOS="3450" WIDTH="21"/>
						<String ID="P3_ST01481" HPOS="1745" VPOS="3418" WIDTH="50" HEIGHT="25" CONTENT="and" WC="0.96" CC="110"/>
					</TextLine>
					<TextLine ID="P3_TL00247" HPOS="1273" VPOS="3461" WIDTH="522" HEIGHT="35">
						<String ID="P3_ST01482" HPOS="1273" VPOS="3465" WIDTH="63" HEIGHT="31" CONTENT="good" WC="0.97" CC="1001"/>
						<SP ID="P3_SP01196" HPOS="1336" VPOS="3496" WIDTH="8"/>
						<String ID="P3_ST01483" HPOS="1344" VPOS="3464" WIDTH="48" HEIGHT="24" CONTENT="and" WC="0.94" CC="111"/>
						<SP ID="P3_SP01197" HPOS="1392" VPOS="3496" WIDTH="8"/>
						<String ID="P3_ST01484" HPOS="1400" VPOS="3462" WIDTH="96" HEIGHT="26" CONTENT="elicited" WC="0.99" CC="00000001"/>
						<SP ID="P3_SP01198" HPOS="1496" VPOS="3496" WIDTH="8"/>
						<String ID="P3_ST01485" HPOS="1504" VPOS="3463" WIDTH="55" HEIGHT="24" CONTENT="well" WC="1.00" CC="0000"/>
						<SP ID="P3_SP01199" HPOS="1559" VPOS="3496" WIDTH="9"/>
						<String ID="P3_ST01486" HPOS="1568" VPOS="3461" WIDTH="102" HEIGHT="25" CONTENT="merited" WC="0.97" CC="1010101"/>
						<SP ID="P3_SP01200" HPOS="1670" VPOS="3496" WIDTH="9"/>
						<String ID="P3_ST01487" HPOS="1679" VPOS="3461" WIDTH="116" HEIGHT="31" CONTENT="applause" WC="0.99" CC="01100000"/>
					</TextLine>
					<TextLine ID="P3_TL00248" HPOS="1274" VPOS="3503" WIDTH="523" HEIGHT="33">
						<String ID="P3_ST01488" HPOS="1274" VPOS="3507" WIDTH="49" HEIGHT="26" CONTENT="and" WC="0.89" CC="121"/>
						<SP ID="P3_SP01201" HPOS="1323" VPOS="3533" WIDTH="10"/>
						<String ID="P3_ST01489" HPOS="1333" VPOS="3515" WIDTH="35" HEIGHT="16" CONTENT="we" WC="0.30" CC="77"/>
						<SP ID="P3_SP01202" HPOS="1368" VPOS="3533" WIDTH="12"/>
						<String ID="P3_ST01490" HPOS="1380" VPOS="3514" WIDTH="47" HEIGHT="16" CONTENT="can" WC="0.90" CC="022"/>
						<SP ID="P3_SP01203" HPOS="1427" VPOS="3533" WIDTH="10"/>
						<String ID="P3_ST01491" HPOS="1437" VPOS="3505" WIDTH="167" HEIGHT="31" CONTENT="congratulate" WC="0.90" CC="202130120310"/>
						<SP ID="P3_SP01204" HPOS="1604" VPOS="3536" WIDTH="11"/>
						<String ID="P3_ST01492" HPOS="1615" VPOS="3503" WIDTH="62" HEIGHT="25" CONTENT="both" WC="0.96" CC="1001"/>
						<SP ID="P3_SP01205" HPOS="1677" VPOS="3536" WIDTH="11"/>
						<String ID="P3_ST01493" HPOS="1688" VPOS="3512" WIDTH="44" HEIGHT="16" CONTENT="our" WC="0.97" CC="011"/>
						<SP ID="P3_SP01206" HPOS="1732" VPOS="3536" WIDTH="23"/>
						<String ID="P3_ST01494" HPOS="1755" VPOS="3504" WIDTH="42" HEIGHT="25" CONTENT="old" WC="0.95" CC="011"/>
					</TextLine>
					<TextLine ID="P3_TL00249" HPOS="1275" VPOS="3548" WIDTH="520" HEIGHT="35">
						<String ID="P3_ST01495" HPOS="1275" VPOS="3552" WIDTH="49" HEIGHT="25" CONTENT="and" WC="0.99" CC="010"/>
						<SP ID="P3_SP01207" HPOS="1324" VPOS="3577" WIDTH="7"/>
						<String ID="P3_ST01496" HPOS="1331" VPOS="3558" WIDTH="82" HEIGHT="25" CONTENT="young" WC="0.95" CC="10011"/>
						<SP ID="P3_SP01208" HPOS="1413" VPOS="3583" WIDTH="10"/>
						<String ID="P3_ST01497" HPOS="1423" VPOS="3549" WIDTH="90" HEIGHT="24" CONTENT="friends" WC="0.95" CC="1200111"/>
						<SP ID="P3_SP01209" HPOS="1513" VPOS="3583" WIDTH="12"/>
						<String ID="P3_ST01498" HPOS="1525" VPOS="3556" WIDTH="32" HEIGHT="17" CONTENT="on" WC="0.96" CC="01"/>
						<SP ID="P3_SP01210" HPOS="1557" VPOS="3583" WIDTH="19"/>
						<String ID="P3_ST01499" HPOS="1576" VPOS="3548" WIDTH="92" HEIGHT="31" CONTENT="having" WC="0.97" CC="011011"/>
						<SP ID="P3_SP01211" HPOS="1668" VPOS="3583" WIDTH="23"/>
						<String ID="P3_ST01500" HPOS="1691" VPOS="3549" WIDTH="71" HEIGHT="30" CONTENT="spent" WC="0.95" CC="11001"/>
						<SP ID="P3_SP01212" HPOS="1762" VPOS="3583" WIDTH="18"/>
						<String ID="P3_ST01501" HPOS="1780" VPOS="3556" WIDTH="15" HEIGHT="16" CONTENT="a" WC="0.96" CC="1"/>
					</TextLine>
					<TextLine ID="P3_TL00250" HPOS="1275" VPOS="3596" WIDTH="520" HEIGHT="36">
						<String ID="P3_ST01502" HPOS="1275" VPOS="3608" WIDTH="58" HEIGHT="24" CONTENT="very" WC="0.95" CC="1011"/>
						<SP ID="P3_SP01213" HPOS="1333" VPOS="3632" WIDTH="10"/>
						<String ID="P3_ST01503" HPOS="1343" VPOS="3599" WIDTH="111" HEIGHT="31" CONTENT="pleasant" WC="0.97" CC="10101110"/>
						<SP ID="P3_SP01214" HPOS="1454" VPOS="3632" WIDTH="12"/>
						<String ID="P3_ST01504" HPOS="1466" VPOS="3597" WIDTH="49" HEIGHT="25" CONTENT="and" WC="0.93" CC="111"/>
						<SP ID="P3_SP01215" HPOS="1515" VPOS="3632" WIDTH="21"/>
						<String ID="P3_ST01505" HPOS="1536" VPOS="3596" WIDTH="127" HEIGHT="32" CONTENT="profitable" WC="0.95" CC="1101101010"/>
						<SP ID="P3_SP01216" HPOS="1663" VPOS="3632" WIDTH="21"/>
						<String ID="P3_ST01506" HPOS="1684" VPOS="3597" WIDTH="111" HEIGHT="30" CONTENT="evening." WC="0.97" CC="11000010"/>
					</TextLine>
					<TextLine ID="P3_TL00251" HPOS="1312" VPOS="3655" WIDTH="486" HEIGHT="29">
						<String ID="P3_ST01507" HPOS="1312" VPOS="3659" WIDTH="43" HEIGHT="25" CONTENT="Mr" WC="0.74" CC="32"/>
						<SP ID="P3_SP01217" HPOS="1355" VPOS="3684" WIDTH="11"/>
						<String ID="P3_ST01508" HPOS="1366" VPOS="3656" WIDTH="28" HEIGHT="25" CONTENT="P." WC="0.98" CC="01"/>
						<SP ID="P3_SP01218" HPOS="1394" VPOS="3684" WIDTH="14"/>
						<String ID="P3_ST01509" HPOS="1408" VPOS="3656" WIDTH="76" HEIGHT="26" CONTENT="Lane." WC="0.91" CC="11121"/>
						<String ID="P3_ST01510" HPOS="1486" VPOS="3671" WIDTH="33" HEIGHT="3" CONTENT="—" WC="1.00" CC="0"/>
						<String ID="P3_ST01511" HPOS="1519" VPOS="3655" WIDTH="40" HEIGHT="26" CONTENT="Mr" WC="0.96" CC="01"/>
						<SP ID="P3_SP01219" HPOS="1559" VPOS="3684" WIDTH="11"/>
						<String ID="P3_ST01512" HPOS="1570" VPOS="3655" WIDTH="29" HEIGHT="26" CONTENT="F." WC="0.94" CC="11"/>
						<SP ID="P3_SP01220" HPOS="1599" VPOS="3684" WIDTH="10"/>
						<String ID="P3_ST01513" HPOS="1609" VPOS="3655" WIDTH="76" HEIGHT="29" CONTENT="Lane," WC="0.96" CC="01101"/>
						<SP ID="P3_SP01221" HPOS="1685" VPOS="3684" WIDTH="14"/>
						<String ID="P3_ST01514" HPOS="1699" VPOS="3655" WIDTH="99" HEIGHT="26" CONTENT="Watch" SUBS_TYPE="HypPart1" SUBS_CONTENT="Watchmaker" WC="0.95" CC="110111"/>
						<HYP CONTENT="-"/>
					</TextLine>
					<TextLine ID="P3_TL00252" HPOS="1279" VPOS="3699" WIDTH="522" HEIGHT="33">
						<String ID="P3_ST01515" HPOS="1279" VPOS="3703" WIDTH="84" HEIGHT="25" CONTENT="maker" SUBS_TYPE="HypPart2" SUBS_CONTENT="Watchmaker" WC="0.95" CC="10100"/>
						<SP ID="P3_SP01222" HPOS="1363" VPOS="3728" WIDTH="18"/>
						<String ID="P3_ST01516" HPOS="1381" VPOS="3701" WIDTH="49" HEIGHT="24" CONTENT="will" WC="0.98" CC="1010"/>
						<SP ID="P3_SP01223" HPOS="1430" VPOS="3728" WIDTH="21"/>
						<String ID="P3_ST01517" HPOS="1451" VPOS="3708" WIDTH="47" HEIGHT="24" CONTENT="pay" WC="0.96" CC="010"/>
						<SP ID="P3_SP01224" HPOS="1498" VPOS="3732" WIDTH="21"/>
						<String ID="P3_ST01518" HPOS="1519" VPOS="3700" WIDTH="39" HEIGHT="24" CONTENT="his" WC="0.95" CC="111"/>
						<SP ID="P3_SP01225" HPOS="1558" VPOS="3732" WIDTH="33"/>
						<String ID="P3_ST01519" HPOS="1591" VPOS="3699" WIDTH="72" HEIGHT="25" CONTENT="usual" WC="0.95" CC="12010"/>
						<SP ID="P3_SP01226" HPOS="1663" VPOS="3732" WIDTH="22"/>
						<String ID="P3_ST01520" HPOS="1685" VPOS="3700" WIDTH="116" HEIGHT="31" CONTENT="monthly" WC="0.98" CC="1000100"/>
					</TextLine>
					<TextLine ID="P3_TL00253" HPOS="1280" VPOS="3742" WIDTH="521" HEIGHT="31">
						<String ID="P3_ST01521" HPOS="1280" VPOS="3746" WIDTH="57" HEIGHT="25" CONTENT="visit" WC="0.95" CC="10101"/>
						<SP ID="P3_SP01227" HPOS="1337" VPOS="3771" WIDTH="19"/>
						<String ID="P3_ST01522" HPOS="1356" VPOS="3747" WIDTH="25" HEIGHT="22" CONTENT="to" WC="0.98" CC="10"/>
						<SP ID="P3_SP01228" HPOS="1381" VPOS="3771" WIDTH="32"/>
						<String ID="P3_ST01523" HPOS="1413" VPOS="3743" WIDTH="88" HEIGHT="25" CONTENT="Oxford" WC="0.97" CC="011001"/>
						<SP ID="P3_SP01229" HPOS="1501" VPOS="3771" WIDTH="21"/>
						<String ID="P3_ST01524" HPOS="1522" VPOS="3751" WIDTH="33" HEIGHT="16" CONTENT="on" WC="0.98" CC="01"/>
						<SP ID="P3_SP01230" HPOS="1555" VPOS="3771" WIDTH="21"/>
						<String ID="P3_ST01525" HPOS="1576" VPOS="3742" WIDTH="153" HEIGHT="31" CONTENT="Wednesday" WC="0.98" CC="000000111"/>
						<SP ID="P3_SP01231" HPOS="1729" VPOS="3773" WIDTH="23"/>
						<String ID="P3_ST01526" HPOS="1752" VPOS="3742" WIDTH="49" HEIGHT="25" CONTENT="and" WC="0.99" CC="001"/>
					</TextLine>
					<TextLine ID="P3_TL00254" HPOS="1274" VPOS="3782" WIDTH="525" HEIGHT="34">
						<String ID="P3_ST01527" HPOS="1274" VPOS="3785" WIDTH="127" HEIGHT="31" CONTENT="Thursday" WC="0.72" CC="14119411"/>
						<SP ID="P3_SP01232" HPOS="1401" VPOS="3816" WIDTH="23"/>
						<String ID="P3_ST01528" HPOS="1424" VPOS="3783" WIDTH="62" HEIGHT="25" CONTENT="Nov." WC="0.76" CC="8011"/>
						<SP ID="P3_SP01233" HPOS="1486" VPOS="3816" WIDTH="13"/>
						<String ID="P3_ST01529" HPOS="1499" VPOS="3783" WIDTH="44" HEIGHT="25" CONTENT="9fch" WC="0.89" CC="2111"/>
						<SP ID="P3_SP01234" HPOS="1543" VPOS="3816" WIDTH="22"/>
						<String ID="P3_ST01530" HPOS="1565" VPOS="3782" WIDTH="49" HEIGHT="26" CONTENT="and" WC="0.86" CC="131"/>
						<SP ID="P3_SP01235" HPOS="1614" VPOS="3816" WIDTH="22"/>
						<String ID="P3_ST01531" HPOS="1636" VPOS="3782" WIDTH="61" HEIGHT="26" CONTENT="10th" WC="0.87" CC="0024"/>
						<SP ID="P3_SP01236" HPOS="1697" VPOS="3816" WIDTH="17"/>
						<String ID="P3_ST01532" HPOS="1714" VPOS="3782" WIDTH="85" HEIGHT="32" CONTENT="bring" SUBS_TYPE="HypPart1" SUBS_CONTENT="bringfashion" WC="0.91" CC="110311"/>
						<HYP CONTENT="-"/>
					</TextLine>
				</TextBlock>
				<TextBlock ID="P3_TB00010" HPOS="1849" VPOS="121" WIDTH="562" HEIGHT="1260" STYLEREFS="TXT_2 PAR_LEFT">
					<TextLine ID="P3_TL00255" HPOS="1883" VPOS="252" WIDTH="528" HEIGHT="47">
						<String ID="P3_ST01533" HPOS="1883" VPOS="261" WIDTH="95" HEIGHT="24" CONTENT="fashion" SUBS_TYPE="HypPart2" SUBS_CONTENT="bringfashion" WC="0.87" CC="1025002"/>
						<SP ID="P3_SP01237" HPOS="1978" VPOS="285" WIDTH="4"/>
						<String ID="P3_ST01534" HPOS="1982" VPOS="252" WIDTH="429" HEIGHT="47" CONTENT="i^i^^^^^^^^^^^^^^H" WC="0.12" CC="592999999999999992"/>
					</TextLine>
					<TextLine ID="P3_TL00256" HPOS="1882" VPOS="295" WIDTH="529" HEIGHT="47">
						<String ID="P3_ST01535" HPOS="1882" VPOS="304" WIDTH="84" HEIGHT="24" CONTENT="lowest" WC="0.92" CC="001023"/>
						<SP ID="P3_SP01238" HPOS="1966" VPOS="328" WIDTH="18"/>
						<String ID="P3_ST01536" HPOS="1984" VPOS="295" WIDTH="427" HEIGHT="47" CONTENT="rates7=J^^^^^^^^H^^|" WC="0.28" CC="13712587999999992999"/>
					</TextLine>
					<TextLine ID="P3_TL00257" HPOS="1881" VPOS="343" WIDTH="530" HEIGHT="43">
						<String ID="P3_ST01537" HPOS="1881" VPOS="349" WIDTH="21" HEIGHT="24" CONTENT="A" WC="1.00" CC="0"/>
						<SP ID="P3_SP01239" HPOS="1902" VPOS="373" WIDTH="13"/>
						<String ID="P3_ST01538" HPOS="1915" VPOS="358" WIDTH="143" HEIGHT="16" CONTENT="precocious" WC="0.92" CC="2211010012"/>
						<SP ID="P3_SP01240" HPOS="2058" VPOS="374" WIDTH="19"/>
						<String ID="P3_ST01539" HPOS="2077" VPOS="343" WIDTH="334" HEIGHT="43" CONTENT="pig!^^^^^^^^^^^^J" WC="0.14" CC="72729999999999998"/>
					</TextLine>
					<TextLine ID="P3_TL00258" HPOS="1881" VPOS="392" WIDTH="251" HEIGHT="25">
						<String ID="P3_ST01540" HPOS="1881" VPOS="393" WIDTH="63" HEIGHT="24" CONTENT="from" WC="0.94" CC="1101"/>
						<SP ID="P3_SP01241" HPOS="1944" VPOS="417" WIDTH="12"/>
						<String ID="P3_ST01541" HPOS="1956" VPOS="393" WIDTH="68" HEIGHT="24" CONTENT="View" WC="0.80" CC="1007"/>
						<SP ID="P3_SP01242" HPOS="2024" VPOS="417" WIDTH="10"/>
						<String ID="P3_ST01542" HPOS="2034" VPOS="392" WIDTH="55" HEIGHT="24" CONTENT="Hill" WC="0.99" CC="1000"/>
						<SP ID="P3_SP01243" HPOS="2089" VPOS="417" WIDTH="11"/>
						<String ID="P3_ST01543" HPOS="2100" VPOS="401" WIDTH="32" HEIGHT="16" CONTENT="on" WC="0.93" CC="02"/>
						<SP ID="P3_SP01244" HPOS="2132" VPOS="417" WIDTH="0"/>
					</TextLine>
					<TextLine ID="P3_TL00259" HPOS="1881" VPOS="426" WIDTH="530" HEIGHT="50">
						<String ID="P3_ST01544" HPOS="1881" VPOS="436" WIDTH="112" HEIGHT="25" CONTENT="business" WC="0.92" CC="11111113"/>
						<SP ID="P3_SP01245" HPOS="1993" VPOS="461" WIDTH="11"/>
						<String ID="P3_ST01545" HPOS="2004" VPOS="436" WIDTH="49" HEIGHT="25" CONTENT="and" WC="0.88" CC="212"/>
						<SP ID="P3_SP01246" HPOS="2053" VPOS="461" WIDTH="7"/>
						<String ID="P3_ST01546" HPOS="2060" VPOS="436" WIDTH="111" HEIGHT="32" CONTENT="pleasure" WC="0.96" CC="11111000"/>
						<SP ID="P3_SP01247" HPOS="2171" VPOS="468" WIDTH="12"/>
						<String ID="P3_ST01547" HPOS="2183" VPOS="436" WIDTH="65" HEIGHT="30" CONTENT="bent," WC="0.95" CC="11011"/>
						<SP ID="P3_SP01248" HPOS="2248" VPOS="468" WIDTH="9"/>
						<String ID="P3_ST01548" HPOS="2257" VPOS="426" WIDTH="154" HEIGHT="50" CONTENT="firs^^^H" WC="0.46" CC="33219994"/>
					</TextLine>
					<TextLine ID="P3_TL00260" HPOS="1882" VPOS="469" WIDTH="529" HEIGHT="51">
						<String ID="P3_ST01549" HPOS="1882" VPOS="488" WIDTH="15" HEIGHT="16" CONTENT="a" WC="0.85" CC="2"/>
						<SP ID="P3_SP01249" HPOS="1897" VPOS="504" WIDTH="10"/>
						<String ID="P3_ST01550" HPOS="1907" VPOS="478" WIDTH="49" HEIGHT="33" CONTENT="bag" WC="1.00" CC="000"/>
						<SP ID="P3_SP01250" HPOS="1956" VPOS="511" WIDTH="15"/>
						<String ID="P3_ST01551" HPOS="1971" VPOS="478" WIDTH="45" HEIGHT="26" CONTENT="full" WC="0.95" CC="1100"/>
						<SP ID="P3_SP01251" HPOS="2016" VPOS="511" WIDTH="21"/>
						<String ID="P3_ST01552" HPOS="2037" VPOS="479" WIDTH="28" HEIGHT="24" CONTENT="of" WC="0.98" CC="01"/>
						<SP ID="P3_SP01252" HPOS="2065" VPOS="511" WIDTH="18"/>
						<String ID="P3_ST01553" HPOS="2083" VPOS="478" WIDTH="64" HEIGHT="26" CONTENT="little" WC="0.88" CC="101401"/>
						<SP ID="P3_SP01253" HPOS="2147" VPOS="511" WIDTH="22"/>
						<String ID="P3_ST01554" HPOS="2169" VPOS="479" WIDTH="62" HEIGHT="32" CONTENT="pigs," WC="0.91" CC="01112"/>
						<SP ID="P3_SP01254" HPOS="2231" VPOS="511" WIDTH="13"/>
						<String ID="P3_ST01555" HPOS="2244" VPOS="469" WIDTH="167" HEIGHT="51" CONTENT="secondlj^M" WC="0.82" CC="1100110294"/>
					</TextLine>
					<TextLine ID="P3_TL00261" HPOS="1881" VPOS="512" WIDTH="530" HEIGHT="51">
						<String ID="P3_ST01556" HPOS="1881" VPOS="523" WIDTH="57" HEIGHT="30" CONTENT="play" WC="0.95" CC="0011"/>
						<SP ID="P3_SP01255" HPOS="1938" VPOS="553" WIDTH="11"/>
						<String ID="P3_ST01557" HPOS="1949" VPOS="522" WIDTH="90" HEIGHT="25" CONTENT="cricket" WC="0.97" CC="0100101"/>
						<SP ID="P3_SP01256" HPOS="2039" VPOS="553" WIDTH="10"/>
						<String ID="P3_ST01558" HPOS="2049" VPOS="523" WIDTH="27" HEIGHT="24" CONTENT="m" WC="0.98" CC="0"/>
						<SP ID="P3_SP01257" HPOS="2076" VPOS="553" WIDTH="11"/>
						<String ID="P3_ST01559" HPOS="2087" VPOS="523" WIDTH="43" HEIGHT="25" CONTENT="the" WC="0.96" CC="110"/>
						<SP ID="P3_SP01258" HPOS="2130" VPOS="553" WIDTH="10"/>
						<String ID="P3_ST01560" HPOS="2140" VPOS="523" WIDTH="69" HEIGHT="31" CONTENT="park," WC="0.98" CC="00001"/>
						<SP ID="P3_SP01259" HPOS="2209" VPOS="554" WIDTH="12"/>
						<String ID="P3_ST01561" HPOS="2221" VPOS="524" WIDTH="50" HEIGHT="24" CONTENT="had" WC="0.91" CC="211"/>
						<SP ID="P3_SP01260" HPOS="2271" VPOS="554" WIDTH="10"/>
						<String ID="P3_ST01562" HPOS="2281" VPOS="524" WIDTH="31" HEIGHT="25" CONTENT="he" WC="0.91" CC="11"/>
						<SP ID="P3_SP01261" HPOS="2312" VPOS="554" WIDTH="23"/>
						<String ID="P3_ST01563" HPOS="2335" VPOS="512" WIDTH="76" HEIGHT="51" CONTENT="tjj^H" WC="0.58" CC="12792"/>
					</TextLine>
					<TextLine ID="P3_TL00262" HPOS="1881" VPOS="559" WIDTH="530" HEIGHT="43">
						<String ID="P3_ST01564" HPOS="1881" VPOS="566" WIDTH="82" HEIGHT="24" CONTENT="saeted" WC="0.90" CC="111211"/>
						<SP ID="P3_SP01262" HPOS="1963" VPOS="590" WIDTH="11"/>
						<String ID="P3_ST01565" HPOS="1974" VPOS="565" WIDTH="112" HEIGHT="25" CONTENT="business" WC="0.90" CC="11111013"/>
						<SP ID="P3_SP01263" HPOS="2086" VPOS="590" WIDTH="19"/>
						<String ID="P3_ST01566" HPOS="2105" VPOS="566" WIDTH="65" HEIGHT="28" CONTENT="first," WC="0.82" CC="331121"/>
						<SP ID="P3_SP01264" HPOS="2170" VPOS="594" WIDTH="12"/>
						<String ID="P3_ST01567" HPOS="2182" VPOS="566" WIDTH="34" HEIGHT="24" CONTENT="all" WC="0.95" CC="110"/>
						<SP ID="P3_SP01265" HPOS="2216" VPOS="594" WIDTH="22"/>
						<String ID="P3_ST01568" HPOS="2238" VPOS="559" WIDTH="173" HEIGHT="43" CONTENT="would^^Hf" WC="0.63" CC="100019929"/>
					</TextLine>
					<TextLine ID="P3_TL00263" HPOS="1880" VPOS="598" WIDTH="531" HEIGHT="48">
						<String ID="P3_ST01569" HPOS="1880" VPOS="609" WIDTH="63" HEIGHT="24" CONTENT="been" WC="0.99" CC="1000"/>
						<SP ID="P3_SP01266" HPOS="1943" VPOS="633" WIDTH="18"/>
						<String ID="P3_ST01570" HPOS="1961" VPOS="609" WIDTH="63" HEIGHT="26" CONTENT="well," WC="0.93" CC="21001"/>
						<SP ID="P3_SP01267" HPOS="2024" VPOS="635" WIDTH="12"/>
						<String ID="P3_ST01571" HPOS="2036" VPOS="609" WIDTH="45" HEIGHT="24" CONTENT="but" WC="0.93" CC="112"/>
						<SP ID="P3_SP01268" HPOS="2081" VPOS="635" WIDTH="22"/>
						<String ID="P3_ST01572" HPOS="2103" VPOS="617" WIDTH="27" HEIGHT="17" CONTENT="as" WC="0.91" CC="11"/>
						<SP ID="P3_SP01269" HPOS="2130" VPOS="635" WIDTH="19"/>
						<String ID="P3_ST01573" HPOS="2149" VPOS="609" WIDTH="21" HEIGHT="26" CONTENT="it" WC="0.93" CC="02"/>
						<SP ID="P3_SP01270" HPOS="2170" VPOS="635" WIDTH="13"/>
						<String ID="P3_ST01574" HPOS="2183" VPOS="617" WIDTH="56" HEIGHT="18" CONTENT="was." WC="0.85" CC="4011"/>
						<SP ID="P3_SP01271" HPOS="2239" VPOS="635" WIDTH="13"/>
						<String ID="P3_ST01575" HPOS="2252" VPOS="598" WIDTH="159" HEIGHT="48" CONTENT="one4Ho|" WC="0.73" CC="0113291"/>
					</TextLine>
					<TextLine ID="P3_TL00264" HPOS="1881" VPOS="651" WIDTH="522" HEIGHT="35">
						<String ID="P3_ST01576" HPOS="1881" VPOS="652" WIDTH="64" HEIGHT="25" CONTENT="little" WC="0.99" CC="001000"/>
						<SP ID="P3_SP01272" HPOS="1945" VPOS="677" WIDTH="9"/>
						<String ID="P3_ST01577" HPOS="1954" VPOS="651" WIDTH="108" HEIGHT="33" CONTENT="darlings" WC="0.94" CC="11200111"/>
						<SP ID="P3_SP01273" HPOS="2062" VPOS="684" WIDTH="11"/>
						<String ID="P3_ST01578" HPOS="2073" VPOS="654" WIDTH="43" HEIGHT="30" CONTENT="got" WC="0.95" CC="110"/>
						<SP ID="P3_SP01274" HPOS="2116" VPOS="684" WIDTH="11"/>
						<String ID="P3_ST01579" HPOS="2127" VPOS="654" WIDTH="43" HEIGHT="24" CONTENT="out" WC="0.99" CC="010"/>
						<SP ID="P3_SP01275" HPOS="2170" VPOS="684" WIDTH="11"/>
						<String ID="P3_ST01580" HPOS="2181" VPOS="653" WIDTH="27" HEIGHT="25" CONTENT="of" WC="0.98" CC="01"/>
						<SP ID="P3_SP01276" HPOS="2208" VPOS="684" WIDTH="16"/>
						<String ID="P3_ST01581" HPOS="2224" VPOS="654" WIDTH="41" HEIGHT="25" CONTENT="the" WC="0.96" CC="110"/>
						<SP ID="P3_SP01277" HPOS="2265" VPOS="684" WIDTH="20"/>
						<String ID="P3_ST01582" HPOS="2285" VPOS="654" WIDTH="48" HEIGHT="32" CONTENT="bag" WC="0.95" CC="011"/>
						<SP ID="P3_SP01278" HPOS="2333" VPOS="686" WIDTH="21"/>
						<String ID="P3_ST01583" HPOS="2354" VPOS="655" WIDTH="49" HEIGHT="25" CONTENT="and" WC="0.86" CC="041"/>
					</TextLine>
					<TextLine ID="P3_TL00265" HPOS="1880" VPOS="695" WIDTH="521" HEIGHT="34">
						<String ID="P3_ST01584" HPOS="1880" VPOS="696" WIDTH="113" HEIGHT="24" CONTENT="levanted" WC="0.94" CC="10111111"/>
						<SP ID="P3_SP01279" HPOS="1993" VPOS="720" WIDTH="11"/>
						<String ID="P3_ST01585" HPOS="2004" VPOS="695" WIDTH="48" HEIGHT="25" CONTENT="and" WC="0.97" CC="011"/>
						<SP ID="P3_SP01280" HPOS="2052" VPOS="720" WIDTH="12"/>
						<String ID="P3_ST01586" HPOS="2064" VPOS="696" WIDTH="60" HEIGHT="24" CONTENT="after" WC="0.98" CC="01000"/>
						<SP ID="P3_SP01281" HPOS="2124" VPOS="720" WIDTH="9"/>
						<String ID="P3_ST01587" HPOS="2133" VPOS="696" WIDTH="138" HEIGHT="33" CONTENT="inspecting" WC="0.95" CC="1111010101"/>
						<SP ID="P3_SP01282" HPOS="2271" VPOS="729" WIDTH="15"/>
						<String ID="P3_ST01588" HPOS="2286" VPOS="697" WIDTH="42" HEIGHT="26" CONTENT="the" WC="0.86" CC="140"/>
						<SP ID="P3_SP01283" HPOS="2328" VPOS="729" WIDTH="10"/>
						<String ID="P3_ST01589" HPOS="2338" VPOS="698" WIDTH="63" HEIGHT="25" CONTENT="mid" SUBS_TYPE="HypPart1" SUBS_CONTENT="middens" WC="0.93" CC="2001"/>
						<HYP CONTENT="-"/>
					</TextLine>
					<TextLine ID="P3_TL00266" HPOS="1882" VPOS="738" WIDTH="521" HEIGHT="34">
						<String ID="P3_ST01590" HPOS="1882" VPOS="738" WIDTH="60" HEIGHT="25" CONTENT="dens" SUBS_TYPE="HypPart2" SUBS_CONTENT="middens" WC="0.95" CC="1011"/>
						<SP ID="P3_SP01284" HPOS="1942" VPOS="763" WIDTH="11"/>
						<String ID="P3_ST01591" HPOS="1953" VPOS="740" WIDTH="25" HEIGHT="24" CONTENT="at" WC="0.96" CC="11"/>
						<SP ID="P3_SP01285" HPOS="1978" VPOS="764" WIDTH="20"/>
						<String ID="P3_ST01592" HPOS="1998" VPOS="739" WIDTH="92" HEIGHT="25" CONTENT="several" WC="0.97" CC="2010000"/>
						<SP ID="P3_SP01286" HPOS="2090" VPOS="764" WIDTH="19"/>
						<String ID="P3_ST01593" HPOS="2109" VPOS="741" WIDTH="107" HEIGHT="31" CONTENT="cottages" WC="0.94" CC="00110104"/>
						<SP ID="P3_SP01287" HPOS="2216" VPOS="772" WIDTH="22"/>
						<String ID="P3_ST01594" HPOS="2238" VPOS="741" WIDTH="111" HEIGHT="31" CONTENT="adjacent" WC="0.97" CC="01100010"/>
						<SP ID="P3_SP01288" HPOS="2349" VPOS="772" WIDTH="11"/>
						<String ID="P3_ST01595" HPOS="2360" VPOS="742" WIDTH="43" HEIGHT="25" CONTENT="the" WC="0.90" CC="130"/>
					</TextLine>
					<TextLine ID="P3_TL00267" HPOS="1883" VPOS="781" WIDTH="520" HEIGHT="35">
						<String ID="P3_ST01596" HPOS="1883" VPOS="781" WIDTH="123" HEIGHT="31" CONTENT="saleyards" WC="0.97" CC="100000211"/>
						<SP ID="P3_SP01289" HPOS="2006" VPOS="812" WIDTH="22"/>
						<String ID="P3_ST01597" HPOS="2028" VPOS="783" WIDTH="49" HEIGHT="23" CONTENT="and" WC="0.95" CC="111"/>
						<SP ID="P3_SP01290" HPOS="2077" VPOS="812" WIDTH="27"/>
						<String ID="P3_ST01598" HPOS="2104" VPOS="783" WIDTH="121" HEIGHT="31" CONTENT="narrowly" WC="0.96" CC="01100101"/>
						<SP ID="P3_SP01291" HPOS="2225" VPOS="814" WIDTH="22"/>
						<String ID="P3_ST01599" HPOS="2247" VPOS="785" WIDTH="114" HEIGHT="31" CONTENT="escaping" WC="0.94" CC="11010111"/>
						<SP ID="P3_SP01292" HPOS="2361" VPOS="816" WIDTH="27"/>
						<String ID="P3_ST01600" HPOS="2388" VPOS="795" WIDTH="15" HEIGHT="14" CONTENT="a" WC="0.81" CC="2"/>
					</TextLine>
					<TextLine ID="P3_TL00268" HPOS="1881" VPOS="824" WIDTH="521" HEIGHT="36">
						<String ID="P3_ST01601" HPOS="1881" VPOS="824" WIDTH="78" HEIGHT="32" CONTENT="rough" WC="0.93" CC="20111"/>
						<SP ID="P3_SP01293" HPOS="1959" VPOS="856" WIDTH="27"/>
						<String ID="P3_ST01602" HPOS="1986" VPOS="825" WIDTH="119" HEIGHT="32" CONTENT="handling" WC="0.95" CC="10210010"/>
						<SP ID="P3_SP01294" HPOS="2105" VPOS="857" WIDTH="27"/>
						<String ID="P3_ST01603" HPOS="2132" VPOS="826" WIDTH="62" HEIGHT="25" CONTENT="from" WC="0.88" CC="1104"/>
						<SP ID="P3_SP01295" HPOS="2194" VPOS="857" WIDTH="28"/>
						<String ID="P3_ST01604" HPOS="2222" VPOS="834" WIDTH="67" HEIGHT="18" CONTENT="some" WC="0.96" CC="1001"/>
						<SP ID="P3_SP01296" HPOS="2289" VPOS="857" WIDTH="32"/>
						<String ID="P3_ST01605" HPOS="2321" VPOS="835" WIDTH="81" HEIGHT="25" CONTENT="merry" WC="0.93" CC="11111"/>
					</TextLine>
					<TextLine ID="P3_TL00269" HPOS="1883" VPOS="868" WIDTH="520" HEIGHT="35">
						<String ID="P3_ST01606" HPOS="1883" VPOS="868" WIDTH="149" HEIGHT="32" CONTENT="schoolboys," WC="0.96" CC="10100000111"/>
						<SP ID="P3_SP01297" HPOS="2032" VPOS="900" WIDTH="33"/>
						<String ID="P3_ST01607" HPOS="2065" VPOS="869" WIDTH="32" HEIGHT="24" CONTENT="he" WC="0.96" CC="10"/>
						<SP ID="P3_SP01298" HPOS="2097" VPOS="900" WIDTH="30"/>
						<String ID="P3_ST01608" HPOS="2127" VPOS="878" WIDTH="50" HEIGHT="16" CONTENT="was" WC="0.93" CC="201"/>
						<SP ID="P3_SP01299" HPOS="2177" VPOS="900" WIDTH="27"/>
						<String ID="P3_ST01609" HPOS="2204" VPOS="872" WIDTH="26" HEIGHT="23" CONTENT="at" WC="1.00" CC="00"/>
						<SP ID="P3_SP01300" HPOS="2230" VPOS="900" WIDTH="17"/>
						<String ID="P3_ST01610" HPOS="2247" VPOS="871" WIDTH="49" HEIGHT="25" CONTENT="last" WC="0.96" CC="0011"/>
						<SP ID="P3_SP01301" HPOS="2296" VPOS="900" WIDTH="22"/>
						<String ID="P3_ST01611" HPOS="2318" VPOS="871" WIDTH="85" HEIGHT="32" CONTENT="kindly" WC="0.81" CC="200901"/>
					</TextLine>
					<TextLine ID="P3_TL00270" HPOS="1883" VPOS="911" WIDTH="520" HEIGHT="34">
						<String ID="P3_ST01612" HPOS="1883" VPOS="911" WIDTH="151" HEIGHT="25" CONTENT="entertained" WC="0.95" CC="01201111100"/>
						<SP ID="P3_SP01302" HPOS="2034" VPOS="936" WIDTH="10"/>
						<String ID="P3_ST01613" HPOS="2044" VPOS="911" WIDTH="31" HEIGHT="33" CONTENT="by" WC="0.96" CC="01"/>
						<SP ID="P3_SP01303" HPOS="2075" VPOS="944" WIDTH="17"/>
						<String ID="P3_ST01614" HPOS="2092" VPOS="920" WIDTH="15" HEIGHT="17" CONTENT="a" WC="0.96" CC="1"/>
						<SP ID="P3_SP01304" HPOS="2107" VPOS="944" WIDTH="11"/>
						<String ID="P3_ST01615" HPOS="2118" VPOS="913" WIDTH="109" HEIGHT="25" CONTENT="German" WC="0.94" CC="101101"/>
						<SP ID="P3_SP01305" HPOS="2227" VPOS="944" WIDTH="16"/>
						<String ID="P3_ST01616" HPOS="2243" VPOS="913" WIDTH="92" HEIGHT="32" CONTENT="family," WC="0.95" CC="1111111"/>
						<SP ID="P3_SP01306" HPOS="2335" VPOS="945" WIDTH="12"/>
						<String ID="P3_ST01617" HPOS="2347" VPOS="915" WIDTH="56" HEIGHT="24" CONTENT="who" WC="0.91" CC="210"/>
					</TextLine>
					<TextLine ID="P3_TL00271" HPOS="1881" VPOS="952" WIDTH="522" HEIGHT="31">
						<String ID="P3_ST01618" HPOS="1881" VPOS="954" WIDTH="105" HEIGHT="25" CONTENT="boarded" WC="0.99" CC="1001000"/>
						<SP ID="P3_SP01307" HPOS="1986" VPOS="979" WIDTH="17"/>
						<String ID="P3_ST01619" HPOS="2003" VPOS="952" WIDTH="52" HEIGHT="28" CONTENT="him" WC="0.94" CC="111"/>
						<SP ID="P3_SP01308" HPOS="2055" VPOS="980" WIDTH="22"/>
						<String ID="P3_ST01620" HPOS="2077" VPOS="955" WIDTH="37" HEIGHT="26" CONTENT="for" WC="0.99" CC="100"/>
						<SP ID="P3_SP01309" HPOS="2114" VPOS="981" WIDTH="17"/>
						<String ID="P3_ST01621" HPOS="2131" VPOS="964" WIDTH="15" HEIGHT="17" CONTENT="a" WC="1.00" CC="0"/>
						<SP ID="P3_SP01310" HPOS="2146" VPOS="981" WIDTH="22"/>
						<String ID="P3_ST01622" HPOS="2168" VPOS="957" WIDTH="65" HEIGHT="25" CONTENT="week" WC="0.97" CC="1000"/>
						<SP ID="P3_SP01311" HPOS="2233" VPOS="982" WIDTH="22"/>
						<String ID="P3_ST01623" HPOS="2255" VPOS="957" WIDTH="37" HEIGHT="26" CONTENT="for" WC="0.96" CC="101"/>
						<SP ID="P3_SP01312" HPOS="2292" VPOS="983" WIDTH="22"/>
						<String ID="P3_ST01624" HPOS="2314" VPOS="957" WIDTH="54" HEIGHT="26" CONTENT="half" WC="0.93" CC="1111"/>
						<SP ID="P3_SP01313" HPOS="2368" VPOS="983" WIDTH="19"/>
						<String ID="P3_ST01625" HPOS="2387" VPOS="966" WIDTH="16" HEIGHT="17" CONTENT="a" WC="0.96" CC="1"/>
					</TextLine>
					<TextLine ID="P3_TL00272" HPOS="1881" VPOS="998" WIDTH="521" HEIGHT="34">
						<String ID="P3_ST01626" HPOS="1881" VPOS="1006" WIDTH="80" HEIGHT="17" CONTENT="crown" WC="0.99" CC="00010"/>
						<SP ID="P3_SP01314" HPOS="1961" VPOS="1023" WIDTH="9"/>
						<String ID="P3_ST01627" HPOS="1970" VPOS="998" WIDTH="102" HEIGHT="26" CONTENT="without" WC="0.96" CC="1011011"/>
						<SP ID="P3_SP01315" HPOS="2072" VPOS="1024" WIDTH="20"/>
						<String ID="P3_ST01628" HPOS="2092" VPOS="1007" WIDTH="48" HEIGHT="24" CONTENT="any" WC="0.99" CC="001"/>
						<SP ID="P3_SP01316" HPOS="2140" VPOS="1031" WIDTH="17"/>
						<String ID="P3_ST01629" HPOS="2157" VPOS="1001" WIDTH="68" HEIGHT="23" CONTENT="extra" WC="0.94" CC="02011"/>
						<SP ID="P3_SP01317" HPOS="2225" VPOS="1031" WIDTH="18"/>
						<String ID="P3_ST01630" HPOS="2243" VPOS="1000" WIDTH="101" HEIGHT="32" CONTENT="charges" WC="0.95" CC="0101101"/>
						<SP ID="P3_SP01318" HPOS="2344" VPOS="1032" WIDTH="21"/>
						<String ID="P3_ST01631" HPOS="2365" VPOS="1001" WIDTH="37" HEIGHT="25" CONTENT="for" WC="0.99" CC="001"/>
					</TextLine>
					<TextLine ID="P3_TL00273" HPOS="1881" VPOS="1042" WIDTH="522" HEIGHT="33">
						<String ID="P3_ST01632" HPOS="1881" VPOS="1042" WIDTH="115" HEIGHT="32" CONTENT="damages" WC="0.97" CC="1010001"/>
						<SP ID="P3_SP01319" HPOS="1996" VPOS="1074" WIDTH="20"/>
						<String ID="P3_ST01633" HPOS="2016" VPOS="1044" WIDTH="25" HEIGHT="24" CONTENT="to" WC="0.98" CC="10"/>
						<SP ID="P3_SP01320" HPOS="2041" VPOS="1074" WIDTH="12"/>
						<String ID="P3_ST01634" HPOS="2053" VPOS="1043" WIDTH="91" HEIGHT="32" CONTENT="sundry" WC="0.98" CC="000011"/>
						<SP ID="P3_SP01321" HPOS="2144" VPOS="1075" WIDTH="12"/>
						<String ID="P3_ST01635" HPOS="2156" VPOS="1052" WIDTH="132" HEIGHT="23" CONTENT="saucepans" WC="0.97" CC="101000101"/>
						<SP ID="P3_SP01322" HPOS="2288" VPOS="1075" WIDTH="22"/>
						<String ID="P3_ST01636" HPOS="2310" VPOS="1045" WIDTH="44" HEIGHT="24" CONTENT="lelt" WC="0.95" CC="0120"/>
						<SP ID="P3_SP01323" HPOS="2354" VPOS="1075" WIDTH="23"/>
						<String ID="P3_ST01637" HPOS="2377" VPOS="1045" WIDTH="26" HEIGHT="24" CONTENT="at" WC="0.74" CC="14"/>
					</TextLine>
					<TextLine ID="P3_TL00274" HPOS="1881" VPOS="1085" WIDTH="521" HEIGHT="31">
						<String ID="P3_ST01638" HPOS="1881" VPOS="1085" WIDTH="43" HEIGHT="25" CONTENT="the" WC="0.95" CC="110"/>
						<SP ID="P3_SP01324" HPOS="1924" VPOS="1110" WIDTH="10"/>
						<String ID="P3_ST01639" HPOS="1934" VPOS="1085" WIDTH="62" HEIGHT="25" CONTENT="back" WC="0.97" CC="1001"/>
						<SP ID="P3_SP01325" HPOS="1996" VPOS="1110" WIDTH="10"/>
						<String ID="P3_ST01640" HPOS="2006" VPOS="1086" WIDTH="65" HEIGHT="28" CONTENT="door," WC="0.98" CC="00011"/>
						<SP ID="P3_SP01326" HPOS="2071" VPOS="1114" WIDTH="12"/>
						<String ID="P3_ST01641" HPOS="2083" VPOS="1085" WIDTH="33" HEIGHT="25" CONTENT="he" WC="1.00" CC="00"/>
						<SP ID="P3_SP01327" HPOS="2116" VPOS="1114" WIDTH="21"/>
						<String ID="P3_ST01642" HPOS="2137" VPOS="1087" WIDTH="119" HEIGHT="29" CONTENT="appeared" WC="0.96" CC="10111011"/>
						<SP ID="P3_SP01328" HPOS="2256" VPOS="1116" WIDTH="21"/>
						<String ID="P3_ST01643" HPOS="2277" VPOS="1088" WIDTH="25" HEIGHT="22" CONTENT="to" WC="0.96" CC="10"/>
						<SP ID="P3_SP01329" HPOS="2302" VPOS="1116" WIDTH="10"/>
						<String ID="P3_ST01644" HPOS="2312" VPOS="1087" WIDTH="64" HEIGHT="24" CONTENT="have" WC="0.96" CC="0011"/>
						<SP ID="P3_SP01330" HPOS="2376" VPOS="1116" WIDTH="11"/>
						<String ID="P3_ST01645" HPOS="2387" VPOS="1095" WIDTH="15" HEIGHT="15" CONTENT="a" WC="0.93" CC="1"/>
					</TextLine>
					<TextLine ID="P3_TL00275" HPOS="1881" VPOS="1128" WIDTH="521" HEIGHT="33">
						<String ID="P3_ST01646" HPOS="1881" VPOS="1129" WIDTH="68" HEIGHT="32" CONTENT="great" WC="0.90" CC="10212"/>
						<SP ID="P3_SP01331" HPOS="1949" VPOS="1161" WIDTH="10"/>
						<String ID="P3_ST01647" HPOS="1959" VPOS="1128" WIDTH="78" HEIGHT="32" CONTENT="liking" WC="0.96" CC="101100"/>
						<SP ID="P3_SP01332" HPOS="2037" VPOS="1161" WIDTH="18"/>
						<String ID="P3_ST01648" HPOS="2055" VPOS="1128" WIDTH="38" HEIGHT="26" CONTENT="for" WC="0.91" CC="111"/>
						<SP ID="P3_SP01333" HPOS="2093" VPOS="1161" WIDTH="22"/>
						<String ID="P3_ST01649" HPOS="2115" VPOS="1129" WIDTH="91" HEIGHT="25" CONTENT="Oxford" WC="0.96" CC="021001"/>
						<SP ID="P3_SP01334" HPOS="2206" VPOS="1161" WIDTH="22"/>
						<String ID="P3_ST01650" HPOS="2228" VPOS="1137" WIDTH="28" HEIGHT="18" CONTENT="as" WC="0.94" CC="11"/>
						<SP ID="P3_SP01335" HPOS="2256" VPOS="1161" WIDTH="20"/>
						<String ID="P3_ST01651" HPOS="2276" VPOS="1129" WIDTH="33" HEIGHT="25" CONTENT="he" WC="0.94" CC="10"/>
						<SP ID="P3_SP01336" HPOS="2309" VPOS="1161" WIDTH="21"/>
						<String ID="P3_ST01652" HPOS="2330" VPOS="1130" WIDTH="72" HEIGHT="25" CONTENT="made" WC="0.92" CC="1111"/>
					</TextLine>
					<TextLine ID="P3_TL00276" HPOS="1880" VPOS="1172" WIDTH="521" HEIGHT="32">
						<String ID="P3_ST01653" HPOS="1880" VPOS="1176" WIDTH="48" HEIGHT="22" CONTENT="two" WC="0.99" CC="100"/>
						<SP ID="P3_SP01337" HPOS="1928" VPOS="1198" WIDTH="11"/>
						<String ID="P3_ST01654" HPOS="1939" VPOS="1172" WIDTH="78" HEIGHT="26" CONTENT="clever" WC="0.98" CC="000101"/>
						<SP ID="P3_SP01338" HPOS="2017" VPOS="1198" WIDTH="11"/>
						<String ID="P3_ST01655" HPOS="2028" VPOS="1181" WIDTH="97" HEIGHT="23" CONTENT="escapes" WC="0.93" CC="0401001"/>
						<SP ID="P3_SP01339" HPOS="2125" VPOS="1204" WIDTH="11"/>
						<String ID="P3_ST01656" HPOS="2136" VPOS="1172" WIDTH="81" HEIGHT="27" CONTENT="before" WC="0.98" CC="000001"/>
						<SP ID="P3_SP01340" HPOS="2217" VPOS="1204" WIDTH="7"/>
						<String ID="P3_ST01657" HPOS="2224" VPOS="1173" WIDTH="33" HEIGHT="24" CONTENT="he" WC="1.00" CC="00"/>
						<SP ID="P3_SP01341" HPOS="2257" VPOS="1204" WIDTH="7"/>
						<String ID="P3_ST01658" HPOS="2264" VPOS="1180" WIDTH="50" HEIGHT="18" CONTENT="was" WC="0.86" CC="211"/>
						<SP ID="P3_SP01342" HPOS="2314" VPOS="1204" WIDTH="12"/>
						<String ID="P3_ST01659" HPOS="2326" VPOS="1172" WIDTH="75" HEIGHT="32" CONTENT="safely" WC="0.96" CC="110001"/>
					</TextLine>
					<TextLine ID="P3_TL00277" HPOS="1881" VPOS="1215" WIDTH="518" HEIGHT="32">
						<String ID="P3_ST01660" HPOS="1881" VPOS="1216" WIDTH="104" HEIGHT="31" CONTENT="brought" WC="0.97" CC="0001111"/>
						<SP ID="P3_SP01343" HPOS="1985" VPOS="1247" WIDTH="11"/>
						<String ID="P3_ST01661" HPOS="1996" VPOS="1215" WIDTH="61" HEIGHT="25" CONTENT="back" WC="0.99" CC="0100"/>
						<SP ID="P3_SP01344" HPOS="2057" VPOS="1247" WIDTH="10"/>
						<String ID="P3_ST01662" HPOS="2067" VPOS="1218" WIDTH="26" HEIGHT="22" CONTENT="to" WC="0.98" CC="10"/>
						<SP ID="P3_SP01345" HPOS="2093" VPOS="1247" WIDTH="10"/>
						<String ID="P3_ST01663" HPOS="2103" VPOS="1216" WIDTH="40" HEIGHT="24" CONTENT="his" WC="0.96" CC="101"/>
						<SP ID="P3_SP01346" HPOS="2143" VPOS="1247" WIDTH="9"/>
						<String ID="P3_ST01664" HPOS="2152" VPOS="1216" WIDTH="132" HEIGHT="31" CONTENT="sorrowing" WC="0.98" CC="100100001"/>
						<SP ID="P3_SP01347" HPOS="2284" VPOS="1247" WIDTH="10"/>
						<String ID="P3_ST01665" HPOS="2294" VPOS="1216" WIDTH="105" HEIGHT="29" CONTENT="mother," WC="0.94" CC="1011021"/>
					</TextLine>
					<TextLine ID="P3_TL00278" HPOS="1879" VPOS="1259" WIDTH="523" HEIGHT="31">
						<String ID="P3_ST01666" HPOS="1879" VPOS="1259" WIDTH="56" HEIGHT="24" CONTENT="who" WC="0.79" CC="411"/>
						<SP ID="P3_SP01348" HPOS="1935" VPOS="1283" WIDTH="10"/>
						<String ID="P3_ST01667" HPOS="1945" VPOS="1259" WIDTH="105" HEIGHT="24" CONTENT="testified" WC="0.96" CC="101011101"/>
						<SP ID="P3_SP01349" HPOS="2050" VPOS="1283" WIDTH="10"/>
						<String ID="P3_ST01668" HPOS="2060" VPOS="1259" WIDTH="45" HEIGHT="23" CONTENT="her" WC="0.95" CC="200"/>
						<SP ID="P3_SP01350" HPOS="2105" VPOS="1283" WIDTH="16"/>
						<String ID="P3_ST01669" HPOS="2121" VPOS="1259" WIDTH="43" HEIGHT="30" CONTENT="joy" WC="0.95" CC="101"/>
						<SP ID="P3_SP01351" HPOS="2164" VPOS="1289" WIDTH="10"/>
						<String ID="P3_ST01670" HPOS="2174" VPOS="1261" WIDTH="45" HEIGHT="21" CONTENT="not" WC="0.93" CC="201"/>
						<SP ID="P3_SP01352" HPOS="2219" VPOS="1289" WIDTH="24"/>
						<String ID="P3_ST01671" HPOS="2243" VPOS="1266" WIDTH="27" HEIGHT="16" CONTENT="as" WC="0.93" CC="11"/>
						<SP ID="P3_SP01353" HPOS="2270" VPOS="1289" WIDTH="10"/>
						<String ID="P3_ST01672" HPOS="2280" VPOS="1266" WIDTH="48" HEIGHT="24" CONTENT="you" WC="0.97" CC="101"/>
						<SP ID="P3_SP01354" HPOS="2328" VPOS="1290" WIDTH="12"/>
						<String ID="P3_ST01673" HPOS="2340" VPOS="1266" WIDTH="27" HEIGHT="17" CONTENT="or" WC="0.96" CC="01"/>
						<SP ID="P3_SP01355" HPOS="2367" VPOS="1290" WIDTH="21"/>
						<String ID="P3_ST01674" HPOS="2388" VPOS="1259" WIDTH="14" HEIGHT="23" CONTENT="I" WC="1.00" CC="0"/>
					</TextLine>
					<TextLine ID="P3_TL00279" HPOS="1881" VPOS="1300" WIDTH="522" HEIGHT="33">
						<String ID="P3_ST01675" HPOS="1881" VPOS="1301" WIDTH="80" HEIGHT="26" CONTENT="would" WC="0.94" CC="20101"/>
						<SP ID="P3_SP01356" HPOS="1961" VPOS="1327" WIDTH="10"/>
						<String ID="P3_ST01676" HPOS="1971" VPOS="1301" WIDTH="82" HEIGHT="32" CONTENT="gentle" WC="0.97" CC="110100"/>
						<SP ID="P3_SP01357" HPOS="2053" VPOS="1333" WIDTH="10"/>
						<String ID="P3_ST01677" HPOS="2063" VPOS="1301" WIDTH="91" HEIGHT="30" CONTENT="reader," WC="0.95" CC="1001112"/>
						<SP ID="P3_SP01358" HPOS="2154" VPOS="1333" WIDTH="9"/>
						<String ID="P3_ST01678" HPOS="2163" VPOS="1300" WIDTH="46" HEIGHT="25" CONTENT="but" WC="0.95" CC="111"/>
						<SP ID="P3_SP01359" HPOS="2209" VPOS="1333" WIDTH="11"/>
						<String ID="P3_ST01679" HPOS="2220" VPOS="1302" WIDTH="98" HEIGHT="31" CONTENT="strange" WC="0.93" CC="1121111"/>
						<SP ID="P3_SP01360" HPOS="2318" VPOS="1333" WIDTH="7"/>
						<String ID="P3_ST01680" HPOS="2325" VPOS="1301" WIDTH="26" HEIGHT="25" CONTENT="to" WC="0.96" CC="10"/>
						<SP ID="P3_SP01361" HPOS="2351" VPOS="1333" WIDTH="8"/>
						<String ID="P3_ST01681" HPOS="2359" VPOS="1308" WIDTH="44" HEIGHT="25" CONTENT="Bay" WC="0.85" CC="212"/>
					</TextLine>
					<TextLine ID="P3_TL00280" HPOS="1879" VPOS="1345" WIDTH="465" HEIGHT="36">
						<String ID="P3_ST01682" HPOS="1879" VPOS="1345" WIDTH="62" HEIGHT="26" CONTENT="with" WC="0.95" CC="1011"/>
						<SP ID="P3_SP01362" HPOS="1941" VPOS="1371" WIDTH="9"/>
						<String ID="P3_ST01683" HPOS="1950" VPOS="1353" WIDTH="16" HEIGHT="17" CONTENT="a" WC="0.89" CC="1"/>
						<SP ID="P3_SP01363" HPOS="1966" VPOS="1371" WIDTH="14"/>
						<String ID="P3_ST01684" HPOS="1980" VPOS="1346" WIDTH="82" HEIGHT="31" CONTENT="grunt." WC="0.92" CC="021111"/>
						<SP ID="P3_SP01364" HPOS="2062" VPOS="1377" WIDTH="269"/>
						<String ID="P3_ST01685" HPOS="2331" VPOS="1369" WIDTH="13" HEIGHT="12" CONTENT="X" STYLE="subscript" WC="0.01" CC="9"/>
					</TextLine>
				</TextBlock>
				<TextBlock ID="P3_TB00011" HPOS="2009" VPOS="1447" WIDTH="270" HEIGHT="45" STYLEREFS="TXT_2 PAR_RIGHT">
					<TextLine ID="P3_TL00281" HPOS="2011" VPOS="1451" WIDTH="261" HEIGHT="28">
						<String ID="P3_ST01686" HPOS="2011" VPOS="1453" WIDTH="68" HEIGHT="25" CONTENT="OUR" WC="0.96" CC="011"/>
						<SP ID="P3_SP01365" HPOS="2079" VPOS="1478" WIDTH="18"/>
						<String ID="P3_ST01687" HPOS="2097" VPOS="1451" WIDTH="175" HEIGHT="28" CONTENT="MEMBERS." WC="0.96" CC="01001121"/>
					</TextLine>
				</TextBlock>
				<TextBlock ID="P3_TB00012" HPOS="1880" VPOS="1536" WIDTH="522" HEIGHT="287" STYLEREFS="TXT_2 PAR_LEFT">
					<TextLine ID="P3_TL00282" HPOS="2042" VPOS="1539" WIDTH="201" HEIGHT="25">
						<String ID="P3_ST01688" HPOS="2042" VPOS="1540" WIDTH="72" HEIGHT="24" CONTENT="From" WC="0.93" CC="1201" STYLEREFS="TXT_4"/>
						<SP ID="P3_SP01366" HPOS="2114" VPOS="1564" WIDTH="9"/>
						<String ID="P3_ST01689" HPOS="2123" VPOS="1540" WIDTH="35" HEIGHT="24" CONTENT="the" WC="0.95" CC="020" STYLEREFS="TXT_4"/>
						<SP ID="P3_SP01367" HPOS="2158" VPOS="1564" WIDTH="14"/>
						<String ID="P3_ST01690" HPOS="2172" VPOS="1539" WIDTH="71" HEIGHT="25" CONTENT="Globe" WC="0.96" CC="10111" STYLEREFS="TXT_4"/>
					</TextLine>
					<TextLine ID="P3_TL00283" HPOS="1978" VPOS="1581" WIDTH="327" HEIGHT="34">
						<String ID="P3_ST01691" HPOS="1978" VPOS="1583" WIDTH="40" HEIGHT="25" CONTENT="Mr" WC="1.00" CC="00"/>
						<SP ID="P3_SP01368" HPOS="2018" VPOS="1608" WIDTH="7"/>
						<String ID="P3_ST01692" HPOS="2025" VPOS="1582" WIDTH="32" HEIGHT="26" CONTENT="R." WC="0.96" CC="11"/>
						<SP ID="P3_SP01369" HPOS="2057" VPOS="1608" WIDTH="7"/>
						<String ID="P3_ST01693" HPOS="2064" VPOS="1581" WIDTH="241" HEIGHT="34" CONTENT="Meredith.(Ashley." WC="0.97" CC="00000011001110011"/>
					</TextLine>
					<TextLine ID="P3_TL00284" HPOS="1883" VPOS="1623" WIDTH="518" HEIGHT="31">
						<String ID="P3_ST01694" HPOS="1883" VPOS="1627" WIDTH="47" HEIGHT="24" CONTENT='"A' WC="0.76" CC="23"/>
						<SP ID="P3_SP01370" HPOS="1930" VPOS="1651" WIDTH="32"/>
						<String ID="P3_ST01695" HPOS="1962" VPOS="1628" WIDTH="86" HEIGHT="23" CONTENT="Dulcet" WC="0.92" CC="110111" STYLEREFS="TXT_4"/>
						<SP ID="P3_SP01371" HPOS="2048" VPOS="1651" WIDTH="17"/>
						<String ID="P3_ST01696" HPOS="2065" VPOS="1627" WIDTH="69" HEIGHT="27" CONTENT="voice," WC="0.79" CC="111145" STYLEREFS="TXT_4"/>
						<SP ID="P3_SP01372" HPOS="2134" VPOS="1654" WIDTH="27"/>
						<String ID="P3_ST01697" HPOS="2161" VPOS="1625" WIDTH="51" HEIGHT="24" CONTENT="like" WC="0.98" CC="0001"/>
						<SP ID="P3_SP01373" HPOS="2212" VPOS="1654" WIDTH="29"/>
						<String ID="P3_ST01698" HPOS="2241" VPOS="1624" WIDTH="71" HEIGHT="25" CONTENT="silver" WC="0.95" CC="110101"/>
						<SP ID="P3_SP01374" HPOS="2312" VPOS="1654" WIDTH="32"/>
						<String ID="P3_ST01699" HPOS="2344" VPOS="1623" WIDTH="57" HEIGHT="30" CONTENT="bell;" WC="0.98" CC="11000"/>
					</TextLine>
					<TextLine ID="P3_TL00285" HPOS="1945" VPOS="1662" WIDTH="456" HEIGHT="33">
						<String ID="P3_ST01700" HPOS="1945" VPOS="1665" WIDTH="49" HEIGHT="25" CONTENT="Not" WC="0.85" CC="312"/>
						<SP ID="P3_SP01375" HPOS="1994" VPOS="1690" WIDTH="11"/>
						<String ID="P3_ST01701" HPOS="2005" VPOS="1664" WIDTH="75" HEIGHT="25" CONTENT="much" WC="0.92" CC="0111"/>
						<SP ID="P3_SP01376" HPOS="2080" VPOS="1690" WIDTH="22"/>
						<String ID="P3_ST01702" HPOS="2102" VPOS="1665" WIDTH="26" HEIGHT="24" CONTENT="to" WC="0.93" CC="11"/>
						<SP ID="P3_SP01377" HPOS="2128" VPOS="1690" WIDTH="11"/>
						<String ID="P3_ST01703" HPOS="2139" VPOS="1671" WIDTH="43" HEIGHT="24" CONTENT="say" WC="0.93" CC="111"/>
						<SP ID="P3_SP01378" HPOS="2182" VPOS="1695" WIDTH="10"/>
						<String ID="P3_ST01704" HPOS="2192" VPOS="1663" WIDTH="44" HEIGHT="25" CONTENT="but" WC="0.95" CC="002"/>
						<SP ID="P3_SP01379" HPOS="2236" VPOS="1695" WIDTH="9"/>
						<String ID="P3_ST01705" HPOS="2245" VPOS="1670" WIDTH="55" HEIGHT="25" CONTENT="says" WC="0.91" CC="1112"/>
						<SP ID="P3_SP01380" HPOS="2300" VPOS="1695" WIDTH="11"/>
						<String ID="P3_ST01706" HPOS="2311" VPOS="1662" WIDTH="20" HEIGHT="26" CONTENT="it" WC="0.96" CC="01"/>
						<SP ID="P3_SP01381" HPOS="2331" VPOS="1695" WIDTH="7"/>
						<String ID="P3_ST01707" HPOS="2338" VPOS="1662" WIDTH="63" HEIGHT="26" CONTENT="well." WC="0.95" CC="11011"/>
					</TextLine>
					<TextLine ID="P3_TL00286" HPOS="1881" VPOS="1701" WIDTH="423" HEIGHT="35">
						<String ID="P3_ST01708" HPOS="1881" VPOS="1704" WIDTH="77" HEIGHT="32" CONTENT="Right" WC="0.93" CC="10111"/>
						<SP ID="P3_SP01382" HPOS="1958" VPOS="1736" WIDTH="11"/>
						<String ID="P3_ST01709" HPOS="1969" VPOS="1704" WIDTH="81" HEIGHT="24" CONTENT="colour" WC="0.97" CC="000011"/>
						<SP ID="P3_SP01383" HPOS="2050" VPOS="1736" WIDTH="11"/>
						<String ID="P3_ST01710" HPOS="2061" VPOS="1703" WIDTH="39" HEIGHT="28" CONTENT="he," WC="0.95" CC="101"/>
						<SP ID="P3_SP01384" HPOS="2100" VPOS="1736" WIDTH="12"/>
						<String ID="P3_ST01711" HPOS="2112" VPOS="1703" WIDTH="45" HEIGHT="24" CONTENT="but" WC="0.97" CC="001"/>
						<SP ID="P3_SP01385" HPOS="2157" VPOS="1736" WIDTH="21"/>
						<String ID="P3_ST01712" HPOS="2178" VPOS="1709" WIDTH="33" HEIGHT="17" CONTENT="no" WC="1.00" CC="00"/>
						<SP ID="P3_SP01386" HPOS="2211" VPOS="1736" WIDTH="23"/>
						<String ID="P3_ST01713" HPOS="2234" VPOS="1702" WIDTH="31" HEIGHT="24" CONTENT="R." WC="0.91" CC="21"/>
						<SP ID="P3_SP01387" HPOS="2265" VPOS="1736" WIDTH="13"/>
						<String ID="P3_ST01714" HPOS="2278" VPOS="1701" WIDTH="26" HEIGHT="25" CONTENT="0." WC="0.96" CC="10"/>
					</TextLine>
					<TextLine ID="P3_TL00287" HPOS="1946" VPOS="1741" WIDTH="455" HEIGHT="35">
						<String ID="P3_ST01715" HPOS="1946" VPOS="1743" WIDTH="64" HEIGHT="33" CONTENT="(His" WC="0.94" CC="0102"/>
						<SP ID="P3_SP01388" HPOS="2010" VPOS="1776" WIDTH="12"/>
						<String ID="P3_ST01716" HPOS="2022" VPOS="1744" WIDTH="120" HEIGHT="29" CONTENT="strongest" WC="0.97" CC="110001011"/>
						<SP ID="P3_SP01389" HPOS="2142" VPOS="1776" WIDTH="10"/>
						<String ID="P3_ST01717" HPOS="2152" VPOS="1741" WIDTH="77" HEIGHT="32" CONTENT="tipple" WC="0.96" CC="101110"/>
						<SP ID="P3_SP01390" HPOS="2229" VPOS="1776" WIDTH="10"/>
						<String ID="P3_ST01718" HPOS="2239" VPOS="1741" WIDTH="96" HEIGHT="31" CONTENT="Orange" WC="0.97" CC="011001"/>
						<SP ID="P3_SP01391" HPOS="2335" VPOS="1776" WIDTH="9"/>
						<String ID="P3_ST01719" HPOS="2344" VPOS="1741" WIDTH="57" HEIGHT="32" CONTENT="ale);" WC="0.98" CC="00001"/>
					</TextLine>
					<TextLine ID="P3_TL00288" HPOS="1881" VPOS="1781" WIDTH="456" HEIGHT="29">
						<String ID="P3_ST01720" HPOS="1881" VPOS="1785" WIDTH="31" HEIGHT="25" CONTENT="In" WC="0.96" CC="01"/>
						<SP ID="P3_SP01392" HPOS="1912" VPOS="1810" WIDTH="10"/>
						<String ID="P3_ST01721" HPOS="1922" VPOS="1783" WIDTH="86" HEIGHT="26" CONTENT="liberal" WC="0.98" CC="0110010"/>
						<SP ID="P3_SP01393" HPOS="2008" VPOS="1810" WIDTH="12"/>
						<String ID="P3_ST01722" HPOS="2020" VPOS="1790" WIDTH="72" HEIGHT="18" CONTENT="cause" WC="0.95" CC="01011"/>
						<SP ID="P3_SP01394" HPOS="2092" VPOS="1810" WIDTH="10"/>
						<String ID="P3_ST01723" HPOS="2102" VPOS="1782" WIDTH="49" HEIGHT="25" CONTENT="will" WC="0.98" CC="1100"/>
						<SP ID="P3_SP01395" HPOS="2151" VPOS="1810" WIDTH="19"/>
						<String ID="P3_ST01724" HPOS="2170" VPOS="1789" WIDTH="76" HEIGHT="18" CONTENT="never" WC="0.91" CC="21111"/>
						<SP ID="P3_SP01396" HPOS="2246" VPOS="1810" WIDTH="23"/>
						<String ID="P3_ST01725" HPOS="2269" VPOS="1781" WIDTH="68" HEIGHT="25" CONTENT='fail."' WC="0.95" CC="010012"/>
					</TextLine>
				</TextBlock>
				<TextBlock ID="P3_TB00013" HPOS="1877" VPOS="1851" WIDTH="527" HEIGHT="367" STYLEREFS="TXT_2 PAR_LEFT">
					<TextLine ID="P3_TL00289" HPOS="1977" VPOS="1867" WIDTH="312" HEIGHT="36">
						<String ID="P3_ST01726" HPOS="1977" VPOS="1872" WIDTH="40" HEIGHT="24" CONTENT="Mr" WC="1.00" CC="00"/>
						<SP ID="P3_SP01397" HPOS="2017" VPOS="1896" WIDTH="10"/>
						<String ID="P3_ST01727" HPOS="2027" VPOS="1872" WIDTH="30" HEIGHT="24" CONTENT="R." WC="0.98" CC="01"/>
						<SP ID="P3_SP01398" HPOS="2057" VPOS="1896" WIDTH="18"/>
						<String ID="P3_ST01728" HPOS="2075" VPOS="1867" WIDTH="214" HEIGHT="36" CONTENT="Moore.(Kaiapoi." WC="0.97" CC="000001130010001"/>
					</TextLine>
					<TextLine ID="P3_TL00290" HPOS="1882" VPOS="1911" WIDTH="521" HEIGHT="30">
						<String ID="P3_ST01729" HPOS="1882" VPOS="1921" WIDTH="16" HEIGHT="12" CONTENT='"' WC="0.85" CC="2"/>
						<SP ID="P3_SP01399" HPOS="1898" VPOS="1933" WIDTH="9"/>
						<String ID="P3_ST01730" HPOS="1907" VPOS="1916" WIDTH="77" HEIGHT="25" CONTENT="Little" WC="0.96" CC="001100"/>
						<SP ID="P3_SP01400" HPOS="1984" VPOS="1941" WIDTH="12"/>
						<String ID="P3_ST01731" HPOS="1996" VPOS="1914" WIDTH="49" HEIGHT="26" CONTENT="and" WC="0.96" CC="001"/>
						<SP ID="P3_SP01401" HPOS="2045" VPOS="1941" WIDTH="11"/>
						<String ID="P3_ST01732" HPOS="2056" VPOS="1914" WIDTH="61" HEIGHT="24" CONTENT="dark" WC="0.94" CC="1111"/>
						<SP ID="P3_SP01402" HPOS="2117" VPOS="1941" WIDTH="10"/>
						<String ID="P3_ST01733" HPOS="2127" VPOS="1913" WIDTH="60" HEIGHT="26" CONTENT="with" WC="0.78" CC="6012"/>
						<SP ID="P3_SP01403" HPOS="2187" VPOS="1941" WIDTH="23"/>
						<String ID="P3_ST01734" HPOS="2210" VPOS="1921" WIDTH="15" HEIGHT="16" CONTENT="a" WC="0.93" CC="1"/>
						<SP ID="P3_SP01404" HPOS="2225" VPOS="1941" WIDTH="18"/>
						<String ID="P3_ST01735" HPOS="2243" VPOS="1912" WIDTH="74" HEIGHT="26" CONTENT="white" WC="0.98" CC="11001"/>
						<SP ID="P3_SP01405" HPOS="2317" VPOS="1941" WIDTH="22"/>
						<String ID="P3_ST01736" HPOS="2339" VPOS="1911" WIDTH="64" HEIGHT="26" CONTENT="shirt" WC="0.92" CC="11012"/>
					</TextLine>
					<TextLine ID="P3_TL00291" HPOS="2041" VPOS="1952" WIDTH="201" HEIGHT="31">
						<String ID="P3_ST01737" HPOS="2041" VPOS="1954" WIDTH="66" HEIGHT="24" CONTENT="front" WC="0.88" CC="22021"/>
						<SP ID="P3_SP01406" HPOS="2107" VPOS="1978" WIDTH="18"/>
						<String ID="P3_ST01738" HPOS="2125" VPOS="1952" WIDTH="117" HEIGHT="31" CONTENT="swelling;" WC="0.96" CC="110000110"/>
					</TextLine>
					<TextLine ID="P3_TL00292" HPOS="1945" VPOS="1990" WIDTH="456" HEIGHT="35">
						<String ID="P3_ST01739" HPOS="1945" VPOS="1994" WIDTH="92" HEIGHT="31" CONTENT="Darkly" WC="0.92" CC="211002"/>
						<SP ID="P3_SP01407" HPOS="2037" VPOS="2025" WIDTH="11"/>
						<String ID="P3_ST01740" HPOS="2048" VPOS="1994" WIDTH="31" HEIGHT="23" CONTENT="he" WC="0.93" CC="11"/>
						<SP ID="P3_SP01408" HPOS="2079" VPOS="2025" WIDTH="23"/>
						<String ID="P3_ST01741" HPOS="2102" VPOS="1993" WIDTH="85" HEIGHT="23" CONTENT="scowls" WC="0.90" CC="110401"/>
						<SP ID="P3_SP01409" HPOS="2187" VPOS="2025" WIDTH="21"/>
						<String ID="P3_ST01742" HPOS="2208" VPOS="1992" WIDTH="70" HEIGHT="24" CONTENT="when" WC="0.92" CC="1102"/>
						<SP ID="P3_SP01410" HPOS="2278" VPOS="2025" WIDTH="12"/>
						<String ID="P3_ST01743" HPOS="2290" VPOS="1990" WIDTH="40" HEIGHT="24" CONTENT="his" WC="0.80" CC="114"/>
						<SP ID="P3_SP01411" HPOS="2330" VPOS="2025" WIDTH="24"/>
						<String ID="P3_ST01744" HPOS="2354" VPOS="1990" WIDTH="47" HEIGHT="23" CONTENT="tael" WC="0.93" CC="3000"/>
					</TextLine>
					<TextLine ID="P3_TL00293" HPOS="2057" VPOS="2032" WIDTH="166" HEIGHT="31">
						<String ID="P3_ST01745" HPOS="2057" VPOS="2034" WIDTH="31" HEIGHT="24" CONTENT="he" WC="0.93" CC="11"/>
						<SP ID="P3_SP01412" HPOS="2088" VPOS="2058" WIDTH="11"/>
						<String ID="P3_ST01746" HPOS="2099" VPOS="2034" WIDTH="22" HEIGHT="23" CONTENT="is" WC="0.85" CC="03"/>
						<SP ID="P3_SP01413" HPOS="2121" VPOS="2058" WIDTH="9"/>
						<String ID="P3_ST01747" HPOS="2130" VPOS="2032" WIDTH="93" HEIGHT="31" CONTENT="telling." WC="0.95" CC="11101111"/>
					</TextLine>
					<TextLine ID="P3_TL00294" HPOS="1879" VPOS="2069" WIDTH="522" HEIGHT="35">
						<String ID="P3_ST01748" HPOS="1879" VPOS="2073" WIDTH="33" HEIGHT="25" CONTENT="In" WC="0.94" CC="01"/>
						<SP ID="P3_SP01414" HPOS="1912" VPOS="2098" WIDTH="15"/>
						<String ID="P3_ST01749" HPOS="1927" VPOS="2072" WIDTH="87" HEIGHT="32" CONTENT="speech" WC="0.93" CC="111112"/>
						<SP ID="P3_SP01415" HPOS="2014" VPOS="2104" WIDTH="18"/>
						<String ID="P3_ST01750" HPOS="2032" VPOS="2071" WIDTH="136" HEIGHT="29" CONTENT="indistinct," WC="0.96" CC="01101100111"/>
						<SP ID="P3_SP01416" HPOS="2168" VPOS="2104" WIDTH="21"/>
						<String ID="P3_ST01751" HPOS="2189" VPOS="2070" WIDTH="49" HEIGHT="25" CONTENT="and" WC="0.96" CC="011"/>
						<SP ID="P3_SP01417" HPOS="2238" VPOS="2104" WIDTH="15"/>
						<String ID="P3_ST01752" HPOS="2253" VPOS="2069" WIDTH="26" HEIGHT="24" CONTENT="m" WC="0.91" CC="0"/>
						<SP ID="P3_SP01418" HPOS="2279" VPOS="2104" WIDTH="20"/>
						<String ID="P3_ST01753" HPOS="2299" VPOS="2076" WIDTH="102" HEIGHT="17" CONTENT="manner" WC="0.86" CC="311113"/>
					</TextLine>
					<TextLine ID="P3_TL00295" HPOS="2068" VPOS="2110" WIDTH="154" HEIGHT="32">
						<String ID="P3_ST01754" HPOS="2068" VPOS="2110" WIDTH="154" HEIGHT="32" CONTENT="unpleasant," WC="0.95" CC="20100111111"/>
					</TextLine>
					<TextLine ID="P3_TL00296" HPOS="1944" VPOS="2146" WIDTH="456" HEIGHT="30">
						<String ID="P3_ST01755" HPOS="1944" VPOS="2150" WIDTH="85" HEIGHT="25" CONTENT="Thats'" WC="0.95" CC="111111"/>
						<SP ID="P3_SP01419" HPOS="2029" VPOS="2175" WIDTH="24"/>
						<String ID="P3_ST01756" HPOS="2053" VPOS="2148" WIDTH="107" HEIGHT="25" CONTENT="Richard" WC="0.96" CC="1001111"/>
						<SP ID="P3_SP01420" HPOS="2160" VPOS="2175" WIDTH="22"/>
						<String ID="P3_ST01757" HPOS="2182" VPOS="2146" WIDTH="105" HEIGHT="30" CONTENT="himself;" WC="0.98" CC="00110010"/>
						<SP ID="P3_SP01421" HPOS="2287" VPOS="2176" WIDTH="24"/>
						<String ID="P3_ST01758" HPOS="2311" VPOS="2154" WIDTH="27" HEIGHT="17" CONTENT="so" WC="0.96" CC="10"/>
						<SP ID="P3_SP01422" HPOS="2338" VPOS="2176" WIDTH="29"/>
						<String ID="P3_ST01759" HPOS="2367" VPOS="2153" WIDTH="33" HEIGHT="18" CONTENT="no" WC="0.98" CC="10"/>
					</TextLine>
					<TextLine ID="P3_TL00297" HPOS="1986" VPOS="2187" WIDTH="300" HEIGHT="31">
						<String ID="P3_ST01760" HPOS="1986" VPOS="2187" WIDTH="116" HEIGHT="26" CONTENT="MOORE" WC="0.96" CC="00012"/>
						<SP ID="P3_SP01423" HPOS="2102" VPOS="2213" WIDTH="12"/>
						<String ID="P3_ST01761" HPOS="2114" VPOS="2189" WIDTH="26" HEIGHT="22" CONTENT="at" WC="0.94" CC="11"/>
						<SP ID="P3_SP01424" HPOS="2140" VPOS="2213" WIDTH="18"/>
						<String ID="P3_ST01762" HPOS="2158" VPOS="2187" WIDTH="104" HEIGHT="31" CONTENT="present." WC="0.96" CC="10011011"/>
						<String ID="P3_ST01763" HPOS="2272" VPOS="2187" WIDTH="14" HEIGHT="10" CONTENT='"' WC="0.96" CC="1"/>
					</TextLine>
				</TextBlock>
				<TextBlock ID="P3_TB00014" HPOS="1873" VPOS="2259" WIDTH="548" HEIGHT="1547" STYLEREFS="TXT_2 PAR_BLOCK">
					<TextLine ID="P3_TL00298" HPOS="1913" VPOS="2264" WIDTH="487" HEIGHT="32">
						<String ID="P3_ST01764" HPOS="1913" VPOS="2269" WIDTH="65" HEIGHT="24" CONTENT="Here" WC="1.00" CC="0000"/>
						<SP ID="P3_SP01425" HPOS="1978" VPOS="2293" WIDTH="10"/>
						<String ID="P3_ST01765" HPOS="1988" VPOS="2268" WIDTH="22" HEIGHT="25" CONTENT="is" WC="0.96" CC="01"/>
						<SP ID="P3_SP01426" HPOS="2010" VPOS="2293" WIDTH="11"/>
						<String ID="P3_ST01766" HPOS="2021" VPOS="2275" WIDTH="15" HEIGHT="17" CONTENT="a" WC="0.96" CC="1"/>
						<SP ID="P3_SP01427" HPOS="2036" VPOS="2293" WIDTH="12"/>
						<String ID="P3_ST01767" HPOS="2048" VPOS="2267" WIDTH="95" HEIGHT="24" CONTENT="French" WC="0.99" CC="000001"/>
						<SP ID="P3_SP01428" HPOS="2143" VPOS="2293" WIDTH="12"/>
						<String ID="P3_ST01768" HPOS="2155" VPOS="2266" WIDTH="90" HEIGHT="30" CONTENT="receipt" WC="0.98" CC="0010001"/>
						<SP ID="P3_SP01429" HPOS="2245" VPOS="2296" WIDTH="8"/>
						<String ID="P3_ST01769" HPOS="2253" VPOS="2265" WIDTH="36" HEIGHT="24" CONTENT="for" WC="0.96" CC="100"/>
						<SP ID="P3_SP01430" HPOS="2289" VPOS="2296" WIDTH="11"/>
						<String ID="P3_ST01770" HPOS="2300" VPOS="2264" WIDTH="100" HEIGHT="30" CONTENT="making" WC="0.88" CC="320111"/>
					</TextLine>
					<TextLine ID="P3_TL00299" HPOS="1879" VPOS="2305" WIDTH="520" HEIGHT="33">
						<String ID="P3_ST01771" HPOS="1879" VPOS="2309" WIDTH="28" HEIGHT="24" CONTENT="m" WC="0.94" CC="0"/>
						<SP ID="P3_SP01431" HPOS="1907" VPOS="2333" WIDTH="10"/>
						<String ID="P3_ST01772" HPOS="1917" VPOS="2308" WIDTH="44" HEIGHT="25" CONTENT="the" WC="0.91" CC="120"/>
						<SP ID="P3_SP01432" HPOS="1961" VPOS="2333" WIDTH="11"/>
						<String ID="P3_ST01773" HPOS="1972" VPOS="2307" WIDTH="110" HEIGHT="31" CONTENT="simplest" WC="0.94" CC="11210011"/>
						<SP ID="P3_SP01433" HPOS="2082" VPOS="2338" WIDTH="11"/>
						<String ID="P3_ST01774" HPOS="2093" VPOS="2314" WIDTH="52" HEIGHT="23" CONTENT="way" WC="0.81" CC="411"/>
						<SP ID="P3_SP01434" HPOS="2145" VPOS="2338" WIDTH="16"/>
						<String ID="P3_ST01775" HPOS="2161" VPOS="2314" WIDTH="15" HEIGHT="16" CONTENT="a" WC="0.96" CC="1"/>
						<SP ID="P3_SP01435" HPOS="2176" VPOS="2338" WIDTH="10"/>
						<String ID="P3_ST01776" HPOS="2186" VPOS="2305" WIDTH="110" HEIGHT="31" CONTENT="perfume" WC="0.97" CC="0001200"/>
						<SP ID="P3_SP01436" HPOS="2296" VPOS="2338" WIDTH="33"/>
						<String ID="P3_ST01777" HPOS="2329" VPOS="2307" WIDTH="16" HEIGHT="12" CONTENT='"' WC="0.67" CC="3"/>
						<SP ID="P3_SP01437" HPOS="2345" VPOS="2338" WIDTH="9"/>
						<String ID="P3_ST01778" HPOS="2354" VPOS="2311" WIDTH="45" HEIGHT="16" CONTENT="un" SUBS_TYPE="HypPart1" SUBS_CONTENT="unequalled" WC="0.90" CC="111"/>
						<HYP CONTENT="-"/>
					</TextLine>
					<TextLine ID="P3_TL00300" HPOS="1880" VPOS="2341" WIDTH="519" HEIGHT="39">
						<String ID="P3_ST01779" HPOS="1880" VPOS="2347" WIDTH="111" HEIGHT="33" CONTENT="equalled" SUBS_TYPE="HypPart2" SUBS_CONTENT="unequalled" WC="0.86" CC="17200001"/>
						<SP ID="P3_SP01438" HPOS="1991" VPOS="2380" WIDTH="31"/>
						<String ID="P3_ST01780" HPOS="2022" VPOS="2347" WIDTH="32" HEIGHT="31" CONTENT="by" WC="0.93" CC="11"/>
						<SP ID="P3_SP01439" HPOS="2054" VPOS="2380" WIDTH="21"/>
						<String ID="P3_ST01781" HPOS="2075" VPOS="2346" WIDTH="44" HEIGHT="25" CONTENT="the" WC="0.95" CC="111"/>
						<SP ID="P3_SP01440" HPOS="2119" VPOS="2380" WIDTH="22"/>
						<String ID="P3_ST01782" HPOS="2141" VPOS="2343" WIDTH="151" HEIGHT="26" CONTENT="ecncoctions" WC="0.92" CC="11301110111"/>
						<SP ID="P3_SP01441" HPOS="2292" VPOS="2380" WIDTH="18"/>
						<String ID="P3_ST01783" HPOS="2310" VPOS="2343" WIDTH="27" HEIGHT="24" CONTENT="of" WC="0.93" CC="11"/>
						<SP ID="P3_SP01442" HPOS="2337" VPOS="2380" WIDTH="19"/>
						<String ID="P3_ST01784" HPOS="2356" VPOS="2341" WIDTH="43" HEIGHT="26" CONTENT="the" WC="0.93" CC="121"/>
					</TextLine>
					<TextLine ID="P3_TL00301" HPOS="1879" VPOS="2380" WIDTH="520" HEIGHT="36">
						<String ID="P3_ST01785" HPOS="1879" VPOS="2387" WIDTH="66" HEIGHT="24" CONTENT="most" WC="0.92" CC="3001"/>
						<SP ID="P3_SP01443" HPOS="1945" VPOS="2411" WIDTH="7"/>
						<String ID="P3_ST01786" HPOS="1952" VPOS="2385" WIDTH="96" HEIGHT="25" CONTENT="famous" WC="0.91" CC="004011"/>
						<SP ID="P3_SP01444" HPOS="2048" VPOS="2411" WIDTH="10"/>
						<String ID="P3_ST01787" HPOS="2058" VPOS="2383" WIDTH="142" HEIGHT="33" CONTENT='perfumer"' WC="0.98" CC="111010000"/>
						<SP ID="P3_SP01445" HPOS="2200" VPOS="2416" WIDTH="12"/>
						<String ID="P3_ST01788" HPOS="2212" VPOS="2390" WIDTH="5" HEIGHT="17" CONTENT=":" WC="1.00" CC="0"/>
						<String ID="P3_ST01789" HPOS="2221" VPOS="2397" WIDTH="31" HEIGHT="4" CONTENT="—" WC="1.00" CC="0"/>
						<String ID="P3_ST01790" HPOS="2252" VPOS="2381" WIDTH="65" HEIGHT="25" CONTENT="Take" WC="0.93" CC="2111"/>
						<SP ID="P3_SP01446" HPOS="2317" VPOS="2416" WIDTH="12"/>
						<String ID="P3_ST01791" HPOS="2329" VPOS="2388" WIDTH="14" HEIGHT="18" CONTENT="a" WC="0.96" CC="1"/>
						<SP ID="P3_SP01447" HPOS="2343" VPOS="2416" WIDTH="11"/>
						<String ID="P3_ST01792" HPOS="2354" VPOS="2380" WIDTH="45" HEIGHT="26" CONTENT="few" WC="0.94" CC="111"/>
					</TextLine>
					<TextLine ID="P3_TL00302" HPOS="1879" VPOS="2420" WIDTH="521" HEIGHT="38">
						<String ID="P3_ST01793" HPOS="1879" VPOS="2434" WIDTH="66" HEIGHT="17" CONTENT="roses" WC="0.96" CC="10101"/>
						<SP ID="P3_SP01448" HPOS="1945" VPOS="2451" WIDTH="13"/>
						<String ID="P3_ST01794" HPOS="1958" VPOS="2425" WIDTH="83" HEIGHT="33" CONTENT="(white" WC="0.88" CC="011051"/>
						<SP ID="P3_SP01449" HPOS="2041" VPOS="2458" WIDTH="19"/>
						<String ID="P3_ST01795" HPOS="2060" VPOS="2432" WIDTH="59" HEIGHT="17" CONTENT="ones" WC="0.97" CC="0101"/>
						<SP ID="P3_SP01450" HPOS="2119" VPOS="2458" WIDTH="22"/>
						<String ID="P3_ST01796" HPOS="2141" VPOS="2431" WIDTH="41" HEIGHT="16" CONTENT="are" WC="0.97" CC="001"/>
						<SP ID="P3_SP01451" HPOS="2182" VPOS="2458" WIDTH="19"/>
						<String ID="P3_ST01797" HPOS="2201" VPOS="2422" WIDTH="53" HEIGHT="25" CONTENT="best" WC="0.96" CC="1011"/>
						<SP ID="P3_SP01452" HPOS="2254" VPOS="2458" WIDTH="11"/>
						<String ID="P3_ST01798" HPOS="2265" VPOS="2421" WIDTH="49" HEIGHT="25" CONTENT="and" WC="0.97" CC="001"/>
						<SP ID="P3_SP01453" HPOS="2314" VPOS="2458" WIDTH="21"/>
						<String ID="P3_ST01799" HPOS="2335" VPOS="2420" WIDTH="65" HEIGHT="26" CONTENT="their" WC="0.91" CC="12003"/>
					</TextLine>
					<TextLine ID="P3_TL00303" HPOS="1879" VPOS="2461" WIDTH="521" HEIGHT="37">
						<String ID="P3_ST01800" HPOS="1879" VPOS="2466" WIDTH="109" HEIGHT="32" CONTENT="perfume" WC="0.97" CC="0001011"/>
						<SP ID="P3_SP01454" HPOS="1988" VPOS="2498" WIDTH="11"/>
						<String ID="P3_ST01801" HPOS="1999" VPOS="2465" WIDTH="22" HEIGHT="25" CONTENT="is" WC="0.94" CC="01"/>
						<SP ID="P3_SP01455" HPOS="2021" VPOS="2498" WIDTH="18"/>
						<String ID="P3_ST01802" HPOS="2039" VPOS="2465" WIDTH="88" HEIGHT="24" CONTENT="almost" WC="0.95" CC="102001"/>
						<SP ID="P3_SP01456" HPOS="2127" VPOS="2498" WIDTH="20"/>
						<String ID="P3_ST01803" HPOS="2147" VPOS="2461" WIDTH="190" HEIGHT="34" CONTENT="imperishable)," WC="0.96" CC="01101011110001"/>
						<SP ID="P3_SP01457" HPOS="2337" VPOS="2498" WIDTH="17"/>
						<String ID="P3_ST01804" HPOS="2354" VPOS="2461" WIDTH="46" HEIGHT="32" CONTENT="put" WC="0.81" CC="132"/>
					</TextLine>
					<TextLine ID="P3_TL00304" HPOS="1879" VPOS="2501" WIDTH="522" HEIGHT="32">
						<String ID="P3_ST01805" HPOS="1879" VPOS="2505" WIDTH="69" HEIGHT="24" CONTENT="them" WC="0.95" CC="1101"/>
						<SP ID="P3_SP01458" HPOS="1948" VPOS="2529" WIDTH="28"/>
						<String ID="P3_ST01806" HPOS="1976" VPOS="2504" WIDTH="28" HEIGHT="23" CONTENT="m" WC="0.96" CC="0"/>
						<SP ID="P3_SP01459" HPOS="2004" VPOS="2529" WIDTH="26"/>
						<String ID="P3_ST01807" HPOS="2030" VPOS="2510" WIDTH="60" HEIGHT="23" CONTENT="your" WC="0.97" CC="1000"/>
						<SP ID="P3_SP01460" HPOS="2090" VPOS="2533" WIDTH="31"/>
						<String ID="P3_ST01808" HPOS="2121" VPOS="2501" WIDTH="93" HEIGHT="25" CONTENT="clothes" WC="0.97" CC="0000111"/>
						<SP ID="P3_SP01461" HPOS="2214" VPOS="2533" WIDTH="43"/>
						<String ID="P3_ST01809" HPOS="2257" VPOS="2506" WIDTH="94" HEIGHT="23" CONTENT="presses" WC="0.94" CC="1002111"/>
						<SP ID="P3_SP01462" HPOS="2351" VPOS="2533" WIDTH="22"/>
						<String ID="P3_ST01810" HPOS="2373" VPOS="2505" WIDTH="28" HEIGHT="17" CONTENT="or" WC="0.93" CC="11"/>
					</TextLine>
					<TextLine ID="P3_TL00305" HPOS="1878" VPOS="2533" WIDTH="521" HEIGHT="33">
						<String ID="P3_ST01811" HPOS="1878" VPOS="2541" WIDTH="105" HEIGHT="25" CONTENT="drawers" WC="0.82" CC="1112135"/>
						<SP ID="P3_SP01463" HPOS="1983" VPOS="2566" WIDTH="9"/>
						<String ID="P3_ST01812" HPOS="1992" VPOS="2538" WIDTH="48" HEIGHT="26" CONTENT="add" WC="0.95" CC="111"/>
						<SP ID="P3_SP01464" HPOS="2040" VPOS="2566" WIDTH="10"/>
						<String ID="P3_ST01813" HPOS="2050" VPOS="2538" WIDTH="34" HEIGHT="26" CONTENT="let" WC="0.93" CC="011"/>
						<SP ID="P3_SP01465" HPOS="2084" VPOS="2566" WIDTH="11"/>
						<String ID="P3_ST01814" HPOS="2095" VPOS="2538" WIDTH="70" HEIGHT="25" CONTENT="them" WC="0.87" CC="1122"/>
						<SP ID="P3_SP01466" HPOS="2165" VPOS="2566" WIDTH="10"/>
						<String ID="P3_ST01815" HPOS="2175" VPOS="2536" WIDTH="96" HEIGHT="26" CONTENT="remain" WC="0.80" CC="252103"/>
						<SP ID="P3_SP01467" HPOS="2271" VPOS="2566" WIDTH="10"/>
						<String ID="P3_ST01816" HPOS="2281" VPOS="2535" WIDTH="70" HEIGHT="26" CONTENT="there" WC="0.85" CC="12122"/>
						<SP ID="P3_SP01468" HPOS="2351" VPOS="2566" WIDTH="10"/>
						<String ID="P3_ST01817" HPOS="2361" VPOS="2533" WIDTH="38" HEIGHT="26" CONTENT="for" WC="0.95" CC="111" STYLEREFS="TXT_7"/>
					</TextLine>
					<TextLine ID="P3_TL00306" HPOS="1880" VPOS="2571" WIDTH="521" HEIGHT="37">
						<String ID="P3_ST01818" HPOS="1880" VPOS="2588" WIDTH="67" HEIGHT="18" CONTENT="some" WC="0.96" CC="1010"/>
						<SP ID="P3_SP01469" HPOS="1947" VPOS="2606" WIDTH="10"/>
						<String ID="P3_ST01819" HPOS="1957" VPOS="2578" WIDTH="77" HEIGHT="26" CONTENT="weeks" WC="0.85" CC="60001"/>
						<SP ID="P3_SP01470" HPOS="2034" VPOS="2606" WIDTH="8"/>
						<String ID="P3_ST01820" HPOS="2042" VPOS="2578" WIDTH="72" HEIGHT="26" CONTENT="when" WC="0.94" CC="1101"/>
						<SP ID="P3_SP01471" HPOS="2114" VPOS="2606" WIDTH="8"/>
						<String ID="P3_ST01821" HPOS="2122" VPOS="2584" WIDTH="70" HEIGHT="24" CONTENT="every" WC="0.96" CC="01001"/>
						<SP ID="P3_SP01472" HPOS="2192" VPOS="2608" WIDTH="7"/>
						<String ID="P3_ST01822" HPOS="2199" VPOS="2573" WIDTH="83" HEIGHT="28" CONTENT="article" WC="0.97" CC="0010100"/>
						<SP ID="P3_SP01473" HPOS="2282" VPOS="2608" WIDTH="8"/>
						<String ID="P3_ST01823" HPOS="2290" VPOS="2573" WIDTH="27" HEIGHT="26" CONTENT="of" WC="0.94" CC="01"/>
						<SP ID="P3_SP01474" HPOS="2317" VPOS="2608" WIDTH="6"/>
						<String ID="P3_ST01824" HPOS="2323" VPOS="2571" WIDTH="78" HEIGHT="28" CONTENT="cloth" SUBS_TYPE="HypPart1" SUBS_CONTENT="clothing" WC="0.92" CC="100122"/>
						<HYP CONTENT="-"/>
					</TextLine>
					<TextLine ID="P3_TL00307" HPOS="1879" VPOS="2609" WIDTH="525" HEIGHT="40">
						<String ID="P3_ST01825" HPOS="1879" VPOS="2618" WIDTH="43" HEIGHT="31" CONTENT="ing" SUBS_TYPE="HypPart2" SUBS_CONTENT="clothing" WC="1.00" CC="000"/>
						<SP ID="P3_SP01475" HPOS="1922" VPOS="2649" WIDTH="10"/>
						<String ID="P3_ST01826" HPOS="1932" VPOS="2617" WIDTH="51" HEIGHT="25" CONTENT="will" WC="0.96" CC="1100"/>
						<SP ID="P3_SP01476" HPOS="1983" VPOS="2649" WIDTH="10"/>
						<String ID="P3_ST01827" HPOS="1993" VPOS="2616" WIDTH="30" HEIGHT="25" CONTENT="be" WC="0.98" CC="10"/>
						<SP ID="P3_SP01477" HPOS="2023" VPOS="2649" WIDTH="21"/>
						<String ID="P3_ST01828" HPOS="2044" VPOS="2614" WIDTH="104" HEIGHT="27" CONTENT="scffused" WC="0.96" CC="11110101"/>
						<SP ID="P3_SP01478" HPOS="2148" VPOS="2649" WIDTH="26"/>
						<String ID="P3_ST01829" HPOS="2174" VPOS="2613" WIDTH="61" HEIGHT="26" CONTENT="with" WC="0.94" CC="1012"/>
						<SP ID="P3_SP01479" HPOS="2235" VPOS="2649" WIDTH="11"/>
						<String ID="P3_ST01830" HPOS="2246" VPOS="2621" WIDTH="15" HEIGHT="16" CONTENT="a" WC="0.96" CC="1"/>
						<SP ID="P3_SP01480" HPOS="2261" VPOS="2649" WIDTH="27"/>
						<String ID="P3_ST01831" HPOS="2288" VPOS="2613" WIDTH="69" HEIGHT="24" CONTENT="scent" WC="0.95" CC="10111"/>
						<SP ID="P3_SP01481" HPOS="2357" VPOS="2649" WIDTH="19"/>
						<String ID="P3_ST01832" HPOS="2376" VPOS="2609" WIDTH="28" HEIGHT="26" CONTENT="of" WC="0.94" CC="01" STYLEREFS="TXT_7"/>
					</TextLine>
					<TextLine ID="P3_TL00308" HPOS="1879" VPOS="2651" WIDTH="465" HEIGHT="33">
						<String ID="P3_ST01833" HPOS="1879" VPOS="2657" WIDTH="137" HEIGHT="25" CONTENT="newblown" WC="0.75" CC="53111082"/>
						<SP ID="P3_SP01482" HPOS="2016" VPOS="2682" WIDTH="9"/>
						<String ID="P3_ST01834" HPOS="2025" VPOS="2663" WIDTH="76" HEIGHT="17" CONTENT="roses." WC="0.88" CC="101321"/>
						<String ID="P3_ST01835" HPOS="2101" VPOS="2669" WIDTH="33" HEIGHT="4" CONTENT="—" WC="1.00" CC="0"/>
						<String ID="P3_ST01836" HPOS="2134" VPOS="2654" WIDTH="126" HEIGHT="30" CONTENT="Waipawa" WC="0.83" CC="2203222"/>
						<SP ID="P3_SP01483" HPOS="2260" VPOS="2684" WIDTH="7"/>
						<String ID="P3_ST01837" HPOS="2267" VPOS="2651" WIDTH="77" HEIGHT="24" CONTENT="MaiL-" WC="0.88" CC="10122"/>
					</TextLine>
					<TextLine ID="P3_TL00309" HPOS="1914" VPOS="2709" WIDTH="488" HEIGHT="38">
						<String ID="P3_ST01838" HPOS="1914" VPOS="2717" WIDTH="21" HEIGHT="24" CONTENT="A" WC="0.96" CC="1"/>
						<SP ID="P3_SP01484" HPOS="1935" VPOS="2741" WIDTH="15"/>
						<String ID="P3_ST01839" HPOS="1950" VPOS="2717" WIDTH="89" HEIGHT="30" CONTENT="charge" WC="0.96" CC="011011"/>
						<SP ID="P3_SP01485" HPOS="2039" VPOS="2747" WIDTH="27"/>
						<String ID="P3_ST01840" HPOS="2066" VPOS="2714" WIDTH="27" HEIGHT="26" CONTENT="of" WC="0.98" CC="01"/>
						<SP ID="P3_SP01486" HPOS="2093" VPOS="2747" WIDTH="24"/>
						<String ID="P3_ST01841" HPOS="2117" VPOS="2714" WIDTH="105" HEIGHT="30" CONTENT="attempt" WC="0.97" CC="1110011"/>
						<SP ID="P3_SP01487" HPOS="2222" VPOS="2747" WIDTH="26"/>
						<String ID="P3_ST01842" HPOS="2248" VPOS="2713" WIDTH="26" HEIGHT="23" CONTENT="to" WC="1.00" CC="00"/>
						<SP ID="P3_SP01488" HPOS="2274" VPOS="2747" WIDTH="22"/>
						<String ID="P3_ST01843" HPOS="2296" VPOS="2709" WIDTH="106" HEIGHT="29" CONTENT="murder," WC="0.89" CC="1111032"/>
					</TextLine>
					<TextLine ID="P3_TL00310" HPOS="1882" VPOS="2749" WIDTH="522" HEIGHT="38">
						<String ID="P3_ST01844" HPOS="1882" VPOS="2756" WIDTH="105" HEIGHT="31" CONTENT="brought" WC="0.86" CC="0601111"/>
						<SP ID="P3_SP01489" HPOS="1987" VPOS="2787" WIDTH="22"/>
						<String ID="P3_ST01845" HPOS="2009" VPOS="2755" WIDTH="96" HEIGHT="32" CONTENT="against" WC="0.97" CC="1010110"/>
						<SP ID="P3_SP01490" HPOS="2105" VPOS="2787" WIDTH="15"/>
						<String ID="P3_ST01846" HPOS="2120" VPOS="2761" WIDTH="15" HEIGHT="17" CONTENT="a" WC="1.00" CC="0"/>
						<SP ID="P3_SP01491" HPOS="2135" VPOS="2787" WIDTH="21"/>
						<String ID="P3_ST01847" HPOS="2156" VPOS="2759" WIDTH="60" HEIGHT="18" CONTENT="man" WC="0.97" CC="001"/>
						<SP ID="P3_SP01492" HPOS="2216" VPOS="2787" WIDTH="20"/>
						<String ID="P3_ST01848" HPOS="2236" VPOS="2750" WIDTH="91" HEIGHT="25" CONTENT="named" WC="0.96" CC="11011"/>
						<SP ID="P3_SP01493" HPOS="2327" VPOS="2787" WIDTH="22"/>
						<String ID="P3_ST01849" HPOS="2349" VPOS="2749" WIDTH="55" HEIGHT="27" CONTENT="Mil" SUBS_TYPE="HypPart1" SUBS_CONTENT="Milward" WC="0.91" CC="3001"/>
						<HYP CONTENT="-"/>
					</TextLine>
					<TextLine ID="P3_TL00311" HPOS="1882" VPOS="2788" WIDTH="522" HEIGHT="34">
						<String ID="P3_ST01850" HPOS="1882" VPOS="2796" WIDTH="67" HEIGHT="26" CONTENT="ward" SUBS_TYPE="HypPart2" SUBS_CONTENT="Milward" WC="0.92" CC="1111"/>
						<SP ID="P3_SP01494" HPOS="1949" VPOS="2822" WIDTH="11"/>
						<String ID="P3_ST01851" HPOS="1960" VPOS="2797" WIDTH="26" HEIGHT="23" CONTENT="at" WC="0.94" CC="11"/>
						<SP ID="P3_SP01495" HPOS="1986" VPOS="2822" WIDTH="12"/>
						<String ID="P3_ST01852" HPOS="1998" VPOS="2795" WIDTH="41" HEIGHT="25" CONTENT="the" WC="0.94" CC="110"/>
						<SP ID="P3_SP01496" HPOS="2039" VPOS="2822" WIDTH="13"/>
						<String ID="P3_ST01853" HPOS="2052" VPOS="2792" WIDTH="171" HEIGHT="27" CONTENT="Staffordshire" WC="0.92" CC="1211301110111"/>
						<SP ID="P3_SP01497" HPOS="2223" VPOS="2822" WIDTH="11"/>
						<String ID="P3_ST01854" HPOS="2234" VPOS="2790" WIDTH="99" HEIGHT="28" CONTENT="assizes," WC="0.93" CC="11111011"/>
						<SP ID="P3_SP01498" HPOS="2333" VPOS="2822" WIDTH="12"/>
						<String ID="P3_ST01855" HPOS="2345" VPOS="2788" WIDTH="59" HEIGHT="26" CONTENT="end" SUBS_TYPE="HypPart1" SUBS_CONTENT="ended" WC="0.87" CC="0114"/>
						<HYP CONTENT="-"/>
					</TextLine>
					<TextLine ID="P3_TL00312" HPOS="1883" VPOS="2829" WIDTH="523" HEIGHT="36">
						<String ID="P3_ST01856" HPOS="1883" VPOS="2837" WIDTH="31" HEIGHT="23" CONTENT="ed" SUBS_TYPE="HypPart2" SUBS_CONTENT="ended" WC="0.85" CC="21"/>
						<SP ID="P3_SP01499" HPOS="1914" VPOS="2860" WIDTH="9"/>
						<String ID="P3_ST01857" HPOS="1923" VPOS="2836" WIDTH="27" HEIGHT="24" CONTENT="m" WC="0.98" CC="0"/>
						<SP ID="P3_SP01500" HPOS="1950" VPOS="2860" WIDTH="11"/>
						<String ID="P3_ST01858" HPOS="1961" VPOS="2844" WIDTH="15" HEIGHT="16" CONTENT="a" WC="0.96" CC="1"/>
						<SP ID="P3_SP01501" HPOS="1976" VPOS="2860" WIDTH="23"/>
						<String ID="P3_ST01859" HPOS="1999" VPOS="2837" WIDTH="97" HEIGHT="28" CONTENT="strange" WC="0.92" CC="1220111"/>
						<SP ID="P3_SP01502" HPOS="2096" VPOS="2865" WIDTH="17"/>
						<String ID="P3_ST01860" HPOS="2113" VPOS="2841" WIDTH="61" HEIGHT="22" CONTENT="way." WC="0.92" CC="1111"/>
						<SP ID="P3_SP01503" HPOS="2174" VPOS="2865" WIDTH="34"/>
						<String ID="P3_ST01861" HPOS="2208" VPOS="2831" WIDTH="53" HEIGHT="24" CONTENT="The" WC="0.91" CC="211"/>
						<SP ID="P3_SP01504" HPOS="2261" VPOS="2865" WIDTH="21"/>
						<String ID="P3_ST01862" HPOS="2282" VPOS="2830" WIDTH="80" HEIGHT="30" CONTENT="object" WC="0.92" CC="003111"/>
						<SP ID="P3_SP01505" HPOS="2362" VPOS="2865" WIDTH="19"/>
						<String ID="P3_ST01863" HPOS="2381" VPOS="2829" WIDTH="25" HEIGHT="23" CONTENT="of" WC="0.91" CC="02"/>
					</TextLine>
					<TextLine ID="P3_TL00313" HPOS="1882" VPOS="2870" WIDTH="524" HEIGHT="35">
						<String ID="P3_ST01864" HPOS="1882" VPOS="2875" WIDTH="43" HEIGHT="24" CONTENT="the" WC="0.97" CC="101"/>
						<SP ID="P3_SP01506" HPOS="1925" VPOS="2899" WIDTH="22"/>
						<String ID="P3_ST01865" HPOS="1947" VPOS="2874" WIDTH="131" HEIGHT="31" CONTENT="prisoner's" WC="0.94" CC="1201020111"/>
						<SP ID="P3_SP01507" HPOS="2078" VPOS="2905" WIDTH="22"/>
						<String ID="P3_ST01866" HPOS="2100" VPOS="2870" WIDTH="82" HEIGHT="26" CONTENT="attack" WC="0.94" CC="111110"/>
						<SP ID="P3_SP01508" HPOS="2182" VPOS="2905" WIDTH="21"/>
						<String ID="P3_ST01867" HPOS="2203" VPOS="2877" WIDTH="51" HEIGHT="17" CONTENT="was" WC="0.91" CC="211"/>
						<SP ID="P3_SP01509" HPOS="2254" VPOS="2905" WIDTH="19"/>
						<String ID="P3_ST01868" HPOS="2273" VPOS="2876" WIDTH="15" HEIGHT="16" CONTENT="a" WC="0.93" CC="1"/>
						<SP ID="P3_SP01510" HPOS="2288" VPOS="2905" WIDTH="22"/>
						<String ID="P3_ST01869" HPOS="2310" VPOS="2873" WIDTH="96" HEIGHT="19" CONTENT="woman" WC="0.93" CC="10111"/>
					</TextLine>
					<TextLine ID="P3_TL00314" HPOS="1883" VPOS="2904" WIDTH="525" HEIGHT="36">
						<String ID="P3_ST01870" HPOS="1883" VPOS="2912" WIDTH="90" HEIGHT="25" CONTENT="named" WC="0.94" CC="10111"/>
						<SP ID="P3_SP01511" HPOS="1973" VPOS="2937" WIDTH="22"/>
						<String ID="P3_ST01871" HPOS="1995" VPOS="2910" WIDTH="72" HEIGHT="26" CONTENT="Hood" WC="0.96" CC="1101"/>
						<String ID="P3_ST01872" HPOS="2075" VPOS="2918" WIDTH="6" HEIGHT="22" CONTENT=";" WC="0.96" CC="1"/>
						<SP ID="P3_SP01512" HPOS="2081" VPOS="2940" WIDTH="23"/>
						<String ID="P3_ST01873" HPOS="2104" VPOS="2908" WIDTH="45" HEIGHT="26" CONTENT="but" WC="0.94" CC="111"/>
						<SP ID="P3_SP01513" HPOS="2149" VPOS="2940" WIDTH="11"/>
						<String ID="P3_ST01874" HPOS="2160" VPOS="2908" WIDTH="72" HEIGHT="25" CONTENT="when" WC="0.99" CC="1000"/>
						<SP ID="P3_SP01514" HPOS="2232" VPOS="2940" WIDTH="25"/>
						<String ID="P3_ST01875" HPOS="2257" VPOS="2905" WIDTH="43" HEIGHT="26" CONTENT="the" WC="0.99" CC="010"/>
						<SP ID="P3_SP01515" HPOS="2300" VPOS="2940" WIDTH="22"/>
						<String ID="P3_ST01876" HPOS="2322" VPOS="2904" WIDTH="86" HEIGHT="26" CONTENT="Grand" WC="0.87" CC="50111"/>
					</TextLine>
					<TextLine ID="P3_TL00315" HPOS="1884" VPOS="2942" WIDTH="524" HEIGHT="40">
						<String ID="P3_ST01877" HPOS="1884" VPOS="2952" WIDTH="62" HEIGHT="30" CONTENT="Jury" WC="0.92" CC="1111"/>
						<SP ID="P3_SP01516" HPOS="1946" VPOS="2982" WIDTH="11"/>
						<String ID="P3_ST01878" HPOS="1957" VPOS="2957" WIDTH="63" HEIGHT="18" CONTENT="were" WC="0.95" CC="1010"/>
						<SP ID="P3_SP01517" HPOS="2020" VPOS="2982" WIDTH="10"/>
						<String ID="P3_ST01879" HPOS="2030" VPOS="2947" WIDTH="78" HEIGHT="26" CONTENT="called" WC="0.99" CC="010000"/>
						<SP ID="P3_SP01518" HPOS="2108" VPOS="2982" WIDTH="20"/>
						<String ID="P3_ST01880" HPOS="2128" VPOS="2954" WIDTH="32" HEIGHT="17" CONTENT="on" WC="0.98" CC="01"/>
						<SP ID="P3_SP01519" HPOS="2160" VPOS="2982" WIDTH="23"/>
						<String ID="P3_ST01881" HPOS="2183" VPOS="2948" WIDTH="25" HEIGHT="23" CONTENT="to" WC="0.98" CC="10"/>
						<SP ID="P3_SP01520" HPOS="2208" VPOS="2982" WIDTH="11"/>
						<String ID="P3_ST01882" HPOS="2219" VPOS="2947" WIDTH="83" HEIGHT="22" CONTENT="return" WC="0.98" CC="100001"/>
						<SP ID="P3_SP01521" HPOS="2302" VPOS="2982" WIDTH="24"/>
						<String ID="P3_ST01883" HPOS="2326" VPOS="2951" WIDTH="15" HEIGHT="17" CONTENT="a" WC="0.93" CC="1"/>
						<SP ID="P3_SP01522" HPOS="2341" VPOS="2982" WIDTH="21"/>
						<String ID="P3_ST01884" HPOS="2362" VPOS="2942" WIDTH="46" HEIGHT="25" CONTENT="bill" WC="1.00" CC="0000"/>
					</TextLine>
					<TextLine ID="P3_TL00316" HPOS="1882" VPOS="2981" WIDTH="526" HEIGHT="34">
						<String ID="P3_ST01885" HPOS="1882" VPOS="2989" WIDTH="42" HEIGHT="26" CONTENT="the" WC="0.95" CC="110"/>
						<SP ID="P3_SP01523" HPOS="1924" VPOS="3015" WIDTH="11"/>
						<String ID="P3_ST01886" HPOS="1935" VPOS="2989" WIDTH="111" HEIGHT="24" CONTENT="foreman" WC="0.94" CC="1010212"/>
						<SP ID="P3_SP01524" HPOS="2046" VPOS="3015" WIDTH="10"/>
						<String ID="P3_ST01887" HPOS="2056" VPOS="2985" WIDTH="122" HEIGHT="25" CONTENT="informed" WC="0.97" CC="00101101"/>
						<SP ID="P3_SP01525" HPOS="2178" VPOS="3015" WIDTH="19"/>
						<String ID="P3_ST01888" HPOS="2197" VPOS="2983" WIDTH="42" HEIGHT="25" CONTENT="the" WC="0.99" CC="100"/>
						<SP ID="P3_SP01526" HPOS="2239" VPOS="3015" WIDTH="21"/>
						<String ID="P3_ST01889" HPOS="2260" VPOS="2982" WIDTH="79" HEIGHT="31" CONTENT="Judge" WC="0.96" CC="20100"/>
						<SP ID="P3_SP01527" HPOS="2339" VPOS="3015" WIDTH="12"/>
						<String ID="P3_ST01890" HPOS="2351" VPOS="2981" WIDTH="57" HEIGHT="25" CONTENT="that" WC="0.96" CC="1110"/>
					</TextLine>
					<TextLine ID="P3_TL00317" HPOS="1883" VPOS="3020" WIDTH="526" HEIGHT="38">
						<String ID="P3_ST01891" HPOS="1883" VPOS="3027" WIDTH="59" HEIGHT="31" CONTENT="they" WC="0.84" CC="1141"/>
						<SP ID="P3_SP01528" HPOS="1942" VPOS="3058" WIDTH="11"/>
						<String ID="P3_ST01892" HPOS="1953" VPOS="3026" WIDTH="75" HEIGHT="25" CONTENT="found" WC="0.95" CC="10011"/>
						<SP ID="P3_SP01529" HPOS="2028" VPOS="3058" WIDTH="13"/>
						<String ID="P3_ST01893" HPOS="2041" VPOS="3023" WIDTH="146" HEIGHT="26" CONTENT="themselves" WC="0.94" CC="1002110111"/>
						<SP ID="P3_SP01530" HPOS="2187" VPOS="3058" WIDTH="9"/>
						<String ID="P3_ST01894" HPOS="2196" VPOS="3023" WIDTH="27" HEIGHT="23" CONTENT="m" WC="0.98" CC="0"/>
						<SP ID="P3_SP01531" HPOS="2223" VPOS="3058" WIDTH="9"/>
						<String ID="P3_ST01895" HPOS="2232" VPOS="3030" WIDTH="14" HEIGHT="16" CONTENT="a" WC="1.00" CC="0"/>
						<SP ID="P3_SP01532" HPOS="2246" VPOS="3058" WIDTH="11"/>
						<String ID="P3_ST01896" HPOS="2257" VPOS="3020" WIDTH="119" HEIGHT="31" CONTENT="difficulty" WC="0.96" CC="1011101111"/>
						<String ID="P3_ST01897" HPOS="2376" VPOS="3034" WIDTH="33" HEIGHT="3" CONTENT="—" WC="1.00" CC="0"/>
					</TextLine>
					<TextLine ID="P3_TL00318" HPOS="1884" VPOS="3058" WIDTH="525" HEIGHT="36">
						<String ID="P3_ST01898" HPOS="1884" VPOS="3067" WIDTH="43" HEIGHT="24" CONTENT="the" WC="0.96" CC="110"/>
						<SP ID="P3_SP01533" HPOS="1927" VPOS="3091" WIDTH="10"/>
						<String ID="P3_ST01899" HPOS="1937" VPOS="3073" WIDTH="97" HEIGHT="17" CONTENT="woman" WC="0.90" CC="20211"/>
						<SP ID="P3_SP01534" HPOS="2034" VPOS="3091" WIDTH="11"/>
						<String ID="P3_ST01900" HPOS="2045" VPOS="3064" WIDTH="92" HEIGHT="30" CONTENT="having" WC="0.94" CC="111010"/>
						<SP ID="P3_SP01535" HPOS="2137" VPOS="3094" WIDTH="23"/>
						<String ID="P3_ST01901" HPOS="2160" VPOS="3063" WIDTH="66" HEIGHT="23" CONTENT="since" WC="0.94" CC="11101"/>
						<SP ID="P3_SP01536" HPOS="2226" VPOS="3094" WIDTH="22"/>
						<String ID="P3_ST01902" HPOS="2248" VPOS="3060" WIDTH="43" HEIGHT="25" CONTENT="the" WC="0.96" CC="110"/>
						<SP ID="P3_SP01537" HPOS="2291" VPOS="3094" WIDTH="23"/>
						<String ID="P3_ST01903" HPOS="2314" VPOS="3058" WIDTH="95" HEIGHT="31" CONTENT="alleged" WC="0.98" CC="0100001"/>
					</TextLine>
					<TextLine ID="P3_TL00319" HPOS="1884" VPOS="3097" WIDTH="523" HEIGHT="36">
						<String ID="P3_ST01904" HPOS="1884" VPOS="3104" WIDTH="82" HEIGHT="24" CONTENT="attack" WC="0.93" CC="111111"/>
						<SP ID="P3_SP01538" HPOS="1966" VPOS="3128" WIDTH="12"/>
						<String ID="P3_ST01905" HPOS="1978" VPOS="3110" WIDTH="66" HEIGHT="23" CONTENT="upon" WC="0.96" CC="1001"/>
						<SP ID="P3_SP01539" HPOS="2044" VPOS="3133" WIDTH="9"/>
						<String ID="P3_ST01906" HPOS="2053" VPOS="3103" WIDTH="52" HEIGHT="26" CONTENT="her," WC="0.92" CC="1112"/>
						<SP ID="P3_SP01540" HPOS="2105" VPOS="3133" WIDTH="9"/>
						<String ID="P3_ST01907" HPOS="2114" VPOS="3099" WIDTH="106" HEIGHT="26" CONTENT="married" WC="0.96" CC="2110000"/>
						<SP ID="P3_SP01541" HPOS="2220" VPOS="3133" WIDTH="6"/>
						<String ID="P3_ST01908" HPOS="2226" VPOS="3099" WIDTH="45" HEIGHT="24" CONTENT="her" WC="0.99" CC="001"/>
						<SP ID="P3_SP01542" HPOS="2271" VPOS="3133" WIDTH="8"/>
						<String ID="P3_ST01909" HPOS="2279" VPOS="3097" WIDTH="128" HEIGHT="25" CONTENT="assailant." WC="0.97" CC="0111001101"/>
					</TextLine>
					<TextLine ID="P3_TL00320" HPOS="1884" VPOS="3136" WIDTH="526" HEIGHT="36">
						<String ID="P3_ST01910" HPOS="1884" VPOS="3144" WIDTH="40" HEIGHT="25" CONTENT="Mr" WC="0.98" CC="01"/>
						<SP ID="P3_SP01543" HPOS="1924" VPOS="3169" WIDTH="12"/>
						<String ID="P3_ST01911" HPOS="1936" VPOS="3143" WIDTH="96" HEIGHT="28" CONTENT="Stokes," WC="0.91" CC="2102111"/>
						<SP ID="P3_SP01544" HPOS="2032" VPOS="3171" WIDTH="10"/>
						<String ID="P3_ST01912" HPOS="2042" VPOS="3150" WIDTH="15" HEIGHT="16" CONTENT="a" WC="0.85" CC="2"/>
						<SP ID="P3_SP01545" HPOS="2057" VPOS="3171" WIDTH="10"/>
						<String ID="P3_ST01913" HPOS="2067" VPOS="3142" WIDTH="66" HEIGHT="30" CONTENT="legal" WC="0.96" CC="01110"/>
						<SP ID="P3_SP01546" HPOS="2133" VPOS="3172" WIDTH="5"/>
						<String ID="P3_ST01914" HPOS="2138" VPOS="3140" WIDTH="125" HEIGHT="32" CONTENT="juryman," WC="0.91" CC="11112201"/>
						<SP ID="P3_SP01547" HPOS="2263" VPOS="3172" WIDTH="11"/>
						<String ID="P3_ST01915" HPOS="2274" VPOS="3136" WIDTH="136" HEIGHT="32" CONTENT="thereupon" WC="0.95" CC="011011111"/>
					</TextLine>
					<TextLine ID="P3_TL00321" HPOS="1884" VPOS="3176" WIDTH="529" HEIGHT="39">
						<String ID="P3_ST01916" HPOS="1884" VPOS="3183" WIDTH="100" HEIGHT="32" CONTENT="pointed" WC="0.98" CC="0001101"/>
						<SP ID="P3_SP01548" HPOS="1984" VPOS="3215" WIDTH="8"/>
						<String ID="P3_ST01917" HPOS="1992" VPOS="3184" WIDTH="43" HEIGHT="23" CONTENT="out" WC="0.93" CC="011"/>
						<SP ID="P3_SP01549" HPOS="2035" VPOS="3215" WIDTH="11"/>
						<String ID="P3_ST01918" HPOS="2046" VPOS="3182" WIDTH="56" HEIGHT="24" CONTENT="that" WC="0.96" CC="1011"/>
						<SP ID="P3_SP01550" HPOS="2102" VPOS="3215" WIDTH="12"/>
						<String ID="P3_ST01919" HPOS="2114" VPOS="3189" WIDTH="26" HEIGHT="15" CONTENT="as" WC="0.98" CC="01"/>
						<SP ID="P3_SP01551" HPOS="2140" VPOS="3215" WIDTH="12"/>
						<String ID="P3_ST01920" HPOS="2152" VPOS="3180" WIDTH="50" HEIGHT="24" CONTENT="this" WC="0.98" CC="1001"/>
						<SP ID="P3_SP01552" HPOS="2202" VPOS="3215" WIDTH="18"/>
						<String ID="P3_ST01921" HPOS="2220" VPOS="3185" WIDTH="50" HEIGHT="18" CONTENT="was" WC="0.99" CC="001"/>
						<SP ID="P3_SP01553" HPOS="2270" VPOS="3215" WIDTH="12"/>
						<String ID="P3_ST01922" HPOS="2282" VPOS="3186" WIDTH="14" HEIGHT="16" CONTENT="a" WC="0.93" CC="1"/>
						<SP ID="P3_SP01554" HPOS="2296" VPOS="3215" WIDTH="12"/>
						<String ID="P3_ST01923" HPOS="2308" VPOS="3185" WIDTH="56" HEIGHT="16" CONTENT="case" WC="1.00" CC="0000"/>
						<SP ID="P3_SP01555" HPOS="2364" VPOS="3215" WIDTH="22"/>
						<String ID="P3_ST01924" HPOS="2386" VPOS="3176" WIDTH="27" HEIGHT="25" CONTENT="of" WC="0.96" CC="01"/>
					</TextLine>
					<TextLine ID="P3_TL00322" HPOS="1883" VPOS="3215" WIDTH="527" HEIGHT="40">
						<String ID="P3_ST01925" HPOS="1883" VPOS="3220" WIDTH="114" HEIGHT="35" CONTENT="personal" WC="0.97" CC="10110110"/>
						<SP ID="P3_SP01556" HPOS="1997" VPOS="3255" WIDTH="10"/>
						<String ID="P3_ST01926" HPOS="2007" VPOS="3220" WIDTH="90" HEIGHT="33" CONTENT="injury," WC="0.95" CC="0110111"/>
						<SP ID="P3_SP01557" HPOS="2097" VPOS="3255" WIDTH="11"/>
						<String ID="P3_ST01927" HPOS="2108" VPOS="3218" WIDTH="44" HEIGHT="25" CONTENT="the" WC="0.97" CC="101"/>
						<SP ID="P3_SP01558" HPOS="2152" VPOS="3255" WIDTH="11"/>
						<String ID="P3_ST01928" HPOS="2163" VPOS="3224" WIDTH="97" HEIGHT="19" CONTENT="woman" WC="0.97" CC="10001"/>
						<SP ID="P3_SP01559" HPOS="2260" VPOS="3255" WIDTH="12"/>
						<String ID="P3_ST01929" HPOS="2272" VPOS="3215" WIDTH="72" HEIGHT="26" CONTENT="could" WC="0.97" CC="10101"/>
						<SP ID="P3_SP01560" HPOS="2344" VPOS="3255" WIDTH="11"/>
						<String ID="P3_ST01930" HPOS="2355" VPOS="3215" WIDTH="55" HEIGHT="32" CONTENT="give" WC="0.99" CC="0010"/>
					</TextLine>
					<TextLine ID="P3_TL00323" HPOS="1884" VPOS="3265" WIDTH="527" HEIGHT="37">
						<String ID="P3_ST01931" HPOS="1884" VPOS="3272" WIDTH="113" HEIGHT="24" CONTENT="evidence" WC="0.89" CC="11041110"/>
						<SP ID="P3_SP01561" HPOS="1997" VPOS="3296" WIDTH="9"/>
						<String ID="P3_ST01932" HPOS="2006" VPOS="3270" WIDTH="97" HEIGHT="32" CONTENT="against" WC="0.90" CC="1111112"/>
						<SP ID="P3_SP01562" HPOS="2103" VPOS="3302" WIDTH="11"/>
						<String ID="P3_ST01933" HPOS="2114" VPOS="3269" WIDTH="45" HEIGHT="23" CONTENT="her" WC="0.94" CC="110"/>
						<SP ID="P3_SP01563" HPOS="2159" VPOS="3302" WIDTH="15"/>
						<String ID="P3_ST01934" HPOS="2174" VPOS="3266" WIDTH="122" HEIGHT="25" CONTENT="husband," WC="0.86" CC="42111210"/>
						<SP ID="P3_SP01564" HPOS="2296" VPOS="3302" WIDTH="13"/>
						<String ID="P3_ST01935" HPOS="2309" VPOS="3265" WIDTH="50" HEIGHT="24" CONTENT="and" WC="0.93" CC="111"/>
						<SP ID="P3_SP01565" HPOS="2359" VPOS="3302" WIDTH="12"/>
						<String ID="P3_ST01936" HPOS="2371" VPOS="3265" WIDTH="40" HEIGHT="23" CONTENT="Mr" WC="1.00" CC="00"/>
					</TextLine>
					<TextLine ID="P3_TL00324" HPOS="1886" VPOS="3302" WIDTH="527" HEIGHT="33">
						<String ID="P3_ST01937" HPOS="1886" VPOS="3310" WIDTH="94" HEIGHT="25" CONTENT="Justice" WC="0.96" CC="1111001"/>
						<SP ID="P3_SP01566" HPOS="1980" VPOS="3335" WIDTH="9"/>
						<String ID="P3_ST01938" HPOS="1989" VPOS="3308" WIDTH="93" HEIGHT="25" CONTENT="Collins" WC="0.97" CC="1000001"/>
						<SP ID="P3_SP01567" HPOS="2082" VPOS="3335" WIDTH="8"/>
						<String ID="P3_ST01939" HPOS="2090" VPOS="3305" WIDTH="116" HEIGHT="26" CONTENT="observed" WC="0.94" CC="01201111"/>
						<SP ID="P3_SP01568" HPOS="2206" VPOS="3335" WIDTH="7"/>
						<String ID="P3_ST01940" HPOS="2213" VPOS="3305" WIDTH="55" HEIGHT="25" CONTENT="that" WC="0.95" CC="1111"/>
						<SP ID="P3_SP01569" HPOS="2268" VPOS="3335" WIDTH="7"/>
						<String ID="P3_ST01941" HPOS="2275" VPOS="3303" WIDTH="42" HEIGHT="26" CONTENT="the" WC="0.99" CC="100"/>
						<SP ID="P3_SP01570" HPOS="2317" VPOS="3335" WIDTH="10"/>
						<String ID="P3_ST01942" HPOS="2327" VPOS="3302" WIDTH="86" HEIGHT="26" CONTENT="Grand" WC="0.92" CC="21102"/>
					</TextLine>
					<TextLine ID="P3_TL00325" HPOS="1887" VPOS="3343" WIDTH="526" HEIGHT="38">
						<String ID="P3_ST01943" HPOS="1887" VPOS="3350" WIDTH="61" HEIGHT="31" CONTENT="Jury" WC="0.96" CC="1010"/>
						<SP ID="P3_SP01571" HPOS="1948" VPOS="3381" WIDTH="12"/>
						<String ID="P3_ST01944" HPOS="1960" VPOS="3347" WIDTH="71" HEIGHT="27" CONTENT="could" WC="0.98" CC="00011"/>
						<SP ID="P3_SP01572" HPOS="2031" VPOS="3381" WIDTH="11"/>
						<String ID="P3_ST01945" HPOS="2042" VPOS="3345" WIDTH="118" HEIGHT="32" CONTENT="certainly" WC="0.96" CC="001121100"/>
						<SP ID="P3_SP01573" HPOS="2160" VPOS="3381" WIDTH="16"/>
						<String ID="P3_ST01946" HPOS="2176" VPOS="3344" WIDTH="64" HEIGHT="26" CONTENT="have" WC="0.94" CC="1102"/>
						<SP ID="P3_SP01574" HPOS="2240" VPOS="3381" WIDTH="10"/>
						<String ID="P3_ST01947" HPOS="2250" VPOS="3343" WIDTH="43" HEIGHT="25" CONTENT="the" WC="0.96" CC="110"/>
						<SP ID="P3_SP01575" HPOS="2293" VPOS="3381" WIDTH="22"/>
						<String ID="P3_ST01948" HPOS="2315" VPOS="3350" WIDTH="98" HEIGHT="18" CONTENT="woman" WC="0.90" CC="10013"/>
					</TextLine>
					<TextLine ID="P3_TL00326" HPOS="1884" VPOS="3380" WIDTH="528" HEIGHT="33">
						<String ID="P3_ST01949" HPOS="1884" VPOS="3387" WIDTH="82" HEIGHT="26" CONTENT="before" WC="0.97" CC="101011"/>
						<SP ID="P3_SP01576" HPOS="1966" VPOS="3413" WIDTH="12"/>
						<String ID="P3_ST01950" HPOS="1978" VPOS="3386" WIDTH="79" HEIGHT="25" CONTENT="them." WC="0.98" CC="00011"/>
						<SP ID="P3_SP01577" HPOS="2057" VPOS="3413" WIDTH="34"/>
						<String ID="P3_ST01951" HPOS="2091" VPOS="3383" WIDTH="54" HEIGHT="25" CONTENT="The" WC="0.97" CC="011"/>
						<SP ID="P3_SP01578" HPOS="2145" VPOS="3413" WIDTH="12"/>
						<String ID="P3_ST01952" HPOS="2157" VPOS="3382" WIDTH="85" HEIGHT="26" CONTENT="Grand" WC="0.97" CC="10011"/>
						<SP ID="P3_SP01579" HPOS="2242" VPOS="3413" WIDTH="8"/>
						<String ID="P3_ST01953" HPOS="2250" VPOS="3382" WIDTH="71" HEIGHT="31" CONTENT="Jury," WC="0.95" CC="01112"/>
						<SP ID="P3_SP01580" HPOS="2321" VPOS="3413" WIDTH="10"/>
						<String ID="P3_ST01954" HPOS="2331" VPOS="3380" WIDTH="81" HEIGHT="26" CONTENT="there" SUBS_TYPE="HypPart1" SUBS_CONTENT="therefore," WC="0.88" CC="116001"/>
						<HYP CONTENT="-"/>
					</TextLine>
					<TextLine ID="P3_TL00327" HPOS="1886" VPOS="3421" WIDTH="527" HEIGHT="36">
						<String ID="P3_ST01955" HPOS="1886" VPOS="3428" WIDTH="59" HEIGHT="29" CONTENT="fore," SUBS_TYPE="HypPart2" SUBS_CONTENT="therefore," WC="0.95" CC="10102"/>
						<SP ID="P3_SP01581" HPOS="1945" VPOS="3457" WIDTH="12"/>
						<String ID="P3_ST01956" HPOS="1957" VPOS="3425" WIDTH="89" HEIGHT="26" CONTENT="retired" WC="0.94" CC="1010211"/>
						<SP ID="P3_SP01582" HPOS="2046" VPOS="3457" WIDTH="8"/>
						<String ID="P3_ST01957" HPOS="2054" VPOS="3427" WIDTH="25" HEIGHT="23" CONTENT="to" WC="1.00" CC="00"/>
						<SP ID="P3_SP01583" HPOS="2079" VPOS="3457" WIDTH="20"/>
						<String ID="P3_ST01958" HPOS="2099" VPOS="3424" WIDTH="74" HEIGHT="31" CONTENT="adopt" WC="0.99" CC="01000"/>
						<SP ID="P3_SP01584" HPOS="2173" VPOS="3457" WIDTH="19"/>
						<String ID="P3_ST01959" HPOS="2192" VPOS="3423" WIDTH="43" HEIGHT="24" CONTENT="the" WC="0.99" CC="100"/>
						<SP ID="P3_SP01585" HPOS="2235" VPOS="3457" WIDTH="25"/>
						<String ID="P3_ST01960" HPOS="2260" VPOS="3422" WIDTH="103" HEIGHT="31" CONTENT="Judge's" WC="0.96" CC="0110011"/>
						<SP ID="P3_SP01586" HPOS="2363" VPOS="3457" WIDTH="8"/>
						<String ID="P3_ST01961" HPOS="2371" VPOS="3421" WIDTH="42" HEIGHT="25" CONTENT="ad" SUBS_TYPE="HypPart1" SUBS_CONTENT="advice;" WC="0.93" CC="111"/>
						<HYP CONTENT="-"/>
					</TextLine>
					<TextLine ID="P3_TL00328" HPOS="1886" VPOS="3462" WIDTH="529" HEIGHT="33">
						<String ID="P3_ST01962" HPOS="1886" VPOS="3468" WIDTH="61" HEIGHT="27" CONTENT="vice;" SUBS_TYPE="HypPart2" SUBS_CONTENT="advice;" WC="0.93" CC="20111"/>
						<SP ID="P3_SP01587" HPOS="1947" VPOS="3495" WIDTH="22"/>
						<String ID="P3_ST01963" HPOS="1969" VPOS="3468" WIDTH="44" HEIGHT="22" CONTENT="but" WC="0.93" CC="011"/>
						<SP ID="P3_SP01588" HPOS="2013" VPOS="3495" WIDTH="27"/>
						<String ID="P3_ST01964" HPOS="2040" VPOS="3465" WIDTH="74" HEIGHT="24" CONTENT="when" WC="0.92" CC="1112"/>
						<SP ID="P3_SP01589" HPOS="2114" VPOS="3495" WIDTH="26"/>
						<String ID="P3_ST01965" HPOS="2140" VPOS="3463" WIDTH="60" HEIGHT="31" CONTENT="they" WC="0.96" CC="0101"/>
						<SP ID="P3_SP01590" HPOS="2200" VPOS="3495" WIDTH="22"/>
						<String ID="P3_ST01966" HPOS="2222" VPOS="3462" WIDTH="118" HEIGHT="25" CONTENT="returned" WC="0.95" CC="01011111"/>
						<SP ID="P3_SP01591" HPOS="2340" VPOS="3495" WIDTH="21"/>
						<String ID="P3_ST01967" HPOS="2361" VPOS="3462" WIDTH="54" HEIGHT="23" CONTENT="into" WC="0.95" CC="1110"/>
					</TextLine>
					<TextLine ID="P3_TL00329" HPOS="1887" VPOS="3499" WIDTH="528" HEIGHT="34">
						<String ID="P3_ST01968" HPOS="1887" VPOS="3506" WIDTH="70" HEIGHT="24" CONTENT="court" WC="0.94" CC="00111"/>
						<SP ID="P3_SP01592" HPOS="1957" VPOS="3530" WIDTH="9"/>
						<String ID="P3_ST01969" HPOS="1966" VPOS="3505" WIDTH="105" HEIGHT="24" CONTENT="matters" WC="0.89" CC="1111111"/>
						<SP ID="P3_SP01593" HPOS="2071" VPOS="3530" WIDTH="11"/>
						<String ID="P3_ST01970" HPOS="2082" VPOS="3510" WIDTH="60" HEIGHT="17" CONTENT="were" WC="0.73" CC="9001"/>
						<SP ID="P3_SP01594" HPOS="2142" VPOS="3530" WIDTH="11"/>
						<String ID="P3_ST01971" HPOS="2153" VPOS="3502" WIDTH="82" HEIGHT="31" CONTENT="pretty" WC="0.94" CC="111110"/>
						<SP ID="P3_SP01595" HPOS="2235" VPOS="3533" WIDTH="11"/>
						<String ID="P3_ST01972" HPOS="2246" VPOS="3500" WIDTH="76" HEIGHT="25" CONTENT="much" WC="0.89" CC="2111"/>
						<SP ID="P3_SP01596" HPOS="2322" VPOS="3533" WIDTH="11"/>
						<String ID="P3_ST01973" HPOS="2333" VPOS="3499" WIDTH="82" HEIGHT="25" CONTENT="where" WC="0.97" CC="11100"/>
					</TextLine>
					<TextLine ID="P3_TL00330" HPOS="1887" VPOS="3538" WIDTH="527" HEIGHT="39">
						<String ID="P3_ST01974" HPOS="1887" VPOS="3545" WIDTH="59" HEIGHT="32" CONTENT="they" WC="0.96" CC="1010"/>
						<SP ID="P3_SP01597" HPOS="1946" VPOS="3577" WIDTH="27"/>
						<String ID="P3_ST01975" HPOS="1973" VPOS="3552" WIDTH="62" HEIGHT="18" CONTENT="were" WC="0.95" CC="1110"/>
						<SP ID="P3_SP01598" HPOS="2035" VPOS="3577" WIDTH="27"/>
						<String ID="P3_ST01976" HPOS="2062" VPOS="3542" WIDTH="90" HEIGHT="26" CONTENT="before." WC="0.98" CC="0000101"/>
						<SP ID="P3_SP01599" HPOS="2152" VPOS="3577" WIDTH="53"/>
						<String ID="P3_ST01977" HPOS="2205" VPOS="3541" WIDTH="69" HEIGHT="32" CONTENT="They" WC="0.92" CC="1111"/>
						<SP ID="P3_SP01600" HPOS="2274" VPOS="3577" WIDTH="19"/>
						<String ID="P3_ST01978" HPOS="2293" VPOS="3540" WIDTH="50" HEIGHT="24" CONTENT="had" WC="0.96" CC="110"/>
						<SP ID="P3_SP01601" HPOS="2343" VPOS="3577" WIDTH="28"/>
						<String ID="P3_ST01979" HPOS="2371" VPOS="3538" WIDTH="43" HEIGHT="26" CONTENT="the" WC="0.96" CC="010"/>
					</TextLine>
					<TextLine ID="P3_TL00331" HPOS="1888" VPOS="3580" WIDTH="528" HEIGHT="30">
						<String ID="P3_ST01980" HPOS="1888" VPOS="3593" WIDTH="95" HEIGHT="17" CONTENT="woman" WC="0.85" CC="60101"/>
						<SP ID="P3_SP01602" HPOS="1983" VPOS="3610" WIDTH="21"/>
						<String ID="P3_ST01981" HPOS="2004" VPOS="3584" WIDTH="82" HEIGHT="24" CONTENT="before" WC="0.97" CC="001011"/>
						<SP ID="P3_SP01603" HPOS="2086" VPOS="3610" WIDTH="33"/>
						<String ID="P3_ST01982" HPOS="2119" VPOS="3583" WIDTH="78" HEIGHT="27" CONTENT="them," WC="0.94" CC="10021"/>
						<SP ID="P3_SP01604" HPOS="2197" VPOS="3610" WIDTH="23"/>
						<String ID="P3_ST01983" HPOS="2220" VPOS="3582" WIDTH="28" HEIGHT="23" CONTENT="m" WC="0.98" CC="0"/>
						<SP ID="P3_SP01605" HPOS="2248" VPOS="3610" WIDTH="19"/>
						<String ID="P3_ST01984" HPOS="2267" VPOS="3580" WIDTH="149" HEIGHT="24" CONTENT="accordance" WC="0.98" CC="0000011100"/>
					</TextLine>
					<TextLine ID="P3_TL00332" HPOS="1888" VPOS="3618" WIDTH="528" HEIGHT="34">
						<String ID="P3_ST01985" HPOS="1888" VPOS="3623" WIDTH="60" HEIGHT="23" CONTENT="-with" WC="0.78" CC="12126"/>
						<SP ID="P3_SP01606" HPOS="1948" VPOS="3646" WIDTH="10"/>
						<String ID="P3_ST01986" HPOS="1958" VPOS="3622" WIDTH="102" HEIGHT="30" CONTENT="Judge's" WC="0.88" CC="1132111"/>
						<SP ID="P3_SP01607" HPOS="2060" VPOS="3652" WIDTH="19"/>
						<String ID="P3_ST01987" HPOS="2079" VPOS="3621" WIDTH="148" HEIGHT="30" CONTENT="suggestion:" WC="0.91" CC="11220112010"/>
						<SP ID="P3_SP01608" HPOS="2227" VPOS="3652" WIDTH="13"/>
						<String ID="P3_ST01988" HPOS="2240" VPOS="3619" WIDTH="46" HEIGHT="22" CONTENT="but" WC="0.93" CC="012"/>
						<SP ID="P3_SP01609" HPOS="2286" VPOS="3652" WIDTH="19"/>
						<String ID="P3_ST01989" HPOS="2305" VPOS="3618" WIDTH="42" HEIGHT="23" CONTENT="she" WC="0.85" CC="140"/>
						<SP ID="P3_SP01610" HPOS="2347" VPOS="3652" WIDTH="18"/>
						<String ID="P3_ST01990" HPOS="2365" VPOS="3618" WIDTH="51" HEIGHT="22" CONTENT="bad" WC="0.88" CC="211"/>
					</TextLine>
					<TextLine ID="P3_TL00333" HPOS="1889" VPOS="3655" WIDTH="527" HEIGHT="36">
						<String ID="P3_ST01991" HPOS="1889" VPOS="3660" WIDTH="120" HEIGHT="31" CONTENT="siuraidly" WC="0.92" CC="111131101"/>
						<SP ID="P3_SP01611" HPOS="2009" VPOS="3691" WIDTH="26"/>
						<String ID="P3_ST01992" HPOS="2035" VPOS="3658" WIDTH="97" HEIGHT="25" CONTENT="refused" WC="0.90" CC="1001311"/>
						<SP ID="P3_SP01612" HPOS="2132" VPOS="3691" WIDTH="27"/>
						<String ID="P3_ST01993" HPOS="2159" VPOS="3659" WIDTH="26" HEIGHT="22" CONTENT="to" WC="0.98" CC="10"/>
						<SP ID="P3_SP01613" HPOS="2185" VPOS="3691" WIDTH="28"/>
						<String ID="P3_ST01994" HPOS="2213" VPOS="3664" WIDTH="43" HEIGHT="24" CONTENT="say" WC="0.91" CC="201"/>
						<SP ID="P3_SP01614" HPOS="2256" VPOS="3691" WIDTH="39"/>
						<String ID="P3_ST01995" HPOS="2295" VPOS="3655" WIDTH="121" HEIGHT="32" CONTENT="anything" WC="0.85" CC="02143121" STYLEREFS="TXT_7"/>
					</TextLine>
					<TextLine ID="P3_TL00334" HPOS="1889" VPOS="3693" WIDTH="527" HEIGHT="37">
						<String ID="P3_ST01996" HPOS="1889" VPOS="3698" WIDTH="97" HEIGHT="32" CONTENT="against" WC="0.98" CC="0010010"/>
						<SP ID="P3_SP01615" HPOS="1986" VPOS="3730" WIDTH="22"/>
						<String ID="P3_ST01997" HPOS="2008" VPOS="3697" WIDTH="45" HEIGHT="24" CONTENT="her" WC="0.96" CC="101"/>
						<SP ID="P3_SP01616" HPOS="2053" VPOS="3730" WIDTH="19"/>
						<String ID="P3_ST01998" HPOS="2072" VPOS="3697" WIDTH="111" HEIGHT="30" CONTENT="penitent" WC="0.98" CC="01001000"/>
						<SP ID="P3_SP01617" HPOS="2183" VPOS="3730" WIDTH="14"/>
						<String ID="P3_ST01999" HPOS="2197" VPOS="3694" WIDTH="122" HEIGHT="30" CONTENT="husband," WC="0.91" CC="10103012"/>
						<SP ID="P3_SP01618" HPOS="2319" VPOS="3730" WIDTH="43"/>
						<String ID="P3_ST02000" HPOS="2362" VPOS="3693" WIDTH="54" HEIGHT="27" CONTENT="9?he" WC="0.84" CC="4210"/>
					</TextLine>
					<TextLine ID="P3_TL00335" HPOS="1889" VPOS="3732" WIDTH="528" HEIGHT="34">
						<String ID="P3_ST02001" HPOS="1889" VPOS="3737" WIDTH="45" HEIGHT="26" CONTENT="bill" WC="0.99" CC="0010"/>
						<SP ID="P3_SP01619" HPOS="1934" VPOS="3763" WIDTH="9"/>
						<String ID="P3_ST02002" HPOS="1943" VPOS="3745" WIDTH="49" HEIGHT="17" CONTENT="was" WC="0.97" CC="101"/>
						<SP ID="P3_SP01620" HPOS="1992" VPOS="3763" WIDTH="20"/>
						<String ID="P3_ST02003" HPOS="2012" VPOS="3735" WIDTH="155" HEIGHT="31" CONTENT="accordingly" WC="0.96" CC="01000101121"/>
						<SP ID="P3_SP01621" HPOS="2167" VPOS="3766" WIDTH="27"/>
						<String ID="P3_ST02004" HPOS="2194" VPOS="3734" WIDTH="97" HEIGHT="26" CONTENT="thrown" WC="0.97" CC="110011"/>
						<SP ID="P3_SP01622" HPOS="2291" VPOS="3766" WIDTH="23"/>
						<String ID="P3_ST02005" HPOS="2314" VPOS="3734" WIDTH="43" HEIGHT="24" CONTENT="out" WC="0.96" CC="011"/>
						<SP ID="P3_SP01623" HPOS="2357" VPOS="3766" WIDTH="22"/>
						<String ID="P3_ST02006" HPOS="2379" VPOS="3732" WIDTH="38" HEIGHT="26" CONTENT="for" WC="0.94" CC="101"/>
					</TextLine>
					<TextLine ID="P3_TL00336" HPOS="1889" VPOS="3775" WIDTH="249" HEIGHT="28">
						<String ID="P3_ST02007" HPOS="1889" VPOS="3779" WIDTH="68" HEIGHT="24" CONTENT="want" WC="0.93" CC="1012"/>
						<SP ID="P3_SP01624" HPOS="1957" VPOS="3803" WIDTH="11"/>
						<String ID="P3_ST02008" HPOS="1968" VPOS="3777" WIDTH="26" HEIGHT="26" CONTENT="of" WC="0.94" CC="01"/>
						<SP ID="P3_SP01625" HPOS="1994" VPOS="3803" WIDTH="20"/>
						<String ID="P3_ST02009" HPOS="2014" VPOS="3775" WIDTH="124" HEIGHT="26" CONTENT="evidence." WC="0.97" CC="000101002"/>
						<SP ID="P3_SP01626" HPOS="2138" VPOS="3803" WIDTH="0"/>
					</TextLine>
				</TextBlock>
				<TextBlock ID="P3_TB00015" HPOS="542" VPOS="43" WIDTH="1354" HEIGHT="54" STYLEREFS="TXT_0 PAR_CENTER">
					<TextLine ID="P3_TL00337" HPOS="547" VPOS="47" WIDTH="1349" HEIGHT="50">
						<String ID="P3_ST02010" HPOS="547" VPOS="54" WIDTH="168" HEIGHT="40" CONTENT="OXFORD" WC="0.63" CC="539041"/>
						<SP ID="P3_SP01627" HPOS="715" VPOS="94" WIDTH="40"/>
						<String ID="P3_ST02011" HPOS="755" VPOS="61" WIDTH="91" HEIGHT="31" CONTENT="AND" WC="0.89" CC="111"/>
						<SP ID="P3_SP01628" HPOS="846" VPOS="94" WIDTH="43"/>
						<String ID="P3_ST02012" HPOS="889" VPOS="57" WIDTH="103" HEIGHT="35" CONTENT="OUST" WC="0.80" CC="4122"/>
						<SP ID="P3_SP01629" HPOS="992" VPOS="94" WIDTH="43"/>
						<String ID="P3_ST02013" HPOS="1035" VPOS="53" WIDTH="221" HEIGHT="38" CONTENT="OBSERVER" WC="0.74" CC="02293311"/>
						<SP ID="P3_SP01630" HPOS="1256" VPOS="94" WIDTH="23"/>
						<String ID="P3_ST02014" HPOS="1279" VPOS="55" WIDTH="238" HEIGHT="38" CONTENT="SATURDAY," WC="0.86" CC="110421131"/>
						<SP ID="P3_SP01631" HPOS="1517" VPOS="94" WIDTH="23"/>
						<String ID="P3_ST02015" HPOS="1540" VPOS="47" WIDTH="238" HEIGHT="39" CONTENT="NOVEMBER" WC="0.75" CC="20121915"/>
						<SP ID="P3_SP01632" HPOS="1778" VPOS="94" WIDTH="23"/>
						<String ID="P3_ST02016" HPOS="1801" VPOS="49" WIDTH="28" HEIGHT="38" CONTENT="5," WC="0.69" CC="52"/>
						<SP ID="P3_SP01633" HPOS="1829" VPOS="94" WIDTH="25"/>
						<String ID="P3_ST02017" HPOS="1854" VPOS="51" WIDTH="42" HEIGHT="46" CONTENT="lfij" WC="0.86" CC="0331"/>
					</TextLine>
				</TextBlock>
			</PrintSpace>
		</Page>
	</Layout>
</alto>
