3207 4287
81 88 341 21 UNKNOWN

89 155 34 20 ing
131 149 100 26 .Japanese
240 148 48 25 girls
303 154 34 14 are
346 154 21 12 as
376 149 72 18 nature

90 175 59 24 them,
158 174 39 20 and
206 180 49 19 very
263 176 60 18 sweet
341 174 47 25 they
406 180 39 17 are,

88 199 4 26 i
102 201 51 19 their
170 199 72 26 quaint
262 200 77 19 dresses
356 199 92 25 showing

66 227 68 25 "'•ump
144 227 38 18 and
191 225 90 20 rounded
381 225 66 25 Pages

59 250 4 22 1
74 250 3 22 '
88 253 25 19 bo
122 252 78 20 written
214 252 62 19 about
290 251 54 19 their
361 250 85 20 charms.

82 276 4 26 '■
95 278 52 24 dear,
158 278 70 24 dainty
234 277 51 20 littlo
293 276 50 19 dolls
350 276 50 25 they
406 283 34 12 are

57 312 15 4 '"
84 304 60 20 white
152 304 60 23 teeth,
231 309 47 19 rosy
290 302 45 26 lips,
355 302 43 19 and
416 309 22 12 co

74 328 4 21 1
95 328 4 21 !
198 330 37 19 sha
236 330 5 12 1
243 330 7 17 !
271 328 88 19 describe
378 328 56 19 them

57 354 2 25 1
81 356 53 20 what
148 357 48 18 next
205 356 10 19 ?
240 355 20 20 A
276 354 47 24 kiss,
342 354 91 25 perhaps

57 379 3 26 '
81 389 47 13 ->ver
145 382 53 19 hero.
228 381 38 24 Oh,
292 379 71 20 never!
390 379 43 20 The

90 408 31 20 do.
147 408 56 24 They
213 406 55 21 don't
276 406 59 19 know
344 406 51 23 how,
407 406 40 19 and

59 431 3 28 •
83 436 79 17 leasant
170 433 49 26 girls
228 439 33 14 are
269 431 72 26 closely
348 431 96 26 guarded.

57 457 3 28 •
66 466 8 7 ,v
79 457 2 28 ■
85 466 30 19 icy
121 467 12 12 a
138 466 67 19 young
212 465 47 13 man
266 459 21 18 in
292 459 66 18 cotton
363 457 82 19 kimono

55 483 4 28 '
221 485 85 24 stealing
314 490 13 12 a
336 483 72 19 chance
424 485 21 17 to

92 512 49 20 with
157 511 31 19 his
210 511 45 19 best
273 509 39 26 girl
329 509 64 19 under
411 509 34 19 the

57 543 68 20 ■■'"Hng
134 537 68 24 cherry
210 539 56 21 tress,
278 535 116 26 explaining
411 535 34 19 the

60 572 7 5 ■•
174 563 40 19 and
219 562 85 25 quoting
318 561 127 19 sentimental

56 587 3 26 ■
64 596 38 17 ■'•-;
120 589 69 24 telling
211 589 37 18 her
269 587 44 20 that
330 587 26 19 he

54 622 18 9 ■•'•
86 617 33 17 iior
128 614 93 25 ej'elids,"
231 613 43 20 that
341 613 54 20 voice
404 619 41 14 was

55 648 21 12 i•■
88 641 71 25 temple
272 639 21 20 in
302 639 46 25 fact,
367 639 45 19 that
419 639 25 19 he

55 673 21 13 •>:■
88 667 35 19 but
132 666 36 19 her
177 666 63 24 alone,
251 665 39 20 and
303 666 49 19 then
360 664 88 26 making'

54 691 3 21 •
148 692 73 19 formal
229 692 54 19 bows
292 693 21 17 at
321 691 35 19 the
365 691 49 20 door
423 691 21 18 of

54 717 3 24 •
67 717 80 24 »-ther's
153 717 163 20 straw-thatched
321 717 37 19 hut
364 723 22 13 as
396 717 47 24 they

54 742 2 26 •
59 746 12 14 '•-•
81 746 8 17 i
104 744 22 19 in
152 744 34 19 the
198 743 118 25 moonlight.
343 742 43 20 Can
404 749 39 18 any

53 775 13 11 «■'•
72 769 119 20 -aUanlover
198 769 74 20 stretch
277 769 31 19 his
313 769 131 24 imagination

54 794 3 21 '
107 797 21 18 to
137 795 77 20 believe
222 796 22 19 in
253 801 12 13 a
274 794 117 21 sweetheart
409 796 35 18 not

52 829 13 7 -■
76 827 20 20 ■%
104 821 56 20 those
170 823 67 24 pretty
241 821 45 26 lips,
296 821 58 26 paint
359 820 41 20 and
407 827 12 13 a
428 820 12 25 1!,

59 847 3 21 :
79 848 37 19 -ort
125 847 22 20 of
259 847 92 19 selection

54 874 6 14 '!
108 880 13 13 a
146 873 125 24 melancholy
292 873 47 24 fact,
367 873 38 19 but
431 878 12 13 a

87 905 31 14 ese
131 899 37 20 has
181 906 25 12 no
221 895 48 23 such
290 899 91 26 impulse.
409 899 32 19 No

87 927 53 18 •>urts
146 925 31 20 his
182 925 89 20 mistress
275 925 48 19 with

81 951 49 20 ssive
139 951 84 19 kisses.'.'
250 951 32 19 No
291 951 77 19 mother
377 950 63 19 kisses

64 979 16 14 '■<
88 977 28 25 by
122 983 22 13 as
153 977 35 19 she
198 976 80 20 cuddles
287 976 17 20 it
317 976 78 25 against
404 976 37 19 her

118 1003 85 24 Parting
210 1002 94 20 husband
312 1008 76 19 presses
406 1002 34 18 the

79 1028 22 20 of
108 1028 31 20 his
149 1029 45 19 wife
203 1029 41 19 and
257 1028 63 20 bends
335 1028 31 19 his
388 1027 41 20 fore-

50 1059 16 12 '••'
104 1055 34 19 the
146 1056 52 18 mats
206 1054 22 20 in
233 1054 36 20 sad
277 1054 93 20 farewell.
398 1054 42 19 Our

48 1080 18 26 "'
70 1089 9 6 >'
84 1081 50 19 'ions
142 1087 39 13 run
188 1080 89 26 through
284 1080 34 20 the
336 1080 103 20 crescendo

48 1106 48 25 '•■"••%
106 1106 122 24 handshake,
237 1107 42 19 kiss
296 1106 39 20 and
353 1106 48 20 kiss.
428 1106 10 19 I

47 1134 19 14 ■'ft
81 1132 73 26 -xplain
163 1132 35 20 the
215 1132 107 20 difference
339 1132 21 19 in
377 1132 61 25 grade

47 1165 15 8 ■■■■
113 1159 34 18 the
156 1158 38 20 last
207 1160 45 22 two,
272 1158 36 19 but
327 1158 111 24 everybody

47 1191 41 12 '•"-.
116 1184 40 19 But
165 1184 21 19 in
192 1184 67 25 Japan
272 1184 33 19 tlio
323 1184 114 25 expression

48 1217 29 8 "••'
85 1210 30 19 \rd
123 1210 18 19 is
149 1210 103 25 regulated
265 1210 27 25 by
301 1210 33 19 the
352 1209 85 20 number

47 1236 5 15 l
64 1236 68 25 I'-'igth
141 1236 20 19 of
170 1236 33 19 the
212 1236 91 19 salaams.

51 1291 340 20 UNKNOWN

126 1347 56 23 Jeffs,
202 1347 45 20 who
264 1353 40 14 was
325 1347 31 20 for
373 1354 62 19 many

92 1373 70 24 justice
168 1373 20 19 of
194 1373 34 19 the
233 1379 59 20 peace
299 1373 21 19 in
325 1373 108 25 Australia,

80 1398 85 26 wealthy
174 1399 36 19 but
219 1399 108 20 somewhat
341 1400 94 25 ignorant

45 1430 45 14 !'"«.■,
119 1425 41 19 One
169 1425 43 25 day,
221 1425 21 19 in
248 1425 34 19 the
287 1427 51 17 most
343 1426 92 25 pressing

47 1456 32 12 »m
88 1450 20 20 of
113 1451 120 25 harvesting,
241 1451 25 19 he
273 1458 39 13 was
318 1452 117 19 summoned

46 1476 62 20 ii.i.id
122 1479 21 17 at
151 1477 34 19 the
203 1477 47 20 trial
268 1477 20 19 of
305 1484 54 13 some
377 1480 58 24 petty

100 1502 87 21 between
196 1505 39 18 two
245 1503 21 20 of
278 1503 31 19 his
318 1504 115 25 neighbors.

45 1536 9 9 •••
76 1528 77 21 --idence
162 1535 44 15 was.
214 1529 49 26 long
270 1529 39 20 and
327 1530 108 21 somewhat

43 1555 2 26 1
49 1561 45 18 ■■••*.•',
105 1555 39 20 and
153 1555 32 20 the
195 1556 66 25 squire
270 1555 41 20 had
318 1562 54 14 more
381 1556 52 20 than

51 1581 3 27 •
64 1581 99 21 -vMbited
169 1583 108 25 symptoms
282 1581 19 21 of
309 1582 124 26 impatience,

49 1613 27 11 ••"'■••
81 1607 39 26 gth,
131 1607 55 21 when
202 1608 15 20 it
227 1614 39 14 was
284 1605 90 29 finished,
395 1609 39 20 and

42 1639 6 11 *
57 1640 17 10 ••»
87 1635 41 25 lage
137 1634 71 26 lawyer
217 1634 41 21 had
275 1634 52 21 risen
343 1635 39 21 and
401 1635 22 21 de-

42 1665 15 13 si
64 1660 2 28 i
79 1660 3 28 ;
82 1660 2 28 .
96 1666 12 14 a
115 1660 127 27 preliminary
253 1660 76 21 "H'm"
347 1667 22 14 or
388 1663 45 25 two,

47 1686 4 21 1
54 1692 23 10 ■••■••'
87 1688 16 18 it
109 1686 65 21 forth:

42 1712 3 28 ;
58 1712 3 28 '
75 1712 53 21 -'lon't
137 1714 51 19 want
195 1719 50 15 none
255 1712 21 21 of
281 1719 49 21 your
339 1712 95 28 pleading

42 1745 22 11 <>'•
87 1739 13 20 it
105 1737 5 22 I
136 1738 12 21 I
155 1739 57 21 know
222 1740 15 19 it
246 1739 39 27 jest
292 1740 41 19 like
348 1747 12 14 a
369 1740 64 21 book!

86 1771 14 19 8,
111 1765 31 20 it's
151 1766 77 26 getting
242 1767 44 23 late,
304 1766 39 20 and
360 1766 12 20 I
381 1769 53 18 want

85 1794 54 17 home
148 1792 38 19 and
200 1792 46 20 look
264 1793 50 19 after
332 1800 33 18 my
381 1800 52 13 men.

45 1825 24 9 i-';
85 1818 60 20 iecide
153 1818 17 20 it
186 1825 45 14 now
240 1825 22 14 as
271 1819 44 20 well
332 1825 22 14 as
366 1820 12 19 I
398 1826 36 13 can

42 1849 21 20 y
72 1841 55 23 icne.''

42 1869 12 17 ■'■
62 1876 6 10 i
90 1870 57 26 being
164 1870 106 21 convinced
287 1869 52 27 that.
349 1872 49 20 such
423 1879 12 13 a

42 1902 6 12 B
54 1902 25 13 ■•*'.'
90 1897 65 20 would
162 1900 35 17 not
206 1897 25 20 bo
245 1898 77 26 exactly
331 1898 104 26 according

75 1929 20 17 -'■,
110 1922 26 21 ho
149 1923 77 26 yielded
243 1924 123 26 reluctantly.
393 1924 42 20 The

139 1950 98 25 evidently
256 1950 33 19 did
297 1952 35 18 not
350 1950 48 20 tend
416 1953 20 18 to

51 1980 10 9 ''
82 1975 37 20 iim
127 1976 64 24 much,
203 1976 33 19 for
245 1976 57 20 when
320 1976 47 26 they
386 1983 50 14 were

61 2001 42 24 -icd,
113 2001 26 20 he
149 2001 119 24 exclaimed:

42 2030 10 7 ■■■
59 2027 23 16 i.i
87 2028 89 19 3re—it's
184 2028 39 26 jest
232 2034 22 14 as
263 2029 12 19 I
282 2029 57 20 know
348 2029 16 20 it
370 2029 66 20 would

44 2052 5 17 1
82 2053 35 19 j'he
127 2053 58 26 thing
193 2061 41 13 was
252 2061 22 13 as
288 2055 53 20 clear
354 2062 22 13 as
386 2056 36 25 day-

87 2079 57 25 efore'j
153 2080 39 19 and
201 2086 45 15 now
252 2081 70 25 you've
336 2088 50 19 gone
396 2081 39 20 and

44 2112 7 10 '.
58 2110 10 12 ■■■■'
73 2104 3 29 1
92 2105 15 19 it
124 2111 27 19 up
160 2112 27 17 so,
206 2106 34 20 I'll
257 2107 25 19 be
290 2106 79 27 hanged
387 2108 18 19 if
423 2107 12 21 I

42 2131 2 20 •
45 2136 25 14 "••/>'
81 2135 42 16 now
132 2134 21 16 to
159 2131 28 19 fix

85 2188 108 21 FORGOT
203 2188 47 21 HIS
264 2188 85 21 PURSE.

91 2253 52 16 came
160 2249 44 19 into
222 2249 34 20 the
414 2251 21 19 in

89 2282 6 11 j
104 2276 62 19 street
177 2275 31 20 the
217 2276 58 21 other
284 2276 43 27 day,
338 2279 32 18 sat
377 2277 58 20 down

70 2307 8 10 ■'
90 2301 50 20 table
148 2302 39 19 and
201 2304 124 19 commenced
339 2306 20 17 to
377 2304 58 20 make

48 2333 18 11 r-<
82 2327 42 20 -vith
135 2328 110 25 provisions
252 2331 21 18 at
283 2337 11 13 a
304 2331 128 19 tremendous

43 2361 10 9 .'
92 2354 30 19 He
141 2354 61 20 called
218 2356 31 20 for
267 2356 55 26 quail
340 2363 25 14 on
375 2359 58 22 toast,

45 2384 96 21 »'iooms,
155 2381 77 25 waffles,
244 2382 136 21 buck-wheats
396 2385 39 19 and

43 2413 29 11 ."•'
91 2407 120 20 conceivable
234 2409 51 20 solid
308 2410 40 20 and
371 2410 63 26 liquid

43 2433 109 20 ?fiifchment.
179 2434 68 21 When
268 2436 24 20 he
310 2443 56 14 arose
382 2437 53 20 from

43 2464 9 13 c
60 2458 4 26 i
71 2458 40 21 i:ble
120 2459 46 20 with
176 2460 28 21 his
214 2462 71 20 checks
294 2465 24 18 he
328 2463 39 20 felt
376 2464 21 19 in
404 2464 31 20 his

46 2489 48 22 nut,
113 2487 80 24 started,
209 2489 40 19 and
268 2488 54 21 said:
400 2491 35 20 the

46 2512 14 16 I■•
89 2512 51 25 noke,
151 2514 7 19 1
164 2513 27 20 've
201 2514 39 21 lost
247 2521 28 20 ray

115 2539 33 20 the
171 2540 67 21 waiter
256 2542 78 20 wanted
353 2548 26 19 go
396 2544 39 19 and

47 2563 9 18 '<
80 2565 39 24 iim,
138 2566 32 20 the
194 2568 114 26 proprietor
324 2575 54 14 came
399 2574 36 16 out

78 2590 3 27 I
91 2592 55 19 ehind
158 2593 33 20 the
201 2597 82 18 counter
290 2595 39 20 and
339 2601 63 16 swore
411 2597 24 20 he

45 2618 3 25 '
52 2621 28 13 •■■:-i
92 2618 44 21 take
145 2619 15 20 it
170 2622 35 17 out
215 2620 22 20 of
247 2621 30 20 his
287 2621 45 20 hide
341 2624 40 18 and
400 2623 35 20 the

93 2648 64 22 guests
183 2647 94 24 gathered
301 2649 76 20 around
396 2650 39 19 and

44 2673 29 15 W
101 2671 73 21 vaiious
198 2674 93 20 remarks.
320 2675 66 20 When
401 2676 34 21 the

44 2702 18 12 m
69 2702 40 21 -.ijer
118 2700 33 23 got
160 2705 12 13 a
181 2699 78 26 chance,
278 2701 24 20 he
320 2702 103 21 remarked
431 2699 4 26 :

91 2723 12 20 I
115 2724 47 20 have
171 2728 36 23 got
225 2733 11 13 a
250 2728 103 25 sovereign
371 2729 22 20 in
403 2735 32 20 my

517 82 52 41 The
614 82 113 41 Haunted
758 82 88 41 Cabin.

509 164 19 20 A
535 163 138 21 WESTERN
682 164 174 21 ADVENTUEE

630 190 97 20 STORY.

493 249 5 10 '
504 248 31 19 Do
545 253 40 19 you
595 247 59 20 think
666 247 17 20 it
692 248 17 20 is
718 247 57 20 there
784 249 34 24 yet
828 248 15 20 ?'

494 273 4 19 '
506 273 54 19 Yes.'

492 300 5 11 '
505 299 53 20 How
567 298 26 20 do
605 305 40 19 you
654 298 61 21 know
725 299 14 20 '?'

492 325 63 19 'Will
572 325 84 19 Harlow
674 325 53 19 tried
740 327 21 17 to
777 327 45 24 stay
840 326 57 20 there

464 351 35 19 the
517 351 57 19 other
587 351 65 25 night,
668 351 38 19 but
723 351 26 19 ho
772 354 37 23 got
826 351 71 21 driven

465 376 49 20 out.'

491 403 5 10 '
503 402 60 19 Tried
572 404 21 17 to
602 404 45 23 stay
655 403 58 19 there
723 402 14 19 ?'

491 429 5 10 '
503 428 53 19 That
563 428 17 19 is
589 428 54 20 what
652 428 13 19 I
674 428 58 20 said.'

491 453 4 22 '
503 453 54 21 How
575 460 54 13 came
647 454 26 19 ho
692 456 20 17 to
727 453 24 20 do
765 454 16 20 it
789 454 9 20 ?
811 455 41 19 Did
869 455 27 20 he

463 479 59 20 think
531 479 26 20 he
567 486 40 13 was
616 479 64 26 going
689 481 20 18 to
716 479 35 26 lay
760 480 35 20 the
804 481 60 25 ghost
874 488 22 12 or

463 506 76 24 goblin,
550 512 22 13 or
581 506 102 19 whatever
694 506 16 19 it
719 506 17 19 is
746 506 17 20 ?'

490 531 45 20 'He
544 531 59 20 knew
612 532 87 24 nothing
713 531 63 20 about
785 532 22 19 it.
835 533 42 19 Not
883 539 12 13 a

462 556 39 26 lisp
518 557 23 19 of
555 557 26 19 its
595 557 62 25 being
675 558 92 19 haunted
781 565 46 13 ever
840 565 56 14 came

462 584 21 18 to
492 583 49 19 him.
568 582 47 20 You
622 582 61 21 know
692 584 45 19 that
746 584 26 19 he
781 584 17 19 is
815 591 13 13 a
841 591 41 14 new-

462 615 65 12 comer
544 608 54 22 here,
621 609 40 19 and
678 609 88 27 nothing
781 610 40 20 had
843 610 52 20 been

462 634 42 19 told
513 634 43 19 him
565 634 63 20 about
636 635 30 19 it.'

487 660 42 19 Tho
552 660 64 20 above
638 661 95 20 narrated
755 662 139 19 conversation

461 686 48 20 took
526 686 56 26 place
601 686 91 21 between
706 689 40 18 two
759 688 79 19 settlers
856 695 38 12 ono

461 718 87 14 summer
556 713 112 24 afternoon,
679 720 22 12 as
718 713 49 26 they
776 714 88 19 chanced
873 716 21 17 to

461 740 52 18 meet
522 739 21 18 at
553 744 11 14 a
580 739 76 19 certain
669 739 59 26 point
744 740 23 19 in
781 740 34 20 the
824 740 68 19 forest.

461 764 42 20 The
520 770 59 13 name
593 765 22 18 of
624 765 35 19 the
668 766 44 18 first
722 766 120 25 spokesman
852 772 41 14 was

461 790 78 20 Walter
561 790 79 24 Mason,
664 791 41 20 and
721 791 32 20 his
774 792 118 25 companion

460 816 48 19 boro
516 816 46 19 that
575 816 22 19 of
614 816 76 25 Sidney
699 817 76 24 Webb,
787 824 22 13 or
818 818 41 23 Sid,
871 824 21 12 as

460 842 25 19 ho
494 848 41 14 was
544 842 64 19 called
621 842 32 20 for
662 843 63 20 short.
753 843 61 20 Their
823 843 69 19 cabins

459 867 57 21 stood
525 868 115 25 something
649 869 41 19 like
701 876 12 12 a
722 869 48 20 milo
777 871 65 24 apart,
852 869 40 19 and

459 893 48 26 they
516 893 115 20 considered
650 894 126 26 themselves,
789 902 23 13 as
821 895 70 26 people

459 920 34 19 did
515 920 22 19 in
550 920 57 19 those
628 920 55 26 days,
695 928 49 12 near
758 921 131 26 neighbours.

458 946 60 19 Their
535 946 87 19 families
641 949 54 17 went
709 947 56 20 often
784 947 51 20 back
850 947 40 20 and

457 972 55 19 forth
534 972 77 25 paying
634 973 49 19 each
706 974 58 19 other
782 974 63 22 visits,
861 973 20 19 al-

457 997 79 25 though
545 998 48 24 they
606 998 77 21 seldom
693 999 35 20 did
746 1006 21 13 so
781 1000 68 19 unless
859 1006 20 13 ac-

457 1023 117 25 companied
596 1024 28 25 by
640 1024 35 20 the
693 1031 46 14 men
753 1025 61 20 folks.
841 1025 48 19 This

456 1049 118 25 precaution
586 1056 42 13 was
645 1050 62 20 taken
721 1052 53 19 from
796 1052 35 19 the
848 1052 41 19 fact

457 1075 44 19 that
510 1075 34 19 the
553 1076 73 19 forestt
635 1076 41 19 still
683 1077 133 20 aboundedin
822 1078 64 23 bears,

457 1101 103 24 wild-cats,
571 1102 41 19 and
626 1102 57 19 other
690 1103 115 25 dangerous
814 1104 73 19 beasts.

455 1127 58 19 More
535 1127 49 19 than
607 1128 47 25 this,
679 1129 74 26 roving
770 1130 75 25 parties
866 1130 22 19 of

455 1160 85 19 savages
567 1153 56 20 often
654 1155 82 20 showed
760 1155 125 24 themselves,

455 1179 40 19 and
511 1179 99 26 although
619 1180 33 20 for
669 1183 40 17 two
728 1187 22 13 or
765 1181 56 20 three
829 1187 58 20 years

455 1205 47 25 they
518 1205 41 19 had
581 1207 36 18 nut
629 1207 100 19 molested
746 1207 35 20 the
801 1207 83 24 settlers,

454 1231 49 25 they
511 1231 59 21 knew
579 1234 36 17 not
630 1234 22 18 at
667 1233 56 20 what
736 1236 90 18 moment
838 1234 49 25 they

454 1257 66 28 might
527 1257 25 19 be
561 1257 21 19 in
592 1258 77 25 danger
678 1259 53 19 from
741 1260 62 20 them.

479 1283 43 19 Iho
545 1283 67 26 object
634 1285 21 19 of
678 1285 66 19 which
763 1286 50 25 they
835 1292 51 14 were

453 1309 99 25 speaking
569 1316 41 13 was
633 1316 13 13 a
659 1311 93 20 deserted
772 1311 38 20 hut
833 1318 53 13 some

454 1335 88 20 distance
551 1342 58 19 away
618 1335 22 20 in
649 1337 34 19 the
697 1337 187 24 forest—deserted,

453 1361 72 25 surely,
537 1368 21 13 as
568 1362 33 19 far
610 1368 22 13 as
642 1369 41 19 any
696 1363 73 26 family
782 1370 42 14 was
840 1370 33 13 con-

453 1388 70 19 cerned
531 1395 5 17 ;
551 1388 42 19 still
602 1388 16 19 it
627 1395 41 13 was
678 1391 35 17 not
717 1390 86 25 reputed
812 1390 73 25 wholly

452 1419 28 14 so.

477 1439 22 20 It
508 1446 40 13 was
558 1440 44 19 said
611 1441 20 18 to
641 1440 26 21 be
676 1441 97 20 haunted.

478 1465 53 20 Such
554 1472 41 14 was
613 1466 35 20 the
668 1468 117 26 reputation
807 1468 17 20 it
836 1468 49 20 boro

452 1498 74 20 among
535 1492 35 19 tho
579 1492 85 21 settlers.

477 1518 43 19 The
542 1518 72 26 family
636 1519 46 20 that
704 1520 42 20 had
762 1527 48 14 once
825 1520 60 21 dwelt

451 1544 57 20 there
517 1544 41 20 had
567 1548 41 16 met
617 1551 12 14 a
638 1546 77 19 fearful
724 1546 48 21 fate.

476 1570 35 20 All
521 1570 21 20 of
560 1570 121 22 them—five
700 1573 22 20 in
731 1572 154 21 number—had

452 1603 63 13 lauen
530 1600 86 17 ucuoatu
635 1598 34 20 the
679 1598 64 22 blows
762 1599 22 20 of
798 1599 33 20 the
841 1599 33 20 red-

452 1622 61 21 skins.

477 1649 57 20 Then
543 1649 34 21 the
591 1649 60 21 cabin
669 1650 104 21 remained
787 1651 97 21 deserted.

477 1675 32 20 No
528 1682 37 14 one
580 1677 59 20 cared
652 1679 21 18 to
692 1677 60 21 make
774 1678 32 20 his
826 1678 59 21 home

451 1701 62 21 there.

476 1728 22 20 It
516 1728 66 21 would
598 1729 51 20 have
672 1729 53 21 been
739 1730 95 21 different
844 1730 41 21 had

451 1754 57 20 there
517 1755 51 19 been
578 1756 126 25 neighbours
713 1762 72 15 nearer
800 1760 22 17 at
831 1757 54 20 hand

452 1781 49 20 with
510 1781 65 21 whom
585 1782 48 26 they
652 1783 60 20 could
727 1784 48 19 visit
784 1784 52 19 back
845 1784 40 19 and

451 1807 61 20 forth.

477 1833 32 26 By
518 1834 35 19 tho
562 1833 48 21 time
629 1842 38 13 our
683 1837 55 24 story
748 1842 62 20 opons
819 1836 17 20 it
844 1836 42 20 had

452 1859 68 26 begun
529 1863 21 17 to
560 1860 55 21 show
624 1861 57 26 signs
690 1862 22 19 of
722 1863 67 24 decay.

477 1886 43 20 Tho
534 1887 46 19 land
596 1887 65 20 which
679 1888 43 20 had
735 1888 52 20 been
807 1889 78 19 cleared

453 1912 62 20 about
536 1913 17 19 it
575 1920 41 13 was
638 1914 42 19 fast
699 1915 93 25 growing
815 1922 27 19 up
865 1917 20 17 to

453 1938 79 24 bushes,
555 1939 41 19 and
609 1939 17 19 it
646 1940 68 20 Mould
731 1942 36 18 not
786 1941 25 19 bo
824 1947 61 19 many

454 1970 56 20 years
528 1965 69 20 before
606 1965 16 21 it
631 1966 68 20 would
708 1966 26 20 be
744 1974 12 12 a
765 1966 64 20 forest
838 1973 47 13 once

454 1996 59 14 more.

479 2017 39 20 We
527 2017 52 20 have
588 2017 45 21 said
640 2018 45 20 that
694 2025 27 13 no
730 2024 38 14 ono
782 2019 60 20 made
851 2019 34 19 the

454 2043 59 20 cabin
534 2043 31 20 his
587 2043 65 26 home,
685 2045 38 19 but
745 2045 43 19 otill
809 2045 17 20 it
844 2052 41 14 was

452 2070 108 19 rumoured
569 2070 45 20 that
622 2071 17 19 it
647 2071 42 19 had
698 2078 13 13 a
719 2073 78 18 tonant.

477 2096 20 19 A
506 2097 52 18 form
567 2096 42 20 had
618 2097 51 20 been
676 2103 48 14 seen
732 2097 84 26 moving
823 2097 62 20 about

452 2121 16 19 it
480 2121 22 20 in
520 2122 35 19 the
573 2123 95 25 twilight,
683 2123 100 26 although
796 2130 53 13 none
865 2124 20 19 of

452 2146 34 20 tho
494 2148 78 19 settlert
582 2148 42 20 had
638 2155 47 12 ever
694 2155 55 12 eomo
758 2150 45 17 t'ap.n
812 2151 21 17 to
842 2150 43 19 face

452 2173 50 20 with
511 2174 23 19 it.

478 2199 66 20 Those
555 2200 43 21 who
607 2200 42 21 had
655 2202 91 19 occasion
755 2203 21 18 to
784 2208 47 20 pass
841 2202 45 19 that

452 2231 45 20 way
506 2226 54 19 after
577 2227 98 25 nightfall
689 2228 42 19 had
746 2234 47 13 seen
808 2235 12 12 a
833 2228 53 26 fight

452 2251 130 27 glimmering
592 2254 84 24 therein,
689 2260 22 13 as
716 2254 80 25 though
807 2261 12 12 a
828 2254 58 19 small

452 2278 35 19 fire
494 2278 42 20 had
547 2278 51 20 been
610 2279 52 20 built
671 2286 56 19 upon
736 2280 34 19 the
780 2280 79 20 hearth.

477 2304 43 20 But
538 2306 20 18 to
572 2311 55 14 come
645 2306 53 19 back
712 2308 20 17 to
742 2306 35 19 the
791 2308 40 19 two
840 2313 46 13 men

452 2330 40 20 and
515 2330 34 20 the
572 2332 56 26 story
649 2332 81 21 Walter
748 2332 73 21 Mason
845 2339 41 14 was

452 2357 78 25 telling.

480 2383 4 22 '
493 2383 65 20 What
568 2384 35 20 did
621 2384 51 21 Will
682 2391 33 13 see
729 2391 22 13 or
761 2384 50 21 hear
817 2385 15 20 ?'
842 2385 43 20 said

453 2409 74 21 Webb.
556 2412 5 9 '
568 2410 49 20 You
626 2417 36 19 say
671 2411 45 20 that
730 2411 26 20 ho
765 2418 42 13 was
817 2412 68 19 driven

452 2438 35 18 out
496 2436 22 20 of
526 2436 35 20 the
570 2437 60 19 cabin
637 2437 15 20 ?'

480 2462 4 28 '
494 2462 21 20 It
524 2468 41 15 was
574 2463 35 19 the
627 2463 61 26 night
698 2470 29 14 we
740 2464 42 20 had
796 2464 45 20 that
849 2464 36 26 big

452 2488 142 20 shower—but
603 2496 12 13 a
631 2490 40 25 day
683 2496 23 13 or
716 2493 39 17 two
769 2491 53 19 after
835 2491 51 19 Will

452 2521 55 13 came
528 2515 55 19 here.
610 2515 35 20 He
667 2516 42 20 had
723 2517 53 19 been
798 2517 88 25 hunting

452 2541 27 19 all
498 2541 39 25 day
551 2541 59 20 alone
627 2542 22 19 in
663 2543 35 19 the
707 2543 68 24 forest,
791 2543 41 19 and
845 2543 40 19 had

453 2569 35 23 got
511 2567 80 21 belated
614 2568 21 19 in
652 2568 80 26 getting
746 2569 53 20 back
813 2571 20 18 to
850 2569 35 19 the

452 2593 120 21 settlement.
612 2594 49 20 Just
675 2601 22 13 as
719 2595 35 19 the
772 2595 45 20 rain
831 2601 54 14 came

452 2619 64 25 down,
526 2620 26 19 he
562 2626 55 14 came
635 2623 35 17 out
679 2621 43 19 into
738 2621 46 20 that
797 2621 89 26 clearing

452 2646 40 19 and
500 2652 41 14 saw
548 2647 34 19 the
590 2647 60 19 cabin
655 2647 70 19 before
732 2647 49 19 him.
810 2648 63 19 Think-

452 2671 37 27 ing
499 2672 45 20 that
553 2679 54 13 some
617 2679 38 13 one
664 2673 56 20 lived
729 2673 62 25 there,
800 2673 26 21 he
834 2676 51 18 went

453 2705 27 19 up
500 2699 39 19 and
560 2699 77 26 rapped
659 2706 56 19 upon
729 2699 34 20 the
777 2700 55 20 door.
860 2701 26 19 Of

453 2731 74 17 course,
539 2725 26 19 he
583 2728 36 22 got
628 2732 26 13 no
664 2732 84 14 answer.
776 2726 78 26 Trying
863 2727 20 23 it,

452 2750 26 20 he
486 2751 65 20 found
569 2752 17 19 it
599 2758 41 13 was
650 2754 35 17 not
701 2753 99 24 fastened,
812 2753 39 19 and
860 2753 25 19 he

452 2777 79 25 pushed
553 2778 16 19 it
588 2784 52 20 open
664 2778 42 20 and
729 2779 87 19 entered.
843 2779 43 19 The

452 2799 73 24 Hashes
535 2804 21 19 of
563 2804 96 26 lighning
664 2805 82 20 showed
755 2805 43 19 him
807 2805 44 19 that
860 2811 26 13 no

453 2835 37 14 ono
504 2830 54 19 lived
576 2832 63 18 there.
666 2831 104 20 Whoever
783 2831 42 20 had
835 2832 51 19 built

452 2855 35 20 the
496 2856 60 19 cabin
564 2856 43 20 had
615 2859 52 18 most
685 2857 63 25 likely
767 2858 119 19 abandoned

452 2882 17 19 it
483 2882 33 19 for
534 2889 44 13 new
592 2885 99 23 quarters.
718 2883 107 20 Thankful
842 2884 45 19 that

452 2908 26 19 he
487 2908 42 20 had
537 2908 66 20 found
621 2909 81 25 shelter,
717 2910 41 19 and
767 2910 53 19 tired
835 2910 52 19 after

453 2934 32 19 his
508 2934 56 26 day's
584 2937 66 24 tramp
672 2936 23 19 in
716 2936 35 19 the
774 2936 68 25 forest,
861 2936 26 19 he

454 2961 100 20 stretched
568 2961 82 20 himself
668 2968 55 20 upon
732 2962 35 19 the
780 2962 56 24 floor,
847 2962 40 20 and

454 2987 52 27 spite
515 2987 21 20 of
554 2987 34 20 the
602 2990 87 24 tempest
697 2988 45 19 that
756 2994 41 14 was
814 2989 73 25 raging

454 3014 91 25 without,
555 3014 36 19 fell
600 3014 42 19 into
652 3021 12 13 a
674 3014 51 26 deep
738 3014 97 21 slumber.

481 3040 4 26 '
495 3040 53 20 How
566 3040 49 26 long
624 3040 26 20 he
663 3040 43 20 had
724 3040 52 26 slept
789 3041 27 19 he
829 3040 59 21 could

454 3068 35 18 not
499 3066 42 25 tell,
551 3066 38 20 but
598 3066 26 20 ho
628 3067 69 20 awoke
707 3067 50 20 with
767 3073 12 14 a
788 3069 51 18 start
847 3067 40 20 and

455 3094 30 18 sat
495 3092 44 20 bolt
548 3092 90 27 upright.

483 3119 4 27 '
494 3119 42 19 The
559 3119 78 20 shower
659 3126 42 14 was
723 3120 83 26 moving
824 3127 62 19 away,

456 3145 100 26 although
572 3152 12 13 a
598 3146 45 26 peal
653 3146 22 20 of
692 3146 89 20 thunder
794 3153 45 14 now
849 3146 39 20 and

455 3171 50 21 then
514 3172 80 19 seemed
603 3174 21 18 to
631 3173 64 19 shake
704 3173 35 19 the
748 3173 66 19 cabin.

483 3197 54 21 'But
558 3198 17 20 it
588 3205 41 14 was
647 3201 36 18 not
697 3199 41 19 this
751 3199 46 20 that
820 3200 69 20 awoke

455 3223 50 21 him.

483 3250 45 20 'He
547 3250 37 22 felt
602 3251 45 22 that
660 3258 55 15 some
732 3258 78 15 unseen
823 3252 66 27 object

456 3276 41 20 had
506 3279 72 19 moved
587 3281 46 23 past
650 3279 44 20 him
710 3286 22 14 as
741 3280 26 20 ho
785 3280 34 26 lay
834 3280 55 20 there

457 3303 137 21 unconscious.

485 3329 46 21 'He
541 3331 85 24 glanced
644 3333 77 20 toward
738 3333 36 20 the
788 3333 54 25 door,
851 3334 39 19 and

459 3362 41 15 saw
509 3356 28 25 by
547 3363 12 13 a
574 3357 52 21 flash
644 3361 21 19 of
674 3360 46 26 pale
733 3360 105 26 lightning
846 3360 45 20 that

458 3383 16 19 it
482 3384 59 18 stood
550 3385 51 19 wide
610 3392 58 20 open.

485 3411 5 9 '
501 3409 33 21 He
551 3410 60 22 knew
627 3413 44 19 that
689 3413 26 20 he
729 3413 41 20 had
784 3413 66 20 closed
868 3413 21 24 it,

459 3435 41 20 and
509 3436 56 20 there
582 3438 42 19 had
637 3441 36 17 not
682 3439 52 21 been
748 3446 21 14 so
778 3440 61 20 much
847 3446 23 13 as
880 3446 11 13 a

461 3461 70 20 breeze
541 3465 21 17 to
571 3465 65 25 swing
645 3466 16 19 it
670 3472 59 19 open.

487 3488 104 21 'Another
607 3491 52 20 flash
672 3492 41 19 and
734 3492 26 20 ho
779 3492 73 20 beheld
866 3498 26 14 an

460 3514 67 26 object
549 3516 67 20 which
640 3518 90 25 brought
752 3518 43 20 him
817 3520 21 18 to
859 3518 33 20 his

459 3541 47 21 foet.

487 3569 32 21 'lt
526 3576 41 14 was
576 3570 35 19 the
629 3570 37 20 tali
681 3571 40 19 and
735 3570 96 27 shadowy
840 3569 51 21 form

459 3595 21 21 of
490 3595 54 21 what
553 3597 80 21 seemed
641 3599 21 20 to
672 3597 25 19 be
707 3604 12 12 a
736 3597 78 20 human
823 3597 68 25 being.

485 3621 35 20 'lt
526 3623 73 25 passed
617 3623 87 23 athwart
732 3623 33 23 the
790 3623 102 26 door-way

458 3647 43 27 just
509 3649 83 19 outside.

486 3676 5 9 '
498 3674 55 20 Who
563 3682 34 12 are
603 3682 41 19 you
654 3676 14 20 ?'
679 3675 113 21 demanded
807 3675 57 21 Will.

488 3700 4 22 '
499 3700 33 20 No
542 3707 77 15 answer
626 3709 41 13 was
676 3703 103 19 returned.

487 3726 157 28 'Approaching
666 3729 35 19 the
730 3729 113 26 door-way,
866 3728 26 19 he

460 3754 72 24 poered
551 3756 35 17 out
595 3754 42 20 into
653 3755 35 20 tho
697 3755 66 26 night.
791 3755 34 20 He
835 3754 57 20 could

461 3785 33 13 see
502 3779 87 27 nothing
598 3781 22 19 in
629 3781 35 20 the
671 3781 104 20 darkness.

487 3806 5 10 '
499 3805 68 25 Again
575 3807 27 18 he
610 3808 96 25 repeated
715 3808 31 19 his
756 3808 49 20 hail.

487 3832 5 10 '
501 3831 48 20 This
559 3832 49 20 time
617 3834 26 19 he
656 3834 41 19 had
707 3841 26 13 an
742 3841 84 14 answer.

487 3859 5 11 '
500 3857 42 20 But
551 3858 16 19 it
585 3865 41 14 was
635 3862 35 17 not
679 3860 55 20 what
749 3860 27 19 he
790 3859 101 27 expected.

488 3887 5 8 '
500 3884 19 19 A
525 3884 56 26 deep,
593 3885 73 21 hollow
673 3893 63 18 groan
746 3886 66 20 which
822 3886 71 19 almost

461 3910 59 20 made
528 3910 33 20 his
569 3912 46 19 hair
633 3912 59 19 stand
708 3919 26 12 on
743 3912 39 19 end
801 3912 40 19 and
858 3912 34 19 the

460 3936 61 20 blood
539 3939 21 18 to
582 3937 68 20 curdlo
664 3938 22 19 in
699 3938 32 19 his
743 3938 63 24 veins,
830 3940 62 17 smote

460 3969 55 21 upon
527 3963 33 20 his
568 3969 41 14 ear.

487 3990 35 19 'lt
539 3990 79 20 seemed
626 3992 21 18 to
665 3996 55 15 come
734 3990 53 20 from
800 3990 35 19 the
849 3996 44 14 rear

460 4015 22 20 of
490 4015 35 20 tho
539 4016 66 20 cabin.

488 4042 4 21 '
501 4042 40 20 For
550 4049 12 13 a
571 4045 88 18 moment
662 4043 27 20 he
695 4042 104 21 remained
809 4042 72 20 motion-

459 4068 46 25 less,
516 4068 40 21 and
565 4068 49 21 then
628 4069 27 20 he
673 4068 76 22 dashed
762 4070 36 19 out
807 4068 42 21 into
859 4068 33 21 tho

460 4095 65 26 night.

942 81 66 21 'Once
1025 90 55 13 more
1096 83 34 20 the
1144 90 64 19 groan
1221 84 80 20 saluted
1315 85 31 20 his

915 114 40 19 ear,
974 109 40 19 and
1023 109 49 19 then
1089 109 26 19 he
1129 109 49 22 sped
1192 116 58 19 away
1258 110 89 25 through

916 134 33 19 the
958 134 76 20 bushes
1045 135 39 19 and
1090 135 75 25 gained
1174 135 34 19 the
1217 142 59 13 cover
1283 137 21 19 of
1313 137 34 19 the

915 159 67 25 forest,
1000 161 42 19 and
1055 161 89 25 pushing
1167 163 40 22 out,
1217 161 27 19 ho
1262 162 85 20 reached

915 185 48 20 here
972 185 63 21 about
1049 186 114 26 midnight.'

943 212 58 19 'And
1018 219 41 19 you
1078 213 59 19 think
1151 212 45 20 that
1211 213 26 19 he
1252 219 42 14 saw
1308 213 39 20 and

915 236 62 21 heard
987 238 55 20 what
1054 245 40 18 you
1103 245 36 18 say
1148 238 15 20 ?'

943 263 38 20 'Of
1003 271 75 13 course.
1105 264 56 26 Why
1184 264 73 20 should
1278 264 27 21 he
1320 265 27 20 lie

915 288 62 21 about
1000 290 34 19 the
1052 290 89 20 matter?
1220 290 61 21 know
1299 291 48 21 (that

915 314 33 19 the
956 315 61 20 cabin
1025 316 18 20 is
1051 316 97 24 haunted,
1158 316 57 20 don't
1223 323 29 14 we
1260 317 16 20 ?'

941 340 67 21 'Yes.'

941 366 24 20 'I
983 368 67 19 would
1073 368 46 26 give
1132 368 61 19 much
1210 369 21 18 to
1245 368 59 21 know
1319 369 28 25 by

916 392 63 20 whom
989 399 23 13 or
1021 394 68 19 what.'

941 418 4 21 '
953 418 28 20 So
989 420 66 19 would
1063 419 26 20 I.'

940 445 5 10 '
953 444 47 20 You
1009 445 54 19 shall
1071 446 59 20 know
1139 445 69 20 before
1217 445 63 26 long.'

938 469 55 21 Both
1002 477 47 13 men
1058 478 52 18 gave
1125 478 12 12 a
1155 473 50 17 start
1219 472 22 19 of
1250 471 94 26 surprise.

939 495 56 26 They
1004 497 42 19 had
1059 497 51 19 been
1120 504 21 12 so
1151 497 52 26 busy
1212 497 80 25 talking
1301 497 45 20 that

913 521 48 23 they
977 522 42 19 had
1031 525 37 17 not
1076 523 79 19 noticed
1164 523 35 19 the
1213 523 102 26 approach
1325 524 21 18 of

913 546 50 20 Will
972 547 91 25 Harlow;
1083 549 66 20 whum
1158 549 48 26 they
1224 555 45 14 now
1281 549 65 19 found

912 572 52 20 close
973 573 70 20 beside
1052 574 60 20 them.

938 598 36 20 Sid
992 599 68 20 Webb
1074 601 37 19 felt
1126 606 12 14 a
1151 601 52 19 littlo
1224 601 120 19 crestfallen.

912 624 33 19 He
955 631 41 13 was
1006 632 46 13 sure
1066 626 45 19 that
1119 627 34 19 the
1162 630 45 16 now
1216 633 66 13 comer
1290 629 54 17 must

911 650 52 19 have
981 650 64 21 hoard
1067 652 35 19 the
1124 652 73 20 doubts
1215 653 27 19 ho
1255 652 41 20 had
1311 659 22 13 ex-

911 676 82 26 pressed
1002 683 22 13 as
1033 679 21 18 to
1063 678 34 19 the
1106 678 42 19 talo
1156 678 27 19 ho
1190 678 48 20 told.

938 703 5 10 '
951 702 54 20 How
1027 709 34 14 are
1084 710 29 13 we
1127 706 21 17 to
1170 704 60 20 know
1238 704 15 19 ?'
1281 704 62 20 asked

910 728 79 19 Mason.
1019 730 5 9 '
1033 728 58 21 More
1101 730 50 19 than
1169 736 48 13 once
1231 730 37 19 has
1278 737 26 12 an
1313 732 20 17 at-

909 756 65 23 tempt
983 753 52 20 been
1044 755 59 20 made
1112 758 21 17 to
1139 756 54 19 solve
1202 756 35 19 the
1247 758 94 24 mystery,

909 779 38 20 but
954 780 81 25 nobody
1045 780 37 21 has
1092 781 51 20 done
1156 782 30 19 it.'

937 805 4 28 '
948 805 42 20 I'm
1008 806 63 26 going
1085 808 20 19 to
1123 809 32 24 try
1169 814 34 19 my
1224 808 48 19 luck
1285 808 57 19 there

909 831 61 26 again
980 832 104 25 to-night.'

936 859 5 10 '
949 857 140 21 Where—not
1096 859 21 19 in
1126 859 34 20 the
1170 860 60 20 cabin
1240 859 15 20 ?'

936 883 4 28 '
946 883 43 19 Yes
999 883 4 28 ;
1018 884 40 20 I'm
1068 891 26 13 on
1108 892 35 18 my
1156 892 45 19 way
1218 886 58 19 there
1289 892 52 14 now.

908 909 77 20 Would
995 916 36 13 one
1042 916 22 14 or
1073 911 50 19 both
1127 911 21 19 of
1156 918 41 19 you
1205 911 42 20 like
1257 913 20 18 to
1287 918 54 13 come

908 935 61 25 along
982 935 17 20 ?'

934 961 43 19 The
986 963 40 19 two
1035 969 46 13 men
1090 963 86 25 glanced
1186 965 21 18 at
1217 963 49 20 each
1275 964 64 23 other,

907 987 40 19 and
956 987 50 20 then
1021 988 52 20 their
1083 995 46 19 eyes
1138 996 55 13 came
1209 989 53 20 back
1275 991 21 18 to
1306 990 34 19 the

906 1014 43 19 face
959 1014 22 19 of
990 1014 34 19 the
1034 1015 91 25 speaker.

933 1040 4 26 '
945 1040 12 18 I
974 1040 68 19 would
1056 1047 27 19 go
1101 1041 16 19 if
1130 1041 17 19 it
1164 1041 83 19 weren't
1260 1042 32 18 for
1305 1048 34 18 my

906 1065 60 23 wife,'
981 1066 45 19 said
1035 1066 78 20 Mason.
1144 1065 4 23 '
1157 1067 40 20 She
1207 1067 67 20 would
1282 1067 27 20 be
1318 1067 21 20 in

906 1092 92 18 constant
1028 1092 45 19 fear
1094 1092 53 19 until
1169 1100 30 13 we
1221 1095 36 23 got
1279 1093 58 20 back.

904 1117 73 24 Yours,
988 1118 39 23 too,
1038 1118 42 24 Sid,
1091 1118 67 21 would
1173 1118 25 20 bo
1208 1119 21 19 in
1238 1120 35 19 the
1284 1125 54 14 same

904 1143 108 19 condition.
1039 1144 12 19 I
1061 1150 33 13 am
1103 1151 46 12 sure
1158 1144 49 26 they
1216 1146 41 19 will
1266 1147 35 18 not
1310 1146 28 19 let

904 1175 23 13 us
935 1175 26 19 go
970 1169 18 19 if
996 1169 49 25 they
1055 1177 37 12 can
1109 1173 84 23 prevent
1202 1171 22 19 it.
1253 1170 26 21 So
1289 1171 48 26 long

904 1201 22 13 as
939 1196 35 18 the
991 1196 53 24 thing
1061 1196 22 19 in
1092 1196 35 20 the
1141 1196 34 19 old
1193 1197 59 20 cabin
1265 1197 39 20 lots
1313 1204 24 13 us

904 1221 63 24 alone,
978 1221 13 20 I
1000 1228 33 13 am
1042 1224 35 17 not
1087 1229 45 12 sure
1141 1222 39 19 but
1189 1223 46 20 that
1242 1223 17 20 it
1266 1223 17 20 is
1292 1223 45 20 best

904 1249 20 18 to
933 1247 46 26 give
989 1247 16 20 it
1015 1254 11 13 a
1036 1248 51 20 wide
1097 1248 73 20 berth.'

930 1275 5 10 '
943 1273 73 20 Thank
1025 1273 86 21 Heaven
1126 1274 44 20 I've
1180 1276 35 24 got
1224 1274 82 27 nobody
1315 1277 21 18 to

903 1299 48 19 hold
973 1306 31 13 me
1027 1299 53 20 back
1101 1301 22 19 in
1147 1301 46 19 that
1210 1302 59 24 way,'
1292 1302 44 19 said

903 1325 90 24 Harlow,
1003 1325 49 20 with
1071 1332 12 13 a
1092 1326 43 19 curl
1144 1327 21 19 of
1181 1327 34 19 the
1229 1327 41 26 lip;
1285 1329 5 10 '
1298 1327 38 21 but

903 1352 12 18 I
923 1352 47 25 only
980 1358 55 12 camo
1045 1352 40 19 this
1095 1359 44 18 way
1155 1355 21 17 to
1262 1360 46 19 you,
1319 1354 17 19 if

902 1384 41 19 you
951 1377 67 20 would
1027 1378 41 18 like
1078 1380 19 17 to
1107 1384 32 19 go.
1167 1379 48 19 lam
1224 1381 37 18 not
1270 1380 66 19 afraid

903 1406 20 17 to
945 1404 44 19 face
1012 1404 101 20 whatever
1126 1404 12 20 I
1151 1411 48 20 may
1212 1405 43 20 find
1271 1405 62 26 there,

903 1430 71 20 alone.'

930 1456 4 27 '
941 1456 42 20 But
992 1462 39 19 you
1039 1457 35 25 got
1082 1457 35 19 out
1126 1456 22 20 of
1157 1457 56 19 there
1219 1457 22 19 in
1250 1464 13 13 a
1271 1459 65 24 hurry

903 1482 34 20 the
960 1482 57 20 other
1034 1482 73 26 night,'
1130 1483 46 19 said
1197 1483 78 26 Mason,
1299 1487 37 18 not

902 1508 99 26 relishing
1010 1508 54 20 what
1073 1509 32 19 his
1115 1509 65 19 words
1191 1509 91 26 iinplkl.

930 1534 4 26 '
944 1534 12 20 I
974 1534 59 21 know
1048 1534 44 21 that
1110 1535 12 20 I
1143 1535 40 25 did,
1207 1535 38 21 but
1268 1536 12 20 I
1302 1544 33 13 am

904 1560 95 21 ashamed
1009 1561 21 20 of
1039 1561 30 25 it;
1083 1561 38 20 but
1130 1562 91 26 to-night
1236 1562 13 20 I
1258 1569 32 13 am
1300 1570 22 19 go-

903 1587 35 26 ing
948 1589 21 18 to
977 1587 60 20 make
1045 1593 27 17 up
1082 1587 31 20 for
1122 1594 35 19 my
1162 1588 46 20 lack
1217 1588 23 20 of
1249 1595 86 20 courage

903 1613 54 21 then.
986 1612 111 27 Good-bye.
1125 1614 21 19 If
1151 1614 40 20 I'm
1201 1617 36 17 not
1245 1615 53 20 back
1308 1616 28 26 by

903 1642 114 18 to-morrow
1024 1640 102 25 forenoon,
1135 1647 41 19 you
1185 1647 37 14 can
1231 1647 54 15 corne
1295 1642 40 20 and

902 1666 47 21 look
958 1673 32 13 me
1000 1666 41 27 up.'

929 1692 92 26 Turning
1038 1692 53 21 from
1106 1692 35 21 the
1155 1695 45 25 spot
1217 1693 68 22 whero
1299 1694 35 21 the

903 1719 78 20 settlers
1004 1719 63 24 stood,
1092 1719 84 21 Harlow
1198 1721 79 20 crossed
1299 1722 35 19 the

903 1745 93 25 olearing,
1007 1746 40 19 and
1053 1745 21 20 in
1083 1752 13 13 a
1101 1746 52 19 little
1162 1746 48 20 time
1217 1753 42 14 was
1268 1748 55 19 tread-

903 1772 36 25 ing
948 1772 34 19 the
990 1777 65 14 mazos
1064 1772 22 19 of
1092 1772 33 19 the
1131 1772 63 21 forest
1200 1773 23 20 in
1231 1774 35 19 the
1272 1774 62 20 dircc*

903 1798 42 19 tion
955 1798 21 19 of
985 1797 35 20 the
1028 1798 92 19 haunted
1129 1799 64 20 cabin.

929 1824 42 19 The
981 1830 39 13 sun
1037 1830 41 15 was
1087 1824 43 26 just
1139 1824 102 28 dropping
1259 1826 76 20 behind

903 1850 34 19 the
946 1852 99 24 tree-tops
1054 1850 58 21 when
1118 1851 26 19 ho
1155 1858 54 13 came
1219 1853 21 18 in
1249 1852 56 26 sight
1315 1853 21 19 of

903 1876 21 25 it,
943 1876 97 27 standing
1058 1883 74 20 among
1145 1878 34 19 the
1195 1878 82 25 bushes,
1291 1879 45 20 half

903 1903 72 19 ruined
983 1903 40 19 and
1032 1903 34 19 the
1073 1903 78 26 picture
1160 1904 22 19 of
1191 1904 117 21 desolation.

929 1929 34 19 no
973 1929 35 19 did
1024 1932 35 16 not
1068 1930 101 25 approach
1179 1930 16 19 it
1204 1933 21 17 at
1240 1937 53 18 once,
1304 1932 32 19 for

903 1955 43 20 fear
955 1955 46 19 that
1010 1955 35 19 the
1054 1956 103 20 unknown
1165 1956 67 26 might
1245 1958 91 25 porceivo

903 1981 48 19 him.
993 1981 33 19 Ho
1050 1982 67 20 would
1147 1983 48 19 wait
1217 1984 53 19 until
1301 1984 35 19 the

903 2007 93 21 shadows
1014 2007 21 20 of
1050 2008 35 19 the
1099 2009 80 26 coming
1196 2009 60 26 night
1270 2010 66 20 would

903 2040 58 13 cover
969 2033 33 19 his
1010 2034 94 20 motions.

929 2059 85 26 Seating
1036 2060 82 20 himself
1148 2061 50 20 with
1221 2061 32 20 his
1284 2062 52 20 back

903 2085 81 26 against
993 2086 35 19 the
1037 2087 63 19 trunk
1109 2087 21 19 of
1139 2093 13 13 a
1160 2089 49 24 tree,
1220 2088 27 20 he
1256 2089 79 24 waited,

903 2111 48 21 with
970 2111 33 19 his
1019 2118 47 19 eyes
1079 2113 55 19 fixed
1148 2120 55 19 upon
1216 2114 36 20 the
1269 2115 66 24 cabin,

903 2144 44 13 now
955 2137 46 20 half
1010 2137 76 21 hidden
1104 2139 28 24 by
1140 2139 35 19 the
1186 2139 74 21 bushes
1270 2141 67 25 owing

903 2165 20 18 to
932 2163 35 20 the
976 2163 89 27 position
1073 2164 26 19 ho
1109 2166 100 20 assumed.

928 2190 29 19 As
976 2188 34 21 the
1020 2192 98 18 moments
1127 2193 55 17 went
1195 2192 28 25 by
1240 2192 27 20 ho
1282 2199 54 19 grew

903 2215 84 25 drowsy,
1004 2216 41 19 and
1054 2217 58 19 could
1122 2217 73 26 hardly
1210 2221 85 23 prevent
1304 2219 32 19 his

904 2248 45 19 eyes
958 2242 54 19 from
1021 2242 83 26 closing,
1114 2244 46 24 and,
1172 2246 21 17 at
1202 2244 45 25 last,
1259 2245 77 26 despite

903 2268 34 19 the
944 2268 89 25 possible
1043 2268 77 26 danger
1127 2270 45 19 that
1181 2271 97 20 menaced
1286 2271 48 25 him,

903 2294 26 19 he
936 2294 81 20 became
1023 2296 132 19 unconscious
1160 2296 23 19 of
1188 2297 33 19 his
1227 2298 97 19 surround-

904 2321 51 25 ings.

930 2346 80 26 Hardly
1028 2347 42 20 had
1083 2347 26 20 he
1128 2348 122 21 succumbed
1268 2352 21 17 to
1302 2350 34 19 the

903 2372 48 20 heat
960 2373 42 19 and
1010 2374 80 25 fatigue
1104 2375 21 18 of
1134 2375 32 20 his
1176 2376 59 26 rapid
1250 2383 86 19 passage

903 2399 91 25 through
1011 2400 35 19 the
1055 2401 69 24 forest,
1138 2401 65 25 when,
1221 2408 23 13 as
1257 2403 80 25 though

903 2425 26 19 he
946 2425 42 20 had
1009 2432 79 20 sprung
1101 2433 28 19 up
1147 2430 36 17 out
1201 2428 22 19 of
1240 2428 35 20 the
1289 2435 48 19 very

904 2451 63 24 earth,
974 2452 35 19 the
1016 2453 66 25 figure
1089 2453 22 19 of
1120 2459 12 14 a
1138 2460 48 13 man
1195 2461 45 13 rose
1247 2461 28 20 up
1285 2455 52 20 close

904 2478 68 19 beside
980 2478 50 20 him.

929 2503 66 21 Could
1012 2504 35 20 the
1063 2505 92 26 sleeping
1168 2513 48 13 man
1234 2507 38 20 but
1285 2507 52 20 have

903 2536 47 14 seen
959 2531 50 23 him,
1019 2531 27 19 he
1053 2532 67 19 would
1127 2532 52 20 have
1189 2539 78 19 sprung
1275 2536 20 17 to
1304 2534 33 19 his

903 2557 41 19 feet
961 2557 22 19 in
999 2557 89 26 surprise
1102 2560 35 18 not
1155 2560 119 25 unmingled
1287 2560 50 20 with

903 2583 48 19 fear.

929 2609 40 19 His
977 2609 66 25 figure
1053 2616 41 14 was
1103 2611 49 25 long
1166 2611 40 20 and
1216 2614 70 23 gaunt,
1296 2612 41 19 and

903 2637 53 17 must
979 2635 52 20 have
1050 2636 52 20 been
1120 2638 141 25 considerably
1282 2645 55 13 more

904 2661 49 20 than
971 2662 31 18 six
1021 2662 41 20 feet
1075 2663 22 19 in
1114 2663 79 26 height-
1226 2665 62 19 From
1301 2665 24 19 be-

903 2688 62 19 neath
974 2687 32 19 his
1016 2689 142 24 squirrol-skin
1167 2696 36 20 cap
1220 2691 59 26 hung
1288 2691 49 25 long

903 2713 35 20 red
955 2714 56 19 locks
1028 2715 94 20 streaked
1136 2716 49 19 with
1202 2717 66 19 white.
1296 2717 41 19 His

904 2740 46 19 chin
966 2746 41 14 was
1017 2741 84 19 covered
1110 2741 49 20 with
1173 2743 34 19 the
1217 2750 61 17 same,
1296 2743 41 19 and

904 2766 73 20 looked
995 2773 22 13 as
1027 2765 80 28 though
1115 2768 17 18 it
1145 2768 42 20 had
1201 2775 62 13 never
1278 2770 59 19 made

904 2792 33 19 the
956 2793 146 25 acquaintance
1118 2794 21 19 of
1153 2795 68 19 sheers
1238 2802 22 13 or
1273 2801 63 14 razor.

904 2818 39 20 His
949 2825 49 13 nose
1004 2826 41 12 was
1054 2819 41 19 like
1104 2820 35 19 the
1145 2820 53 20 beak
1208 2821 22 19 of
1236 2828 26 13 an
1272 2822 63 25 eagle,

904 2845 40 19 and
962 2845 32 19 his
1003 2845 63 20 cheek
1081 2846 63 19 bones
1158 2853 52 13 were
1228 2848 73 20 almost
1315 2854 22 13 as

904 2871 120 25 prominent.
1052 2871 40 20 His
1102 2879 46 19 eyes
1157 2880 52 13 were
1223 2874 54 20 sunk
1286 2874 51 26 deep

904 2897 42 19 into
964 2897 53 20 their
1026 2898 84 24 sockets,
1126 2899 39 20 and
1181 2906 12 13 a
1207 2900 54 25 light
1275 2900 62 20 shone

904 2923 52 19 from
965 2923 56 20 them
1030 2924 64 19 which
1106 2925 78 20 scorned
1194 2926 73 20 almost
1275 2927 49 19 bane-

904 2949 37 20 ful.
969 2949 40 20 His
1019 2955 101 20 garments
1132 2956 50 15 wore
1196 2952 57 21 liiadd
1264 2953 73 25 wholly

904 2975 22 20 of
943 2975 57 20 skins
1018 2976 21 19 of
1049 2976 47 21 wild
1111 2978 66 19 beasts
1195 2979 43 19 that
1257 2979 25 20 ho
1296 2979 41 20 had

904 3001 58 20 slain.

930 3028 101 19 Attached
1040 3030 21 18 to
1071 3035 12 14 a
1092 3029 42 21 bolt
1144 3030 21 20 of
1179 3030 103 21 deer-skin
1296 3037 42 15 was

905 3060 12 13 a
926 3054 55 26 long,
991 3055 212 28 murderous-looking
1220 3058 64 25 knife,
1296 3064 31 14 car-

905 3080 43 19 ried
957 3080 86 21 without
1052 3088 12 13 a
1076 3082 78 21 sheath.

931 3106 41 20 His
995 3113 125 20 appearance
1143 3109 40 20 and
1205 3110 59 21 outfit
1286 3117 52 14 wore

906 3133 82 25 enough
997 3134 20 18 to
1027 3134 91 26 frighten
1127 3135 35 20 the
1171 3136 87 26 bravest,
1278 3137 17 19 if
1304 3143 23 14 en-

906 3159 108 20 countered
1023 3160 22 19 in
1054 3167 12 13 a
1075 3160 67 27 lonely
1155 3165 51 23 spot.

932 3185 61 21 With
1000 3192 12 13 a
1021 3186 87 27 footstep
1114 3188 67 20 which
1190 3195 52 19 gave
1251 3189 52 20 back
1313 3196 26 13 no

906 3211 71 22 sound,
988 3211 26 20 he
1022 3214 72 19 moved
1103 3216 20 17 to
1130 3214 35 20 tho
1174 3215 43 20 side
1228 3216 21 19 of
1258 3216 34 19 the
1301 3223 25 12 un-

907 3237 103 21 conscious
1020 3239 83 26 sleeper.

932 3264 40 20 His
977 3265 213 28 murderous-looking
1194 3268 58 19 knife
1259 3268 26 20 he
1294 3275 45 13 now

907 3290 48 20 held
972 3290 94 26 uplifted,
1077 3296 22 15 as
1113 3293 80 26 though
1201 3294 22 19 in
1237 3294 104 20 readiness

908 3319 21 17 to
938 3317 53 25 bury
1000 3317 16 19 it
1026 3317 21 19 in
1056 3318 34 20 tho
1099 3319 59 19 heart
1167 3320 21 19 of
1197 3319 31 21 his
1238 3320 75 21 victim.

934 3342 34 20 He
977 3349 42 13 was
1028 3343 52 20 close
1089 3346 20 18 to
1118 3345 32 19 his
1160 3346 42 20 side
1211 3346 60 20 when
1282 3354 12 12 a
1303 3348 38 25 dry

909 3369 49 25 twig
976 3369 89 20 beneath
1082 3371 33 19 his
1130 3371 41 20 feet
1185 3372 63 21 broke
1266 3374 49 19 with
1329 3380 12 13 a

908 3396 62 25 sharp
979 3398 74 23 report.

934 3421 52 20 Will
1004 3421 85 22 Harlow
1103 3423 77 26 opened
1193 3424 32 20 his
1240 3432 46 18 eyes
1300 3425 41 21 and

909 3447 74 21 beheld
992 3447 35 20 the
1041 3449 82 19 terrible
1132 3450 65 20 vision
1206 3451 29 25 by
1249 3451 33 20 his
1290 3453 50 19 side.

936 3473 40 21 For
986 3480 26 13 an
1022 3474 76 22 ipstant
1107 3475 26 20 he
1142 3482 41 14 was
1197 3478 107 27 paralysed
1313 3479 28 27 by

909 3500 34 20 the
952 3500 62 25 sight,
1026 3501 40 19 and
1080 3501 49 20 then
1137 3503 59 19 made
1214 3510 12 12 a
1235 3504 76 21 motion
1320 3507 21 17 to

909 3526 71 26 spring
990 3528 20 17 to
1019 3527 33 19 his
1057 3527 47 20 feet.
1131 3528 29 20 As
1167 3529 61 25 quick
1238 3536 23 13 as
1270 3537 12 13 a
1289 3530 52 20 flash

909 3554 21 18 of
947 3552 55 26 light
1019 3553 35 19 tho
1063 3554 102 20 unknown
1178 3555 64 21 throw
1260 3556 82 20 himself

909 3585 55 20 upon
973 3578 50 24 him,
1032 3580 41 19 and
1081 3580 66 20 raised
1154 3581 32 19 his
1195 3588 44 13 arm
1248 3584 21 18 to
1278 3583 63 19 strike

909 3611 13 14 a
930 3604 52 20 fatal
991 3604 61 21 blow.

936 3630 51 21 Will
996 3630 85 22 Harlow
1096 3632 88 27 thought
1193 3634 31 19 his
1239 3635 52 19 hour
1299 3635 42 19 had

910 3663 61 14 eomo.
998 3656 20 23 A
1027 3661 88 17 moment
1123 3666 55 15 more
1188 3660 40 22 and
1238 3661 34 21 the
1287 3668 41 14 mur-

910 3684 72 19 derous
991 3689 85 20 weapon
1085 3686 66 19 would
1160 3686 26 19 bo
1198 3687 92 25 plunged
1299 3687 42 20 into

909 3710 32 19 his
951 3709 108 27 quivering
1067 3710 56 21 flesh.

935 3736 42 19 But
986 3736 17 19 it
1014 3743 39 12 was
1062 3739 35 17 not
1106 3744 22 13 so
1137 3739 21 18 to
1167 3738 32 20 bo.

936 3762 27 19 At
979 3762 46 19 that
1033 3762 77 21 instant
1119 3771 12 13 a
1144 3764 49 19 loud
1208 3768 68 23 report
1290 3773 53 19 rang

910 3789 90 25 through
1009 3788 34 21 the
1053 3789 67 25 forest,
1133 3790 39 20 and
1181 3791 35 19 tho
1231 3792 109 24 unknown,

910 3816 108 26 springing
1035 3815 52 26 high
1101 3816 21 19 in
1135 3816 34 19 tho
1186 3817 34 24 air,
1240 3818 37 19 fell
1290 3818 52 19 back

910 3849 55 19 upon
974 3842 35 18 the
1018 3842 57 19 earth
1085 3848 22 13 as
1115 3842 76 20 lifeless
1201 3849 22 13 as
1237 3850 12 12 a
1258 3844 50 19 clod.

937 3867 51 21 Will
1007 3874 78 19 sprung
1094 3870 19 17 to
1127 3868 32 20 his
1177 3869 47 24 feet,
1240 3870 41 19 and
1295 3870 22 19 in
1330 3877 13 12 a

910 3896 89 18 moment
1021 3900 55 13 more
1098 3894 81 20 Walter
1207 3895 73 20 Mason
1302 3896 41 19 and

911 3921 75 24 Sidney
996 3919 68 21 Webb
1074 3920 57 20 stood
1140 3920 69 20 beside
1218 3921 50 20 him.

937 3947 33 19 He
977 3952 42 14 was
1030 3952 22 13 as
1061 3946 60 20 much
1128 3947 116 19 astonished
1252 3947 29 26 by
1290 3948 53 20 their

911 3973 70 25 timoly
990 3978 125 19 appearance
1133 3978 22 14 as
1163 3973 27 19 ho
1199 3973 42 19 had
1254 3973 52 20 beon
1322 3976 21 18 at

910 3999 34 19 tho
962 3998 57 26 sight
1033 3998 21 19 of
1071 3997 43 21 him
1131 3999 59 25 lying
1203 3999 53 20 dead
1273 4000 70 20 before

910 4025 62 20 them.

939 4050 4 26 '
953 4050 73 20 Thank
1045 4050 50 24 God,
1109 4051 69 25 you'ro
1201 4051 43 20 safe
1255 4051 11 21 !'
1289 4052 54 20 cried

910 4077 80 20 Mason.
1019 4078 5 10 '
1034 4076 49 20 Had
1101 4082 29 15 wo
1139 4079 36 17 not
1189 4078 79 19 arrived
1278 4084 21 14 as
1313 4085 30 13 wo

910 4104 39 25 did,
960 4109 42 20 you
1020 4102 41 21 and
1070 4102 27 20 ho
1106 4103 66 21 would
1186 4103 52 21 have
1252 4103 91 26 changed

1367 93 81 25 places,'
1466 92 40 19 and
1515 91 26 20 he
1559 92 88 24 spurned
1661 92 35 19 the
1705 91 54 25 body
1777 91 21 19 of

1365 119 34 19 tho
1408 119 103 18 unknown
1520 117 50 20 with
1578 117 33 19 his
1619 118 49 18 foot.

1351 142 1 26 '
1391 142 4 26 '
1405 144 49 19 You
1475 149 35 14 are
1538 142 70 26 right,'
1631 143 45 19 said
1706 142 90 19 Harlow.

1351 168 1 24 •
1367 168 4 24 '
1380 170 42 19 But
1430 170 46 18 how
1486 169 17 19 is
1511 168 18 19 it
1546 168 45 19 that
1600 174 41 18 you
1649 168 75 19 turned
1741 174 26 18 up
1776 168 21 18 in

1365 196 34 19 the
1405 195 47 19 nick
1462 194 22 19 of
1490 194 54 23 time,
1555 194 52 19 after
1616 194 94 25 refusing
1717 196 19 17 to
1743 199 54 13 come

1364 221 48 19 here
1421 220 50 20 with
1479 226 32 13 mo
1522 219 14 20 ?'

1393 246 53 20 'We
1454 246 92 24 changed
1554 251 37 13 our
1599 245 72 24 minds,
1684 245 56 20 Will.
1768 245 29 19 As

1351 271 1 26 '
1364 279 49 13 soon
1422 278 23 13 as
1454 277 40 20 you
1503 271 38 19 loft
1548 277 24 13 us
1582 277 29 13 we
1621 271 84 19 decided
1713 271 45 19 that
1767 276 30 14 we

1351 296 1 25 ■
1364 298 41 19 had
1415 298 51 19 done
1475 302 71 19 wrong
1561 298 21 17 to
1591 296 29 18 let
1628 303 42 18 you
1685 302 54 14 come
1748 296 49 19 here

1365 324 62 23 alone,
1449 325 21 17 to
1478 323 44 18 face
1531 328 53 13 none
1598 321 21 19 of
1628 328 24 12 us
1661 322 60 20 knew
1735 321 60 20 what.

1365 349 25 20 So
1409 355 30 13 we
1448 348 83 19 hurried
1540 349 20 17 to
1575 347 34 20 the
1619 347 70 20 cabins
1705 347 41 19 and
1755 347 42 19 told

1364 381 36 13 our
1418 374 61 20 wives
1489 373 67 20 whero
1565 379 30 13 we
1609 379 52 13 were
1671 373 68 25 going,
1756 372 41 19 and

1364 401 49 19 then
1422 399 59 20 made
1491 399 58 20 haste
1558 400 21 18 to
1588 399 60 18 reach
1657 399 48 19 hero
1717 405 22 12 as
1748 404 48 13 soon

1364 432 22 14 as
1395 424 103 28 possible.'

1391 452 4 24 '
1405 452 48 19 And
1471 457 40 19 you
1521 457 55 13 camo
1590 452 36 17 not
1640 457 12 12 a
1661 452 88 18 moment
1763 452 33 17 too

1364 477 62 20 soon.'

1390 505 5 9 '
1405 503 12 19 I
1426 502 74 20 should
1515 509 37 17 say
1560 503 42 18 not.
1631 502 42 19 Ono
1690 502 65 25 thing,
1766 508 30 13 we

1362 529 52 19 have
1423 530 68 24 protty
1501 527 115 25 effectually
1625 527 41 19 laid
1684 527 35 19 tho
1729 523 66 29 ghost.

1362 554 21 19 It
1406 561 41 13 was
1464 553 51 20 flesh
1534 553 41 19 and
1596 552 68 24 blood,
1689 554 52 18 after
1760 552 33 24 all,

1363 579 100 26 although
1471 582 36 17 not
1517 586 12 13 a
1538 580 59 24 great
1605 578 46 19 doal
1664 578 21 20 of
1696 579 21 23 it,
1729 579 32 19 for
1770 578 25 20 he

1362 605 17 20 is
1388 612 23 12 as
1420 605 46 19 thin
1475 612 23 12 as
1506 611 12 13 a
1529 604 96 20 shadow.'

1387 631 57 20 Who
1453 631 17 19 it
1478 636 47 19 was,
1536 630 41 20 and
1586 629 47 25 why
1647 629 35 20 tho
1692 629 103 21 unknown

1362 657 41 19 had
1409 657 60 19 made
1478 657 35 19 tho
1519 655 92 21 deserted
1621 655 59 20 cabin
1687 656 32 18 his
1729 656 64 23 homo,

1362 683 48 24 they
1427 688 62 14 never
1503 682 65 19 know.
1596 681 56 25 They
1666 681 73 20 buried
1752 681 43 19 him

1361 709 67 19 where
1437 708 26 20 ho
1473 708 40 19 had
1522 708 69 24 fallen,
1603 707 40 19 and
1653 713 22 13 as
1684 707 48 19 time
1742 709 53 19 went

1362 740 30 18 on,
1412 734 88 26 nothing
1513 740 54 13 more
1588 739 42 14 was
1643 733 64 20 heard
1725 733 21 20 of
1760 733 35 20 tho

1361 760 58 20 cabin
1429 760 63 26 being
1501 760 98 19 haunted.

1386 808 33 19 Mr
1429 808 54 19 Cecil
1498 807 83 20 Rhodos
1590 807 17 19 is
1620 807 85 26 making
1715 814 12 13 a
1738 808 5 11 '
1752 807 42 20 lion

1360 840 94 20 preserve
1462 833 4 27 '
1476 840 27 13 on
1511 834 32 19 his
1551 834 63 19 estate
1623 836 21 17 at
1650 833 142 24 Rondebosch,

1359 866 50 14 near
1417 860 117 26 Capetown.
1561 860 21 19 It
1600 860 42 19 will
1651 860 26 20 be
1694 860 98 23 enclosed,

1360 892 45 19 says
1414 886 36 20 the
1468 885 45 20 Pall
1523 885 51 19 Mali
1584 885 89 25 Gazette,
1690 886 28 25 by
1727 893 12 12 a
1751 886 42 19 10ft

1358 912 58 20 fence
1426 918 5 18 ;
1446 911 45 25 and,
1511 911 102 26 curiously
1623 911 87 26 oncugh,
1726 912 17 19 it
1752 912 41 20 will

1358 937 26 20 be
1391 938 83 20 stocked
1481 938 50 20 with
1538 937 87 19 animals
1631 938 53 19 from
1690 937 102 26 England.

1358 964 33 19 Mr
1406 963 89 20 Rhodes'
1511 963 69 20 moods
1590 970 35 12 are
1640 970 49 19 very
1705 964 75 25 change-

1358 990 52 19 able.
1444 990 33 19 He
1498 989 37 20 has
1553 989 79 20 several
1645 990 59 19 times
1722 989 70 26 pulled

1358 1016 58 19 down
1425 1015 33 20 his
1468 1016 63 19 houso
1540 1015 41 19 and
1590 1015 53 20 built
1652 1016 17 19 it
1678 1022 28 19 up
1716 1015 62 26 again
1786 1015 4 26 ;

1358 1043 39 18 and
1404 1042 26 18 he
1438 1043 17 18 is
1461 1041 114 25 constantly
1584 1041 89 26 altering
1678 1042 35 19 the
1724 1045 68 22 aspect

1357 1069 21 18 of
1395 1068 32 19 his
1437 1067 55 27 huge
1510 1069 70 18 estate.
1608 1067 34 20 He
1657 1068 89 26 employs
1766 1069 24 18 50

1357 1094 59 19 black
1434 1094 51 25 boys
1494 1094 104 26 regularly
1611 1094 20 19 in
1642 1094 95 26 planting
1750 1094 40 19 and

1356 1120 115 25 improving
1489 1127 26 12 on
1525 1121 78 23 naturo,
1619 1120 40 19 and
1669 1120 26 19 he
1710 1120 17 19 is
1745 1127 45 13 now

1356 1146 84 25 making
1451 1153 11 12 a
1477 1146 96 20 five-mile
1583 1146 56 20 drivo
1652 1146 91 26 through
1757 1146 33 20 his

1355 1172 62 25 place.

1381 1198 42 19 The
1447 1198 120 25 Economist,
1590 1198 102 26 roferz-ing
1713 1200 21 18 to
1753 1198 35 20 the

1354 1224 119 26 judgments
1482 1225 21 19 in
1512 1225 35 19 tho
1557 1231 54 13 cases
1621 1225 21 19 of
1651 1225 88 19 Bartlett
1748 1225 41 19 and

1355 1250 74 20 Davies
1449 1251 21 18 in
1478 1251 127 23 Melbourne,
1621 1258 46 18 says
1685 1251 46 19 that
1740 1251 49 25 they

1354 1277 67 24 partly
1440 1277 82 25 explain
1531 1277 45 20 how
1585 1277 36 19 the
1635 1283 71 19 escape
1722 1277 22 20 of
1753 1277 35 20 the

1354 1302 53 19 chief
1416 1302 104 21 Yictorian
1525 1303 133 19 instruments
1665 1304 21 18 in
1696 1303 92 25 banking

1354 1329 97 25 collapses
1460 1329 17 19 is
1486 1329 110 20 inevitable
1604 1330 53 18 until
1676 1329 27 19 all
1711 1330 75 25 judges

1354 1361 33 13 are
1410 1353 117 27 absolutely*
1546 1355 143 26 independent,
1709 1356 39 19 and
1771 1356 16 19 it

1353 1381 87 25 scarcely
1451 1381 90 20 wonders
1549 1381 44 19 that
1600 1381 78 20 British
1687 1382 99 19 investors

1353 1407 43 19 fear
1405 1407 47 19 that
1461 1414 12 12 a
1482 1407 90 26 political
1581 1408 99 25 exigency
1696 1414 47 19 may
1752 1408 22 19 do-

1353 1433 42 19 feat
1404 1433 80 26 jusbLiv^e.

1378 1459 28 19 At
1415 1459 36 20 tho
1467 1459 38 20 end
1515 1460 21 19 of
1544 1459 83 26 August
1637 1467 12 13 a
1666 1460 90 25 meeting
1765 1460 22 20 of

1353 1485 34 19 the
1392 1485 140 26 Archbishops
1538 1486 21 19 of
1566 1486 35 20 the
1608 1487 81 19 Roman
1696 1486 91 20 Catholic

1353 1511 80 20 Church
1444 1512 21 20 in
1474 1512 128 20 Australasia
1614 1513 42 19 will
1665 1513 48 19 take
1731 1513 56 26 place

1353 1537 21 21 in
1383 1537 127 26 Melbourne,
1525 1538 66 20 which
1600 1539 38 19 has
1647 1539 53 19 been
1715 1538 71 21 choson

1353 1570 26 13 on
1388 1566 85 18 account
1482 1565 21 19 of
1512 1564 26 20 its
1548 1565 77 19 central
1634 1565 93 26 position,
1747 1565 40 20 and

1354 1592 82 18 matters
1456 1591 21 19 of
1492 1597 93 18 supreme
1600 1593 89 18 momont
1706 1591 42 21 will
1760 1591 27 21 be

1354 1616 108 21 discussed.
1496 1617 95 21 Towards
1611 1617 34 21 tho
1659 1617 40 21 end
1717 1618 21 19 of
1751 1617 35 21 the

1353 1649 48 20 year
1411 1649 12 14 a
1432 1642 89 27 Plenary
1531 1643 83 21 Council
1624 1644 21 20 of
1654 1643 35 21 the
1706 1643 81 21 Church

1353 1669 41 20 will
1413 1669 25 20 bo
1459 1669 48 20 held
1525 1670 21 20 in
1566 1669 88 27 Sydney.
1691 1669 96 22 Cardinal

1353 1695 72 20 Moran
1432 1695 41 20 will
1482 1696 78 26 presido
1568 1701 48 15 ovor
1625 1697 34 19 the
1669 1697 115 26 gathering,

1351 1722 66 20 which
1426 1722 42 20 will
1477 1722 26 20 be
1513 1723 106 26 composed
1629 1723 22 19 of
1659 1723 28 19 all
1698 1723 34 19 tho
1741 1723 33 19 Bis-

1351 1748 51 27 hope
1412 1748 41 21 and
1462 1748 138 27 Archbishops
1619 1749 21 20 of
1649 1749 134 21 Australasia.

1414 1803 143 22 DOMESTIC
1572 1805 143 20 ECONOMY.

1355 1863 17 20 A
1383 1870 45 13 man
1441 1860 65 23 Who'd
1517 1863 42 20 lead
1573 1868 11 15 a
1593 1864 68 26 happy
1672 1863 36 21 life

1355 1890 57 20 Must
1422 1890 53 19 hand
1487 1890 30 19 bis
1527 1890 94 26 earnings
1636 1893 20 17 to
1668 1891 30 19 his
1708 1890 50 26 wife,

1356 1916 44 20 And
1412 1916 28 20 let
1451 1916 41 25 her,
1506 1917 47 19 with
1562 1924 12 13 a
1583 1917 94 20 woman's
1687 1924 64 18 sense,

1354 1944 41 25 Pay
1404 1944 36 19 out
1451 1943 40 19 aud
1501 1943 47 26 plan
1558 1944 34 19 the
1601 1944 74 19 home's
1695 1949 92 21 expense.

1356 1977 53 21 He'll
1420 1984 48 14 save
1478 1977 80 21 himself
1564 1984 12 14 a
1586 1978 63 20 world
1659 1978 22 20 of
1689 1977 58 26 care;

1354 2004 56 20 He'll
1421 2004 49 20 havo
1478 2004 32 20 far
1522 2011 54 13 more
1586 2007 21 17 to
1615 2007 34 17 eat
1667 2006 39 19 and
1722 2012 52 14 wear
1783 2014 5 17 ;

1355 2031 26 19 So
1391 2031 40 20 will
1442 2031 31 19 his
1484 2031 50 24 wife,
1547 2031 66 20 who'll
1620 2032 41 19 also
1671 2032 35 25 lay

1356 2058 29 25 By
1396 2057 114 26 something
1520 2058 32 19 for
1561 2064 12 14 a
1584 2058 60 26 rainy
1654 2058 45 27 day.

1354 2090 41 20 The
1407 2090 91 25 pennies,
1507 2096 45 14 man
1562 2090 40 20 will
1614 2097 61 14 never
1685 2091 61 26 prize.

1355 2117 40 19 Are
1406 2116 34 25 big
1448 2123 21 13 as
1477 2116 95 25 shillings
1582 2117 20 19 in
1611 2117 36 20 her
1656 2123 60 20 eyes;

1355 2142 38 20 She
1404 2142 76 26 weighs
1490 2143 48 19 each
1548 2143 42 19 well
1602 2143 72 20 before
1684 2144 33 19 it's
1729 2146 59 23 spent

1356 2169 53 24 And,
1419 2169 57 20 when
1484 2168 78 27 they're
1572 2176 59 19 gone,
1640 2169 71 21 knows
1723 2170 65 20 where

1406 2195 48 26 they
1461 2197 61 18 went.

1354 2230 18 19 A
1381 2237 80 13 woman
1470 2230 47 19 asks
1526 2237 5 13 :
1722 2231 36 21 bef
1767 2239 21 13 or

1355 2256 39 19 She
1404 2257 58 24 buys,
1474 2257 39 19 and
1523 2259 35 17 not
1567 2264 13 12 a
1588 2257 87 20 fraction
1685 2265 54 13 more

1354 2283 58 18 Than
1421 2282 56 20 what
1486 2283 36 19 alio
1532 2283 68 20 orders
1606 2284 41 19 will
1654 2284 36 19 sho
1699 2282 60 22 take:

1354 2308 45 20 And
1411 2309 75 25 always
1501 2311 70 18 counts
1589 2310 34 19 tho
1642 2310 78 26 chango
1739 2311 48 26 they

1405 2336 67 19 make.

1354 2369 18 20 A
1381 2376 54 18 man,
1447 2369 66 21 afraid
1520 2371 21 19 of
1547 2371 91 26 seeming
1647 2378 65 19 mean,

1354 2396 46 20 And
1409 2397 70 25 vainly
1488 2397 73 25 hiding
1568 2397 44 19 that
1620 2398 43 19 he's
1673 2405 62 18 green

1355 2422 69 20 Won't
1432 2423 38 19 ask
1478 2423 35 19 the
1522 2424 54 24 price
1593 2425 21 17 at
1623 2424 33 25 all,
1675 2425 41 19 and
1735 2425 52 26 buys

1355 2448 111 20 Whatever
1475 2451 63 17 meets
1547 2449 32 20 his
1589 2456 60 19 eager
1659 2457 52 19 eyes.

1354 2484 62 24 Then,
1427 2484 88 26 grandly
1524 2485 102 26 throwing
1635 2486 58 20 down
1711 2494 13 12 a
1742 2487 43 25 bill,

1354 2510 39 24 He,
1400 2511 70 19 victim
1480 2511 21 20 of
1509 2511 35 20 the
1551 2512 133 20 tradesman's
1694 2513 40 19 skil
1735 2510 4 28 1
1743 2529 5 9 ,

1354 2536 46 19 And
1409 2537 78 25 paying
1496 2538 57 19 twice
1562 2539 35 18 tho
1606 2539 55 25 right
1671 2541 89 23 amount,

1355 2563 85 19 Pockets
1451 2564 33 19 tho
1495 2564 78 26 change
1582 2564 26 19 he
1617 2565 54 19 foars
1682 2568 20 17 to
1718 2568 67 17 count.

1355 2597 41 20 The
1405 2602 73 21 money
1488 2597 44 21 that
1543 2605 12 13 a
1564 2597 94 22 husband
1669 2607 63 18 earns,

1355 2624 55 26 Kept
1419 2625 21 18 in
1449 2625 31 19 his
1489 2625 77 26 pocket,
1579 2626 75 26 always
1663 2626 70 26 burns,

1355 2650 45 19 And
1409 2651 32 18 till
1452 2651 32 19 it's
1494 2652 132 24 squandered,
1645 2652 40 20 lost
1701 2660 22 13 or
1738 2654 47 24 lent,

1355 2675 38 26 He,
1404 2673 107 29 somehow*
1521 2684 61 13 never
1591 2678 50 20 feels
1652 2681 87 19 content.

1354 2711 66 20 Man'.-
1433 2711 67 21 forte's
1509 2714 20 18 to
1538 2718 52 19 earn,
1598 2712 38 20 but
1644 2716 34 17 not
1685 2717 21 17 to
1713 2715 73 25 spend;

1355 2734 38 23 His
1404 2745 7 11 \
1431 2738 36 19 fo's
1477 2738 97 20 ambition
1585 2741 20 17 to
1612 2739 41 20 will
1663 2741 39 19 end

1354 2764 21 19 If
1384 2764 33 19 shr
1431 2764 3 28 ;
1438 2771 32 13 oes
1478 2771 73 19 money
1558 2764 39 27 slip
1603 2771 58 21 away

1355 2790 57 20 With
1423 2790 58 20 ('.obts
1491 2792 114 26 increasing
1614 2792 40 26 day
1663 2793 28 26 by
1700 2793 46 27 day.

1355 2824 26 19 So
1390 2825 25 19 he
1427 2832 11 11 \.
1445 2824 49 21 ho'll
1503 2826 69 25 wisely
1579 2826 46 19 lead
1635 2827 54 20 alifo

1355 2850 26 20 Of
1389 2851 78 26 perfect
1475 2852 50 19 bliss
1536 2852 41 20 will
1586 2852 28 20 lot
1623 2853 32 19 his
1665 2854 47 20 wife

1355 2877 28 19 Be
1393 2880 107 23 treasurer,
1511 2885 21 13 as
1541 2880 73 18 naturo
1623 2881 75 24 meant,

1354 2903 47 20 And
1410 2910 42 14 owe
1462 2910 25 14 no
1498 2911 46 13 man
1555 2912 11 13 a
1576 2905 66 26 single
1652 2908 51 18 cent.

1586 2932 55 20 —H.
1649 2932 21 20 C.
1681 2933 78 20 Dodge.

1416 2990 18 20 A
1447 2990 110 21 CLEVER
1564 2991 155 21 SWINDLER.

1456 3041 120 20 AIIBESTKD
1586 3047 26 14 AT
1623 3047 9 14 I
1639 3047 43 16 A.BT.

1383 3075 17 21 A
1411 3075 87 20 London
1508 3073 97 28 despatch
1625 3084 25 12 on
1661 3077 59 26 April
1739 3077 47 20 28th

1357 3103 100 19 mentions
1477 3102 34 20 the
1528 3105 66 17 arrest
1612 3105 21 17 at
1653 3103 95 21 Dresden
1767 3104 21 20 of

1357 3129 47 20 Eric
1422 3127 98 26 Dickson,
1540 3129 48 20 alias
1612 3130 29 20 M.
1661 3130 87 21 Frances
1759 3131 30 19 Le

1357 3155 59 24 Feke,
1425 3155 23 20 of
1459 3155 85 24 Belfast,
1555 3155 38 20 and
1605 3163 11 13 a
1627 3163 57 13 score
1700 3157 21 19 of
1731 3157 59 19 other

1356 3188 74 14 names.
1458 3181 42 21 The
1508 3182 57 20 other
1575 3181 38 27 day
1625 3183 90 21 Dickson
1725 3183 65 20 c.tlled

1357 3215 25 13 on
1392 3209 36 20 the
1438 3208 77 20 British
1526 3209 77 19 Consul
1612 3209 22 19 of
1644 3210 94 20 DreaJon
1757 3210 32 20 for

1358 3235 33 20 the
1400 3242 87 19 purpose
1496 3235 21 19 of
1525 3235 106 25 obtaining
1641 3242 105 20 passpoics
1756 3237 33 19 for

1358 3262 79 24 Bussia,
1449 3261 20 21 in
1480 3263 88 25 support
1583 3262 22 20 of
1625 3263 65 20 which
1709 3263 25 20 ho
1745 3270 33 18 pro-

1358 3288 64 20 duced
1432 3289 74 19 letters
1517 3288 21 20 of
1546 3289 164 25 naturalisation,
1727 3290 62 20 which

1357 3315 34 20 the
1411 3315 76 20 Consul
1505 3315 21 19 at
1543 3322 49 12 once
1607 3322 40 14 saw
1666 3322 52 14 were
1734 3316 55 20 false.

1359 3341 41 21 The
1421 3341 76 21 Consul
1511 3342 162 20 communicated
1690 3342 48 20 with
1755 3343 35 20 the

1360 3368 68 25 police,
1448 3369 44 19 who
1520 3369 103 25 prompt'y
1644 3369 92 20 arrested
1756 3369 34 20 the

1360 3395 123 25 fascinating
1493 3398 98 22 stranger,
1602 3395 42 20 who
1655 3396 72 25 proved
1737 3399 20 17 to
1765 3396 25 20 be

1360 3421 33 21 the
1404 3421 133 26 long-ROtight
1546 3421 146 21 international
1698 3422 93 20 swindler

1359 3448 32 20 for
1399 3448 64 20 whom
1474 3447 34 20 tho
1518 3447 65 25 police
1602 3449 21 19 of
1642 3452 21 16 at
1682 3449 51 20 least
1752 3449 39 20 five

1359 3474 103 21 countries
1474 3474 21 20 of
1504 3474 82 26 Europe
1594 3478 50 17 have
1651 3476 50 19 been
1710 3476 81 25 looking

1360 3501 19 19 in
1395 3501 53 19 vain.
1477 3501 108 20 Dickson's
1623 3503 42 19 real
1689 3509 58 13 name
1774 3502 17 20 is

1360 3527 88 20 believed
1463 3529 20 18 to
1494 3527 26 20 be
1540 3527 117 21 Ferdinand
1676 3529 115 26 Kodriguez

1359 3554 92 24 Alvarez,
1467 3554 97 26 formeily
1583 3561 26 13 an
1628 3555 66 20 officer
1716 3555 22 20 of
1757 3555 34 21 tho

1360 3580 134 20 Guatemalan
1504 3587 64 19 army.
1597 3580 33 21 He
1644 3582 16 19 is
1678 3589 12 13 a
1703 3581 88 28 linguist

1360 3607 21 19 of
1391 3607 120 20 marvellous
1521 3607 78 26 ability,
1611 3608 40 20 and
1661 3608 37 20 has
1716 3609 21 19 in
1757 3610 34 20 the

1359 3639 69 14 course
1466 3633 22 20 of
1521 3634 29 19 his
1578 3634 67 26 highly
1678 3637 112 19 successful

1360 3658 107 26 swindling
1494 3667 70 12 career
1592 3661 73 25 passed
1701 3663 90 20 without

1360 3686 89 24 exciting
1476 3686 101 26 suspicion
1614 3694 21 12 as
1658 3694 11 13 a
1696 3689 94 25 German,

1361 3712 130 25 Portuguese,
1499 3712 89 24 Persian,
1595 3713 74 24 Greek,
1674 3715 117 26 Bulgarian,

1360 3738 118 25 Argentine,
1506 3738 70 20 Creole
1604 3740 21 19 of
1644 3740 147 28 Mozambique,

1360 3764 106 24 Brazilian,
1485 3764 140 26 Englishmau,
1645 3767 40 19 and
1703 3768 76 20 French-

1362 3797 52 14 man.
1442 3790 38 20 His
1489 3790 78 20 victims
1577 3791 49 20 have
1634 3792 93 21 included
1734 3802 54 12 some

1361 3817 21 19 of
1392 3817 34 19 tho
1436 3817 81 25 biggest
1527 3818 70 24 people
1612 3818 21 19 of
1652 3819 83 25 Europe
1752 3821 39 19 and

1361 3850 58 19 many
1438 3843 125 23 Americans,
1584 3844 49 19 male
1651 3846 40 19 and
1708 3847 80 20 lemale.

1362 3870 53 19 Four
1442 3870 108 25 European
1583 3870 149 22 Governments
1759 3879 32 14 are

1361 3903 42 12 now
1414 3896 94 26 claiming
1515 3896 30 19 his
1555 3896 129 26 extradition,
1702 3898 37 20 but
1757 3899 34 20 the

1361 3923 65 19 Saxon
1438 3922 65 25 police
1513 3922 49 20 have
1572 3929 11 12 a
1593 3922 54 21 little
1664 3927 86 18 account
1771 3926 20 19 to

1362 3948 59 20 settle
1431 3948 49 20 with
1491 3948 40 20 him
1541 3948 52 20 fiist.

1817 92 178 23 ENCOUNTER
2008 90 80 22 WITH
2091 91 20 19 A
2133 89 90 21 RATTLE

1979 117 120 20 SNAKE

1892 176 97 19 company
1996 169 49 19 with
2055 176 11 12 a
2076 167 122 24 half-breed,
2206 167 41 19 who

1816 196 103 21 combiued
1934 195 35 20 the
1984 195 104 19 vocations
2107 193 22 19 of
2147 193 100 19 woodman

1815 223 38 19 and
1991 228 46 17 says
2056 227 11 13 a
2091 219 68 19 writer
2177 219 21 19 in
2214 219 33 19 the

1815 249 116 19 Statesman
1950 247 21 19 of
1989 246 61 20 India
2069 245 81 26 signing
2170 244 77 21 himself

1958 272 102 20 stumbled
2076 271 99 25 suddenly
2194 278 25 12 on
2237 278 10 12 a

1815 301 55 24 large
1893 299 76 24 species
1988 299 23 19 of
2027 298 35 20 the
2082 297 165 20 Crotalusmutus

1815 326 69 25 plowly
1891 325 90 26 winding
1987 325 28 20 its
2024 331 43 19 way
2074 330 73 19 among
2153 323 34 20 the
2194 323 53 26 leafy

1816 352 67 19 debris
1893 351 21 20 of
1924 351 33 20 the
1968 353 71 18 forest.

1905 384 54 13 Rome
1969 378 49 19 time
2028 377 18 19 it
2064 383 41 13 was
2124 374 84 20 difficult
2224 377 20 17 to

1815 404 78 19 discern
1903 403 35 20 the
1948 403 55 24 scaly
2020 402 54 20 folds
2093 401 23 20 of
2133 401 35 20 the
2185 401 61 20 snake

1815 430 86 25 through
1911 430 34 19 the
1955 430 70 19 brown
2037 435 53 12 mass
2109 427 22 19 of
2149 427 97 25 decaying

1815 456 85 25 foliage;
1910 456 44 22 but,
1966 456 74 23 having
2059 453 84 20 reached
2162 459 12 12 a
2193 453 53 20 clear

1814 485 52 22 spot,
1877 482 35 19 the
1926 481 73 26 reptile
2014 480 64 19 coiled
2094 479 65 20 round
2178 485 13 13 a
2208 479 36 20 low

1814 510 68 22 stump
1890 508 38 19 and
1936 506 100 26 prepared
2045 506 32 19 for
2085 506 74 19 action.
2176 504 69 21 About

1814 541 11 12 a
1834 534 49 26 yard
1895 534 22 19 of
1928 533 33 20 tho
1972 533 52 25 body
2036 534 49 17 next
2100 531 35 20 the
2145 530 51 21 head
2205 538 39 13 was

1814 560 117 19 contrasted
1938 559 44 19 into
1989 565 109 12 numerous
2107 557 61 26 sharp
2175 564 70 13 curves

1815 588 36 17 not
1872 586 70 19 unlike
1956 592 12 13 a
1991 584 118 23 coikscrew,
2133 579 59 24 while
2210 584 35 19 the

1813 612 71 25 yellow
1903 618 46 18 eyes
1964 610 91 27 gleamed
2072 609 48 20 with
2142 616 11 12 a
2169 609 75 20 baleful

1814 638 56 26 light.
1899 638 64 19 There
1973 644 40 12 was
2023 643 11 12 a
2049 636 55 20 little
2123 634 121 20 fascination

1813 665 63 19 about
1886 664 57 20 these
1957 663 53 24 orbs,
2031 663 39 19 and
2090 668 26 13 no
2137 660 107 20 mistaking

1814 691 34 19 the
1872 690 111 27 malignant
2009 688 113 20 intentions
2146 687 21 20 of
2192 687 52 20 their

1813 724 72 13 owner.

1881 743 52 20 stick
1948 741 89 27 brought
2055 741 71 20 within
2145 739 59 21 reach
2223 739 20 21 of

1813 770 45 20 that
1864 769 73 21 mortal
1945 769 37 20 coil
1990 776 39 12 was
2037 767 70 21 struck
2116 767 48 19 with
2172 767 71 19 almost

1812 797 33 19 the
1855 796 91 26 rapidity
1956 795 22 20 of
1996 794 109 26 lightning,
2126 800 26 12 no
2171 795 72 18 matter

1812 822 43 20 how
1870 822 77 27 swiftly
1967 821 126 20 withdrawn.
2135 819 47 20 This
2204 826 39 12 was

1811 849 87 20 effected
1905 849 25 24 by
1938 848 34 20 the
1979 847 159 21 instantaneous
2149 845 84 26 straight-

1811 876 62 25 ening
1883 875 22 20 of
1916 875 35 19 the
1961 874 57 20 short
2033 880 72 14 curves
2127 874 40 18 into
2177 872 65 20 which

1811 902 40 20 this
1862 901 80 26 portion
1952 901 21 19 of
1982 901 35 20 the
2024 901 52 24 body
2086 899 40 20 had
2137 899 50 19 been
2196 905 36 13 con-

1811 928 77 20 tracted
1937 928 55 20 Even
2017 927 34 19 the
2071 926 47 25 wily
2137 932 106 19 mongoose

1811 954 65 20 would
1884 954 51 20 have
1944 953 77 21 needed
2034 953 28 20 all
2081 953 31 19 his
2131 951 72 27 agility
2221 954 21 17 to

1810 981 57 19 avoid
1877 981 35 19 the
1922 980 70 25 deadly
2008 979 68 20 stroke
2086 979 18 19 if
2120 985 49 13 once
2184 978 46 20 with-

1810 1007 19 20 in
1840 1014 69 19 range.
1950 1006 42 20 The
2011 1005 58 20 reach
2089 1012 41 13 was
2146 1005 62 20 about
2231 1012 11 12 a

1811 1034 56 25 yard,
1886 1033 39 20 and
1945 1033 33 19 the
1996 1032 77 20 assault
2088 1038 42 13 wati
2142 1031 99 20 delivered

1810 1059 132 26 horizontally
1950 1066 34 13 son
1994 1065 11 13 9
2014 1059 34 19 6io
2058 1058 54 20 from
2121 1057 34 21 the
2163 1058 77 25 ground

1808 1086 85 26 directly
1903 1085 87 21 towards
2002 1085 35 20 the
2046 1084 105 21 assailant.

1860 1113 42 19 The
1926 1112 79 24 hunter,
2028 1113 45 18 who
2092 1111 39 20 had
2150 1111 90 20 hithorto

1808 1139 49 26 kept
1872 1141 21 18 at
1909 1146 12 13 a
1937 1137 110 28 respectful
2062 1138 96 23 distance,
2177 1144 20 13 as
2217 1138 24 20 he

1803 1158 1 33 I
1808 1165 78 26 alleged
1901 1165 35 21 the
1950 1164 63 21 Bnako
2032 1164 61 21 could
2117 1164 70 26 spring
2203 1171 38 13 was

1808 1192 115 24 eventually
1951 1191 113 27 persuaded
2091 1191 22 19 to
2139 1190 100 26 approach

1808 1218 122 26 sufficiently
1940 1225 49 13 near
2004 1216 80 26 enough
2104 1219 19 18 to
2143 1216 62 21 strike
2224 1218 17 19 it

1806 1245 49 20 with
1870 1252 11 13 a
1900 1244 88 21 ten-foot
2002 1244 53 26 pole.
2089 1243 30 19 At
2142 1243 35 20 the
2196 1244 44 19 first

1806 1272 51 19 blow
1867 1271 35 21 tho
1911 1271 64 20 heavv
1985 1270 50 21 coils
2050 1270 83 20 relaxed
2142 1270 52 19 from
2205 1270 35 20 the

1806 1301 73 23 itump,
1903 1298 39 19 and
1966 1298 35 19 the
2025 1299 92 18 creature
2136 1297 100 25 appeared

1804 1325 50 20 dead
1863 1332 21 13 or
1891 1324 94 20 stunned.
2080 1323 67 19 wiiter
2156 1324 21 18 at
2187 1329 49 14 once

1804 1352 84 26 grasped
1896 1350 35 21 the
1941 1350 50 21 neck
2006 1350 63 20 about
2077 1350 35 19 2in
2131 1349 51 20 from
2199 1349 35 21 the

1805 1378 55 24 head,
1875 1377 40 20 and
1931 1377 64 20 raised
2018 1376 35 20 the
2075 1376 73 25 reptile
2166 1376 67 26 partly

1804 1404 54 19 from
1869 1404 34 20 the
1917 1404 78 25 ground
2011 1405 21 17 to
2053 1409 92 13 examine
2159 1403 23 19 it.
2211 1404 27 19 As

1806 1430 77 26 though
1904 1430 116 26 galvanised
2044 1428 44 20 into
2105 1428 35 20 Jife
2156 1428 27 26 by
2201 1429 34 20 tho

1804 1458 69 24 touch,
1884 1457 34 20 the
1929 1456 90 21 crotalus
2036 1455 80 20 seemed
2126 1458 21 17 at
2157 1462 50 13 onco
2217 1458 21 17 to

1804 1490 80 14 recover
1895 1483 26 20 its
1930 1484 97 24 energies,
2044 1482 38 19 and
2094 1481 78 27 swiftly
2182 1482 56 20 made

1804 1517 11 13 a
1825 1510 72 26 couple
1904 1510 22 20 of
1935 1512 56 18 turns
2010 1508 66 21 round
2084 1508 35 19 tho
2130 1508 57 26 thigh
2198 1510 40 19 and

1805 1536 54 26 right
1869 1543 42 14 arm
1923 1536 20 21 of
1954 1536 26 20 its
1991 1535 66 20 would
2070 1534 23 20 be
2099 1537 78 23 captor.
2197 1535 41 20 The

1805 1563 135 25 constricting
1950 1569 67 19 power
2027 1561 103 21 exercised
2142 1568 38 14 was
2189 1562 47 19 such

1806 1590 46 20 that
1862 1590 36 20 the
1907 1590 52 20 hand
1971 1588 95 26 grasping
2077 1588 34 19 the
2121 1588 51 21 neck
2189 1595 47 14 soon

1808 1618 63 24 began
1883 1619 20 18 to
1914 1616 42 21 lose
1973 1622 73 19 power,
2060 1614 38 21 and
2119 1614 33 21 the
2171 1614 65 23 writer

1804 1643 85 22 realised
1900 1643 34 21 the
1944 1642 99 21 awkward
2055 1640 136 27 predicament
2206 1642 20 21 in-

1804 1673 21 18 to
1839 1670 65 21 which
1922 1670 30 21 his
1973 1668 96 27 temerity
2092 1668 38 21 had
2144 1668 33 21 led
2196 1668 38 21 him

1806 1698 66 19 Little
1891 1697 59 20 could
1964 1697 25 20 ba
2011 1696 52 20 done
2078 1695 47 20 with
2145 1696 35 19 the
2194 1696 42 20 free

1804 1724 39 20 left
1867 1724 60 24 hand,
1952 1722 60 21 while
2035 1722 35 20 the
2086 1722 61 26 'scaly
2166 1722 70 21 terror'

1806 1752 61 25 began
1886 1751 69 25 slowly
1976 1753 20 16 to
2011 1750 105 19 withdraw
2138 1749 28 20 its
2188 1750 48 19 head

1806 1778 50 19 from
1868 1776 34 21 the
1912 1778 91 24 relaxing
2018 1782 59 20 grasp
2093 1777 21 18 of
2126 1776 33 19 the
2167 1776 60 25 right.

1900 1811 53 12 some
1969 1803 84 20 seconds
2073 1802 35 20 tho
2128 1802 109 26 trembling

1806 1831 102 20 woodman
1924 1830 101 26 appeared
2039 1829 47 19 deaf
2096 1831 21 17 to
2137 1831 100 23 entreaty,

1806 1858 39 19 and
1857 1857 59 20 could
1927 1860 35 17 not
1972 1857 24 19 be
2015 1856 111 26 persuaded
2136 1857 20 18 to
2177 1857 61 24 apply

1805 1891 12 12 a
1826 1891 60 13 noose
1897 1884 21 19 of
1930 1884 52 19 liana
1992 1886 21 16 to
2033 1882 35 19 the
2078 1881 80 20 snake's
2180 1882 57 19 neck.

1806 1912 40 19 The
1857 1911 78 23 largest
1942 1910 92 25 serpents
2043 1909 80 19 become
2133 1908 104 26 paralysed

1807 1938 54 19 when
1872 1936 93 27 properly
1972 1935 81 24 noosed,
2062 1935 40 19 and
2110 1941 34 14 are
2151 1935 87 26 dragged

1806 1964 60 26 along
1876 1964 34 19 the
1920 1962 79 27 grouud
2015 1969 20 12 as
2046 1961 85 26 helpless
2147 1968 21 13 as
2178 1968 11 13 a
2199 1962 39 25 log.

1806 1991 48 19 Just
1864 1997 21 13 as
1896 1990 34 19 the
1943 1988 79 21 snako's
2032 1988 52 20 head
2093 1988 77 20 seemed
2178 1988 61 19 about

1805 2020 20 17 to
1836 2017 54 20 loose
1900 2016 87 25 through
1999 2016 35 19 the
2051 2015 88 19 numbed
2158 2014 80 26 fingers,

1806 2044 32 19 the
1851 2043 44 20 half
1905 2042 49 21 bred
1964 2041 87 22 screwed
2065 2048 28 19 up
2105 2041 30 20 his
2154 2048 84 19 courage

1806 2070 122 24 sufficiently
1948 2071 20 18 to
1991 2068 62 26 apply
2077 2068 35 20 the
2135 2068 59 24 liana,
2218 2075 21 13 vs

1806 2096 96 24 directed,
1923 2096 48 19 with
1995 2097 34 17 the
2054 2094 63 20 result
2141 2094 45 20 that
2205 2094 34 20 the

1806 2124 60 19 brute
1883 2126 22 15 at
1921 2129 50 12 once
1981 2121 83 20 relaxed
2081 2121 30 19 its
2130 2121 55 23 coils,
2199 2121 39 19 and

1806 2157 38 12 was
1856 2149 87 26 dragged
1959 2150 21 18 to
1999 2155 12 13 a
2029 2151 83 20 stream,
2131 2147 55 25 hung
2205 2154 33 19 up,

1805 2176 39 20 and
1863 2175 93 20 skinned.
1984 2175 22 19 It
2025 2174 105 20 measured
2149 2173 33 21 Bft
2199 2174 32 20 sin

1804 2203 40 20 and
1855 2209 40 13 was
1905 2202 62 19 about
1981 2208 23 13 as
2020 2200 56 20 thick
2088 2201 21 19 in
2119 2201 35 19 the
2164 2201 75 25 largest

1806 2232 45 24 part
1862 2228 21 20 of
1893 2228 35 21 tho
1937 2228 53 26 body
2001 2235 21 13 as
2030 2227 36 20 the
2073 2227 42 20 calf
2121 2227 22 20 of
2154 2234 10 13 a
2175 2227 64 20 man's

1806 2258 37 24 leg.

1900 2281 65 26 fangs,
1990 2281 64 20 which
2074 2286 52 15 were
2142 2280 97 28 carefully

1804 2308 111 25 extracted,
1935 2308 104 20 measured
2059 2308 48 23 liin
2124 2308 20 20 in
2163 2309 76 25 length,

1806 2337 37 20 and
1855 2342 52 13 were
1926 2335 71 20 hollow
2013 2337 19 17 to
2057 2334 72 20 within
2153 2342 11 13 a
2182 2335 58 20 Bhort

1806 2364 90 19 distance
1907 2362 21 20 of
1949 2362 33 20 the
1997 2361 60 26 point
2072 2361 73 25 where,
2163 2369 26 13 on
2204 2362 35 20 the

1805 2396 58 13 inner
1881 2388 48 26 side,
1953 2388 32 27 lay
2009 2388 35 20 the
2067 2388 69 20 orifice
2151 2388 88 26 through

1806 2416 63 20 which
1878 2416 36 19 the
1924 2415 72 27 poison
2013 2422 41 12 was
2064 2415 78 25 ejected
2161 2415 27 26 by
2205 2416 34 19 tbe

1805 2444 68 19 action
1881 2442 21 20 ef
1911 2443 34 19 the
1953 2442 46 20 base
2010 2441 20 19 of
2046 2441 33 20 the
2095 2441 52 26 fang
2162 2448 26 14 on
2204 2441 35 21 the

1806 2470 58 19 small
1875 2469 37 25 bag
1922 2469 21 19 in
1964 2468 63 20 which
2047 2468 17 19 it
2083 2475 40 13 was
2143 2469 96 20 secreted.

1806 2497 32 20 On
1849 2496 108 26 squeezing
1964 2495 35 19 the
2010 2496 38 23 bag
2056 2502 11 12 a
2077 2495 59 19 small
2146 2495 92 26 quantity

1804 2524 22 19 of
1837 2524 110 25 poison—a
1963 2522 104 25 yellowish
2087 2521 152 27 fluid—passed

1804 2550 59 19 down
1881 2549 34 20 the
1931 2549 72 19 hollow
2027 2548 21 20 in
2065 2547 35 20 the
2116 2549 64 23 tooth,
2199 2549 39 19 and

1806 2575 96 26 gathered
1921 2576 21 20 in
1957 2582 11 13 a
1988 2575 44 26 tiny
2050 2575 49 25 drop
2111 2575 21 20 of
2155 2582 72 13 concen-

1805 2603 66 20 trated
1883 2602 67 20 death.

1902 2629 88 20 stomach
2005 2628 108 21 contained
2124 2631 39 18 two
2175 2629 51 20 wood-

1804 2659 44 17 rats
1864 2655 64 21 about
1949 2656 35 20 the
1999 2656 40 20 size
2049 2655 22 20 of
2093 2656 73 25 guinea
2189 2656 45 25 pigs

1804 2690 37 13 one
1851 2682 94 27 partially
1955 2683 98 25 digested,
2072 2682 35 20 the
2126 2683 58 20 other
2202 2689 36 18 re-,

1804 2710 66 26 cently

1858 2778 26 19 10
1891 2777 55 20 PER
1957 2777 72 20 CENT
2039 2777 40 20 ON
2091 2777 87 20 RATES.

1832 2832 80 19 Messrs
1929 2831 82 20 Borlase
2030 2830 40 20 and
2089 2830 98 21 Barnicot
2206 2830 33 20 tho

1807 2857 127 22 well-known
1947 2857 116 27 Wanganui
2083 2857 102 20 solicitors
2197 2857 42 19 who

1807 2888 33 17 act
1849 2885 33 19 for
1898 2884 33 20 the
2063 2883 85 21 Council
2168 2883 72 26 having

1807 2912 49 19 bem
1868 2918 8 10 n
1890 2911 11 19 k
1917 2911 10 19 tl
1940 2919 21 11 as
1973 2917 19 13 10
2005 2911 88 19 whether
2110 2910 35 20 the
2155 2911 84 18 Council

1816 2949 8 9 a
1837 2939 66 19 b„uud
1915 2937 62 20 under
1987 2937 76 20 section
2072 2938 26 18 60
2107 2937 21 19 of
2148 2937 32 19 the
2191 2937 36 19 Eat-

1807 2966 34 25 ing
1852 2965 45 23 Act,
1910 2965 57 22 1895,
1979 2966 21 17 to
2020 2963 40 20 add
2077 2964 25 19 10
2115 2970 33 19 per
2157 2964 47 19 cout
2213 2970 26 12 on

1821 2991 73 19 vordue
1927 2993 60 21 rate),
2027 2990 50 20 have
2110 2989 75 27 replied
2218 2996 21 14 as

1807 3017 89 21 Hollows!

1833 3044 40 20 AVe
1883 3044 59 20 think
1953 3044 45 20 that
2017 3043 41 21 this
2077 3043 79 21 section
2173 3041 66 21 makes

1808 3071 34 20 the
1854 3073 32 18 ten
1898 3077 35 20 per
1944 3072 46 19 cent
2007 3071 86 19 interest
2113 3077 9 13 a
2136 3070 49 20 debt
2201 3069 38 20 due

1808 3100 20 18 to
1842 3097 36 20 the
1896 3097 91 24 Council,
2010 3097 39 20 and
2065 3097 47 19 that
2129 3100 17 16 it
2160 3096 79 23 should,

1809 3125 39 19 like
1858 3131 39 19 any
1908 3124 56 20 other
1979 3124 54 23 debt,
2053 3123 25 20 be
2093 3123 107 21 recovered
2223 3123 17 19 if

1807 3151 96 26 possible.
1936 3151 36 21 VVe
1987 3151 26 19 do
2023 3151 37 19 not
2077 3150 58 20 think
2147 3150 42 20 that
2206 3149 33 20 the

1809 3178 54 20 word
2044 3177 78 24 implies
2142 3177 44 19 that
2206 3176 33 20 the

1808 3205 83 19 Council
1903 3204 71 20 should
1985 3203 69 21 decide
2071 3203 21 19 in
2113 3205 44 18 each
2178 3203 51 26 parti-

1806 3231 56 20 cular
1872 3238 45 13 case
1926 3238 24 13 as
1961 3233 20 17 to
1992 3230 88 20 whether
2090 3230 16 19 it
2125 3230 16 19 is
2160 3230 68 25 expedi-

1806 3260 36 16 ent
1850 3260 21 16 to
1881 3257 81 21 enforce
1974 3257 33 20 the
2018 3257 25 19 10
2054 3263 36 19 per
2098 3258 46 18 cent
2152 3256 87 26 penalty,

1809 3284 33 20 All
1853 3285 60 19 debts
1924 3284 38 20 due
1971 3285 22 18 to
2003 3283 36 21 the
2049 3279 85 24 Council
2145 3290 34 13 are-

1945 3311 38 19 but
1993 3317 29 13 we
2032 3311 46 24 only
2098 3309 58 20 know
2167 3309 21 20 of
2202 3312 38 18 two

1809 3344 54 13 cases
1873 3337 67 20 where
1950 3337 35 20 the
1995 3337 85 19 Council
2093 3336 15 20 is
2119 3335 91 27 justified
2220 3337 20 19 in

1809 3365 36 18 not
1856 3363 70 26 taking
1936 3364 35 19 the
1993 3363 97 26 ordinary
2105 3366 54 23 steps
2169 3365 21 17 to
2210 3369 20 14 re-

1809 3397 58 13 cover
1878 3391 49 19 such
1937 3390 63 20 dobts.
2028 3391 42 19 The
2086 3389 46 20 first
2140 3396 17 13 is
2177 3390 63 20 under

1809 3417 76 19 section
1897 3418 38 18 149
1946 3417 21 19 of
1976 3417 35 19 the
2021 3416 116 25 Municipal
2157 3416 72 25 Corpor-

1809 3443 65 20 ations
1893 3444 48 20 Act.
1965 3443 64 20 which
2049 3444 71 19 enacts
2143 3442 45 20 that
2207 3443 33 19 the

1809 3469 86 21 Council
1914 3476 45 19 may
1974 3470 60 20 remit
2057 3471 53 18 rates
2127 3476 56 19 upon
2206 3469 34 20 the

1809 3496 78 25 ground
1895 3496 22 20 of
1924 3497 96 19 'extreme
2026 3496 112 19 individual
2150 3496 90 25 poverty'

1809 3523 39 19 and
1859 3523 34 19 the
1903 3523 72 19 second
1987 3523 15 19 is
2013 3522 64 20 under
2085 3523 75 19 section
2171 3523 38 19 223
2219 3523 21 19 of

1811 3549 33 20 the
1859 3556 54 13 same
1930 3550 47 23 Act,
1993 3549 63 19 which
2076 3555 110 19 empowers
2207 3549 33 19 tho

1811 3576 83 20 Council
1905 3577 21 18 to
1936 3576 114 25 compound
2059 3575 49 20 with
2119 3582 40 19 any
2168 3582 72 19 person

1809 3602 21 20 in
1840 3604 80 24 respect
1929 3604 21 18 to
1959 3609 39 18 any
2009 3602 50 20 dobt
2068 3603 40 19 due
2115 3603 22 17 to
2147 3601 34 20 the
2193 3602 35 19 Cor-

1811 3629 99 26 poration
1952 3629 41 19 Tho
2013 3629 45 19 first
2077 3635 45 14 case
2138 3634 36 14 can
2194 3628 46 26 only

1810 3662 62 12 occur
1882 3655 64 19 under
1957 3655 34 20 the
2006 3662 47 19 very
2063 3655 76 26 special
2158 3655 71 20 circum-

1810 3685 79 16 stances
1901 3682 113 19 mentioned
2025 3681 21 19 in
2065 3682 35 19 tho
2115 3681 75 20 section
2202 3681 38 20 and

1810 3708 33 20 the
1854 3708 113 26 provisions
1978 3708 21 19 of
2009 3710 78 18 section
2103 3709 40 18 223
2164 3715 33 13 are
2206 3711 34 15 not

1809 3735 96 19 intended
1927 3737 22 17 to
1977 3735 62 25 apply
2070 3737 72 21 except
2170 3735 70 23 where,

1811 3761 85 25 through
1908 3768 52 12 some
1971 3761 66 19 doubt
2044 3768 22 12 as
2076 3763 21 17 to
2108 3757 34 24 the
2152 3761 88 20 debtor's

1811 3787 83 26 liability
1906 3794 23 12 or
1938 3787 31 19 for
1987 3787 58 20 other
2060 3787 76 20 similar
2154 3795 86 17 reasons,

1809 3813 17 20 it
1842 3813 18 20 is
1882 3814 108 26 expedient
2014 3814 47 19 that
2084 3821 12 12 a
2113 3815 127 26 compromise

1811 3840 70 19 should
1903 3841 23 18 be
1940 3840 91 20 effected.
2081 3841 39 19 We
2141 3841 99 20 therefore

1811 3866 58 19 think
1880 3866 44 19 that
1934 3867 33 19 the
1991 3868 27 19 10
2033 3874 36 19 per
2092 3869 47 18 cent
2159 3868 81 25 penalty

1810 3892 73 19 should
1893 3892 24 20 be
1928 3893 67 20 forced
2007 3893 21 20 in
2039 3900 58 19 every
2112 3900 50 14 case.

1030 32 59 23 THE
1101 33 61 22 HOT
1176 31 67 30 LAKE
1260 31 16 30 3
1293 31 167 30 CHRONICLE,
1475 34 196 27 WEDNESDAY,
1701 33 78 23 JUNE
1793 34 33 26 25,
1838 31 59 25 1895,

78 2814 6 5 '
93 2815 44 13 wiso
146 2816 63 21 prove,
218 2812 40 19 and
266 2812 33 20 the
309 2813 74 21 foolish
390 2820 34 14 con-

90 2835 3 25 •
101 2835 50 20 their
158 2838 80 19 conduct
248 2839 44 20 that
301 2846 12 13 a
322 2840 35 19 life
364 2841 22 19 of
395 2847 27 13 om-

73 2863 44 18 '•ent
122 2862 17 19 is
147 2862 32 21 the
186 2865 44 25 only
235 2865 35 20 life
277 2867 64 19 worth
346 2867 89 26 leading,

45 2889 65 24 j'.'fiiey.

47 2920 15 32 ■'
71 2920 14 21 is
103 2922 33 20 the
148 2925 110 21 unmarried
275 2926 46 26 lady
338 2926 44 22 who
397 2934 38 14 can

73 2947 7 9 v
87 2954 19 13 or
111 2949 55 20 sister
174 2951 64 25 points
248 2959 25 13 on
282 2953 33 20 the
322 2956 31 17 art
363 2954 21 19 of
390 2954 47 21 how

138 2982 12 14 a
158 2977 96 22 husband.

51 3008 10 14 ''
78 3015 25 29 2P
118 3017 26 19 up
158 3011 49 27 hope
225 3013 20 20 in
268 3014 38 20 bad
316 3015 53 21 time.
401 3016 36 22 We

78 3037 33 19 'he
120 3043 49 15 same
179 3045 37 14 sun
230 3041 38 19 and
278 3041 36 26 sky
324 3043 39 19 and
373 3037 64 30 stars;

70 3068 45 14 •nme
125 3064 42 21 God
181 3066 37 19 and
317 3070 40 18 and
367 3069 70 24 truth;

45 3093 10 12 n
64 3095 51 14 wme
124 3091 63 21 duties
197 3093 37 19 and
245 3093 34 21 the
289 3100 52 15 same
351 3096 86 26 helpers.

45 3116 33 27 '■.-••"
88 3116 46 21 thou
147 3118 19 20 in
175 3119 108 21 God.—Dr
293 3121 92 22 Goodell.

87 3158 16 12 Ie
114 3152 49 21 chief
172 3157 63 18 secret
243 3155 22 20 of
274 3157 84 20 comfort
372 3158 36 21 lies
418 3158 21 20 in

79 3177 81 28 offering
169 3181 61 20 trifles
239 3184 21 17 to
270 3189 35 14 vex
315 3191 30 17 us,
362 3185 39 20 and
418 3185 20 20 in

87 3205 40 25 utly
131 3206 117 28 cultivating
254 3215 36 14 our
296 3210 142 26 undergrowth

64 3231 53 20 •>inall
134 3233 104 26 pleasures,
256 3236 54 21 since
335 3243 48 21 very
400 3238 38 20 few

47 3264 19 9 '■~
71 3260 7 13 l
96 3264 49 20 ones,
162 3260 52 21 alas!
230 3269 35 14 are
295 3263 29 20 let
350 3271 25 13 on
390 3265 50 25 long

52 3321 4 31 *
84 3324 64 22 rmany
157 3321 64 21 boaßts
231 3323 34 20 the
271 3323 108 21 healthiest
385 3331 55 21 army

165 3347 88 27 Belgium
267 3349 17 21 is
299 3351 72 19 second
389 3351 51 26 best,

77 3372 82 25 England
169 3380 61 14 comes
240 3376 19 19 in
270 3376 61 22 third.

56 3401 13 14 n
137 3410 32 14 use
193 3405 32 19 the
248 3407 44 20 first
316 3411 61 17 water
395 3409 47 21 that

44 3434 26 8 '•"
75 3435 21 13 -b
103 3428 48 21 from
161 3431 32 20 the
202 3434 40 24 tap.
269 3433 20 20 It
298 3433 35 22 has
343 3435 48 20 been
400 3436 21 20 in
430 3443 12 14 a

83 3460 21 14 or
113 3455 41 21 iron
164 3457 43 26 pipe
216 3460 26 19 all
251 3459 63 28 night,
324 3462 38 19 and
378 3462 17 21 is
405 3464 37 19 not

51 3481 72 20 e-.uful.

56 3516 39 19 ~-e
110 3518 92 21 sandwich
212 3529 42 13 men
268 3523 21 19 oF
308 3524 81 21 London
409 3531 33 14 arc

45 3543 12 8 -'
72 3544 61 19 ~:ated
142 3546 20 17 to
170 3548 80 20 number
258 3551 69 24 15,000

72 3581 4 27 :
84 3586 10 13 e
103 3581 112 25 population
225 3585 21 19 of
254 3585 31 21 the
294 3587 56 20 earth
359 3587 83 21 doubles

78 3607 18 22 |Q
104 3612 60 19 years.

108 3641 11 19 *
121 3642 36 19 GI6
176 3645 18 17 tn
196 3651 31 13 ere
251 3653 48 14 were
329 3649 48 26 only
404 3651 38 19 350

44 3673 19 8 '■••
75 3667 42 20 -ish
126 3668 67 26 people
200 3670 19 20 in
229 3672 63 21 North
301 3674 97 23 America.

56 3709 33 13 --i
99 3709 82 21 average
190 3707 20 19 of
219 3709 49 20 1000
274 3709 43 27 pigs
334 3718 33 15 are
384 3714 58 19 eaten

82 3730 62 19 indon
153 3732 55 26 daily.

75 3764 24 20 '-e
117 3764 98 23 Montreal
236 3769 86 28 Knights
341 3774 21 20 of
377 3774 65 21 Labor

47 3798 5 3 •
60 3798 6 3 -
77 3792 3 34 •
91 3792 70 24 passed
174 3799 11 13 a
191 3795 103 22 resolution
312 3800 130 26 condemning

80 3819 86 24 attempt
176 3821 19 17 to
204 3821 67 22 reduce
278 3824 31 20 the
318 3833 34 18 age
359 3826 21 20 of
390 3827 52 20 child

49 3844 33 18 l.o'
92 3850 21 14 in
122 3844 91 22 factories
223 3847 48 22 from
286 3851 21 20 14
316 3854 20 18 to
346 3854 30 19 12.

54 3879 64 20 ".'■•ere
127 3885 32 14 are
169 3882 21 17 at
196 3885 78 21 present
284 3885 57 21 about
359 3888 83 25 125,000

45 3911 37 4 ---•
103 3904 22 21 in
150 3906 33 19 tho
204 3907 83 23 Russian
309 3919 58 20 army.
395 3914 47 20 This

72 3930 43 22 bet
126 3932 89 21 includes
233 3934 33 21 the
282 3938 68 23 46,000
367 3940 75 21 Jewish

44 3957 97 27 jmcripts
151 3958 65 21 drawn
227 3960 39 21 last
272 3963 69 27 spring.

66 4014 110 19 •■ibEcribeis
191 4014 42 20 will
248 4015 62 25 please
322 4018 52 22 leave
390 4025 52 17 word

85 4047 11 12 e
105 4040 59 26 office,
178 4041 68 20 should
259 4042 46 26 they
323 4049 32 15 not
371 4049 72 19 receive

73 4072 6 13 f
85 4073 61 19 paper
155 4068 101 27 regularly,
266 4069 38 20 and
313 4071 31 19 the
352 4074 90 22 omission

46 4099 21 12 i.:
78 4093 22 20 be
111 4094 128 27 immediately
253 4096 89 23 rectified.

1387 4000 51 19 Fuel
1457 4006 36 19 gas
1512 4000 21 19 of
1550 4000 54 25 good
1621 4001 79 25 quality
1709 4002 17 19 is
1735 4002 58 20 made

1364 4032 43 13 rom
1427 4026 60 19 crude
1505 4025 113 26 petroleum
1644 4026 21 19 in
1691 4027 101 25 Canisteo,

1361 4051 61 24 N.Y.,
1433 4052 41 19 and
1483 4051 44 20 sold
1544 4051 33 20 for
1586 4053 24 17 25
1628 4054 56 18 cents
1694 4059 35 19 por
1737 4055 55 23 1,000

1361 4077 47 20 feet.
1436 4077 44 20 The
1498 4080 42 18 cost
1557 4078 17 19 is
1590 4077 44 21 said
1652 4080 20 18 to
1691 4079 26 20 bo
1735 4080 38 20 but
1783 4082 10 17 8

1362 4105 55 19 cents
1424 4110 37 19 per
1472 4104 66 23 I,ooof
1540 4105 36 19 eot.

1829 3967 43 14 Pure
1879 3967 54 15 Blood
1945 3972 13 9 is
1971 3967 28 15 tho
2010 3968 52 16 secret
2078 3968 18 14 of
2106 3968 109 17 health.—Dr
2228 3970 14 15 E

1811 3985 82 16 Gordon's
1901 3986 75 15 BLOOD
1984 3987 64 16 PILLS
2055 3987 64 15 clcanes
2126 3988 28 15 the
2161 3989 61 19 system
2225 3989 17 16 of

1811 4005 21 15 all
1840 4005 64 19 impure
1912 4005 53 18 blood,
1971 4011 40 11 euro
2017 4007 106 19 Indigestion,
2130 4007 112 20 Constipation

1811 4024 48 16 Liver
1876 4023 107 21 Complaints,
2000 4026 22 15 Pn
2026 4023 4 21 ;
2031 4031 20 7 '««
2067 4027 17 11 -in
2102 4026 43 12 Km>v
2164 4033 8 5 n
2175 4028 21 10 -,.i
2208 4028 34 10 =m„

1811 4044 105 17 Btllousucss,
1928 4043 38 16 Siek
1978 4043 44 18 Heat

1811 4062 80 19 Surofula,
1900 4062 69 20 Scurvy,
1976 4064 32 16 uto.
2029 4062 2 20 .

1811 4082 32 19 10s;
1850 4082 37 19 post
1893 4081 40 17 free.
1955 4083 16 15 J.
1983 4083 27 16 W.
2019 4083 88 17 Glayton
2118 4085 32 15 bos
2158 4085 27 16 231

1813 4101 43 16 edin.

541 4193 129 54 Ask
694 4193 94 53 for
821 4193 327 54 Hanccok's
1179 4193 348 55 Celebrated
1559 4204 207 46 XXXX
1810 4196 144 55 Ales
1980 4195 118 55 and
2124 4196 191 55 Stout.

2263 80 1 30 j
2296 80 77 21 Bisboo
2383 82 93 23 S'antoD,
2488 80 21 19 of
2519 80 120 25 Newcastle,
2647 80 47 21 New

2263 100 1 33 I
2269 106 65 20 South
2353 107 76 24 Wales,
2448 107 17 19 is
2494 106 71 20 alarmr
2574 106 8 19 1
2613 108 22 18 at
2662 107 32 19 the

2269 132 86 20 number
2361 133 21 19 of
2390 133 88 19 divorces
2487 139 44 13 now
2538 132 61 25 being
2605 139 49 17 gran
2666 133 28 19 ed.

2263 153 1 30 !
2269 158 33 20 He
2312 164 46 19 says
2368 159 32 18 the
2418 159 136 19 recklessness
2573 157 47 21 with
2634 158 60 20 which

2267 190 68 19 young
2356 185 75 23 people,
2450 184 65 20 whoße
2531 184 114 20 characters
2664 191 30 13 are

2268 209 114 23 unformed,
2393 210 48 18 rush
2450 210 43 18 into
2504 211 97 24 marriage
2615 210 16 19 is
2651 210 43 25 only

2267 235 92 25 equalled
2366 235 26 25 by
2399 235 51 19 their
2455 236 58 18 haste
2523 238 21 16 to
2554 236 48 19 seek
2610 236 84 20 divorce.

2293 270 42 19 The
2363 269 45 19 mail
2432 270 62 18 coach
2531 270 117 24 proprietor
2676 272 18 17 at

2267 295 131 23 Condobolin,
2408 294 80 25 against
2497 295 64 20 whom
2574 302 54 13 some
2646 296 48 20 New

2267 322 63 20 South
2338 321 71 20 Wales
2422 320 49 20 bush
2479 321 95 19 larrikins
2592 322 49 19 have
2663 322 21 19 de-

2266 348 65 19 clared
2342 355 12 12 a
2363 347 99 23 vendetta,
2473 346 39 20 had
2521 347 29 19 his
2566 347 70 20 horses
2647 348 47 19 fired

2266 381 25 12 on
2309 374 35 19 the
2360 373 58 20 oilier
2437 373 66 22 ni~ht,
2521 373 41 19 and
2581 374 113 25 exchanged

2266 400 57 20 shots
2333 400 49 20 with
2394 406 52 13 some
2457 398 109 20 ambushed
2582 400 112 20 assailants.

2292 432 87 24 Captain
2394 430 2 26 .
2408 431 58 20 Close
2494 430 18 19 is
2535 430 118 26 instituting
2671 438 23 13 an

2265 458 66 19 action
2340 458 80 24 against
2430 456 168 26 Major-General
2609 456 85 24 Mutton,

2265 484 142 19 commandant
2417 483 22 20 of
2448 484 35 18 the
2491 483 51 18 New
2552 482 14 19 S
2572 482 46 19 juth
2627 483 67 20 Wales

2265 509 72 24 forces,
2374 509 93 25 claiming
2501 508 71 20 £SOOO
2596 508 98 26 damages.

2265 535 40 20 The
2317 537 74 18 matter
2400 541 62 14 arises
2482 537 36 17 out
2537 535 21 19 of
2578 534 34 21 the
2628 538 66 17 recent

2264 561 149 20 court-martial
2422 561 136 26 proceedings.

2283 592 56 19 Every
2345 597 37 14 pers
2392 597 12 9 11
2411 592 17 14 in
2435 592 32 15 this
2482 591 67 16 district
2574 592 58 15 should
2655 592 39 15 send

2264 615 10 10 a
2280 615 42 15 copy
2339 612 18 15 of
2370 611 29 16 tho
2413 611 41 16 New
2476 611 73 16 Zealand
2563 611 75 19 Cookery
2648 611 46 16 Book

2264 630 35 16 heir
2307 630 68 16 friends.
2397 631 15 15 A
2430 635 45 11 more
2490 630 55 16 useful
2566 632 67 17 preseut
2647 630 47 16 cov'd

2265 650 29 14 not
2299 650 21 15 ho
2333 650 128 15 found.—Advt

2781 137 113 32 Steam
2920 145 155 30 Sawmill

2714 173 153 28 MARAEROA
2907 186 110 22 OTTTEOA
3057 190 78 20 BUSH

2740 206 43 27 Beg
2792 210 20 18 to
2822 217 12 13 a
2843 210 63 26 solicit
2920 223 11 13 a
2941 224 58 16 scare
3012 222 22 18 of
3046 222 70 24 public

2870 246 109 12 nn.rvnin.rn

2714 278 73 21 Theßi
2791 307 23 17 r-

2714 355 42 21 The
2765 360 121 23 proprietors
2896 370 34 14 are
2939 372 96 22 prepared
3048 374 21 18 to
3079 380 50 16 guar

2766 410 35 19 tlio
2808 412 73 21 timber
2889 417 92 25 supplied
2988 421 26 26 by
3028 424 60 21 them.

2764 461 72 23 GOTHIC
2847 454 243 50 PICKETsTajpECIALITY.

2714 506 95 29 Delivery
2816 517 24 13 as
2847 511 88 22 directed
2941 514 22 20 in
2979 518 58 25 town,
3058 526 81 19 countrv

2858 544 23 12 or
2890 540 20 18 at
2920 541 80 21 station.

2789 572 198 37 LOWEST~CURRENT
3001 588 67 24 RATES.

2766 621 88 22 Address

2820 649 32 21 W.
2863 651 24 20 A.
2900 651 142 26 WILLIAMS

2980 681 90 22 ROTOR
3074 685 17 19 U
3093 686 23 20 A.

2756 732 27 27 J.
2804 734 49 28 w.
2876 723 266 57 wsiaLErT^

2790 789 21 20 E
2836 791 17 20 C
2879 793 23 20 H
2928 795 12 19 I
2974 797 16 19 T
3022 798 18 21 E
3072 801 16 21 0
3121 804 21 26 T,

2856 844 138 25 ROTORUA.

2740 876 69 25 Agent
2824 878 31 20 for
2867 881 34 20 the
2921 882 64 21 South
3000 885 84 22 .British
3092 889 47 22 Fire

2714 904 16 17 &
2742 904 79 20 Marine
2830 905 113 23 Insurance
2954 910 108 30 Company.

2780 964 210 39 Established
3011 978 59 29 im\

2712 1040 59 18 Under
2794 1044 29 15 the
2851 1040 31 23 ,#*

2714 1062 31 17 His
2759 1063 62 18 Excel-
2848 1063 18 17 &

2712 1083 13 17 C
2736 1090 64 12 rvornor
2830 1088 10 10 *

3036 1058 2 24 '
3046 1058 96 24 -Putroiiugo

3043 1078 50 18 lew
3110 1084 28 16 tfco

3036 1101 26 20 _°f
3072 1102 22 18 *«.
3107 1101 31 21 Z.'

2777 1132 95 40 John
2907 1139 25 36 J
2936 1168 6 10 (

2780 1246 295 39 ROTORUA.

2712 1304 107 25 Estimates
2838 1311 58 25 given
2910 1313 35 22 for
2954 1316 108 30 Buildings
3078 1324 52 22 alter

2729 1334 77 20 Ution.
2815 1339 38 18 and
2863 1341 77 23 repairs
2951 1343 20 19 in
2981 1346 26 19 all
3018 1346 95 25 branches

2867 1372 21 13 or
2899 1367 34 20 the
2942 1371 62 21 trade.

2711 1392 4 38 .
2738 1392 99 28 Tainting,
2849 1395 162 35 Paperbauging,
3026 1407 41 19 and
3083 1409 26 21 G1
3111 1418 19 12 „,

2723 1450 23 13 or
2761 1450 114 22 re-paiat3d
2890 1452 40 20 and
2940 1458 90 25 re-iaped

2714 1473 57 23 Good
2779 1478 68 21 stocks
2860 1481 23 20 of
2895 1482 90 25 JWorol
2997 1488 119 27 Requisites

2806 1621 38 27 H.
2876 1623 180 35 MARTIN.

2712 1665 127 31 Saddler
2848 1674 19 24 &
2882 1672 132 33 Harness
3029 1679 107 32 Maker.

2756 1713 93 23 (Next.to
2858 1717 93 22 Larkin'a
2964 1722 51 20 Boot
3029 1724 65 24 ShopJ
3117 1729 21 7 ~

2831 1753 185 28 OHINEMUTIT.

2711 1792 61 46 a£k
2775 1793 41 21 dlea
2818 1792 4 46 '
2834 1795 69 23 B,:iJle
2905 1806 14 16 "'
2930 1799 77 22 Collars
3007 1816 5 10 '
3021 1804 27 18 &c
3050 1792 3 46 -
3064 1804 48 26 kcpt
3119 1813 20 13 m

2771 1858 35 19 All
2816 1858 131 29 descriptions
2957 1864 21 21 of
2989 1865 81 22 harness

2843 1891 56 17 made
2909 1893 21 15 to
2941 1892 63 20 ordor.

2763 1928 82 25 Repairs
2855 1931 52 21 done
2923 1934 47 19 with
2980 1936 104 26 despatch.

2711 1962 55 28 Style
2776 1967 39 19 and
2833 1968 152 29 Workmanship
3001 1976 132 23 guaranteed.

2710 2035 231 37 JECKLIN&
2962 2044 163 37 COTTER

2776 2101 113 23 -FAMILY
2920 2105 154 30 BUTCHERS,

2789 2145 72 19 Arawa
2875 2145 73 28 Streat,
2963 2148 98 28 Rotorua,

2737 2185 57 21 liaje
2806 2189 21 18 to
2838 2188 63 21 thank
2917 2191 34 20 the
2963 2193 67 24 public
3045 2195 22 19 of
3076 2194 41 21 Rut
3123 2203 8 13 a-

2711 2217 37 15 tua
2756 2213 33 20 tor
2795 2216 47 23 past
2851 2216 68 21 favors
2934 2221 41 17 and
2994 2220 35 26 beg
3046 2225 21 16 to
3085 2223 53 20 state

2712 2239 46 26 they
2769 2241 40 18 will
2820 2243 94 20 continue
2923 2247 21 17 to
2952 2250 58 15 merit
3018 2251 85 23 support
3112 2249 23 25 by

2712 2266 105 26 pronding
2836 2269 34 19 the
2891 2271 44 20 best
2954 2273 77 25 quality
3046 2275 23 19 of
3084 2281 52 15 meat

2776 2303 32 29 At
2833 2305 107 31 lowest
2965 2314 107 31 prices.

2771 2386 183 48 BBITOMART
2975 2395 116 44 HOTEL,

2713 2449 147 42 Custom
2876 2455 122 42 House
3008 2460 128 52 Stiect,

2711 2545 18 10 ni
2804 2512 243 36 AUCKLAND.

2711 2546 48 16 Oloao
2767 2548 16 15 to
2791 2548 80 23 Railway
2880 2550 69 18 Statiou
2961 2554 33 15 uud
3008 2555 42 17 I\>_
3062 2556 58 19 Office.

2732 2575 80 22 Superior
2827 2581 144 18 accommodation
2992 2584 27 16 for
3037 2585 79 18 Tour-'sts

2754 2599 95 17 Travellers
2864 2603 34 15 und
2917 2603 76 22 Couutiy
3008 2605 85 20 Farmers.

2776 2626 99 22 TERMS
2900 2630 169 23 MODERATE.

2712 2659 21 18 N
2735 2663 53 32 A?£
2805 2684 38 11 w-
2865 2664 54 18 first
2921 2675 10 2 -
2934 2671 11 11 c
2949 2667 47 18 'ass
3005 2670 93 19 brands
3114 2675 26 16 or

2732 2682 62 22 Ales,
2805 2684 85 18 Wines
2898 2689 49 15 and
2955 2689 87 21 Spirits
3051 2694 58 20 kept

2769 2731 30 42 H.
2825 2732 39 43 W.
2888 2735 192 49 NEIGHBOUR.
3098 2727 15 2 ~

2712 2851 51 25 (For
2773 2853 24 19 25
2809 2860 57 19 years
2876 2855 21 20 in
2908 2856 34 20 the
2957 2858 61 25 Atfest
3037 2862 46 20 End
3097 2863 21 21 oE

2779 2912 298 35 ROTORUA.

2811 2947 45 20 Has
2866 2949 75 26 always
2951 2959 26 12 on
2986 2953 55 21 baud

2734 2977 63 20 Best
2816 2979 109 24 English
2952 2985 94 19 Scotch
3067 2989 52 18 and

2799 3001 119 21 Colouiai
2940 3004 115 23 Tweeds.

2734 3028 70 22 Stylo
2817 3030 53 18 and
2883 3030 44 20 Fit
2947 3037 172 19 guaranteed.

2829 3060 115 20 .laekets
2968 3066 52 17 and
3042 3067 95 23 itidiuj;

2789 3082 96 18 fiaaniis
2895 3089 15 12 a
2920 3087 140 23 speciality

2714 3111 33 20 M
2754 3114 46 18 suits
2806 3116 55 18 made
2869 3119 20 16 to
2896 3118 54 18 order
2957 3121 21 17 at
2982 3121 97 20 Auckland
3086 3124 56 23 pricts

2761 3161 164 42 Rotopua
2938 3167 159 47 Libpapy.

2713 3222 113 48 OPEN
2841 3227 54 20 from
2905 3229 25 18 10
2942 3236 45 13 a.m.
2996 3232 21 18 to
3027 3232 12 18 5
3044 3239 46 18 p.m.
3102 3232 38 21 and

2773 3251 23 19 G.
2796 3251 23 19 30
2828 3258 20 13 to
2859 3255 24 18 10
2891 3262 12 18 p
2912 3262 24 12 m.
2949 3258 90 23 Sundays
3048 3258 29 20 till
3086 3260 53 24 9p.ui

2714 3282 193 24 Subscription:
2917 3286 51 19 »Os
2982 3293 47 17 per
3041 3294 98 15 aiiiium

2739 3314 87 22 Visitors
2846 3324 44 18 may
2908 3326 84 18 procure
3007 3320 66 21 Books
3089 3321 53 22 from

2714 3340 33 20 the
2763 3342 86 26 Library
2867 3351 25 12 on
2909 3345 80 26 making
3006 3354 12 12 a
3030 3347 80 26 deposit
3120 3350 22 19 of

2713 3369 36 18 not
2764 3367 39 20 less
2823 3370 47 19 (ban
2888 3373 28 22 ss,
2934 3372 39 18 and
2988 3373 121 28 purchasing
3119 3378 21 18 Is

2712 3401 80 19 coupon
2801 3395 33 20 for
2843 3403 60 19 every
2913 3397 56 21 Four
2980 3399 68 21 books.

2738 3429 42 19 The
2798 3429 86 26 Library
2902 3431 17 19 is
2943 3438 51 19 open
3018 3434 72 26 during
3108 3436 34 21 the

2712 3456 91 26 evening.

2712 3513 240 46 STEELE
2989 3520 150 43 Bros.

2749 3599 163 40 Mararoa
2940 3603 169 40 Sawmill.

2715 3655 115 31 j~)ESIRE
2853 3660 23 18 to
2888 3660 66 19 thank
2971 3662 35 17 the
3024 3663 67 20 public
3113 3663 31 18 for

2712 3679 38 15 -*-'
2774 3680 47 19 past
2830 3679 74 22 favors,
2917 3683 40 17 and
2966 3683 37 21 beg
3011 3685 21 16 to
3041 3689 101 14 announce

2712 3700 47 17 tnat
2782 3700 75 23 having
2868 3708 12 13 a
2895 3704 55 21 large
2973 3705 57 18 stock
3043 3705 22 18 of
3087 3707 44 17 well-

2712 3723 97 17 seasoned
2832 3723 104 19 first-class
2959 3725 73 19 timber
3050 3732 26 13 on
3090 3727 52 18 hand

2713 3743 50 21 they
2785 3749 34 13 are
2837 3747 98 20 prepared
2947 3747 23 18 to
2982 3747 50 19 fulfil
3042 3749 68 18 orders
3120 3751 22 16 at

2712 3765 87 19 reduced
2810 3767 61 18 rates.

2846 3853 169 22 FRUITERER,

2740 3885 55 20 Next
2804 3886 101 20 Saddler's
2920 3888 56 25 shop,
2988 3888 125 25 Ohinomutu,

2715 3919 44 19 Has
2774 3920 74 25 always
2863 3927 12 13 a
2890 3922 51 24 good
2957 3923 73 26 supply
3045 3924 21 19 of
3080 3922 60 20 Fresh

2768 3945 64 25 Fruit,
2852 3944 50 22 both
2919 3947 51 20 locnl
2993 3949 39 19 and
3055 3950 23 18 im-

2819 3973 71 25 ported
2926 3980 25 13 on
2988 3974 53 20 hand

2881 3999 19 20 A
2914 4006 12 13 i.
2940 4006 34 14 so

2833 4024 20 19 A
2875 4025 151 21 well--assorted

2767 4050 55 19 stock
2835 4051 21 18 of
2865 4051 92 24 Biscuits,
2966 4052 111 20 Confection-

2715 4081 35 19 ery
2759 4076 39 19 and
2809 4078 92 19 Summer
2910 4078 76 19 Drinks
2996 4083 20 15 at
3025 4078 111 19 Modebaxe

2336 713 18 20 0
2371 714 19 18 K
2406 715 17 19 O
2438 715 11 19 I
2464 715 18 19 A.

2418 766 124 20 PRIVATE

2267 812 226 33 BOARDING
2534 814 151 33 HOUSE

2262 923 129 20 Opposes
2409 927 50 16 toe
2477 924 127 21 Bosiiand
2615 925 71 21 (Selie

2477 953 97 19 Oppige

2260 981 47 21 And
2321 988 50 14 near
2390 984 33 20 the
2446 984 122 20 Celebrated
2592 985 46 20 PR]
2648 985 44 20 uIST

2313 1015 114 20 RACHEL
2436 1017 41 19 and
2483 1018 58 19 other
2549 1018 97 25 BATHS,

2408 1047 139 22 ROTORUA.

2284 1100 120 36 MRS
2429 1101 216 43 YOUNG,

2496 1147 143 27 Proprietress.

2377 1172 69 20 Terms
2462 1173 112 20 Moderate

2260 1384 80 20 Losses
2365 1385 54 19 Paid
2553 1387 138 25 £20,CJ0,000

2258 1435 169 23 FibePeemiuai
2437 1437 99 21 Exceeds
2566 1440 125 25 £1,50J,000

2256 1489 163 21 Accumulated
2465 1490 75 20 Funds

2255 1515 91 21 Exceed
2544 1532 5 7 .
2557 1519 89 24 .£I,CC3
2653 1522 38 19 000

2255 1567 26 26 W,
2296 1568 60 24 WARD
2364 1568 72 27 BAKER,
2507 1569 160 28 W.AWfLUAMS

2296 1595 71 22 District
2375 1594 80 27 Mf.augor,
2529 1595 48 23 Local
2592 1599 57 25 Agent-

2354 1620 92 24 Auckland.
2564 1621 79 28 Rotorua,

2454 1792 60 28 (Lato
2525 1794 21 19 of
2556 1793 134 27 Melbourne.)

2482 1828 98 27 Practical
2590 1829 72 26 Tailor.

2444 1862 134 27 'Clothes
2601 1863 89 26 made

2470 1898 33 24 to
2524 1896 85 26 order
2634 1904 39 19 on

2506 1929 140 27 shortest

2516 1964 111 25 notice.

2465 2089 56 25 Stylo
2532 2089 40 20 and
2582 2089 33 20 Fit
2625 2092 34 17 not
2670 2092 21 17 to

2401 2120 30 24 |H
2452 2116 25 19 bo
2491 2116 93 25 equalled
2596 2117 22 18 iu
2630 2119 60 17 town.

2401 2154 31 28 W
2453 2157 97 22 Address
2604 2159 56 19 Next
2670 2161 21 18 to

2452 2185 93 25 Larkius,
2559 2185 131 20 Ohinoiuuiu.

2422 2254 21 26 [a
2458 2253 71 26 cahd.]

2436 2299 27 18 O
2491 2299 21 21 A
2535 2298 24 22 M
2583 2300 14 20 S
2621 2300 18 21 O
2663 2300 27 23 N,

2291 2372 101 22 BAKER
2402 2375 16 19 &
2429 2373 228 21 CONFECIIONER.

2288 2436 71 20 Goods
2371 2436 101 21 delivered
2488 2435 54 25 daily
2559 2436 20 19 in
2599 2436 92 20 Rotorua

2285 2505 81 26 Butter,
2374 2509 54 25 Eggs
2435 2509 38 19 and
2482 2508 89 20 General
2578 2507 113 22 Groceries.

2305 2570 40 43 A,
2366 2571 30 41 &
2420 2570 36 42 G.
2476 2571 168 50 BROOK,

2260 2624 88 26 Boot
2358 2625 66 25 and
2439 2625 90 26 Shoe
2543 2626 148 25 Makers.

2336 2662 79 20 Fenton
2426 2662 71 24 Street,
2513 2662 99 20 Rotorua.

2256 2688 48 20 And
2326 2691 22 17 at
2375 2688 82 21 Pamell
2483 2689 41 19 and
2551 2688 139 24 Newmprket.

2283 2741 67 26 Large
2361 2741 40 20 and
2409 2741 70 20 varied
2494 2741 60 20 Stock
2564 2742 21 19 of
2599 2741 92 26 English,

2257 2768 89 24 Foreign
2356 2768 41 19 and
2406 2767 92 20 Colonial
2507 2767 45 25 Boot
2563 2767 11 25 3
2585 2767 34 25 and
2629 2768 63 19 Shoes

2323 2796 21 17 to
2354 2794 71 19 choose
2434 2794 53 19 from
2497 2795 21 18 at
2527 2794 35 19 the
2575 2796 51 18 most

2323 2869 94 20 Football
2427 2869 57 19 boots
2495 2875 12 14 a
2512 2869 113 28 speciality.

2256 2902 35 19 All
2309 2902 69 19 orders
2397 2901 39 20 and
2453 2901 77 25 repairs
2540 2902 150 26 expeditiously

2426 2928 102 19 executed.

2286 2984 49 51 G
2335 2984 43 22 m
2392 2983 73 49 M,
2465 2983 16 22 0
2496 2984 51 48 A
2547 2984 94 21 raEy

2259 3045 116 22 Plumber
2390 3048 16 18 &
2431 3045 102 21 General
2552 3045 132 22 Mechanic

2363 3078 113 19 Tutauekai
2515 3078 72 20 Street.

2328 3114 298 27 ROTORUA.

2261 3184 154 37 Roturua
2436 3184 158 38 SawmiiS
2608 3184 83 48 Coy.

2262 3260 60 23 TT7
2329 3257 70 22 BITE
2408 3259 59 19 AND
2477 3259 58 20 RED
2550 3259 70 20 PJNE
2629 3260 22 19 of
2660 3260 32 19 the

2272 3281 39 26 VV
2338 3286 60 20 finest
2408 3285 78 27 quality
2496 3286 40 19 and
2547 3286 97 25 carefully
2654 3293 38 13 out.

2259 3356 94 24 ftlatai,
2381 3356 122 18 INikntcn
2531 3356 53 17 and
2610 3356 82 17 'fl'awa

2260 3379 129 19 Miinsics.
2402 3378 115 25 Palings,
2531 3377 96 19 Kloclts
2641 3379 51 16 anil

2260 3401 82 19 Posts,

2285 3439 19 19 A
2314 3438 54 26 good
2380 3438 40 20 and
2434 3438 90 19 assoi.ed
2535 3438 74 26 supply
2619 3439 73 25 always

2259 3471 27 14 on
2295 3465 56 20 hand
2361 3467 21 18 at
2391 3465 35 19 the
2432 3464 82 19 Timber
2523 3464 64 20 Yard.

2393 3490 171 21 ROTORUA.

2258 3537 195 28 N.B.—Special
2473 3542 60 18 cai*e
2560 3539 82 21 taken
2665 3539 27 22 in

2366 3565 47 21 the
2438 3565 147 26 seasoning.

2289 3617 85 40 Prices
2395 3619 24 38 at
2455 3617 104 40 Current
2573 3617 87 41 Rates.

2258 3685 29 28 W.
2302 3686 123 32 HE'riSHAW,

2594 3686 97 28 Manager.

2310 3742 122 51 B,S.
2462 3742 192 49 COELETT-

2371 3795 67 20 ARC
2446 3795 34 20 111
2488 3795 65 20 TEC
2561 3796 22 19 T.

2348 3822 101 25 Building
2457 3824 102 24 Surveyor
2569 3824 34 17 &c.

2260 3855 71 25 Agont
2340 3855 32 18 fer
2382 3854 33 20 the
2425 3854 99 19 National
2535 3854 47 19 Fire
2592 3854 40 19 and
2642 3853 38 20 Mar-

2259 3880 34 20 ine
2303 3880 111 21 Insurance
2423 3880 35 20 Co.

2324 3961 38 44 J.
2399 3960 232 48 LARKIN,

2274 4033 405 32 BOOT7VmK@R:

2324 4090 322 59 FvOTORUA.
