3260 4290
2803 123 171 21 ANTI-ALIEN
2988 123 193 23 LEGISLATION.

2803 178 20 20 A
2841 177 5 10 '
2856 177 99 20 Resident
2973 177 134 25 Englishman
3119 177 1 25 ■
3143 179 64 21 writes

2777 204 52 20 from
2840 203 157 20 California:—'
3005 203 43 21 The
3057 205 58 19 State
3125 205 21 19 of
3156 205 40 21 Cali-

2777 230 68 20 fornia
2864 230 35 19 has
2913 230 73 25 passed
3000 237 11 13 a
3030 230 38 17 law
3092 230 114 28 forbidding

2777 257 64 20 aliens
2851 259 22 17 to
2880 256 81 26 acquire
2970 255 48 21 title
3027 258 22 18 to
3057 257 53 25 land,
3122 259 87 21 whether

2777 283 27 26 by
2814 282 98 27 purchase
2926 290 23 12 or
2958 285 122 18 succession.
3108 284 26 20 So
3152 293 57 15 manv

2777 316 68 19 young
2856 309 132 26 Englishmen
3003 309 50 20 have
3063 310 52 20 been
3131 311 78 28 coming

2778 336 43 19 into
2831 336 41 19 this
2884 336 86 25 country
2980 337 22 18 of
3011 337 48 23 late,
3073 339 101 19 attracted
3185 339 24 26 by

2779 362 34 20 the
2822 362 133 26 exaggerated
2967 365 97 17 accounts
3075 363 21 19 of
3114 364 34 20 the
3158 372 41 17 pros-

2779 389 65 25 perity
2864 389 21 19 in
2899 389 35 19 the
2952 388 53 20 fruit
3019 389 102 27 industry,
3139 391 46 20 that
3199 393 10 19 I

2778 415 104 26 earnestly
2896 415 66 20 desire
2979 415 28 20 all
3029 416 79 20 British
3127 421 83 22 parents

2779 442 73 26 clearly
2863 443 22 18 to
2894 442 125 20 understand
3034 442 53 26 thai,
3097 443 21 20 in
3134 444 76 25 future,

2780 468 53 21 their
2843 474 48 14 sons
2900 475 38 13 can
2948 468 48 26 only
3005 468 83 22 become
3103 476 77 14 owners
3189 473 22 19 of

2779 495 35 21 the
2824 494 38 21 soil
2871 494 23 20 of
2908 494 113 21 California
3030 502 28 13 on
3073 497 104 20 condition
3191 499 21 19 of

2780 522 104 25 assuming
2893 521 109 21 American
3009 522 135 26 citizenship.'
3171 523 41 21 The

2782 548 67 20 writer
2859 547 60 20 sends
2938 555 12 13 a
2959 555 63 18 paper
3035 549 121 27 containing
3171 550 41 21 this

2781 574 117 26 expression
2907 574 22 20 of
2938 574 129 29 opinion:—'
3073 575 66 28 Many
3148 576 23 20 of
3180 577 33 21 the

2782 601 82 25 leading
2893 607 130 19 newspapers
3045 602 23 19 of
3091 603 42 20 this
3157 603 55 21 State

2782 628 92 24 strongly
2884 628 89 25 opposed
2987 628 35 19 the
3031 628 98 26 adoption
3144 630 26 26 by
3181 630 32 20 the

2783 654 71 27 people
2864 654 22 19 of
2900 654 46 19 that
2957 654 111 25 particular
3084 657 129 20 amendment

2783 683 21 18 to
2823 680 35 20 the
2873 680 59 20 State
2947 680 142 22 Constitution
3104 683 108 20 submitted

2783 710 22 17 at
2827 706 36 21 the
2880 706 85 21 election
2988 707 22 20 of
3032 708 40 20 last
3092 709 121 26 November,

2783 733 64 20 which
2856 733 95 26 provided
2962 734 118 27 practically
3087 736 45 19 that
3141 743 26 13 no
3178 743 35 14 one

2783 761 38 20 but
2831 767 11 12 a
2852 759 71 20 citizen
2934 760 59 20 could
3004 760 48 20 hold
3065 762 42 20 real
3118 765 65 17 estate
3193 763 19 20 in

2784 786 118 22 California.
2931 786 4 23 .
2964 786 4 23 .
2998 786 4 23 .
3030 788 42 21 The
3088 789 126 20 amendment

2783 814 36 20 has
2838 812 51 21 been
2899 813 80 20 ratified
2993 813 27 26 by
3031 814 34 21 the
3081 816 79 25 people,
3175 816 38 20 and

2784 841 26 19 its
2819 838 105 22 ill-effects
2933 846 35 13 are
2978 840 82 24 already
3073 842 111 25 beginning
3193 844 21 18 to

2784 867 24 20 be
2815 866 46 20 felt.
2888 866 41 19 The
2936 867 41 19 San
2984 866 109 22 Francisco
3103 868 111 25 Chronicle,

2783 894 76 20 several
2869 892 50 26 days
2929 892 54 21 after
2992 893 36 20 the
3038 895 131 20 amendment
3179 895 36 20 had

2783 920 50 21 been
2858 918 96 26 adopted,
2969 921 119 20 announced
3107 922 35 19 the
3161 922 44 19 with-

2783 946 75 21 diawal
2877 945 22 20 of
2908 953 12 12 a
2929 946 55 26 large
2998 950 85 17 amount
3093 948 22 19 of
3131 948 83 26 English

2783 972 75 27 capital
2877 972 51 20 from
2945 972 34 21 the
2993 974 64 20 State.
3092 974 56 21 Even
3164 981 51 14 more

2783 1000 78 20 serious
2885 999 75 20 results
2983 999 49 21 have
3055 1000 51 21 been
3130 1001 85 24 noticed,

2784 1026 97 23 however,
2900 1026 20 19 in
2938 1025 81 22 various
3035 1027 93 25 portions
3147 1028 22 19 of
3183 1028 33 21 the

2783 1054 59 19 State
2859 1052 22 19 in
2896 1052 35 20 the
2950 1052 43 20 fact
3007 1053 46 20 that
3076 1054 139 26 Englishmen,

2784 1079 43 20 who
2846 1078 39 21 had
2896 1080 127 19 commenced
3033 1083 22 16 to
3070 1087 56 14 come
3143 1082 21 19 to
3183 1081 33 21 the

2784 1107 57 19 State
2860 1104 21 21 in
2906 1106 102 24 numbers,
3025 1106 73 27 taking
3117 1114 28 20 up
3160 1108 57 19 small

2784 1132 65 25 pieces
2860 1129 23 22 of
2889 1132 48 20 land
2947 1132 39 20 and
2996 1134 79 25 setting
3084 1133 55 21 them
3150 1137 37 17 out
3197 1136 19 18 to

2783 1160 58 24 fruit,
2864 1165 34 14 are
2917 1158 97 21 debarred
3038 1160 54 20 from
3115 1160 61 27 doing
3190 1168 26 13 so.

2783 1186 55 26 They
2849 1192 36 14 can
2897 1185 99 25 purchase
3002 1186 47 20 land
3059 1187 56 20 after
3126 1187 47 27 they
3183 1187 23 21 be-

2784 1219 55 14 come
2859 1212 91 23 citizens,
2971 1212 36 21 but
3021 1213 47 20 that
3086 1214 59 20 takes
3164 1221 52 14 some

2783 1245 58 21 years
2859 1245 50 14 even
2920 1239 18 20 if
2954 1239 34 20 the
3001 1240 135 25 Englishman
3153 1240 63 21 would

2784 1271 101 15 renounce
2896 1265 29 20 his
2935 1266 110 25 allegiance
3055 1269 22 17 to
3091 1266 71 26 Queen
3171 1266 35 22 Vic-

2783 1292 59 21 toria.
2870 1292 23 20 It
2911 1294 54 19 must
2982 1292 24 20 be
3021 1293 137 21 remembered
3173 1293 45 21 that

2784 1319 35 20 the
2829 1318 132 27 Englishmen
2974 1318 44 21 who
3028 1326 56 14 come
3096 1319 54 26 here,
3161 1319 56 22 while

2784 1345 82 26 makiDg
2874 1348 53 17 most
2934 1345 98 21 desirable
3042 1346 83 21 settlers
3134 1346 84 21 because

2784 1371 49 27 they
2857 1379 34 13 are
2913 1372 124 26 intelligent,
3052 1373 106 25 educated,
3181 1374 37 21 and

2784 1398 51 21 have
2853 1405 11 14 a
2874 1398 53 21 little
2942 1405 79 20 money,
3039 1399 64 21 which
3123 1399 48 28 thoy
3185 1400 33 21 in-

2784 1426 91 26 Tariably
2893 1427 63 25 spend
2967 1427 21 22 in
3004 1426 78 27 buying
3091 1426 70 27 highly
3179 1426 26 21 im-

2784 1452 75 27 proved
2882 1452 66 27 places
2967 1459 23 16 or
3005 1452 115 28 improving
3133 1455 22 20 to
3178 1453 40 22 Buit

2784 1478 129 27 themselves,
2920 1487 35 14 are
2963 1481 52 21 most
3023 1479 105 22 tenacious
3136 1479 22 22 of
3166 1480 52 22 their

2784 1505 78 22 British
2870 1506 121 29 citizenship
2998 1505 40 22 and
3045 1506 67 28 rarely
3118 1513 100 16 renounce

2784 1533 23 26 it,
2832 1532 78 28 though
2929 1534 49 27 they
2998 1533 82 22 become
3099 1532 117 29 practically

2784 1560 120 22 Americans
2927 1560 91 30 through
3041 1560 48 28 long
3117 1559 101 25 residence

2784 1585 49 24 here
2843 1588 39 21 and
2897 1588 126 23 intercourse
3032 1588 51 21 with
3098 1588 35 23 the
3143 1588 74 28 people,

2784 1614 100 23 —Times,

2826 1662 188 27 COMBATTING
3037 1667 81 23 PESTS
3142 1667 36 24 BY

2858 1692 139 24 NATURAL
3010 1694 137 24 ENEMIES.

2812 1747 22 22 It
2852 1754 17 15 is
2885 1747 96 28 probable
3002 1748 46 22 that
3067 1749 35 22 the
3125 1749 93 22 'natural

2786 1780 71 22 enemy
2868 1775 5 10 '
2888 1775 99 27 principle
3003 1776 24 20 of
3036 1776 125 22 destruction
3178 1777 39 21 will

2786 1799 26 23 be
2821 1803 100 21 extended
2937 1805 21 18 to
2969 1809 60 19 many
3045 1803 22 20 of
3077 1804 35 21 the
3122 1805 60 20 worst
3198 1804 21 21 of

2787 1827 35 22 the
2840 1825 94 26 farmer's
2944 1830 65 20 insect
3024 1831 61 25 pestsi
3113 1825 42 26 The
3169 1830 38 21 Hes-

2786 1856 43 21 sian
2850 1856 26 28 fly
2891 1862 86 21 appears
2996 1858 21 19 to
3032 1856 49 21 have
3102 1857 117 27 practically

2787 1884 129 26 disappeared
2929 1883 71 21 before
3008 1884 29 20 its
3053 1890 79 20 enemy,
3142 1883 38 22 and
3191 1890 27 15 we

2788 1918 45 21 may
2853 1914 51 25 hope
2913 1912 46 19 that
2975 1910 33 20 the
3022 1910 127 21 destructive
3163 1917 55 19 grass

2787 1938 145 29 grub—which
2942 1938 18 20 is
2968 1937 82 27 equally
3064 1938 124 20 destructive
3198 1941 20 17 to

2789 1966 133 21 wheat—will
2933 1971 49 14 soon
2995 1967 52 17 meet
3057 1971 12 13 a
3085 1964 76 20 similar
3170 1964 48 21 fate.

2788 1992 162 27 Entomologists
2960 1990 94 22 attached
3066 1992 21 19 to
3097 1991 110 27 experimen-

2788 2022 29 20 tal
2836 2021 86 20 stations
2936 2018 21 21 in
2975 2017 96 21 America
3093 2024 37 14 are
3152 2018 67 26 giving

2788 2049 59 25 great
2864 2045 101 22 attention
2976 2046 22 19 to
3012 2044 35 21 the
3064 2044 124 26 application
3200 2044 20 22 of

2789 2075 54 20 their
2862 2074 78 21 science
2954 2072 21 20 in
2995 2070 42 21 this
3051 2071 107 26 direction,
3182 2071 37 21 and

2789 2101 48 21 with
2857 2107 60 19 every
2926 2100 98 24 prospect
3038 2098 23 19 of
3074 2105 84 14 success.
3186 2098 33 21 Mr

2787 2128 110 21 Lawrence
2919 2126 87 23 Bruner,
3029 2124 23 20 of
3074 2124 35 20 the
3134 2125 84 20 Lincoln

2791 2152 128 28 (Nebraska)
2932 2151 84 25 station,
3026 2150 95 21 confirms
3137 2150 35 21 the
3182 2150 28 21 dis-

2789 2188 73 19 covery
2881 2179 57 22 made
2947 2178 41 21 last
3001 2184 49 20 year
3060 2180 22 17 at
3092 2177 35 20 the
3140 2177 79 20 Kansas

2789 2208 83 24 station,
2888 2206 23 21 of
2925 2212 26 13 an
2961 2211 72 19 enemy
3052 2206 22 18 to
3085 2204 35 20 the
3138 2204 5 10 '
3150 2204 69 21 chinch

2789 2234 54 26 bug,'
2865 2241 12 13 a
2895 2239 48 19 very
2958 2232 77 20 serious
3050 2232 47 23 pest
3116 2233 21 17 to
3156 2230 64 21 wheat

2789 2261 64 21 fields.
2881 2260 42 20 The
2933 2265 71 19 enemy
3015 2258 16 20 is
3041 2257 21 20 in
3073 2257 43 20 this
3130 2257 91 22 instance

2789 2296 11 13 a
2810 2288 83 26 fungus,
2904 2284 153 28 Sporotrichum
3069 2283 150 26 globuliforum,

2788 2315 39 20 and
2848 2314 35 21 the
2892 2312 80 22 method
2983 2311 22 21 of
3019 2311 27 20 its
3064 2310 125 27 application
3204 2312 16 21 is

2789 2349 21 13 as
2834 2341 78 21 follows
2924 2340 77 24 :—Dry
3020 2338 53 25 bugs
3087 2337 64 21 which
3173 2338 47 20 have

2788 2369 51 20 been
2859 2367 51 21 dead
2925 2366 32 21 for
2972 2372 59 20 years
3046 2371 34 14 are
3089 2363 45 28 jußt
3152 2371 22 14 as
3187 2365 23 20 in-

2789 2395 87 21 fections
2886 2394 22 20 of
2917 2393 65 25 living
2991 2392 52 26 bugs
3053 2398 22 13 as
3085 2398 35 13 are
3138 2391 36 20 the
3178 2392 42 21 Jive

2788 2422 53 26 bugs
2860 2420 64 21 which
2935 2420 50 19 have
2999 2418 46 26 just
3053 2418 120 20 contracted
3186 2419 35 20 the

2789 2449 83 20 dicea-e.
2900 2448 20 20 A
2929 2446 39 20 few
2978 2444 91 21 infected
3083 2444 52 26 bugs
3147 2444 74 27 (either

2788 2476 65 26 living
2862 2482 23 13 or
2894 2474 50 21 dead
2962 2472 39 21 and
3012 2471 47 25 dry)
3071 2478 34 13 are
3121 2471 70 27 placed
3201 2472 19 21 in

2789 2509 10 13 a
2810 2503 55 20 large
2882 2502 47 19 wire
2940 2507 63 19 gauze
3017 2505 49 19 cage
3076 2498 59 26 along
3152 2498 48 21 with
3210 2506 11 13 a

2788 2528 137 21 considerable
2936 2526 85 21 number
3037 2525 22 20 of
3069 2521 83 31 healthy
3162 2525 57 27 bugs,

2789 2556 93 25 supplied
2906 2554 48 20 with
2973 2552 91 21 suitable
3083 2551 55 25 food,
3158 2547 62 26 which

2789 2582 87 20 consists
2886 2582 22 20 of
2918 2581 65 20 wheat
2998 2579 75 26 plants.
3102 2578 70 21 About
3187 2579 34 20 the

2789 2609 71 20 second
2881 2616 21 13 or
2913 2608 54 21 third
2978 2607 39 25 day
3031 2605 35 20 the
3076 2605 64 20 whole
3150 2605 22 20 of
3186 2606 35 20 the

2789 2636 51 26 bugs
2851 2635 54 21 show
2915 2641 55 16 signs
2980 2633 23 20 of
3012 2632 106 24 infection,
3128 2632 40 21 und
3178 2632 43 20 half

2789 2669 23 14 or
2822 2669 54 14 more
2893 2662 23 19 of
2925 2662 56 20 these
2992 2666 34 14 are
3041 2659 103 20 scattered
3160 2658 61 21 about

2789 2688 35 21 the
2833 2687 138 28 bug-infested
2979 2686 54 23 field,
3045 2685 68 20 whilst
3121 2693 13 13 a
3142 2686 47 26 pint
3199 2692 22 13 or

2788 2722 56 13 more
2862 2716 23 20 of
2893 2714 57 21 fresh
2969 2712 84 26 healthy
3068 2712 52 25 bugs
3134 2719 34 13 are
3182 2712 30 20 col-

2789 2742 63 21 lectcd
2862 2742 39 21 and
2913 2744 38 23 put
2959 2741 44 20 into
3014 2738 34 21 the
3062 2745 49 20 cage
3121 2738 48 21 with
3187 2739 34 20 the

2789 2768 42 20 sick
2842 2776 48 13 ones
2900 2769 39 20 left
2951 2768 63 20 there.
3043 2765 42 20 The
3094 2772 57 20 army
3160 2766 21 20 of
3191 2766 20 19 in-

2788 2795 68 20 fected
2874 2796 52 22 bugs
2937 2795 16 20 is
2963 2794 49 20 thus
3026 2792 103 20 increased
3146 2794 21 19 to
3182 2799 38 18 any

2788 2824 71 18 extent
2867 2822 101 27 required,
2975 2820 39 20 and
3024 2826 22 13 as
3053 2818 43 20 fast
3106 2825 22 14 as
3134 2818 87 27 possible

2787 2848 49 26 they
2859 2855 34 14 are
2911 2846 100 23 scattered
3032 2852 48 13 over
3101 2845 36 21 the
3157 2846 63 20 fields.

2787 2875 65 20 These
2860 2875 90 21 infected
2961 2874 76 20 insects
3051 2879 34 13 are
3095 2874 35 18 too
3140 2872 42 21 sick
3200 2874 19 18 to

2787 2902 53 24 feed,
2859 2902 38 21 but
2911 2909 37 13 run
2969 2901 64 20 about
3053 2902 94 24 amongst
3168 2899 53 20 their

2787 2928 83 25 hralthy
2886 2929 77 20 fellows
2974 2926 39 22 and
3028 2927 146 20 communicate
3187 2926 34 20 the

2787 2954 77 22 disease
2883 2958 21 17 to
2921 2955 63 20 them.
3012 2953 42 20 Tho
3069 2960 56 13 more
3138 2952 83 27 healthy

2787 2982 51 26 bugs
2850 2982 19 20 in
2881 2982 85 21 number
2975 2982 58 19 there
3051 2986 35 13 are
3095 2986 25 13 on
3132 2979 34 21 the
3175 2979 46 20 field

2787 3008 35 20 the
2832 3015 54 14 more
2896 3008 83 28 quickly
2987 3009 17 19 is
3013 3006 35 20 the
3057 3006 78 21 disease
3142 3005 79 27 spread,

2787 3035 39 20 and
2847 3036 69 20 within
2926 3043 13 12 a
2949 3034 56 21 short
3020 3033 49 20 time
3087 3032 58 22 there
3163 3039 17 14 is
3195 3039 26 13 no

2787 3069 56 14 more
2866 3062 80 21 trouble
2965 3062 52 20 from
3032 3059 35 20 the
3090 3062 53 23 pest.
3179 3058 42 21 The

2787 3088 75 21 farmer
2879 3089 47 21 then
2938 3088 56 21 looks
3008 3086 101 26 carefully
3118 3086 53 21 after
3185 3086 35 21 the

2787 3115 51 20 dead
2859 3116 56 26 bugs,
2929 3116 81 20 collects
3030 3120 12 13 a
3055 3114 64 24 quart
3132 3120 24 13 or
3174 3115 45 22 two,

2787 3142 54 20 dries
2860 3142 53 21 them
2928 3142 21 20 in
2969 3142 34 19 the
3019 3139 69 25 shade,
3111 3140 38 20 and
3172 3142 49 24 puts

2787 3167 54 22 them
2861 3176 54 18 away
2930 3168 21 21 in
2969 3175 11 12 a
2996 3173 49 18 very
3062 3166 37 25 dry
3118 3166 56 27 plare
3187 3166 34 21 for

2787 3195 71 20 future
2877 3202 36 14 use
2929 3195 18 20 if
2956 3194 36 20 the
3003 3193 73 22 chinch
3093 3193 42 27 bug
3149 3192 70 21 should

2788 3222 58 26 again
2855 3222 65 21 infest
2938 3220 31 21 his
2979 3227 66 19 crops.
3072 3219 44 21 The
3134 3220 86 26 popular

2788 3255 59 14 name
2856 3248 23 21 of
2897 3248 34 20 the
2942 3245 152 28 Sporotrichum
3109 3246 18 21 is
3145 3248 5 9 '
3160 3244 60 23 white

2789 3274 90 26 fungus,'
2896 3274 39 21 and
2950 3275 18 19 it
2986 3273 57 21 looks
3057 3273 42 20 like
3109 3273 35 20 the
3162 3273 58 21 down

2788 3308 55 19 upon
2853 3301 36 20 the
2899 3300 65 25 mealy
2973 3301 47 21 bug.

1067 77 58 21 THE
1139 76 61 22 HOT
1214 76 94 22 LAKES
1323 75 176 23 CHRONICLE,
1514 72 194 26 WEDNESDAY,
1738 71 78 22 JUNE
1830 73 34 25 25,
1877 71 59 25 1*95,

2802 4099 72 18 Printed
2885 4101 33 16 and
2930 4102 90 20 published
3039 4102 28 16 for
3082 4103 30 16 the
3119 4104 95 20 proprietor

2804 4122 18 15 at.
2837 4122 27 16 his
2884 4122 94 19 repisterod
2983 4122 80 21 printing
3067 4123 50 18 office
3130 4125 77 18 Rotorua

2804 4142 23 22 by
2834 4143 59 17 Pkbci
2904 4143 57 17 James
2971 4144 99 21 Hammond,
3083 4145 19 16 of
3109 4145 83 21 Rotorua,

2825 4171 162 26 WEDNESDAY,
2994 4173 71 24 JUNE,
3074 4175 85 23 25,1895,

424 238 28 70 I

818 239 38 42 m

800 310 101 44 ASM

646 328 32 34 t

352 420 165 74 W*>

868 543 35 24 m

197 778 29 10 .;..;,

196 834 172 22 woldSpkiai

218 875 127 28 mmm

217 921 73 31 *&%§

236 949 25 27 0

642 881 294 39 A^-ifIHL

419 933 59 23 the
498 923 150 34 /FINEST
670 921 165 46 WHISK?

203 1030 156 26 D.C.L'.BRAND

411 1096 207 45 Proptiefors:-

43 1288 145 32 WnuLi

469 1223 170 36 £WMm,
660 1225 143 33 mrum

341 1291 111 30 AUEN
470 1291 5 30 i
490 1291 31 36 S,

331 1331 50 39 L.
409 1331 54 39 D.
492 1331 264 41 NATHAN
783 1334 115 41 &Co.

92 1482 328 51 Hydropathic
463 1484 155 49 Hotel,
656 1486 231 43 Roturua-

316 1537 260 23 ESTABHSHED
592 1538 74 23 1881.

42 1568 85 29 Under
140 1573 40 25 the
193 1579 132 28 patronage
339 1573 24 26 of
375 1573 38 26 Sir
436 1573 42 27 W.
498 1573 102 35 Jervois,
621 1574 57 27 Earl
698 1577 48 25 and
769 1577 120 27 Countess
910 1577 26 27 of

91 1603 140 38 Hopetoun,
245 1608 40 24 the
300 1608 64 24 Hon.
379 1607 106 25 Premier
499 1608 46 24 and
560 1609 124 26 Members
697 1610 25 26 of
736 1611 153 27 Parliament.

76 1658 53 27 The
143 1659 75 27 Hotel
235 1661 19 25 is
264 1660 104 26 situated
382 1669 28 17 on
424 1669 30 17 an
469 1661 112 26 elevated
595 1662 104 32 position
713 1671 30 17 on
757 1664 41 26 the
810 1664 85 27 shores
909 1665 25 27 of

43 1694 66 25 Lake
123 1695 117 29 Rotdrud,
254 1694 142 25 convenient;
411 1701 23 18 to
453 1694 30 25 all
498 1695 39 25 the
556 1694 77 36 sights
646 1696 22 25 in
682 1693 40 29 the
731 1697 101 27 district.

45 1733 153 35 Sulphur
211 1734 69 28 and
298 1733 149 29 Mineral
460 1734 109 29 Baths
583 1735 22 26 in
619 1735 40 26 the
680 1737 115 26 Grounds
814 1738 25 26 of
852 1739 77 27 Hotel

78 1805 38 26 To
126 1810 65 22 meet
202 1805 41 26 the
256 1805 106 26 dullness
374 1806 25 25 of
411 1804 41 28 the
466 1804 71 27 times
550 1815 13 16 a
576 1806 89 35 charge
678 1808 26 24 of
717 1808 40 31 £2
771 1818 26 17 2s
805 1820 43 24 per
861 1811 70 27 week

121 1839 38 25 for
176 1848 15 16 a
203 1839 147 33 lengthened
363 1846 60 26 stay,
461 1840 86 25 Under
559 1849 46 17 one
617 1842 69 24 week
699 1844 35 24 Bs.
750 1853 43 23 per
805 1845 56 33 day.

108 1905 108 26 s.—Mrs
229 1906 108 24 Graham
350 1907 46 24 will
409 1907 52 24 also
475 1906 112 26 continue
600 1913 25 19 to
635 1909 125 31 supervise
774 1911 41 24 the

137 1937 139 46 geyser
294 1940 120 37 .House
440 1940 254 45 cHydropatfeic
713 1940 124 47 Hotel,

374 1987 240 35 WAIRAKTSI,

42 2024 76 25 which
132 2025 42 25 has
186 2026 101 24 become
299 2036 14 14 a
322 2027 99 31 popular
432 2027 24 23 &
466 2027 120 25 favourite
597 2030 76 22 resort
684 2036 114 27 amongst
805 2031 128 24 travellers

391 2060 47 25 and
469 2060 112 26 invalids.

107 2096 24 25 A
151 2097 124 25 reduction
295 2098 19 24 is
335 2099 71 23 made
426 2104 25 19 to
472 2099 93 32 weekly
584 2109 26 15 or
623 2102 108 31 monthly
740 2102 124 24 boarders.

43 2135 81 25 Guide
138 2137 81 24 Books
229 2138 46 23 and
290 2137 153 25 information
452 2139 77 31 gratis
542 2144 25 18 at
576 2139 70 24 Cook
657 2144 23 19 &
690 2140 63 25 Soils
765 2141 61 32 (sole
836 2142 95 32 agents)

275 2170 80 25 offices
376 2171 147 32 throughout
541 2172 41 24 the
595 2172 101 33 Colony.

43 2208 88 37 JA?§.
152 2208 30 36 R
185 2207 4 50 (
209 2207 210 43 &RJIJWA,
461 2230 19 7 -
534 2231 17 7 -
605 2232 19 7 -
664 2211 267 46 Proprietress.

90 2364 327 52 Hydropathic
451 2366 154 44 Hotel,
624 2368 258 41 Wairakei.

241 2412 35 19 Six
287 2412 57 19 miles
353 2414 52 18 from
415 2413 58 20 Lake
483 2414 70 25 Taupo
565 2415 99 24 (Eotorua
675 2415 59 25 side).

168 2444 218 32 SUPERIOR
419 2446 389 33 ACCOMMODATION

235 2483 55 19 ALL
300 2483 57 20 TIIE
367 2483 145 24 QOMFOETS
523 2485 35 19 OF
569 2485 18 19 A
596 2485 81 19 HOME
688 2486 55 20 FOE

276 2511 155 26 Tourists
452 2512 69 25 and
551 2511 156 28 Invalids

44 2578 69 32 Hot
342 2582 116 31 Baths,
475 2582 294 29 Kid-o-hine-Kai
795 2592 38 20 or
847 2585 85 27 New

193 2615 84 28 Skin
304 2615 96 30 Bath,
429 2617 72 25 Plot
513 2617 140 27 Douche
664 2618 118 33 Baths,

343 2649 118 27 Grand
480 2650 152 28 Climate.

144 2688 299 28 Elevation—l3so
464 2688 68 28 feet
546 2689 109 27 above
666 2697 58 21 sea
734 2690 97 31 level.

47 2753 256 31 COMPETENT
318 2758 161 26 GUIDES
491 2767 154 26 accompany
658 2760 107 25 tourists
776 2761 26 23 to
811 2760 45 25 the
868 2759 53 25 vari-

145 2800 46 16 ous
203 2792 85 32 plncos
301 2791 26 24 of
339 2791 114 32 interest,
468 2793 86 24 which,
565 2794 72 24 baffle
653 2794 42 25 the
708 2795 65 23 most
786 2794 76 25 facile
871 2801 61 25 pen,

146 2825 49 24 and
209 2833 47 17 can
268 2826 58 31 only
340 2826 31 24 be
383 2826 110 24 realized
504 2826 78 25 when
600 2836 66 16 seen.

372 2872 5 2 .

47 2883 193 25 GFYSEP
254 2884 193 25 VALLEY
457 2886 94 20 contains
557 2885 36 22 the
602 2887 105 26 following
715 2887 124 26 unequalled
849 2886 83 21 Natura

200 2918 16 12 mm
227 2911 3 28 :
233 2911 148 24 —lffhuatahi,
402 2919 22 12 or
445 2912 65 20 Great
530 2913 131 26 Champagne
682 2914 105 20 Cauldron
798 2911 4 28 ;
817 2914 34 19 the
870 2914 67 20 Grout

130 2938 41 18 V...1
186 2938 23 18 al;
224 2937 4 28 i
238 2937 78 26 Geyser
325 2937 4 28 ;
339 2938 33 20 t!io
383 2938 88 27 Donkey
482 2939 79 26 Engine
570 2948 5 15 ;
587 2939 34 21 tho
631 2939 86 21 Fairies'
726 2939 51 21 Bath
790 2937 4 28 ;
805 2940 35 19 the
851 2940 75 25 I/ightn-

128 2970 12 12 -1:
151 2970 12 18 g
177 2963 58 30 I'ool;
248 2963 35 21 the
292 2965 49 18 Case
356 2965 24 19 de
392 2964 85 27 Geyßer,
492 2972 21 14 or
526 2965 101 28 Dragon's
639 2967 70 20 mouth
720 2963 4 30 ;
736 2967 35 20 the
779 2967 59 19 black
850 2967 86 25 Geyser;

126 2990 34 20 the
167 2991 51 20 Mud
231 2991 78 24 Geyser
316 2998 5 18 5
339 2990 34 21 the
384 2990 52 22 Blue
446 2991 56 21 Lake
511 3000 6 17 ;
526 2992 35 20 the
580 2993 33 19 Oil
626 2992 52 21 Bath
687 2990 4 29 ;
711 2994 35 19 the
770 2993 79 26 Eagle-'s
869 2993 68 24 Nest;

127 3017 35 19 the
172 3016 78 21 Devil's
262 3018 67 19 i'unch
343 3018 53 19 Bowl
406 3016 4 29 ;
423 3018 34 20 the
470 3019 71 19 Prime
556 3019 22 20 of
590 3019 74 21 Wales'
676 3020 98 20 Feathers
783 3016 4 29 ;
795 3022 34 16 the
846 3019 90 26 Mirror)

127 3043 33 20 the
169 3044 55 19 Twin
235 3043 77 26 Geyser
322 3043 4 28 ;
338 3043 34 21 the
382 3045 60 20 Coral
455 3045 78 26 Geyser
544 3043 3 28 ;
560 3046 34 19 the
605 3046 66 20 Gnen
687 3047 63 24 Poo!;
769 3046 133 25 Terekerehc,
915 3054 22 12 or

126 3069 50 20 Hell
186 3070 90 24 Geyser;
288 3070 34 20 the
333 3071 67 19 S.eam
412 3071 103 21 Hammer.
546 3072 84 20 Guide's
640 3073 33 20 fie
684 3074 21 19 to
717 3073 79 26 Geyser
815 3073 80 24 Val'ey,
907 3075 29 22 ss;

128 3096 92 20 distance
230 3096 52 20 from
292 3096 34 20 the
337 3096 60 26 hotel,
407 3104 39 14 one
457 3098 51 20 mile.

50 3146 94 27 THE
165 3148 350 36 AREATEATEA,
534 3158 23 14 or
567 3151 81 21 Ladder
656 3152 85 27 Eapidß.
770 3153 42 19 The
831 3153 106 20 Grandest

132 3176 35 22 Hat
176 3175 31 20 ids
219 3175 18 20 in
249 3176 35 19 the
294 3176 100 20 Southern
405 3177 138 26 Hemisphere
551 3175 4 29 ;
565 3178 73 26 failing
649 3179 21 19 in
689 3180 30 18 six
737 3179 88 20 distinct
842 3180 92 20 cascades

129 3204 92 24 amongst
238 3203 59 18 weird
310 3203 38 19 and
360 3204 73 25 rugged
451 3211 90 18 scenery.
569 3205 97 21 Distance
676 3205 52 20 from
742 3205 35 20 the
797 3206 63 25 hotel,
879 3207 57 20 three

130 3228 62 19 uiiJts.
221 3228 75 20 Saddle
305 3228 68 22 hortes
388 3232 21 18 to
420 3230 48 20 visit
480 3230 32 21 the
521 3231 84 26 Kapids,
616 3232 21 20 7b
649 3232 24 20 Gd
684 3232 55 20 each.

391 3267 12 3 -.
480 3262 21 11 :o:

51 3273 220 27 K.ERAPITI
301 3283 21 13 or
331 3276 35 21 the
376 3277 77 21 Devil's
462 3272 99 35 Trumpj.-t
570 3279 17 20 ia
604 3280 41 19 said
666 3282 21 18 to
708 3281 50 19 emit
777 3288 13 13 a
811 3287 95 19 pressure
915 3282 22 19 of

129 3302 44 20 1801
176 3302 23 20 ha
209 3303 22 20 of
245 3305 63 18 steam
318 3305 23 18 tr
351 3303 35 20 the
391 3304 54 24 inch,
459 3305 53 19 from
523 3311 25 13 an
565 3309 96 21 aperture
670 3306 22 19 of
711 3308 64 19 about
794 3309 25 18 12
836 3308 68 19 inches
915 3308 20 19 in

129 3328 102 21 diameter.
260 3330 97 19 Distance
369 3330 51 19 from
432 3331 55 20 hotel
496 3332 55 19 three
563 3334 39 18 and
614 3340 12 12 a
637 3332 41 20 half
688 3333 56 20 miles
752 3342 5 16 ;
778 3334 71 20 saddle
865 3334 71 21 horses

127 3357 19 18 to
161 3362 11 3 ~
174 3355 3 26 :
182 3359 21 16 -i
217 3355 35 20 the
263 3356 68 25 above,
343 3358 53 18 2s(3d
407 3358 56 19 each.

458 3390 53 14 ALSO

50 3407 94 24 THE
167 3408 130 25 HUKA
316 3409 169 32 FALLS,
504 3410 34 21 the
557 3410 104 22 Grandest
671 3412 56 21 Falls
737 3414 21 19 in
778 3413 34 19 the
833 3413 101 20 Southern

127 3439 139 24 Hemi.-phere.
295 3439 41 20 The
346 3439 111 28 Falls,may
473 3442 24 19 be
505 3442 73 20 visited
586 3449 26 13 on
621 3442 35 20 the
665 3449 54 14 same
725 3443 117 26 expedition
855 3450 22 14 as
899 3445 36 19 the

125 3464 79 20 Devd's
211 3466 103 24 Trumpet.
343 3462 159 25 Dibtance'frora
514 3468 52 20 hotel
577 3469 58 20 throe
644 3469 38 20 and
694 3476 11 13 a
715 3469 44 21 half
771 3470 62 20 miles.
859 3471 75 20 Saddle

127 3490 59 21 horse
204 3491 99 25 irbnggv
317 3492 48 19 2'9d
376 3493 54 19 each.

179 3517 88 27 MRS
280 3518 36 26 R.
337 3518 193 28 GRAHAM.
551 3521 242 33 Proprietress.

314 3744 348 32 THURHNGH

46 3778 82 42 Smith
156 3779 49 41 and
223 3778 114 52 Carriage
359 3778 105 47 Works,
494 3781 82 40 Coach
602 3783 49 40 and
680 3783 111 51 Waggon
826 3784 105 52 Factory

248 3841 214 22 ESTABLISHED
477 3843 82 21 OVER
576 3845 26 20 10
617 3845 105 21 YEARS.

61 3888 38 16 The
107 3889 116 19 undernipned
231 3894 30 11 are
268 3888 137 18 manufacturers
414 3889 18 16 of

63 3910 37 15 Our
108 3910 110 17 well-known
227 3910 98 21 reputation
334 3916 18 10 as
360 3911 85 16 Practical
459 3910 4 21 '.

42 3930 30 18 the
78 3930 120 18 Australasian
206 3931 84 21 Coloniep,
299 3931 64 22 justify,
370 3937 20 12 us
397 3932 19 17 in
432 3932 83 21 claiming
515 3930 2 24 1
528 3937 39 13 that
582 3939 25 11 we
623 3940 31 11 can
668 3937 68 15 lurnish
751 3942 11 10 a
777 3937 57 16 better
848 3937 43 17 clean
912 3939 17 15 of

41 3951 81 19 vehicles,
131 3952 93 16 coubistent
232 3953 41 16 with
281 3953 61 16 honest
351 3954 45 15 work
405 3955 19 15 at
431 3960 11 10 a
451 3955 75 19 cheaper
537 3957 37 13 rate
583 3955 40 15 limn
632 3961 32 15 any
673 3957 19 15 of
699 3962 33 11 our
739 3959 110 19 competitors

62 3972 37 16 The
107 3972 61 17 Public
176 3973 34 16 will
223 3974 34 16 find
266 3975 14 15 it
291 3976 17 14 to
322 3974 45 16 their
382 3975 98 22 advantage
497 3977 18 15 to
530 3976 149 17 ENCOURAGE
697 3978 80 17 LOCAL
796 3979 26 16 IN
826 3979 61 18 DUST
891 3980 36 18 uY,

42 3995 56 14 where
110 3995 41 19 they
162 3999 32 11 can
202 3994 43 17 have
251 3995 29 17 the
285 3995 80 21 pleasure
370 3996 20 16 ct
396 3997 61 20 seeing
471 3997 93 17 first-class
580 3998 77 16 material
670 4000 33 15 and
718 4000 129 21 workmanship
863 4005 32 16 put
910 3993 17 26 iii

42 4014 79 18 Vehicle*
129 4015 49 15 made
186 4017 18 13 to
212 4016 44 15 their
263 4017 59 15 valued
332 4017 62 17 orders.

63 4035 150 21 N.B.—Vehicles
220 4037 22 16 of
243 4037 24 16 nil
275 4038 113 21 desoriptious
396 4039 87 21 ropairod,
494 4040 78 21 painted,
583 4041 94 16 renovated
686 4042 32 15 and
729 4044 49 15 made
794 4045 18 15 to
826 4044 40 16 look

43 4059 18 16 to
69 4063 44 12 new.

41 4104 202 33 WILLIAM
465 4109 250 30 CoaehbuUder

390 4146 139 28 JAMES
549 4148 133 33 HAUA,
704 4148 219 33 Blacksmith

285 4176 146 22 DSVONPORT
443 4179 74 23 BQAD,
530 4180 147 20 TAUBANCU.
931 4176 1 26 ;

981 969 55 22 Under
1045 969 19 23 th
1083 969 128 27 distinguished
1219 970 91 27 Patronage
1320 970 18 22 of
1346 970 27 22 his
1384 971 102 26 Excellency
1496 970 28 22 the
1535 970 82 22 Governor
1626 969 28 22 the
1664 969 38 22 Earl
1712 969 19 22 of
1736 968 74 24 Onslow.

1020 1067 141 68 HOT
1191 1068 305 67 SPRINGS
1541 1067 252 75 HOTEL,

1144 1169 127 47 TE
1301 1168 365 48 HROHK.

998 1263 56 24 The
1075 1263 60 25 best
1155 1263 130 30 Situated,
1304 1264 46 24 the
1371 1265 69 24 most
1463 1263 188 30 Comfortable,
1676 1263 47 25 the
1750 1263 59 25 best

1183 1298 142 32 appointed
1338 1298 81 25 Hotel
1431 1298 74 24 mTe
1517 1298 97 26 Aroha.

987 1337 111 34 Adjoins
1127 1338 78 33 (with
1227 1340 109 25 Private
1357 1339 145 33 Entrance)
1520 1340 47 24 the
1591 1339 122 25 Thermal
1739 1338 112 34 Springs

955 1370 121 32 Domain,
1090 1373 98 24 Tennis
1200 1373 82 25 Court
1291 1374 29 24 in
1332 1374 122 25 Domain.

1142 1438 94 26 Teems
1237 1440 62 23 —6s
1310 1446 47 25 per
1369 1437 59 35 day,
1447 1440 46 24 30s
1511 1446 47 26 per
1575 1439 74 25 week

1132 1505 55 40 W.
1207 1504 44 41 H.
1279 1505 127 40 KNOK
1433 1507 65 39 Pto
1536 1509 121 47 prieto

979 1584 42 24 The
1031 1585 65 23 Baths
1105 1588 41 20 and
1162 1589 96 27 drinking
1276 1593 72 17 waters
1366 1596 34 14 are
1418 1589 109 27 especially
1546 1589 112 22 efficacious
1676 1590 22 21 in
1716 1589 68 28 Gouty
1793 1596 12 15 a
1833 1587 13 24 d

953 1613 122 22 Rheumatic
1084 1615 110 26 affections,
1204 1616 76 25 Cronic,
1292 1616 121 27 Dyspepsia,
1430 1617 107 20 Disorders
1555 1617 22 20 of
1594 1617 36 20 the
1648 1616 90 27 Urinery
1757 1617 27 20 Or
1793 1622 58 21 gans,

953 1640 115 21 Cutaneous
1078 1641 101 26 Diseases,
1200 1642 80 26 Splenio
1299 1643 40 20 and
1350 1643 88 27 Hepalio
1447 1644 115 23 Disorders,
1581 1643 95 22 Diseases
1696 1644 39 21 duo
1746 1646 20 19 ot
1776 1643 76 22 Excess

953 1663 86 31 Acidity,
1051 1667 121 28 Neuralgia,
1189 1669 93 21 Sciatica.

1058 1719 74 23 Public
1141 1720 50 22 Hall
1212 1722 40 20 and
1272 1721 82 28 Sample
1372 1721 66 24 Boom
1449 1724 109 21 connected
1569 1724 50 22 with
1628 1723 35 23 the
1673 1723 70 22 Hotel.

955 2680 459 76 CENTRAL
1498 2681 351 88 HOTEL,

1103 2766 59 28 HIGH
1181 2765 34 28 ST.
1236 2765 38 26 and
1292 2765 111 28 VICTORIA
1413 2766 34 28 ST.
1463 2766 66 33 EAST,
1553 2766 129 28 AUCKLAND.

1004 2827 44 21 The
1151 2825 110 20 Pavourito
1277 2825 41 19 and
1341 2825 143 21 Commodious
1503 2826 64 20 Hotel
1586 2826 76 20 affords
1680 2827 171 22 EXCELLENT

952 2852 245 24 ACCOMMODATION
1229 2852 32 19 for
1287 2851 143 26 TOURISTS,
1465 2852 183 22 TRAVELLERS
1675 2855 17 18 &
1719 2854 132 22 VISITORS

953 2883 45 19 who
1008 2881 42 21 will
1059 2880 77 20 receivo
1146 2885 61 19 every
1217 2878 90 20 Comfort
1322 2878 40 19 and
1378 2878 112 21 Attention.

993 2933 82 27 Sample
1085 2933 76 20 Rooms
1171 2932 31 19 for
1212 2930 185 21 COMMERCIAL
1406 2932 184 20 TKAVELLERS
1600 2932 102 21 available
1712 2935 21 19 at
1743 2935 29 19 all
1781 2935 68 21 times.

1007 2986 90 26 Charges
1107 2985 112 20 Moderate.
1244 2983 116 21 SPECIAL
1365 2984 90 21 RATES
1461 2984 34 21 TO
1505 2984 177 22 PERMANENT
1690 2986 158 22 BOARDERS.

1395 3019 11 12 o

1005 3038 107 21 Excellent
1120 3036 90 22 Cuisine.
1238 3036 96 27 Spacious
1347 3036 41 21 and
1407 3037 181 22 Well-Ventilated
1606 3039 118 21 Bedrooms.
1760 3040 88 22 Billiard

953 3067 66 20 Room
1028 3066 50 21 with
1088 3068 39 17 two
1137 3064 105 19 first-class
1251 3064 72 19 tables.
1350 3063 45 20 Hot
1409 3065 16 18 &
1435 3064 50 20 Cold
1499 3064 81 26 Plunge
1590 3066 16 19 &
1617 3065 82 21 Shower
1708 3067 71 20 Baths.

1121 3097 80 23 Wines,
1213 3095 72 26 Spirits
1296 3095 39 20 and
1344 3095 49 20 Ales
1403 3097 22 19 of
1433 3097 35 19 the
1480 3097 43 19 beßt
1532 3097 80 20 Brands
1619 3098 54 25 only.

1104 3156 42 40 S.
1177 3154 40 41 C.
1246 3137 461 69 CAUOON7~Proprietor.

957 3283 518 48 SPECIAL
1534 3281 307 51 SALE

1376 3353 53 28 OF

1000 3414 194 45 Cutlery*
1220 3410 258 43 Hardware,
1505 3410 290 45 Brasswares,

1090 3482 151 34 House
1259 3480 277 45 Furnishing
1536 3478 4 47 1
1556 3478 143 39 Goods

1235 3539 54 33 (in
1300 3539 100 32 great
1411 3538 148 34 variety)

951 3605 157 35 Nickle
1135 3605 88 35 and
1248 3604 96 35 E.P.
1373 3604 166 45 Spoons
1576 3603 89 36 and
1698 3604 143 35 Forks

1254 3665 95 38 E.P.
1378 3665 158 35 Cruets

1089 3725 89 36 Tea
1203 3725 115 40 Pots,
1344 3724 157 36 Butter
1531 3723 158 36 Dishes

950 3795 102 35 Jam
1071 3795 166 45 Spoons
1494 3794 158 35 Butter
1670 3793 168 36 Knives

1209 3847 145 45 Sugar
1404 3847 150 45 Tongs

1128 3904 81 33 etc.
1351 3904 80 36 etc.
1577 3903 81 33 etc.

1038 3984 273 41 SPLENDID
1361 3983 389 41 ASSORTMENT.

1152 4137 94 42 234,
1280 4136 150 45 Queen
1466 4137 152 40 Street.

1108 125 620 61 VVAIWERA
1840 117 782 69 SANATORIUM,

1801 188 124 36 AND

1388 244 169 76 HOT
1657 242 353 77 SPRINGS
2091 239 281 76 HOTEL

953 350 89 34 Only
1068 350 44 28 30
1144 350 100 27 miles
1277 349 113 29 North
1420 348 38 28 of
1482 346 193 33 Auckland,
1706 344 88 28 with
1823 343 96 35 daily
1950 343 299 28 communication
2277 342 89 29 with
2394 339 115 29 Coach
2538 346 40 20 or
2596 338 162 28 steamer

1283 391 54 21 See
1352 390 168 22 advertised
1531 390 85 21 Time
1630 387 80 22 table
1721 386 31 22 of
1760 393 46 14 s.s.
1821 386 80 21 Rose
1911 386 99 28 Casey
2020 386 59 21 and
2096 384 130 22 Butler's
2235 384 34 21 R.
2281 384 39 21 M.
2338 383 107 22 Coach.

952 429 105 63 THE
1082 428 120 24 ABOVE
1216 426 300 25 ESTABLISHMENT
1526 424 141 27 STANDS
1680 422 235 25 UNRIVALLED
1928 430 27 16 as
1973 431 15 15 a
1998 421 93 25 Health
2101 430 27 16 or
2141 421 111 32 pleasure
2265 421 99 28 Resort,
2376 418 50 25 and
2438 418 45 25 has
2494 416 91 34 special
2607 416 154 32 advantages

1039 462 38 24 for
1090 461 79 24 either
1192 461 114 25 Tourists
1320 469 28 16 or
1362 461 118 28 Invalids,

1320 565 174 32 Beautiful
1512 565 159 34 Scenery,
1691 565 242 33 Sea-Bathing,
1961 563 159 34 Boating,
2138 562 153 38 Fishing,
2305 560 55 33 &c.

1507 599 126 28 Cusine
1646 600 69 26 and
1729 598 209 30 attendance
1957 598 38 27 of
2014 598 61 27 the
2096 597 86 31 best.

954 644 95 25 Famed
1058 644 38 24 for
1108 644 31 25 its
1153 645 117 24 Curative
1282 643 93 25 natural
1388 642 105 24 medical
1507 642 53 24 Hot
1572 642 102 32 Springs
1686 642 52 24 and
1751 639 83 27 Baths.
1870 640 37 25 As
1919 640 42 24 the
1976 639 103 33 Springs
2091 639 48 24 and
2152 638 75 25 Baths
2239 646 42 16 are
2291 637 41 24 the
2345 640 115 28 property
2474 634 25 24 of
2511 634 41 24 the
2564 632 86 29 Hotel,
2663 631 99 25 visitors

986 686 42 17 are
1037 678 113 33 supplied
1160 679 58 25 with
1227 677 104 28 Towels,
1344 676 49 24 and
1406 684 44 16 can
1458 674 58 25 take
1526 684 30 15 an
1569 675 129 24 unlimited
1710 675 103 24 number
1826 674 27 25 of
1865 673 74 25 Baths
1951 679 26 18 at
1988 681 47 24 any
2048 673 60 23 time
2121 673 26 23 of
2156 672 41 24 the
2210 672 47 31 day
2272 668 78 31 FREE
2362 670 65 24 from
2441 676 47 23 any
2496 668 89 32 charge
2596 666 133 25 whatever.

1192 719 226 41 TARIFF
1436 718 122 39 PER
1572 718 142 47 DAY,
1736 718 54 39 8s
1804 717 73 45 6d;
1912 715 122 40 PER
2048 714 194 47 WEEK,
2263 713 73 39 £2
2386 710 94 41 10s.

1367 773 162 34 Cottages
1542 772 35 28 to
1590 772 50 28 let
1651 772 49 34 by
1712 772 60 28 the
1789 771 109 32 week,
1911 769 133 34 month,
2058 776 42 21 or
2117 769 61 28 the
2197 774 126 23 season

955 818 49 24 For
1023 827 49 24 any
1084 816 164 27 information
1261 816 114 33 required
1388 815 83 33 please
1484 815 73 32 apply
1569 820 26 19 to
1607 815 131 32 Manager.
1806 828 35 5 _

1516 858 60 44 A.
1604 857 54 40 A.
1686 856 205 46 SMITH,
2012 854 281 47 Proprietor.

2159 1034 160 21 tms&m&m

1873 1188 893 80 COACMINGLINE

2061 1397 529 56 BETWEEN

1992 1588 269 54 Botorua
2299 1583 118 57 and
2451 1581 221 70 Taupo.

2056 1747 223 28 OFFICIAL
2303 1742 286 31 TESTIMONY.

1976 1808 245 40 HITCHEN'S
2248 1808 151 40 BLOOD
2422 1805 244 40 RESTORER

1872 1853 42 20 Won
1922 1856 40 22 high
1969 1859 74 16 honours
2050 1861 19 14 at
2075 1860 29 15 the
2112 1859 76 17 Colonial
2196 1858 93 16 Industrial
2296 1858 99 16 Exhibition
2406 1856 39 16 held
2453 1857 18 15 in
2481 1855 109 20 Wellington,
2599 1855 33 15 ai.d
2652 1860 11 10 n
2678 1853 27 16 the
2716 1851 52 18 officii.

1910 1880 57 18 report
1973 1879 92 16 submitted
2072 1881 17 13 to
2096 1879 28 16 the
2132 1880 115 15 (government
2257 1879 29 15 tho
2293 1878 88 19 following
2388 1877 86 16 reference
2481 1881 34 10 was
2522 1877 48 14 made
2576 1876 18 14 to
2601 1875 19 14 it.

1968 1900 21 15 A.
2000 1900 23 14 H.
2031 1899 88 18 Hitchens,
2124 1898 97 19 Auckland,
2228 1898 49 15 sends
2282 1903 11 10 a
2300 1898 54 19 small,
2361 1898 33 15 hut
2400 1897 80 15 valuable
2488 1895 69 19 exhibit,
2565 1894 92 20 consisting
2670 1893 18 17 of
2702 1898 9 10 a
2719 1896 40 16 vege-

1871 1918 44 17 table
1922 1919 93 19 compound
2022 1919 45 16 from
2074 1919 42 16 Now
2123 1918 75 17 Zealand
2204 1919 54 18 herr-B,
2264 1919 27 14 for
2296 1919 28 14 tho
2331 1923 40 10 cure
2378 1917 18 16 of
2410 1916 111 20 Indigestion,
2535 1914 122 19 Rheumatism,
2670 1913 101 15 Rheumatic

1872 1938 45 16 Gout
1928 1939 33 15 and
1967 1939 98 19 Impurities
2072 1939 17 15 of
2094 1939 28 15 tho
2131 1938 59 16 Blood.
2213 1938 35 15 The
2252 1938 58 16 maker
2317 1937 33 16 and
2358 1936 84 16 exhibitor
2456 1935 58 17 claims
2526 1935 28 15 for
2570 1934 33 15 this
2614 1933 80 16 medicine
2707 1933 64 15 several

1871 1958 91 20 important
1969 1959 83 19 qualitios,
2059 1959 34 14 and
2100 1959 31 15 has
2138 1958 61 20 gained
2206 1958 28 15 tho
2244 1958 38 16 first
2289 1957 48 16 order
2344 1957 18 16 df
2372 1957 50 15 merit
2429 1957 45 15 from
2481 1956 29 15 tho
2521 1955 66 20 judges.
2615 1954 36 15 The
2665 1953 106 20 preparation

1871 1978 13 14 is
1891 1980 31 14 not
1929 1980 18 14 to
1954 1979 20 15 bo
1981 1978 107 16 confounded
2094 1978 40 16 with
2141 1978 80 19 ordinary
2228 1978 56 19 quack
2291 1977 96 19 mcdidiiios,
2394 1976 89 16 inasmuch
2488 1980 19 10 as
2514 1975 14 15 it
2541 1975 14 15 is
2569 1975 28 14 the
2603 1973 72 19 product
2688 1973 18 14 of
2719 1976 52 15 many

1871 2002 48 15 yoars
1926 1998 17 15 of
1954 1999 51 19 study
2013 1998 35 16 and
2053 1997 120 20 investigation
2178 1998 23 19 by
2208 2003 21 10 an
2235 1998 75 15 eminent
2317 1997 85 19 physician
2410 1997 19 15 of
2434 1997 28 14 tho
2470 1997 53 18 Army
2530 1994 72 15 Medical
2613 1992 49 26 Staff,
2669 1992 40 16 with
2716 1992 55 14 whom

1872 2018 29 14 the
1907 2018 84 16 exhibitor
1997 2018 59 16 served
2063 2018 61 19 during
2131 2018 30 16 the
2172 2018 44 15 Now
2223 2017 73 15 Zealand
2307 2022 35 10 war
2354 2022 19 10 as
2386 2016 80 16 assistant
2477 2015 89 19 Dispenser
2573 2015 18 14 to
2608 2013 29 16 the
2651 2012 40 15 New
2699 2012 73 14 Zealand

1871 2036 65 18 Forces.
1957 2037 28 16 Mr
1991 2038 84 15 Hitchens
2081 2037 76 19 explains
2164 2037 40 16 that
2211 2037 28 15 the
2246 2041 47 12 cures
2300 2037 19 15 of
2325 2036 124 19 Rheumatism,
2458 2036 31 18 etc,
2498 2034 69 16 effected
2573 2034 23 19 by
2609 2032 27 16 his
2646 2032 87 18 medicine,
2743 2035 29 11 are

1871 2057 33 15 due
1909 2058 71 19 entirely
1986 2059 18 15 to
2011 2058 21 14 its
2041 2057 93 16 wonderful
2140 2057 50 15 effoct
2197 2061 45 16 upon
2249 2057 29 15 the
2284 2057 50 15 blood
2347 2057 23 19 hy
2383 2056 23 16 its
2413 2055 91 19 cleansing,
2512 2053 92 21 purifying,
2616 2052 33 16 and
2659 2052 113 19 invigorating

1871 2081 62 15 power-
1954 2078 18 16 It
1983 2079 14 14 is
2002 2077 48 16 made
2057 2077 45 16 from
2108 2077 43 16 New
2159 2077 73 16 Zealand
2242 2077 50 15 herbs
2298 2077 34 16 and

2112 2124 225 25 NOTABLE
2371 2122 166 27 CURES.

1873 2157 92 21 Mention
1974 2158 17 20 is
2001 2157 59 21 made
2070 2165 22 12 ox
2101 2157 35 20 tlio
2145 2156 107 27 following
2260 2163 22 14 as
2292 2164 12 13 a
2313 2157 40 20 few
2361 2157 21 19 of
2389 2157 36 19 the
2434 2154 109 21 multitude
2553 2153 22 20 of
2584 2157 57 15 cures
2651 2150 92 21 effected:
2745 2161 26 3 —

1893 2192 137 20 Sciatica—Gapt
2053 2192 94 19 Farquhar,
2156 2197 13 11 8.
2179 2197 13 10 s.
2214 2191 101 17 'Clansman'
2335 2204 7 10 B
2343 2198 40 16 tant
2390 2197 108 20 Dysentery,
2507 2194 63 17 causod
2581 2194 24 20 by
2613 2192 80 21 working
2702 2192 19 16 in
2738 2190 34 17 bad

1873 2214 89 15 Auckland
1967 2213 56 16 whose
2028 2217 38 11 case
2072 2217 35 11 was
2112 2211 97 17 considered
2215 2213 17 14 to
2238 2211 20 16 be
2264 2213 51 19 hope-
2335 2220 26 16 air
2369 2225 28 10 an(
2397 2219 7 16 j
2410 2220 34 15 wet
2451 2223 18 10 m
2470 2218 6 15 i
2477 2211 19 25 ne
2506 2211 9 25 3
2515 2211 20 25 at
2540 2216 28 16 tho
2573 2214 120 17 Thames—D.
2709 2213 61 17 Elkin,

1873 2234 24 14 leB
1899 2239 13 11 *-
1971 2253 11 4 ..
2025 2252 23 5 ...
2068 2251 13 4 _
2103 2234 2 27 .
2129 2252 14 9 n
2143 2252 30 9 „.
2198 2251 8 10 T
2263 2234 4 27 .
2356 2238 177 20 Rheumatism—Mr
2540 2237 61 18 James
2608 2236 55 20 Pook,
2672 2234 99 17 Auokland.

1893 2253 114 16 Rheumatism
2013 2257 17 11 01
2035 2252 28 15 the
2068 2252 108 18 Feet-Onpt
2195 2251 58 16 James
2257 2253 58 15 Avon-
2357 2263 99 16 CanceroUß
2483 2259 53 18 Ulcer
2554 2259 19 16 in
2592 2257 97 17 Face-Mr
2703 2256 30 17 W.
2751 2255 19 17 C.

1873 2273 43 19 dale,
1924 2272 91 17 Auckland
2028 2273 16 16 1/
2053 2277 50 15 years
2110 2272 85 19 standing.
2335 2285 24 8 m
2369 2285 13 8 ,,
2429 2274 34 19 i;.
2464 2281 19 12 H
2484 2281 35 12 .„i

1893 2293 101 15 Rheumatic
2001 2293 53 18 Gout,
2062 2297 18 10 so
2087 2292 34 15 bad
2128 2292 38 15 that
2173 2292 29 15 the
2208 2291 67 20 patient
2282 2292 33 16 had
2338 2288 77 16 Walker,
2425 2288 101 12 AucKiana.
2667 2300 6 5 ,
2693 2299 24 13 w
2719 2305 8 3 .
2730 2300 16 12 ln
2748 2304 16 6 „

1874 2313 36 15 ohe
1917 2312 51 16 lifted
1975 2312 18 16 in
2000 2312 35 16 and
2042 2312 31 16 out
2080 2312 18 15 of
2104 2312 82 16 bed-Mr
2194 2312 28 16 W.
2237 2312 77 20 Hunter,
2356 2307 106 17 Rheumatic
2481 2301 99 34 foul-Mr
2598 2300 85 17 Edwards
2693 2300 78 21 Wato,

1874 2333 74 16 Orraond
1955 2333 75 19 Poverty
2041 2333 43 19 Bay.
2334 2328 130 19 Confectioner,
2480 2324 96 19 Auckland;
2585 2323 28 17 Mr
2619 2321 100 18 Alexander
2727 2321 44 16 Bar-

1896 2354 105 16 Rheumatic
2007 2353 110 16 Fever—Mr
2133 2352 71 21 Brown,
2220 2352 95 17 Britannia
2334 2353 40 17 rett,
2385 2350 61 18 Queen
2462 2348 62 18 Street,
2541 2346 91 16 Auckland
2642 2349 5 15 ;
2662 2346 31 27 Mr_
2707 2346 23 13 JS.
2747 2346 24 15 V.

1875 2375 76 21 Height,
1966 2375 73 16 Nelson.
2334 2371 94 19 Halstead,
2437 2370 106 19 Veterinary
2551 2368 86 19 Surgeon,
2649 2364 101 18 Auckland.

1896 2397 105 16 Rheumatic
2017 2396 54 21 Gout,
2088 2396 77 22 Dropsy,
2185 2397 59 20 Ague,
2261 2396 54 17 Liver
2345 2392 124 19 Rheumatism
2476 2392 19 15 in
2501 2390 30 16 the
2536 2389 58 16 Knees
2600 2388 34 16 and
2639 2387 48 19 Feet,
2694 2387 78 20 brought

1875 2418 105 21 Complaint,
1990 2418 35 16 and
2032 2418 83 16 Stomach
2132 2418 70 21 Oougb,
2219 2420 47 14 moat
2275 2418 37 16 dis-
2335 2421 22 11 on
2364 2416 24 20 by
2397 2413 82 21 working
2487 2413 18 16 in
2514 2411 105 17 water—Mr
2632 2411 85 14 Matthew
2733 2411 38 13 Box

1876 2440 127 20 tressing—Mr
2019 2439 79 21 Waugh,
2116 2440 85 20 Bombay,
2224 2439 90 19 Waikato;
2334 2437 83 16 Thames.
2541 2437 4 23 _
2759 2450 6 6 ,

1874 2462 53 19 given
1934 2467 30 14 up,
1974 2467 22 10 no
2004 2462 45 15 hooe
2057 2461 41 16 held
2107 2464 38 17 out,
2154 2462 134 16 recommended
2297 2464 18 13 to
2355 2457 133 18 Rheumatism,
2498 2460 73 16 causing
2582 2454 68 16 intense
2657 2457 49 17 pain,
2714 2454 57 14 whitA

1875 2488 23 15 go
1905 2484 50 16 home
1963 2483 35 16 and
2009 2474 36 29 diS.
2334 2479 96 23 prevented
2438 2479 31 16 tho
2476 2477 68 22 patient
2552 2477 45 15 from
2604 2475 54 20 being
2663 2479 40 11 over
2708 2474 63 16 turned

1897 2504 131 17 Inflammation
2044 2505 18 17 of
2076 2505 31 16 the
2121 2505 54 17 Liver
2195 2504 34 17 and
2245 2504 70 17 Gastric
2335 2504 17 15 in
2361 2502 34 16 bed
2402 2501 46 16 -Mr
2455 2500 60 16 David
2522 2498 63 21 Barry,
2594 2497 82 15 Newton.

1874 2525 51 18 Juice
1931 2527 17 16 of
1957 2527 30 16 the
1998 2526 136 18 Stomach—Mr
2147 2527 79 17 Thomas
2241 2526 72 22 Macky,
2356 2523 76 17 Chronic
2440 2520 153 23 Dysentery—Mr
2601 2520 22 16 A,
2632 2520 82 18 Bettany,
2725 2520 13 13 f
2740 2522 29 11 on-

1875 2547 98 22 Merchant,
1981 2549 101 17 Auckland.
2334 2545 55 21 sonby
2397 2544 58 19 Road,
2470 2542 98 17 Auckland.
2747 2542 4 27 .

1896 2569 61 22 Lupus
1963 2571 19 15 of
1987 2572 30 15 tho
2022 2570 98 18 Face-Mr
2125 2570 86 21 Dickson,
2220 2569 95 17 Auokland
2357 2566 77 18 Chronic
2449 2565 124 16 Rheumatism
2592 2568 18 10 in
2629 2562 29 16 the
2666 2566 55 16 spine,
2733 2562 37 19 hip,

1896 2591 106 17 Rheumatic
2009 2592 103 18 Gout—Mr
2130 2593 103 20 Blaokman,
2249 2591 65 17 \EWen-
2335 2590 49 19 knee,
2390 2589 64 21 joints,
2467 2585 62 18 call[of
2539 2585 29 16 the
2581 2585 35 19 leg,
2636 2585 34 14 and
2690 2585 59 13 toes—
2752 2585 19 13 I.

1874 2613 17 16 in
1893 2618 11 15 K
1913 2613 110 21 Star'office,
2036 2614 102 17 Auokland.
2335 2611 81 20 Morgan.
2425 2609 66 16 Mount
2497 2607 50 17 Eden
2556 2606 56 19 Road,
2620 2604 92 16 Auckland

1896 2635 122 16 Rheumatism
2027 2636 19 16 of
2062 2638 21 15 23
2102 2636 59 21 years'
2178 2634 137 22 standing-Mr
2335 2632 107 16 Rheumatic
2450 2630 48 16 Gout
2515 2627 59 17 which
2581 2626 79 17 confined
2668 2625 29 17 the
2703 2626 69 20 patient

1874 2655 78 18 William
1960 2657 86 21 McEvoy,
2055 2658 39 16 Pitt
2101 2658 84 22 Terr.ioe,
2192 2656 101 17 Auokland.
2335 2656 18 14 to
2361 2654 28 16 his
2396 2653 34 16 bed
2437 2653 28 16 for
2477 2650 108 18 weeks-Mr
2591 2650 22 14 T.
2622 2650 18 30 J.
2657 2650 113 17 Bainondge,

1895 2678 79 20 Sciatioa,
1985 2679 34 16 and
2027 2679 148 19 Immbafro—Mr
2182 2681 24 16 N.
2213 2678 101 20 McMillan,
2335 2675 99 20 Ponsonby,
2443 2672 111 21 Auckland..

1874 2699 67 17 Vulcan
1949 2700 55 21 Lane,
2014 2701 100 17 Auckland.
2363 2696 76 17 General
2456 2694 82 20 Debility
2549 2692 35 17 and
2603 2691 116 21 Indigestion,
2737 2689 34 16 and

1895 2721 154 22 Lumbago-Mrs
2058 2724 54 21 Mary
2119 2723 64 21 Knox,
2193 2721 74 22 Rokeby
2280 2721 34 21 St.,
2335 2719 83 20 inability
2426 2719 19 14 to
2453 2717 44 20 keep
2503 2714 87 21 anything
2602 2718 23 11 on
2634 2711 137 17 thestomach-

1873 2733 101 28 Auokland?
2100 2733 10 13 '
2335 2741 29 16 Mr
2372 2738 66 18 Gerald
2446 2738 63 20 Grace,
2519 2736 59 21 Kyber
2584 2735 47 19 Pass,
2639 2733 99 17 Auckland.

1894 2765 134 17 Sciatica-Mrs
2035 2766 19 18 J.
2063 2766 94 22 Ronwiok,
2173 2766 61 18 Drake
2249 2765 65 19 Street,
2368 2759 128 19 Sciatica-Mr
2510 2758 48 17 John
2573 2756 51 21 Ross,
2640 2755 51 16 Duke
2707 2754 64 18 Street.

1873 2785 98 19 Auokland.
2335 2782 101 19 Auckland.
2660 2782 2 22 ,

1893 2808 121 17 Rheumatism
2022 2810 19 16 of
2049 2811 21 16 20
2077 2811 57 20 years'
2154 2810 86 20 standing
2256 2807 59 18 which
2357 2805 97 19 Discharge
2459 2803 20 16 of
2486 2801 56 17 Blooi
2549 2803 45 14 from
2601 2799 28 17 tho
2636 2798 136 21 Bowels-Capt

1872 2829 76 22 brought
1956 2836 22 10 on
1985 2832 75 16 Asthma
2068 2832 34 16 and
2108 2831 128 22 Dropsy—Mr
2243 2829 72 18 Samuel
2334 2827 21 17 T.
2364 2825 95 21 Aldndge.

1871 2841 55 29 Field.
1936 2852 48 17 Lorn
1992 2853 57 16 SUeet
2055 2854 105 16 Auckland.
2356 2848 55 17 Great
2418 2846 79 20 lability
2505 2845 34 17 and
2544 2843 86 21 Bleeding
2638 2844 20 14 at
2665 2841 30 17 the
2702 2841 69 17 Nose-

1892 2872 174 19 Rheumatism-Mr
2070 2876 26 16 H.
2105 2875 71 21 Lewis,
2187 2874 61 19 Queen
2257 2874 58 16 Street
2334 2870 29 17 Mr
2369 2870 77 16 Thomas
2453 2868 85 19 Pellican,
2552 2866 100 19 Ponsonby.

1870 2894 99 18 Auokland.
2355 2891 99 20 Neuralgia
2462 2889 36 16 and
2505 2888 81 17 Nervous
2594 2886 140 21 Debility—Mrs
2745 2886 25 15 H.

1892 2916 75 17 Soiatioa
1974 2918 35 16 and
2017 2917 152 20 Lumbago—Mc
2178 2918 52 17 Chan.
2239 2918 74 19 Honey-
2336 2913 64 20 Waite,
2409 2910 100 18 Auckland,

1870 2938 67 21 combe,
1944 2939 102 19 Auckland.
2088 2925 12 15 B
2293 2925 12 15 7
2355 2935 53 17 After
2415 2933 61 17 effects
2491 2932 19 16 of
2515 2930 105 18 Rheumatic
2638 2928 60 20 Fever,
2714 2926 56 18 which

1898 2959 104 19 Rheumatic
2021 2961 101 18 Gout-Mr
2140 2961 64 23 Elliot,
2222 2961 91 21 McGuire,
2334 2957 33 16 left
2375 2957 30 16 the
2413 2955 70 22 patient
2491 2952 128 23 helpless-Mr
2626 2951 48 17 John
2683 2951 24 15 H.
2717 2951 54 15 Jones

1869 2980 109 23 Contractor,
1987 2983 101 17 Auckland.
2335 2978 100 17 Auckland.
2673 2991 96 12 ..„„■,

1891 3003 73 17 Chronic
1983 3004 121 18 Rheumatism
2108 3005 57 17 .-Mr
2184 3005 72 17 Rorald
2275 3005 39 16 Mc-
2355 3000 72 20 Kidney
2435 2996 116 31 sjWgs,»*
2558 2994 92 21 Lumbago
2661 2993 18 17 of
2687 2994 20 16 20
2713 2997 50 17 years

1867 3024 74 22 Donald,
1951 3025 90 17 Rolleston
2053 3027 43 16 Strei
2104 3029 19 19 ,t,
2136 3028 82 17 Thames.
2334 3020 137 21 standing-Mr
2480 3019 80 17 William
2566 3018 42 15 Trie
2630 3024 16 8 ~
2660 3016 32 20 i>l
2698 3022 11 9 .i
2716 3020 5 11 i
2739 3016 31 14 in.

1889 3045 115 23 Indigestion,
2019 3048 75 16 General
2115 3050 87 21 Debility,
2217 3048 36 18 and
2268 3048 46 17 Con-
2334 3048 41 12 near
2383 3042 82 17 Howick.

1867 3078 64 22 These
1941 3086 57 14 cures
2008 3088 35 13 are
2049 3081 28 20 all
2087 3081 93 21 attested
2189 3082 30 26 hy
2228 3079 143 25 testimonials,
2379 3077 68 22 which
2455 3077 36 20 the
2505 3075 152 21 manufacturer
2665 3073 43 26 has,
2719 3072 52 21 with

2111 3109 106 20 hundreds
2227 3109 22 19 of
2259 3107 74 24 others,
2342 3106 22 20 in
2369 3106 33 19 his
2411 3103 122 28 possession.

1954 3159 41 17 Sold
2005 3160 24 21 by
2041 3160 24 16 all
2070 3161 113 21 respectable
2193 3161 88 17 Chemists
2287 3160 35 16 and
2334 3158 126 21 Storekeepers,
2471 3155 34 17 and
2516 3154 23 22 by
2551 3154 29 16 the
2587 3153 103 22 proprietor,

1972 3186 29 20 H.
2011 3186 27 19 A.
2048 3186 30 19 H.
2093 3187 158 25 HITCHENS,
2264 3187 24 18 50
2311 3186 125 19 Siioktland
2447 3184 86 21 Stheet,
2542 3180 121 20 Auckland.

1891 3240 46 41 W.
1956 3240 197 39 Blomfleld
2169 3242 38 39 &
2220 3241 67 50 Co.,
2333 3250 37 35 A
2370 3248 78 19 DVICE>
2650 3245 57 26 ?BY

1864 3295 214 21 TOTALISATOR
2352 3309 16 16 D
2369 3309 21 15 R.
2406 3307 58 16 NEIL
2474 3307 30 14 has
2520 3306 75 20 pleasure
2608 3305 18 15 in
2641 3304 92 20 informing
2746 3304 26 15 his

1891 3330 42 17 Ate
1940 3328 102 24 prepared
2049 3332 23 15 to
2086 3328 59 21 make
2152 3335 134 17 arraneemen
2294 3334 20 17 ts
2333 3330 73 19 patrons
2412 3328 34 16 and
2453 3327 30 15 the
2490 3327 57 19 public
2553 3326 38 14 that
2600 3325 20 15 he
2627 3325 30 14 has
2667 3325 68 15 teemed
2742 3325 29 15 the

1864 3359 25 7 ««
1909 3344 122 22 -F0,r,*.,5.,ki„
2051 3356 12 10 +
2141 3356 13 10 c
2194 3344 19 20 ,V
2215 3344 12 12 8
2307 3349 18 17 ,;
2332 3349 70 15 services
2408 3348 19 15 of
2437 3352 10 10 a
2453 3347 93 19 competent
2552 3349 80 15 manager
2641 3345 28 15 for
2679 3344 25 15 his
2714 3344 46 16 Auck-

1864 3359 27 13 on
1909 3355 122 19 favourable
2051 3356 67 19 terms
2141 3356 37 20 for
2192 3358 37 20 the
2238 3365 39 14 use
2286 3363 21 17 ot
2319 3358 54 25 (w
2390 3367 81 19 business,
2489 3367 55 14 whose
2561 3359 68 21 mediT-'
2647 3365 75 8 ■>-»•».-
2738 3363 32 10 ---<

1864 3380 55 20 tbeir
1927 3380 112 21 machines.

2039 3408 104 21 Address

1903 3469 6 8 ,
1947 3443 195 33 JDlOmriGla
2178 3443 38 36 &
2250 3446 47 35 CO
2325 3464 48 10 curer
2397 3454 108 19 oftheage;
2524 3452 30 15 has
2567 3451 50 16 cured
2633 3451 45 15 colds
2694 3450 17 16 ol
2711 3443 2 38 :
2726 3450 44 14 from

1931 3484 43 15 nil
1982 3485 57 14 EXM
2104 3486 125 13 cVBtPT
2299 3475 6 10 '
2325 3483 49 11 seven
2381 3480 24 14 to
2413 3475 29 15 ten
2453 3478 49 15 years
2513 3471 82 19 standing.
2617 3471 54 19 Price,
2682 3470 17 15 2s
2709 3469 21 16 6d
2740 3473 30 15 per

1931 3486 120 33 QUEEN.
2103 3486 135 37 STREET,
2324 3498 60 16 bottle.

1994 3518 179 28 AUCKLAND.

2299 3574 4 15 :
2325 3574 76 13 Woollen
2417 3574 61 12 Auwi
2496 3574 60 15 «T.
2567 3574 97 15 wTT,
2740 3580 27 9 „„a

2299 3585 6 20 i
2323 3595 52 13 Rsven
2382 3595 23 13 up
2412 3591 22 17 by
2448 3588 35 14 two
2496 3586 65 15 doctors
2575 3584 56 15 detore
2644 3584 9 14 I
2664 3580 104 18 commenced

2299 3599 6 16 '
2323 3611 60 18 taking
2396 3596 43 33 yoi
2460 3606 51 18 Lung
2530 3604 72 17 Balsam,
2620 3603 34 15 and
2677 3601 8 15 X
2702 3601 66 15 declare

1912 3621 2 22 .
2323 3629 73 14 without
2406 3634 33 9 anv
2460 3624 119 19 exaggeration
2591 3623 36 15 that
2644 3622 13 14 it
2674 3621 50 14 saved
2740 3624 28 14 my

1860 3641 17 12 IS
1900 3637 35 17 tllO
1959 3640 48 21 Olliy
2029 3644 65 19 paper
2107 3638 114 26 publisaed
2234 3640 23 19 in
2270 3640 35 20 the
2322 3650 30 16 life
2380 3650 39 18 Any
2439 3654 20 10 su
2469 3645 49 15 tt'eier
2527 3643 59 15 thould
2727 3640 41 15 witli

1860 3660 93 20 Eotorua
1975 3662 91 25 District,
2082 3665 41 18 and
2141 3665 18 19 is
2173 3666 105 19 therefore
2293 3673 12 13 a
2321 3661 45 25 mo.'"
2389 3669 75 16 Priced
2479 3664 21 16 6d
2504 3667 31 16 per
2540 3662 58 19 bottle;
2616 3662 32 14 tivo
2658 3661 27 15 for
2694 3660 33 14 IDs.

1886 3788 62 24 gtion
1966 3790 100 18 executed
2082 3791 53 19 with,
2161 3789 116 22 neatness?

1886 3810 57 23 gaud
1958 3810 99 22 despatch
2072 3813 23 17 at
2111 3813 39 19 the
2169 3814 55 19 office
2239 3809 37 24 of°

1886 3835 11 19 g
1902 3831 43 19 this
1953 3836 69 18 paper.
2264 3830 12 20 8

1869 3859 262 16 ooooooocooooooooooooooooc
2135 3866 123 12 /00000000000
2264 3861 12 20 §
2281 3865 11 11 o

2331 3387 74 20 hospital
2418 3387 98 19 experience
2526 3385 68 15 enables

2374 3407 60 15 advice
2440 3407 28 14 for
2474 3406 28 15 the
2513 3405 89 15 treatment
2608 3403 19 16 of
2633 3403 53 15 diseea

2345 3440 15 15 B
2363 3434 55 16 ALM
2436 3434 29 16 OP
2483 3431 148 18 GILEAD.—The
2646 3431 73 19 greatest
2729 3430 42 15 Cold

2324 3499 60 15 bottle.

2344 3532 65 16 LUNG
2429 3525 155 19 BALSAM—WiII
2594 3529 39 12 cure
2650 3521 119 21 Consumption

2324 3552 18 15 in
2349 3552 22 15 its
2438 3551 21 11 or
2469 3546 62 15 middle
2540 3546 61 18 stages.
2622 3544 46 16 Miss
2679 3544 89 16 Kusbkll,

2324 3571 77 16 Woollen
2417 3572 13 14 A
2436 3567 42 18 tills,
2495 3565 99 19 Onehunga,
2612 3564 64 20 speakß:
2735 3565 34 11 was

1912 3690 96 23 splendid
2018 3690 127 26 advertising
2154 3692 100 20 medium.
2342 3707 104 16 cASCAKA
2464 3706 24 15 Bl
2492 3702 8 6 T
2500 3702 10 15 r
2510 3701 29 15 TE
2540 3702 16 14 »
2556 3701 12 14 s
2568 3708 19 3 -
2587 3699 35 16 The
2632 3698 27 15 on,
2661 3702 11 16 f
2682 3698 36 16 roal
2729 3703 39 12 cnro

1886 3724 12 15 6
2266 3735 12 9 0
2322 3728 27 15 for
2366 3727 106 18 costiveness,
2490 3720 116 21 indigestion,
2622 3718 92 16 Headache
2735 3719 33 15 and

1871 3744 422 18 ooooooooooooooooooooooooooo'jooooooooooo
2321 3746 104 17 Flatulence,
2436 3745 69 18 making
2526 3744 12 11 a
2553 3742 87 12 miserable
2658 3742 28 11 iiio
2704 3742 63 16 nappy:

2322 3786 112 16 Suffisubb'b
2446 3785 75 14 1-BiKNB.
2617 3781 18 12 /s
2643 3781 21 12 Oct
2670 3782 30 15 per
2707 3781 59 12 bottle-

2341 3823 68 16 Ladies
2438 3820 136 17 Cohpmsxioks
2601 3815 92 16 beautified
2719 3815 49 16 made

2347 3906 28 10 tnu
2382 3906 48 10 liver,
2452 3906 9 9 i
2466 3906 33 8 iii.u
2505 3906 18 7 -»
2537 3906 12 6 u
2554 3906 208 14 !■"""■;'"",,,,;;

2340 3922 66 15 HUSH
2424 3918 59 17 MOSS
2499 3917 50 16 AND
2573 3915 50 15 COD
2627 3914 84 29 JUVEK
2728 3913 39 15 OIL

1881 3921 46 40 M
1932 3921 17 16 K
1973 3921 64 41 W.
2069 3923 47 40 J.
2142 3923 124 40 W™*-
2507 3935 114 8 ■•■--■■—
2651 3921 2 42 :

1907 3972 154 20 BARRISTER
2072 3974 18 18 &
2102 3975 144 20 SOLICITOR.
2324 3966 81 34 debiTity!
2427 3993 9 2 -

1858 3994 153 22 (Commissioner
2020 3996 21 16 of
2048 3996 33 17 the
2102 3997 93 24 Supreme
2210 3998 61 18 Court
2283 3998 21 18 of
2342 4015 16 6 _
2423 4010 42 11 -.-,„
2491 4013 16 8 „
2508 4014 6 7 r
2525 4013 12 8 „
2557 3994 4 27 .
2597 3994 3 27 ,

1857 4039 88 18 Solicitor
1957 4041 20 17 to
1985 4040 32 19 tho
2025 4042 25 17 N.
2061 4042 25 18 Z.
2097 4044 85 18 Uoverm:

1964 4064 98 19 Advances
2073 4070 21 13 CO
2103 4067 78 18 Settlers
2319 4076 40 15 ToU

1857 4086 96 18 Victoria
1962 4087 90 24 Ahcade,
2065 4089 118 23 Queen-st.,
2191 4090 110 19 Auckland.
2319 4095 57 17 Herbs
2384 4094 33 16 and
2424 4094 51 15 Herb)

1879 4109 48 18 Moil
1958 4112 19 15 to
1986 4111 52 18 lend
2046 4116 28 14 on
2087 4113 86 19 freehold
2185 4115 85 23 security
2282 4118 20 15 at
2462 4120 85 19 ADVICE
2563 4117 63 17 BBEE

1857 4132 217 50 &%?&£
2092 4137 23 18 M
2117 4142 27 18 °*
2144 4143 23 18 ey
2175 4138 91 23 iUV(iaM>
2272 4137 9 19 f
2281 4143 11 13 °
2293 4144 9 13 r
2338 4148 97 22 ******
2490 4150 14 19 P
2505 4132 4 50 -
2523 4148 18 17 M
2543 4132 4 50 -
2747 4142 16 18 A

2372 4012 4 22 ',
2388 4015 84 19 NEIL'S,
2491 4012 109 19 Wellesley-i

2372 4028 1 24 ;
2382 4036 54 15 above
2443 4035 55 15 Milnto
2506 4030 147 20 andChoyce's.is
2660 4028 104 18 thechcapes

2813 3340 42 20 The
2935 3340 66 21 Court
3019 3343 22 18 at
3066 3340 99 23 Brisbane
3179 3342 30 21 dis-

2787 3366 72 20 missed
2878 3365 35 21 the
2922 3367 72 26 appeal
3009 3366 23 21 of
3048 3368 80 21 Messrs
3145 3368 73 21 Brown

2787 3393 38 19 and
2849 3393 58 23 Beid,
2929 3393 44 20 who
2992 3401 53 13 were
3059 3395 92 25 recently
3170 3402 37 13 non-

2796 3419 53 20 nited
2860 3419 20 20 in
2887 3426 24 13 an
2919 3420 66 19 action
2996 3420 90 28 brought
3093 3421 82 26 against
3184 3422 34 20 the

2787 3445 87 26 Speaker
2883 3445 22 20 of
2921 3446 35 20 the
2966 3447 77 26 Legisb
3048 3448 42 21 tire
3106 3448 112 25 Assembly,

2786 3471 32 21 for
2829 3471 53 21 t>eir
2891 3473 106 23 pxpulsion
3008 3474 54 20 from
3071 3475 36 20 the
3117 3475 71 21 House
3197 3475 21 20 in

2785 3498 119 22 •September
2915 3499 47 21 last.

2808 3524 31 18 An
2846 3525 108 24 interesting
2962 3525 105 24 discovery,
3076 3526 106 24 instancing
3187 3526 33 20 the

2784 3547 100 23 ignorance
2893 3548 21 18 of
2920 3549 49 18 bank
2978 3550 77 18 officials
3063 3551 101 22 regarding
3171 3550 49 19 their

2785 3573 97 21 monetary
2891 3573 63 21 assets,
2962 3573 88 18 occurred
3059 3576 20 15 at
3088 3573 32 18 the
3126 3573 79 19 Commer-

2784 3593 37 20 cial
2833 3593 89 26 Banking
2930 3595 114 29 Company's
3056 3596 53 19 office
3129 3598 88 22 recently.

2784 3616 40 20 The
2849 3617 60 23 teller,
2930 3620 99 23 requiring
3049 3626 52 12 more
3115 3619 101 24 sixpences,

2785 3646 37 13 was
2830 3638 84 28 supplied
2921 3641 47 19 with
2977 3648 11 12 a
2993 3642 37 25 bag
3043 3643 49 18 from
3112 3642 32 20 the
3159 3642 59 24 vault,

2785 3664 61 19 which
2856 3671 37 12 wns
2902 3664 58 19 found
2970 3668 19 15 to
3005 3666 77 19 contain
3098 3666 59 19 brand
3178 3673 40 12 new

2808 3688 47 19 Lion
2878 3689 50 18 coins
2937 3690 19 17 of
2966 3690 45 17 1829
3023 3690 119 18 date—some
3150 3690 40 19 £4O
3198 3697 22 12 or

2784 3717 26 13 so.
2835 3713 27 17 As
2872 3713 30 17 the
2910 3713 93 22 specimen
3011 3713 16 17 is
3036 3719 46 16 very
3093 3720 61 11 scarce
3161 3713 17 18 it
3185 3714 33 18 has

2783 3735 48 18 bean
2840 3735 76 18 decideJ
2926 3735 49 24 (says
2983 3736 78 23 Sydney
3069 3737 67 23 Truth)
3145 3739 19 15 to
3173 3737 44 19 scad

2784 3758 32 18 the
2825 3759 95 23 sixpences
2928 3760 21 17 to
2957 3759 94 21 England'
3061 3760 67 21 where,
3136 3761 16 16 it
3160 3761 16 17 is
3183 3767 24 12 an-

2783 3782 97 23 ticipated,
2905 3782 45 23 they
2966 3782 37 18 will
3020 3782 50 19 fetch
3095 3783 20 18 7s
3128 3783 22 18 6d
3168 3784 50 19 each'

2783 3805 44 18 This
2836 3806 16 17 is
2860 3805 102 18 handsome
2969 3805 80 19 interest
3055 3807 68 23 surely.

2806 3845 120 18 Hallenstcin
2949 3846 60 21 Bros.,
3027 3846 100 23 Clothiers,
3145 3847 71 20 Tailors

2783 3869 38 17 and
2829 3868 99 20 outfitters,
2938 3869 35 18 22G
2981 3870 38 18 and
3025 3871 40 19 228,
3076 3871 64 19 Queen
3149 3871 67 21 Street,

2783 3891 105 18 Auckland.
2913 3892 39 18 Tho
2971 3894 51 17 most
3038 3893 78 18 reliable
3127 3894 57 19 house
3197 3895 19 18 in

2783 3914 32 18 the
2824 3914 87 23 province
2928 3915 30 19 for
2966 3916 73 23 variety
3053 3917 38 17 and
3099 3916 55 19 value
3163 3918 19 17 in
3190 3918 26 18 all

2783 3937 133 23 departments.
2942 3939 88 18 Pattorns
3039 3940 38 18 and
3085 3940 25 18 all
3126 3941 79 18 informa-

2782 3961 40 18 tion
2829 3961 3 27 _
2839 3961 87 23 supplied
2937 3963 21 18 to
2978 3964 82 22 country
3072 3964 103 18 customers
3191 3970 25 13 on

2782 3984 120 23 application.
2928 3986 32 17 Mr
2975 3986 68 22 Japrgs,
3053 3987 43 17 who
3113 3987 103 23 supervises

2782 4007 32 18 the
2828 4007 98 24 Tailoring
2936 4008 127 24 Department
3074 4010 16 17 is
3105 4015 35 13 one
3149 4011 20 18 of
3183 4011 33 18 tho

2782 4031 50 17 most
2851 4027 77 23 reliable
2948 4033 71 17 cutters
3043 4033 20 17 in
3083 4033 33 18 the
3135 4034 79 23 Colony,

2782 4054 48 18 N.Z.
2835 4054 90 25 Clothing
2925 4054 90 25 Factory,
3020 4055 195 21 Auckland.—Advt.
