3426 4351
445 27 2884 155 THE

445 182 1154 154 OXFORD
1791 182 1538 154 OBSERVER

445 336 361 154 AND
926 336 1202 154 CANTERBURY
2248 336 1081 154 DEMOCRAT.

1235 513 521 36 CIRCULATING
1834 516 519 39 THROUGHOUT

1690 680 229 33 EsTABMSHED
1963 684 91 31 1889.

26 836 139 30 Volumn
186 835 65 31 VII
263 834 101 30 —No.
407 831 103 32 NEW
527 828 154 33 SERIES.

1211 821 106 31 EAST
1361 820 185 35 OXFORD,
1561 821 245 40 SATURDAY,
1848 825 241 32 DECEMBER
2105 830 51 36 14,
2176 830 89 29 1895.

2968 837 136 29 Price—
3105 837 86 30 ONE
3208 837 155 31 PENNY.

2946 1955 354 51 SPECIAL!!!

2859 2064 262 57 EIXJLL-STZE,
3165 2067 233 26 ALL-WOOL

2886 2200 211 51 KAIAPOI
3121 2201 251 55 BLANIETS

2960 2298 81 44 19s
3074 2299 60 43 6d
3175 2264 132 87 P&.

2975 2412 164 26 SMALLEE
3180 2413 100 26 SIZES

2948 2486 80 46 15s
3061 2488 60 43 6cl
3178 2489 133 43 Pair.

2901 2588 74 20 BEST
2988 2589 104 19 VALUE
3199 2580 143 42 \6iFF^EED

2984 2732 107 32 Eask
3109 2730 160 45 OxfqM
3288 2723 79 49 :;^

2911 2888 64 28 ME;
2997 2888 177 30 SPECIAL
3203 2888 139 30 RAPIL>

3019 2938 90 30 AND
3133 2938 91 39 SUN,
3252 2962 59 15 ,_
3378 2942 2 2 '

2854 2994 203 38 TRAVELLING
3095 2994 295 40 PHOTOGRAPHERS.

2895 3055 115 37 Views,
3029 3056 128 39 Houses,
3173 3057 131 40 Groups,
3314 3058 76 29 Por-

2854 3098 98 36 traits,
2980 3098 141 30 Animals
3149 3097 55 39 c&c,
3227 3090 93 38 talven
3357 3102 34 26 at

2854 3148 62 19 an\'
2932 3139 106 38 place;
3070 3137 59 41 6/-;
3141 3139 81 39 10/-;
3240 3137 66 41 24/-
3336 3148 55 29 per

2853 3179 106 29 dozen.
3003 3179 163 40 Speoimen
3180 3180 109 39 kindly
3304 3179 86 29 exhi-

2855 3220 81 29 bited
2952 3221 33 28 in
3008 3219 51 29 Mr
3090 3220 150 39 Parish's'^
3247 3221 142 29 window.

2854 3269 151 30 Address,—
3173 3281 69 16 •-.•■-
3247 3295 2 1 .
3293 3282 7 5 -
3323 3272 1 1 '
3335 3280 25 15 ■•..
3370 3283 3 4 •

2952 3315 51 24 ME
3017 3315 146 24 SPECIAL
3175 3304 123 39 EAPID,'

3119 3363 188 32 Photographer
3317 3370 6 22 ;
3340 3370 13 9 v

3164 3411 230 25 SWANNANOA.

2879 3542 215 40 BURRELL
3112 3542 244 48 BROTHEES,

2935 3595 375 45 PHOTOGRAPHERS
3325 3605 7 26 ;

2858 3647 65 20 Have
2926 3647 106 21 removed
3037 3647 23 20 to
3064 3653 61 15 more
3131 3644 267 29 cbuiniddiqus'premises

2958 3680 165 25 VICTOEIA
3142 3680 144 29 STREET^
3299 3681 4 9 :
3344 3680 21 28 /.
3379 3683 10 25 \

2860 3731 117 31 Opposite
3000 3730 128 25 Salvation
3157 3731 78 31 Army
3266 3731 134 29 Barracks,

2900 3764 49 24 and
2961 3772 42 16 are
3015 3763 77 30 doing
3109 3763 154 24 Erianielled.
3280 3763 120 25 Cabinets

2860 3801 37 25 for
2908 3801 42 33 8/6
2961 3810 44 23 per
3015 3801 88 25 dozen.
3128 3801 77 25 Great
3216 3801 185 33 Photographic

2863 3839 123 33 Surprise.
3032 3838 53 26 One
3115 3839 24 25 of
3162 3838 44 27 the
3229 3841 94 31 largest
3346 3849 57 17 ever

2862 3880 153 24 introduced.
3059 3880 80 28 From.
3159 3882 63 24 Dec.
3231 3904 10 5 .,
3244 3882 70 26 l.lth.
3337 3882 68 28 un.til

2862 3920 42 24 the
2915 3920 62 24 New
2989 3920 74 28 Year,
3090 3920 54 25 One
3155 3921 98 35 Dozen)
3273 3922 69 31 large
3353 3922 52 25 size

2864 3959 146 25 Enamelled
3024 3959 94 27 Photo?
3131 3960 39 25 for
3185 3962 55 31 15/-
3252 3962 75 24 usual
3338 3962 67 30 price

2864 3998 36 24 £1
2914 3996 71 31 lOsil
2998 3989 252 50 £ec^af|kftsi!

2864 4035 14 24 2
2879 4035 12 33 /
2892 4037 13 22 6
2909 4054 5 9 '
2942 4024 483 46 ?§M«l|aiT#||s|t#4§&§li

2865 4075 98 26 wonder
2975 4076 26 25 of
3019 4077 45 25 the
3086 4086 55 24 age.
3177 4078 78 25 Don't
3273 4078 62 24 miss
3356 4077 52 26 this*

2865 4116 101 26 chance.
3040 4123 3 20 ;
3167 4129 15 14 .-
3199 4123 4 3 '
3215 4117 8 24 f
3261 4117 16 26 ;t
3330 4112 70 29 .'■]'.'■'

2872 4152 5 10 '
2897 4154 169 27 BUEEELL
3081 4158 197 33 BEOTHEES,

3135 4196 211 36 Photbgrapher&;

2988 4244 116 36 Victoria;
3116 4245 89 35 Street,
3217 4248 196 37 XJliristpltiircli^

2989 925 1 2 ■
3356 914 52 50 .|

2872 981 50 37 G.
2949 982 48 36 E.
3027 983 344 45 WEYLANDT,

2985 1044 111 27 FAMILY
3113 1045 147 32 BUTCHER,
3409 1033 5 40 \

2895 1089 157 40 EAST
3083 1089 264 42 OXFOFO.

2934 1153 119 26 Families
3065 1154 89 25 waited
3163 1162 66 24 upon
3240 1155 76 33 daily.

2853 1312 297 81 HUNTER
3183 1317 48 76 &
3267 1317 119 94 CO.,

3082 1417 77 20 LATE

2895 1451 92 40 ■W-
3035 1451 312 47 STOCKS,

2855 1512 307 33 MONUMENTAL
3213 1514 178 39 MASONS,

2896 1557 119 26 Colombo
3031 1560 76 24 street
3119 1560 49 24 and
3182 1560 80 25 South
3279 1561 67 31 Belt,

2940 1600 353 35 CHEISTCHUHOH.

2945 1710 2 2 •
2956 1715 4 5 .
2964 1702 105 21 AGENT
3083 1703 58 22 FOR
3156 1704 126 27 OXFORD,

2920 1754 53 45 K
3004 1755 57 45 H.
3089 1754 269 55 PARISH.-.
3370 1767 1 2 ■

2857 1826 137 25 Estimates
3005 1827 50 24 and
3066 1828 123 31 Designes
3201 1837 30 16 on
3244 1830 152 30 application

2323 2025 262 46 WALTER
2646 2029 179 45 RYDE.

2411 2121 117 21 TIMBER
2553 2109 193 36 MERCHANT.*

2332 2174 36 49 ,'"
2387 2185 118 32 WEST
2578 2188 184 40 OXFORD.

2306 2295 224 60 ROBERT
2612 2299 231 71 FISHER,

2340 2372 176 28 GENERAL
2544 2375 266 28 STOEEKEEPER

2304 2421 96 45 Teas,
2442 2420 133 46 Coffees,
2614 2421 128 46 Cocoas,
2776 2422 70 39 and

2409 2469 143 39 General
2575 2469 184 39 Groceries-

2356 2518 146 32 WEST
2567 2519 225 32 OXFORD.

2308 2667 105 49 d>il
2594 2667 58 48 ill

2505 2723 138 22 LIMITED.

2334 2782 271 26 CHRISTCHUECH
2625 2782 185 25 BEEWERY.

2536 2843 62 19 THE

2452 2883 229 31 ALES

2427 2919 139 27 'brewed
2578 2926 39 19 by
2631 2925 72 21 this
2721 2919 17 29 .V

2393 2965 370 35 COMPANY

2339 3012 3 23 i
2495 3019 83 21 FROM
2587 3019 62 21 THE

2304 3061 222 41 04t0-10£BT
2543 3061 267 41 TVT/UTittOT
2817 3061 23 36 &

2417 3112 46 21 Are
2473 3113 175 26 acknowledged
2657 3114 25 20 to
2691 3113 28 21 be
2789 3134 3 3 ,
2809 3114 6 19 i
2834 3113 7 3 '

2301 3150 149 22 SUPERIOR
2505 3150 138 23 QUALITY
2653 3150 37 21 TO
2698 3148 65 22 ANT
2770 3150 73 20 PRO-

2368 3191 102 21 DUCED
2484 3191 36 21 IN
2534 3191 74 21 NEW
2622 3191 150 21 ZEALAND.
2811 3189 4 3 '

2330 3229 108 26 Supijliecl
2443 3230 25 20 to
2472 3229 82 21 Hotels
2560 3229 46 21 and
2613 3229 94 21 Private
2713 3229 128 21 Customers

2301 3256 23 20 in
2334 3256 144 25 Hogsheads,
2489 3256 99 25 Barrels,
2599 3256 141 24 Kilderkins,
2751 3255 44 21 and
2806 3257 35 19 10-

2300 3283 90 26 --gallons
2400 3283 63 26 Kegs
2473 3283 61 26 only.

2302 3335 118 41 PALE
2443 3335 93 41 ALE
2559 3337 95 39 AND
2685 3335 157 41 EXTRA

2497 3384 134 45 STODT

2387 3440 94 21 Bottled
2504 3440 24 21 in
2538 3441 85 25 Quarts
2633 3440 46 21 and
2688 3440 72 21 Pints.

2333 3556 48 46 J.
2413 3555 62 46 M.
2505 3555 308 52 VERRELL,

2401 3655 310 27 PHOTOGRAPHER]

2363 3728 440 32 SWANNANOA.

2309 3807 90 25 Orders
2410 3808 28 31 by
2450 3808 59 24 Post
2520 3809 88 23 receive
2624 3809 129 22 immediate
2774 3808 72 23 atten-

2558 3852 57 24 tion.

2312 3997 55 43 P.
2381 3997 52 45 G.
2442 3993 408 49 JOHANNSEN

2417 4068 336 33 BASKETMAKEB.

2313 4152 98 30 Chairsj
2578 4151 51 24 and
2638 4150 214 26 jEerambulators

2446 4200 75 23 Made
2544 4198 50 25 and
2606 4198 130 30 Repaired.

2347 4249 120 31 QUEEN
2482 4247 143 31 STEEET,
2644 4247 65 26 East
2721 4247 100 33 Qxford.

2353 970 33 44 S
2425 970 72 47 W.
2527 972 245 59 TURPIN,

2295 1128 151 22 WORKING
2467 1130 173 27 JEWELLER,
2650 1133 152 27 OPTICIAN,
2808 1136 31 19 &c

2368 1180 79 39 MAIN
2481 1181 138 46 STREET,
2636 1184 127 39 OXFORD

2540 1241 48 14 AND

2378 1271 82 21 HIGH
2470 1272 115 22 STREET
2599 1274 160 23 RANGIORA

2297 1318 261 29 JEWELLERY
2570 1323 33 24 of
2607 1329 95 25 every
2711 1325 128 32 descrip-

2298 1363 63 25 tion
2381 1364 90 24 made
2487 1366 34 22 to
2538 1366 99 31 order,
2660 1369 127 30 altered,
2806 1376 35 18 or

2479 1407 160 31 Repaired.

2510 1525 89 35 and

2304 1573 215 43 quiidihq
2544 1576 135 42 wow
2703 1578 137 41 mm*

2317 1652 93 30 Pipes
2427 1654 148 24 Mounted
2601 1658 60 21 and
2677 1657 151 31 Repaired

2384 1699 116 28 Ladies
2512 1701 77 26 Ears
2606 1703 137 28 Pierced.

2302 1745 68 21 OLD
2380 1746 92 21 GOLD
2493 1747 199 22 ANDSILVER
2704 1750 141 21 BOUGHT

2335 1780 165 31 Specticles
2519 1785 32 23 to
2572 1785 60 23 suit
2645 1786 42 23 all
2706 1786 105 29 sights,

2379 1836 38 30 S.
2443 1820 77 48 W.*
2540 1839 229 38 TURPIN,

2463 1887 77 25 East
2560 1887 128 27 Oxford.

1752 2788 55 31 TO
1832 2788 134 32 STAND
2001 2788 101 30 THIS
2128 2788 160 30 SEASON

1751 2839 90 59 AND
1862 2839 78 24 travel
1955 2838 99 30 Oxford,
2076 2838 49 25 and
2144 2838 71 27 Yiew
2233 2839 56 24 Hill

1827 2872 127 29 Districts;

1768 2914 73 25 THE
1871 2913 102 25 WELL
2001 2913 128 25 KNOWN
2154 2911 115 27 HORSE
2301 2919 2 3 '

1750 3242 82 32 Major
1853 3242 23 25 is
1899 3251 15 16 a
1933 3242 132 25 beautiful'
2076 3244 62 23 dark
2161 3244 126 28 chestnut,
2301 3256 2 19 ,•

1751 3281 118 31 standing
1892 3282 31 25 17
1947 3281 82 25 hands
2051 3281 69 32 high,
2149 3281 61 25 with
2230 3289 53 24 verj
2300 3289 3 20 £

1751 3322 111 30 superior
1882 3321 91 29 action,
2000 3329 15 17 a
2033 3321 65 31 good
2110 3323 104 28 temper,
2241 3322 48 23 and
2302 3336 1 9 <

1750 3366 16 16 a
1777 3358 114 31 splendid
1903 3357 103 25 worker.

1786 3397 53 25 Sire
1841 3411 31 3 —
1873 3396 88 25 Prince
1996 3396 27 26 of
2054 3396 93 31 Wales,
2185 3396 32 33 by
2249 3396 41 26 old

1752 3436 89 25 Prince
1863 3436 27 25 of
1917 3436 84 25 Wales
2041 3437 142 32 (imported)
2194 3445 5 22 ;
2225 3438 64 29 dam,

1752 3476 116 25 Blossom
1880 3476 32 30 by
1925 3476 85 31 Clyde.

1786 3513 80 32 Major
1872 3513 32 26 'is
1914 3514 55 25 well
1978 3515 152 32 _>eonnectedj
2145 3515 61 25 with
2219 3517 71 23 trott-

1752 3550 45 33 ing
1818 3550 92 30 horses,
1940 3551 75 33 being
2037 3551 43 25 the
2109 3552 47 24 sire
2183 3552 27 25 of
2229 3552 62 33 Bep,

1754 3590 134 33 Midnight,
1913 3591 116 33 Eodney;
2052 3592 63 24 amV-
2123 3592 92 30 dtliers,
2243 3593 50 25 and

1754 3629 55 25 half
1822 3629 99 26 brother
1983 3630 72 25 Felix
2074 3631 49 24 and
2147 3631 144 30 Shamrock,

1754 3667 50 24 and
1815 3669 22 23 is
1849 3669 20 23 a'
1875 3669 51 23 fast
1938 3676 85 17 mover
2034 3668 109 25 himself.

1788 3705 100 32 Major's
1900 3705 70 26 stock
1989 3714 27 17 as
2034 3707 116 28 workers,
2161 3711 91 20 cannot
2265 3707 28 24 be

1754 3742 97 31 beaten,
1863 3743 75 32 being
1947 3745 85 28 active,
2051 3745 80 24 sound
2145 3745 49 23 and
2206 3745 87 28 docile,

1756 3783 173 30 commanding
1949 3792 26 17 a.-
1990 3783 64 30 good
2063 3793 3 3 •
2077 3784 70 22 mrice
2171 3784 38 22 for
2227 3785 66 21 town

1757 3832 124 24 purposes.
1931 3825 152 8 '•■■•■■■■••

1778 3860 3 10 '
1790 3862 159 26 TERMS.—
1951 3863 94 26 Season
2080 3865 52 23 303.
2137 3882 5 11 ,
2192 3863 104 34 payable

1759 3903 39 23 Ist
1812 3902 144 28 December,
1977 3903 73 27 1895,
2070 3903 143 23 Guarantee
2232 3904 63 28 505.,

1759 3938 101 32 payable
1884 3941 40 22 Ist
1948 3940 77 30 Sept.,
2054 3940 73 24 1896.
2157 3938 140 33 Groomage

1759 3977 45 29 fee,
1819 3978 37 25 Os.'
2062 3997 24 11 .■
2109 3986 3 3 '
2136 4004 3 4 .
2187 4006 2 2 .

1746 4002 1 24 1
1858 4021 41 22 W.
1917 4022 26 21 J.
1963 4018 162 26 JENKINS.
2139 4022 60 23 Jtjn.

1815 4069 93 26 .'.'•
2121 4069 177 33 Waddington.

1792 4124 82 32 Major
1897 4124 52 25 will
1960 4124 29 25 be
2010 4125 26 24 at
2059 4125 50 24 Mr.
2130 4125 166 26 Zweibruck's

1746 4160 2 38 [
1759 4163 64 26 East
1848 4163 100 29 Oxford,
1982 4171 73 25 every
2077 4164 116 32 Tuesday
2222 4166 78 31 night,

1759 4203 51 24 and
1827 4204 26 23 at
1871 4203 48 24 Mr.
1937 4203 110 30 Feary'9,
2069 4203 75 24 View,
2156 4204 62 30 Hill,
2231 4213 70 23 every

1761 4241 109 32 Monday
1882 4240 87 31 Night.
2083 4262 83 10 •■-..-.

1793 972 76 40 Gh
1922 974 317 47 SMITH,

1744 1045 88 44 ZINC,
1855 1044 71 41 TIN,
1950 1045 65 38 AND
2039 1045 116 42 SHEET,
2181 1047 102 40 STEEL

1951 1111 139 23 WORKER

1780 1148 88 41 High
1892 1148 112 40 Street,
2027 1150 81 31 East
2131 1150 127 32 Oxford.

1746 1255 41 25 All
1799 1256 73 24 kinds
1884 1256 28 26 of
1925 1257 97 33 Pumps
2034 1257 77 26 Fixed
2123 1260 23 23 &
2162 1258 122 33 Kepaired

1861 1311 28 24 at
1900 1310 44 26 the
1957 1311 110 25 shortest
2078 1312 92 24 notice.

1764 1642 71 25 THE
1849 1642 294 26 THOROUGHBRED
2155 1642 115 25 HORSE

1826 1697 389 44 FAIRCHILD

1748 1762 116 59 WILL
1882 1762 79 26 travel
1980 1762 43 25 the
2048 1762 93 25 Oxford
2164 1762 125 31 Rangiora

1833 1796 49 24 and
1898 1795 168 32 surrounding
2077 1795 110 25 districts
2199 1795 90 31 during

1748 1828 40 24 the
1800 1828 99 31 coming
1911 1836 95 17 season.

1781 1877 139 24 Fairchild
1936 1877 23 24 is
1971 1884 14 17 a
1997 1876 48 31 bay
2056 1876 82 28 horse,
2152 1875 85 25 stands
2258 1877 30 22 1G

1749 1913 81 25 hands
1842 1914 76 23 linch
1929 1914 78 29 high,.
2011 1915 47 22 and
2070 1915 21 21 is
2105 1916 16 22 7
2130 1921 71 22 years
2213 1913 50 23 old.

1781 1960 138 23 Fatrchilw
1931 1960 23 23 is
1973 1959 33 31 by
2029 1958 81 24 Black
2133 1958 74 30 Rose,
2232 1958 58 23 dam

1751 1997 125 26 Hinemoa
1896 1997 31 32 by
1945 1997 92 24 Totara
2059 1996 143 33 (imported)
2232 1995 57 25 dam

1749 2036 109 25 Aniohia
1868 2035 33 31 by
1914 2035 101 25 Towton
2031 2035 79 31 (imp.)
2124 2035 59 24 dam
2202 2034 86 25 Antci-

1748 2074 86 31 pation
1856 2073 34 32 by
1910 2073 181 25 Rovensworth
2111 2072 83 33 (imp.)
2212 2072 78 24 Black

1752 2112 63 25 Rose
1825 2113 33 30 by
1878 2110 107 26 Anteros
1999 2111 82 32 (imp.)
2095 2110 57 24 dam
2169 2109 120 26 Rosalind

1750 2146 30 35 by
1792 2151 99 29 Albany
1903 2151 87 29 (imp.);
1999 2150 55 22 dam
2059 2150 68 22 -Red-
2132 2150 66 23 Rose
2211 2150 78 29 (imp.)

1748 2186 33 32 by
1780 2178 138 33 -iTraducer
1939 2186 83 33 [imp,]
2042 2187 44 24 out
2097 2185 27 26 of
2139 2185 69 26 Moss
2219 2185 71 26 -Rose

1749 2224 161 33 by.Coinden
1929 2224 170 32 [imported]..
2145 2239 3 3 •

1783 2280 88 24 Terms
1877 2293 28 4 —
1906 2279 15 24 2
1931 2279 110 24 Guineas
2052 2286 44 23 per
2107 2286 68 17 mare
2190 2278 101 32 payable
2291 2286 3 5 1

1750 2326 31 15 on
1793 2326 27 15 or
1831 2317 81 23 before
1926 2318 47 25 Ist,
1981 2317 112 29 January
2105 2317 73 22 1896.

1783 2361 141 32 Groomage
1940 2360 38 25 fee
1991 2362 36 24 ss.
2053 2360 106 33 payable
2182 2361 27 25 at
2234 2359 57 27 first

1750 2406 99 23 service.

1783 2448 49 24 For
1842 2447 98 25 further
1951 2447 148 32 particulars
2112 2447 75 32 apply
2198 2449 25 23 to

1875 2503 35 28 B.
1934 2501 166 39 ASKEW,

2024 2560 27 16 or

1900 2596 102 24 ALEX.
2021 2595 195 26 ANDERSON.

2105 2639 63 24 East
2187 2637 101 26 Oxford.

1228 3435 46 20 For
1287 3433 139 26 particulars
1441 3431 70 27 apply
1525 3432 25 20 to

1201 3497 194 35 JOHN
1426 3492 311 44 IN.GfB3-M

1243 3595 453 45 SADDLEEY.

1201 3680 81 52 H.
1309 3678 63 54 J.
1389 3671 350 78 LADING

1297 3741 351 49 SADDiiBiH

1437 3798 64 21 ANP

1205 3829 291 46 HARNESS
1530 3832 212 41 MAKER

1352 3888 72 25 Neab
1442 3887 151 29 Saleyaeds,

1240 3932 46 41 O
1311 3932 67 41 X
1400 3915 270 68 &£%%>
1695 3958 15 12 .

1205 4005 87 26 Orders
1305 4005 51 25 and
1372 4005 105 31 Eepairs
1489 4003 126 33 promptly
1626 4002 120 26 executed

1368 4047 27 24 at
1405 4046 87 25 lowest
1504 4047 75 24 rates.

1310 4112 145 40 HORSE
1478 4110 165 41 COVERS

1207 4163 104 41 made,
1320 4164 37 38 to
1374 4163 103 40 Order
1491 4162 71 40 and
1574 4160 173 51 Repaired

1205 4225 40 34 gA
1257 4224 78 25 Stock
1346 4224 28 24 of
1384 4224 82 25 Horse
1478 4223 123 25 Medicine
1613 4228 34 19 on
1654 4221 78 28 hand,

1258 4266 17 29 J
1283 4265 163 22 S^LOMOVS
1463 4264 149 23 SOLUTION
1627 4264 37 21 &c.

1326 2499 76 21 Prices
1414 2497 132 25 Extremely
1559 2496 58 24 Low,

1226 2579 41 20 6-iO
1276 2578 69 20 Acres
1356 2577 24 20 of
1388 2576 96 27 grazing
1493 2574 67 21 Land
1579 2575 25 20 at
1614 2574 65 21 View
1688 2574 50 20 Hill

1201 2610 32 21 all
1242 2610 82 21 fenced
1333 2609 47 21 and
1389 2607 137 22 subdivided
1544 2607 46 20 and
1607 2607 46 20 two
1672 2606 67 21 dwel-

1200 2642 49 27 ling-
1259 2643 82 20 houses
1350 2641 103 23 thereon,
1470 2640 61 27 price
1536 2654 2 1 ■
1541 2640 34 20 JB4
1587 2640 26 19 4s
1627 2644 41 20 per
1682 2644 49 15 acre

1199 2677 73 19 terms
1281 2674 50 20 half
1341 2674 55 20 cash
1404 2673 96 20 balance
1510 2673 25 19 at
1545 2670 47 28 5£%
1602 2670 138 21 interestfor

1199 2710 15 17 4
1223 2715 73 18 years.

1341 2750 38 21 TO
1394 2750 57 21 LET
1466 2748 39 21 OR
1520 2748 81 21 SELL.

1236 2792 48 21 The
1293 2790 87 21 Oxford
1389 2790 69 20 Flour
1468 2788 52 21 Mill
1529 2788 46 21 and
1585 2788 116 26 Property.

1227 2872 34 21 On
1276 2871 96 22 account
1385 2871 56 20 Eev.
1451 2870 21 21 J.
1482 2870 15 21 J
1512 2869 111 27 Pendray.
1642 2868 57 21 Half
1709 2875 29 14 an

1199 2913 50 13 acre
1263 2906 57 19 land
1338 2905 57 19 with
1413 2905 95 24 Cottage
1528 2904 95 18 thereon
1637 2903 101 19 situated

1197 2940 26 19 in
1232 2938 92 21 Church
1334 2938 82 23 Street,
1426 2936 58 21 East
1491 2936 94 20 Oxford.

1225 3036 66 27 Fifty
1300 3042 68 15 seven
1377 3041 62 15 acres
1450 3034 24 22 of
1482 3034 56 21 land
1547 3041 56 16 near
1618 3034 120 21 Wainiak-

1197 3072 56 20 ariri
1260 3070 94 27 Bridge,
1361 3070 81 21 fenced
1449 3069 47 21 and
1504 3069 49 20 laid
1560 3069 65 20 down
1631 3068 25 20 in
1665 3074 72 21 grass.

1225 3147 36 18 On
1271 3145 99 19 account
1380 3145 23 19 of
1411 3145 42 19 the
1463 3143 152 25 Mortgagees,
1625 3144 40 17 143
1675 3148 63 13 acres

1198 3179 119 27 adjoining
1328 3179 36 20 Mr
1372 3179 21 20 J.
1400 3179 98 20 Browns
1505 3177 59 20 farm
1569 3176 168 21 Wainiakariri.

1294 3232 34 20 On
1338 3232 92 20 account
1440 3231 23 19 of
1474 3230 34 19 Mr
1524 3231 124 19 Allpbess.

1225 3275 42 20 His
1275 3281 52 20 very
1336 3274 50 21 nice
1397 3273 113 21 residence
1520 3272 99 26 opposite
1630 3272 38 19 the
1681 3271 57 20 Par-

1198 3314 81 19 sonage
1286 3307 58 21 East
1348 3305 86 21 Oxford
1439 3305 36 21 for
1482 3305 47 22 sale
1538 3310 56 21 vary
1601 3303 78 27 cheap,
1689 3302 50 20 half

1197 3347 51 14 acre
1258 3340 24 19 of
1290 3335 62 27 land,
1362 3338 56 24 good
1428 3338 94 25 garden.

1194 958 178 46 JOHN
1446 956 283 47 ESTGRAM

1222 1029 485 35 AUCTIONEER

1195 1088 106 26 LICENCED
1321 1087 57 26 LAND
1389 1087 93 29 BROKER,
1497 1087 125 29 VALUATOR,
1638 1087 94 30 ESTATE,

1209 1131 131 29 INSURANCE,
1352 1131 14 24 &
1377 1130 100 25 GENERAL
1488 1129 139 25 COMMISSION
1639 1129 79 25 AGENT.

1192 1176 68 25 Agent
1265 1176 37 26 for
1312 1176 33 20 the
1355 1175 104 21 National
1468 1175 113 20 Insurance
1592 1174 104 26 Company
1711 1178 22 20 of

1369 1218 51 19 Neio
1434 1217 103 20 Zealand.

1179 1281 1 11 ,
1216 1258 171 31 OXFORD
1410 1258 29 28 &
1463 1255 254 33 SHEFFIELD.

1179 1320 1 13 ,
1361 1323 54 5 —
1446 1315 29 19 ♦

1179 1353 4 14 ■■
1194 1352 149 27 Fortnightly
1352 1351 99 21 Auction
1462 1351 63 21 Sales
1535 1350 55 21 held
1599 1350 134 21 intheMar-

1179 1397 2 5 -
1194 1388 41 20 ket
1244 1386 75 21 Yards
1329 1386 130 24 OXFORD,
1470 1391 68 20 every
1548 1384 83 21 second
1649 1385 85 20 Thurs-

1179 1431 4 17 T
1195 1419 51 26 day.
1261 1418 108 26 Monthly
1380 1418 63 20 Sales
1453 1417 55 21 held
1518 1418 25 19 at
1552 1416 91 21 Market
1651 1416 83 24 Tards,

1197 1450 179 21 SHEFFIELD.
1439 1449 93 20 Private
1551 1447 100 21 Auction
1671 1447 64 21 Sales

1195 1482 143 21 undertaken
1348 1487 46 19 any
1402 1482 54 24 part
1466 1480 23 21 of
1499 1480 41 21 the
1551 1480 103 24 country.
1681 1479 54 20 Pro-

1195 1513 65 27 perty
1271 1512 100 27 Bought,
1382 1511 59 24 Sold,
1451 1517 26 15 or
1485 1510 49 21 Let.
1547 1510 47 21 and
1599 1509 135 22 Valuations

1196 1547 110 27 carefully
1315 1546 73 21 made.
1419 1545 65 21 Land
1493 1545 106 26 Brought
1608 1545 73 20 under
1694 1545 41 20 the

1196 1582 106 22 Transfer
1311 1581 51 25 .Act,
1392 1580 127 25 Transfers,
1533 1579 90 25 Leases,
1636 1579 18 20 &
1660 1579 75 21 Deeds

1197 1614 22 21 of
1227 1614 134 26 Mortgages
1376 1613 54 20 diw
1431 1619 6 8 r
1438 1619 15 14 n
1462 1619 38 19 up.
1538 1611 84 26 Money
1630 1611 106 21 invested

1196 1645 46 22 and
1251 1645 108 22 obtained
1368 1645 35 21 for
1413 1644 85 21 Clients
1509 1650 28 15 on
1549 1643 128 26 Mortgage.
1696 1642 39 21 In-

1230 1682 96 16 surance
1344 1676 97 21 effected
1457 1681 29 15 on
1496 1675 124 26 Buildings
1630 1674 24 20 of
1662 1679 46 22 any

1273 1708 144 26 description,
1427 1707 46 21 and
1482 1706 63 21 their
1554 1706 111 21 contents.

1197 1767 59 21 HAS
1270 1767 57 20 FOR
1342 1766 71 21 SALE
1430 1765 38 21 BY
1484 1764 125 22 PRIVATE
1613 1757 122 28 'TREATY

1253 1826 35 21 On
1302 1826 96 21 account
1411 1825 23 20 of
1450 1825 38 20 Mr
1497 1824 30 20 H.
1537 1823 138 27 Youngman

1408 1865 45 21 His
1462 1865 57 21 Nice

1326 1904 157 25 GRAZING
1502 1903 104 30 FAKM,

1227 1948 139 27 Containing
1381 1948 28 22 70
1418 1954 64 15 acres
1501 1947 24 21 of
1547 1946 50 21 rich
1613 1946 73 25 Land,
1705 1946 31 21 all

1197 1984 82 20 fenced
1297 1983 46 21 and
1357 1983 146 20 sub-divided
1513 1982 55 20 with
1589 1981 59 27 good
1671 1981 66 21 Five-

1198 2015 91 22 roomed
1321 2015 114 26 Dwelling
1472 2014 84 24 House,
1593 2013 145 21 four-stalled

1199 2049 84 24 Stable,
1304 2047 61 21 Shed
1383 2047 46 21 and
1442 2047 58 21 barn
1524 2046 68 27 (with
1604 2046 65 26 large
1677 2045 45 21 loft
1730 2046 6 24 )

1198 2081 47 21 and
1255 2080 57 27 good
1326 2080 92 27 garden,
1433 2080 46 20 and

1179 2119 7 20 ?
1249 2124 21 24 A
1282 2122 93 26 FOUR
1398 2122 145 25 ROOMED
1559 2120 127 28 HOUSE,

1179 2160 8 16 x
1197 2166 110 23 Thereon,
1326 2164 33 22 let
1368 2165 59 22 to_a
1443 2163 59 27 good
1510 2183 4 5 ,
1516 2164 45 22 .tea
1573 2162 49 28 aufy
1637 2160 103 30 situated

1179 2188 7 29 1
1199 2193 80 28 within
1288 2199 48 21 half
1347 2205 14 14 a
1369 2199 55 20 mile
1433 2198 24 23 (jf
1463 2198 68 21 West
1540 2196 88 22 Oxford
1632 2196 106 27 Railway

1199 2234 96 25 Station,
1307 2234 50 21 nice
1367 2232 46 22 and
1422 2232 114 27 healthily
1545 2230 107 23 situated.

1437 2277 55 20 Also

1179 2322 8 28 £
1319 2320 82 25 NICE
1423 2319 198 25 RESIDENCE

1368 2359 31 21 Of
1408 2359 73 26 Eight
1490 2364 82 17 rooms,

1199 2393 63 21 Good
1272 2392 78 21 Stable
1360 2392 55 21 with
1426 2392 161 25 Quarter-acre
1597 2390 25 21 of
1631 2389 72 25 Land,
1714 2390 24 20 in

1197 2425 42 22 the
1253 2426 77 20 centre
1345 2424 24 21 of
1383 2423 93 22 Oxford.
1590 2429 4 5 l

118 2610 422 89 Infents'
635 2605 480 96 Powders,

230 2735 87 33 FOR
337 2731 230 37 CHILDREN
600 2728 202 36 CUTTING
832 2726 153 35 TEETH

75 2782 90 31 Have
181 2780 114 37 proved
311 2790 57 19 one
384 2779 32 30 of
430 2779 54 29 the
499 2780 139 38 greatest
652 2775 98 30 boons
774 2784 72 20 ever
860 2771 184 31 introduced
1073 2774 32 26 to
1133 2769 54 30 the

32 2834 120 40 public.
198 2832 88 40 They
301 2841 52 20 are
370 2830 136 39 charged
520 2828 97 39 solely
638 2826 75 31 with
729 2835 21 20 a
776 2823 115 40 special
927 2822 199 41 preparation
1155 2820 33 30 of

29 2896 53 30 my
108 2895 78 26 own,
208 2884 61 29 and
286 2893 51 20 are
364 2880 190 41 guaranteed
569 2875 163 44 perfectly'
746 2875 162 34 harmless*
967 2873 129 31 Fathers
1126 2871 60 31 and

30 2935 139 31 Mothers
184 2933 36 32 of
231 2933 157 31 hundreds
404 2933 29 28 of
449 2930 133 31 families
598 2918 194 41 recommend
807 2926 85 29 them
917 2924 76 31 with
1008 2922 177 32 confidence
1197 2940 1 19 s

30 2999 32 19 as
77 2989 93 33 beiua;
186 2987 99 38 ample
297 2989 34 26 to
345 2994 123 20 remove
480 2982 41 30 all
534 2982 51 29 the
597 2980 146 38 ordinary
756 2979 237 37 derangements
1008 2976 71 30 that
1093 2985 93 20 occur

30 3030 113 39 during
157 3027 159 31 dentition.
715 3029 2 3 '
862 3057 3 2 .
978 3033 2 27 ;

353 3078 36 3 —
861 3070 4 8 :
908 3069 21 3 ~
1074 3069 13 3 "'
1197 3078 1 13 t

26 3114 124 40 THEY
167 3112 96 40 COOL
277 3111 90 39 THE
388 3109 127 45 GUMS,
621 3138 4 4 •

113 3163 194 40 COMFORT
329 3162 88 38 THE
456 3160 139 39 CHILD.
644 3156 144 40 CHECK
788 3175 1 1 ■
802 3157 2 28 :
813 3152 284 43 COHVULSOTS,
1189 3180 1 2 -
1197 3186 2 14 f

355 3220 94 38 AND
449 3237 3 37 :
460 3262 2 1 .
462 3217 188 41 BENDER
671 3211 227 44 TEETHIHa
904 3210 131 52 QUITE
1050 3208 130 39 EASY.

71 3281 99 30 These
186 3272 306 37 Genuine'Powders
508 3286 52 20 are
575 3276 32 29 in
624 3285 54 20 use
693 3274 43 39 by
751 3273 42 29 all
809 3271 110 31 classes
934 3270 33 30 of
981 3269 126 40 society,
1125 3269 60 30 and

30 3327 32 28 in
78 3324 41 30 all
135 3326 86 36 parts
240 3321 28 30 of
277 3319 75 31 New
368 3317 146 32 Zealand.
906 3344 2 3 .

332 3369 60 26 Sold
404 3368 27 24 in
443 3368 81 24 Boxes
537 3365 147 31 containing
696 3364 31 24 12
739 3363 112 32 powders
864 3361 37 33 1/-

113 3450 363 24 CS-TJJLK-J^ITTSEID
492 3445 309 24 PEEFEOTLY
823 3441 301 22 HARMLESS-

29 3488 61 24 Post
103 3486 49 23 free
163 3487 27 21 to
202 3491 47 24 aay
261 3485 55 29 part
328 3482 26 25 of
364 3482 61 24 New
438 3480 117 28 Zealand,
572 3487 34 17 on
618 3479 147 24 remittance
774 3476 27 25 of
812 3476 46 32 1/-.
899 3473 125 32 Prepared
1035 3472 49 25 and
1094 3472 53 25 sold
1154 3471 32 32 by

430 3524 115 31 JOHN
561 3517 36 38 .Si
625 3521 146 35 COOKE,

398 3574 145 32 Registered
560 3570 216 28 Pharmaceutical
784 3569 127 29 ,Chemisfc,

725 3610 112 27 Gashel
863 3610 118 30 Street,
1004 3632 3 4 .

858 3643 281 28 OHKISTCHURCH-.

206 3692 613 39 COTSrSTJTL,T^LTIOISrB
859 3687 195 36 FRJ^IC

176 3825 121 44 ASK
351 3824 174 45 TOXJE
585 3818 276 50 GROCERS
922 3815 121 45 FOR

38 3919 712 97 HYSLOP'S
823 3912 369 94 PURE

155 4072 544 96 OEYLON
780 4067 274 89 TEA

30 4213 118 40 Tea^in
169 4210 87 31 Lead
275 4208 149 35 Packets;
451 4208 64 31 will
538 4208 38 30 be
597 4204 100 33 found
719 4213 19 21 a
758 4204 82 28 most
861 4192 149 39 deiieious
1033 4196 72 38 Tea,
1133 4195 62 32 and

191 4260 56 30 the
268 4258 73 32 Best
362 4259 96 32 Value
478 4258 39 31 td
536 4259 36 29 be
593 4256 64 36 ha^
678 4252 44 42 2/-
744 4252 60 30 and
828 4249 53 42 2/6
905 4260 55 30 per
981 4249 42 30 ft.

249 994 437 91 SHEEP
729 991 239 87 DIP

352 1123 85 30 Must
451 1123 38 29 be
503 1122 65 29 free
584 1120 32 31 of
631 1120 86 40 duty,
740 1118 132 30 because

461 1169 101 31 NEW
576 1165 197 33 ZEALAND

331 1219 32 30 Is
377 1218 53 30 the
443 1219 105 37 happy
562 1216 145 38 hunting;
711 1214 121 40 ground
847 1212 34 31 of

31 1268 178 82 600PER,
225 1268 104 35 Little,
346 1264 131 40 Quibell,
491 1263 134 37 Cannon,
637 1262 112 34 Battle,
764 1260 113 31 Carbol
889 1258 131 40 Crystal,
1039 1258 141 34 Thomas,

85 1311 88 28 Ness.
192 1310 116 34 Lawes,
324 1308 124 33 Odanis,
459 1304 197 39 McDougall,
668 1303 105 38 Jeyes,
785 1302 117 34 Peeles,
915 1299 131 38 Climax,
1059 1299 121 34 Crown,

33 1353 53 33 &c,
103 1351 61 29 and
178 1350 53 30 the
245 1349 117 39 Agents
374 1347 33 29 of
421 1347 86 29 these
522 1345 78 40 Dips
627 1354 52 20 are
703 1343 171 39 beginning
888 1344 33 27 to
937 1350 55 30 cry
1025 1343 63 31 out,
1122 1339 61 30 and

32 1391 134 39 exciting
181 1390 81 30 their
291 1389 109 30 clients
414 1390 34 27 to
462 1387 40 29 do
517 1396 43 27 so,
576 1387 32 28 in
619 1395 70 20 case
703 1383 78 30 New
797 1383 137 29 Zealand
970 1380 112 31 should
1115 1379 66 30 imi-

30 1436 64 26 tate
110 1430 172 36 Freetrade,
297 1429 76 30 New
388 1428 99 31 South
508 1427 116 34 Wales,
639 1425 102 31 which
757 1424 120 38 colony,
900 1422 78 30 with
1012 1431 74 20 ever
1114 1419 69 40 fifty

31 1473 117 30 million
164 1473 101 38 sheep,
276 1471 131 39 imposes
422 1472 53 26 ten
489 1477 56 30 per
559 1470 71 27 cent
645 1467 77 38 duty
734 1475 41 19 on
804 1463 42 31 all
874 1463 87 29 these
976 1465 122 36 gentry.

412 1569 129 37 DUTY,
553 1567 58 33 OR
620 1568 56 31 NO
687 1565 122 39 DUTY,

393 1639 437 48 BROOKE'S

631 1736 276 56 SHEEP
950 1734 161 53 DIP.

383 1857 204 42 (Registered
608 1854 87 31 trade
722 1852 109 40 mark)

279 1905 109 33 WILL
402 1905 84 31 NOT
501 1903 56 32 BE
567 1901 158 33 RAISED
738 1900 45 31 IN
796 1899 141 37 PRICE,

268 1967 74 30 And
364 1966 116 40 hereby
506 1963 194 40 Challenges*
715 1961 42 31 all
785 1960 54 31 the
868 1960 98 30 above

386 2019 54 30 TO
455 2017 28 30 A
505 2015 155 32 PUBLIC
696 2012 138 37 TRIAL,

446 2066 64 30 £10
553 2074 34 20 or
604 2065 67 28 £20
687 2062 85 35 each,

28 2122 45 29 To
84 2121 38 29 be
132 2119 160 41 deposited
306 2118 47 31 for
369 2127 149 29 expeDses
533 2116 33 30 of
580 2125 92 25 same,
701 2112 60 31 and
788 2110 173 33 conducted
997 2110 99 30 under
1132 2109 54 30 the

29 2172 37 17 au
71 2172 13 16 s
89 2162 80 36 pices
315 2155 564 35 G-OTernm«nfc--St€Jok-HBeparfcaien
882 2156 23 30 t,
917 2153 40 25 iri,
958 2172 8 6 ,
985 2150 202 38 cdnjunatioix

32 2200 74 31 with
123 2199 97 29 either
245 2198 54 29 the
312 2196 204 39 Wellington,
542 2194 206 38 Canterbury,
781 2202 35 19 or
842 2191 102 39 Otago
976 2188 210 40 Agricultural

32 2241 60 31 and
108 2239 139 31 Pastoral
261 2237 215 31 Association.'

70 2333 25 28 p
99 2356 5 6 #
110 2333 29 29 §.
141 2350 42 3 —
183 2331 28 29 A
225 2331 113 40 special
353 2329 167 29 invitation
535 2327 27 30 is
586 2325 155 32 extended
758 2330 29 23 to
802 2324 54 29 the
871 2324 259 40 representatives
1154 2322 33 28 of

31 2373 141 41 Cooper's
188 2373 62 30 and
265 2372 121 30 Little's
401 2370 60 39 Dip
477 2371 42 38 by

481 2420 147 45 CM.
660 2416 292 55 BROOKE,

802 2482 259 33 ASHBTTRTON

47 507 28 222 SELLING
49 394 26 95 OFF
49 171 26 179 BELOW
47 36 26 109 COS!

105 609 21 82 MENS
106 538 21 58 ALL
107 439 21 85 WOOL
108 274 19 150 COLONIAL
105 151 22 108 TWEED
106 49 21 86 SUITS

162 515 24 54 255.
162 427 24 53 255.
162 338 24 53 255.
162 249 23 53 255.
162 161 23 52 253.

225 557 25 44 AT
225 386 26 155 PARISH'S
225 280 24 89 EAST
224 116 26 146 OXFORD.
