3490 4580
2905 257 79 42 The
3010 257 157 42 Oxford
3193 257 236 42 Observer.

2905 299 277 145 PUBLISHED
3213 299 216 145 WEEKLY.

2909 444 166 21 SATURDAY
3097 444 168 22 DECEMBER
3281 445 25 20 14
3315 451 37 17 th,
3364 445 63 21 1895.

2951 534 50 25 MR
3022 532 118 26 RUDDO
3157 532 49 25 AT
3223 532 148 26 OXFORD.

2927 642 41 26 Mr
2991 642 89 24 Buddo
3091 644 52 22 met
3159 641 43 25 the
3225 642 103 24 electors
3339 648 27 18 at
3379 661 4 5 ,
3388 642 42 25 the

2895 679 149 25 Oddfellows
3072 680 71 28 Hall,
3173 679 70 24 West
3251 670 5 18 :
3280 679 90 24 Oxford
3398 689 33 15 oa

2894 717 110 31 Monday
3023 717 106 31 evening
3148 717 49 24 a«d
3208 717 76 30 spoke
3297 716 37 25 for
3345 718 85 30 nearly

2895 757 49 25 two
2955 757 85 29 hours,
3058 757 39 26 his
3114 756 90 32 speech
3215 756 74 33 being
3308 765 14 16 a
3333 764 98 19 resume

2894 794 28 25 of
2942 795 56 24 that
3009 795 122 25 delivered
3142 796 27 23 at
3190 795 134 31 Rangiora,
3345 798 85 28 except

2894 835 71 24 those
2983 836 110 30 portions
3105 835 120 31 referring
3246 837 28 22 to
3284 834 44 25 the
3348 835 82 24 settle-

2894 875 70 24 ment
2975 882 32 17 on
3020 873 43 26 the
3080 873 93 33 Ashley
3186 873 83 33 Gorge
3280 873 90 26 Estate
3381 874 51 25 and

2894 914 44 26 the
2949 916 109 30 prtsent.
3062 915 166 26 Water,Race
3243 915 113 25 Scheme.
3391 914 39 26 Mr

2893 953 25 23 3.
2931 954 160 29 O'Halloran,
3096 960 4 5 '
3105 955 135 23 Chairman
3251 955 28 23 of
3288 954 53 23 the*
3344 954 84 24 Water

2896 992 95 33 Supply
2999 992 92 30 Board,
3105 992 117 31 occupied
3234 992 43 25 the
3290 991 83 26 Chair.
3398 992 32 25 In

2895 1040 168 25 consequence
3075 1033 27 25 of
3122 1033 44 26 the
3176 1033 155 32 inclemency
3353 1033 27 25 of
3389 1033 42 25 the

2894 1072 115 30 weather,
3028 1072 44 24 the
3089 1070 147 26 attendance
3270 1079 51 18 was
3351 1072 79 29 small,

2894 1119 58 23 very
2972 1112 74 30 quiet,
3071 1111 50 25 and
3143 1119 58 23 very
3223 1111 133 30 apathetic,
3383 1111 49 24 anfl.

2894 1159 63 15 were
2968 1151 59 29 only
3049 1151 98 29 roused.
3150 1151 55 22 into
3217 1159 15 14 a
3254 1150 66 23 little
3330 1150 102 24 infc&rest

2894 1188 32 31 by
2946 1189 41 24 Mr
2999 1188 31 25 G.
3043 1188 29 25 A.
3095 1188 85 25 White
3192 1189 111 31 creating
3326 1195 15 17 a
3352 1180 80 33 diver-

2893 1227 61 31 tion,
2967 1225 134 36 byasking
3112 1228 42 26 the
3170 1228 121 32 question,
3304 1228 69 25 what
3383 1228 48 25 has

2894 1268 42 25 the
2949 1269 167 25 Government
3127 1269 63 25 done
3202 1268 37 26 for
3251 1268 122 28 Oxford,?,
3383 1268 49 25 arid

2891 1310 126 25 answered
3026 1309 33 32 by
3070 1310 90 32 saying
3170 1309 58 26 alas'
3235 1309 113 32 nothing,
3359 1309 71 33 They

2890 1352 63 26 have
2970 1354 73 31 given
3096 1361 34 17 no
3141 1352 68 30 landj
3216 1352 4 12 :
3230 1353 74 25 small
3323 1353 107 25 sections

2891 1394 114 30 required
3016 1394 26 22 in
3055 1394 49 22 and
3116 1393 75 23 about
3203 1393 95 23 Oxford
3310 1399 28 16 so
3351 1392 57 24 that
3414 1400 17 16 a

2891 1439 61 24 poor
2967 1440 22 15 m
2993 1435 35 21 an'
3037 1432 72 24 could
3106 1429 6 7 1
3119 1430 95 34 bcfupy
3223 1431 43 25 his
3282 1439 71 24 spare
3369 1431 61 26 time

2891 1470 132 33 profitably
3041 1470 53 33 (the
3106 1469 110 33 Ashley-
3228 1471 82 31 Gorge
3325 1470 106 26 sections

2891 1509 32 25 he
2934 1509 42 25 did
2986 1510 45 25 not
3043 1509 162 27 consider.iifit
3216 1510 39 26 for
3266 1517 61 25 poor
3336 1511 90 31 .men),

2891 1547 43 26 the
2948 1548 66 34 Qoy.-
3024 1548 50 25 had
3085 1550 45 24 not
3142 1548 101 33 opened;
3246 1547 118 26 thebush
3370 1548 60 25 lahtt

2890 1587 39 26 for
2939 1588 143 25 settlement
3094 1590 34 23 at-
3133 1589 43 24 the
3186 1589 53 24 foot
3247 1589 27 24 of
3282 1589 91 23 Mount
3381 1588 47 25 Ox-

2890 1625 63 30 ford,
2963 1625 51 25 and
3021 1623 78 27 would
3106 1626 60 32 only
3183 1625 55 30 give
3250 1627 37 23 2a.
3303 1635 15 15 a
3327 1626 101 31 sleeper.

2891 1663 41 25 Mr
2943 1663 35 25 H.
2986 1663 94 32 Rogers
3091 1663 85 26 waxed
3192 1671 79 17 warm
3282 1671 34 19 on
3327 1663 45 26 the
3383 1663 48 27 Old

2892 1704 52 31 Age
2955 1703 109 26 Pension
3072 1704 97 26 scheme
3176 1704 41 25 Mr
3227 1704 90 25 Buddo
3325 1704 28 25 in
3361 1705 70 32 reply

2887 1742 102 32 pointed
3010 1744 44 25 out
3069 1743 55 25 that
3142 1743 42 25 the
3196 1743 67 31 price
3273 1744 40 24 for
3324 1742 107 33 sleepers

2890 1789 50 16 was
2953 1782 71 30 equal
3037 1782 26 24 to
3075 1781 56 25 that
3143 1781 57 31 paid
3212 1781 33 31 by
3256 1781 43 25 the
3311 1780 119 26 Harbour

2891 1818 84 25 Board
2985 1818 39 26 for
3035 1818 71 25 birch
3112 1818 129 32 planking,
3249 1819 52 24 and
3311 1818 44 25 the
3363 1820 67 29 price

2890 1861 98 32 though
3000 1862 76 25 small
3087 1869 52 18 was
3149 1864 46 23 not
3206 1862 44 25 the
3267 1862 88 25 lowest
3365 1862 66 31 price

2891 1905 58 31 paid
2960 1905 39 25 for
3017 1905 115 32 sleepers,
3153 1905 189 32 unfortunately
3359 1905 72 25 those

2893 1948 53 25 who
2957 1951 43 22 cut
3009 1948 106 32 sleepers
3127 1948 64 25 have
3202 1947 52 27 like
3263 1950 67 23 most
3338 1949 92 24 trades-

2890 1999 59 18 men
2961 1994 27 24 to
3005 1992 95 26 3ubmit
3102 1999 4 4 r
3115 1994 26 24 to
3152 1993 137 25 cut-throat
3300 1992 130 32 competlt-

2890 2043 42 21 on,
2944 2043 27 17 re
2983 2036 42 24 old
3036 2044 46 21 age
3093 2037 114 29 pentions
3216 2036 32 24 he
3256 2036 67 24 drew
3333 2036 43 23 Mr
3395 2036 35 23 IL

2891 2078 95 31 Rogers
2997 2078 124 26 attention
3133 2079 27 25 to
3167 2077 99 27 thefacf.
3275 2078 57 25 that
3340 2086 34 17 no
3382 2078 49 31 pri-

2890 2119 58 25 vate
2959 2118 111 26 member
3082 2118 73 26 could
3165 2118 75 33 bring
3250 2118 27 26 in
3289 2127 14 16 a
3315 2118 46 26 bill
3374 2118 56 26 that

2890 2158 84 25 would
2984 2158 62 24 have
3060 2159 25 23 to
3104 2158 68 24 draw
3188 2158 34 24 its
3240 2157 109 32 supplies
3364 2158 67 24 from

2890 2192 45 28 the
2946 2194 177 27 Consolidated
3134 2195 127 29 Revenue,
3276 2194 47 25 but
3331 2194 34 25 he
3376 2201 52 18 was

2890 2236 28 24 in
2929 2234 88 26 favour
3031 2234 28 25 of
3076 2242 50 24 any
3146 2234 101 28 scheme
3268 2241 75 19 never
3360 2234 71 25 mini

2994 2273 175 29 war&rougfife
3177 2273 87 25 Want.
3278 2272 156 27 HeTdiadißit

2891 2311 93 25 believe
2995 2312 27 24 in
3033 2311 77 32 going
3119 2311 29 25 in
3158 2310 39 25 for
3209 2310 43 33 big
3261 2311 73 26 loans
3343 2312 26 24 to
3376 2319 54 24 pro-

2892 2351 84 23 secute
2987 2349 84 31 public
3080 2349 82 24 works
3170 2349 66 28 with,
3247 2357 28 16 aa
3283 2349 58 25 that
3350 2348 81 25 would

2891 2395 74 19 cause
2977 2389 42 25 the
3030 2388 88 25 labour
3129 2388 97 25 market
3237 2390 27 23 to
3281 2389 32 24 be
3331 2388 99 25 flooded

2890 2434 33 28 by
2934 2432 63 24 alien
3010 2432 115 28 workers,
3139 2432 51 24 and
3201 2432 21 24 it
3232 2440 52 16 was
3295 2434 45 22 not
3348 2434 28 22 to
3386 2432 45 24 tin

2890 2472 104 25 interest
3005 2471 28 26 of
3040 2471 45 26 the
3096 2472 88 31 colony
3195 2474 28 23 to
3234 2479 32 24 go
3276 2472 28 25 in
3314 2471 40 26 for
3372 2471 56 26 bor-

2890 2512 105 32 rowing/
3028 2511 231 33 Notwithstanding
3273 2512 42 25 the
3327 2511 102 26 adverse

2890 2553 118 25 criticism
3024 2552 45 27 the
3091 2552 63 26 Gov.
3173 2552 112 27 received
3302 2552 65 26 from
3390 2553 42 26 tbt

2890 2591 77 26 above
2978 2591 93 25 named
3079 2592 143 30 gentlemen
3233 2591 61 31 they
3305 2591 123 32 proposed

2891 2631 49 24 and
2949 2631 121 24 seconded
3078 2639 16 16 a
3104 2633 57 22 vote
3172 2630 28 25 of
3208 2631 94 24 thanks
3311 2631 51 24 and
3374 2638 57 17 con-

2890 2669 96 23 fidence
2993 2669 29 22 in
3034 2668 41 23 Mr
3085 2668 90 23 Buddo
3191 2667 83 25 which
3284 2667 46 26 the
3342 2668 90 25 Chair-

2891 2716 60 17 man
2962 2707 53 26 dec.
3036 2707 94 26 carried
3142 2707 186 33 unanimously.
3348 2707 84 28 Some-

2890 2748 66 32 body
2978 2756 52 17 was
3052 2747 58 33 glad
3131 2748 28 25 of
3178 2755 33 18 an
3235 2755 90 19 excuse
3348 2749 27 24 to
3392 2749 42 25 to*

2891 2788 68 32 bang
2971 2788 42 25 the
3024 2787 64 26 floor
3099 2796 29 17 as
3138 2787 35 26 all
3191 2796 64 17 were
3265 2794 69 20 more
3344 2796 29 17 or
3382 2789 51 24 less

2890 2830 49 23 wet
2950 2826 48 25 and
3010 2825 64 27 cold.
3109 2826 53 26 Our
3173 2826 193 33 correspondent
3375 2834 58 25 say*

2891 2867 58 24 that
2988 2866 225 31 notwithstanding
3258 2867 44 25 the
3340 2867 94 30 apathy

2891 2905 86 27 shown
2997 2907 27 24 at
3043 2904 45 26 the
3098 2905 120 32 meeting,
3236 2905 83 26 which
3342 2905 34 26 he
3392 2907 39 25 afc

2891 2943 104 27 tributes
3013 2943 96 33 mainly
3126 2945 27 25 to
3168 2944 45 25 the
3230 2944 116 31 weather,
3368 2944 66 27 front

2891 2990 16 18 a
2930 2982 53 26 side
3011 2982 83 33 gossip
3122 2982 62 26 with
3212 2983 97 25 several
3336 2983 29 25 in
3392 2985 39 24 at-

2891 3020 127 29 tendance,
3035 3019 34 26 he
3079 3020 23 25 is
3119 3020 134 26 convinced
3265 3021 58 25 that
3339 3020 42 26 Mr
3397 3021 34 25 D.

2892 3059 90 26 Brddo
3000 3058 53 26 will
3066 3059 75 32 enjoy
3161 3060 45 25 the
3217 3060 145 26 confidence
3373 3060 28 26 of
3418 3069 16 17 »

2891 3100 70 31 large
2978 3098 117 33 majority
3117 3098 28 27 of
3164 3098 42 27 the
3223 3099 113 27 electors.

2926 3138 71 25 Band
3021 3146 31 18 of
3072 3138 117 26 Hope.—
3188 3138 53 26 The
3258 3138 67 27 East
3344 3139 94 27 Oxford

2895 3176 73 25 Band
2979 3177 28 24 of
3029 3176 73 32 Hope
3124 3184 53 17 was
3204 3177 58 25 held
3284 3184 33 19 on
3329 3177 43 26 the
3392 3178 45 26 6tk

2893 3217 61 24 inst.
2966 3216 50 25 and
3037 3217 89 31 passed
3147 3216 38 26 off
3206 3224 59 25 very
3287 3217 147 33 creditably.

2894 3256 22 25 A
2944 3255 114 34 leifgthly
3102 3265 160 24 programme
3291 3265 53 18 was
3373 3266 64 25 gone

2895 3294 117 32 through.
3060 3295 101 24 Several
3172 3314 5 4 .
3190 3295 75 30 solos,
3293 3297 145 25 recitations

2894 3333 50 26 and
2950 3335 115 31 readings
3076 3342 64 17 were
3148 3335 83 32 given.
3269 3335 124 33 Speeches
3399 3336 35 32 by

2895 3373 43 25 the
2966 3375 62 27 Rev,
3058 3374 126 32 Wagstaff
3210 3376 52 23 and

2894 3412 93 24 Dixon.
3022 3412 63 24 Miss
3126 3412 88 25 Twose
3248 3420 63 25 sang
3333 3421 16 17 a
3371 3414 62 29 solo*

2980 3451 141 27 druukards
3253 3453 51 26 and
3314 3460 52 19 was
3378 3461 56 26 cap-

2894 3490 74 32 itally
2984 3490 128 26 rendered.
3147 3490 23 26 A
3190 3490 115 33 splendid
3318 3493 121 26 selection

2895 3539 49 17 was
2954 3531 75 32 given
3041 3530 33 33 by
3085 3540 13 16 a
3118 3531 48 27 fall
3177 3531 83 27 Choir.
3297 3533 40 25 An
3358 3535 82 25 excel-

2895 3568 54 25 lent
2960 3568 83 25 Coffee
3066 3568 100 31 Supper
3187 3575 51 18 was
3261 3569 127 32 provided,
3411 3572 28 24 te

2894 3601 83 31 which
3009 3607 78 25 about
3116 3608 67 32 sixty
3210 3615 104 25 persons
3342 3610 97 31 stayed.

2895 3643 62 27 This
2968 3644 73 27 Band
3063 3645 29 26 of
3111 3645 74 33 Hope
3210 3654 52 19 was
3281 3647 45 26 the
3343 3648 50 26 last
3410 3647 30 27 of

2895 3685 41 24 the
2958 3693 101 17 season.

2947 3802 101 26 WEST
3077 3801 142 27 OXFORD
3250 3802 140 28 SCHOOL

3081 3843 169 32 CONCERT.

2930 3931 55 27 The
2996 3932 101 26 concert
3118 3932 29 25 in
3159 3934 149 26 connection
3323 3935 62 26 with
3396 3935 42 26 tbc

2897 3974 72 26 West
2988 3974 102 25 Oxford-
3095 3974 87 26 school
3204 3983 51 19 was
3265 3977 58 25 held
3340 3984 35 21 on
3385 3978 58 33 Fb]

2897 4016 57 35 day,
2986 4016 72 28 when
3078 4016 74 28 there
3173 4025 53 20 was
3248 4027 16 19 a
3283 4019 74 35 fairly
3372 4021 70 33 laqp

2897 4056 129 31 audience.
3060 4060 56 27 The
3136 4062 109 27 number
3255 4064 29 27 of
3291 4066 151 32 perforated

2897 4110 53 20 was
2959 4105 78 32 large.
3058 4103 55 27 The
3124 4105 103 34 singing
3235 4107 29 26 of
3272 4108 46 26 the
3328 4108 114 28 children

2897 4155 52 18 was
2960 4147 72 33 good,
3049 4147 51 25 and
3109 4147 99 28 showed
3219 4151 95 27 careful
3325 4152 118 32 training.

2898 4189 53 26 The
2971 4190 71 33 piece
3272 4202 53 19 was
3351 4194 91 34 partic-

2897 4233 81 33 ularly
2990 4232 74 34 good.
3098 4233 42 26 On
3162 4244 15 15 a
3187 4235 86 28 future
3292 4238 114 27 occasion
3420 4238 23 28 ft

2897 4276 85 33 might
2995 4277 31 26 be
3036 4282 35 20 an
3081 4276 183 34 improTement
3275 4280 29 27 in
3315 4281 44 26 the
3366 4289 76 19 man-

2898 4320 119 33 agement
3027 4321 28 24 to
3077 4319 64 34 keep
3152 4321 46 27 the
3219 4322 114 28 children
3344 4332 34 18 on
3397 4325 46 27 the

2900 4365 78 31 stage,
3003 4362 94 33 during
3119 4364 44 24 the
3185 4369 116 31 concert,
3327 4375 29 18 as
3378 4368 66 26 their

2900 4405 127 33 tramping
3048 4405 56 27 into
3123 4407 62 29 anaV,
3194 4407 63 27 from
3275 4410 45 25 the
3341 4409 103 35 bodycf

2902 4448 45 26 the
2959 4448 56 27 hall
3026 4448 74 27 tends
3112 4451 27 25 to
3150 4451 98 27 disturb
3258 4453 46 26 the
3315 4454 128 31 audience

2901 4492 51 26 and
2968 4491 54 28 also
3041 4492 28 27 to
3079 4495 190 33 nnneoessarily
3287 4497 104 31 prolong
3399 4498 45 26 torn

1134 53 169 32 OXFORD
1339 53 230 32 OBSERVER
1613 52 241 37 SATURDAY,
1897 51 237 31 DECEMBER
2163 52 50 36 14,
2256 51 90 30 1895.

2336 1740 240 27 MANCHESTER
2594 1742 247 26 DEPARTMENT.

2322 1830 115 37 Prints,
2460 1831 114 29 checks
2589 1832 61 28 and
2672 1832 114 39 stripes

2321 1884 95 30 Table
2439 1883 162 37 Damasks,
2625 1884 230 30 unbleached-

2402 1934 116 40 special
2539 1935 94 29 value
2648 1933 83 32 from
2748 1933 45 41 1/-
2819 1945 5 25 ;

2320 1990 116 30 Brown
2472 1989 139 31 Holland
2646 2000 78 31 very
2760 1989 98 42 cheap

2319 2041 193 29 Flannelette
2528 2041 59 28 and
2604 2041 151 38 Shirting,
2778 2042 81 38 good

2402 2092 91 30 value
2513 2091 80 30 from
2615 2091 51 30 4d.

2320 2142 94 32 Floor
2435 2142 92 31 Cloth
2548 2143 82 40 good
2651 2146 34 28 at
2707 2144 50 33 9d,

2319 2194 89 31 Wide
2430 2194 113 30 Forfar
2565 2198 33 26 at
2620 2194 50 31 6d.

2319 2389 314 77 BURRELL
2662 2389 193 94 BROS,

2434 2488 318 44 Photographers

2318 2551 192 41 VICTORIA
2531 2550 151 49 STUDIO,
2707 2550 61 41 CH.
2793 2550 62 41 CH.

2401 2613 70 26 Take
2488 2613 42 25 the
2547 2613 57 25 lead
2622 2620 60 18 once
2698 2620 71 18 more

2319 2657 68 38 Our
2395 2657 250 50 Photographs
2651 2656 208 50 alltherage

2320 2718 107 82 Wof
2434 2725 41 15 out
2483 2718 52 21 well
2541 2718 81 21 known
2632 2717 83 27 highly
2729 2718 58 20 iA
2809 2717 45 21 /A

2383 2746 102 21 finished
2502 2739 287 34 nameUedCabinets|||
2800 2739 13 34 /
2824 2747 33 26 W%

2545 2773 36 20 for
2731 2761 77 38 111/
2825 2770 32 31 V

2320 2839 16 37 1
2348 2838 106 38 dozen
2474 2836 206 39 Enamelled
2695 2836 165 38 Cabinets

2318 2887 99 41 with
2428 2898 63 29 one
2497 2886 114 41 15x12
2614 2886 99 40 Matt
2722 2886 138 41 surface

2320 2936 299 51 Enlargement
2634 2935 226 51 Beautifully

2347 2987 2 44 i
2428 2993 150 40 Framed
2599 2992 53 41 for
2674 2993 63 40 £1.

2320 3052 62 23 This
2393 3052 21 23 is
2425 3059 35 16 no
2470 3052 82 24 sham,
2564 3051 46 24 but
2622 3059 15 15 a
2648 3051 53 23 real
2712 3052 47 29 gift
2769 3051 39 23 for
2816 3051 44 23 the

2320 3090 99 31 coining
2438 3089 124 32 holidays.
2603 3088 47 26 All
2669 3090 69 24 work
2752 3089 65 25 done
2828 3089 33 31 by

2321 3128 161 33 experienced
2503 3127 91 26 hands.
2646 3127 150 26 Eemember
2815 3135 47 18 our

2338 3167 156 28 Concession,
2503 3167 32 24 18
2547 3167 28 24 to
2585 3167 43 24 the
2635 3165 80 26 dozen
2727 3166 39 25 for
2775 3166 69 32 10/6.

2321 3206 60 25 This
2400 3195 44 37 tie
2461 3207 60 31 only
2535 3206 62 26 time
2612 3207 27 24 in
2656 3205 46 27 the
2721 3206 104 32 History
2837 3205 28 26 of

2320 3245 181 32 Photography
2512 3245 57 26 that
2586 3244 63 27 such
2666 3252 15 18 a
2704 3245 92 26 chance
2814 3244 48 26 has

2321 3290 57 18 ever
2397 3283 61 25 been
2477 3283 108 32 brought
2604 3282 83 26 before
2705 3283 45 25 the
2769 3283 93 32 public,

2321 3322 51 26 and
2382 3331 59 24 may
2452 3330 76 19 never
2543 3331 75 18 occur
2640 3324 83 31 again.
2743 3323 40 26 Sit
2794 3323 69 33 early

2321 3363 186 31 appointments
2519 3363 92 26 should
2621 3363 32 25 be
2663 3363 75 26 made
2755 3363 23 25 if
2794 3371 69 22 poss-

2320 3400 57 25 ible.
2401 3399 201 27 REMEMBER
2623 3399 70 26 OUR
2708 3399 64 27 BIG
2783 3399 79 27 CON-

2322 3438 149 28 CESSION
2482 3439 70 26 FOR
2567 3440 15 24 2
2594 3438 146 28 MONTHS
2760 3439 102 26 ONLY.

2321 3513 99 26 Letters
2431 3513 34 33 by
2474 3515 58 32 post
2542 3513 150 34 punctually
2704 3513 121 28 attended
2835 3515 28 25 to

2334 3558 515 42 PICTURE~~FRAMING

2312 3607 2 23 I
2472 3607 26 21 in
2506 3606 34 22 all
2547 3607 33 21 its
2589 3606 122 22 branches.

2321 3637 167 27 BURRELL
2504 3638 108 31 BROS.,
2634 3638 211 33 Photographers,

2449 3678 111 28 Victoria
2571 3681 86 27 street,
2670 3677 192 28 Christchurch.

2321 3722 113 32 opposite
2445 3723 43 25 the
2498 3722 131 27 Salvation
2641 3722 77 33 Army
2730 3722 132 26 Barracks.

2371 3961 143 27 EVENTS
2530 3962 45 25 OF
2591 3962 74 26 THE
2682 3963 120 25 WEEK.

2322 4043 119 34 Monday,
2476 4044 62 27 Deo.
2572 4046 30 25 16
2632 4045 170 33 Anniversary
2839 4045 26 26 of

2388 4087 167 33 Canterbury.
2601 4089 89 32 Sports
2701 4089 160 27 Committee.

2322 4124 131 33 Tuesday,-
2458 4125 62 26 Dec.
2540 4126 40 25 17.
2592 4125 107 34 Library
2709 4134 75 26 open,
2801 4127 64 26 from

2324 4166 14 22 6
2356 4165 41 22 30.
2408 4172 26 22 p.
2447 4172 38 16 m.
2496 4165 29 23 to
2543 4166 25 22 8.
2580 4172 26 23 p.
2619 4174 34 14 no.
2669 4161 76 31 .-.'-.'

2323 4204 158 34 Wednesday
2496 4206 62 25 Dec.
2577 4209 41 23 18.
2632 4207 99 33 Special
2753 4209 112 34 meeting

2390 4248 28 25 of
2430 4248 74 25 Road
2521 4249 94 26 Board.

2324 4290 141 34 Thursday,
2482 4290 141 27 December
2646 4292 42 30 19,
2705 4293 76 27 Bank
2792 4302 73 25 open.

2392 4332 131 35 Sale~day.
2557 4334 105 35 Library
2662 4344 91 26 'open
2775 4336 92 36 during

2390 4376 45 27 the
2463 4376 57 31 d»y.

2326 4418 134 33 Saturday,
2472 4419 61 26 Dec.
2547 4421 43 25 21.
2609 4421 107 34 Library
2726 4429 66 28 open
2799 4423 69 28 from

2392 4458 24 24 6.
2428 4458 41 25 30.
2481 4464 26 26 p.
2518 4464 36 20 m.
2695 4482 2 3 .
2876 4458 2 34 J

2463 219 128 21 DOUBLE
2613 218 111 22 WIDTH

2339 279 195 47 DRESS
2589 279 258 46 TWEEDS

2502 351 80 39 (half
2597 351 96 39 price)

2317 437 4 8 
2328 436 10 11 ,
2379 410 185 40 Homespup
2579 409 19 30 6
2602 412 17 31 i.
2632 408 102 30 worth
2749 408 39 29 10
2791 408 18 40 \

2337 461 102 30 better
2463 460 91 31 velue
2579 459 75 30 than
2680 457 170 39 travelling

2335 532 21 12 .:•.
2400 513 127 40 drapers
2541 511 66 31 will
2622 511 71 40 give
2707 522 70 30 you.

2338 581 218 41 IADSES'
2589 579 258 43 JACKETS

2429 634 81 30 New
2532 633 78 30 This
2633 632 125 30 Season

2323 680 36 31 8s
2382 682 46 28 6d-
2466 681 146 29 Reduced
2626 680 81 29 from
2764 681 56 27 12s
2843 681 18 27 6

2325 741 38 30 15
2387 741 40 30 6d
2553 764 19 13 „
2648 759 35 20 .„•
2767 741 54 29 20s
2843 741 19 28 0

2363 837 118 31 BOT'S
2513 837 307 31 DEPARTMENT.

2508 974 22 24 T
2546 982 55 16 now
2611 974 117 25 continue
2739 976 25 22 to
2776 974 88 25 devote

2567 1007 98 31 Special
2683 1007 132 25 Attention
2838 1010 26 22 to

2332 1049 64 30 yjW
2547 1049 11 16 s
2573 1040 171 32 Department,
2756 1041 51 24 and
2824 1049 39 16 am

2325 1080 71 59 (S/|
2411 1080 82 59 ]LsS|
2551 1101 73 20 NOW
2652 1100 156 25 OJTEEINa

2368 1154 10 40 /
2398 1154 16 42 \
2442 1154 32 40 P
2589 1173 103 22 LARGE
2707 1174 75 21 LINE

2364 1242 36 28 H
2417 1230 37 43 W
2559 1249 141 22 KNICKER
2720 1250 87 23 SUITS

2363 1271 31 49 Jf
2411 1271 120 44 Jf^at
2545 1284 41 21 the
2605 1284 117 27 follo\ring
2735 1284 126 22 SPECIAL

2480 1316 11 9 r
2506 1318 107 24 PRICES
2623 1330 34 11 :—

2354 1383 3 2 .
2380 1364 71 25 To-fit
2460 1364 60 27 Boys
2530 1365 13 19 3
2553 1364 72 21 Tears
2636 1364 35 27 5/6
2699 1365 14 19 5
2722 1365 72 21 Tears
2808 1365 36 28 5/6

2497 1393 54 28 '7
2559 1398 74 19 Tears
2644 1398 36 27 5/6
2699 1398 14 19 9
2722 1398 73 21 Tears
2810 1398 38 28 5/6.

2389 1450 155 49 E.H.
2575 1449 218 63 PARISH

2450 1529 103 50 E«st
2579 1530 169 51 flxforfl

1782 3038 257 26 PLANNELETTS
2052 3039 20 24 &
2084 3036 190 31 3ALATEAS,

1750 3097 31 24 In
1804 3097 125 32 quantitift
1952 3097 51 25 and
2023 3097 118 33 qualities
2158 3104 74 18 never
2249 3097 44 32 yet

1750 3135 88 33 placed
1848 3135 83 28 before
1943 3135 92 27 Oxford
2046 3135 99 33 buyers.
2157 3135 69 26 Such
2236 3137 55 31 pat-

1751 3176 77 28 terns,
1841 3174 62 25 such
1914 3174 107 29 colours,
2033 3173 63 26 such
2108 3175 120 28 textures,
2237 3175 56 24 that

1752 3220 48 18 one
1810 3212 127 31 naturally
1947 3211 60 27 asks
2017 3212 57 26 how
2085 3210 60 34 they
2156 3219 44 18 are
2218 3212 75 26 made

1751 3252 39 26 for
1811 3252 44 26 the
1876 3252 76 32 price.
1995 3251 45 33 My
2063 3251 117 33 Glasgow
2202 3252 90 32 buyers

1750 3290 116 32 pounced
1881 3297 69 24 upon
1969 3297 16 17 a
2007 3289 53 26 line
2081 3289 68 26 fresh
2168 3290 66 26 from
2248 3290 45 25 the

1752 3328 87 30 looms,
1850 3328 74 25 made
1935 3327 123 26 excellent
2069 3329 77 24 terms
2165 3328 63 26 with
2248 3328 45 25 the

1751 3366 96 28 maker,
1855 3364 104 32 shipped
1970 3367 26 24 at
2007 3373 63 18 once
2081 3367 85 27 tome,
2176 3365 51 26 and
2233 3365 60 26 here

1752 3405 59 32 they
1822 3412 51 23 are,
1885 3413 67 17 some
1964 3405 50 25 100
2025 3405 90 31 pieces,
2123 3403 50 27 and
2180 3404 14 26 I
2204 3405 89 25 intend
2298 3405 2 21 i

1752 3446 28 24 to
1790 3443 74 27 make
1875 3452 16 17 a
1901 3445 71 24 noise
1992 3443 78 28 about
2091 3444 73 27 them
2172 3452 7 24 ;
2192 3452 43 19 no.
2244 3452 49 19 one

1753 3485 49 26 else
1813 3485 48 25 has
1872 3485 42 26 the
1924 3485 128 32 patterns;
2063 3492 35 18 no
2120 3492 48 18 one
2190 3485 53 26 else
2265 3485 28 25 in

1752 3523 45 26 the
1808 3522 71 27 trade
1888 3530 47 19 can
1947 3522 62 27 offer
2015 3537 3 5 ■
2026 3523 63 26 such
2099 3523 82 26 value.
2298 3522 2 36 |

1780 3562 259 24 FLANNELETTE
2054 3563 30 23 2s
2101 3563 51 22 lid
2159 3563 80 23 dozen
2246 3563 48 32 yds

1753 3608 28 18 or
1792 3608 48 25 any
1849 3601 90 32 length
1949 3601 45 25 out
2004 3601 28 25 at
2051 3601 33 25 3d
2101 3608 46 25 per
2166 3601 71 32 yard.
2270 3601 23 26 A

1752 3638 113 35 splendid
1881 3646 78 26 range
1975 3638 29 26 of
2016 3640 122 31 patterns.

1976 3800 71 21 NEW

1755 3847 267 46 SUMMER

1996 3920 299 50 BEAPERY

1875 4022 124 35 NOW
2029 4023 135 34 OPEN

1755 4151 119 26 PEINTS,
1889 4151 171 26 GINGHAMS,
2074 4151 116 26 DRILLS,

1787 4228 145 26 ZEPHYBS,
1945 4227 109 27 MULLS,
2067 4228 229 26 FLAIfISELETTS,

1756 4301 94 28 DiRESS
1863 4304 136 27 TWEEDS,

1813 4363 45 4 ...
1894 4345 27 20 4s
1934 4342 44 23 lid
2004 4342 56 23 Full
2072 4344 71 22 Dress
2155 4343 59 24 -with
2221 4343 76 28 lining

1758 4410 114 24 COTTON
1886 4409 93 22 DBESS
1991 4409 141 27 MUSLINS,

1923 4488 137 23 OSBOBNE
2074 4489 99 22 CRAPE
2190 4488 108 26 CLOTH,

1801 202 170 33 .A.ILL
2007 202 247 33 WOOL

1757 332 131 41 cheaper
1901 334 78 30 than
1995 344 57 20 can
2072 334 38 30 be
2122 334 173 40 purchased

1755 388 33 26 at
1816 385 126 30 auction
1971 395 35 19 or
2023 385 84 29 from
2145 385 150 29 itinerant

1913 449 4 5 -
1939 432 137 39 drapers:

2016 542 31 18 «»
2229 548 2 2 ■
2262 540 6 6 '■
2297 533 2 19 !

1753 606 248 48 KAIAJPOI
2042 607 252 48 TWEEBS.

1753 689 121 78 FULL
1891 691 144 29 RANGE
2047 692 35 29 of
2089 692 63 29 this
2166 692 126 30 Season'

1832 731 146 30 Patterns
1997 734 34 27 to
2060 732 94 30 hand.

2009 784 26 23 at

1856 825 36 31 R,
1919 824 41 30 .H
1982 825 199 31 PARISH'S

1898 884 90 26 EAST
1988 885 166 32 ,;OXFORD.

1767 947 73 10 ■■*.■■■
1876 937 142 22 .'INTENDS
2033 939 37 20 TO
2086 938 74 21 SELL
2206 946 3 4 ■

1751 974 178 30 seasonable
1939 975 95 38 goods
2044 978 33 26 at
2083 975 100 39 prices
2193 976 100 30 below

1744 1024 77 32 /that
1840 1024 33 31 of
1887 1035 62 30 any
1967 1024 231 34 'Christchurch
2222 1027 68 31 firm

1743 1128 7 24 ;.
1821 1137 3 2 •
1851 1136 64 8 -..--
2009 1131 34 18 ♦■
2060 1134 19 20 /

1865 1200 321 32 PARISH'S

1760 1278 188 547 §
1997 1499 263 45 YOUTHS'

2028 1597 65 33 All
2123 1597 105 34 Wool

1959 1678 179 26 COLONIAL
2161 1679 130 26 TWEED

2005 1752 218 23 QTTTTCJ

1791 1839 128 33 From
1944 1838 90 39 12/6
2055 1846 74 31 per
2152 1836 94 38 suit.

1878 1896 81 34 (three
1976 1895 148 34 garments.)

1755 1942 92 26 Cannot
1860 1943 25 24 be
1892 1942 137 32 purchased
2041 1945 24 21 at
2082 1940 172 26 Christchurch
2265 1949 28 15 or

1867 1985 124 26 elsewhere
2002 1989 26 21 at
2035 1985 37 24 the
2079 1985 78 31 price.

1780 2081 144 48 LACE
1974 2079 289 50 CURTAINS

1933 2198 41 6 —
1974 2193 8 15 >
1994 2197 10 9 ■
2016 2195 7 13 ♦
2034 2197 11 9 ■
2058 2194 9 15 <
2067 2199 38 5 —

1751 2272 95 51 lflll
1875 2269 414 54 pAfRSofGURTAIIfS

1752 2304 94 50 lUU
1875 2319 24 34 1
1955 2312 110 33 Latest
2089 2312 136 42 Designs

1846 2360 82 31 from
2018 2369 58 29 per
2103 2359 79 39 pair.

1848 2518 357 44 MIttINEPY,

1750 2606 129 32 Ladies'-
1895 2606 89 32 Rock
1998 2605 103 33 Straw
2115 2606 134 30 Boaters

1791 2681 20 13 „
1895 2658 108 39 Fancy
2026 2657 96 30 Sailoi

1749 2709 101 41 Boys'*
1859 2709 63 31 and
1936 2707 102 33 Maids
2054 2708 144 32 Galateas

1750 2802 101 31 Black
1865 2802 123 30 French
2004 2802 183 30 Cashmeres

1748 2853 101 30 Black
1864 2855 29 26 &
1905 2853 66 30 Col.
1990 2853 125 29 French
2133 2852 157 29 Merinoes

1315 2572 271 47 NOTICE.

1181 2665 23 58 I
1220 2667 48 28 beg
1285 2666 27 22 to
1328 2664 93 24 inform
1449 2664 45 24 the
1516 2663 157 24 inhabitants
1696 2660 28 25 of

1221 2696 94 27 Oxford
1326 2695 51 27 and
1385 2695 44 26 the
1437 2695 85 33 public
1531 2693 125 35 generally
1664 2693 57 26 that

1181 2734 14 27 I
1205 2735 64 26 have
1287 2733 77 27 taken
1374 2741 59 21 over
1451 2733 43 26 the
1506 2732 115 26 business
1644 2730 77 33 lately

1181 2775 96 26 carried
1287 2782 34 18 on
1330 2774 33 32 by
1372 2773 139 27 MESSRS
1529 2771 192 27 GRIFFITHS

1181 2815 98 26 BROS.
1292 2813 104 26 General
1405 2813 111 26 Carriers
1539 2812 51 26 and
1606 2813 66 24 trust
1688 2810 33 33 by

1181 2853 125 25 attention
1314 2853 27 24 to
1352 2852 116 25 business
1479 2853 27 23 to
1517 2852 75 24 merit
1611 2859 15 15 a
1649 2849 72 26 share

1181 2891 28 26 of
1214 2890 85 33 public
1310 2892 112 31 support.

1215 2939 109 27 Covered
1334 2939 75 25 Vans
1419 2938 52 25 will
1481 2944 49 19 run
1552 2936 65 25 from
1629 2935 93 26 Oxford

1183 2986 25 24 to
1220 2982 128 34 Rangiora
1371 2981 50 26 and
1444 2979 181 27 Christchurch
1649 2986 73 26 every

1182 3029 156 31 MONDAY,
1350 3027 233 29 WEDNESDAY,
1592 3026 130 26 FRIDAY

1376 3066 151 31 Returning.

1183 3105 163 29 TUESDAY
1402 3102 191 28 THURSDAY
1650 3102 73 26 AND

1343 3143 212 28 SATURDAY'S

1216 3188 136 26 Furniture
1363 3187 51 25 and
1425 3186 85 26 Goods
1533 3185 27 27 of
1580 3192 74 25 every
1673 3184 50 26 des-

1183 3227 113 32 cription,
1308 3226 94 33 packed
1412 3224 52 26 and
1474 3223 118 27 removed
1602 3224 28 26 at
1640 3223 83 27 short-

1183 3270 36 23 est
1230 3266 92 27 notice.

1217 3311 142 27 ORDERS
1379 3310 130 27 entrusted
1520 3311 28 24 to
1559 3309 43 25 Mr
1611 3309 33 25 L.
1657 3308 66 26 Grif-

1183 3353 49 28 fith
1243 3351 100 31 Oxford,
1361 3353 53 24 who
1425 3350 51 26 will
1494 3353 41 22 act
1546 3357 28 18 as
1585 3357 44 25 my
1640 3349 83 32 agent,

1183 3400 28 19 or
1222 3394 27 25 to
1260 3393 28 26 C.
1300 3392 31 25 A.
1343 3391 76 31 Tyler
1425 3391 135 31 Rangiora,
1569 3389 51 26 will
1628 3389 95 25 receive

1183 3431 101 31 prompt
1303 3429 136 27 attention.

1371 3469 29 26 C.
1419 3468 31 26 A.
1470 3467 120 27 TYLER

1570 3500 154 34 Proprietor.

1241 3635 47 47 C.
1332 3633 333 55 CLEAVER,

1378 3716 146 25 CARRIER

1181 3761 130 40 OXFORD
1354 3760 46 40 TO
1432 3756 287 43 CHRISTCHURCH.

1320 3915 272 48 NOTICE.

1184 4060 171 61 PERSONS
1378 4057 240 28 TRESPASSING
1635 4064 34 19 on
1685 4064 41 24 my

1235 4093 98 26 FARM
1362 4093 53 26 will
1438 4093 28 25 be
1494 4089 232 28 PROSECUTED

1183 4133 63 25 after
1260 4131 52 27 this
1329 4130 97 27 Notice.

1456 4172 93 24 JOHN
1566 4170 128 28 BROWN

1527 4214 108 26 Browns
1647 4212 80 26 Rook.

1331 4338 85 32 FOR
1462 4336 119 34 SALE.

1223 4389 28 32 A
1284 4387 170 34 CORNET
1468 4388 44 41 by
1525 4396 20 23 a
1559 4386 70 32 first
1647 4386 82 32 class

1182 4440 120 33 Maker.
1388 4438 121 42 Apply,

1391 4480 98 31 Office
1497 4480 34 31 of
1537 4479 64 31 this
1609 4478 116 41 Paper.

1245 216 195 41 MUSICAL
1482 214 179 42 TUITION

1188 280 140 39 PIANO,
1359 280 187 37 SItfGING,
1570 278 157 39 VIOLIN,

1230 323 146 32 ORGAN
1444 322 85 31 ETC.
1593 321 92 31 ETC.

1292 396 63 29 MR
1393 395 30 30 S.
1455 393 182 32 MAYSON.

1190 458 64 29 Has
1291 457 160 29 vacancies
1480 456 48 29 for
1549 456 102 39 pupils
1693 456 33 28 in

1315 502 98 28 above
1449 501 146 37 subjects.

1287 615 87 25 Terms
1404 623 30 16 on
1465 614 159 32 application.

1188 714 188 43 Pianos
1399 713 100 43 and
1524 712 200 55 Organs

1317 780 78 25 tuned
1412 780 50 24 and
1479 778 120 33 repaired.

1185 839 117 24 AGENT
1321 839 67 24 FOR
1406 838 137 23 MILNER
1555 835 167 28 THOMSON

1332 924 84 40 FOR
1461 923 115 41 SALE
1713 917 16 58 ;

1218 1012 48 24 AN
1282 1011 156 25 UPRIGHT
1451 1011 118 24 GRAND
1579 1011 109 25 PIANO
1705 996 24 39 •■■'

1216 1086 171 26 Instruments
1399 1094 45 16 can
1456 1086 31 24 be
1503 1086 121 31 procured
1635 1094 33 17 on
1679 1086 43 24 the

1185 1130 64 23 time-
1258 1132 120 29 payment
1388 1131 99 30 system.
1721 1126 8 14 J

1327 1174 75 23 From
1414 1174 34 22 £1
1467 1180 15 17 a
1494 1173 94 24 month.
1708 1174 5 11 :

1251 1261 116 26 SHEET
1380 1261 109 25 MUSIC
1498 1261 38 24 IN
1546 1260 109 26 STOCK

1184 1308 144 37 SONGS,
1552 1308 167 32 DUETTS

1333 1356 120 25 VIOLIN
1466 1355 115 26 SOLOS.

1184 1405 115 25 Address.
1303 1418 31 4 —
1336 1405 119 30 Opposite
1484 1404 74 26 Bank
1576 1404 26 25 of
1620 1404 40 25 -N.
1692 1404 29 25 Z.

1378 1457 148 26 OXFORD.

1281 1601 135 44 FOR
1442 1599 183 45 SALE.

1285 1774 110 34 EAST
1418 1773 186 35 OXFORD,

1221 1822 67 30 Has
1303 1833 41 18 on
1360 1822 84 29 hand
1461 1832 17 19 a
1503 1822 144 38 splendid
1675 1821 47 29 lot

1181 1871 33 29 of
1227 1869 145 31 BACON
1388 1869 64 31 and
1466 1868 113 32 LARD
1591 1870 51 29 for
1657 1869 65 31 sale

1179 1919 83 30 from
1277 1929 19 19 a
1310 1919 107 38 pound
1433 1921 32 26 to
1480 1928 19 19 a
1513 1921 65 27 ton.

1278 1964 112 34 Bacon,
1399 1964 71 41 pigs
1486 1964 130 40 bought.

1180 2096 46 44 J.
1249 2095 54 44 T.
1332 2095 202 53 Brown,
1556 2095 43 44 &
1620 2095 102 44 Son

1233 2162 112 21 TIMBER
1355 2163 19 20 &
1384 2161 73 22 COAL
1471 2161 185 22 MERCHANTS.

1355 2199 167 21 IMPORTERS

1179 2237 37 27 Of
1245 2235 142 29 TIMBER
1416 2236 56 27 and
1501 2236 50 27 All
1580 2236 90 26 Kinds
1693 2235 29 27 of

1233 2281 190 28 BUILDING
1447 2279 225 27 MATERIALS.

1371 2325 153 28 CORNER

1180 2367 166 27 COLOMBO
1386 2368 20 23 &
1435 2366 99 25 TUAM
1564 2364 158 27 STREETS

1339 2410 196 26 CHBtSTOHURCH

766 212 259 46 NOTICE.
1065 218 7 12 *

656 297 55 31 Any
722 302 89 25 person
821 295 77 25 fouud
908 293 153 32 trespassing
1071 300 32 17 011
1115 291 43 26 the

623 341 104 24 Grange
755 338 118 31 Property
892 338 63 24 after
967 337 51 25 this
1038 336 57 24 date
1112 335 48 25 will

623 384 28 24 be
685 381 239 26 PROSECUTED.

820 432 21 24 A
859 429 224 27 HENDERSON.

953 474 65 24 East
1042 472 98 24 Oxford.

756 591 265 46 NOTICE.

866 668 65 26 TO

635 720 362 39 WAIMAKARIRI-ASHLEY
1028 718 115 38 WATER

697 783 124 38 SUPPLY
845 781 239 39 CONTRACTORS

645 852 54 20 Just
708 851 103 20 received
820 856 15 14 a
841 850 156 25 consignment
1007 849 23 20 of

620 919 257 41 MOLESKIN
904 916 251 43 TROUSERS

853 987 46 14 AND
931 988 19 15 ■;-,
1045 991 6 2 -
1064 1000 2 1 .
1086 998 4 4 ,

640 1023 240 42 COTTON
910 1021 225 40 SHIRTS

619 1114 52 37 for
687 1113 94 49 price
797 1112 70 37 and
882 1112 144 47 quality
1040 1111 63 36 not
1117 1110 37 37 to

782 1179 42 37 to
846 1178 128 38 toaten

667 1241 33 38 A
729 1239 134 50 Special
885 1238 113 50 Cheap
1021 1237 83 38 Line

617 1306 537 51 WELSBFIiA-RXEIi

714 1391 38 22 for
769 1392 80 21 men's
867 1390 143 23 undershirt
1028 1391 47 20 etc.

675 1436 41 29 R.
731 1434 41 31 H.
790 1434 169 36 PARISH,
974 1434 138 29 .Draper

907 1482 28 29 E
941 1491 52 21 a.st
1002 1519 7 3 _
1016 1482 137 30 Oxford

751 1589 265 50 NOTICE.

614 1668 96 28 LOST,
739 1667 141 29 STOLEN,
909 1666 45 24 OR
982 1665 169 26 STRAYED.

647 1765 33 24 40
697 1763 96 26 merino
817 1771 63 17 ewes
903 1762 65 26 froin
985 1771 94 16 reserve
1103 1763 48 24 462

615 1807 92 25 VIEW
725 1806 96 30 HILLy
842 1805 75 33 lately
929 1806 116 31 occupied
1060 1805 32 32 by
1112 1806 40 24 Mr

615 1849 160 25 CHARLES
797 1849 145 28 GORTON,
958 1855 97 25 anyone
1069 1849 83 30 giving

614 1893 160 25 information
792 1893 56 24 that
872 1892 51 25 will
938 1893 57 24 lead
1017 1895 26 22 to
1059 1893 44 24 the
1114 1899 38 18 re-

613 1943 85 25 covery
716 1935 27 26 of
758 1936 42 24 the
817 1943 69 16 same
903 1935 52 24 will
971 1935 31 25 be
1016 1935 134 25 rewarded.

712 1979 79 31 Apply

779 2022 32 25 R.
824 2022 130 26 PARISH

945 2065 69 24 View
1037 2065 62 23 Hill.

777 2130 86 25 Brand
881 2128 48 35 P5
948 2130 61 26 Red.

629 2310 514 47 DRESSMAKING.

835 2387 7 10 it
854 2399 2 1 .
864 2385 34 15 C^S)
917 2387 9 11 *
963 2390 13 2 —

697 2421 96 31 MISS
816 2422 34 31 E.
868 2419 199 38 HAWKER,

617 2477 11 40 (
638 2477 93 41 Pupil
744 2477 33 30 of
797 2476 74 32 Miss
886 2476 137 40 Keating
1046 2476 105 31 Scien-
1152 2481 3 9 :

613 2518 65 32 tific
689 2519 209 39 Dressmaker,
913 2516 237 42 Christchurch)

654 2570 81 41 Begs
758 2573 33 28 to
826 2571 115 30 inform
976 2571 57 30 her
1062 2570 90 41 Lady

614 2611 131 32 Friends
803 2613 55 30 she
871 2613 28 30 is
913 2620 72 22 now
999 2611 153 42 prepared

613 2656 33 27 to
661 2653 89 30 make
768 2653 119 31 dresses
900 2653 34 30 in
948 2653 204 30 Fashionable

613 2693 175 31 andLatest
799 2693 108 40 styles,
918 2695 33 28 at
962 2692 190 32 Reasonable

614 2733 134 42 charges.

665 2785 50 26 She
753 2785 47 25 has
830 2785 122 32 arranged
988 2785 38 25 for
1053 2786 100 30 present

616 2824 198 26 WORKROOM
837 2826 27 24 at
892 2824 72 26 MRS
984 2823 168 27 ESKETT'S

614 2864 118 29 Opposite
744 2863 74 23 Bank
829 2864 29 22 of
938 2862 112 24 Zealand
1059 2862 94 24 Oxford

739 2905 54 32 Bay
805 2905 71 25 Road
889 2905 136 24 Entrance.

640 3036 24 20 A.
678 3034 86 21 Flesher
774 3033 19 27 ].
1023 3032 35 28 [F.
1070 3033 81 21 Fuller.
1158 3048 2 6 ,

626 3076 206 47 FLESHES
855 3080 70 42 and
946 3080 190 42 FULLER.
1158 3075 3 15 !

791 3140 183 26 SOLICITORS,

654 3181 13 20 9
677 3178 125 23 Cathedral
812 3178 94 27 Square,
921 3179 192 20 Chbistchtxkch.

615 3214 116 28 (Between
740 3212 112 21 Morten's
861 3212 117 28 buildings
988 3212 19 21 &
1016 3212 57 21 Post
1079 3212 74 21 Office.

654 3249 188 55 Money
871 3248 54 44 to
962 3248 144 44 Lend

614 3316 35 21 On
659 3316 32 21 all
699 3313 57 23 kind
765 3313 25 22 of
799 3314 113 26 Security,
920 3314 26 21 at
964 3314 57 21 Low
1035 3314 78 20 Rateb
1131 3313 25 22 of

641 3359 107 21 Interest.
777 3358 91 26 Special
880 3358 79 21 Terms
968 3357 36 22 for
1012 3357 112 21 Farmers.

616 3517 224 29 PREVENTION
858 3516 33 26 IS
908 3516 139 26 BETTER
1059 3515 94 26 THAN

848 3557 105 25 CURE.

615 3630 94 26 VTOW
728 3629 55 26 that
793 3629 45 26 the
849 3627 132 27 Influenza
992 3627 130 33 Epidemic
1132 3627 23 25 is

616 3654 31 35 lM
689 3664 76 25 about
783 3663 43 25 the
844 3661 183 34 neighbouring
1044 3661 111 25 districts

615 3706 32 15 no
660 3697 74 24 home
745 3696 90 25 should
846 3695 30 25 be
887 3695 105 25 without
1003 3695 46 25 the
1066 3694 88 31 Platyr

616 3738 46 23 pus
667 3728 86 29 Brand
764 3728 26 26 of
802 3728 155 32 Eucalyptus
967 3727 124 26 Globulus
1102 3726 52 25 Ex-

616 3765 64 24 tract
691 3764 27 25 to
730 3761 30 26 be
771 3761 78 26 taken
859 3768 69 25 upon
944 3768 82 24 feugar,
1047 3768 29 18 or
1092 3760 27 24 in
1139 3767 16 17 a

616 3796 64 24 little
691 3794 72 25 milk.
798 3794 53 23 The
861 3796 68 22 most
943 3793 149 24 convenient
1104 3791 51 24 and

616 3828 111 32 pleasant
739 3835 54 24 way
805 3829 26 23 to
844 3825 57 26 take
924 3824 157 33 Eucalyptus
1092 3824 23 25 is
1126 3823 29 25 in

616 3861 32 26 he
659 3861 120 31 Platypus
791 3859 88 26 Brand
898 3857 33 26 of
943 3857 146 32 Euacyptus
1109 3857 45 26 Ju-

613 3894 83 31 jubes,
707 3894 58 30 they
777 3901 42 17 are
826 3893 28 24 in
864 3891 63 26 such
935 3898 16 17 a
957 3890 126 32 palatable
1089 3890 66 26 form

615 3928 113 32 pleasant
769 3927 27 24 to
830 3925 71 28 taste,
942 3923 133 32 antiseptic
1104 3921 51 27 and

616 3960 140 25 stimulant.
801 3956 116 33 Sprinkle
939 3963 64 25 your
1028 3956 126 25 handker-

615 3993 69 25 chief
692 3991 49 26 and
760 3997 85 19 rooms
856 3989 60 25 with
935 3990 43 24 the
995 3988 43 24 oil.

617 4044 27 26 BE
654 4043 59 26 SURE
719 4042 43 26 YOU
772 4040 119 28 PURCHASE
898 4040 47 26 THE
954 4039 116 27 PLATYPUS
1078 4039 75 27 BRAND

692 4088 32 25 R.
736 4085 93 26 Parish
840 4085 83 32 Agent
934 4083 39 26 for
985 4083 102 26 Oxford.

616 4132 74 26 Office
697 4132 40 24 No
748 4131 14 23 9
776 4128 181 31 Cathedrals^.
973 4126 182 27 Christchureh

645 4266 243 49 CANCER
918 4261 207 50 CURED

795 4338 151 24 WITHOUT

615 4395 28 32 A
666 4393 216 34 SURGICAL
910 4388 243 36 OPERATION

648 4445 50 24 For
709 4441 100 34 further
822 4441 152 32 particulars
989 4439 74 33 apply
1080 4442 24 21 to
1116 4437 37 26 the

666 4494 123 27 OFFICE
808 4494 45 26 OF
876 4492 83 28 THIS
976 4491 123 27 PAPER.

158 213 329 48 TENDERS.

125 308 139 28 OXFORD
287 306 92 26 ROAD
402 304 115 27 BOARD

91 376 126 25 NOTICE
236 376 22 23 is
282 374 90 30 hereby
391 373 72 31 given
486 371 57 24 that
560 371 33 24 all

57 415 84 24 fences
163 414 75 30 along
260 413 43 24 the
331 412 66 30 Eyre
421 409 172 25 Water-Raco.«

58 452 51 24 and
120 459 69 24 gorse
203 449 169 32 overhanging
383 447 43 25 the
447 455 67 17 same
526 449 67 21 must

57 494 31 23 be
101 493 115 24 trininiecl
228 492 49 22 and
297 491 94 24 cleaved
403 498 70 21 away
494 492 25 20 at
532 496 61 16 onee

57 538 27 22 to
97 536 72 24 allow
192 533 244 26 CONTRACTORS
459 534 26 22 to
508 534 41 28 get
561 539 32 16 on

57 579 61 24 with
131 579 43 23 the
186 578 66 24 work
264 578 27 24 of
297 577 110 30 clearing
419 576 40 24 the
472 574 119 25 RACES.

90 618 40 31 By
142 618 70 25 order
229 617 27 25 of
271 618 42 23 the
337 616 96 25 Board;:

89 654 34 32 2_
158 659 111 26 JAMES
291 659 34 24 H.
345 658 146 28 SHARPE,
512 656 79 26 Clerk.

56 779 177 25 •TENDERS
245 787 42 16 are
299 778 91 24 invited
402 777 31 31 by
445 776 42 24 the
501 775 90 25 Oxford

61 802 24 35 1
106 813 70 24 Road
188 812 81 24 Board
279 811 37 24 for
327 811 43 23 the
391 809 93 31 Supply
508 809 26 23 of
544 810 48 22 350

57 846 57 31 Dog
125 846 87 24 collars
235 844 37 24 for
290 844 44 23 the
344 851 58 22 year
425 843 72 24 1896,
517 841 73 30 speci-

59 887 60 16 men
131 878 87 24 collars
231 884 43 16 cau
288 877 28 23 be
328 882 55 17 seen
396 875 27 23 at
435 874 39 24 the
486 873 104 24 Board's

58 911 133 29 OFFICE,
210 910 80 23 where
314 906 161 26 TENDERS
499 905 50 25 will
562 905 29 24 be

57 944 110 24 received
191 950 32 23 up
246 945 25 21 to
294 948 65 17 noon
372 948 32 16 on
430 938 160 24 WEDNES-

57 976 69 23 DAY
140 974 75 28 DEC,
231 974 68 23 18th.
335 973 51 22 The
398 973 84 22 lowest
502 978 27 16 or
541 978 49 23 any

57 1007 86 24 tender
153 1008 45 22 not
209 1004 147 31 necessarily
369 1002 121 32 accepted.

221 1049 111 24 JAMES
355 1047 33 25 H.
410 1046 146 26 SHARPE.

287 1086 73 26 Clerk
372 1088 25 22 to
410 1086 42 24 the
465 1084 90 24 Board.

89 1202 154 25 FENCING
270 1201 69 24 AND
370 1199 112 26 GATES
511 1198 46 24 ON

257 1244 119 26 ROADS.

89 1291 30 24 In
132 1290 157 31 compliance
302 1288 60 24 with
386 1287 89 25 Clause
497 1286 48 24 118
565 1284 27 26 of

55 1336 43 24 the
108 1335 87 24 Public
208 1333 86 25 Works
307 1333 55 27 Act,
383 1333 72 28 1894,

87 1377 125 25 NOTICE
226 1377 21 24 is
264 1376 88 30 hereby
376 1375 73 31 given
470 1373 55 24 that
548 1373 40 24 Mr

55 1420 65 24 John
142 1418 152 25 O'Halloran
312 1416 46 25 has
379 1415 98 31 applied
499 1416 26 23 to
545 1414 43 25 the

54 1462 139 26 OXFORD
211 1460 91 26 ROAD
325 1459 120 25 BOARD
468 1458 37 25 for
533 1465 53 24 per-

53 1507 104 24 mission
174 1508 26 23 to
226 1507 64 22 erect
318 1512 15 16 a
351 1503 70 25 fence
445 1503 74 30 along
544 1502 43 24 the

54 1550 125 25 Northern
193 1548 50 25 side
266 1547 26 25 of
301 1547 43 25 the
364 1546 89 25 MAIN
467 1544 119 29 DRAIN,

53 1594 50 25 and
115 1595 25 24 to
155 1593 67 31 hang
235 1590 113 28 SWING
366 1589 112 26 GATES
506 1595 80 18 across

53 1637 42 23 the
107 1636 68 24 Main
185 1634 78 25 Drain
275 1632 70 25 Road
353 1634 25 22 at
391 1632 108 24 Bonnets
508 1630 78 25 boun-

52 1679 59 31 dary
124 1677 69 26 Road
216 1676 48 25 and
289 1675 105 26 Steffens
407 1674 77 25 Road.

183 1731 116 25 JAMES
317 1729 34 24 H.
372 1728 146 26 SHARPE.

217 1770 80 29 Clerk,
311 1769 92 25 Oxford
414 1768 71 24 Road
497 1766 82 25 Board

155 1890 328 48 TENDERS.

52 1969 138 25 OXFORD
217 1966 126 26 SPORTS
370 1964 213 26 COMMITTEE.

54 2042 127 25 TNVITE
216 2039 163 26 TENDERS
412 2039 38 24 for
478 2037 105 25 refresh-

52 2063 21 36 -1
108 2075 82 23 nients
216 2073 88 30 during
337 2071 44 25 the
415 2070 169 30 forthcoming

52 2106 137 27 SPORTS,
203 2107 25 23 to
238 2105 29 24 be
278 2104 58 24 held
348 2111 33 17 on
391 2102 193 25 DECEMBER

52 2139 70 26 30th.
158 2139 49 25 Tea
229 2139 68 24 must
313 2137 30 25 be
358 2135 124 33 provided.
501 2135 36 25 To
555 2134 30 25 be

52 2180 56 23 sent
127 2178 54 23 into
207 2177 43 24 the
274 2175 164 31 undersigned
460 2175 44 23 not
523 2173 62 25 later

50 2210 62 26 than
123 2209 79 28 DEC,
221 2208 68 28 16th,
308 2210 15 22 8
340 2215 25 24 p.
382 2215 35 16 m.

248 2251 70 25 GEO
337 2250 119 29 SMITH,

349 2290 136 30 Secretary.

150 2460 330 46 TENDERS.

83 2549 161 26 TENDERS
257 2558 41 17 are
316 2549 143 29 invited.for
471 2549 40 24 the
533 2549 52 25 sale

49 2591 25 24 of
94 2598 14 15 a
125 2591 110 29 compact
253 2589 66 24 little
339 2588 68 32 dairy
430 2588 73 28 farm,
527 2595 57 17 con-

48 2629 96 31 taining
172 2630 32 23 48
228 2636 67 17 acres
323 2628 31 29 of.
360 2629 64 31 good
435 2628 69 28 land,
524 2627 62 26 with

47 2669 189 24 DWELLING
255 2669 79 24 house
353 2669 50 22 and
414 2669 35 23 all
468 2668 116 23 conveni-

46 2715 81 17 ences.
162 2705 163 27 TENDERS
346 2706 26 24 to
384 2704 31 26 be
435 2706 62 26 sent.
503 2707 26 23 to
541 2704 44 26 the

47 2744 135 31 OWNER,
195 2744 40 25 Mr
257 2745 30 25 P.
308 2744 182 28 RIEDRICH,
521 2744 64 24 East

48 2784 100 28 Oxford,
171 2791 32 17 on
215 2791 28 16 or
265 2783 81 24 before
358 2782 43 25 the
423 2782 60 25 18th
504 2782 82 24 DEC-

47 2823 124 25 EMBER
200 2822 73 30 1895,
362 2847 3 2 .
506 2843 4 3 .

191 2937 266 48 NOTICE.

45 3053 215 31 ATHLETIC
278 3053 159 31 SPORTS
452 3053 132 29 PEAR-

193 3106 78 32 SON
316 3106 122 31 PARK.

89 3180 157 32 NOTICE
284 3182 26 29 is
347 3180 117 39 hereby
492 3180 92 39 given

47 3222 71 31 that
131 3223 53 29 the
198 3221 134 31 Domain
344 3220 105 31 Board
464 3221 56 31 has
537 3224 49 28 set

48 3267 91 37 apart
154 3264 151 29 Pearsons
327 3262 83 31 Park
424 3263 51 29 for
510 3262 74 31 Deo.

50 3306 49 29 30.
123 3306 91 29 1895.

89 3345 28 30 A
131 3346 114 38 charge
261 3346 33 29 of
311 3344 146 40 sixpence
471 3344 115 29 admis-

48 3387 67 29 sion
130 3389 32 26 to
177 3386 52 29 the
244 3386 83 29 Park
338 3386 64 28 -will
429 3386 39 29 be
496 3386 90 29 made

49 3427 51 29 for
109 3427 110 37 adults,
250 3426 142 30 children
420 3426 100 29 under
545 3427 41 27 12

49 3467 75 31 free.

155 3518 31 32 J.
213 3518 205 32 PEARSON.

301 3560 165 29 Chairman
468 3589 10 10 #

229 3746 198 49 ANNUAL

115 3804 194 52 OXFORD
341 3805 174 49 SPORTS

84 3906 145 26 MONDAY
257 3906 194 26 DECEMBER
480 3906 69 24 30th.

278 3962 26 23 at
321 3960 41 25 the

87 4013 97 39 TOWN
210 4012 84 39 HALL
315 4012 81 38 EAST
417 4012 127 39 OXFORD!

252 4074 136 27 MESSRS

54 4134 529 80 BICKERTONBROS.

94 4246 108 39 GRAND
250 4243 294 44 ENTERTAINMENT.

163 4335 37 25 To
227 4334 117 26 conclude
372 4333 61 26 with
461 4341 16 17 a

88 4388 251 46 PUBLIC
361 4388 192 45 BALL.

52 4462 149 26 Admission
212 4462 26 23 to
249 4461 66 29 Ball,
334 4461 88 29 Gents,
436 4462 48 32 2/--
497 4461 90 26 Ladies

189 4498 40 25 lib
257 4497 185 27 refreshments.
