3486 4469
1183 16 172 31 OXFORD
1400 17 224 32 OBSERVER
1655 21 239 36 SATURDAY,
1931 19 231 31 DECEMBER
2200 19 49 30 14.
2269 17 90 30 1895.

2918 4169 104 26 Printed
3045 4171 65 25 and:
3135 4173 142 29 Published
3306 4178 32 33 Ly
3374 4179 88 26 Laura

2951 4208 82 26 Annie
3057 4210 104 32 Pakish,
3187 4216 28 23 at
3237 4215 48 26 her
3317 4217 148 33 Registered

2948 4250 120 33 Printing
3079 4254 87 29 Office,
3189 4257 70 31 High
3285 4259 93 26 Street.
3402 4261 62 24 East

2949 4292 102 31 Oxford,
3061 4294 158 38 Canterbury
3221 4318 7 7 .

2968 4345 131 28 Sattoday
3116 4348 145 30 Decembek
3286 4355 41 24 14.
3341 4356 66 25 1895

2921 193 170 52 WATCH
3134 172 159 108 g*|f
3321 192 148 54 CLOCK

3044 350 302 40 FITTED

3184 411 31 16 AT

2941 447 184 37 Parish's
3154 450 103 36 East
3272 451 171 45 .Oxford.

2922 602 321 48 WERTHEIH

3104 698 252 50 SINGER'S

3010 794 84 48 and
3120 795 344 51 HOUSEHOLD

2964 901 207 42 MACHINE
3219 905 202 41 NEEDLES

2934 990 124 51 From
3091 992 72 57 1/-
3193 1006 73 48 jer
3303 994 149 50 dozen.

3244 1267 111 33 wEnNk

3181 1721 44 22 AT

2986 1808 39 24 Jr
3042 1806 55 26 XX
3111 1806 151 28 AJ.I9
3277 1806 55 26 £1
3369 1806 40 26 19

2925 1873 189 32 EAST
3163 1874 297 33 OXFORD

2924 2008 62 46 R.
3024 2009 438 56 W.ENGLAND,

2922 2090 141 40 Timber
3077 2091 71 40 and
3171 2091 76 41 Coal
3276 2092 186 41 Merchant

2924 2175 161 66 LARGE
3106 2176 109 25 STOCK
3232 2177 45 25 OF
3289 2177 173 27 BUILDING

3099 2209 210 26 MATERIALS.

2989 2251 35 26 Of
3045 2260 72 24 every
3149 2253 159 33 description,
3341 2255 119 25 seasoned

3022 2290 77 30 ready
3105 2290 39 24 for
3149 2298 54 20 use,
3212 2291 91 31 always
3311 2300 31 15 on
3349 2293 78 23 hand.

2953 2328 71 33 'Also,
3057 2326 162 40 Galvanised*
3240 2328 73 35 Irbnj
3327 2321 145 38 -^ortfand-

2923 2370 105 27 Cement
3035 2371 50 25 and
3096 2371 126 27 Builders'
3235 2373 189 33 Ironmongery.

2956 2420 112 33 Country
3083 2422 91 25 Orders
3198 2422 127 33 Carefully
3346 2424 113 26 Selected

3088 2462 51 23 and
3146 2461 146 25 forwarded.

2922 2516 98 26 TUAM
3028 2516 145 30 STREET,
3186 2517 275 28 CHRISTCHURCH

2985 2650 214 43 HOLLAND
3235 2652 155 43 FINISH

3104 2706 156 44 CALICO

3036 2770 65 33 3d.
3136 2779 73 31 per
3229 2774 115 38 yard.

3180 2848 34 27 at
3295 2848 13 30 :.

2913 2899 2 24 I
3037 2894 38 30 E.
3094 2895 41 30 H.
3156 2894 199 34 PAEISH'S

3003 3059 371 44 IMPORTANT

2923 3165 84 31 ALL
3038 3165 122 33 WOOL
3184 3167 173 32 EOSLYN
3377 3168 87 31 AND

2960 3240 298 34 WELLINGTON
3281 3243 154 32 TWEED

3071 3309 259 44 SUITS

2961 3378 73 39 •35/-
3052 3378 87 31 Suits
3154 3379 190 32 Eeducedio
3368 3381 68 40 25/-
3471 3407 2 2 .

2913 3434 2 55 |
2965 3439 69 39 45/-
3076 3464 21 13 „
3184 3465 19 11 „
3290 3466 19 11 „
3377 3442 67 39 35/-

2965 3485 150 34 Trousers
3130 3488 62 31 and
3205 3488 78 32 Vest
3348 3489 76 42 13/6

3160 3549 53 22 AT

2949 3601 198 32 PARISH'S
3174 3603 91 32 East
3288 3604 147 33 Oxford.

2951 3760 221 45 PUBLIC
3222 3763 239 48 NOTICE.

2960 3862 175 35 Telegraphic
3147 3864 133 38 Messages
3300 3876 50 18 can
3362 3878 61 17 now
3434 3869 34 26 be

2919 3909 60 24 sent
3002 3908 55 26 and
3074 3910 124 27 received
3217 3916 30 23 at
3273 3913 66 28 East
3363 3915 103 27 Oxford

2918 3952 115 34 Station,
3050 3955 54 27 and
3122 3956 93 28 Postal
3236 3960 87 28 Notes
3344 3971 61 27 may
3426 3962 33 26 be

2918 4000 156 33 purchased.

2413 156 427 47 EUCALYPTUS

2619 228 10 14 ♦

2412 253 60 20 THE
2487 253 73 20 BEST
2573 254 88 21 HOME
2678 254 141 21 BEMEDIE

2470 292 36 14 are
2520 285 36 20 the
2566 286 136 26 preparation
2712 287 25 21 of
2744 287 36 20 the

2354 321 171 22 TASMANIAN
2543 322 187 23 EUCALYPTUS
2744 324 48 21 OIL
2807 324 82 21 COMP.

2384 359 136 26 Universally
2530 359 103 21 admitted
2643 360 36 20 the
2687 361 80 24 BEST,
2778 360 115 21 PUREST

2355 395 44 21 and
2408 396 58 19 most
2475 396 94 20 effective
2580 396 134 27 Eucalyptus
2736 397 106 21 Globulus
2857 397 35 21 Oil

2354 427 35 20 for
2408 426 172 26 INFLUENZA,
2601 428 92 25 Coughs,
2713 429 64 20 Colds
2801 429 44 21 and
2862 429 30 21 all

2355 458 66 21 Chest
2437 458 44 21 and
2489 458 63 26 Lung
2568 460 113 20 affections
2695 460 78 26 speedy
2781 460 60 21 relief
2850 460 44 21 and

2355 490 57 21 Cure
2429 491 34 19 for
2478 490 157 25 Rheumatism,
2656 492 123 25 Neuralgia,
2793 493 101 26 Sprains-

2355 517 71 21 Burns
2446 518 35 20 &c.

2381 549 134 25 Eucalyptus
2533 550 104 21 Globulus
2655 550 93 22 Extract
2757 551 90 26 sprayed
2860 552 34 20 in-

2355 580 64 22 haled
2434 580 44 22 and
2492 582 65 20 taken
2567 581 117 28 internally
2700 583 35 20 for
2749 583 37 21 the
2803 583 88 27 Throat,

2356 618 97 25 Catarrh,
2470 618 59 26 Hay,
2553 619 99 25 Typhoid
2667 620 44 20 and
2725 620 82 21 Scarlet
2817 621 77 21 Fevers

2356 649 130 21 MEASLES
2497 650 36 20 the
2539 652 55 18 most
2604 651 137 26 satisfactory
2749 652 145 25 preventative

2356 680 43 20 and
2413 680 61 21 Cure.
2502 681 57 20 Send
2572 681 51 21 Post
2639 682 56 20 Card
2704 683 23 20 to
2737 683 37 20 the
2783 682 64 21 Office
2860 684 34 20 for

2356 710 96 21 Circular
2466 712 120 24 describing
2604 714 123 19 treatment.
2754 714 141 25 Encalyptus,

2356 741 111 24 Ointment
2476 745 37 21 the
2523 745 70 27 Magic
2602 746 80 21 Healer
2695 747 23 20 of
2732 748 70 23 Sores,
2815 749 79 24 Burns,

2356 775 103 25 Wounds,
2474 776 61 22 Boils
2553 778 45 24 &c,
2621 778 134 26 Eucalyptus
2774 779 58 26 Soap
2846 780 44 20 Fra

2355 807 63 24 grant
2427 807 44 21 and
2479 809 125 26 refreshing,
2629 810 132 26 Eucalyptus
2770 810 90 26 Jujubes
2869 817 25 15 or

2355 838 103 21 Pastilles
2466 840 34 20 for
2509 840 37 21 the
2571 841 81 21 Throat
2662 841 44 20 and
2714 841 65 22 Voice
2795 847 29 15 an
2838 842 56 21 anti-

2356 870 68 26 septic
2433 870 43 21 and
2485 872 121 21 stimulant.

2355 903 179 28 Veterinair^jQil
2542 907 44 17 and
2596 907 112 18 Ointment
2716 907 35 19 for
2760 907 38 19 the
2806 908 87 19 stables.

2382 938 30 19 Be
2422 943 49 14 sure
2480 943 43 19 you
2533 939 108 20 Purchase
2655 939 40 20 the
2705 939 105 27 Platypus
2825 940 69 20 brand

2355 969 51 25 only
2415 969 23 20 of
2445 969 29 21 all
2483 970 115 25 Chemists,
2603 971 89 21 Grocers
2697 971 44 21 and
2747 971 147 27 Storekeepers

2355 1000 43 21 and
2412 1002 23 19 at
2448 1001 38 20 the
2496 1002 65 21 Office
2570 1004 12 20 9
2591 1002 116 22 Cathedral
2716 1009 76 19 square
2801 1003 93 22 between

2354 1032 101 21 Morten's
2469 1033 114 27 Buildings
2591 1035 42 20 and
2644 1035 37 20 the
2689 1035 52 21 Post
2751 1035 71 21 Office.

2520 1068 88 21 Oxford
2619 1068 80 27 Agent

2409 1100 27 21 K.
2446 1101 30 21 H.
2490 1101 120 27 PARISH,
2632 1103 78 21 EAST
2723 1104 120 21 OXFORD

2435 1139 142 29 Eucalyptus
2587 1140 38 22 Oil
2638 1140 31 29 1/-
2682 1148 42 21 per
2732 1142 78 22 bottle.

2376 1290 117 43 HELP
2509 1291 84 43 FOR
2608 1293 87 42 THE
2719 1295 149 41 WEAK.

2354 1399 180 26 YTERVOUS
2554 1400 72 25 AND
2643 1401 247 31 DEBILITATED,

2356 1426 31 32 Jjl
2412 1433 65 29 who,
2489 1434 111 31 through
2611 1434 61 31 folly
2690 1435 50 25 arid
2750 1436 140 31 ignorance,

2354 1465 65 24 have
2430 1464 81 25 trifled
2523 1472 68 24 away
2603 1467 63 25 their
2676 1468 87 30 vigour
2782 1468 27 25 of
2817 1468 73 32 body,

2355 1497 78 29 mind,
2446 1497 51 25 and
2507 1498 135 31 manhood,
2655 1500 102 32 causing
2774 1500 116 26 exhaust-

2354 1530 45 32 ing
2415 1530 84 26 drains
2511 1539 67 25 upon
2589 1532 44 25 the
2655 1532 128 27 fountains
2804 1534 26 25 of
2840 1533 50 31 life,

2355 1563 64 26 Loss
2427 1564 26 25 of
2462 1564 103 33 Energy
2573 1566 49 24 and
2632 1566 128 33 Strength,
2772 1566 120 34 Timidity

2356 1596 164 26 Bashfulness
2554 1598 28 24 in
2617 1596 110 35 Society,'
2747 1600 143 30 Headache,

2356 1629 135 29 Backache,
2511 1630 179 28 Nervousness,
2713 1631 136 25 Weakness
2867 1634 28 22 of

2356 1660 121 33 Memory,
2488 1661 112 26 Restless
2610 1662 82 33 Sleep,
2701 1663 118 30 Dreams,
2827 1663 65 26 Loss

2356 1693 77 25 Flesh
2445 1694 50 24 and
2506 1694 69 25 Vital
2709 1696 139 32 Eruptions
2859 1705 33 17 on

2356 1726 43 24 the
2408 1725 63 26 Face
2483 1727 50 25 and
2544 1726 80 33 Body,
2637 1728 76 26 Want
2735 1730 28 24 of
2772 1729 120 33 Develop-

2355 1761 79 26 ment,
2455 1759 117 26 Varicose
2586 1761 84 28 Veins,
2693 1762 144 32 Incapacity
2855 1763 39 25 for

2356 1791 113 25 business
2479 1799 28 17 or
2518 1792 121 32 pleasure,
2652 1794 106 33 Urinary
2766 1794 126 31 Diseases,

2357 1825 50 23 and
2425 1824 35 25 all
2482 1825 44 25 the
2549 1825 84 26 effects
2655 1827 100 33 leading
2776 1830 27 23 to
2825 1829 67 31 early

2357 1858 84 31 decay,
2466 1858 105 32 perhaps
2593 1859 183 33 Consumption
2799 1869 29 17 or
2850 1862 43 24 In-

2356 1891 91 28 sanity,
2460 1898 47 16 can
2532 1891 29 23 be
2572 1893 116 23 obtained
2699 1893 31 31 by
2751 1894 143 32 consulting

2356 1921 139 33 personally
2513 1931 29 17 or
2548 1923 32 31 by
2591 1927 65 29 post,
2691 1925 94 25 FREE
2794 1926 99 24 PROF.

2356 1955 179 32 NOTMANN,
2565 1957 202 32 M.E.,E.M.G.,
2820 1959 72 26 Cam-

2356 1988 86 32 bridge
2453 1989 111 30 Terrace,
2588 1990 112 32 opposite
2723 1992 118 25 Colombo
2854 1992 38 26 St.

2357 2021 100 32 Bridge,
2486 2022 190 27 Christchurch.
2737 2025 55 25 The
2834 2025 60 31 only

2356 2053 229 25 Electrobotanical
2612 2057 97 31 Expert
2742 2058 153 32 advertising

2356 2084 55 27 who
2422 2085 52 26 will
2485 2090 136 27 guarantee
2638 2095 16 18 a
2670 2090 127 32 thorough
2825 2097 68 18 cure.

2358 2118 57 27 Sole
2430 2121 137 30 proprietor
2594 2121 51 25 and
2660 2123 116 30 patentee
2804 2123 29 25 of
2850 2123 44 26 the

2356 2152 59 32 only
2438 2154 150 30 guaranteed
2610 2154 111 26 Electric
2742 2155 72 26 Belts
2845 2156 50 25 and

2357 2185 72 25 other
2439 2186 91 31 special
2553 2187 126 26 electrical
2700 2188 144 32 appliances
2866 2189 28 24 in

2356 2217 43 26 the
2407 2217 116 26 colonies.
2557 2218 100 28 Ladies'
2669 2220 98 26 French
2778 2221 116 27 herbace-

2356 2258 44 18 ous
2410 2251 59 32 pills
2489 2251 39 26 for
2555 2252 178 32 irregularities
2755 2255 66 25 from
2843 2263 51 25 any

2356 2291 82 21 cause,
2463 2286 43 23 10s
2528 2286 96 28 posted.
2658 2286 147 31 Pamphlets
2832 2288 62 24 free.

2356 2314 306 35 Testimoniah-^Napier,
2672 2317 98 34 August
2777 2318 46 27 7th
2829 2319 64 26 1895

2356 2348 66 26 Prof.
2433 2349 132 26 Notmann.
2566 2365 34 4 —
2600 2351 69 25 Dear
2678 2351 49 31 Sir,
2729 2367 32 4 —
2761 2352 15 26 I
2785 2353 109 25 received

2355 2391 61 22 your
2421 2382 75 26 letter
2504 2384 49 24 last
2565 2384 76 29 week,
2660 2385 50 25 and
2720 2386 15 24 I
2751 2394 42 16 am
2801 2386 92 25 thank-

2356 2414 38 24 ful
2416 2417 27 22 to
2464 2415 54 24 find
2540 2424 49 23 you
2601 2424 42 17 are
2654 2418 105 25 anxious
2776 2420 27 23 to
2823 2418 71 25 know

2356 2446 44 26 the
2411 2446 107 27 benefits
2535 2448 14 25 I
2560 2448 64 26 have
2635 2450 100 25 derived
2754 2450 62 25 from
2833 2458 62 23 your

2357 2480 142 25 treatment,
2535 2480 49 31 bir,
2610 2481 23 25 it
2659 2481 69 33 gives
2754 2489 43 18 me
2824 2485 70 30 great

2356 2511 114 33 pleasure
2481 2515 27 24 to
2518 2514 93 26 inform
2622 2523 49 24 you
2680 2515 56 26 that
2744 2523 17 17 a
2771 2517 123 31 complete

2357 2545 50 25 and
2417 2546 94 31 perfect
2522 2555 58 17 cure
2591 2547 47 26 has
2657 2548 63 25 been
2742 2549 103 25 effected
2868 2551 26 23 of

2356 2578 44 25 the
2410 2578 118 27 maladies
2539 2580 14 25 I
2571 2581 158 31 complained
2748 2582 27 25 of
2785 2583 27 23 to
2834 2590 58 23 you.

2356 2611 14 24 I
2381 2618 41 17 am
2434 2612 116 32 enjoying
2560 2613 64 31 good
2640 2613 93 30 health,
2746 2614 49 24 and
2806 2622 42 17 am
2856 2623 36 16 re-

2356 2643 83 26 stored
2459 2646 26 23 to
2504 2645 87 32 manly
2612 2646 97 32 vigour.
2743 2646 60 26 P.S.
2804 2661 32 6 —
2836 2643 58 36 Any

2356 2677 103 25 sufferer
2467 2677 112 26 desirous
2586 2678 27 25 of
2617 2679 277 32 communicatingwith

2356 2716 40 17 me
2404 2716 50 24 you
2466 2718 42 17 are
2520 2711 26 24 at
2562 2709 91 35 liberty
2675 2712 27 25 to
2720 2712 57 32 give
2796 2720 44 24 my
2850 2712 43 25 ad-

2356 2742 76 30 dress,
2445 2742 37 26 for
2492 2743 15 25 I
2523 2744 49 25 like
2582 2752 61 24 your
2659 2746 120 31 practical
2790 2746 104 26 method

2356 2775 26 26 of
2393 2777 143 26 treatment.
2539 2792 31 4 —
2572 2778 29 25 T.
2616 2778 29 26 C.
2658 2779 117 26 Simpson.

2385 2927 45 46 S.
2471 2928 80 45 W.
2587 2928 277 50 TURPEST.

2355 2996 243 40 WATCHMAKER.
2633 2999 175 39 JEWELLER
2834 3001 58 32 &c

2433 3058 88 26 MAIN
2535 3059 136 26 STREET
2689 3060 140 27 OXFORD

2549 3107 62 20 near
2622 3102 83 25 Bank.

2356 3264 175 31 OXFORD
2574 3265 191 32 LIBEARY
2805 3266 90 33 AND

2447 3314 198 33 READING
2666 3315 133 32 ROOM.

2353 3423 54 25 The
2436 3423 94 27 Oxford
2556 3424 106 33 Library
2689 3425 24 25 is
2739 3433 64 25 open
2824 3434 71 25 every

2352 3467 115 31 Tuesday
2478 3468 52 22 and
2551 3467 123 34 Saturday
2703 3468 97 32 nights,
2828 3469 66 25 from

2354 3510 59 24 680
2424 3517 70 25 p.m.,
2516 3511 26 25 to
2563 3511 16 24 8
2589 3518 72 24 p.m.,
2685 3511 52 25 and
2767 3519 34 18 on
2823 3520 72 26 every

2352 3553 121 25 alternate
2485 3553 133 33 Thursday
2641 3554 141 31 afternoon,
2813 3556 81 32 (Sale-

2351 3596 71 34 days)
2445 3596 66 26 from
2523 3598 61 24 230
2594 3605 67 24 p.m..
2678 3599 26 24 to
2716 3600 16 23 5
2743 3607 60 24 p.m.
2841 3600 53 26 The

2351 3640 113 31 Reading
2476 3640 80 26 Room
2567 3641 22 24 is
2601 3649 65 24 open
2688 3643 28 23 to
2738 3642 45 26 the
2808 3643 86 30 public

2351 3682 59 33 free)
2416 3683 67 31 daily
2493 3683 67 25 from
2566 3685 30 22 11
2610 3690 70 22 a.m.,
2704 3688 26 21 to
2754 3683 144 30 Sundown/

2351 3724 128 34 (Sundays
2508 3726 128 34 excepted)
2671 3727 50 24 and
2761 3727 72 26 when
2848 3728 44 25 the

2349 3769 106 33 Library
2491 3770 23 25 is
2549 3779 73 23 open,
2657 3771 43 25 the
2736 3772 155 33 circulating,

2349 3812 106 32 Library
2466 3814 114 24 contains
2592 3815 76 28 1,700
2679 3814 121 30 volumes,
2826 3823 66 18 com-

2348 3855 97 30 prising
2454 3863 6 15 :
2462 3869 34 4 —
2496 3856 113 33 History,
2630 3857 110 29 Science,
2774 3857 118 33 Theoogy

2348 3896 151 34 Biography,
2541 3898 88 26 Travel
2663 3899 51 25 and
2743 3899 148 28 Adventure

2347 3939 83 27 Books
2441 3941 39 26 for
2491 3942 42 25 the
2554 3942 93 33 Young
2659 3943 41 25 &c.
2737 3942 59 26 This
2819 3944 22 25 is
2864 3953 27 16 a-

2347 3986 102 30 mongst
2471 3984 44 26 the
2526 3985 93 32 largest
2643 3986 50 24 and
2704 3986 57 26 best
2785 3987 105 26 selected

2347 4027 106 31 Library
2464 4028 27 24 in
2520 4028 62 25 New
2594 4029 120 25 Zealand.
2750 4030 23 24 A
2782 4031 108 24 number

2346 4068 27 25 cf
2379 4077 55 17 new
2457 4068 76 27 books
2556 4069 50 27 will
2629 4071 97 32 shortly
2745 4072 31 25 be
2800 4073 87 25 added.

2346 4111 52 26 The
2411 4111 152 26 Committee
2586 4113 49 25 will
2647 4115 29 24 be
2688 4114 56 32 glad
2756 4118 27 23 to
2794 4116 94 26 receive

2346 4155 180 25 contributions
2551 4156 28 25 of
2605 4156 106 27 suitable
2737 4158 78 26 books
2838 4160 50 24 and

2343 4198 145 32 periodicals
2510 4199 38 25 for
2559 4200 42 24 the
2613 4200 108 34 Library
2742 4202 51 26 and
2805 4203 81 26 Read-

2342 4242 45 31 ing
2415 4249 78 17 room.

2533 4290 26 22 L.
2577 4290 127 35 REEVES,

2626 4330 68 27 Hon.
2707 4331 143 29 Librarian.

2393 4371 178 26 Subscription
2583 4374 38 32 2/-
2633 4383 51 17 per
2702 4376 131 31 Quarter.

1284 221 403 40 BABLO¥
1731 223 165 40 AUD
1943 218 277 43 FRIGS

1470 272 193 42 Coventry
1701 271 113 44 Cycle
1862 272 131 35 Worlis

1333 324 38 30 88
1395 322 201 33 COLOMBO
1620 322 175 38 STREET,
1839 319 347 35 CHRISTOHURCH.

1167 380 57 31 We
1239 381 119 40 having
1372 383 94 29 taken
1482 392 74 20 over
1569 381 53 30 the
1636 381 72 30 well
1722 381 115 31 known
1847 381 113 35 works,
1976 380 180 39 machinery
2166 378 61 30 and
2237 378 89 31 stock

1166 422 34 29 in
1213 423 90 30 trade
1318 423 77 31 wish
1409 427 34 27 to
1457 423 112 30 inform
1585 421 53 32 the
1661 423 104 38 public
1779 423 71 30 that
1864 433 46 20 we
1926 432 52 20 are
1992 420 153 41 prepared
2159 421 33 28 to
2211 420 115 30 under-

1167 462 73 31 take
1256 463 103 31 orders
1374 465 48 29 for
1435 474 69 20 new
1518 463 158 30 machines
1691 463 62 30 and
1768 467 128 27 execute
1915 463 118 39 repairs
2056 465 33 26 at
2111 461 54 30 the
2190 461 137 29 shortest

1300 505 102 30 notice
1416 505 49 29 for
1486 505 42 29 all
1543 504 92 32 kinds
1650 502 36 32 of
1695 503 215 41 Engineering
1923 505 63 28 and
1998 502 95 41 Cycle
2105 500 95 32 work.

1332 557 126 21 SPECIAL
1471 555 178 23 ATTENTION
1665 556 95 21 GIVIiN
1774 555 38 22 TO
1826 555 142 22 COUNTEY
1983 554 123 22 OKDEKS.
2131 569 3 6 ,

1169 594 120 41 Racing
1303 594 160 32 Machines
1487 594 62 31 and
1571 593 99 41 Light
1875 604 19 21 a
1908 594 157 40 specialty.
2108 592 49 31 No
2171 593 155 40 imported

1167 636 157 30 machines
1339 637 75 38 kept
1428 637 33 28 in
1476 637 98 29 stock,
1590 637 45 28 all
1648 636 87 29 work
1750 636 79 29 done
1844 645 41 20 on
1898 635 55 29 the
1974 635 158 39 premises.
2185 634 31 28 A
2240 634 87 38 large

1198 676 89 30 stock
1301 675 36 31 of
1346 677 126 39 Lamps,
1484 675 95 37 Bells,
1595 676 63 30 and
1673 675 129 32 Saddles
1816 685 40 20 on
1870 675 85 30 hand
1969 678 33 27 at
2015 675 114 30 reduce
2140 674 132 40 dprices.

1283 775 135 87 U,
1485 775 133 85 H.
1677 774 516 88 PARISH

1444 914 198 55 EAST
1689 914 328 59 OXFORD

1397 1044 48 33 IS
1476 1042 124 33 NOW
1629 1043 60 34 IN
1719 1044 227 33 RECEIPT
1977 1044 65 34 OF

1385 1100 34 21 Ex
1429 1100 168 23 RIMUTAKA
1607 1102 65 22 AND
1682 1102 103 22 OTHER
1794 1103 114 21 DIRECT
1918 1103 166 25 STEAMERS,

1341 1146 278 48 SUMMEE
1698 1150 250 56 SEASON,
2021 1151 129 47 1895.

1172 1244 524 90 PRINTS!
1741 1249 491 85 PRINTS
2260 1245 59 88 !!

1242 1391 579 114 Ginghams,
1918 1396 340 101 Drills,

1170 1545 292 87 Dress
1531 1547 396 88 Tweeds
1966 1551 112 85 4s
2144 1550 180 86 lid

1419 1669 63 20 THE
1494 1669 80 22 FULL
1583 1669 95 21 DRESS
1692 1670 90 21 WITH
1793 1671 112 22 LINING
1920 1671 59 21 FOR
1993 1672 88 22 BODY.

1393 1762 77 31 has
1485 1763 191 33 received
1694 1771 26 23 a
1736 1764 294 40 consignment
2046 1765 45 31 of

1166 1810 301 60 Messrs
1525 1814 420 60 Johnsons
1998 1815 68 57 &
2125 1817 202 58 Sons

1341 1891 270 60 GREAT
1672 1894 452 61 YARMOUTH

1231 1977 228 88 OIL
1539 1977 699 97 CLOTHING

1346 2140 339 49 ENORMOUS
1746 2144 392 48 REDUCTIONS

1172 2241 435 89 MAIDS
1734 2243 594 97 ULSTERS

1284 2378 457 89 Reduced
1785 2383 104 84 to
1929 2383 117 86 2s
2089 2386 165 86 6d.

1529 2537 39 30 36
1590 2539 33 28 to
1644 2537 41 30 45
1697 2536 105 32 inches
1823 2539 87 41 deep.

1416 2613 393 18 >♦♦♦♦♦♦♦♦♦♦♦♦♦♦♦♦♦♦♦♦♦♦♦♦♦»♦
1812 2616 185 17 ♦♦♦«*>»»♦*»♦»

1162 2673 82 57 rE
1262 2672 117 32 question
1389 2671 22 23 is
1423 2671 100 23 natural
1523 2685 35 3 —
1582 2670 68 32 Why
1661 2671 61 23 send
1736 2673 27 22 to
1775 2672 178 24 Christchurch
1973 2673 40 24 for
2028 2680 64 26 your
2108 2674 112 33 Drapery
2227 2676 13 24 ?
2274 2676 53 26 The

1227 2704 103 33 drapery
1342 2703 55 26 sold
1404 2704 27 24 in
1439 2702 57 26 that
1508 2703 50 32 city
1570 2711 72 23 every
1654 2711 47 17 one
1713 2703 94 31 knows,
1819 2704 23 24 is
1853 2706 46 23 not
1909 2706 73 24 made
1993 2706 78 28 there,
2089 2706 47 26 but
2146 2707 131 32 imported.
2312 2709 15 25 I

1164 2739 93 31 import
1268 2738 66 26 from
1345 2736 45 27 the
1400 2736 54 26 best
1466 2735 108 33 English
1585 2736 51 25 and
1652 2735 89 28 Scotch
1753 2736 101 27 houses.
1899 2737 73 27 lam
1983 2739 106 26 enabled
2099 2740 27 25 to
2136 2740 124 32 purchase
2278 2742 48 26 low

1164 2772 50 26 and
1223 2772 47 26 sell
1281 2773 27 24 at
1317 2779 15 17 a
1343 2772 54 24 rate
1409 2770 26 25 of
1444 2770 74 31 profit
1531 2770 54 33 (my
1597 2777 120 24 expences
1727 2770 73 33 being
1811 2770 83 41 small)
1906 2772 58 25 that
1974 2772 84 26 would
2068 2772 32 27 be
2118 2774 146 26 considered
2283 2775 43 26 ab-

1164 2806 59 25 surd
1233 2805 33 32 by
1282 2812 49 25 any
1350 2803 181 26 Christchurch
1553 2803 201 25 establishment.
1806 2803 45 33 My
1872 2803 76 27 Stock
1967 2805 22 24 is
2008 2806 44 25 the
2072 2806 95 33 largest
2185 2808 50 25 and
2258 2811 68 24 most

1162 2839 96 27 tvaried
1267 2838 58 26 that
1334 2837 46 25 has
1391 2844 58 18 ever
1459 2837 63 24 been
1533 2836 88 25 shown
1631 2836 28 25 in
1670 2836 44 26 the
1724 2836 105 30 district,
1842 2837 50 25 and
1903 2838 39 25 for
1952 2838 94 33 quality
2065 2840 50 24 and
2133 2840 73 26 value
2223 2843 59 30 puts
2298 2843 28 24 in

1162 2875 32 23 he
1205 2872 79 25 shade
1300 2870 77 34 goods
1389 2869 92 26 offered
1492 2869 33 32 by
1537 2869 103 32 visiting
1652 2869 117 25 hawkere
1781 2871 63 23 from
1856 2869 44 26 the
1917 2871 183 26 Christchurch
2111 2881 46 23 rag
2169 2876 88 23 marts.

1195 2924 95 26 Dress
1301 2923 166 31 Materials,
1480 2921 89 27 Plain
1580 2922 61 25 and
1651 2921 104 32 Fancy
1766 2923 81 25 from
1859 2923 51 25 3d.
1922 2928 56 26 per
1986 2925 85 29 yard.

1195 2985 28 26 A
1239 2984 111 30 Strong
1365 2984 89 26 Stout
1470 2982 134 26 Durable
1621 2981 127 33 Kaiapoi
1764 2982 115 26 Tweed
1894 2983 52 32 2/6
1957 2989 56 25 per
2023 2985 77 30 yard

1795 3026 109 26 Makes
1915 3027 157 26 first-class
2088 3028 92 32 Boys'
2199 3029 90 27 Suits.

1195 3078 58 26 Art
1270 3076 139 31 Muslins,
1428 3074 157 33 Cretones,
1605 3075 80 27 Lace
1703 3075 139 26 Curtains
1860 3076 55 25 &c.

1195 3146 26 31 A
1239 3144 111 28 Choice
1367 3142 167 28 Collection
1553 3144 33 26 of
1600 3143 122 32 Gloves,
1748 3144 78 31 Ties,
1856 3144 130 33 Aprons,
2016 3145 167 27 Insertions
2201 3147 55 26 &c.

1196 3196 121 32 Striped
1334 3195 124 26 Galatea
1474 3195 55 33 4/6
1541 3200 55 27 per
1607 3195 107 31 dozen,
1743 3196 104 25 worth
1858 3196 50 26 9d.
1926 3203 55 25 per
1997 3198 85 29 yard.

1195 3258 104 26 Prints
1310 3257 80 26 from
1402 3256 52 26 4d.
1466 3262 56 26 per
1532 3257 86 31 yard.
1630 3256 141 32 Muslins,
1783 3257 140 32 Selesias,
1936 3256 127 34 Calicos,
2077 3258 56 27 &c.

1783 3300 87 25 With
1887 3301 89 24 other
1992 3301 194 27 Manchester
2202 3305 87 30 lines.

1195 3355 89 32 Hats,
1302 3354 103 32 Fancy
1422 3353 61 26 and
1499 3353 107 32 Sailor,
1625 3353 31 26 in
1673 3352 104 27 White
1794 3353 61 25 and
1872 3352 116 27 Colors.

1740 3397 126 25 Newest
1883 3397 124 31 Shapes.
2042 3397 97 32 Large
2156 3400 132 34 Variety,

1194 3452 149 30 Flowers,
1361 3450 156 31 Feathers,
1535 3449 149 31 Ribbons,
1703 3447 106 33 Laces,
1826 3448 76 32 Jets,
1922 3449 55 26 &c.

1668 3487 87 26 With
1771 3489 42 23 all
1830 3489 184 24 necessaries
2032 3489 47 24 for
2096 3489 192 33 Trimmings.

1194 3541 104 31 Fancy
1313 3539 141 31 Frillings
1473 3539 77 31 3yds
1562 3539 47 25 for
1618 3537 37 34 1/-
1672 3538 103 26 worth
1786 3537 50 32 9d,
1854 3543 56 26 per
1920 3539 84 31 yard,

1731 3581 183 32 Umbrellas,
1932 3581 152 32 Parasols,
2103 3583 183 33 Sunshades,

1309 3672 333 43 SPECIAL
1729 3670 424 43 PTJUCH^SE

1160 3743 111 36 BOYS
1303 3741 90 33 AND
1423 3739 174 33 YOUTHS
1635 3737 217 33 COLONIAL
1885 3736 155 34 TWEED
2066 3739 254 38 OVERCOATS

1645 3800 77 31 with
1745 3799 96 42 Capes

1437 3862 94 28 From
1553 3861 66 28 17s.
1664 3859 51 28 6d.
1759 3859 102 29 worth
1904 3859 66 29 255.
2017 3859 49 29 6d.

1311 3925 197 35 Men's
1552 3924 227 33 Tweed
1822 3923 350 38 Overcoats

1634 3976 95 31 From
1753 3976 65 31 15s.

1154 4146 135 40 English
1303 4148 128 41 Witney
1441 4146 149 32 Blankets
1605 4149 33 27 to
1655 4146 36 30 be
1706 4144 68 32 sold
1788 4148 33 27 at
1832 4145 59 30 less
1899 4145 78 30 than
1991 4144 181 33 Melbourne
2186 4146 130 33 Whole-

1154 4199 63 30 sale
1238 4201 86 39 price
1325 4218 42 4 —
1367 4200 120 31 Double
1502 4198 69 32 Bed
1588 4197 68 32 Size
1679 4198 64 29 12s.
1770 4197 48 30 6d.
1870 4197 102 30 worth
1988 4197 64 31 16s.
2092 4198 49 30 6d.
2162 4208 58 31 per
2233 4200 77 40 pair.

1322 4271 131 39 cheaper
1466 4270 78 28 than
1560 4264 225 32 Christchurch
1799 4266 113 29 houses
1926 4266 66 29 will
2006 4266 57 30 sell
2078 4267 94 31 them.

1194 4385 72 33 R.
1294 4386 78 32 H.
1411 4383 314 42 PARISH,
1785 4383 155 33 East
1989 4383 259 36 Oxford.

603 442 250 47 JOSEPH
897 441 241 46 LOUGH.

747 519 246 24 UNDERTAKES.

715 561 109 31 EAST
849 561 185 31 OXFORD.

636 613 103 31 Having
746 613 52 31 just
807 613 125 30 imported
940 611 63 26 from
1010 611 128 33 England.,

603 663 54 18 new
680 655 117 31 Designs,
832 663 54 16 new
915 655 151 31 Trimmings
1090 654 49 24 and

603 698 88 30 Robes,
703 698 22 24 is
734 697 118 31 prepared
864 699 25 23 to
899 697 108 24 conduct
1016 697 123 24 Funerals

603 738 96 29 Adults,
718 738 26 24 at
757 737 45 25 £5.
817 736 50 26 and
880 736 122 31 upwards,
1026 736 113 31 polished

602 782 80 27 coffin,
707 780 48 24 and
786 779 195 25 silvermounted
1004 779 135 24 Furniture

603 824 77 24 From
692 822 46 26 £8.
757 822 131 31 according
900 823 26 23 to
948 821 116 32 Designs.
1099 821 40 25 No

603 858 69 33 extra
684 867 87 28 charge
783 866 38 24 for
833 865 96 24 Hearse
952 872 28 17 or
1000 872 64 23 open
1080 863 57 26 Car-

601 918 75 22 xi&ge.
1030 931 2 3 .
1075 913 38 23 '"v

635 952 31 23 N.
695 950 31 25 B.
756 945 174 36 Coffins^ept
1009 949 69 25 stock
1099 949 39 25 for

710 1001 68 17 cases
782 1012 11 20 y
795 992 27 37 ;:,.'
826 1015 12 14 ti
839 1010 116 24 #v>-^-

704 1190 213 31 Established
943 1189 78 29 1862

649 1255 123 28 FLOUR,
785 1255 55 24 best
851 1255 81 24 brand
943 1254 59 30 only
1014 1254 67 29 kept.

602 1296 142 29 SHARPS,
781 1295 205 30 OATMEAL,
1021 1294 111 26 BRAN

691 1340 292 28 CHICKENWHEAT,
1002 1340 41 25 &c.

626 1384 41 20 AT
694 1383 123 21 LOWEST
845 1383 141 21 CURRENT
1014 1382 104 24 RATES,

689 1493 53 47 F.
775 1491 49 47 B.
847 1490 188 57 LANE.

706 1568 91 40 (Late
811 1568 39 30 E.
870 1567 161 39 Butcher.)

602 1628 251 33 Watchmaker,
882 1627 184 33 Jeweller,
1083 1625 53 30 &c.

601 1677 123 31 Importer
758 1676 26 24 of
824 1674 108 26 Musical
967 1674 170 24 Instruments

700 1713 111 25 Victoria
833 1712 38 26 St.
902 1711 134 32 Rangiora.

602 1793 101 31 Special
713 1792 70 25 value
805 1791 29 24 in
856 1791 81 24 Extra
960 1791 86 29 strong
1057 1787 80 27 Cased

601 1836 88 32 highly
697 1834 109 26 finished
819 1833 110 32 English
946 1832 80 25 Lever
1035 1831 103 26 Watch-

601 1887 35 17 es.
682 1878 191 26 Manufactured
890 1878 26 24 to
939 1884 43 23 my
1010 1876 72 25 order
1104 1874 33 32 by

600 1918 56 26 best
667 1918 105 26 London
791 1916 107 26 makers.
932 1914 159 31 Unequalled
1098 1914 39 25 for

601 1961 122 25 excellent
737 1959 178 32 Timekeeping
930 1958 51 25 and
991 1956 145 33 durability.

633 2005 30 24 F.
681 2005 32 24 B.
725 2003 96 25 LANE
834 2001 140 33 personally
995 2001 72 25 visits
1087 2000 49 25 Ox-

601 2048 54 26 ford
675 2047 124 31 monthly,
824 2046 115 32 carrying
958 2053 16 16 a
996 2045 68 31 large
1087 2043 50 26 and

600 2090 85 24 choice
719 2088 70 25 stock
817 2087 28 26 of
876 2086 127 29 Watches,
1032 2085 102 29 Chains,

600 2133 134 28 Brooches,
744 2132 88 31 Rings,
843 2131 86 28 Studs,
947 2130 128 25 Pendants
1087 2131 48 28 etc,

602 2177 141 31 Spectacles
765 2174 124 34 (Pebbles,
905 2174 169 31 Pantoscop&c
1086 2172 50 25 and

600 2220 109 32 Crystal)
722 2219 96 28 Clocks,
838 2217 108 33 (Marble
965 2216 51 25 and
1034 2215 101 33 Wood,)

699 2262 156 25 Accordeons
867 2261 50 25 and
928 2260 107 26 Violins.

632 2307 82 23 Exact
725 2306 58 22 date
795 2306 28 22 of
832 2304 62 23 each
905 2304 60 23 visit
987 2304 22 22 is
1021 2302 107 24 notified
1143 2311 2 19 j

748 2348 28 25 in

599 2393 114 26 Repairs.
716 2407 32 3 —
750 2391 41 26 All
802 2391 94 31 repairs
913 2399 43 16 are
972 2389 120 26 executed
1103 2389 31 31 by

598 2437 93 31 myself
711 2443 28 17 or
756 2435 79 24 under
852 2441 42 24 my
914 2433 222 32 superintendence

598 2487 28 16 so
648 2480 56 23 that
723 2480 103 30 patrons
838 2485 47 15 can
907 2478 53 31 rely
982 2484 33 15 on
1037 2475 99 32 getting

599 2521 154 26 satisfaction
763 2522 26 24 at
801 2520 43 26 the
856 2528 59 24 very
925 2519 87 25 lowest
1021 2518 113 32 charges.

631 2566 105 32 Repairs
748 2573 28 16 or
784 2565 84 24 orders
876 2571 59 24 may
946 2563 31 24 be
985 2562 45 25 left
1042 2563 26 24 at
1068 2576 35 5 —

598 2613 26 25 J.
642 2613 134 29 Weeber's,
811 2612 65 24 East
899 2611 101 25 Oxford.

598 2659 26 23 at
645 2657 42 26 W.
710 2656 37 25 M.
772 2655 37 28 C,
833 2655 65 25 East
922 2653 101 27 Oxiord.

596 2698 25 25 J.
638 2698 100 30 Brown,
751 2696 160 31 Bootmaker,
937 2695 71 25 West
1032 2694 101 26 Oxford.

597 2742 39 26 W.
650 2742 24 26 J.
688 2741 119 27 Crothers
816 2742 19 24 &
844 2740 48 26 .Co.
901 2759 6 6 .
929 2739 70 27 Oust.

630 2787 50 24 and
696 2786 52 26 will
754 2785 31 25 be
796 2784 127 33 promptly
935 2783 119 25 attended
1064 2784 36 24 to.

598 2831 54 30 All
663 2830 100 32 Work
775 2829 77 31 done
864 2840 40 19 on
918 2829 54 30 the
984 2827 151 31 Premises

720 2882 63 27 and
798 2879 199 39 guaranteed.

599 2981 252 42 MRW.N,
876 2977 258 46 CATHRO,

638 3054 183 24 BARRISTER
835 3052 68 22 AND
920 3050 174 23 SOLICITOR.

748 3093 233 31 EANGIORA.

594 3148 133 31 Attends
743 3145 123 32 Oxford
880 3155 40 20 on
932 3144 97 31 Court
1035 3142 98 41 Days.

594 3221 168 26 Instructions
770 3220 34 32 by
815 3221 56 30 post
883 3218 51 25 will
945 3217 94 25 receive
1050 3223 83 25 prom-

759 3261 29 29 pt
816 3256 134 27 attention.

716 3308 108 19 MONEY
852 3306 38 19 TO
918 3304 90 21 JLEND.

644 3393 45 54 S.
723 3391 49 45 B.
796 3388 308 53 SEYMOUR,

793 3457 139 26 DENTIST,

635 3501 40 21 215
690 3498 105 24 Colombo
811 3498 82 24 Street,
916 3496 169 22 Christclmrch.

763 3572 140 22 CHARGES
908 3581 34 12 :—

661 3616 94 25 Filling,
770 3614 23 20 5s
802 3621 7 17 j
844 3612 133 21 Extraction
988 3612 24 20 2s
1027 3611 36 21 6d.

619 3680 95 19 Nitrous
724 3678 60 19 Oxid
793 3678 47 19 Gas
849 3676 171 20 Administered
1025 3676 38 20 for
1070 3675 62 21 Pain

590 3722 46 21 less
645 3719 135 22 Extraction
789 3718 25 21 of
823 3718 80 21 Teeth.
937 3718 46 20 Fee
992 3716 37 21 for
1038 3715 93 22 Admin-

591 3759 110 24 istration
712 3758 31 21 ss.

647 3835 109 26 CHILD
767 3834 109 25 BIRTH
890 3832 95 30 SAFE,
998 3832 75 24 AND

697 3877 138 26 ALMOST
845 3874 173 26 PAINLESS

589 3921 93 65 BY
728 3920 74 31 using
838 3918 48 24 DR
932 3916 197 26 FAWCETT'S

692 3953 132 24 Medicine.

622 3996 72 25 MRS
716 3993 167 26 BURRELL
905 3993 60 31 begs
988 3994 27 23 to
1037 3993 91 23 inform

589 4034 43 25 the
643 4034 92 24 Ladies
747 4032 57 25 that
813 4031 44 26 she
866 4031 47 25 has
923 4030 62 25 been
995 4030 130 31 appointed

588 4073 57 24 Sole
665 4072 74 31 agent
761 4070 28 24 in
813 4068 178 26 Christchurch
1019 4068 37 24 for
1083 4068 44 24 the

587 4111 77 25 above
675 4108 125 26 Medicine
812 4109 27 23 to
854 4107 118 24 facilitate
986 4106 139 25 Accouche-

587 4151 87 25 raents.
709 4148 91 26 Ladies
812 4155 47 17 can
882 4146 30 25 be
933 4146 114 31 supplied
1066 4145 61 26 with

586 4189 42 25 the
650 4189 76 24 above
748 4186 34 32 by
806 4184 106 32 sending
935 4191 28 19 or
985 4184 92 32 calling
1100 4184 27 24 at

586 4229 40 25 Mr
648 4227 122 25 Burrell's
793 4224 183 33 Photographic
998 4224 72 31 place
1101 4224 28 25 of

584 4268 123 26 business,
721 4266 105 26 Gould's
849 4264 134 30 Buildings
985 4281 6 12 s
1014 4263 111 26 Victoria

585 4304 88 31 Street,
688 4301 182 31 Christchurch,
890 4301 83 25 where
993 4299 34 25 all
1046 4299 78 25 infor-

582 4345 98 25 mation
707 4351 46 19 can
781 4343 31 25 be
841 4341 117 27 obtained
986 4340 58 30 free,
1074 4339 51 26 and

582 4383 117 32 perfectly
743 4381 158 31 satisfactory
932 4379 50 25 and
1016 4378 108 33 genuine

582 4420 167 27 testimonials
760 4427 48 18 can
819 4419 31 26 be
861 4426 66 18 seen.

40 193 59 18 now
111 188 99 25 reaches
224 188 58 24 such
296 194 74 22 cases,
389 187 48 23 and
448 187 32 23 its
490 188 85 30 strong

40 223 69 26 band
128 234 49 16 was
201 228 25 22 at
261 234 59 17 once
347 225 52 24 laid
428 232 64 24 upon
515 225 59 24 both

41 264 96 25 mother
165 266 48 23 and
236 265 73 24 child.

284 315 13 13 *
317 315 14 14 *

301 333 14 14 *

74 353 54 24 The
137 354 132 24 miserable
292 355 108 23 creature
412 361 47 16 was
485 352 89 24 hauled

39 389 82 26 before
133 391 43 24 the
187 400 56 20 very
253 392 146 31 Magistrate
410 392 83 24 whose
501 390 73 24 Clerk

40 427 44 25 her
101 428 115 25 husband
239 429 47 25 had
309 437 59 17 once
380 430 69 27 been,
468 427 107 31 charged

39 468 62 24 with
132 470 95 30 cruelty
255 468 49 25 and
343 475 127 25 exposure.
522 467 53 24 The

40 505 159 31 Stipendiary
212 506 146 31 Magistrate
370 507 70 23 made
452 513 31 17 an
496 505 78 28 order,

38 543 115 30 handing
164 552 56 15 over
232 544 132 24 Elizabeth
382 546 25 21 to
419 544 43 23 the
474 543 101 31 custody

36 583 29 23 of
80 582 41 25 the
139 582 26 25 S.
183 582 30 24 P.
231 582 29 25 C.
278 583 38 28 C,
337 583 33 31 by
381 583 83 24 which
476 583 99 31 Society

38 621 46 24 she
96 628 51 16 was
165 621 148 24 transferred
325 623 27 23 to
370 630 42 21 my
424 629 63 17 care.
504 620 4 19 '■
522 621 54 25 Her

38 660 113 30 portrait,
163 667 28 17 as
214 660 71 30 given
306 667 33 17 on
362 660 133 31 this*page,
516 660 59 24 does

38 699 44 22 not
94 696 81 32 depict
196 696 45 25 her
263 705 25 16 as
301 697 43 24 she
367 705 51 17 was
435 697 73 24 when
520 697 55 25 .she

38 743 50 18 was
101 736 109 24 rescued.
229 735 66 25 That
307 735 72 26 could
388 738 41 23 not
436 736 30 25 be
478 735 95 26 shown.

37 776 53 24 The
102 776 47 25 vile
160 776 111 24 noisome
283 783 57 24 rags
352 775 50 25 had
418 777 25 24 to
455 776 29 24 be
497 776 77 28 burnt,

37 816 51 24 and
116 816 42 23 her
186 823 89 23 person
297 815 113 24 cleansed
446 815 62 24 from
531 815 43 24 the

37 854 97 25 vermin
154 855 54 23 that
229 853 106 24 infested
355 853 53 24 her.

304 905 15 14 *

72 928 32 22 As
128 927 13 23 I
163 927 63 24 have
248 926 141 30 constantly
412 926 111 23 affirmed
546 925 28 24 in

38 971 83 24 pages,
135 964 35 24 all
182 963 42 24 the
236 962 79 32 needy
325 969 61 25 poor
397 962 56 25 who
466 969 70 18 come
548 964 26 21 to

37 1010 43 22 my
92 1001 59 25 door
169 1009 41 17 are
222 1002 44 23 not
285 1001 102 29 vicious,
409 1008 28 17 or
456 1001 76 28 cruel,
546 1008 27 16 or

38 1041 90 28 selfish,
148 1048 27 15 or
185 1039 140 24 indifferent
337 1040 26 23 to
375 1039 43 24 the
431 1039 43 24 the
485 1039 89 23 claims

38 1080 26 24 of
83 1079 43 25 the
146 1079 119 24 children.
300 1078 13 25 I
325 1078 78 25 thank
426 1078 55 25 God
504 1086 70 22 every

37 1116 48 31 day
106 1116 13 22 I
131 1116 48 23 live
203 1115 37 24 for
252 1114 43 24 the
318 1114 115 30 heroism,
452 1114 42 24 the
505 1114 69 32 quiet

38 1154 148 28 endurance,
215 1152 42 25 the
280 1152 156 30 marvellous,
461 1152 112 32 undying

38 1192 54 24 love
105 1191 76 24 which
194 1190 118 25 numbers
323 1190 27 26 of
370 1199 60 23 poor
441 1198 94 17 women
546 1190 27 24 in

39 1230 44 23 the
103 1229 83 24 lowest
196 1228 60 24 rank
268 1229 26 24 of
314 1228 42 25 life
368 1228 67 24 show
446 1235 33 17 on
490 1227 86 25 behalf

38 1269 27 22 of
86 1268 64 23 their
169 1267 119 23 children.
324 1267 68 23 Such
415 1267 54 23 love
487 1274 85 15 recon-

36 1307 58 25 ciles
106 1314 46 17 one
164 1309 25 22 to
212 1307 94 24 humen
323 1307 98 26 nature,
439 1305 51 25 and
506 1305 66 31 gives

36 1353 48 17 one
97 1345 42 24 the
156 1345 55 23 best
224 1343 49 25 and
285 1344 64 24 most
369 1343 97 25 exalted
477 1343 59 24 view
548 1343 27 25 of

35 1385 33 24 its
81 1384 160 31 capabilities.

258 1423 2 2 '
281 1428 14 14 #
314 1428 14 15 #

299 1447 13 13 #

69 1468 131 23 Elizabeth
214 1469 19 21 is
245 1476 57 14 now
314 1467 107 23 boarded
433 1469 52 24 out,
507 1474 26 15 as
545 1474 27 15 so

34 1512 77 25 many
123 1506 27 24 of
159 1513 41 23 my
213 1506 58 22 dear
281 1512 84 24 young
377 1505 85 31 people
475 1510 49 23 are,
544 1505 28 22 in
573 1512 4 7 1

37 1554 13 14 a
62 1545 83 30 happy
157 1544 104 31 country
280 1543 81 30 home,
379 1542 80 25 where
471 1542 44 24 she
526 1542 46 24 has

36 1584 117 25 mother's
167 1592 63 20 care,
245 1583 49 24 and
303 1583 93 25 sister's
408 1582 50 24 and
466 1581 107 25 brothe's

36 1623 63 34 lovej
118 1622 80 24 where
221 1622 44 23 she
277 1629 59 23 goes
348 1622 26 23 to
396 1621 42 23 the
457 1627 116 17 common

35 1662 87 24 sshool
134 1662 48 22 and
203 1661 69 30 plays
292 1667 31 17 on
335 1660 42 24 the
399 1659 89 31 village
499 1665 73 24 green

39 1698 62 24 with
120 1698 71 24 other
211 1697 109 24 children
343 1697 54 23 who
418 1695 62 24 hare
499 1702 75 17 never

37 1736 90 24 known
150 1735 61 23 such
246 1741 88 17 sorrow
367 1740 28 17 or
417 1731 155 30 misfortune,

36 1775 72 24 while
117 1774 82 25 before
217 1773 45 25 her
273 1773 71 25 there
363 1772 101 31 spreads
476 1773 44 23 out
530 1771 43 25 the

37 1820 134 24 panorama
184 1811 26 25 of
220 1810 109 32 brighter
341 1810 50 24 and
414 1818 15 16 a
440 1809 80 25 better
530 1808 44 25 life

37 1852 60 24 than
120 1850 73 26 could
205 1858 56 17 ever
284 1850 64 24 have
360 1850 62 24 been
446 1850 54 23 hers
522 1848 52 24 had

36 1891 45 24 she
104 1893 43 21 not
168 1889 62 25 been
254 1888 102 25 rescued
374 1888 26 24 in
420 1888 67 24 time.
523 1886 50 25 The

37 1929 56 23 ruin
106 1928 26 24 of
141 1928 45 24 her
204 1926 112 32 unhappj
330 1926 118 24 mother's
470 1925 43 24 life
525 1931 47 18 was

37 1968 128 33 complete,
191 1967 44 24 but
257 1966 14 25 I
292 1966 79 25 thank
394 1965 56 25 God
472 1965 37 24 for
531 1965 42 24 the

37 2009 101 24 lifeboat
158 2008 55 24 that
233 2007 102 25 rescued
355 2006 130 25 Elizabeth
507 2005 65 25 from

36 2055 28 17 go
78 2047 42 25 sad
133 2054 15 17 a
159 2046 58 24 fate.

102 2144 94 23 Eevieiv
208 2143 26 30 of
243 2143 108 23 Eeviews
360 2142 59 31 May
431 2140 73 24 1895.

70 2182 60 24 New
154 2182 107 24 Zealand
283 2181 47 24 has
350 2180 102 25 effected
472 2187 15 16 a
504 2186 68 17 more

34 2220 114 25 brilliant
156 2219 81 25 stroke
248 2219 27 24 of
282 2219 99 24 finance
389 2217 63 25 than
461 2217 46 24 has
516 2224 56 17 ever

36 2258 81 25 before
129 2257 62 25 been
204 2257 136 31 attempted
360 2255 31 32 by
412 2264 49 23 any
482 2254 24 25 of.
527 2254 43 25 the

34 2296 148 25 Australian
203 2296 116 23 colonies.
354 2295 49 23 Mr.
525 2293 46 24 has

34 2332 86 33 placed
132 2341 14 16 a
156 2333 14 23 3
183 2340 43 24 per
235 2333 66 23 cent,
313 2332 59 25 loan
381 2330 27 26 of
413 2330 158 29 £1,500,000

34 2380 34 17 on
80 2372 43 24 the
134 2371 105 25 London
251 2370 104 29 market,
368 2370 79 31 fixing
455 2368 44 26 the
505 2368 65 25 min-

33 2411 81 23 imum
123 2412 26 22 at
163 2411 58 23 £90.
235 2410 52 23 The
299 2410 57 23 loan
367 2416 48 17 was
427 2408 142 25 subscribed

34 2450 57 23 four
102 2448 72 24 times
184 2455 64 18 over,
258 2447 49 24 and
316 2446 105 31 brought
428 2454 33 16 an
468 2452 103 24 average

33 2489 65 30 price
110 2490 27 22 of
154 2488 53 23 £94
226 2488 26 23 8s
270 2487 49 29 9d.,
355 2486 60 25 This
427 2486 22 24 is
461 2485 43 24 the
515 2485 55 24 first

34 2528 62 25 time
108 2535 32 17 an
153 2529 106 29 attempt
270 2527 46 25 has
327 2526 62 25 been
399 2525 72 25 made
481 2525 30 31 by
521 2532 49 24 any

33 2568 28 25 of
79 2568 42 25 the
138 2568 140 24 Australian
291 2566 107 26 colonies
421 2568 26 23 to
464 2566 70 30 place
555 2572 15 16 a

33 2608 57 23 loan
103 2610 27 21 at
142 2609 14 22 8
168 2615 42 23 per
222 2608 65 23 cent.

174 3087 252 45 NOTICE.

25 3188 100 45 Job
144 3187 233 55 Printing
390 3188 10 43 !

200 3255 101 46 Job
323 3254 243 57 Printing

68 3319 174 31 OXFOKD
301 3317 223 31 OBSEEYEE

109 3371 162 39 Machine
300 3370 182 49 Printing-

207 3421 167 40 WORKS

68 3483 88 23 MAIN
193 3483 144 29 STBEET,
372 3483 150 24 OXFORD.

89 3559 128 46 T^INE

93 3633 36 31 In
144 3633 72 40 Any
230 3632 128 40 Variety
374 3643 34 20 or
425 3631 97 39 Style*

24 3682 310 43 MEMORIAL
382 3682 181 41 CARDS

51 3736 51 41 (in
119 3745 69 19 new
203 3733 61 31 and
280 3732 104 31 chaste
400 3731 138 43 designs)

207 3780 43 40 5/-
262 3791 56 30 per
341 3781 67 29 doz.

104 3839 176 29 Statement
298 3837 116 36 Heads,

104 3879 70 29 Ball
188 3878 226 38 Programmes.

105 3919 133 34 Posters,
254 3917 177 37 Handbills,

104 3959 167 36 Billheads,
295 3960 140 38 Cheques

108 4001 104 29 Letter
228 4000 62 30 and
296 4000 81 30 Note
390 4000 107 30 Heads

105 4040 175 35 Circulars,.
294 4040 120 34 Menus,

104 4080 193 39 Catalogues,
315 4081 53 29 &c.
381 4079 74 39 ,&c.,
480 4081 56 30 &c.

18 4140 88 38 New
123 4138 119 50 Styles
257 4137 38 39 in
311 4137 165 52 Visiting
489 4139 69 39 and

136 4202 167 38 Business
320 4200 115 40 Cards.

18 4287 37 27 E.
79 4286 41 28 H.
142 4286 119 34 Parish,
323 4285 188 39 Proprietor.

101 4346 66 30 The
185 4346 180 32 NEWEST
392 4346 162 33 STYLES

18 4400 33 28 in
66 4397 132 31 TYPES
214 4398 61 30 and
287 4398 265 34 OENAMENTS
