2510 3980
1254 1040 94 34 The
1379 1040 187 34 Oxford
1597 1040 281 34 Observer.

1254 1074 330 149 PUBLISHED
1621 1074 257 149 WEEKLY.

1371 1223 171 22 SATURDAY.
1555 1225 76 20 Arril
1642 1226 66 24 15th,
1723 1227 60 20 1893.

1339 1341 47 24 The
1399 1342 140 30 importance
1550 1344 29 28 of
1585 1343 38 24 /he
1634 1344 89 31 subject
1736 1349 57 19 must
1814 1345 26 23 be
1877 1348 2 31 j

1303 1387 43 16 our
1363 1388 82 15 excuse
1448 1381 46 29 for
1510 1382 132 30 reprinting
1665 1382 36 23 ih>-.
1712 1384 127 30 following
1877 1379 2 36 j

1294 1420 68 29 from
1372 1421 35 23 the
1419 1421 89 24 "'Star.
1519 1423 13 8 ''

1304 1479 215 32 ORGANISE
1572 1481 86 30 AJND
1701 1482 138 32 REGIS-

1521 1522 93 30 TER.

1303 1604 101 30 There
1418 1604 26 29 is
1466 1615 91 30 every
1572 1605 167 31 indication
1771 1607 68 31 that

1303 1646 52 30 the
1372 1647 126 38 general
1513 1647 141 35 election,
1665 1648 99 31 which
1776 1649 61 30 will

1305 1687 36 31 be
1356 1698 82 29 upon
1454 1699 37 18 ns
1516 1688 32 28 in
1565 1689 52 29 the
1640 1699 108 21 course
1771 1691 32 29 of
1821 1702 14 19 a

1303 1729 60 31 few
1386 1729 134 36 months,
1537 1729 60 30 will
1611 1730 38 30 be
1665 1741 57 19 one
1738 1732 32 29 of
1785 1733 53 30 the

1303 1774 82 26 most
1400 1780 104 19 severe
1526 1771 139 39 political
1680 1774 157 38 struggles

1301 1812 54 30 the
1379 1811 119 41 Colony
1534 1812 56 31 has
1633 1822 73 21 ever
1755 1824 80 21 seen.
1874 1807 4 49 .]

1302 1852 63 32 The
1378 1852 245 38 Conservatives,
1637 1858 202 36 exasperated
1858 1880 4 2 .
1877 1870 2 8 <

1301 1895 42 39 by
1357 1894 82 30 their
1454 1894 104 30 defeat
1573 1899 32 26 at
1620 1895 52 30 the
1683 1896 62 30 1-ast
1759 1897 76 31 elec-
1867 1909 4 4 •

1299 1937 77 30 tion.
1406 1936 61 31 and
1489 1937 43 39 by
1569 1937 54 29 tLe
1649 1937 189 41 subsequent

1299 1977 199 32 falsification
1509 1978 32 29 of
1556 1978 82 30 their
1644 1980 193 37 predictions

1299 2019 33 30 of
1352 2019 53 30 the
1427 2019 71 29 ruin
1519 2019 103 30 which
1644 2021 69 28 that
1735 2021 104 30 defeat

1299 2071 63 19 was
1378 2064 31 26 to
1424 2061 93 38 bring
1527 2070 80 29 upon
1625 2060 52 30 the
1707 2061 129 40 Colony,

1299 2102 65 30 will
1379 2102 90 30 make
1498 2103 198 29 tremendous
1726 2104 109 30 efforts

1299 2146 33 27 to
1341 2143 108 40 regain
1464 2143 53 30 the
1532 2153 104 30 power
1647 2144 101 30 which
1760 2145 76 40 the}'
1877 2155 2 21 i

1299 2185 73 30 held
1383 2186 52 29 .for
1465 2195 33 20 so
1524 2195 93 30 many
1644 2195 100 30 years,
1774 2188 61 29 and

1299 2227 110 35 Avhich,
1425 2227 74 39 they
1522 2228 77 35 fear,
1617 2227 51 29 has
1684 2233 54 23 not
1762 2229 74 41 only

1299 2268 124 40 slipped
1435 2268 81 30 from
1527 2268 82 30 their
1620 2279 102 29 grasp,
1738 2270 57 29 but
1812 2272 23 28 is

1300 2320 78 19 eveu
1422 2310 128 39 passing
1590 2311 122 35 beyond
1753 2311 82 31 their

1299 2351 101 30 reach.
1428 2351 196 39 Everything
1639 2353 70 29 that
1724 2363 109 30 money

1279 2409 4 4 •
1299 2403 57 20 can
1371 2392 40 30 do
1427 2391 62 31 will
1510 2393 35 29 be
1575 2393 79 30 done
1683 2398 32 26 to
1746 2394 90 40 bring
1877 2401 2 24 |

1299 2435 122 38 victory
1437 2439 31 25 to
1485 2434 52 29 the
1553 2433 79 40 Tn-y
1651 2435 64 31 side
1729 2435 28 29 in
1775 2437 60 28 t-bis*

1299 2476 141 38 struggle
1441 2493 39 3 —
1483 2485 58 20 one
1557 2477 163 38 campaign
1736 2477 31 28 in
1785 2477 50 30 the

1299 2520 89 36 great
1403 2527 63 19 Avar
1489 2517 113 40 raging
1612 2518 39 29 all
1668 2519 53 29 the
1739 2518 94 30 world

1299 2569 74 19 over
1401 2558 137 30 between
1581 2558 123 31 Manni'.
1718 2570 20 18 n
1774 2570 38 19 an
1823 2560 12 30 1

1299 2599 83 31 Man.
1426 2600 53 29 All
1494 2600 52 30 the
1577 2611 119 28 powers
1720 2602 34 28 of
1785 2602 50 30 the

1299 2640 99 36 Press,
1429 2641 51 29 the
1517 2642 144 38 platform
1692 2642 60 31 ar.d
1783 2643 52 34 th.3

1299 2692 82 29 purs'
1381 2694 9 9 j
1402 2683 63 29 will
1480 2683 37 29 b^
1532 2684 162 38 employed
1712 2689 29 24 to
1759 2694 74 30 .per-

1300 2724 95 30 suade
1410 2723 53 30 the
1475 2725 106 39 people
1592 2725 69 29 that
1671 2732 6 21 i
1736 2736 14 18 r
1765 2730 68 26 true

1299 2764 120 31 friends
1435 2776 50 19 are
1501 2766 91 29 those.
1603 2767 102 29 Avho.se
1724 2778 4 17 i
1738 2767 48 30 u'e
1803 2767 29 30 in

1300 2807 52 29 the
1368 2813 67 32 past
1445 2807 27 29 i.H
1491 2808 189 35 responsible
1709 2810 50 27 for
1783 2809 52 30 the

1299 2847 75 30 evils
1391 2847 100 31 which
1522 2848 93 30 afflict
1632 2849 51 29 the
1699 2854 134 35 present.

1299 2888 122 39 Among
1431 2889 52 30 the
1496 2900 104 19 means
1612 2891 96 29 which
1723 2892 63 28 Avill
1797 2892 36 30 be

1299 2931 76 29 used
1391 2934 31 26 to
1451 2941 87 29 carry
1570 2941 39 19 on
1639 2932 51 29 the
1712 2932 123 30 Conser-

1299 2971 103 30 vative
1415 2972 102 31 battle,
1545 2973 208 39 organisation
1772 2974 62 30 will

1299 3012 168 37 doubtless,
1493 3014 83 40 .p'ay
1607 3026 18 18 a
1661 3016 194 37 prominent'

1299 3057 79 37 part.
1423 3055 33 29 It
1472 3054 22 30 is
1511 3056 48 30 {or
1572 3056 51 30 the
1638 3056 140 31 Liberals
1802 3061 32 27 to

1301 3096 123 30 combat
1435 3097 208 39 organisation
1661 3099 41 40 by
1726 3110 109 30 organ-
1860 3110 3 4 '

1299 3138 120 34 isaiion,
1447 3138 61 29 and
1538 3139 52 30 the
1620 3145 80 26 most
1722 3138 53 41 imj
1788 3153 46 18 or-
1853 3174 1 1 .
1870 3154 1 2 ■

1301 3182 68 26 taut
1386 3185 66 33 step
1480 3183 30 26 to
1534 3181 37 29 be
1588 3182 91 29 taken
1710 3183 30 29 in
1771 3185 63 29 this

1301 3220 150 29 direction
1475 3221 26 30 is
1517 3228 31 23 to
1575 3233 50 20 see
1662 3225 68 28 that
1759 3226 73 29 each

1300 3272 71 18 man
1388 3262 144 39 qualified
1553 3267 32 27 to
1599 3268 69 28 vote
1684 3266 24 30 is
1731 3277 38 19 on
1783 3267 52 29 the

1462 3304 65 29 roll.
1602 3305 155 40 Organise-
1774 3310 61 28 and

1479 3345 108 30 should
1600 3348 37 28 be
1653 3348 53 30 the
1722 3351 113 29 watch-

1301 3386 85 28 word
1402 3386 31 28 of
1463 3386 52 29 the
1544 3387 134 33 Liberals
1701 3391 33 28 of
1757 3391 78 30 New

1300 3426 137 32 Zealand
1460 3430 32 28 at
1520 3428 54 31 the
1597 3435 123 35 present
1746 3432 88 42 junc-

1301 3470 78 28 tuie.
1435 3493 2 2 .

1405 3608 72 25 THE
1507 3610 114 24 TRUCK
1651 3612 73 22 ACT.

1254 3641 1 27 I
1460 3650 8 20 :

1331 3693 20 27 T
1356 3701 9 16 i-
1371 3693 7 28 i
1383 3702 9 16 6
1411 3694 20 25 is
1449 3703 47 19 one
1508 3697 26 24 of
1547 3698 41 23 the
1601 3698 64 28 best,
1676 3701 53 23 acts
1753 3700 82 26 which

1297 3733 46 24 has
1356 3741 57 17 ever
1431 3734 61 25 been
1505 3736 85 30 placed
1609 3746 33 16 on
1667 3739 42 23 the
1734 3740 100 26 Statute

1297 3771 70 24 Book
1381 3772 41 23 it's
1443 3772 125 26 intention
1593 3775 73 32 being
1687 3780 25 21 to
1738 3781 96 27 protect

1297 3810 42 25 the
1353 3812 111 32 working
1477 3821 57 16 nmn
1548 3815 99 29 against
1659 3818 174 31 unprincipled

1298 3851 147 31 employers.
1490 3854 54 25 The
1576 3854 44 25 Act
1642 3855 23 25 is
1692 3856 84 26 drawn
1800 3867 32 17 on

1298 3889 121 26 scientific
1431 3891 49 24 and
1503 3891 96 24 human
1623 3893 132 33 principles
1774 3896 59 33 (viz)

1935 181 54 25 The
2012 191 60 17 man
2095 185 56 26 who
2175 190 117 25 commits
2316 200 14 16 a
2362 194 109 31 trespass

1933 220 99 31 against
2041 222 20 25 it
2074 224 100 25 inflicts-
2180 233 15 16 a
2203 229 191 40 pen^lty^nprin*
2395 232 75 25 Mm-

1933 261 49 25 self
1991 261 131 28 inasmuch
2137 273 27 16 as
2188 259 36 33 l|
2243 259 116 37 renders!
2367 257 106 50 himself

1933 300 75 26 liable
2020 307 26 20 to
2060 303 42 25 the
2114 308 127 31 summajty
2255 302 119 39 piyrnefit
2386 304 84 43 of|.all

1933 348 82 24 wages
2032 346 91 22 earned
2136 345 32 32 by
2177 348 117 30 thSnyur
2301 350 35 35 %
2346 338 123 48 '%niloys

1891 407 3 2 .
1915 391 3 3 •
1931 381 106 26 without
2050 376 417 43 theiemotcstch!ijQCG'*ofrecover-

1932 418 43 33 ing
1988 421 43 25 the
2043 424 73 23 value
2128 425 27 23 of
2175 426 44 24 the
2241 435 14 23 &
2258 428 60 25 cods
2340 432 82 24 which
2435 434 32 24 he

1932 456 46 26 has
1991 460 119 31 supplied.
2149 461 90 27 Which
2252 465 21 25 is
2292 475 33 16 on
2333 491 4 3 .
2348 469 43 25 the
2414 471 53 25 face

1932 495 27 24 of
1967 495 21 25 it
1999 497 47 24 faiv
2059 500 106 31 enough,
2177 510 26 16 as
2213 502 59 25 both
2282 507 126 32 employer
2417 510 50 25 and

1932 536 126 33 employee
2070 541 63 24 start
2142 541 59 25 with
2215 543 42 26 the
2267 545 46 25 full
2323 546 143 35 knowledge

1931 574 56 24 that
2001 576 24 23 th
2030 585 20 17 c,
2055 577 47 25 Act
2113 579 22 24 is
2146 580 30 23 in
2183 581 48 23 full
2243 583 80 26 force,
2328 586 51 23 and
2407 595 59 25 may

1931 612 30 25 be
1982 616 73 24 made
2083 618 124 31 operative
2222 623 24 23 at
2260 623 42 25 the
2315 625 48 24 will
2377 627 26 24 of
2422 627 43 26 the

1929 655 134 32 employee.
2199 674 3 3 •

1962 695 63 26 Now
2048 698 56 25 Dan
2130 701 136 27 O'Conuell
2288 705 101 26 boasted
2408 708 56 27 that

1930 734 69 25 there
2017 744 50 17 was
2085 747 33 15 no
2137 740 47 26 Act
2196 744 27 23 of
2232 738 169 33 Parliament'
2408 748 55 26 that

1928 773 18 23 h
1949 781 12 16 3
1979 776 72 25 could
2064 780 44 23 not
2119 780 68 27 drive
2204 792 15 15 a
2241 785 76 26 coach
2335 787 50 25 and
2407 789 57 26 four

1930 813 109 33 through
2051 819 49 23 and
2113 828 63 18 were
2192 823 32 24 he
2253 825 77 33 living
2352 837 56 16 now
2431 816 32 39 lie
2478 814 6 27 #;

1930 854 82 23 would
2035 855 64 26 have
2122 857 61 26 been
2197 859 81 28 forced
2300 856 47 33 V

1929 893 55 28 cept
2001 893 43 24 the
2073 895 82 24 Truck
2182 898 54 26 Act.
2272 902 51 25 But
2344 905 119 26 .unfortu-

1928 930 177 32 nately,-there
2116 935 23 24 is
2148 944 14 15 a
2174 945 53 24 way
2240 939 27 24 of
2276 940 98 33 driving
2385 945 81 24 round

1928 969 24 24 it'
1972 971 50 24 ami
2045 975 78 24 that's
2144 976 54 31 just
2226 987 28 15 as
2278 980 54 25 bad.
2381 983 85 26 Smart

1930 1006 114 28 business
2057 1020 56 17 men
2126 1014 30 23 in-
2166 1016 34 23 all
2210 1039 2 2 .
2222 1020 70 27 parts
2308 1019 27 24 of
2349 1020 30 25 N.
2405 1022 59 25 Zea-

1930 1046 60 24 land
2002 1048 64 25 have
2074 1050 77 25 found
2161 1056 44 21 out
2219 1055 54 24 that
2285 1058 69 23 road,
2363 1060 49 23 and
2417 1048 49 38 'are

1930 1085 99 33 driving
2046 1097 32 16 on
2090 1090 21 24 it
2123 1093 26 23 to
2161 1092 66 25 their
2249 1095 85 27 hearts
2355 1103 110 22 content.

1932 1126 66 24 Take
2010 1136 57 16 now
2079 1138 15 15 a
2107 1130 114 28 business
2245 1143 100 19 manor
2367 1138 58 26 firm
2448 1142 21 24 if

1930 1171 49 23 you
1992 1166 49 24 like
2053 1168 56 24 who
2116 1169 22 24 is
2156 1179 28 15 or
2191 1180 41 17 are
2244 1182 118 19 owner;or
2371 1185 95 18 owners

1930 1204 28 24 of
1965 1213 43 24 say
2021 1215 14 15 a
2056 1210 106 26 sawmill
2175 1220 28 16 or
2214 1221 50 24 any
2286 1216 73 25 other
2380 1218 86 26 indus-

1930 1244 58 25 trial
2001 1246 173 36 undertaking.
2209 1251 22 26 A
2243 1262 120 25 manager
2380 1257 23 25 is
2415 1266 51 17 em-

1930 1283 89 31 ployed
2041 1286 79 25 under
2151 1290 141 27 conditions
2314 1294 153 34 thoroughly

1928 1322 136 27 proactive
2076 1325 26 24 to
2114 1325 43 25 the
2168 1326 79 31 Firm,
2258 1317 220 49 .butleaying^the.

1930 1360 126 32 employer
2071 1364 68 31 (that
2161 1366 22 25 is
2207 1369 43 25 the
2269 1372 130 34 manager)
2398 1354 14 12 0
2413 1385 3 3 -
2415 1369 4 11 1
2423 1383 43 18 re-

1932 1400 125 29 sponsible
2079 1403 38 24 for
2128 1406 34 23 all
2186 1406 71 27 debts
2280 1404 187 41 con&&ted%

1884 1442 2 33 j
1930 1436 61 24 him.
2027 1439 61 25 Now
2099 1441 27 24 in
2141 1443 41 24 the
2194 1448 73 22 event
2279 1448 28 24 of
2316 1448 51 26 this
2379 1451 87 25 Mana-

1930 1482 43 23 ger
1999 1476 119 31 Steward,
2134 1481 86 31 Bailie,
2233 1484 93 27 Leesee
2354 1496 28 16 or
2406 1497 60 24 any-

1931 1513 74 32 thing
2013 1516 49 25 else
2079 1526 49 23 you
2141 1519 90 28 choose
2243 1526 26 21 to
2287 1526 52 23 call
2346 1526 60 24 liiuv
2412 1530 55 29 gets

1930 1551 66 27 head
2008 1563 58 16 over
2077 1556 69 26 heels
2165 1559 28 24 in
2216 1560 58 26 debt
2297 1564 26 23 to
2347 1564 43 25 the
2408 1573 59 18 rnen

1930 1593 39 25 for
1980 1602 89 24 wages;
2083 1597 56 25 who
2150 1598 64 26 have
2226 1601 64 25 done
2302 1602 35 25 all
2347 1604 42 26 the
2399 1606 67 29 w.ork

1930 1635 26 23 to
1968 1635 73 25 make
2061 1636 51 26 the'
2126 1638 115 35 industry
2262 1650 15 17 a
2293 1644 94 33 paying
2408 1655 57 17 con-

1931 1682 67 23 cern;
2012 1676 76 27 What
2111 1679 96 26 redress
2222 1684 5 13 :
2227 1682 64 25 have
2314 1684 71 26 these
2406 1695 60 19 men

1930 1717 43 27 got
1984 1714 71 26 when
2068 1716 43 26 the
2128 1726 120 25 manager
2269 1722 106 27 informs

1931 1752 55 24 that
1998 1754 31 23 he
2042 1759 92 21 cannot
2145 1765 48 24 pay
2205 1759 70 25 them
2300 1761 65 25 their
2385 1771 80 25 wages

1930 1799 58 18 over
1999 1794 49 24 and
2061 1796 77 24 above
2158 1797 66 27 what
2246 1799 33 26 he
2302 1801 47 26 has
2366 1803 106 34 already*

1930 1834 113 31 supplied
2072 1836 69 26 them
2160 1837 27 25 in
2211 1841 98 26 .truck?
2339 1843 56 25 And
2417 1853 49 23 you

1929 1879 104 22 answer,
2046 1876 105 28 proceed
2163 1878 98 30 against
2273 1880 142 27 bim'.under
2423 1884 42 25 the

1930 1911 82 26 Truck
2027 1915 56 23 Act.
2143 1916 62 26 Now
2215 1918 67 26 what
2299 1920 22 25 is
2335 1921 41 26 the
2388 1931 44 17 use
2441 1924 28 25 of

1928 1951 150 33 proceeding
2093 1956 133 31 according
2238 1959 25 23 to
2286 1958 56 30 law,
2351 1963 3 2 '
2366 1961 100 31 against

1928 1996 14 16 a
1966 1997 59 17 man
2049 1993 44 23 not
2116 1994 80 23 worth
2219 2003 15 15 a
2258 1998 81 24 straw.
2403 1999 63 26 Now

1929 2028 71 25 there
2011 2029 21 25 is
2045 2038 15 16 a
2071 2031 47 24 law
2135 2032 55 26 that
2203 2034 61 26 Sam
2287 2036 95 26 Weller
2404 2038 62 27 calls

1929 2067 44 26 the
2010 2069 73 26 Have
2091 2071 41 26 his
2141 2080 97 19 carcass
2250 2076 47 25 Act
2349 2078 52 26 But
2419 2088 47 17 un-

1929 2107 152 35 fortunately
2094 2111 71 26 there
2176 2114 22 24 is
2210 2122 16 16 a
2236 2116 48 24 law
2296 2118 100 31 against
2407 2128 58 17 can-

1928 2147 118 26 nibalism
2060 2157 27 16 so
2099 2149 55 26 that
2167 2151 43 26 the
2226 2161 60 24 poor
2314 2156 73 27 Devil
2409 2159 57 26 wlfo

1929 2190 58 23 cant
1999 2191 42 29 get
2053 2189 40 26 his
2106 2198 80 26 wages
2197 2194 27 24 in
2236 2196 56 24 coin
2302 2188 176 37 would.be'no'

1929 2226 81 26 better
2021 2229 36 24 off
2065 2229 22 24 if
2112 2229 33 26 he
2165 2231 127 31 .obtained
2314 2235 40 25 his
2380 2236 86 27 bosses

1928 2274 104 24 carcass,
2057 2268 27 25 in
2112 2270 193 32 facr-itiwonjd
2325 2274 40 26 be'
2375 2285 55 24 just
2450 2287 16 16 a

1931 2305 85 26 White
2042 2307 137 32 Elephant,
2205 2311 99 33 feeding
2332 2323 33 16 on
2388 2316 77 26 Court

1927 2345 50 24 and
1997 2345 98 27 Bailiffs
2123 2349 49 25 fees
2196 2352 49 23 and
2273 2355 131 32 roturring
2432 2365 33 17 no

1926 2384 112 26 interest.
2074 2386 63 26 Now
2163 2389 66 25 what
2241 2390 13 24 I
2273 2399 41 20 am
2337 2394 77 32 going
2440 2398 25 22 to

1928 2427 112 29 suggest,-
2050 2426 27 25 in
2093 2428 69 25 ordei
2177 2431 25 22 to
2215 2430 71 26 make
2317 2432 42 25 the
2383 2434 83 26 Truck

1928 2465 47 24 Act
1987 2466 61 31 fully
2061 2471 124 27 operative
2198 2470 21 23 is
2231 2472 26 23 to
2280 2474 92 25 amend
2394 2475 21 25 it
2438 2476 28 27 in,

1928 2505 42 25 the
1992 2506 127 30 direction,
2154 2509 55 25 that
2243 2519 61 25 any
2325 2521 91 23 person
2438 2525 28 17 or

1926 2551 103 23 persons
2041 2546 125 33 receiving
2179 2549 42 24 the
2236 2553 90 29 output
2339 2561 28 16 or
2378 2557 88 29 profits

1927 2582 27 24 of
1964 2591 48 23 any
2026 2583 113 27 business
2152 2594 117 24 concern,'
2279 2590 119 34 knowing
2409 2593 59 27 that'

1928 2621 42 24 the
1984 2629 80 24 wages
2075 2624 27 23 of
2113 2624 42 25 the
2175 2628 139 30 operatives
2336 2630 65 27 have
2420 2636 46 23 not

1929 2660 61 25 been
2003 2662 65 30 paid,
2081 2662 65 26 shall
2161 2664 29 24 be
2213 2667 74 24 made
2311 2671 155 29 responsible

1927 2699 37 26 for
1977 2700 42 25 the
2042 2706 119 27 payment
2186 2704 102 27 thereof.
2335 2709 45 25 We
2402 2713 64 24 need

1926 2743 45 22 not
1982 2750 31 22 go
2025 2745 44 22 out
2081 2743 28 24 of
2130 2744 160 28 the^Oxford
2310 2748 124 31 Distuicfer
2440 2755 26 23 to

1927 2780 122 24 ascertain
2060 2780 42 26 the
2115 2777 114 31 curWof
2237 2780 124 32 tliieiirack
2371 2791 95 30 system

1927 2819 70 23 there
2009 2819 22 24 is
2043 2820 109 33 scarcely
2175 2830 15 17 a
2213 2823 258 31 tradesmant-ih'the'

1927 2860 70 29 place
2008 2860 54 24 th.it
2074 2860 30 24 is-
2116 2864 45 22 not
2173 2864 120 32 suffering
2305 2867 64 25 from
2382 2869 19 23 it
2415 2870 51 24 and

1899 2904 3 5 1
1926 2897 71 24 there
2009 2905 41 16 are
2062 2898 45 25 few
2120 2899 128 28 labourers
2260 2904 66 32 who,
2336 2906 76 25 have.
2420 2911 46 22 not

1927 2937 100 25 become
2040 2938 164 28 demoralised
2212 2942 147 35 throughit.
2368 2945 5 9 '
2395 2946 71 28 Thev

1927 2978 64 25 have
2013 2979 79 27 found
2115 2981 151 29 themselves
2297 2987 94 27 tricked
2415 2991 50 24 and

1926 3019 164 26 bamboozled
2114 3022 31 32 by
2180 3026 120 31 catsrpaw
2326 3017 142 45 emp'loyei|

1928 3060 51 24 and
1996 3061 75 25 suffer
2094 3071 33 16 no
2151 3066 97 29 qualms
2273 3068 26 24 of
2320 3071 145 25 consciunce

1927 3098 73 25 when
2025 3099 57 33 they
2102 3094 125 47 pj^sHhe
2252 3105 43 26 bill
2316 3116 33 18 on
2373 3111 26 24 to
2422 3112 52 24 thev

1928 3140 101 30 Grocer,
2051 3142 104 33 Draper,
2187 3146 154 28 Shoemaker
2364 3152 44 23 &c;
2452 3152 15 25 I
2475 3160 3 5 1

1929 3179 72 24 couid
2015 3184 100 28 suggest
2135 3186 94 24 several
2253 3186 73 26 other
2344 3190 122 25 remedies
2474 3195 2 6 1

1928 3217 38 24 for
1979 3218 102 32 making
2095 3220 44 25 the
2152 3223 51 24 Act
2215 3223 153 35 thoroughly
2380 3228 96 31 opera-'

1929 3257 50 26 tiv©
1991 3257 95 26 besides
2111 3260 66 25 whnt
2201 3262 12 23 I
2236 3262 64 26 have
2321 3267 146 25 mentioned

1928 3296 85 30 above,
2027 3298 98 26 instead
2138 3301 27 24 of
2175 3301 75 34 being
2272 3313 17 15 v.
2295 3305 45 25 hat
2363 3306 20 26 it
2406 3307 22 25 is
2451 3316 15 16 a

1928 3337 61 25 dead
1999 3338 80 25 letter.
2104 3341 52 24 But
2165 3342 127 30 labourers
2302 3348 179 24 rnusfcescuse''

1928 3383 40 16 me
1981 3377 71 24 when
2074 3378 12 24 I
2100 3379 44 25 tell
2165 3380 69 25 them
2259 3382 63 25 that'
2338 3384 42 25 the
2395 3388 71 24 main
2474 3396 3 9 >

1928 3421 74 18 cause
2020 3416 27 24 of
2052 3416 46 25 -it's
2121 3419 222 33 inopevaliveness,
2366 3423 22 25 is
2400 3424 66 26 their
2478 3429 3 8 !

1928 3454 75 32 sharp
2035 3458 162 31 competition
2220 3461 51 24 and
2304 3462 113 31 absence,
2441 3465 28 24 of

1928 3493 138 26 manliness
2079 3496 50 24 and
2141 3496 98 27 honour
2255 3502 117 30 amongst
2384 3502 81 26 them-

1928 3532 87 24 selves.

2219 3570 57 20 -■..:.
2290 3577 33 13 •.?.
2347 3582 3 4 •
2374 3572 38 18 *r
2458 3570 9 20 i

513 50 176 35 OXFORD
731 51 93 34 AND
868 53 108 32 OUST
1022 53 226 33 OBSERVER
1291 51 245 40 SATURDAY,
1579 53 127 34 APLII.L
1742 57 47 35 15,
1836 57 78 31 1603

1488 172 175 43 LOST.

1304 279 267 80 AReversable
1600 280 131 41 Mosgic.l
1760 282 79 40 Rug.

1388 321 143 30 Between
1547 322 119 30 Oxford
1682 324 61 28 and
1754 323 87 31 West

1302 361 83 40 Eyre
1389 367 60 25 ton.
1494 363 116 30 Finder
1638 365 60 29 will
1727 366 38 28 be
1793 376 47 19 re-

1303 403 123 30 Avarded
1442 413 36 20 on
1503 406 164 39 returning
1696 417 83 20 same
1807 410 33 27 to

1304 446 95 29 Office
1416 446 33 28 of
1465 446 62 30 this
1543 446 108 39 Paper.

1317 561 137 25 OXFORD
1468 562 181 25 DEBATING
1668 563 152 26 SOCIETY.

1528 607 26 22 at
1571 605 42 24 the

1488 650 163 26 LIBRARY.

1336 695 113 31 Tuesday
1479 695 69 32 April
1569 698 70 27 2511:,
1663 698 52 23 Ilev
1739 698 32 23 D.
1805 699 31 24 D.
1853 718 6 3 -

1301 733 111 30 Rudgers
1424 734 49 24 will
1486 735 57 23 read
1557 743 31 16 an
1601 736 149 30 interesting
1761 744 76 23 paper

1300 779 32 16 on
1375 772 161 30 Hypnotism.

1334 809 125 26 Members
1472 819 40 17 are
1525 812 160 31 particularly
1707 813 130 32 requested

1301 852 24 23 to
1339 850 72 31 bring
1423 851 65 24 their
1503 852 99 24 friends.

1534 892 26 24 S.
1572 892 199 25 KENNEDAY.

1667 932 137 33 Secretary.

814 181 252 46 NOTICE.

710 309 71 41 Any
798 319 108 30 person
926 309 130 40 wishing
1071 312 32 27 to
1132 319 75 30 crop

648 368 8 7 *
671 347 134 40 Section,
817 351 32 29 in
862 351 51 29 the
923 350 116 30 Oxford
1050 349 158 41 Cemetery

670 396 84 26 must
782 392 75 30 send
880 392 32 28 in
934 392 205 38 applications
1176 394 31 27 to

645 457 11 5 ...
669 434 54 30 the
736 432 186 32 .-Chairman
957 443 40 19 on
1033 443 34 19 or
1102 432 106 31 before

670 474 74 40 May
760 475 57 29 Ist.
833 475 89 29 1893.

878 516 34 28 11.
932 516 40 29 H.
989 515 133 30 Pakisii.

649 629 59 47 T
780 628 292 48 '"NOTICE.
1246 645 2 52 ;

670 776 93 40 J^g^O
784 779 81 30 Sheep
878 787 96 15 owners
992 779 132 29 travelling
1146 777 60 25 with

685 802 31 41 j|
777 812 83 30 gheep,
874 819 45 16 can
932 811 53 24 find
998 819 14 16 a
1030 810 116 25 Paddock
1169 819 36 16 se-

669 855 84 32 curely
776 856 94 27 ienced,
896 858 24 22 to
944 855 187 25 accommodate
1162 855 43 25 the

669 907 76 21 same,
758 907 61 16 near
828 899 112 31 Railway
949 899 111 31 crossing
1072 899 49 24 und
1134 899 71 24 Emi-

668 943 99 31 gration
781 942 132 25 Barracks.
949 942 82 32 Apply
1049 945 24 22 to

689 986 4 8 :
812 986 25 24 J.
863 986 196 28 FLANAGAN,

988 1029 64 25 East
1070 1029 102 25 Oxford.
1191 1039 6 5 •
1224 1034 4 4 '

740 1169 8 10 ,
824 1140 236 46 NOTICE.

770 1278 42 26 TO
824 1279 117 25 SHEEP
951 1278 156 26 OWNERS.

671 1334 122 33 rTj^HFi
814 1334 89 31 charge
916 1335 37 23 for
963 1334 111 30 Dipping
1087 1333 82 30 Sheep
1182 1334 26 22 at

692 1357 37 41 1_
779 1367 42 24 tbo
834 1367 69 24 View
915 1367 61 24 .Hill
991 1367 48 30 Dip
1052 1367 51 23 will
1116 1367 29 22 bj
1160 1365 48 24 Hd

669 1405 38 24 for
719 1405 60 24 each
793 1406 84 31 sheep,
902 1414 31 16 on
958 1406 48 23 and
1042 1405 64 24 after
1137 1404 72 32 Apiil

669 1445 69 30 30th,
768 1446 72 24 1898.

837 1493 38 25 W.
908 1492 130 28 DUDER,

1021 1535 69 26 View
1109 1535 62 25 Hill.

820 1653 231 46 DRINK

694 1729 184 40 H7SLOP'
894 1728 123 41 PURE
1044 1728 101 41 TEA.

666 1788 65 29 The
747 1788 93 29 finest
854 1788 53 28 the
922 1786 105 30 World
1046 1787 159 39 produces.

668 1852 75 31 Sold
754 1853 44 39 by
828 1851 50 30 Mr
894 1850 35 30 F.
946 1852 38 28 A.
1015 1850 190 37 Waterman,

707 1899 82 30 East
801 1898 128 34 Oxford.

666 1959 52 30 Mr
737 1959 39 35 R,
793 1958 119 35 Fisher,
930 1956 89 31 West
1033 1957 131 30 Oxford.

666 2008 49 30 Mr
733 2009 36 29 E.
786 2004 49 32 W.
867 2007 129 40 Cooper,
1027 2005 87 37 Oust,
1145 2006 61 30 and

709 2067 94 29 many
823 2056 110 29 others.

667 2173 217 46 JAMES
932 2173 273 54 -FpSTER,

826 2253 83 31 FOR
932 2253 113 30 SALE.

668 2317 125 40 Apples,
824 2316 226 36 Blackberries,
1089 2316 116 30 Plums.

752 2365 44 30 To
812 2365 105 29 follow
933 2365 102 35 Pears,
1066 2366 56 28 &c.

712 2412 148 41 Supplied
877 2413 29 29 in
925 2412 84 41 large
1025 2423 34 19 or
1075 2414 89 29 small

849 2455 177 39 quantities.

806 2579 264 45 NOTICE.

706 2723 54 37 G.
788 2724 383 38 MARSHALL,

713 2786 178 30 MARKET
923 2787 242 32 GARDENER.

671 2848 67 30 Has
753 2859 40 18 on
811 2849 81 28 hand
922 2849 100 40 Savoy
1053 2852 61 28 and
1145 2852 62 29 En-

672 2889 71 31 iield
760 2889 123 31 Market
899 2891 91 37 plant.
988 2903 3 7 1
992 2883 16 37 /
1017 2896 33 24 nt
1066 2892 49 35 od,
1146 2894 61 28 and

671 2930 209 30 Cauliflowers
896 2934 31 26 at
951 2931 45 40 1/-
1012 2943 19 19 a
1057 2932 149 37 handled,

671 2972 61 28 and
762 2981 17 19 a
809 2972 80 39 good
919 2973 112 39 supply
1061 2974 35 30 of
1122 2974 85 38 fruit,

671 3013 179 40 vegetables
876 3014 63 30 and
967 3021 53 33 pot
1047 3016 90 31 herbs
1176 3023 33 25 at

673 3056 177 29 reasonable
866 3059 91 27 rates.

760 3196 60 44 D.
872 3195 244 57 ALLEN,

906 3272 61 15 LATE
1110 3273 6 8 '

776 3319 141 30 JAMES
948 3319 155 37 ALLEN,

675 3387 403 44 BLACKSMITH,
1106 3392 100 45 AC.,

811 3463 88 30 East
923 3463 145 31 Oxford.

706 3526 39 22 Mr
767 3526 28 22 D.
816 3526 71 24 Allen
907 3526 58 31 begs
992 3529 25 22 to
1043 3527 115 25 intimate
1184 3530 25 24 to

670 3569 43 24 the
732 3569 84 30 public
834 3569 27 24 of
871 3569 93 25 Oxford
977 3571 49 23 and
1039 3572 169 32 surrounding

671 3613 99 24 district
793 3614 56 23 that
868 3613 31 24 ho
929 3614 101 26 intends
1059 3616 150 32 continuing

672 3656 43 24 the
734 3655 114 26 business
866 3656 27 25 of
916 3657 167 29 Blacksmith,
1114 3661 95 26 parried

672 3707 33 17 on
722 3700 38 24 for
779 3708 26 16 so
823 3708 78 24 many
929 3708 71 23 years
1029 3701 32 32 by
1089 3702 40 26 bis
1158 3703 51 27 hie

671 3739 91 30 father,
782 3740 49 24 and
849 3740 78 31 hopes
934 3740 42 31 -by
995 3742 71 24 strict
1084 3744 123 24 attention

673 3785 25 23 to
717 3783 114 26 business
850 3785 49 24 and
917 3785 126 24 moderate
1061 3786 104 32 charges
1184 3790 25 23 to

670 3827 86 24 insure
774 3827 44 26 the
835 3829 136 31 patronage
989 3828 27 25 of
1044 3829 43 24 the
1117 3830 92 26 Oxford

670 3873 94 30 public?

184 172 256 47 NOTICE.

40 277 240 49 g^OTEOjE
290 281 113 35 JTO
466 281 113 32 Ttlß-

42 313 81 56 V|
145 317 282 47 GHi-Sfelßacoii
472 321 106 42 Pl&§,

41 361 124 46 mgfet
179 368 85 47 p^ce
283 368 102 40 given.

284 470 90 30 East
393 471 143 29 Oxford.

132 572 137 46 foe
298 571 180 46 sale.

83 679 18 28 2
116 677 169 30 HORSES
300 677 94 29 fit/for
405 675 171 31 DOUBLE

39 723 185 32 FURROW
266 723 144 41 plowing,
469 728 32 25 to
540 723 38 30 be

39 772 247 30 sold-GHEAI'.
371 771 139 30 APPLY

115 843 2 5 :
186 819 96 29 Office
302 818 33 29 of
351 817 61 30 this
427 817 107 40 Paper.

73 909 153 46 Oxford
250 916 82 38 road
351 915 162 41 district.

85 1022 89 32 DOG
203 1021 326 31 REGISTRATION.

39 1075 170 83 BOTi-CF
251 1078 27 30 is
315 1078 114 38 hereby
474 1077 103 39 given,

110 1120 83 31 .that
219 1120 207 40 proceedings-
447 1118 62 29 Avili
540 1118 39 29 be

36 1161 236 38 takjiragninst
287 1161 40 29 all
344 1168 130 31 persons
504 1159 73 29 hav-

37 1202 57 39 ing
141 1196 49 35 tin
196 1201 176 40 registered
410 1200 85 39 Eogs
546 1201 31 28 in

36 1243 82 30 their
161 1244 141 37 possessi.
315 1252 24 20 n
381 1252 19 19 a
403 1241 11 13 r
412 1245 29 26 t.
438 1254 5 8 i
446 1252 13 18 r
489 1241 91 40 April

38 1283 172 33 315t.1893.

99 1360 7 7 ,
120 1334 47 40 By
184 1335 91 37 pider
290 1334 33 31 of
337 1334 52 29 the
400 1334 113 29 Board.
621 1342 5 37 j

61 1372 32 42 '/'
329 1384 147 26 siiaepe.

202 1429 81 29 Clerk,
299 1429 91 25 Oxford
403 1428 70 25 Road
486 1427 91 25 Board.

36 1522 188 43 STRAITS
316 1524 260 40 INSURANCE

203 1577 188 49 Company,

218 1636 65 16 nr.Ai>
306 1636 85 16 officr

78 1672 182 49 SINGAPORE
283 1673 65 38 AND
380 1672 150 38 LONDON,

72 1742 8 10 ?
106 1754 245 24 CIIRISTCHUIICH
374 1756 127 21 AGENTS

34 1798 336 32 F;R.DUNSFORD
400 1799 89 30 AND
518 1798 51 31 Co.

174 1881 127 22 OXFORD
327 1882 107 21 AGENT

88 1925 141 37 e/]\r.
248 1914 264 46 LtiGosiß.

124 2049 135 44 FOR
306 2045 179 46 SALE.

35 2177 41 78 A
119 2176 18 28 5
174 2173 137 30 Roomed
351 2171 106 31 House
499 2170 73 30 Iron

121 2215 76 30 Roof
212 2226 77 24 new,
306 2214 74 31 with
398 2215 18 29 0
432 2224 86 20 acres
542 2214 32 28 of

34 2259 94 35 laiftli-
134 2257 161 40 adjoining
309 2256 53 31 old
376 2256 57 29 site
450 2257 33 28 of
497 2255 77 29 Lib-

38 2310 79 29 rary,
149 2299 126 30 Central
306 2297 126 37 Oxford,
461 2308 19 19 a
503 2297 71 29 bar-

34 2343 84 38 gaiii.
202 2341 102 40 Apply
334 2343 33 26 to

196 2398 63 30 MR
283 2397 135 34 SHAW,

78 2444 50 41 e/o
145 2444 267 33 Sha\vJß,obinson
429 2443 26 30 &
480 2442 52 35 Co,

36 2494 65 30 The
132 2493 85 36 Hall,
248 2492 87 40 High
367 2492 45 35 St,
445 2491 46 30 Ch
496 2516 5 9 :
519 2491 57 29 Cli.

37 2591 342 49 METROPOtITAU
402 2592 177 46 FAMILY

233 2652 157 40 HOT^EL.
505 2692 3 4 .
531 2692 3 2 .
621 2638 5 63 I

55 2720 139 28 CACHED
208 2715 354 36 ST",'CHRISTOHUR"CH.
584 2718 4 6 '

106 2776 90 25 Uxd'kb
233 2775 62 25 Kew
327 2776 186 29 Management,

37 2832 158 32 Thoroughly
220 2832 134 24 rcnovatod.
391 2830 108 31 Charges
509 2839 5 15 :
529 2830 49 23 Bed

245 2882 45 33 :?/-,
304 2884 27 22 dr
342 2882 49 31 ■*»/(}
412 2889 40 23 jn'r
474 2881 55 24 d:i\-.

101 2931 135 28 ...OTTO
256 2930 210 28 SCIINEIDER,

127 2983 2 14 ;
144 2974 14 19 -'-
182 2982 16 16 *.:
396 2968 149 31 Proprietor.

57 3083 497 48 DRESSMAKING.

38 3214 118 78 BISS
182 3211 227 36 -FAUGHEIi,
449 3213 60 28 late
546 3212 33 29 of

135 3255 111 30 Misses
263 3254 107 37 Quirk,
396 3254 37 28 8t
461 3253 116 35 John's,

36 3297 160 36 Eiio-hiii<^
214 3296 110 30 wislies
335 3301 30 23 to
380 3295 115 29 inform
524 3296 54 28 the

36 3339 108 41 public
159 3338 70 30 that
243 3337 55 30 slif3
314 3338 23 28 is
350 3348 69 19 now
434 3337 97 39 going
545 3340 34 26 to

34 3390 180 24 .commence
232 3380 138 29 business
401 3379 29 28 in
464 3378 115 30 Leuth-

39 3423 118 29 WrtUe's
344 3420 82 30 Main
447 3420 45 34 St,
509 3420 69 29 Ox-

38 3463 79 31 ford.
163 3464 42 29 Jin
212 3467 59 26 test
287 3463 95 33 styles
403 3462 61 29 and
489 3461 90 30 fnsh-

37 3506 118 29 ioim'at
168 3505 180 29 reasonable
365 3503 109 41 prices.
521 3504 56 29 Or-

38 3548 72 31 ders
128 3557 86 29 proin
220 3547 42 39 ptl
270 3556 15 28 y
304 3545 148 30 attended
476 3550 39 24 (o.

188 3653 242 45 FOUND.

40 3778 282 65 AC.irrusjG-'R
326 3787 3 10 1
332 3785 33 21 !-?.
409 3777 90 25 Owner
533 3785 47 16 can

147 3811 64 23 have
225 3811 44 25 tiio.
280 3819 69 16 same
362 3810 31 31 by
411 3811 119 30 applying
553 3816 27 19 at

37 3849 43 26 the
94 3850 76 25 OfTicj
183 3850 27 24 of
222 3851 49 23 tins
294 3850 80 25 Ppo:
374 3859 5 5 1
381 3869 7 9 ,
414 3850 46 24 a-iJ
486 3851 93 31 paying

2039 3608 50 5 __
2231 3600 2 1 ■
2273 3601 3 7 ■■
2288 3601 4 7 ■•
2313 3599 7 6 *
2361 3608 5 5 ,
2387 3599 9 12 i
2420 3609 2 1 .
2440 3599 27 13 .*
2477 3600 7 11 »

1984 3657 54 26 And
2146 3661 53 24 said
2210 3662 41 25 the
2260 3666 105 31 country
2377 3667 87 25 cousin

1926 3698 26 23 to
1964 3697 43 25 the
2019 3699 55 30 girl,
2136 3700 63 26 have
2213 3703 87 25 shown
2313 3713 57 24 you.
2380 3713 84 24 every-
2475 3714 8 20 >

1926 3737 72 31 thing
2010 3747 31 16 on
2059 3739 43 25 thy
2113 3740 73 26 farm.
2224 3742 69 30 ''Oh,
2307 3744 96 37 George
2415 3735 63 43 you/

1925 3774 102 27 haven't
2039 3776 64 26 clone
2115 3786 49 24 any
2176 3779 62 25 such
2255 3772 107 41 thingl'
2372 3783 66 34 Why
2450 3785 14 25 I

1923 3814 78 26 heard
2020 3824 65 24 papa
2103 3826 44 24 say
2158 3831 3 5 •
2169 3819 84 26 before
2275 3820 17 25 I
2300 3824 96 24 started
2407 3825 57 25 that

1921 3862 49 23 you
1982 3855 50 25 had
2045 3866 15 15 a
2071 3861 129 30 mortgage
2214 3868 34 17 on
2259 3861 20 24 it
2291 3862 57 26 that
2359 3865 104 26 covered
2482 3866 2 8 '

1921 3892 61 25 nine
1994 3894 85 26 tenths
2091 3896 28 25 of
2129 3896 43 26 the
2319 3901 6 21 i
