2510 3980
219 219 92 24 VIEW
325 217 90 25 HILL.

228 350 55 24 The
295 350 109 23 Domain.

84 422 13 23 1
107 421 56 24 took
176 428 15 16 a
203 418 62 26 walk
277 417 80 25 round
375 416 43 24 the
439 414 145 25 Recreation

52 464 104 25 Ground
169 464 41 23 the
223 462 71 25 other
306 461 57 31 day.
398 459 54 25 The
466 460 64 23 trees
542 464 42 17 are

51 508 102 30 looking
164 506 67 28 well,,
240 505 45 24 but
297 504 72 25 could
387 505 45 22 not
444 501 142 30 something

51 551 29 25 be
105 551 62 24 done
194 552 25 22 to
252 548 60 31 keep
337 548 42 24 the
399 546 80 25 weeds
499 546 86 23 down?

52 595 64 30 Why
127 595 44 23 not
183 593 34 25 let
230 591 42 25 the
284 591 86 32 people
382 590 79 31 living
480 588 104 28 around,

50 640 71 30 plant
134 638 42 25 the
183 636 96 33 ground
289 635 60 24 with
357 635 120 31 potatoes,
486 640 32 18 on
528 640 57 16 con-

51 683 78 24 dition
143 682 55 24 that
211 681 57 29 they
282 680 60 30 keep
355 679 42 24 the
407 679 65 23 trees
484 678 66 23 clear
562 675 24 25 of

51 725 87 25 weeds.
176 725 74 25 Some
268 723 26 24 of
304 722 42 24 the
359 724 64 22 trees
434 721 62 24 havt
520 719 65 29 died,

51 771 43 23 but
106 769 13 24 I
131 769 62 24 have
203 776 32 16 no
248 765 77 27 doubt
335 764 165 33 steps.AV.ill.be
511 762 72 26 taken

50 815 23 22 to
86 812 63 24 have
162 811 42 24 the
216 818 61 24 gaps
289 809 70 24 filled
372 816 32 24 up
414 809 60 24 next
489 806 94 25 Arbour

50 856 62 32 Day.
260 889 13 2 _
322 877 2 1 .
376 883 3 1 .
457 872 2 1 •

185 952 54 22 Oun
257 950 182 24 Footballers.

84 1022 52 24 Our
147 1018 142 27 footballers
301 1025 42 17 are
361 1016 43 25 the
415 1016 65 25 lions
493 1014 26 25 of
540 1014 42 23 the

50 1067 46 29 day
101 1065 122 31 chappy
246 1063 43 25 the
308 1060 131 27 footballer
461 1059 56 25 who
538 1057 44 25 has

50 1117 74 18 some,
136 1109 26 25 of
173 1109 43 24 the
228 1114 100 18 corners
340 1105 27 26 of
377 1105 40 24 his
428 1108 55 20 lace
489 1102 93 26 rubbed

50 1154 41 27 off,
105 1161 14 15 a
131 1152 71 24 black
215 1158 51 24 eye,
280 1158 27 17 or
319 1157 45 17 can
373 1148 64 24 walk
448 1147 66 24 lame
526 1153 56 17 con-

50 1196 122 14 ciel.nnt.lv.
209 1196 40 14 Hp
261 1194 28 16 iff-
294 1202 15 8 a
321 1193 68 17 lieVO.

174 1258 66 24 Childrens
240 1258 209 24 Congirt.

82 1319 33 24 As
127 1317 49 25 will
185 1317 31 25 be
228 1323 58 17 seen
295 1314 33 32 by
335 1314 84 32 report
428 1312 58 25 else-
491 1310 90 30 where,

49 1363 42 24 the
105 1362 125 23 chilurens
242 1360 100 23 concert
354 1366 52 16 was
415 1365 14 16 a
446 1357 71 31 great
529 1363 53 17 suc-

49 1415 62 15 cess.
147 1405 54 24 The
211 1403 87 33 people
310 1403 27 23 in
350 1402 42 24 the
415 1401 97 24 district
534 1398 48 25 had

49 1449 143 25 subscribed
204 1448 114 30 liberally
330 1448 26 23 to
368 1445 43 25 the
434 1444 81 32 picnic
535 1442 47 25 and

48 1494 67 30 prize
127 1492 70 28 fund,
221 1490 49 24 and
282 1490 21 22 it
315 1496 50 16 was
388 1496 15 15 a
415 1487 92 30 capital
519 1486 63 27 idea,

49 1536 37 24 for
98 1536 43 24 the
153 1535 113 24 children
279 1534 25 22 to
317 1532 69 24 show
399 1530 65 24 their
475 1528 107 32 aprecia-

51 1580 51 24 tion
112 1578 33 32 by
157 1577 85 33 giving
254 1583 33 17 an
296 1573 196 26 entertainment
501 1579 33 18 on
543 1571 39 25 the

49 1623 106 30 evening
166 1622 73 25 when
251 1620 43 24 the
305 1619 80 31 prizes
398 1625 63 17 were
472 1617 110 31 present-

51 1667 37 24 ed.
126 1666 33 24 Of
169 1672 85 18 course
277 1663 44 25 the
333 1661 90 30 school,
429 1667 51 18 was
491 1658 91 33 packed

49 1712 26 23 to
87 1709 166 29 overflowing.
289 1705 54 25 The
361 1705 100 25 concert
472 1702 110 26 wasifree

48 1752 103 26 andthe
152 1761 12 10 v
166 1759 73 18 ewas
256 1758 33 17 no
301 1748 138 27 collection.

149 1841 181 28 FOOTBALL
364 1838 121 27 NOTES.

231 1973 31 16 BY
272 1971 129 18 UROPKICK.

82 2031 12 24 I
107 2038 41 16 am
161 2030 57 31 only
232 2036 14 17 a
258 2027 97 24 human
368 2025 69 26 critic
450 2024 50 25 and
518 2023 20 24 it
561 2022 22 24 is

48 2079 109 32 possible
169 2078 56 24 that
237 2077 26 23 in
276 2084 42 23 my
329 2074 134 25 criticisms
481 2080 33 17 on
525 2071 58 31 play

49 2123 51 26 and
123 2122 98 32 players
233 2120 13 25 I
272 2120 58 31 inay
343 2136 4 4 .
355 2117 73 26 make
454 2115 129 27 mistakes.

49 2168 122 24 However
194 2165 42 25 the
285 2162 121 25 Observer
415 2161 59 26 'Vis
483 2160 100 33 ..always

47 2211 74 31 ready
131 2212 26 22 to
171 2210 69 23 show
252 2206 60 25 both
325 2206 65 25 sides
402 2205 27 24 of
433 2202 39 36 ;Jh
476 2213 31 21 a,;
512 2211 71 24 ques-

48 2255 53 24 tion
114 2253 50 25 and
180 2253 21 23 if
222 2250 97 26 aiffone
336 2249 67 25 finds
415 2244 124 29 mistakes'
548 2245 36 26 'in

48 2307 41 23 my
98 2296 103 26 football
213 2296 72 24 notes
298 2295 10 23 t
321 2294 64 31 hope
397 2292 31 25 he
454 2292 52 25 will
515 2290 68 33 pitch

48 2343 54 23 into
127 2349 47 21 me,
196 2341 8 31 (
213 2340 26 23 in
256 2338 69 31 print
337 2338 27 24 of
373 2344 86 17 course
468 2337 8 31 )
501 2335 13 24 I
536 2335 49 24 feel

49 2387 55 23 that
116 2385 20 23 it
148 2385 21 23 is
182 2392 14 15 a
206 2384 139 29 dangerous
357 2380 63 28 task,
441 2380 57 24 that
516 2379 14 23 I
543 2386 40 17 am

49 2427 167 32 undertaking
228 2425 44 26 but
285 2425 13 25 I
310 2433 41 17 am
362 2423 77 34 going
450 2424 25 24 to
499 2422 85 26 insure

48 2482 43 22 my
104 2472 50 27 life,
168 2472 57 23 take
249 2469 95 24 lessons
367 2469 27 23 in
420 2467 92 31 boxing
535 2466 50 24 and

47 2523 72 24 carry
137 2523 14 15 a
174 2512 168 26 six-chamber
364 2511 111 24 revolver
495 2511 26 22 in
542 2518 42 22 my

49 2559 83 24 breast
145 2557 95 31 pocket.
276 2555 13 24 I
302 2554 73 25 think
396 2554 43 25 the
450 2553 55 25 best
518 2554 66 23 team

49 2606 56 16 •won
115 2596 26 24 in
153 2596 42 24 the
208 2593 84 26 match
305 2593 111 25 between
437 2592 70 25 View
529 2585 55 30 HiU

49 2641 49 25 and
112 2639 101 25 Oxford.
388 2663 4 4 ,

83 2682 75 24 Some
172 2678 63 33 good
257 2677 103 31 passing
382 2684 51 16 was
453 2676 87 24 shown
552 2674 38 32 by.

49 2722 59 25 both
119 2723 89 25 teams,
221 2720 46 23 but
290 2717 61 25 both
373 2719 79 23 learns
474 2717 52 24 also
547 2715 36 24 in-

49 2759 89 32 dulged
150 2758 26 24 in
197 2765 68 17 tome
286 2764 57 23 very
366 2754 219 33 ill-judged,.pass-

47 2801 51 28 ing,
110 2798 30 30 by
153 2796 81 25 which
247 2803 14 16 a
274 2795 35 24 lot
321 2794 27 25 of
358 2793 98 32 ground
465 2787 118 30 was^lost.

49 2843 101 31 Players
164 2838 89 26 should
265 2838 59 24 bear
335 2838 27 23 in
376 2836 70 25 mind
465 2836 55 25 tha,t
531 2835 20 25 it
561 2834 24 25 is

49 2892 14 16 a
75 2881 108 26 mistake
195 2882 26 22 to
233 2887 58 24 pass
304 2880 25 22 to
342 2887 15 15 a
369 2885 59 17 man
441 2876 56 26 who
517 2876 21 24 is
557 2876 27 24 in

49 2931 15 16 a
74 2928 78 18 worse
163 2918 109 32 position
285 2916 62 24 than
359 2924 49 23 you
420 2923 49 17 are.

83 2959 53 24 The
149 2956 121 30 collaring
281 2954 27 25 of
319 2954 42 25 the
373 2953 68 25 View
454 2953 54 24 Hill
519 2953 66 23 team

50 3008 51 16 ■was
124 2997 85 25 rather
227 2996 80 24 better
330 2994 64 25 than
416 2993 56 25 that
495 2992 27 25 of
542 2991 44 25 the

51 3037 101 27 Oxford.
190 3036 102 30 Players
305 3033 90 26 should
418 3033 106 31 practise
536 3031 49 24 col-

26 3079 105 35 laring
143 3077 55 27 lo.w,
212 3085 15 15 a
251 3074 41 32 big
315 3081 60 17 man
465 3072 78 24 collar
555 3079 37 23 ja.

50 3116 74 26 small
136 3123 47 17 one
195 3113 61 33 high
267 3102 205 39 sometimes^jut
484 3110 66 25 what
563 3109 22 24 is

50 3164 43 25 the
105 3170 43 17 use
161 3161 26 25 of
195 3169 14 16 a
221 3153 82 32 small'
319 3167 61 17 man
391 3157 84 32 trying
492 3158 25 23 to
531 3154 54 32 stop

49 3214 14 14 a
85 3204 70 30 giant
168 3201 31 31 by
223 3199 118 30 catching
350 3194 5 5 '
362 3198 54 24 hiui
439 3189 80 32 nfund
543 3195 42 24 the

50 3241 138 28 shoulders;
211 3238 57 26 take
277 3237 53 24 him
343 3238 46 23 low
402 3236 50 24 and
474 3243 49 24 you
544 3241 41 17 are

49 3282 40 24 his
102 3280 81 31 equal,
196 3278 20 24 if
225 3276 33 26 he
284 3276 97 25 docs'nt
394 3274 43 25 fall
458 3281 33 18 on
503 3275 42 30 top
562 3272 26 25 of

49 3330 56 25 you.
496 3327 12 17 /
557 3312 29 34 1/

82 3358 54 28 Tlic
148 3359 86 25 halves
246 3357 27 25 of
293 3356 61 26 both
377 3358 81 23 teams
476 3355 42 24 did
540 3355 52 31 not,

49 3403 54 26 feed
121 3402 44 24 the
178 3400 197 31 three-quarters
395 3396 108 32 enough.
529 3412 6 3 -
547 3421 3 3 .

83 3443 111 25 Poulson
220 3440 89 32 played
332 3447 15 16 a
369 3438 63 32 good
453 3445 73 23 game
549 3436 38 24 for
614 3450 2 3 ■

50 3485 69 24 View
131 3481 63 28 Hill;
208 3481 26 23 in
248 3479 41 24 the
302 3478 91 25 second
405 3478 70 30 spell,
488 3485 29 16 -is
529 3475 56 24 full-

49 3525 62 25 back
124 3523 31 23 he
169 3530 50 16 was
232 3528 57 23 very
301 3519 72 32 good,
386 3517 122 31 collaring
531 3516 56 25 well

51 3563 49 26 and
112 3561 104 32 gaining
234 3568 14 16 a
260 3559 36 24 lot
308 3558 27 24 of
348 3556 106 33 ground,
469 3556 30 32 by
523 3554 79 41 good^

49 3609 109 29 kicking.
194 3607 63 26 Tom
270 3604 101 24 Hunter
390 3595 87 38 placed
496 3609 14 16 a
530 3599 64 44 ni|e;f

50 3647 57 34 goal
120 3645 63 24 from
197 3644 43 25 the
251 3643 56 23 first
320 3643 36 30 try
371 3640 92 26 Oxford
486 3638 99 32 gained?

83 3690 40 25 He
135 3689 21 23 is
175 3687 105 25 without
292 3685 77 24 doubt
381 3684 43 24 the
436 3683 62 24 kick'
505 3682 26 25 of
542 3682 43 24 the

48 3733 76 23 team.

82 3769 59 33 May
154 3767 41 24 the
205 3766 69 27 View
290 3763 51 25 Hill
354 3762 48 25 and
420 3761 93 25 Oxford
525 3760 60 31 boys

46 3814 60 28 long
117 3809 64 24 be—
218 3804 122 27 Brethem
352 3803 27 25 in
397 3810 68 17 arms
488 3800 97 31 though

47 3849 75 27 rivals
134 3848 26 24 in
173 3852 109 19 renown.
547 3870 3 2 .

199 3896 34 21 To
256 3894 26 23 be
300 3892 132 25 continued.
551 3898 3 3 '

799 201 305 25 ENTERTAINMENT.

712 289 22 23 A
745 291 66 22 most
823 289 147 31 interesting
980 289 109 29 meeting
1096 296 51 15 was
1155 285 59 25 held

678 329 25 24 in
724 329 40 24 the
783 329 69 24 View
875 329 52 24 Hill
954 329 91 24 School
1069 336 32 16 on
1122 327 91 30 Friday

677 370 106 30 evening
796 369 42 24 the
852 370 42 24 7th
916 370 58 23 int.
1021 369 53 23 The
1098 368 112 23 occasion

676 406 74 32 being
760 407 41 24 the
814 407 160 24 distribution
987 407 27 24 of
1023 407 80 31 prizes
1112 405 49 25 and
1180 412 32 17 an

675 445 207 25 Entertainment
913 445 74 31 given
1016 444 77 31 solely
1117 444 31 30 by
1169 443 42 25 the

675 485 120 25 children.
854 485 54 25 The
945 485 162 25 schoolroom
1138 484 75 30 being

674 525 101 31 packed,
799 525 94 25 several
915 525 101 25 visitors
1034 526 64 24 from
1119 524 92 25 Oxford
1221 538 3 3 •

675 564 50 23 and
746 564 43 24 the
809 564 87 24 Plains
916 563 76 32 being
1014 565 108 30 present.
1157 563 54 23 The

673 603 69 25 chair
754 612 49 16 was
815 604 69 24 filled
896 604 27 31 b}
922 612 7 9 r
941 604 42 25 the
994 604 128 24 chairman
1133 604 26 24 of
1167 604 42 24 the

675 641 91 26 School
784 641 149 26 Committee
946 642 40 24 Mr
998 643 21 23 A
1040 642 101 31 Wright
1154 642 55 24 who

672 680 26 24 in
711 680 39 25 his
762 681 110 31 opening
883 680 111 25 remarks
1015 681 130 31 expressed
1169 680 40 25 his

672 725 81 27 regret
765 722 26 23 at
805 720 41 25 the
858 720 106 25 number
987 722 27 23 of
1034 722 43 24 the
1097 721 111 25 scholars

673 760 74 32 being
765 760 105 25 reduced
882 769 33 16 on
939 764 105 22 account
1067 762 27 24 of
1115 761 94 25 several

671 800 107 25 families
798 800 95 32 having
905 800 43 25 left
961 800 43 25 the
1028 801 113 28 District,
1163 801 45 24 but

673 839 129 30 expressed
814 840 113 28 pleasure
946 840 26 22 at
985 839 42 24 the
1040 840 64 23 state
1122 840 26 23 of
1167 839 42 24 the

672 877 111 24 finances
796 877 80 24 which
890 877 47 24 had
952 885 14 16 a
979 877 74 24 small
1066 877 104 25 balance
1183 879 24 22 to

672 915 86 24 credit.
806 915 53 24 The
886 915 207 25 Entertainment
1127 915 82 25 which

671 953 138 32 comprised
821 955 31 23 82
865 955 74 23 items
950 954 138 31 consisting
1100 954 26 25 of
1133 955 74 28 solos,

672 993 80 25 Duets
764 994 50 24 and
832 994 79 28 Trios,
926 994 89 24 Action
1032 1002 83 23 songs,
1137 994 70 24 Reci-

672 1033 93 25 tations
778 1034 39 24 &c.
854 1033 51 25 The
918 1033 124 32 Japanese
1052 1042 62 24 eong
1123 1033 86 32 taking

672 1074 43 24 the
726 1074 78 25 house
826 1073 34 32 by
883 1076 87 26 storm,
995 1075 44 24 the
1058 1075 56 24 fans
1134 1075 75 31 being

672 1115 62 23 used
745 1115 26 23 in
780 1114 67 31 quite
857 1123 32 16 an
900 1115 96 24 artistic
1006 1123 112 16 manner.
1155 1116 53 24 Tiie

672 1155 229 31 accompaniments
969 1163 63 17 were
1089 1155 119 25 rendered

672 1195 154 31 throughout
839 1195 41 25 the
888 1196 106 30 evening
1003 1195 31 31 by
1045 1195 42 25 the
1095 1196 112 25 mistress

672 1233 63 25 Miss
759 1233 146 25 Simmonds
927 1233 51 24 and
1006 1233 43 25 the
1080 1234 127 30 precision

670 1273 62 24 with
754 1273 82 25 which
861 1273 42 25 the
926 1273 99 25 various
1044 1274 75 24 items
1144 1282 61 16 were

669 1311 73 32 given
753 1311 85 25 reflect
851 1312 42 24 the
905 1314 108 30 greatest
1025 1312 78 25 credit
1115 1321 33 16 on
1161 1313 42 25 the

671 1355 94 23 master
776 1353 50 24 and
837 1354 113 23 mistress
962 1353 38 25 lor
1013 1353 65 25 their
1090 1353 116 31 capabili-

672 1391 46 25 ties
738 1392 38 24 for
805 1392 110 31 training
948 1392 127 24 children/
1105 1392 24 24 It
1149 1400 57 23 may

671 1439 67 17 seem
747 1431 85 25 rather
841 1432 125 25 invidious
980 1433 24 24 to
1017 1432 81 32 single
1107 1434 43 23 out
1157 1440 49 24 any

672 1470 27 24 of
717 1470 42 24 the
782 1470 149 30 performers
952 1470 38 24 for
1013 1470 91 31 special
1126 1472 81 29 praise

670 1510 83 24 where
765 1509 34 25 all
808 1510 42 23 did
862 1518 27 16 so
901 1510 57 24 well
967 1510 46 24 but
1022 1510 43 24 the
1077 1510 131 25 recitation

670 1547 33 31 by
715 1548 63 25 Miss
789 1548 95 24 Bertha
896 1548 80 31 Feary
980 1549 99 25 /'Love
1098 1548 111 32 lightens

671 1585 88 26 labour
802 1587 49 23 and
863 1587 44 24 the
919 1594 63 24 song
1005 1586 33 32 by
1051 1587 62 24 Miss
1126 1587 83 26 Lottie

659 1627 113 31 .-Wright
826 1627 79 24 Little
917 1627 96 24 sister's
1025 1635 64 24 gone
1106 1629 25 24 to
1145 1628 64 32 sleep
1225 1633 5 10 '

672 1674 66 15 seem
752 1667 24 23 to
789 1665 49 24 call
847 1665 38 24 for
897 1665 92 31 special
998 1666 121 24 mention.
1140 1667 70 24 After

671 1703 43 25 the
727 1703 206 25 Entertainment
943 1703 43 25 the
995 1703 82 31 prizes
1086 1712 64 17 were
1160 1705 49 24 dis-

672 1741 108 26 tributed
790 1743 31 30 by
832 1741 42 25 the
884 1741 35 26 Cb
924 1741 97 25 airman
1029 1750 72 23 every
1111 1743 98 25 scholar

672 1780 123 32 receiving
815 1788 55 21 one,
901 1780 83 26 which
997 1781 97 25 seemed
1116 1783 25 23 to
1154 1781 55 32 give

673 1821 42 25 the
724 1821 65 25 little
799 1829 59 16 ones
871 1829 27 16 as
911 1821 76 24 much
999 1822 113 31 pleasure
1125 1830 27 17 as
1166 1823 43 24 the

672 1861 99 23 concert
778 1859 50 24 had
835 1860 44 24 the
891 1860 69 24 older
973 1867 69 18 ones.

685 1905 4 3 ■
705 1898 55 26 God
774 1898 63 26 Save
858 1898 43 25 the
914 1898 93 30 Queen,
1030 1898 93 33 having
1145 1899 63 26 been

672 1947 64 22 sung
748 1938 32 31 by
799 1939 43 23 the
863 1938 119 24 audience
1006 1947 27 16 as
1046 1939 56 24 Avell
1115 1948 27 16 as
1167 1941 42 23 the

671 1978 110 25 scholars
794 1978 39 24 Mr
842 1979 30 23 A.
884 1978 75 24 Bunn
967 1980 120 30 proposed
1095 1988 15 15 a
1119 1980 88 31 hearty

672 2019 55 22 vote
740 2016 27 25 of
788 2016 92 25 thanks
905 2019 24 22 to
953 2018 43 23 the
1021 2018 112 24 teachers
1157 2018 49 24 and

672 2055 111 24 scholars
791 2055 38 24 for
842 2055 42 24 the
897 2055 105 24 musical
1015 2058 64 22 treat
1089 2056 56 25 that
1156 2057 51 24 had

672 2093 62 24 been
746 2093 110 24 afforded
864 2093 55 25 that
927 2093 114 32 evening,
1053 2094 81 24 which
1145 2096 63 23 after

671 2134 75 32 being
757 2134 59 31 duly
835 2133 123 25 seconded
978 2142 51 17 was
1058 2135 95 24 carried
1176 2136 32 31 by

672 2174 223 26 acclamation»and
905 2173 159 33 themeeting
1073 2175 134 32 dispersed.

704 2249 86 30 CUST
803 2249 70 25 AND
885 2249 105 26 WEST
1008 2250 162 26 EYRETON

870 2290 137 26 SPORTS.

705 2376 62 24 This
790 2376 94 23 annual
911 2375 92 24 fixture
1023 2383 71 16 came
1117 2376 36 24 off
1174 2384 32 17 on

671 2415 138 30 Thursday,
823 2413 52 28 and,
885 2413 42 25 the
939 2413 157 30 attendance,
1104 2414 30 25 -in
1144 2415 63 31 spite

671 2455 27 24 of
710 2454 41 24 tlie
763 2453 52 24 cold
828 2453 104 30 easterly
951 2452 74 28 wind,
1047 2453 110 24 resulted
1179 2453 26 24 in

671 2495 56 29 gate
737 2498 87 23 money
838 2492 25 22 to
871 2490 43 24 the
927 2491 85 23 extent
1021 2490 27 24 of
1069 2491 51 23 £14
1134 2491 74 31 being

671 2534 84 22 taken.
790 2530 147 24 Prominent
950 2536 92 24 among
1054 2529 42 24 the
1108 2538 99 23 promo-

671 2572 49 22 ters
731 2576 62 18 wwe
805 2568 92 24 Messrs
911 2567 101 31 Cooper,
1026 2568 80 28 Head,
1117 2568 88 24 Walsh

673 2611 92 27 White,
779 2608 132 26 Atkinson.
924 2608 107 28 Marten,
1045 2607 101 25 Horrell
1159 2609 49 24 and

671 2651 44 25 the
726 2651 53 23 Rev
792 2650 39 22 Mr
855 2648 103 24 Gibson.
985 2676 5 7 _
1004 2648 53 24 The
1081 2648 127 31 Raugork

671 2690 76 24 Bkiss
771 2687 73 25 Uancl
863 2686 89 31 played
970 2686 90 31 during
1084 2686 42 24 the
1150 2687 55 32 day,

672 2728 50 25 and
734 2728 42 24 the
788 2734 83 23 young
882 2724 51 25 folk
944 2726 118 27 -vyersnot
1071 2724 124 32 forgotten
1200 2745 5 9 ,
1205 2728 2 15 ;

673 2770 54 31 toys
736 2767 74 31 being
817 2774 48 16 run
877 2765 37 24 for
926 2764 78 25 under
1024 2765 42 24 the
1085 2766 122 31 supervis-

671 2808 42 24 ion
726 2806 26 24 of
763 2806 38 23 Mr
816 2804 25 25 S.
852 2803 108 25 HoiTell.
996 2803 53 24 The
1069 2804 91 24 results
1184 2804 26 25 of

672 2846 43 24 the
727 2844 120 32 principle
864 2843 87 24 events
963 2850 63 16 were
1044 2850 27 16 as
1083 2842 91 25 follow:
1177 2858 30 3 —

673 2886 86 26 Grand
771 2884 139 30 Handicay,
925 2884 11 22 1
950 2883 76 30 )oyds,
1040 2883 49 24 and
1101 2884 106 30 440yds-

671 2922 153 33 Fitzpatrick
842 2923 22 26 1,
897 2921 110 24 Hawker
1019 2923 22 22 :i.
1071 2921 61 24 Mile
1135 2936 30 2 —
1169 2921 38 24 W.

671 2965 164 30 Livingstone
847 2964 21 25 1,
882 2960 141 25 Hiwker2.
1042 2960 133 25 Half-mile
1180 2976 29 2 —

673 3004 43 25 W.
745 3001 149 30 Livingston
913 3002 21 27 1,
981 2999 31 24 E.
1037 2999 125 25 Meredith
1186 3000 22 24 2.

672 3041 95 32 440yd«
777 3039 110 26 Hurdles
889 3053 31 2 —
922 3037 153 32 Fitzpatrick
1084 3039 11 22 .1
1101 3056 5 9 ,
1116 3038 92 25 Thorn-
1235 3062 2 2 .

672 3089 28 16 as
718 3083 23 21 2.
777 3077 106 25 District
895 3076 69 28 Trot;
989 3078 48 22 two
1061 3076 71 24 miles
1134 3090 32 4 —
1169 3076 39 24 Mr
1226 3101 2 2 .

672 3121 32 24 D.
718 3120 119 25 .Howafs
866 3117 46 31 bay
937 3116 100 31 gelding
1051 3118 22 27 1,
1104 3116 40 24 Mr
1170 3116 37 24 W.
1235 3123 2 5 •

672 3153 132 31 Ber^ett's
815 3156 83 25 brown
916 3155 113 25 nmro,2.
1065 3154 53 24 The
1142 3154 68 33 Tug-:

661 3198 38 24 •of
711 3198 61 24 War
789 3195 111 24 between
923 3201 14 15 a
961 3194 66 23 team
1049 3192 106 25 selected
1178 3193 30 31 by

673 3236 40 24 Mr
731 3228 31 31 Gi
777 3234 39 24 W.
835 3231 97 26 Searles
947 3230 65 25 from
1025 3238 59 16 men
1096 3230 109 32 employ-

673 3277 28 25 ed
711 3278 30 22 -at
758 3274 40 25 his
822 3269 131 33 threshing
976 3265 116 33 raacjiine
1111 3271 99 32 against

673 3316 85 24 eleven
771 3307 150 31 all-coiners,
934 3309 110 24 resulted
1053 3309 26 24 in
1092 3318 14 15 a
1115 3310 94 31 victory

672 3356 38 24 for
722 3354 41 24 tho.
772 3353 102 25 former.
901 3349 103 32 .Tilting
1016 3351 26 22 at
1054 3349 43 24 the
1109 3349 67 32 Ring
1178 3364 31 4 —

672 3394 74 24 Peter
758 3386 91 29 Lister.
885 3389 32 24 At
927 3388 41 24 the
978 3388 144 24 conclusion
1132 3387 25 25 of
1167 3388 42 24 the

674 3434 81 30 sports
774 3438 32 16 an
825 3428 176 31 adjournment
1021 3435 48 16 was
1091 3427 72 24 made
1186 3429 24 22 to

673 3471 44 24 the'
729 3464 156 29 OddfelloSvs'
901 3465 68 28 Hall,
993 3464 82 24 Avliere
1089 3472 14 16 a
1118 3464 91 31 capital

674 3512 40 21 tea
723 3507 52 25 was'
785 3504 118 35 proyided
927 3503 30 30 by
975 3503 40 23 Mr
1036 3503 23 23 J.
1078 3502 135 31 M'lntyre,,

674 3549 27 25 of
710 3546 116 26 fernsid.c.
862 3544 39 25 On
913 3543 131 31 Thursday
1068 3542 105 31 evening
1196 3551 15 15 a

673 3589 89 31 highly
774 3585 142 27 successful
922 3583 196 25 entertainment
1130 3582 26 24 in
1169 3582 41 24 aid

674 3627 27 25 of
711 3627 42 25 the
766 3626 80 31 sports
857 3632 49 16 was
918 3622 58 24 held
988 3622 27 23 in
1028 3619 43 26 the
1082 3620 61 25 Gust
1165 3621 43 24 In-

675 3666 88 25 stitute
775 3664 70 24 ll'clil.

1407 195 139 24 SUDDEN
1576 195 125 25 DEATH.

1334 281 145 27 Ixquest.—
1488 283 39 24 An
1538 284 106 30 Inquest
1662 291 51 16 was
1725 282 59 25 held
1803 291 33 15 on

1303 325 129 32 Saturday,
1443 326 48 24 last
1510 326 79 25 before
1608 326 40 24 Mr
1676 326 24 24 J.
1734 326 103 31 Ingram

1302 368 23 24 J.
1341 368 35 29 P.,
1390 369 85 30 acting
1496 369 116 28 Coronor,
1626 369 49 25 and
1687 377 15 17 a
1726 369 63 31 Jury
1812 369 27 24 of

1302 411 80 25 whom
1407 413 39 23 Mr
1465 413 26 24 C.
1510 413 34 24 M.
1564 413 84 31 Lugar
1665 421 51 16 was
1744 413 92 24 chosen

1301 456 120 28 foreman,
1442 480 2 2 .
1457 457 120 32 touching
1611 456 42 25 the
1696 456 75 25 death
1812 456 27 25 of

1301 500 112 31 Regland
1448 500 103 27 Lassen,
1586 500 123 32 daughter
1742 500 27 24 of
1795 500 40 24 Mr

1298 545 96 23 Arnold
1411 545 95 24 Lassen
1525 545 26 24 of
1568 545 42 24 the
1639 545 69 28 Gust,
1736 545 26 23 at
1791 544 43 24 the

1299 587 126 26 residence
1443 588 27 25 of
1479 588 53 25 Mrs
1551 588 85 25 Twose
1654 588 64 25 East
1736 587 98 25 Oxford.

1298 631 76 25 Ellen
1398 632 90 24 Ehoda
1505 632 86 25 Twose
1609 631 107 32 deposed
1717 631 46 23 —l
1793 638 41 17 am

1297 675 139 25 decaased's
1448 675 184 31 grandmother,
1646 675 45 24 she
1711 682 50 17 was
1773 682 33 16 on
1818 682 15 16 a

1297 715 58 25 visit
1373 717 25 23 to
1416 724 48 16 me.
1502 716 50 25 She
1581 723 51 17 was
1660 716 26 23 in
1717 714 115 32 ordinary

1297 759 64 32 good
1378 759 87 24 health
1489 759 70 24 when
1578 759 44 25 she
1651 758 96 25 arrived
1775 758 59 24 here

1296 804 86 30 except
1411 811 15 16 a
1455 802 77 31 slight
1561 802 81 32 cough
1670 801 82 26 which
1781 809 51 16 was

1297 848 141 24 contracted
1468 849 32 25 .at
1535 847 42 25 the
1617 846 105 24 °ea-side
1765 853 67 16 some

1297 890 102 25 months
1412 899 53 23 ago.
1493 891 51 24 She
1556 889 156 32 complained
1724 889 27 25 of
1760 888 74 32 being

1298 935 61 24 tired
1383 943 31 16 on
1434 935 157 31 Wednesday
1608 934 118 31 morning
1742 933 50 24 and
1820 933 14 24 I

1279 980 4 3 '
1298 980 42 29 got
1352 978 45 24 her
1411 980 24 22 to
1450 977 33 25 lie
1505 978 80 28 down,
1601 977 76 25 about
1694 978 29 23 12
1740 976 94 25 o'clock

1298 1021 44 25 she
1355 1020 155 32 complained
1523 1020 26 26 of
1559 1029 14 16 a
1584 1020 66 32 pain,
1655 1020 27 24 in
1695 1020 42 24 the
1749 1020 85 31 region

1298 1065 26 25 of
1340 1065 45 24 her
1403 1065 113 24 stomach
1543 1065 49 24 and
1609 1064 14 24 I
1640 1063 100 32 applted
1757 1072 77 16 warm

1297 1109 109 24 flannels
1417 1108 82 25 which
1512 1108 105 25 relieved
1630 1108 45 24 her
1685 1107 38 26 for
1738 1116 14 15 a
1765 1107 68 25 time.

1297 1153 51 25 She
1365 1152 156 31 complained
1539 1152 27 25 of
1597 1152 76 24 thirst
1707 1151 77 25 about
1818 1152 14 23 2

1297 1196 93 25 o'clock
1402 1204 33 17 on
1453 1196 131 32 Thursday
1602 1196 49 23 and
1669 1195 63 25 after
1749 1194 83 24 drink-

1297 1248 45 23 ing
1374 1248 69 16 some
1477 1241 76 22 water
1587 1239 44 24 she
1665 1238 107 25 vomited
1808 1239 26 23 at

1295 1284 120 24 intervals
1449 1283 37 24 for
1516 1283 76 24 about
1620 1284 49 23 two
1700 1282 85 25 hours.
1820 1282 14 23 I

1297 1328 69 24 made
1381 1328 44 24 her
1443 1335 69 17 some
1525 1335 59 17 corn
1596 1326 64 25 flour
1680 1326 76 25 about
1766 1334 68 16 noon

1296 1380 32 17 on
1347 1371 129 32 Thursday
1500 1371 83 25 which
1601 1370 45 25 she
1674 1370 59 31 kept
1761 1370 72 24 down

1297 1418 38 23 for
1356 1424 14 17 a
1389 1416 61 25 time
1467 1415 46 24 but
1530 1414 110 25 vomited
1658 1416 73 30 again
1761 1413 73 25 after-

1293 1461 80 25 wards
1386 1461 50 23 and
1448 1459 98 25 seemed
1566 1461 26 23 to
1611 1458 30 25 be
1659 1457 115 26 relieved.
1810 1457 22 24 A

1295 1504 96 31 change
1408 1503 36 25 for
1462 1502 44 25 the
1524 1510 77 17 worse
1621 1509 70 16 came
1711 1508 34 17 on
1757 1500 75 24 about

1296 1549 17 30 %
1335 1548 56 30 past
1404 1547 37 24 six
1453 1545 51 25 and
1515 1554 36 16 we
1564 1547 55 23 sent
1631 1545 38 24 for
1681 1544 42 24 the
1740 1543 94 25 Doctor

1296 1592 75 24 about
1391 1592 17 30 -J
1425 1590 56 32 past
1499 1590 24 28 8,
1541 1589 45 25 but
1604 1587 44 26 she
1677 1587 56 26 died
1750 1587 83 25 before

1298 1635 40 24 his
1367 1635 91 24 arrival
1492 1633 107 25 without
1633 1640 49 23 any
1716 1632 119 30 apparent

1298 1678 167 25 convulsions.
1503 1677 51 24 She
1580 1684 76 16 never
1678 1674 156 32 complained

1297 1722 27 25 of
1335 1721 73 24 much
1422 1721 67 32 pain.

1330 1766 54 25 Mrs
1396 1765 85 24 Annie
1493 1764 70 33 Ry.?.e
1564 1763 46 24 —l
1622 1771 50 17 saw
1686 1763 42 24 the
1737 1762 97 25 deceas-

1299 1810 30 25 ed
1358 1810 76 24 about
1464 1811 13 22 5
1507 1808 95 25 o'clock
1637 1816 31 16 on
1704 1806 132 32 Thursday

1298 1854 106 31 evening
1413 1855 26 23 at
1451 1853 43 25 the
1506 1852 127 26 residence
1645 1851 27 25 of
1679 1851 53 25 Mrs
1740 1851 94 25 Twose.

1300 1898 50 26 She
1373 1897 121 32 appeared
1506 1898 25 23 to
1551 1896 31 25 he
1596 1904 58 23 very
1672 1895 94 25 unwell
1785 1894 51 25 and

1298 1941 100 25 restless
1420 1941 44 24 but
1476 1940 41 24 did
1528 1939 196 31 not'complain.
1759 1938 14 24 I
1787 1945 49 17 was

1297 1985 61 25 with
1370 1985 45 23 her
1427 1984 76 24 about
1523 1985 14 21 2
1558 1983 77 24 hours
1648 1982 50 24 and
1717 1981 61 25 then
1791 1981 44 24 left

1297 2028 130 29 returning
1439 2027 74 31 again
1531 2026 27 25 in
1567 2027 81 24 'About
1664 2033 33 17 an
1709 2025 64 24 hour
1785 2024 50 25 and

1298 2072 77 25 found
1395 2072 45 23 her
1451 2070 77 25 much
1544 2077 87 20 worse,
1644 2069 14 23 I
1671 2068 100 25 advised
1784 2068 52 24 Mrs

1299 2117 85 24 Twose
1404 2117 25 23 to
1441 2114 61 26 send
1522 2114 38 24 for
1580 2112 43 26 the
1645 2112 103 25 Doctor.
1785 2111 51 26 She

1298 2160 42 25 did
1357 2161 45 24 not
1420 2158 125 32 complain
1573 2157 47 25 but
1649 2156 63 25 sank
1740 2155 97 32 rapidly

1298 2205 48 24 and
1359 2204 55 24 died
1427 2203 76 24 about
1514 2202 56 24 half
1580 2203 56 29 past
1658 2201 77 31 eight;

1331 2248 37 24 Dr
1390 2247 72 25 Weld
1480 2246 107 32 deposed
1587 2245 47 24 —l
1663 2252 41 17 am
1733 2252 16 16 a
1777 2243 59 32 duly

1298 2292 117 33 qualified
1428 2290 105 26 medical
1551 2289 161 33 practitioner
1727 2287 110 32 residing

1298 2339 26 22 at
1335 2335 101 25 Oxford.
1471 2335 13 23 I
1498 2334 73 24 made
1583 2333 53 25 aP.
1649 2333 35 23 M.
1699 2332 137 24 examinat-

1298 2382 42 23 ion
1352 2380 27 23 of
1397 2379 43 24 the
1460 2377 118 25 deceased
1669 2375 78 25 found
1769 2383 67 16 most

1298 2424 26 25 of
1352 2422 43 26 the
1424 2429 90 24 organs
1543 2419 103 32 healthy
1678 2419 85 31 except
1792 2418 43 25 the

1283 2481 4 4 •
1298 2469 83 29 lungs,
1416 2466 84 24 which
1533 2473 64 16 were
1631 2463 132 31 congested
1786 2462 50 24 and

1297 2509 120 26 inflamed
1434 2509 50 24 and
1509 2516 51 16 was
1578 2507 26 25 of
1619 2507 59 30 long
1707 2506 125 30 standing.

1300 2554 80 24 There
1393 2560 50 17 was
1462 2559 14 16 a
1493 2550 146 25 dislocation
1648 2549 36 31 .of
1700 2549 42 24 the
1759 2548 77 25 collar

1298 2599 72 24 bone.
1404 2596 15 24 I
1442 2597 92 23 cannot
1551 2595 36 24 fix
1604 2594 42 25 the
1664 2594 57 24 date
1739 2593 26 24 of
1792 2592 46 32 the,

1298 2640 155 28 dislocation,
1460 2640 97 23 neither
1575 2646 45 16 can
1638 2638 13 23 I
1669 2645 42 23 say
1730 2636 55 25 that
1794 2636 42 24 the

1297 2683 185 26 inflammation
1499 2690 49 16 was
1565 2680 141 26 influenced
1725 2679 109 32 thereby.

1298 2730 14 23 I
1334 2727 119 25 attribute
1481 2727 43 23 the
1553 2733 74 17 causa
1656 2725 25 24 of
1709 2724 75 25 death
1810 2725 26 23 to

1298 2771 184 26 inflammation
1496 2770 26 24 of
1532 2770 41 24 the
1584 2770 82 30 lungs.

1331 2815 54 25 The
1396 2815 82 25 father
1498 2814 27 24 of
1536 2814 41 24 the
1597 2812 119 25 deceased
1728 2819 50 17 was
1790 2813 45 23 not

1298 2861 100 31 present
1417 2860 26 23 at
1467 2858 42 25 the
1531 2858 108 31 inquest,
1665 2857 44 24 but
1730 2856 106 31 Sergent

1300 2905 70 24 Scott
1396 2902 123 25 informed
1546 2902 43 23 the
1608 2902 110 23 Coroner
1735 2900 56 23 that
1808 2900 26 23 in

1297 2956 15 16 a
1321 2946 172 26 conversation
1504 2944 60 25 with
1589 2944 52 24 him
1651 2944 32 23 he
1700 2942 51 25 said
1779 2942 55 25 that

1297 2992 41 23 the
1350 2989 120 26 deceased
1478 2997 51 16 was
1538 2997 15 15 a
1561 2987 96 32 playful
1667 2987 66 25 child
1743 2986 60 24 fond
1810 2986 27 24 of

1297 3034 120 32 climbing
1434 3033 50 25 and
1509 3031 145 33 skylarking
1671 3031 61 24 with
1758 3029 86 32 sheep,

1297 3078 48 25 aad
1380 3078 51 24 thi«
1466 3076 98 25 saeined
1599 3077 66 22 most
1698 3074 75 31 likely
1808 3075 25 23 to

1262 3127 10 3 ~
1296 3127 105 20 account
1412 3121 37 25 for
1467 3120 43 24 the
1528 3119 155 25 dislocation.

1330 3165 53 24 The
1406 3165 62 31 Jury
1497 3163 133 27 returned.
1643 3170 15 16 a
1686 3161 94 26 verdict
1807 3161 27 25 in

1297 3208 149 25 accordance
1459 3207 59 24 with
1531 3206 43 25 the
1587 3205 104 25 medical
1709 3204 123 25 evidence.

1330 3252 54 24 The
1402 3251 110 25 Coronor
1531 3248 111 27 thanked
1663 3248 42 25 the
1726 3248 62 32 Jury
1806 3248 28 25 in

1298 3296 42 26 the
1352 3304 75 16 name
1439 3295 26 25 of
1482 3302 45 17 our
1545 3293 134 32 Sovereign
1702 3292 69 32 Lady
1792 3292 44 25 the

1298 3341 85 29 Queen
1404 3339 37 24 for
1454 3338 65 25 their
1531 3337 149 25 attendance
1692 3336 47 25 and
1754 3336 81 31 hoped

1298 3383 43 25 the
1360 3382 48 32 day
1425 3389 50 18 was
1503 3383 46 23 not
1572 3381 38 24 far
1638 3380 95 25 distant
1761 3379 74 26 when

1298 3428 84 24 Juries
1394 3426 81 26 would
1488 3426 93 24 receive
1598 3433 69 17 some
1679 3426 155 29 compensat-

1302 3455 18 13 'S-
1386 3454 8 19 /

1297 3471 43 24 ion
1351 3469 38 26 for
1402 3469 64 25 their
1486 3469 138 31 important
1643 3475 113 18 services.

1929 201 189 58 LOCAL
2136 202 34 57 and
2189 201 269 58 GENERAL

1924 330 100 25 Oxford
2048 331 131 24 Debating
2200 330 113 26 Society.
2317 346 32 3 —
2350 332 52 24 The
2415 339 43 17 an-

1925 374 61 24 nual
1999 374 110 32 meeting
2120 374 27 25 of
2157 374 42 24 the
2212 374 77 25 above
2303 374 98 33 Society
2413 382 48 17 was

1925 417 59 25 held
1995 419 27 23 at
2033 417 44 25 the
2091 417 103 32 Library
2218 426 33 16 on
2263 418 113 31 Tuesday
2388 426 73 17 even-

1924 460 50 32 ing.
2009 461 32 23 In
2053 461 43 24 the
2108 461 105 25 absence
2226 462 27 25 of
2263 462 43 24 the
2329 462 131 25 President

1924 504 42 24 Mr
1978 504 89 25 Parish
2080 504 58 25 took
2161 504 43 25 the
2225 504 77 26 chair.
2338 505 54 25 The
2414 512 44 18 an-

1925 548 60 24 nual
1997 550 83 29 report
2092 548 51 24 and
2162 548 104 25 balance
2286 548 79 29 sheet,
2378 548 82 26 whic^i

1924 599 64 17 were
2000 591 164 32 satisfactory,
2178 600 64 17 were
2254 592 115 32 adopted.
2405 591 54 26 The

1922 634 125 32 following
2075 636 96 24 officers
2193 635 39 26 for
2256 635 44 26 the
2318 644 59 24 year
2397 644 62 17 were

1920 678 141 32 appointed.
2091 679 130 25 President
2233 680 41 24 Mr
2292 680 98 29 Parish,
2406 680 49 24 vic-

1920 722 139 31 presi'lents
2071 723 94 24 Messrs
2177 723 148 28 Volckinan,
2336 723 123 24 Prichard

1922 766 49 24 and
2002 765 136 32 Harbidgft.
2180 765 158 26 Committee.
2362 767 94 24 Messrs

1920 808 140 25 Launcelot
2077 809 115 28 Watson,
2210 809 91 32 Eyder,
2326 809 130 34 Burgoise,

1923 851 25 24 S.
1967 851 80 31 Weld,
2063 852 129 32 Secretary
2204 852 56 25 and-
2273 852 133 26 Treasurer
2419 852 41 25 Mr

1920 895 129 32 Kennedy.
2096 896 25 25 It
2134 904 53 17 was
2200 896 102 26 decided
2314 896 57 26 that
2381 897 79 25 ladies

1921 939 29 25 be
1959 940 122 25 admitted
2093 943 26 22 at
2130 949 72 23 every
2215 941 110 32 meeting
2338 942 50 24 and
2399 950 59 23 may

1922 983 102 25 become
2036 984 129 25 members
2178 993 31 16 on
2233 985 44 24 the
2293 986 120 30 payment
2436 985 27 24 of

1920 1035 47 17 one
1990 1027 103 33 shilling
2119 1036 45 25 per
2182 1036 104 18 annum.
2334 1028 126 26 Members

1920 1080 42 16 are
1973 1072 161 32 particularly
2157 1073 130 31 requested
2310 1075 26 23 to
2348 1073 107 25 forward

1922 1117 26 23 to
1967 1116 43 24 the
2035 1116 131 32 Secretary
2188 1117 41 24 Mr
2251 1117 122 32 Kennedy
2395 1117 64 24 from

1922 1159 61 25 time
2006 1161 26 24 to
2056 1160 61 26 time
2129 1168 50 25 any
2197 1160 95 33 subject
2315 1161 59 32 they
2397 1169 58 24 may

1922 1204 61 24 wish
1996 1205 25 23 to
2033 1204 63 25 have
2109 1204 113 26 debated.
2257 1205 25 25 It
2294 1214 51 16 wa3
2357 1205 102 25 decided

1923 1247 25 24 to
1972 1247 59 25 hold
2054 1247 43 25 the
2120 1249 111 31 meeting
2254 1256 73 24 every
2345 1248 114 31 Tuesday

1922 1291 73 31 night
2013 1292 26 23 at
2049 1292 42 23 the
2106 1291 103 33 Library
2218 1294 27 23 at
2263 1294 24 23 7.
2297 1294 41 23 30.
2373 1292 25 25 It
2409 1299 51 18 was

1924 1335 131 32 suggested
2067 1335 56 25 that
2136 1335 43 25 the
2190 1337 58 31 play
2435 1336 28 24 of

1922 1378 92 25 Venice
2059 1379 90 25 should
2164 1379 29 25 be
2216 1379 58 26 read
2286 1379 33 33 by
2342 1379 57 33 lady
2411 1380 50 24 and

1923 1422 152 25 Gentlemen
2086 1422 133 27 members.

1957 1466 43 25 Mr
2012 1466 30 25 F.
2062 1466 32 26 B.
2107 1467 111 30 Lane,—
2219 1468 41 23 Mr
2282 1467 30 25 F.
2336 1468 30 24 B.
2390 1467 71 24 Lane

1922 1504 119 32 practical
2051 1505 170 25 watchmaker
2241 1506 44 23 &c.
2298 1505 26 25 of
2334 1505 127 31 Rangiora

1923 1548 91 24 wishes
2026 1549 25 23 to
2071 1548 81 31 notify
2163 1548 41 24 his
2214 1556 137 17 numerous
2369 1548 93 24 Oxford

1924 1586 93 25 Mends
2035 1586 50 25 and
2105 1586 88 25 clients
2211 1586 56 25 that
2277 1586 33 25 he
2322 1586 50 26 will
2388 1586 74 25 make

1922 1625 42 25 his
1975 1627 74 24 usual
2071 1626 58 25 visit
2141 1635 33 16 on
2196 1627 93 32 Friday
2301 1627 50 25 and
2373 1628 87 25 Satur-

1924 1663 48 32 day
1984 1663 68 31 April
2066 1665 64 24 21st.
2148 1665 51 24 and
2221 1665 85 28 22nd.,
2330 1665 53 25 also
2406 1665 55 24 that

1922 1704 32 24 he
1964 1704 21 24 is
1993 1704 53 32 just
2056 1704 28 24 in
2095 1705 92 30 receipt
2198 1705 27 24 of
2234 1713 15 16 a
2260 1705 97 24 further
2376 1704 84 32 parsel

1924 1744 27 25 of
1970 1744 41 24 his
2241 1744 112 30 Watchs,
2383 1744 78 25 direct

1924 1783 64 24 from
2011 1783 209 29 Manufacturers,
2244 1783 50 25 and
2314 1783 82 25 which
2419 1791 42 17 are

1924 1823 94 25 models
2047 1823 28 24 of
2100 1823 115 32 strength
2244 1823 50 25 and
2332 1823 126 26 excellent

1923 1862 62 25 time
2005 1861 110 32 keepers.
2150 1861 33 25 In
2195 1861 112 26 addition
2329 1863 27 24 to
2367 1863 95 24 assort-

1925 1904 72 23 ment
2007 1902 26 24 of
2048 1902 78 25 above
2136 1902 33 24 he
2180 1902 52 25 will
2254 1910 70 23 carry
2336 1902 42 25 his
2389 1901 74 25 usual

1926 1940 69 24 stock
2025 1940 26 24 of
2089 1940 157 24 fashionable
2286 1940 50 24 and
2360 1940 103 24 reliable

1922 1980 134 32 jewellery,
2081 1980 143 31 spectacles,
2248 1980 91 29 clocks,
2364 1980 96 25 accord-

1922 2019 55 25 ions
1993 2020 42 24 &c,
2071 2018 89 25 Orders
2183 2027 29 16 or
2232 2018 93 32 repairs
2348 2025 59 25 may
2432 2017 30 25 be

1924 2057 45 25 left
1978 2065 28 17 as
2015 2056 109 25 directed
2135 2056 29 26 in
2174 2056 153 29 advertising
2338 2057 123 24 columns.

2000 2116 244 27 MAGISTRATES
2263 2116 122 26 COURT.

1959 2196 89 24 Before
2065 2196 94 24 Messrs
2194 2196 95 24 Gorton
2312 2195 51 24 and
2386 2195 25 24 J.
2442 2194 19 25 0

1925 2234 124 25 Halloran
2061 2234 24 25 J.
2099 2234 51 25 P's.

1959 2273 80 24 There
2051 2281 63 18 were
2126 2272 92 25 several
2234 2272 56 26 Saw
2302 2272 57 25 Mill
2371 2272 90 31 Wages

1926 2322 69 17 cases
2015 2322 33 16 on
2067 2314 43 25 tbe
2129 2313 70 25 sbeet
2221 2314 28 23 in
2272 2313 81 24 whi-sh
2375 2312 86 32 judge-

1925 2354 71 23 ment
2019 2360 51 17 was
2103 2351 129 26 confessed
2254 2351 46 24 but
2333 2358 28 17 as
2389 2349 72 26 usual

1924 2389 86 32 plenty
2034 2390 26 23 of
2081 2389 69 24 brass
2171 2388 45 25 but
2244 2396 33 17 no
2300 2388 60 24 cash
2383 2387 77 25 forth-

1924 2426 108 35 coming.

1959 2469 73 23 West
2053 2468 92 24 Oxford
2159 2467 90 25 School
2262 2467 151 25 Committee
2434 2474 27 16 re

1925 2506 23 24 J.
1973 2506 163 23 Zinnerman.
2182 2504 144 25 Defendant
2356 2504 105 31 pleaded

1924 2547 101 29 poverty
2038 2545 50 24 and
2106 2545 42 24 the
2172 2544 88 25 Bench
2283 2544 100 31 forgave
2405 2543 55 25 him

1924 2592 33 16 on
1973 2584 43 24 the
2033 2585 100 30 present
2155 2582 115 26 occasion
2292 2581 47 26 but
2361 2582 100 25 warned

1923 2624 54 24 him
1995 2624 56 24 that
2069 2624 22 23 if
2100 2624 33 24 he
2155 2622 122 33 appeared
2297 2622 70 25 there
2387 2622 73 32 again

1922 2672 32 16 on
1978 2664 43 24 the
2050 2672 69 16 same
2147 2663 90 32 charge
2265 2663 33 24 he
2322 2663 81 24 would
2430 2663 28 24 be

1923 2704 74 24 liable
2010 2706 25 23 to
2058 2713 15 15 a
2086 2703 101 32 penalty
2204 2704 28 24 of
2241 2704 43 24 £2.
2321 2702 137 32 Secretary,

1924 2745 56 24 who
2014 2745 122 30 appeared
2170 2751 33 17 on
2220 2765 2 2 .
2243 2743 87 25 behalf
2343 2744 40 24 •of
2417 2743 43 25 the

1924 2784 158 30 Committee,
2107 2784 53 25 said
2182 2784 56 24 that
2266 2782 122 33 although
2418 2783 42 25 the

1925 2824 149 25 Committee
2087 2824 49 25 had
2158 2832 34 16 no
2215 2823 61 25 wish
2288 2826 26 22 to
2336 2831 69 24 press
2417 2822 43 26 the

1912 2867 113 30 .present
2057 2873 56 16 case
2149 2864 89 32 hardly
2278 2864 99 31 against
2416 2864 44 24 the

1887 2916 4 4 •
1924 2904 134 24 defendant
2071 2904 58 31 they
2140 2903 45 24 felt
2206 2903 57 31 they
2275 2911 64 16 were
2347 2902 113 32 justified

1922 2942 28 23 in
1962 2942 43 24 the
2017 2941 104 24 interest
2133 2941 27 24 of
2177 2940 43 25 the
2239 2939 84 33 public
2343 2940 51 24 and
2417 2940 43 24 the

1923 2980 113 24 children
2048 2979 27 24 in
2087 2979 89 31 asking
2188 2979 42 24 the
2242 2980 103 30 support
2368 2979 27 24 of
2416 2979 43 24 the

1923 3019 88 24 Bench
2023 3018 26 24 in
2061 3018 115 32 carrying
2185 3019 43 22 out
2241 3017 42 24 the
2293 3017 167 31 Cumpulsory

1924 3058 84 23 clause
2030 3057 27 23 of
2079 3057 42 24 the
2144 3055 141 25 Education
2317 3055 54 28 Act,
2411 3055 48 25 His

1924 3094 117 31 Worship
2054 3093 108 33 thought
2175 3093 55 25 that
2254 3093 42 25 the
2309 3093 150 25 Committee

1923 3135 51 24 had
1988 3136 92 24 chosen
2098 3142 33 17 an
2143 3134 160 25 unfortunate
2315 3133 96 32 subject
2422 3134 38 24 for

1907 3184 3 4 •
1922 3173 114 31 example
2042 3181 6 21 ;
2073 3169 25 28 tb
2132 3172 83 24 which
2252 3172 43 24 the
2331 3171 129 33 Secretary

1922 3211 157 32 respectfully
2117 3210 101 25 differed
2263 3209 113 29 because,
2416 3209 43 26 the

1922 3249 143 26 Defendant
2103 3248 51 26 had
2187 3248 112 25 received
2343 3248 117 32 repeated

1884 3311 19 14 x
1922 3291 126 31 warnings
2060 3290 50 25 and
2126 3290 50 25 had
2197 3289 95 26 treated
2315 3289 70 25 them
2397 3289 61 25 with

1921 3332 135 28 contempt.
2335 3345 3 3 •

1956 3368 55 25 The
2023 3367 87 25 Bench
2133 3366 124 32 regretted
2269 3367 26 24 to
2318 3367 64 24 state
2394 3366 64 25 from

1922 3408 117 32 personal
2051 3408 128 32 knowlege
2201 3407 57 26 that
2269 3415 26 18 a-
2307 3407 62 32 good
2383 3415 76 24 many

1924 3449 75 31 sheep
2032 3449 52 24 had
2119 3448 160 31 disappeared
2318 3448 64 24 from
2416 3447 44 24 the

1923 3487 105 24 District
2035 3494 5 22 ;
2053 3486 184 32 mysteriously,
2251 3485 49 25 and
2317 3485 101 25 deemed
2437 3485 21 24 it

1923 3525 65 25 their
2001 3525 60 32 duly
2075 3527 25 22 to
2112 3524 49 25 call
2173 3524 43 25 the
2235 3523 126 26 attention
2373 3523 26 26 of
2415 3523 44 25 the

1926 3564 81 32 Sheep
2019 3563 129 32 Inspector
2161 3565 25 22 to
2198 3563 43 24 the
2254 3564 97 27 matter,
2364 3570 28 18 so
2404 3562 56 24 that

1924 3604 43 25 the
1978 3604 85 25 Police
2086 3612 57 24 may
2168 3603 29 25 be
2219 3602 122 26 informed
2362 3602 28 24 in
2410 3602 49 24 due

1923 3652 95 18 course.

589 74 168 32 OXFORD
800 75 91 29 AND
937 73 107 31 GUST
1090 70 227 33 OBSERVER
1364 71 237 37 SATURDAY,
1648 71 129 32 APRIL
1801 73 49 35 15,
1889 72 89 31 1893.

1332 3569 45 22 An'
1394 3567 110 31 English
1517 3573 143 24 newspaper
1675 3565 76 31 lately
1763 3565 70 24 offer-

1298 3609 29 24 ed
1345 3616 14 16 a
1376 3609 67 30 prize
1461 3607 37 24 for
1516 3607 43 24 the
1587 3606 55 25 best
1662 3605 130 26 definition
1811 3605 40 26 of.

1474 3645 53 24 The
1542 3645 65 31 prize
1620 3652 47 17 was
1679 3643 114 26 awarded
1810 3647 25 22 to

1298 3683 88 32 Henry'
1403 3683 31 25 E.
1458 3682 91 32 Baggs,
1568 3683 27 24 of
1614 3682 126 25 Sheffield.

1297 3724 86 24 article
1411 3722 83 28 which
1509 3730 71 24 .may
1615 3722 30 24 be
1675 3722 60 24 used
1764 3730 27 16 as
1820 3730 15 16 a

1298 3757 130 29 universal'
1456 3765 114 26 passport
1613 3762 26 22 to
1680 3760 156 31 everywhere

1297 3802 86 29 except
1404 3799 105 28 heaven,
1539 3799 50 24 and
1615 3806 28 17 as
1669 3807 15 16 a
1709 3798 127 26 universal

1297 3840 124 31 provider'
1470 3839 27 24 of
1542 3839 146 32 everything
1750 3841 86 29 except

1284 3899 2 3 .

709 3730 47 24 Old
780 3728 71 31 Lady
880 3727 38 33 (in
936 3726 57 23 boot
1011 3726 87 30 shop);

674 3777 48 23 you
735 3768 43 25 felt
791 3766 104 31 slippers
904 3765 27 24 ?°
1026 3789 16 4 ..
1092 3786 40 9 
1151 3787 4 10 4
1172 3783 49 8 ,-,..,.

697 3822 2 4 •
709 3808 80 27 Small
801 3806 53 32 Boy
867 3804 127 27 Assistant
1007 3803 133 34 (spleiiinly
1161 3796 57 49 aii(|

674 3849 150 31 feelingly);-
844 3850 14 11 '*
866 3846 65 29 Yes,'
954 3848 101 25 ma'ftin,
1091 3834 76 39 mkny
1190 3850 22 16 -a

787 3890 15 16 <;
959 3891 4 6 v

1956 3709 22 24 A
1995 3709 93 31 receipt
2104 3710 38 24 for
2197 3709 85 24 lemon
2298 3707 56 31 piey
2371 3706 87 32 vaguel

1922 3749 108 24 j<dds:-—
2034 3749 103 24 "Then'
2147 3749 33 24 sit
2192 3757 33 16 on
2237 3757 15 16 a
2263 3749 45 23 hot
2326 3749 69 23 stove
2409 3746 49 24 and

1922 3789 46 24 stir
2185 3789 59 24 Just
2263 3796 28 16 as
2314 3787 21 24 if
2344 3786 114 33 anybody

1921 3830 73 25 could
2018 3830 33 24 sit
2080 3838 33 17 on
2143 3838 15 16 a
2187 3830 44 24 hot
2260 3831 68 22 stove
2357 3827 96 25 withou

1924 3871 102 31 stirring
2045 3871 150 31 constantly.
