2510 4029
1883 121 220 25 WHOLESALE
2132 122 123 25 PRICES
2288 122 170 25 CURRENT.

1983 160 131 14 CORRECTED
2129 160 30 14 UP
2173 160 29 15 TO
2216 160 54 14 LAST
2286 160 82 15 NIGHT.

2221 185 17 18 £
2258 190 16 13 i.
2298 186 19 17 d.
2370 187 17 17 £
2444 192 10 16 a

1887 214 49 22 Ale
1943 221 6 15 :
1962 221 40 21 per
2010 213 48 22 hhd
2223 215 13 21 7
2263 216 14 20 0
2303 216 51 20 0..
2372 216 13 21 7
2409 217 13 21 7
2449 222 11 18 o

2057 247 41 21 per
2103 240 101 22 barrel..
2221 240 14 21 5
2262 242 14 19 0
2303 242 16 19 0
2335 254 19 7 ..
2371 243 14 20 6
2411 244 15 20 0
2449 248 21 19 0'

2058 273 42 21 per
2108 266 41 22 doz
2225 267 54 21 013
2307 268 15 19 0
2338 280 19 7 ..
2374 270 14 19 0
2402 268 26 23 14
2450 275 11 19 0

1887 293 110 23 Arrack:
2013 293 42 22 Per
2063 293 45 26 gal.
2118 293 27 22 in,
2150 293 62 22 bond
2225 294 14 20 0
2267 294 11 20 1
2307 294 15 19 9
2338 307 19 10 
2374 296 14 20 Q
2413 297 15 20 2
2451 303 11 19 o

1887 319 92 23 Bread:
1993 319 96 22 Per2lb.
2100 319 50 22 loaf
2227 321 14 20 0
2267 321 14 20 0
2308 320 14 20 5
2340 319 19 22 .'.
2375 322 14 19 0
2415 324 13 19 0
2451 327 11 18 0

1887 346 73 22 Beef:
1975 345 76 28 Fresh,
2068 353 91 15 carcase
2174 352 40 21 per

2001 372 24 22 lb
2223 374 14 19 0
2263 373 14 19 0
2292 373 28 20 10
2337 386 19 7 ..
2374 375 14 19 0
2413 376 15 19 0
2449 380 11 18 o

1992 399 54 26 Salt,
2055 406 41 19 per
2108 399 69 22 tierce
2190 400 51 20 ..0
2266 401 15 20 0
2307 400 14 20 0
2338 412 19 7 ..
2376 402 14 19 6
2415 402 15 20 0

1887 426 106 22 Butter:
2010 425 65 28 Irish,
2084 433 42 20 per
2133 425 32 22 lb.
2188 427 51 19 ..0
2268 427 11 22 1
2307 426 15 20 2
2338 439 19 7 ..
2375 428 13 22 Q
2416 428 10 20 1
2451 431 11 20 3

2006 452 68 21 Fresh
2228 454 14 19 0
2268 454 14 20 2
2309 453 15 20 6
2340 465 19 8 ..
2376 454 14 19 0
2414 454 14 21 3
2452 458 10 19 0

1887 485 108 16 brandy:
2011 479 57 21 First
2075 479 93 27 quality,
2176 486 40 20 per

2034 505 75 27 gallon
2119 505 23 21 in
2152 505 62 21 bond
2227 507 14 19 0
2267 507 15 22 6
2308 507 18 20 0/
2340 518 19 7 ..
2376 507 14 19 0
2415 507 14 20 8
2452 510 11 19 6

1887 533 86 22 Bhown
1991 533 86 20 Stout:
2100 539 41 20 per
2154 527 54 26 hhd.
2222 533 14 20 6
2250 532 27 21 10
2304 534 14 19 0
2335 545 20 8 ..
2376 532 13 21 7
2403 533 26 20 10
2453 537 10 19 0

1887 560 98 21 Cigars:
1997 558 150 28 Manilla,per
2152 559 61 26 1000,
2227 559 14 21 3
2268 560 14 20 0
2308 560 51 20 0..
2376 559 12 20 5
2415 560 14 20 0
2453 563 10 19 0

1993 585 96 22 Inferior
2227 587 14 19 0
2267 587 15 19 0
2307 587 52 19 0..
2376 587 13 19 0
2415 587 13 19 0
2452 589 11 20 0

1993 611 136 27 Havannah,
2135 618 41 21 per
2181 611 32 22 lb.
2246 618 61 15 none
2338 625 19 7 ..
2376 613 13 19 0
2415 613 13 19 0
2451 616 12 19 0

1993 638 169 27 Chinsurahper
2168 639 71 21 10001
2255 639 26 21 10
2308 639 15 20 0
2339 651 20 7 ..
2376 639 14 20 0
2415 639 13 19 0
2451 642 11 19 0

1993 664 156 23 Alexandrian
2162 679 46 7 ....
2226 667 14 19 0
2266 666 15 20 0
2307 666 83 20 0...0
2415 665 14 20 0
2451 669 11 19 0

1887 693 87 21 Coffee
1980 699 5 15 :
1996 691 64 28 Java,
2069 698 43 19 per
2119 691 23 23 lb
2226 693 14 19 0
2267 693 14 19 0
2308 692 14 20 6
2339 705 20 7 ..
2376 693 14 19 0
2415 693 14 21 Q
2451 694 11 20 9

1887 719 100 22 Cheese:
2003 717 106 23 Cheshire
2226 720 14 19 0
2267 719 12 19 1
2307 719 15 20 6
2338 731 19 7 ..
2376 719 13 20 0
2417 718 10 20 1
2451 721 11 20 9

2002 745 54 22 Pine
2066 744 75 29 Apple
2162 747 78 19 ....0
2267 747 14 19 0
2308 746 81 20 0..0
2417 744 11 20 1
2451 748 11 19 2

2002 771 75 23 Dutch
2227 773 14 20 0
2267 774 14 20 0
2295 773 27 20 10
2339 785 19 7 ..
2376 773 14 19 0
2417 771 45 23 10

1887 799 104 22 Candles
1998 806 6 14 :
2011 798 94 27 English
2112 805 56 20 wax,
2175 805 40 20 per

2027 824 24 22 lb
2225 827 15 19 0
2266 827 13 19 3
2307 826 15 20 0
2338 838 19 7 ..
2376 826 14 20 0
2416 825 14 20 3
2453 827 10 20 6

2015 851 80 22 Mould
2107 865 101 9 .........
2225 853 14 19 0
2267 852 11 20 1
2307 853 15 19 0
2338 865 19 6 ..
2375 852 14 20 0
2416 852 14 19 0
2452 854 11 20 0

2017 877 55 28 Dips
2226 879 14 19 0
2267 880 14 19 0
2307 879 15 19 0
2338 891 19 7 ..
2375 879 14 19 0
2416 879 15 19 0
2452 881 11 19 0

1887 905 93 21 Flour:
1989 903 132 28 lstquality,
2131 911 40 20 per
2174 905 40 20 ton

2010 931 25 21 of
2045 932 55 20 2000
2109 930 34 22 lbs
2213 931 28 21 22
2254 931 27 21 10
2308 933 15 19 0
2339 931 50 20 ..25
2417 932 14 20 0
2454 934 9 19 0

1985 957 45 22 2nd
2039 957 56 21 ditto
2215 958 25 20 15
2267 959 14 19 0
2307 959 15 19 0
2339 971 18 7 ..
2364 958 26 21 18
2416 959 14 19 0
2453 961 10 19 0

1887 985 75 21 Flax:
1978 984 28 22 N.
2017 984 26 22 Z.
2053 990 40 21 per
2103 987 37 19 ton
2164 985 77 20 ....15
2267 985 14 21 0
2308 985 14 20 0
2339 998 19 6 ..
2375 985 15 20 0
2416 985 14 19 0
2451 987 12 19 0

1914 1010 177 24 Do.—onboard
2091 1010 144 28 —pressedl7
2263 1012 13 20 0
2303 1013 14 19 0
2336 1025 18 7 ..
2371 1011 15 21 0
2412 1011 15 20 0
2449 1013 11 20 0

1888 1039 60 21 Gin:
1968 1038 52 22 Pale
2037 1039 23 20 in
2070 1037 61 22 bond
2226 1039 14 19 0
2265 1039 14 20 3
2307 1039 14 20 0
2337 1051 19 7 ..
2374 1039 14 19 0
2414 1038 15 20 4
2451 1040 11 20 0

1936 1065 84 26 Case,4
2026 1064 36 27 gal
2070 1065 39 21 4-5
2117 1064 24 22 in
2150 1064 61 22 bond
2226 1065 11 20 1
2266 1066 13 20 8
2306 1066 15 19 0
2338 1078 18 6 ..
2375 1065 12 19 1
2403 1064 27 20 10
2453 1067 10 19 0

1888 1091 81 22 llams:
1983 1091 129 27 Yorkshire,
2127 1091 84 28 perlb.
2226 1093 14 19 0
2268 1091 11 21 1
2307 1093 15 19 0
2338 1105 19 6 ..
2376 1093 14 19 0
2418 1091 11 22 1
2453 1093 10 19 2

1887 1118 126 22 Mustard:
2028 1117 42 23 Per
2079 1117 71 23 dozen
2164 1118 117 21 ....018
2308 1119 82 20 0..0
2417 1118 13 20 0
2454 1120 10 19 0

1887 1145 101 22 Mutton
1994 1154 7 13 :
2021 1145 94 21 Carcase
2124 1151 40 20 per
2172 1144 24 22 lb
2206 1160 6 6 .
2227 1146 14 20 0
2267 1146 14 20 0
2308 1145 14 20 9
2339 1158 19 6 ..
2376 1145 14 20 0
2416 1145 46 21 011

1887 1172 110 22 Muskets
2003 1179 5 14 :
2023 1171 94 26 W,alnut
2123 1171 92 22 stocked
2227 1173 15 19 0
2267 1173 15 19 0
2308 1173 15 19 0
2339 1184 19 7 ..
2376 1172 15 20 0
2418 1173 13 19 0
2455 1174 10 19 0

1887 1199 77 21 Milk:
1980 1198 98 27 Perpint
2227 1199 14 20 0
2267 1199 14 19 0
2308 1198 14 20 3
2340 1211 18 7 ..
2376 1199 14 19 0
2417 1199 13 19 0
2453 1201 11 19 4

1887 1225 92 23 Maize:
1994 1232 40 20 per
2043 1224 79 22 bushel
2227 1225 14 20 0
2267 1223 14 23 7
2308 1225 15 19 0
2340 1239 19 6 ..
2377 1226 13 19 0
2417 1226 13 19 0
2453 1227 10 19 0

1887 1253 44 21 Oil
1939 1260 4 14 :
1960 1251 101 25 Linseed,
2071 1258 42 20 per
2122 1250 75 27 gallon
2207 1252 34 20 .0
2268 1250 13 22 7
2308 1252 15 20 0
2340 1265 19 6 ..
2377 1253 13 19 0
2406 1252 25 20 10
2454 1254 10 19 0

1961 1277 283 28 Black,incask,perton24
2270 1279 14 20 0
2311 1278 13 20 0
2341 1292 19 6 ..
2378 1279 13 19 0
2418 1280 13 19 0
2454 1281 10 18 0

1995 1305 78 26 Sperm
2223 1305 14 21 0
2264 1305 12 19 0
2305 1305 12 19 0
2336 1318 19 6 ..
2373 1307 14 19 0
2415 1305 12 19 0
2453 1307 9 17 0

1887 1332 77 22 Pork:
1979 1331 75 27 Fresh,
2072 1337 89 15 carcase
2176 1338 40 20 per

2003 1358 22 22 lb
2226 1359 14 19 0
2267 1358 54 24 o_s
2338 1360 125 20 ..000

1888 1385 64 21 Pork
1959 1392 5 14 :
1980 1384 65 27 Irish,
2055 1391 41 20 per
2105 1384 74 22 barrel
2190 1398 19 6 ..
2227 1385 15 20 4
2267 1386 15 20 0
2310 1386 14 20 0
2340 1399 19 6 ..
2376 1385 14 20 5
2416 1386 14 20 5
2454 1387 11 20 0

1887 1411 129 23 Potatoes:
2037 1410 57 22 New
2107 1411 107 26 Zealand,

2061 1445 42 20 per
2110 1441 39 19 ton
2163 1439 78 20 ....4
2268 1440 13 20 0
2309 1439 81 21 0..7
2417 1441 13 19 0
2453 1442 11 18 0

1887 1464 94 23 Porter
1990 1472 4 14 :
2023 1465 103 26 Dunbar,
2136 1465 78 21 inbot.

2051 1498 41 21 per
2102 1491 41 22 doz
2226 1493 14 19 0
2267 1493 14 20 0
2306 1493 16 20 O
2338 1506 19 6 ..
2375 1494 14 19 0
2416 1494 14 19 0
2453 1495 11 18 0

1994 1518 85 27 Bryant
2088 1518 46 22 and
2142 1519 71 21 Davis
2226 1520 14 19 0
2268 1521 13 18 0
2308 1519 14 21 0
2340 1532 18 8 ..
2376 1521 14 19 0
2417 1521 13 19 0
2453 1522 10 20 0

1888 1545 96 22 Pickles
1995 1553 6 14 :
2032 1545 115 26 Assorted,
2177 1552 39 20 per

2056 1571 59 29 doz.,
2139 1575 76 23 quarts
2229 1573 52 20 11
2310 1573 13 20 0
2341 1586 19 6 ..
2380 1573 9 21 1
2406 1573 25 21 10
2454 1574 9 19 0

1888 1599 72 22 Pitch
1973 1606 5 14 :
2010 1597 137 28 Stockholm',
2177 1605 39 20 per

2034 1625 73 22 barrel
2228 1627 14 20 0
2268 1628 14 20 0
2310 1627 13 20 0
2340 1639 19 7 ..
2379 1627 9 19 1
2417 1627 13 19 5
2455 1629 10 19 0

1888 1652 93 22 Plank:
2009 1652 53 22 Port
2081 1651 134 28 'Nicholson-,

2035 1686 39 20 per
2083 1680 41 20 100
2133 1678 77 22 feet..
2228 1681 14 19 0
2256 1681 26 19 10
2308 1681 14 20 0
2340 1693 19 7 ..
2376 1681 14 20 0
2404 1681 25 21 12
2453 1682 10 20 0

1887 1705 58 23 Rice
1952 1713 5 14 :
1970 1706 107 21 Common
2086 1712 41 21 per
2133 1709 78 18 cwt...
2228 1708 14 18 0
2269 1709 13 19 0
2310 1709 81 19 0..0
2406 1709 24 19 10
2453 1709 10 19 0

1969 1732 65 22 Good
2228 1734 11 20 1
2267 1735 15 20 4
2310 1735 13 19 0
2340 1747 19 7 ..
2378 1733 11 23 I
2404 1735 26 21 10
2453 1737 10 17 0

1889 1759 52 22 Rum
1950 1767 5 13 :
1973 1759 23 22 P.
2007 1760 25 21 B.
2044 1759 32 26 P.,
2091 1766 40 20 per
2140 1759 75 27 gallon

2007 1786 24 22 in
2045 1786 196 22 b0nd........0
2267 1788 14 20 3
2309 1787 12 19 0
2339 1801 19 5 ..
2376 1789 14 19 0
2415 1789 13 19 5
2452 1789 11 19 0

1888 1813 88 22 Sugar:
1992 1813 119 22 Mauritius
2121 1820 40 20 per
2167 1817 51 18 cwt.
2229 1815 14 19 0
2269 1816 14 19 0
2311 1815 13 20 0
2341 1826 19 8 ..
2393 1820 52 15 none

1995 1841 79 21 Brown
2089 1839 55 23 ditto
2162 1841 75 20 ....1
2265 1842 13 20 2
2305 1842 81 20 0..1
2414 1843 13 19 8
2450 1843 10 18 0

1995 1867 95 21 Refined
2106 1867 53 26 loaf,
2177 1874 38 20 per

2020 1893 22 23 lb
2227 1896 14 20 0
2268 1895 13 21 0
2310 1894 13 22 7
2340 1909 18 5 ..
2376 1896 13 19 0
2416 1896 12 19 0
2452 1896 9 20 8

1996 1920 95 22 Manilla
2109 1927 39 20 per
2162 1924 48 18 cwt.
2227 1922 10 20 1
2266 1923 13 19 0
2306 1923 15 19 0
2338 1935 19 7 ..
2375 1923 11 19 1
2414 1923 14 19 6
2450 1924 10 18 0

1887 1947 58 21 Salt
1954 1954 5 14 :
1975 1947 125 27 Liverpool,
2110 1954 40 19 per
2159 1950 40 19 ton
2206 1949 35 20 .0
2267 1949 14 20 0
2308 1949 14 20 0
2338 1961 20 8 ..
2376 1950 14 20 0
2416 1950 13 20 0
2452 1950 9 19 0

1887 1973 58 22 Soap
1955 1981 5 13 :
1987 1973 100 22 Hawes's
2110 1969 104 28 Xondon,

2012 2006 38 19 per
2057 2001 40 17 ton
2213 1999 27 20 20
2267 2000 13 19 0
2308 2000 14 19 0
2339 1999 50 21 ..23
2417 2001 13 18 0
2452 2001 9 19 0

2004 2024 118 27 Liverpool
2214 2025 26 23 16
2267 2026 14 20 0
2308 2026 14 20 0
2339 2026 49 21 ..18
2416 2026 12 18 0
2451 2027 10 19 0

1888 2051 102 22 Starch:
2007 2051 73 22 Perlb
2228 2053 14 19 0
2268 2053 14 19 0
2310 2053 13 19 9
2340 2065 19 7 ..
2378 2053 12 20 0
2418 2053 10 20 1
2453 2054 9 19 0

1888 2079 128 21 Scantling
2024 2086 5 13 :
2045 2078 43 21 Per
2095 2079 39 21 100
2143 2078 56 22 feet.
2206 2079 36 20 .0
2270 2079 13 21 8
2310 2080 14 20 0
2341 2092 19 7 ..
2377 2079 53 21 012
2453 2082 9 18 0

1888 2105 126 22 Shingles:
2031 2105 42 21 Per
2080 2106 61 26 1000,
2150 2105 30 21 N.
2188 2105 26 22 Z.
2228 2107 14 19 0
2268 2106 14 20 9
2310 2107 13 19 0
2341 2119 18 7 ..
2378 2108 12 18 0
2406 2107 24 20 12
2453 2108 9 17 0

2017 2132 70 27 Ditto,
2110 2131 27 22 V.
2148 2132 30 22 D.
2188 2132 26 21 L.
2228 2134 14 18 0
2268 2133 15 20 0
2310 2133 14 20 0
2341 2146 18 6 ..
2378 2134 13 19 0
2406 2134 24 20 10
2453 2134 10 19 0

1887 2159 63 22 Tar;
1966 2159 52 22 Coal
2229 2159 52 20 11
2310 2161 14 19 0
2341 2173 19 6 ..
2379 2161 13 19 0
2418 2161 13 20 0
2454 2162 10 18 0

1969 2185 129 23 Stockholm
2230 2186 52 20 II
2311 2187 13 20 0
2341 2200 19 6 ..
2378 2188 14 18 0
2417 2188 13 19 0
2453 2187 11 19 0

1887 2213 63 22 Tea:
1959 2213 80 28 Hyson
2043 2212 57 27 skin,
2105 2220 39 20 per
2155 2212 67 22 chest
2229 2214 13 20 5
2269 2215 14 20 0
2309 2214 15 20 0
2341 2226 19 7 ..
2379 2212 12 22 7
2418 2213 12 21 7
2454 2214 9 18 0

1962 2241 92 26 Congou
2218 2241 25 20 10
2270 2242 14 20 0
2310 2241 14 20 0
2341 2253 18 7 ..
2378 2241 51 20 018
2453 2241 10 19 0

1887 2267 104 22 Tobacco
2000 2275 5 13 :
2018 2266 143 27 Negrohead,
2178 2274 40 23 per

2044 2293 30 23 lb.
2088 2293 25 22 in
2129 2293 58 22 bond
2228 2296 14 19 0
2270 2295 8 21 1
2310 2296 49 20 0..
2378 2296 13 20 0
2419 2297 44 19 16

1888 2321 161 21 Turpentine:
2065 2320 146 27 Pergallon..
2229 2323 14 19 0
2269 2323 13 19 8
2310 2323 14 19 0
2342 2335 19 7 ..
2379 2323 13 19 0
2406 2323 25 20 10
2453 2324 11 18 0

1889 2347 158 23 Whalebone:
2064 2347 92 22 Perton
2217 2349 26 20 90
2269 2350 14 20 0
2311 2349 13 20 0
2342 2349 64 21 ..110
2419 2351 12 19 0
2454 2350 9 19 0

1889 2373 81 23 Wine:
1985 2375 88 27 Sherry,
2084 2382 40 20 per
2132 2374 51 27 pipe
2194 2376 48 20 ..28
2269 2377 15 19 0
2311 2377 14 19 0
2342 2377 51 19 ..40
2418 2378 13 19 0
2454 2378 10 18 0

1995 2401 70 28 Ditto,
2081 2408 42 20 per
2136 2401 79 22 dozen.
2231 2403 10 19 1
2268 2403 15 21 4
2311 2403 13 20 0
2342 2416 19 6 ..
2378 2403 53 21 210
2454 2404 10 18 0

1997 2429 59 26 Pott,
2066 2436 41 19 per
2117 2428 49 27 pipe
2192 2430 50 20 ..28
2269 2431 14 19 0
2310 2430 14 20 0
2341 2430 51 20 ..60
2418 2431 12 19 0
2453 2431 10 18 0

2061 2462 42 20 per
2113 2455 51 26 doz..
2190 2469 19 6 ..
2228 2457 11 20 1
2267 2457 14 20 8
2308 2458 14 19 0
2339 2469 18 7 ..
2375 2457 14 20 2
2416 2458 12 19 8
2452 2457 10 19 0

1995 2481 149 28 Champagne,
2159 2481 55 23 ditto
2226 2484 15 20 2
2267 2483 14 21 5
2308 2484 14 20 0
2339 2496 18 6 ..
2375 2483 15 21 4
2404 2483 25 21 10
2452 2483 11 19 0

1889 2508 119 22 Poultry:
2023 2509 80 26 Fowls,
2110 2516 40 19 per
2156 2509 60 27 pair.
2230 2511 14 19 0
2270 2511 14 19 8
2312 2511 13 19 0
2342 2523 19 7 ..
2379 2511 13 20 0
2406 2511 25 20 16
2454 2511 10 17 0

2021 2535 85 28 Ducks,
2117 2535 56 22 ditto
2192 2537 91 20 ..016
2310 2537 14 20 0
2341 2550 18 7 ..
2378 2538 13 19 0
2418 2539 12 19 0
2453 2539 10 17 0

2022 2563 81 26 Geese,
2114 2562 55 22 each
2191 2577 18 6 ..
2229 2564 10 20 1
2268 2565 14 19 0
2310 2565 12 19 0
2340 2577 18 6 ..
2376 2565 14 18 0
2417 2566 13 18 0
2453 2563 10 19 0

2020 2589 109 28 Turkeys,
2140 2589 57 22 each
2229 2591 55 20 010
2311 2591 13 20 0
2342 2603 19 7 ..
2379 2592 13 19 0
2419 2592 12 19 0
2454 2591 9 17 0

2021 2616 104 27 Pigeons,
2135 2616 78 27 (wild,)

2046 2650 41 21 per
2095 2643 49 28 pair
2165 2645 77 19 ....0
2269 2645 12 19 1
2310 2645 81 20 0..0
2416 2645 12 19 2
2453 2645 9 17 0

2021 2669 84 28 Ducks,
2114 2669 35 23 do.
2161 2670 50 22 do..
2229 2671 13 20 0
2268 2671 16 21 4
2310 2671 14 19 0
2341 2684 18 6 ..
2378 2672 14 20 0
2418 2672 12 20 6
2453 2671 9 19 0

1887 2697 61 22 Eggs
1955 2705 4 13 :
1978 2697 42 22 Per
2029 2697 72 21 dozen
2230 2699 13 19 0
2270 2699 14 19 2
2310 2699 81 19 6..0
2417 2699 13 19 3
2453 2697 10 19 0

1887 2725 77 21 Cows:
1979 2724 70 22 Milch
2218 2725 24 20 15
2269 2726 14 19 0
2310 2726 14 19 0
2341 2725 49 21 ..25
2418 2727 12 18 0
2453 2725 10 19 0

1888 2751 94 22 Mares:
1998 2750 74 23 Brood
2215 2751 27 21 50
2268 2753 14 19 0
2310 2753 13 19 0
2341 2753 50 20 ..80
2417 2753 13 19 0
2453 2751 10 19 0

1889 2778 113 22 Working
2019 2778 133 21 Bullocks:
2174 2778 43 21 Per

1912 2806 109 26 pair...,
2216 2806 28 20 40
2270 2806 14 20 0
2311 2806 13 20 0
2341 2806 51 20 ..60
2418 2806 13 20 0
2453 2804 10 19 0

1888 2831 62 22 Hire
1961 2839 26 14 of
1999 2839 65 14 ditto
2071 2839 6 14 :
2093 2832 44 21 Per
2143 2832 52 27 day,
2204 2839 12 14 a

1914 2862 60 18 team
1983 2858 45 22 and
2035 2858 74 22 driver
2231 2859 10 20 1
2269 2860 15 20 0
2311 2860 13 19 0
2342 2872 19 7 ..
2378 2859 14 21 2
2418 2860 13 19 0
2454 2858 9 19 0

1887 2885 87 22 Sheep:
1989 2885 60 22 Each
2229 2886 11 20 1
2268 2886 14 20 0
2310 2886 13 20 0
2340 2899 19 7 ..
2380 2886 8 20 1
2417 2886 13 20 8
2453 2885 17 19 0'

1887 2912 63 21 Boat
1960 2911 73 22 Hire:
2047 2912 44 21 Per
2096 2912 120 27 day,.with-

2075 2938 137 22 outhands.
2227 2940 14 19 0
2255 2939 26 21 10
2308 2940 14 20 0
2340 2952 19 7 ..
2378 2939 10 21 1
2417 2940 13 20 0
2453 2938 9 19 0

1887 2965 86 21 Wages
1979 2972 5 14 :
2013 2964 139 28 Mechanics,
2176 2972 40 20 per

2038 2991 63 22 week
2228 2992 14 20 2
2268 2993 14 19 0
2309 2993 14 20 0
2340 3005 19 7 ..
2375 2993 16 20 2
2406 2993 25 21 10
2452 2992 10 20 0

2021 3018 125 22 Labourers
2163 3033 46 6 ....
2228 3020 11 20 1
2267 3019 15 21 4
2308 3019 14 21 0
2339 3033 20 6 ..
2378 3020 10 20 1
2406 3020 24 21 10

2121 3045 120 22 DUTIES.

1887 3073 98 21 British
1996 3073 90 21 Spirits
2298 3074 33 21 4s.
2341 3080 41 20 per
2389 3073 74 27 gallon,

1887 3099 104 22 Foreign
2002 3099 55 22 ditto
2299 3100 32 22 ss.
2341 3107 40 21 per
2387 3100 73 27 gallon*
2469 3120 2 4 .

1887 3126 103 22 Tobacco
2000 3127 177 27 manufactured,
2302 3128 30 21 Is.
2341 3134 39 20 per
2388 3128 30 20 lb.

1999 3153 207 23 Unmanufactured
2299 3153 36 23 tJd.
2346 3161 39 20 per
2392 3153 30 22 lb.

1888 3180 73 22 Snuff
2300 3182 32 21 2s.
2341 3180 75 28 perlb.

1888 3207 86 22 Cigars
2301 3209 32 21 2s.
2343 3215 39 21 per
2389 3207 29 22 lb.

1887 3233 82 23 Wines
2291 3235 27 20 15
2331 3241 39 21 per
2379 3236 53 20 cent

1887 3261 55 27 Tea,
1957 3262 84 26 Sugar,
2056 3262 88 26 Flour,
2162 3262 97 26 Wheat,

1905 3287 45 22 and
1959 3288 63 22 other
2032 3288 88 27 Grain,
2129 3290 14 20 5
2152 3295 41 20 per
2202 3292 57 18 cent.
2271 3283 6 27 I
2322 3302 8 8 ,
2369 3302 7 13 ,
2402 3308 32 7 „_,

1887 3314 39 22 All
1935 3314 63 23 other
2006 3315 107 22 Foreign
2119 3302 141 40 productions
2270 3302 14 46 f
2302 3302 30 23 ad
2342 3302 97 23 valorem-

1900 3341 45 22 and
1949 3341 166 22 manufactures
2123 3343 25 20 10
2155 3349 40 19 per
2202 3346 56 19 cent.
2263 3337 14 31 J

2087 3368 186 25 EXCHANGE.

1887 3408 67 22 Bank
1963 3408 50 23 bills
2022 3415 27 16 on
2060 3408 97 24 London
2188 3396 18 44 -f
2212 3398 27 21 30
2248 3398 60 23 &60
2321 3398 42 42 A^
2364 3406 9 13 s
2383 3395 77 45 si^'J

2195 3427 11 23 L
2237 3432 40 20 per
2287 3429 59 18 cent,
2355 3429 103 23 premium.

1888 3448 34 22 On
1932 3448 96 28 Sydney.
2213 3469 9 7 N
2305 3452 70 22 Ditto.

1888 3475 88 23 Private
1984 3476 50 22 bills
2282 3477 110 24 Nominal.

1907 3533 40 16 The
1957 3533 48 17 New
2015 3533 99 18 Zealand
2125 3535 92 18 Gazette
2223 3537 37 16 and
2270 3537 131 17 Wellington
2411 3535 49 16 S«p

1887 3558 64 12 tatok
1956 3554 16 16 is
1978 3554 96 21 pnblished
2080 3560 56 17 every
2141 3556 113 22 Wednesday
2264 3558 36 17 and
2311 3557 90 20 Saturday.
2421 3554 37 17 Sub-

1885 3574 62 21 joined
1953 3579 30 12 are
1989 3575 31 16 the
2027 3577 65 16 terms:
2093 3585 24 4 —

1907 3595 64 17 Pbxce
1977 3599 24 13 op
2007 3600 41 13 the
2054 3597 99 18 Paper.—
2152 3598 56 21 Forty
2212 3598 83 22 shillings
2301 3603 33 17 per
2343 3601 71 15 annum,
2424 3598 34 19 p»y

1886 3616 40 17 able
1932 3617 20 15 in
1958 3616 89 22 advance;
2057 3622 22 13 or
2084 3619 87 20 sixpence
2178 3619 28 17 for
2211 3619 58 21 single
2281 3620 90 16 numbers.

1907 3637 155 18 Advertisements
2068 3639 40 17 trill
2113 3641 33 15 not
2152 3644 66 18 appear
2226 3640 20 17 in
2257 3640 31 17 die
2297 3643 78 17 ensuing
2385 3637 68 18 numbti

1887 3657 16 17 if
1911 3658 82 16 received
1999 3659 47 17 later
2050 3660 48 17 than
2109 3661 21 16 10
2136 3660 74 21 o'clock,
2217 3666 48 15 a.m.,
2271 3666 23 12 on
2301 3661 32 17 the
2338 3659 88 20 mornings
2432 3657 25 15 be-

1886 3679 38 16 fore
1937 3679 118 20 publication.
2076 3681 158 18 Advertisements
2246 3681 38 18 will
2293 3683 24 16 be
2326 3679 94 19 continued
2426 3677 29 17 and

1886 3700 78 19 charged
1974 3700 49 17 until
2031 3702 168 21 counter-ordered;
2210 3703 45 16 such
2260 3703 52 16 order
2319 3702 49 17 must
2373 3702 21 16 be
2400 3699 37 17 sent
2443 3699 14 14 to

1886 3721 31 16 the
1926 3721 56 16 Office
1993 3722 36 16 two
2047 3722 45 21 days
2111 3723 61 17 before
2182 3723 116 21 publication,
2309 3723 36 17 and
2354 3722 49 17 must
2410 3721 21 15 be
2440 3718 16 16 i»

1887 3740 78 22 writing.
1987 3742 158 19 Advertisements
2157 3744 82 17 received
2256 3744 53 22 after
2324 3744 23 17 10
2361 3741 63 18 o'clock
2437 3741 18 14 on

1887 3762 83 20 Tuesday
1981 3763 37 17 and
2028 3763 67 22 Friday
2105 3765 94 21 mornings
2210 3765 36 17 will
2253 3765 25 20 >be
2288 3763 77 22 charged
2375 3762 49 17 twice
2431 3759 25 17 tb«

1887 3782 54 17 usual
1945 3784 54 16 rates.

1907 3803 31 17 All
1943 3804 67 20 orders,
2020 3805 159 20 advertisements,
2189 3805 38 17 and
2236 3804 159 19 communications
2405 3803 18 16 to
2432 3800 25 17 tk*

1887 3824 69 20 Editor,
1961 3829 31 12 are
1997 3826 98 20 requested
2100 3827 20 16 to
2126 3827 22 16 be
2154 3826 97 16 addressed
2256 3827 20 15 to
2281 3826 39 17 this
2325 3825 60 17 Office.

1886 3870 75 17 Printed
1974 3871 36 17 and
2022 3871 99 21 published
2137 3876 55 17 every
2208 3872 112 21 Wednesday
2334 3869 36 19 ud
2378 3866 78 20 S»tur<W

1906 3891 90 22 morning,
2009 3892 23 21 by
2040 3902 3 3 ■
2050 3893 86 16 Samuel
2149 3893 88 18 Rktaks,
2253 3893 20 16 at
2286 3893 33 16 the
2333 3891 54 17 Offlet
2401 3889 19 16 of
2430 3889 25 13 tn»

1907 3913 49 16 New
1969 3912 96 18 Zealand
2077 3913 93 17 Gazette
2181 3917 41 13 akd
2236 3913 132 17 Wellikotok
2383 3910 68 16 Smcs*

1906 3937 44 15 xoa,
1961 3933 156 20 Manners-itreet,
2126 3933 115 21 Wellington,
2253 3933 42 18 Port
2308 3931 100 19 Nicholson,

1907 3954 85 17 Zealand.

567 35 97 47 flFfie
689 36 116 41 asm
831 35 206 42 Ztfalanfc
1063 35 186 46 i&wttt
1273 35 93 39 anb
1389 33 297 47 WMUnqtfm
1710 32 251 48 &pwtatiu\

895 122 41 21 On
950 119 70 27 Sale,

669 155 90 49 THE
788 155 73 21 NEW
884 154 151 22 ZEALAND
1064 153 181 26 PORTFOLIO,

741 181 126 23 conducted
884 181 30 27 by
932 181 31 21 H.
979 181 23 21 S.
1020 181 121 25 Chapman,
1162 179 37 27 (of
1210 179 36 22 the

668 207 86 23 Middle
760 208 111 27 Temple,)
882 207 212 23 Barrister-at-Law.

695 235 42 21 No.
750 235 48 21 I.—
798 235 23 21 A
837 234 76 22 Letter
926 237 24 18 to
967 233 38 22 the
1023 233 69 28 Right
1108 232 62 22 Hon.
1188 231 59 24 Lord

668 261 96 28 Stanley,
783 262 117 25 Secretary
919 261 25 21 of
960 261 61 21 State
1040 259 35 23 for
1092 259 38 23 the
1150 259 97 21 Colonial

668 287 153 27 Department,
854 287 35 21 On
896 286 38 22 the
939 286 188 23 Administration
1132 286 26 21 of
1162 286 84 22 Justice

668 315 23 21 in
701 314 54 22 New

695 341 44 22 No.
751 341 33 21 II.
784 351 30 5 —
814 340 77 22 Letter
904 343 23 18 to
942 339 61 22 John
1018 339 60 23 Abel
1092 338 79 27 Smith,
1187 338 58 28 Esq.,
1253 336 2 29 j

668 367 69 27 M.P.,
814 366 38 22 the
858 366 145 27 Advantages
1009 365 73 23 which
1087 364 74 24 would
1169 371 78 16 accrue

666 397 24 19 to
700 393 92 28 English
803 393 125 27 Capitalists
936 393 59 21 from
1004 392 38 22 the
1052 390 167 24 establishment
1225 391 26 22 of

668 428 14 14 a
689 421 59 20 Loan
758 421 102 25 Company
870 420 34 21 for
913 421 52 19 New
974 420 99 26 Zealand,
1084 417 85 24 similar
1179 421 23 19 to
1211 417 36 23 the

668 446 127 22 Australian
804 446 66 22 Trust

695 480 42 21 No.
848 479 36 21 An
896 479 98 21 Address
1003 481 23 19 to
1036 478 39 22 the
1084 478 57 22 New
1150 476 97 23 Zealand

663 506 70 23 .Land
741 506 138 27 Proprietors
887 505 99 22 resident
999 505 24 21 in
1031 505 39 22 the
1080 503 84 23 United
1178 503 69 26 King-

668 533 57 26 dom,
737 539 28 15 on
781 532 85 22 several
880 534 92 19 matters
982 531 26 22 of
1014 532 138 27 importance
1160 533 24 19 to
1193 530 55 23 their

693 592 43 22 No.
752 592 52 22 IV.-
804 592 12 15 1
851 592 36 21 On
907 592 37 21 the
965 591 115 22 Financial
1098 590 114 26 condition
1226 590 25 21 of

666 619 55 22 New
863 619 31 27 by
904 618 91 22 Charles
1004 618 76 28 Terry,
1091 618 61 26 Esq.,
1160 618 85 24 F.R.S.,

666 646 80 22 F.S.A.

854 684 69 14 PRICE
941 684 120 14 SIXPENCE.

695 710 84 21 Gazette
791 708 78 28 Office,
881 708 87 27 March,
980 709 61 20 1843.

668 755 89 49 FOR
771 754 85 27 SALE,
872 761 29 15 ex
914 755 117 25 Margaret,
1042 754 48 26 &c,

740 782 26 20 25
780 781 78 22 tierces
867 781 57 26 beef,

695 809 13 21 3
722 811 49 19 tons
781 807 94 22 colonial
886 807 51 27 hay,

695 836 13 20 3
722 837 49 19 tons
781 835 62 21 Siam
852 841 73 20 sugar,

694 863 28 19 30
735 860 83 22 barrels
828 861 85 21 bottled
923 860 42 26 ale,

695 888 27 20 50
735 887 69 21 boxes
812 889 43 21 tea.

694 914 27 22 50
735 914 39 21 ash
787 921 57 18 oars,

694 942 27 20 30
735 943 48 19 tons
793 940 56 26 coal,

694 967 57 27 Port,
762 966 85 28 sherry,
858 966 44 22 and
917 967 103 21 Madiera
1029 966 23 22 in
1068 964 75 28 bottle,
1155 965 93 22 Ruther-

665 994 50 21 ford
724 993 44 22 and
777 994 95 26 Drury's
881 994 78 26 brand,

694 1020 98 28 Liquers,
803 1020 24 21 in
837 1019 71 23 dozen
920 1027 67 19 eases,

694 1047 150 27 Champagne,

692 1073 96 27 Brandy,
798 1080 58 19 rum,
868 1073 43 22 and
920 1073 38 27 gin
969 1073 24 22 in
1003 1073 73 27 hhds.,

671 1114 5 14 ,
692 1102 26 19 30
733 1103 47 18 tons
789 1100 51 21 best
849 1100 90 27 Sydney
952 1100 65 26 flour,

692 1128 28 20 50
734 1129 49 19 tons
794 1126 87 22 Chftian
892 1127 64 26 flour,
969 1134 29 14 ex
1009 1128 105 24 Cheerful.

981 1166 84 22 Waitt
1080 1165 43 23 and
1137 1165 84 22 Tyser.

664 1215 39 21 To
718 1215 163 21 Gentlemen
896 1215 146 27 intending
1056 1218 28 19 to
1100 1216 76 21 enter
1190 1216 57 21 into

690 1242 44 21 the
761 1242 144 27 profitable
934 1242 108 26 pursuit
1072 1243 31 21 of
1128 1242 121 27 Grazing

691 1269 53 20 and
764 1269 137 26 Breeding
920 1269 92 25 Stock,
1035 1269 42 22 for
1096 1269 89 22 which
1205 1270 42 20 the

691 1295 87 22 fertile
798 1296 110 20 Islands
930 1296 30 21 of
977 1296 70 21 New
1065 1296 121 22 Zealand
1205 1302 42 15 are

690 1328 31 15 so
736 1322 151 27 peculiarly
902 1324 126 25 adapted.

664 1357 92 47 THE
767 1356 152 27 undersigned
928 1357 43 27 beg
981 1361 22 19 to
1011 1358 82 22 inform
1103 1357 57 22 their
1165 1357 83 22 friends

734 1383 44 22 and
795 1383 38 22 the
848 1383 74 33 public
938 1384 122 28 generally,
1077 1385 48 21 that
1141 1384 54 27 they
1205 1384 42 22 will

663 1413 99 19 contract
786 1410 35 22 for
840 1406 37 25 the
902 1410 100 27 delivery
1027 1411 25 21 of
1074 1411 37 22 the
1135 1410 113 28 following

663 1436 134 27 description
811 1436 26 22 of
844 1436 73 27 Stock,
924 1437 24 21 in
957 1444 44 21 any
1012 1438 53 21 Port
1075 1438 25 22 of
1112 1437 38 21 the
1161 1437 86 23 Islands

663 1463 27 21 of
696 1463 55 22 New
760 1463 101 22 Zealand
869 1470 5 14 :
876 1474 28 5 —

690 1489 94 23 Horned
800 1489 67 23 cattle
885 1490 126 27 (improved
1023 1491 89 27 breeds)
1128 1491 26 21 of
1165 1490 31 22 all
1212 1491 36 21 de-

662 1516 124 27 scriptions,

690 1543 89 26 Horses,
802 1543 57 22 from
880 1543 39 22 the
942 1543 51 23 best
1012 1544 93 28 English
1126 1543 45 23 and
1188 1544 59 22 Arab

662 1569 70 28 studs,
748 1570 94 22 suitable
857 1570 36 22 for
911 1571 86 26 racing,
1012 1571 83 28 saddle,
1106 1578 26 14 or
1143 1570 102 29 harness;

661 1596 45 22 and
715 1597 107 27 breeding
831 1604 82 20 mares,

689 1623 57 22 Pure
756 1624 75 22 Saxon
842 1624 44 22 and
896 1624 86 22 merino
993 1632 65 20 ewes,

690 1650 119 22 Half-bred
825 1651 113 21 Leicester
952 1651 46 22 and
1014 1652 86 22 merino
1119 1658 64 19 ewes,
1200 1658 48 21 par-

661 1676 103 27 ticularly
774 1677 96 27 adapted
883 1677 35 22 for
927 1677 44 22 this
981 1681 101 25 country,
1094 1685 23 15 as
1126 1677 55 28 they
1188 1679 59 21 unite

662 1703 81 27 weight
750 1703 29 22 of
784 1711 87 15 carcass
882 1705 52 21 with
943 1705 98 21 fineness
1052 1706 26 21 of
1084 1705 63 22 wool.

689 1737 47 21 The
758 1737 152 27 undersigned
932 1743 42 15 can
1000 1737 170 22 accommodate
1198 1745 49 19 pur-

663 1763 87 22 chasers
765 1764 26 21 of
805 1763 58 22 their
872 1764 67 21 Stock
957 1764 53 21 with
1028 1764 113 23 extensive
1156 1765 92 26 grazing

661 1797 60 21 runs,
733 1790 76 22 within
821 1792 40 20 100
870 1791 64 21 miles
944 1791 27 21 of
976 1790 44 22 this
1031 1791 59 22 Port.

922 1824 33 22 W.
972 1824 26 22 B.
1015 1825 94 22 Rhodes,
1124 1825 43 21 arid
1183 1825 37 21 Co.

661 1870 300 21 HOLLOWAY'S
990 1869 254 22 OINTMENT.

768 1903 232 26 HOLLOJVAY'S
1023 1902 113 26 PILLS.

663 1960 313 20 EXTRAORDINARY
986 1960 92 21 CURE
1095 1959 29 21 of
1132 1964 17 16 a
1158 1960 85 23 CASE

837 1987 229 24 ABANDONED,
1232 2002 3 9 (>(
1236 1996 6 6 >

664 2018 33 22 By
708 2018 65 22 GUY
773 2018 7 9 j
783 2019 22 25 S,
816 2025 46 15 the
872 2018 255 26 METROPOLITAN,
1139 2018 105 23 KINGS

713 2045 149 27 COLLEGE,
878 2053 46 14 and
939 2045 148 22 CHARING
1103 2045 91 22 CROSS

866 2072 179 21 HOSPITALS.

664 2105 52 21 This
732 2105 52 21 Fact
802 2112 44 14 was
861 2105 110 22 SWORN
991 2105 40 22 TO
1047 2105 44 22 this
1109 2104 37 22 Sth
1166 2104 43 28 day
1224 2105 24 21 of

692 2132 84 26 March,
785 2133 60 23 1842,
855 2131 77 22 before
943 2131 36 23 the
991 2131 68 28 Right
1070 2131 130 23 Honorable
1210 2132 34 21 the

692 2159 59 21 Lord
761 2159 88 27 Mayor,
860 2162 23 18 at
892 2158 37 22 the
943 2159 194 22 Mansion-house.

779 2192 142 25 Summary
942 2192 31 20 of
990 2192 137 21 Affidavit.

663 2224 101 48 WM.
780 2224 135 26 BROOKE,
931 2224 139 27 Messenger,
1089 2223 26 22 of
1125 2225 20 23 2,
1162 2223 82 22 Union-

757 2253 74 23 street,
840 2250 136 26 Southwark,
985 2250 100 26 London,
1096 2250 91 22 maketh
1194 2250 50 21 oath

663 2277 43 21 and
717 2277 64 26 saith,
800 2277 47 21 that
861 2277 28 21 he
901 2277 52 26 (this
964 2278 120 26 deponent)
1097 2284 43 14 was
1151 2277 93 21 afflicted

663 2304 50 21 with
718 2304 78 27 fifteen
805 2305 90 25 running
904 2305 68 20 ulcers
986 2311 28 14 on
1032 2304 34 22 his
1081 2303 40 22 left
1136 2310 54 20 arm,
1202 2304 42 21 and

663 2330 111 22 ulcerated
790 2338 59 14 sores
863 2331 47 21 and
925 2331 91 22 wounds
1035 2338 29 14 on
1079 2330 53 22 both
1147 2330 54 27 legs,
1212 2330 33 22 for

663 2357 72 22 which
755 2358 112 27 deponent
889 2365 44 14 was
957 2358 108 22 admitted
1088 2364 29 15 an
1141 2352 104 26 out-door

663 2384 84 26 patient
757 2388 23 18 at
788 2384 38 22 the
843 2384 157 28 Metropolitan
1018 2384 109 28 Hospital,
1138 2384 23 21 in
1172 2384 70 27 April,

664 2413 59 24 1841,
735 2411 71 22 which
816 2411 29 21 he
850 2411 122 23 .continued
979 2412 33 21 for
1021 2412 77 26 nearly
1107 2410 50 22 four
1164 2410 80 22 weeks.

663 2438 88 21 Unable
767 2441 22 18 to
804 2438 87 21 receive
907 2445 13 14 a
934 2445 51 15 cure
1001 2438 69 27 there,
1082 2438 37 21 the
1134 2437 111 27 deponent

663 2465 79 26 sought
750 2464 67 22 relief
823 2468 24 18 at
855 2465 38 21 the
903 2465 62 21 three
975 2464 114 27 following
1098 2464 105 26 hospitals
1211 2472 5 14 :
1219 2476 25 3 —

664 2491 79 27 King's
753 2492 90 26 College
852 2492 104 26 Hospital
966 2492 24 21 in
997 2492 62 27 May,
1070 2492 33 21 for
1105 2492 45 25 five
1160 2492 70 20 weeks
1237 2500 5 18 ;

664 2518 72 27 Guy's
744 2518 105 27 Hospital
863 2519 24 20 in
898 2518 62 27 July,
971 2519 34 20 for
1019 2519 35 20 six
1069 2518 72 22 weeks
1147 2526 6 19 ;
1168 2519 45 21 and
1223 2522 22 18 at

663 2544 97 28 Charing
770 2545 65 22 Cross
850 2545 101 27 Hospital
967 2548 24 18 at
1003 2545 39 22 the
1052 2545 44 22 end
1111 2545 26 21 of
1150 2545 92 27 August,

662 2571 34 21 for
711 2579 61 14 some
788 2572 73 22 weeks
877 2579 74 20 more;
974 2572 73 22 which
1066 2572 113 27 deponent
1197 2572 45 26 left,

662 2598 68 28 being
737 2599 23 21 in
769 2606 14 14 a
792 2599 35 21 far
835 2606 68 14 worse
910 2598 112 22 condition
1030 2599 52 22 than
1091 2598 63 22 when
1163 2598 29 22 he
1201 2599 42 22 had

662 2626 85 26 quitted
758 2626 78 26 Guy's,
847 2626 73 21 where
936 2626 35 22 Sir
986 2626 101 26 Bransby
1098 2626 91 27 Cooper,
1201 2626 42 21 and

662 2651 63 22 other
734 2652 94 22 medical
844 2652 86 22 officers
939 2652 27 22 of
975 2652 38 22 the
1023 2652 169 22 establishment
1200 2652 42 22 had

661 2678 47 22 told
718 2679 112 27 deponent
839 2679 48 21 that
896 2679 36 22 the
943 2679 54 27 only
1006 2679 85 23 chance
1103 2679 26 21 of
1133 2680 72 25 saving
1214 2680 31 20 his

662 2706 39 25 life
712 2713 43 13 was
769 2708 21 18 to
800 2707 41 19 lose
854 2707 33 19 his
896 2713 45 14 arm
948 2708 10 18 1
985 2706 48 22 The
1051 2707 111 27 deponent
1172 2706 72 22 there-

662 2739 58 21 upon
731 2733 71 21 called
811 2740 60 20 upon
881 2733 41 22 Dr.
932 2732 86 28 Bright,
1030 2733 61 22 chief
1097 2732 115 29 physician
1223 2734 23 21 of

663 2760 78 27 Guy's,
757 2759 56 27 who,
826 2767 29 14 on
871 2760 96 26 viewing
983 2760 129 27 deponent's
1125 2760 117 27 condition,

661 2786 79 27 kindly
748 2787 46 21 and
803 2786 101 27 liberally
914 2787 55 26 said,
1000 2788 16 19 J
1023 2793 33 15 am
1065 2788 79 25 utterly
1153 2789 23 19 at
1186 2794 13 13 a
1206 2790 38 18 loss

661 2814 56 20 what
728 2816 20 18 to
758 2815 25 19 do
790 2814 42 25 for
841 2820 40 19 you
887 2816 10 18 !
910 2815 37 19 but
957 2815 48 19 here
1017 2815 18 19 is
1046 2815 184 25 half-A-sovereign
1237 2824 7 11 :

660 2847 27 19 go
697 2843 20 19 to
727 2842 44 20 Mr.
781 2842 117 26 Holloway,
910 2842 41 20 and
958 2844 35 23 try
1002 2842 57 21 what
1075 2842 60 25 effect
1150 2843 32 19 his
1191 2843 53 20 Pills

661 2869 43 20 and
714 2869 105 21 Ointment
835 2870 44 19 will
887 2869 57 26 have,
956 2876 23 14 as
987 2870 16 20 I
1009 2870 51 20 have
1063 2871 123 25 frequently
1199 2871 45 19 wit-

661 2897 71 19 nessed
740 2897 34 20 the
782 2897 117 24 wondtrful
908 2897 70 25 effects
991 2897 47 26 they
1047 2898 52 20 have
1107 2898 23 19 in
1139 2897 105 26 desperate

662 2930 62 14 cases.
753 2925 45 19 You
808 2930 39 14 can
857 2925 28 19 let
894 2931 33 14 me
934 2930 34 14 see
976 2930 41 21 you
1141 2924 54 22 This
1206 2932 38 14 un-

661 2951 129 27 prejudiced
797 2951 78 22 advice
884 2958 43 15 was
934 2951 104 22 followed
1047 2952 28 27 by
1084 2952 36 21 the
1127 2951 115 28 deponent,

662 2979 44 20 and
716 2985 15 15 a
737 2978 87 27 perfect
839 2985 52 15 cure
902 2978 93 22 effected
1009 2979 24 21 in
1049 2979 61 22 three
1120 2978 80 24 weeks,
1217 2979 26 26 by

662 3004 37 22 the
708 3012 38 14 use
753 3005 66 21 alone
828 3005 27 21 of
861 3005 137 28 Holloway's
1005 3005 54 22 Pills
1070 3005 43 22 and
1120 3004 122 28 Ointment,

661 3031 56 22 after
726 3031 50 22 four
791 3031 113 28 Hospitals
919 3032 45 21 had
980 3032 67 21 failed
1059 3033 19 22 !J
1087 3033 5 21 !
1122 3031 73 22 When
1206 3032 36 21 Dr.

661 3058 78 27 Bright
750 3065 44 15 was
809 3058 75 22 shown
898 3059 31 27 by
939 3059 38 21 the
995 3059 118 28 deponent,
1124 3058 38 22 the
1178 3058 66 22 result

661 3085 27 21 of
694 3085 33 22 his
737 3085 79 22 advice
830 3085 46 22 and
884 3085 94 28 charity,
990 3086 28 21 he
1033 3087 54 25 said,
1127 3087 55 19 /am
1197 3087 47 19 both

660 3113 112 20 astounded
786 3113 44 20 and
844 3113 103 26 delighted
953 3114 11 20 !
971 3113 42 26 for
1022 3114 15 19 I
1048 3113 88 27 thought
1146 3114 47 20 that
1203 3114 22 25 if
1231 3114 15 20 I

660 3146 46 14 ever
715 3146 41 14 saw
764 3146 41 19 you
814 3141 68 26 again,
891 3141 59 24 alive,
958 3142 20 19 it
986 3141 71 20 would
1065 3142 23 19 be
1097 3141 88 21 without
1192 3147 52 20 your

661 3174 52 13 arm.
732 3168 15 19 I
753 3174 39 13 can
800 3168 49 25 only
856 3174 94 20 compare
957 3168 43 20 this
1007 3175 49 14 cure
1066 3170 20 19 to
1096 3174 12 15 a
1118 3168 72 21 charm

689 3201 73 22 Sworn
773 3203 24 19 at
801 3201 38 21 the

715 3227 26 22 of
746 3227 38 22 the
791 3227 47 27 city
846 3227 25 22 of
877 3227 102 28 London,
988 3228 43 22 this
1038 3222 10 28 L
1055 3230 53 21 Wm.
1118 3230 125 22 BROOKE.

713 3254 40 23 Bth
763 3254 44 27 day
816 3254 27 22 of
849 3254 86 27 March,
946 3256 61 21 1842.
1031 3249 13 37 J

714 3292 77 26 Before
798 3298 39 20 me,
894 3291 85 23 JOHN
995 3292 92 29 PIRIE,
1104 3294 95 22 Mayor.

661 3326 37 22 IN
711 3326 62 22 ALL
787 3326 104 22 Diseases
901 3327 25 21 of
937 3326 38 22 the
991 3327 61 27 Skin,
1064 3327 49 23 Bad
1124 3328 66 28 Legs,
1202 3328 42 23 Old

661 3353 108 27 Wounds,
777 3353 45 22 and
831 3353 85 28 Ulcers,
924 3353 48 22 Bad
978 3353 97 29 Breasts,
1083 3356 54 22 Sore
1145 3355 100 28 Nipples,'

662 3381 82 26 S.toney
751 3380 44 21 and
805 3379 121 23 Ulcerated
932 3381 103 26 Cancers,
1044 3381 116 28 Tumours,
1169 3382 75 23 Swell-

660 3407 57 27 ings,
736 3407 67 26 Gout,
817 3407 161 26 Rheumatism,
995 3407 44 22 and
1055 3408 122 28 Lumbago,
1188 3409 54 22 like-

661 3434 51 21 wise
720 3433 24 22 in
755 3440 61 15 cases
826 3434 26 21 of
858 3433 71 29 Piles;
940 3433 38 22 the
990 3433 60 28 Pills,
1058 3435 24 22 in
1092 3434 31 23 all
1130 3435 37 22 the
1174 3436 69 22 above

661 3468 68 19 cases,
739 3460 70 27 ought
822 3463 24 19 to
860 3461 29 21 be
898 3461 55 22 used
968 3461 54 22 with
1036 3461 38 22 the
1087 3462 123 28 Ointment,
1220 3470 24 15 as

661 3487 29 28 by
708 3487 44 22 this
771 3494 78 15 means
859 3507 3 6 ,
868 3495 63 14 cures
950 3487 45 22 will
1013 3488 29 21 be
1056 3488 99 25 effected,
1164 3490 54 25 with
1230 3497 14 15 a

661 3514 68 22 much
741 3516 88 25 greater
844 3515 118 27 certainty,
977 3515 46 22 and
1037 3515 25 22 in
1077 3515 50 23 half
1138 3516 39 22 the
1192 3516 51 23 time

661 3540 48 22 that
724 3541 18 21 it
757 3541 74 22 would
848 3541 86 27 require
949 3542 30 27 by
992 3542 66 28 using
1073 3542 37 22 the
1127 3542 117 23 Ointment

661 3567 71 22 alone.
759 3567 48 22 The
818 3568 116 21 Ointment
943 3568 19 22 is
971 3568 85 28 proved
1066 3572 23 19 to
1097 3570 28 21 be
1136 3576 14 15 a
1159 3570 83 22 certain

661 3594 91 27 remedy
760 3595 35 21 for
804 3594 38 21 the
852 3595 46 21 bite
908 3595 25 21 of
939 3595 155 23 moschettoes.

689 3628 76 27 Burns,
786 3624 85 30 Scalds,
889 3628 129 27 Chilblains,
1037 3628 107 29 Chapped
1163 3629 79 24 Hands

661 3654 45 22 and
716 3654 59 32 Lips,
786 3654 48 22 also
845 3654 98 22 Bunions
957 3655 47 22 and
1018 3655 48 23 Soft
1077 3657 74 26 Corns,
1162 3657 45 22 will
1216 3658 26 22 be

660 3680 152 28 immediately
821 3681 68 22 cured
898 3682 31 27 by
937 3682 39 21 the
985 3689 41 15 use
1035 3683 26 21 of
1071 3683 39 23 the
1120 3680 122 28 Ointment.

689 3715 69 21 THE
772 3715 99 21 PILLS
880 3722 38 15 are
928 3719 39 18 not
977 3716 53 27 only
1037 3716 37 23 the
1081 3717 66 22 finest
1153 3718 91 28 remedy

660 3741 81 22 known
750 3741 66 22 when
824 3742 56 21 used
890 3741 53 23 with
955 3742 39 22 the
1011 3743 123 28 Ointment,
1145 3744 41 23 but
1194 3753 27 15 a?,
1230 3753 14 15 a

662 3768 97 23 General
779 3766 114 24 Medicine
911 3769 63 22 there
990 3769 19 22 is
1027 3770 94 26 nothing
1139 3771 66 28 equal
1221 3775 20 19 to

661 3795 68 22 them.
758 3795 28 22 In
796 3802 96 15 nervous
898 3796 115 22 affections
1024 3796 53 28 they
1084 3797 42 22 will
1136 3797 29 23 be
1174 3798 70 23 found

661 3822 28 22 of
694 3821 37 23 the
739 3824 97 25 greatest
845 3822 89 22 service.
962 3822 75 23 These
1052 3824 54 23 Fills
1118 3831 46 21 are,
1181 3825 62 22 with-

660 3852 39 19 out
708 3848 173 28 exception/the
898 3849 67 22 finest
974 3850 94 23 Purifier
1082 3851 25 22 of
1118 3850 39 23 the
1172 3852 71 23 Blood

660 3882 52 15 ever
722 3875 135 27 discovered,
869 3876 44 22 and
930 3873 112 26 OUGHT
1055 3878 40 22 TO
1110 3877 40 22 BE
1164 3878 78 23 USED

661 3902 40 22 BY
715 3902 62 23 ALL
792 3902 153 23 FEMALES.

680 3936 79 27 Orders
766 3936 104 24 received
879 3939 23 19 at
911 3936 38 22 the
983 3937 109 25 Gazette
1131 3939 92 23 Office.

1458 121 113 20 Gazette
1586 120 89 21 Office.

1275 153 199 22 STATIONERY
1487 153 196 23 WHOLESALE
1696 153 22 23 &
1733 153 122 23 RETAIL.

1273 186 89 49 WE
1385 186 43 26 beg
1450 190 22 19 to
1494 194 116 16 announce
1628 187 38 22 the
1687 187 88 27 arrival,
1799 187 57 22 from
1865 179 2 36 j

1370 209 110 37 England,
1491 214 26 21 of
1524 213 36 22 the
1576 214 48 22 first
1632 217 50 24 part
1690 214 26 21 of
1725 221 40 14 our
1780 217 77 18 exten-
1865 213 2 34 j

1273 239 47 22 sive
1330 239 75 22 orders
1412 240 27 21 in
1447 239 44 23 this
1499 240 142 28 department
1650 240 26 22 of
1681 240 109 22 business.
1811 240 47 21 Our

1274 266 63 21 stock
1348 266 90 27 already
1447 267 91 22 consists
1553 267 26 22 of
1590 273 67 19 every
1666 266 75 22 article
1757 266 101 28 required

1274 292 34 21 for
1323 293 98 26 Schools,
1438 293 80 27 Banks,
1534 294 86 26 Courts,
1638 293 54 22 Law
1707 293 89 24 Offices,
1814 293 44 21 and

1275 319 90 27 Artists,
1376 320 40 21 &c.
1424 327 6 19 ;
1446 320 73 21 whilst
1527 319 37 22 the
1580 320 139 21 ornamental
1729 319 44 22 and
1788 315 70 26 draw-

1274 346 39 26 ing
1325 352 63 15 room
1402 346 122 27 stationery
1538 346 40 22 has
1593 350 40 17 not
1644 346 59 22 been
1719 345 137 22 overlooked.

1274 371 48 24 The
1333 372 126 23 difficulties
1468 372 115 27 attending
1592 373 38 21 the
1639 373 48 21 first
1693 372 166 23 establishment

1274 399 84 27 having
1366 399 57 22 been
1439 406 121 20 overcome,
1571 399 45 23 and
1626 407 67 20 every
1708 399 81 22 arrival
1803 399 55 22 from

1265 430 2 23 I
1275 425 106 28 England
1397 425 84 28 adding
1495 426 60 23 fresh
1571 426 110 22 additions
1695 429 24 18 to
1734 433 39 14 our
1789 426 67 27 stock,

1275 452 45 23 will
1338 452 77 22 enable
1429 460 27 14 us
1464 456 23 18 to
1503 453 81 22 reduce
1601 460 40 15 our
1655 453 93 27 charges
1758 460 29 14 on
1802 456 57 19 most

1273 479 91 22 articles
1373 482 23 19 at
1404 479 57 22 least
1469 480 27 21 50
1504 487 39 20 per
1553 482 58 19 cent.

1303 511 155 28 Storekeepers
1475 512 43 21 and
1535 511 118 22 wholesale
1672 511 86 22 dealers
1776 518 42 15 can
1830 511 28 22 be

1276 538 101 27 supplied
1391 541 23 19 to
1429 545 44 21 any
1482 541 83 24 extent,
1583 538 44 22 and
1644 545 28 15 on
1689 541 68 18 terms
1772 538 86 28 equally

1265 564 2 30 I
1275 564 165 27 advantageous
1449 568 23 19 to
1482 572 43 20 any
1532 564 106 23 obtained
1646 565 25 22 in
1681 564 96 28 Sydney,

1301 591 98 27 Writing
1409 599 73 20 paper,

1303 618 115 27 Imperial,

1265 650 2 29 j
1303 644 80 28 Royal,

1303 671 115 27 Foolscap,
1430 672 88 22 various
1528 671 110 29 qualities,

1303 698 73 27 Large
1386 698 62 22 thick
1456 701 56 25 post,
1522 707 61 14 wove
1593 699 44 22 and
1647 698 52 28 laid,

1303 724 60 22 Note
1372 732 86 20 papers,

1303 750 93 28 Playing
1406 752 70 28 cards,
1487 752 105 22 coloured
1600 752 44 22 and
1654 752 54 28 gold
1717 752 77 26 backs,

1303 778 63 27 Copy
1378 778 75 28 books,

1303 804 71 22 Black
1383 805 52 22 lead
1442 805 92 28 pencHs,

1303 831 69 22 India
1380 832 86 28 rubber,
1478 832 68 22 bottle
1556 832 46 22 and
1611 835 84 24 patent,

1304 858 68 27 Ivory
1382 857 80 23 folders
1472 859 41 22 and
1527 859 87 27 knives,

1303 884 48 21 Pen
1360 884 85 27 knives,

1303 911 87 27 Rulers,
1402 918 55 20 copy
1465 911 76 27 books,

1303 938 75 21 Blank
1386 938 53 21 bills
1449 938 25 22 of
1480 939 120 25 exchange,

1303 965 77 22 Letter
1389 964 46 22 and
1446 965 38 22 bill
1493 965 55 27 files,

1305 991 43 22 Ink
1358 991 44 22 and
1411 991 41 22 ink
1461 992 106 27 powders,

1303 1018 76 22 Bibles
1388 1018 47 21 and
1444 1021 134 23 testaments,

1303 1044 98 28 Spelling
1409 1044 76 28 books,
1496 1045 96 28 various,

1303 1072 104 26 Primers,

1303 1098 125 23 Children's
1438 1098 69 23 books
1515 1098 23 23 in
1547 1101 64 25 great
1620 1098 92 28 variety,

1303 1125 75 22 Blank
1392 1126 170 21 Custom-house
1579 1126 75 25 forms,
1665 1126 35 21 for
1714 1126 142 26 auctioneers,

1277 1152 45 21 and
1332 1152 30 22 all
1371 1152 36 22 the
1419 1152 62 23 other
1490 1152 171 23 Custom-house
1678 1156 68 19 torms
1755 1153 35 22 for
1801 1160 57 15 mer-

1277 1178 85 28 chants,

1303 1206 116 22 Seamen's
1428 1206 98 22 advance
1534 1208 72 24 notes,

1303 1233 116 22 Seamen's
1428 1233 87 22 articles
1525 1233 25 22 of
1556 1235 135 24 agreement,

1304 1259 137 27 Log-books,

1304 1286 75 23 Blank
1388 1286 66 26 writs,

1304 1312 135 23 Parchment
1446 1313 33 22 for
1486 1313 74 27 deeds,

1305 1340 80 27 Quills,

1303 1366 59 23 Thin
1372 1370 56 24 post,
1440 1367 62 27 ditto,

1303 1394 56 21 Fine
1369 1393 52 22 bath
1433 1397 54 23 post,
1498 1394 47 27 gilt,

1265 1417 2 22 I
1303 1420 96 30 Double^
1407 1420 110 28 elephant,
1528 1420 146 29 antiquarian,
1690 1421 109 27 imperial,
1814 1420 44 22 and

1275 1448 63 26 royal
1348 1448 99 26 drawing
1456 1455 73 20 paper,

1303 1474 90 26 Oblong
1403 1474 90 31 clasped
1501 1474 170 22 memorandum
1680 1474 79 28 books,

1303 1500 87 23 French
1400 1502 86 26 tracing
1495 1509 74 19 paper,

1265 1525 2 30 I
1303 1528 87 22 Ladies'
1402 1527 45 22 and
1456 1528 145 27 gentlemen's
1613 1528 53 21 card
1675 1535 70 19 cases,

1303 1554 64 22 Ditto
1432 1554 35 22 do.
1480 1576 6 2 .
1526 1554 71 22 tinted
1607 1554 44 21 and
1661 1554 116 22 embossed
1788 1554 68 27 cards,

1265 1581 2 20 I
1303 1581 96 28 Sponge,
1411 1582 76 21 wafers
1496 1582 24 21 in
1530 1582 13 21 2
1553 1588 33 15 oz.
1597 1581 76 27 boxes,

1265 1603 2 25 I
1303 1608 71 22 Black
1393 1608 56 27 edge
1467 1608 45 22 and
1529 1608 113 22 bordered
1661 1611 52 19 note
1731 1608 45 22 and
1796 1608 63 22 letter

1275 1641 77 21 paper,

1303 1660 92 24 Invoice
1403 1661 77 28 books,
1491 1661 52 22 with
1553 1662 101 26 indexes,
1665 1662 88 22 various
1762 1661 62 27 sizes,

1303 1688 59 22 Cash
1372 1688 77 27 books,
1458 1689 64 21 ruled
1532 1688 89 28 double,
1632 1689 88 21 various
1731 1689 56 22 sizes

1303 1715 134 27 Envelopes,

1303 1742 87 22 Pewter
1400 1742 123 27 inkstands,

1265 1768 2 23 I
1303 1770 80 26 Ebony
1392 1769 122 27 inkstands,
1525 1769 53 21 with
1587 1769 101 27 drawers,

1302 1796 74 22 Broad
1386 1796 45 21 and
1440 1803 84 15 narrow
1533 1803 68 20 green
1611 1797 42 21 silk
1665 1797 85 26 ribbon,

1302 1823 65 21 Brief
1374 1823 45 21 and
1430 1822 56 23 deed
1494 1830 74 20 paper,

1302 1850 74 21 Ruled
1385 1857 68 20 paper
1461 1850 34 22 for
1505 1850 38 21 bill
1553 1850 76 26 heads,

1301 1876 74 28 Royal
1390 1876 67 27 hand,
1470 1877 80 21 double
1567 1876 62 22 hand
1644 1877 84 27 brown,
1745 1877 45 22 and
1799 1877 60 27 royal

1275 1903 75 21 brown
1360 1904 114 27 wrapping
1482 1911 73 20 paper,

1301 1930 100 27 Ledgers
1411 1930 44 21 and
1464 1934 95 18 account
1567 1930 78 27 books,
1656 1931 89 21 various
1755 1931 61 26 sizes,
1835 1942 2 3 ■

1301 1957 84 21 Pocket
1392 1956 87 27 ledgers
1489 1957 43 21 and
1541 1957 171 22 memorandum
1720 1957 78 27 books,

1300 1983 121 25 Engraved
1432 1990 54 19 copy
1493 1984 53 26 slips
1555 1984 47 20 and
1610 1984 77 25 books,

1302 2010 54 20 Best
1364 2008 80 22 Welch
1452 2004 66 27 slates
1533 2009 62 27 large
1604 2010 43 20 and
1657 2009 71 27 small,

1302 2035 109 22 Coloured
1419 2042 86 20 papers,

1524 2086 90 21 Seeds.

1277 2121 71 47 ON
1359 2120 85 27 SALE,
1455 2123 22 19 at
1486 2121 38 21 the
1533 2122 87 19 Gazelle
1625 2121 77 27 Office,
1712 2121 20 21 in
1740 2121 118 28 quantities

1355 2151 21 17 to
1383 2147 44 21 suit
1437 2147 135 27 purchasers,
1584 2147 37 22 the
1631 2148 113 27 following
1753 2148 63 22 seeds
1825 2156 33 13 :•—

1302 2180 76 23 Sword
1387 2180 106 28 long-pod
1504 2181 63 27 bean,

1283 2234 3 4 .
1302 2213 119 27 Long-pod
1432 2213 62 27 bean,

1302 2246 110 27 Speckled
1422 2246 71 22 dwarf
1501 2247 83 27 kidney
1594 2248 64 26 bean,

1303 2278 74 22 Broad
1385 2278 67 27 bean,

1299 2310 77 26 Horse
1385 2310 68 27 bean,

1301 2342 85 23 Scarlet
1395 2349 91 20 runner,

1301 2373 70 28 Early
1379 2374 110 22 Warwick
1499 2382 47 20 pea,

1301 2406 69 27 Early
1379 2406 116 21 Mazarine
1505 2413 49 20 pea,

1301 2437 105 22 Prussian
1417 2437 51 22 blue
1479 2445 48 20 pea,

1300 2469 109 23 Nonsuch
1419 2477 49 20 pea,

1301 2502 57 21 Blue
1368 2502 101 28 imperial
1479 2509 48 20 pea,

1301 2533 95 28 Spanish
1405 2533 72 22 dwarf
1483 2542 48 19 pea,

1299 2566 73 26 Large
1383 2566 97 27 cabbage
1490 2566 91 28 lettuce,

1299 2598 133 22 Drumhead
1442 2599 96 28 cabbage
1549 2600 91 27 lettuce,
1648 2617 5 2 -

1299 2630 105 27 Cabbage
1415 2630 89 29 lettuce,

1299 2662 76 21 White
1386 2662 77 23 selesia
1472 2664 88 27 lettuce,

1299 2690 81 21 Brown
1388 2689 46 22 and
1444 2690 64 23 white
1517 2698 50 20 goss
1576 2691 90 27 lettuce,
1685 2708 4 8 ,

1301 2716 115 22 Battersea
1427 2717 104 27 cabbage,

1300 2742 132 23 Drumhead
1441 2744 105 28 cabbage,

1299 2770 51 21 Red
1359 2770 78 22 Dutch
1446 2772 105 27 cabbage,

1299 2796 94 23 Puller's
1402 2797 60 28 early
1471 2799 105 27 cabbage,

1301 2823 75 22 Vanal
1385 2824 104 28 cabbage,

1300 2850 106 22 Prussian
1415 2851 66 22 white
1491 2852 81 28 turnip,

1299 2877 87 22 Yellow
1395 2878 77 22 Swede
1482 2880 80 26 turnip,

1300 2904 81 27 Purple
1388 2907 38 25 top
1438 2906 75 21 Swede
1524 2906 79 27 turnip,

1299 2931 77 21 White
1385 2934 63 19 stone
1458 2933 80 27 turnip,

1301 2958 75 21 White
1385 2958 57 22 horn
1451 2960 81 26 turnip,

1300 2984 72 22 Silver
1380 2984 78 23 leaved
1468 2987 58 26 beet,

1299 3011 51 22 Red
1360 3011 56 27 beet,

1299 3038 75 21 White
1383 3038 61 27 beet,

1299 3065 109 26 Mangold
1418 3066 97 26 wurtzel,

1298 3092 143 26 Altringham
1451 3096 77 24 carrot,

1300 3118 69 27 Early
1378 3118 56 22 horn
1444 3122 77 24 carrot,

1300 3146 66 26 Long
1374 3152 82 20 orange
1466 3149 77 25 carrot,

1301 3172 76 21 White
1386 3173 105 28 mustard,

1301 3198 155 28 Curled-cress,

1299 3226 66 26 Long
1374 3226 79 22 scarlet
1461 3226 80 28 radish,

1298 3252 76 22 White
1383 3253 73 28 turnip
1465 3254 81 27 radish,

1298 3279 51 22 Red
1357 3280 75 24 turnip
1442 3280 81 28 radish,

1299 3306 134 28 Strasburgh
1442 3307 75 27 onion,

1298 3333 81 26 Brpwn
1390 3334 96 27 Spanish
1495 3334 73 28 onion,

1299 3360 98 27 Parsnip,

1298 3386 83 22 Curled
1390 3387 94 28 parsley,

1299 3414 75 21 Green
1385 3414 76 21 curled
1473 3414 79 24 endive

1297 3440 110 24 Batavian
1417 3440 86 29 endive,

1298 3467 71 27 Leek,

1298 3495 137 26 Asparagus,
1451 3497 3 5 '

1298 3521 45 22 Sea
1352 3521 52 27 kail,

1299 3548 74 23 Globe
1382 3554 86 21 savoys,

1301 3574 80 22 Curled
1391 3574 91 28 brocoli,

1298 3601 52 22 Red
1358 3601 57 21 solid
1425 3601 73 28 celery
1508 3602 45 22 and
1562 3602 68 24 white
1641 3604 88 29 celery,.

1301 3629 103 21 Summer
1413 3635 86 21 savory,

1300 3654 87 22 Winter
1397 3662 84 21 savory,

1298 3682 30 34 S?
1329 3689 28 20 ge
1358 3698 6 11 »

1298 3708 95 28 Thyme,

1299 3735 102 23 Brussels
1412 3739 93 24 sprouts,

1298 3762 95 27 Borage,

1299 3789 119 27 Angelica,

1286 3819 3 4 '
1299 3815 93 28 Salsafy,

1299 3842 78 28 Sorell,

1301 3869 124 28 Lavender,

1279 3914 87 35 JUST
1379 3914 133 27 OPENED,
1520 3915 43 23 and
1574 3923 30 16 on
1614 3917 51 23 Sale
1674 3922 24 18 at
1707 3918 38 23 the
1755 3918 70 24 Qffice
1835 3918 27 23 of

1270 3940 28 22 O
1336 3940 43 23 this
1389 3941 77 30 Paper,
1477 3940 45 29 ink;
1526 3943 78 23 stands
1612 3944 28 22 of
1647 3945 88 22 various
1745 3942 63 26 siicet.

64 125 5 5 '
87 124 65 21 Just
173 124 114 26 opened,
303 122 53 23 and
371 124 42 21 for
433 124 60 20 Sale
515 124 37 25 by
567 123 45 20 the

254 150 194 27 undersigned,

62 183 250 23 /GENTLEMEN'S
331 183 142 27 Wellington,
491 182 64 27 drab,
575 181 64 22 black

62 208 54 25 VJ
142 210 86 26 button,
240 209 44 23 and
293 208 104 24 Clarence
405 210 72 26 boots,

86 236 103 26 Blucher,
202 236 113 27 Oxonian,
325 236 44 22 and
382 236 56 27 light
452 235 99 26 walking,
565 233 72 28 shoes,

86 262 108 27 Working
203 263 72 21 men's
283 262 75 22 nailed
369 262 49 22 half
423 263 71 25 boots,

86 289 68 26 Boys'
164 289 65 21 shoes
238 289 44 22 and
292 292 59 18 stout
359 288 49 22 half
413 288 69 26 boots,

86 315 68 21 Girls'
170 315 44 21 and
227 315 119 22 children's
362 315 64 21 shoes
435 315 46 21 and
490 313 62 23 cloth
560 313 78 23 button

57 341 72 26 boots,

85 367 89 23 Ladies'
202 368 65 22 cloth,
290 368 72 25 boots,
388 366 156 22 double-soled
565 366 72 27 shoes,

58 394 113 27 Morocco,
181 393 88 28 lasting,
278 393 45 22 and
332 393 85 22 French
428 396 75 25 carpet
513 393 97 28 slippers,

84 420 48 22 The
151 420 70 22 above
238 420 88 22 articles
340 426 37 15 are
395 420 26 21 of
435 427 15 15 a
468 427 55 20 very
541 420 98 27 superior

57 447 141 27 description.

85 474 37 20 An
131 475 131 19 assortment
272 473 25 21 of
304 473 129 27 Stationery,
446 472 121 27 consisting
577 472 33 22 of:
612 483 27 4 —

84 500 58 26 Post,
154 499 59 21 bank
223 500 44 21 and
276 499 96 27 foolscap
382 507 73 23 paper,

53 542 7 5 .
83 526 81 26 Demy,
175 525 102 27 blotting,
289 526 43 21 and
345 526 98 27 imperial
454 533 47 20 cap,

83 552 172 22 Memorandum
265 552 75 27 books,
352 552 104 27 assorted,

85 578 91 26 Oblong
185 578 90 28 clasped
283 578 73 28 pencil
365 578 73 28 books,

83 605 91 21 Collins'
184 604 115 28 indelible,
310 606 105 26 assorted,

82 631 104 22 Account
195 631 76 28 books,
283 633 56 21 from
351 639 42 14 one
402 632 63 31 (juire
475 632 109 27 upwards,

83 658 93 27 Wafers,
187 658 88 28 sealing
284 666 55 19 wax,
351 659 44 21 and
404 659 40 21 ink
453 658 106 28 powders,

82 684 90 23 Artist's
181 685 92 28 pencils,
280 686 59 27 good
348 685 91 27 writing,
448 685 45 22 and
503 684 134 28 carpenter's

54 711 69 27 leads,

83 738 60 21 Steel
152 745 55 21 pens
217 738 46 21 and
271 745 44 21 pen
325 738 94 26 holders,

83 766 24 19 11
120 764 49 21 doz.
181 764 91 22 Smith's
282 771 58 21 copy
347 765 60 27 slips,
546 773 8 8 •

83 790 98 21 Gillott's
191 790 75 22 school
276 798 61 20 pens,
348 790 71 27 quills,

80 816 134 28 Envelopes,
225 817 100 22 national
334 812 75 27 school
418 817 72 27 slates,

81 844 81 26 Coffee,
173 847 43 22 tea,
227 844 43 21 and
280 843 85 22 refined
375 851 70 19 sugar,

81 870 74 21 Prime
166 868 57 23 Cork
233 870 74 22 butter
316 870 22 21 in
348 870 81 27 firkins,
442 878 25 14 or
475 870 31 28 by
516 870 38 23 the
563 870 73 23 dozen
642 874 1 3 '

53 896 95 27 pounds,

80 924 28 20 40
120 922 83 22 barrels
213 922 109 29 superfine
330 923 120 22 American
463 924 64 27 flour,

80 950 122 21 American
212 950 110 27 chopping
330 957 60 20 axes,
401 950 48 22 iron
460 953 37 19 tea
504 950 88 27 kettles,

80 977 12 20 5
108 980 49 17 cwt.
177 976 52 21 Rod
231 976 70 22 way's
320 980 78 24 patent
419 976 65 23 horse
508 977 64 22 shoes
590 977 45 22 and

52 1002 63 27 nails,

80 1029 75 22 Hall's
165 1029 58 27 glass
233 1030 142 26 gunpowder,
383 1030 87 28 powder
478 1030 75 27 flasks,

82 1056 66 27 Ivory
172 1056 96 22 handled
295 1063 81 21 razors,
401 1058 129 21 Cowovan's
550 1058 84 21 Canton

53 1089 63 15 razor
125 1083 137 27 sharpeners,

80 1109 118 27 Crockery,
214 1109 114 27 including
348 1110 84 28 dinner,
452 1110 120 27 breakfast,
590 1110 45 22 and

53 1139 36 18 tea
99 1136 103 26 services,

80 1162 56 22 Fine
146 1166 37 18 cut
192 1162 107 22 tumblers
309 1163 45 22 and
363 1164 56 21 wine
428 1163 90 28 glasses,

80 1188 95 27 Pickles,
185 1189 93 27 vinegar
292 1190 24 21 in
331 1190 65 27 pints,
406 1190 74 23 lemon
492 1190 69 28 juice,
572 1190 62 22 salad

54 1215 36 27 oil,
101 1223 83 20 capers,
195 1223 84 19 sauces,
289 1217 104 27 mustard,
404 1217 63 27 pearl
478 1218 84 27 barley,
574 1225 59 20 sago,

54 1242 102 27 oatmeal,
169 1242 45 22 and
224 1243 93 27 tapioca,

82 1269 69 22 Fresh
161 1269 86 22 salmon
257 1270 45 21 and
311 1277 65 20 soups
384 1270 23 21 in
417 1270 112 28 canisters,

82 1295 110 22 Hockins'
203 1300 77 22 patent
289 1296 86 22 seidlitz
383 1297 24 21 in
418 1298 107 27 powders,

82 1322 58 22 Soda
149 1322 45 22 and
202 1322 80 28 ginger
290 1324 54 21 beer
352 1324 105 27 powders,

80 1349 170 27 Raspberryade
260 1350 45 21 and
313 1350 146 23 Cheltenham
470 1351 60 27 salts,

82 1375 80 22 Steer's
181 1376 124 27 opodildoc,
322 1377 94 22 James's
433 1378 97 27 powder,
542 1378 93 27 Dalby's

54 1402 144 26 carminitive,

79 1429 80 21 Brown
170 1429 110 27 Windsor,
292 1430 73 27 fancy,
377 1430 41 21 and
428 1431 93 27 shaving
530 1439 70 19 soaps,
642 1427 2 30 j

78 1456 98 21 Essence
191 1456 25 21 of
227 1456 86 27 ginger,
328 1457 84 27 brandy
426 1458 85 27 bitters,
525 1458 109 22 aromatic

52 1482 99 27 vinegar,
162 1480 163 25 inexhaustible
336 1484 59 26 salts,

80 1509 136 21 Permanent
223 1509 48 27 ink,
282 1510 102 27 scouring
394 1510 71 28 drops,
475 1511 97 27 pastiles,

80 1536 48 21 Salt
138 1536 25 21 of
169 1536 90 27 lemons,
271 1540 63 18 court
343 1537 95 31 pjaister,

81 1562 119 22 Lavender
209 1566 67 19 water
286 1563 47 22 Eau
344 1563 26 22 de
381 1564 103 27 Cologne,

78 1589 69 21 Bears
156 1597 84 19 grease,
252 1590 51 21 cold
312 1597 79 20 cream,
403 1598 110 15 macassar
523 1591 36 27 oil,
571 1591 62 22 tooth

50 1616 96 27 powder,
158 1617 47 26 &c,

80 1643 87 21 Ladies'
182 1643 89 21 tortoise
286 1643 56 22 shell
358 1644 46 21 side
420 1644 84 27 combs,
525 1644 107 27 dressing,

51 1669 45 22 and
105 1669 65 22 small
179 1670 62 21 tooth
253 1670 82 22 combs.

79 1696 63 27 Hair,
174 1696 68 27 tooth,
273 1697 51 26 nail,
354 1697 98 27 shaving,
478 1698 45 22 and
551 1698 82 21 clothes

50 1723 100 26 brushes,

78 1749 79 27 Slates,
169 1750 55 21 slate
233 1750 87 27 cistern,
329 1750 97 28 hearths,
437 1751 106 28 chimney
553 1752 78 27 pieces,

80 1777 78 20 Hones
169 1777 43 20 and
222 1776 102 28 chimney
335 1781 54 23 pots,

78 1803 54 21 And
148 1810 119 15 numerous
282 1804 63 22 other
360 1804 92 27 articles,
463 1804 73 23 which
547 1806 43 21 will
605 1806 27 21 bo

50 1829 47 22 sold
108 1837 52 20 very
171 1830 49 27 low,
232 1830 34 21 for
276 1831 52 21 cash
338 1832 59 26 only,
408 1832 28 27 by

273 1863 23 21 J.
311 1863 159 28 BODDINGTON,

143 1896 111 23 Lambton
264 1898 72 26 Quay,
346 1905 54 14 near
410 1898 37 22 the
457 1899 54 22 Post
521 1899 77 27 Office,
609 1907 25 14 or

273 1931 75 23 James
362 1932 110 27 Jao*kson,

406 1960 112 22 Lambton
534 1961 73 26 Quay.

78 1984 61 21 June
149 1986 21 24 2,
181 1986 62 19 1843.
584 1979 10 10 '

49 2030 123 25 Country
186 2029 125 21 Sections
329 2029 43 21 for
391 2030 59 21 Sale
472 2036 36 15 on
527 2031 108 22 Liberal

294 2057 101 20 Terms.

52 2082 164 49 SEVERAL
250 2082 101 22 Sections
378 2083 25 21 of
433 2084 102 27 Country
562 2084 71 28 Land,

115 2109 90 27 already
216 2108 81 22 chosen
307 2109 23 22 in
341 2109 37 22 the
391 2110 92 23 Porirua
498 2111 92 27 district,
600 2112 35 21 for

49 2137 59 26 Sale,
118 2143 75 15 ter-ms
203 2143 106 15 liberal.
338 2137 75 27 Apply
422 2140 23 19 to

144 2170 25 21 F.
184 2170 29 21 A.
228 2170 170 28 Mole3worth,
414 2171 185 28 Murphy-street,
611 2180 24 14 or

143 2197 34 21 W.
195 2196 27 21 V.
238 2197 106 27 Brewer,
355 2198 195 22 Manners-street.

49 2241 92 34 npHE
165 2243 78 19 Nelson
265 2243 116 20 Examiner
404 2244 42 20 and
467 2245 53 19 New
543 2245 93 20 Zealand

55 2264 30 26 JL
123 2269 111 21 Chronicle
249 2269 126 28 (published
383 2273 23 18 at
416 2270 101 27 Nelson,)
534 2271 18 21 is
570 2279 65 19 regu-

45 2294 59 28 larly
123 2296 140 22 transmitted
280 2300 23 18 to
318 2297 143 27 Wellington,
481 2297 44 22 and
541 2305 52 20 may
607 2299 26 20 be

47 2321 43 22 had
101 2325 24 19 at
134 2322 38 23 the
181 2323 64 21 office
256 2323 25 21 of
292 2323 43 22 this
344 2331 73 20 paper.

74 2353 49 22 The
132 2356 79 19 Nelson
219 2356 117 20 Examiner
350 2356 45 21 will
403 2356 28 22 be
440 2356 70 22 found
521 2363 29 15 an
560 2358 74 20 excel-
642 2356 2 10 '

46 2380 49 22 lent
102 2381 100 22 medium
212 2382 35 22 for
257 2382 138 22 advertisers.

73 2412 79 23 Terms
162 2413 34 22 for
205 2413 38 23 the
253 2422 73 20 paper,
337 2418 37 18 ten
383 2414 100 27 shillings
497 2422 39 20 per
545 2418 90 24 quarter

45 2439 96 28 payable
149 2440 25 22 in
182 2440 109 23 advance.

73 2471 84 22 Orders
179 2472 35 21 for
234 2472 37 23 the
294 2480 67 20 paper
383 2473 44 22 and
450 2473 184 22 advertisements

47 2499 103 22 received
160 2502 22 18 at
192 2499 37 22 the
241 2500 70 21 Office
322 2500 25 21 of
359 2500 43 21 this
410 2507 76 20 paper.
642 2505 2 28 j

218 2550 77 21 Meat
316 2551 147 26 Company.

47 2582 92 23 FTIHE
160 2582 235 28 UNDERSIGNED,
415 2583 84 28 having
517 2584 57 22 been
596 2591 37 21 ap-

54 2605 29 27 _l_
120 2610 91 27 pointed
227 2610 109 28 Manager
346 2610 26 22 of
384 2610 37 22 the
435 2611 64 21 Meat
509 2611 122 27 Company,

45 2636 54 27 begs
109 2639 23 19 to
142 2643 118 16 announce
269 2637 49 22 that
332 2645 14 14 a
355 2638 87 26 regular
451 2637 79 28 supply
540 2638 25 21 of
574 2638 57 26 beef,

46 2666 95 24 mutton,
162 2664 44 21 and
223 2664 57 27 pork
296 2671 52 20 may
367 2664 81 27 always
466 2664 28 22 be
515 2664 118 28 depended

45 2697 62 21 upon
118 2693 23 19 at
151 2690 44 22 this
204 2690 173 23 establishment.

74 2722 33 22 As
131 2722 44 24 this
197 2723 117 27 Company
332 2730 106 24 purposes
456 2723 80 26 selling
554 2726 24 18 at
595 2723 38 23 the

46 2749 79 21 lowest
133 2749 71 28 prices
215 2752 23 18 at
252 2749 73 22 which
333 2753 18 18 it
365 2749 18 22 is
391 2749 72 22 found
472 2749 38 22 the
520 2753 59 19 meat
593 2758 40 14 can

47 2775 28 22 be
86 2775 107 27 afforded,
203 2775 39 22 the
251 2775 149 28 undersigned
408 2776 19 22 is
441 2777 53 26 only
504 2774 127 25 authorized

47 2805 24 19 to
82 2803 50 26 give
137 2808 54 21 very
196 2802 88 22 limited
293 2803 77 26 credit,
377 2803 45 21 and
429 2803 39 21 has
473 2803 58 22 been
541 2804 92 22 ordered

47 2832 24 18 to
87 2832 49 25 stop
151 2829 30 22 all
195 2833 104 19 accounts
314 2829 72 23 which
400 2837 36 15 are
452 2833 41 19 not
506 2830 53 27 paid
574 2838 59 20 upon

49 2855 102 23 demand.

75 2887 48 22 The
132 2887 102 22 business
243 2888 26 21 of
276 2888 38 21 the
324 2888 112 28 Company
445 2888 20 22 is
475 2888 85 23 carried
570 2897 28 14 on
609 2890 22 22 in

48 2914 58 21 their
121 2921 49 16 new
184 2914 109 28 building,
305 2916 86 21 erected
409 2915 101 22 between
530 2916 103 23 France's

49 2940 69 25 Hotel
137 2942 42 21 and
199 2941 38 22 the
254 2942 60 22 head
330 2942 26 21 of
369 2942 37 21 the
422 2942 55 28 Bay,
496 2942 45 23 and
555 2944 78 27 nearly

48 2972 98 23 opposite
158 2972 21 19 to
189 2969 47 21 Mr.
247 2968 82 28 Lyon's
339 2969 69 22 Store.

320 3002 36 22 W.
370 3003 101 26 Fltoer,
488 3003 116 28 Manager.

74 3040 129 21 November
214 3040 33 26 23,
260 3041 60 21 1842.

237 3090 84 21 Fresh
336 3090 102 26 Butter,

47 3123 163 49 ALWAYS
226 3130 28 15 on
270 3123 50 22 Sale
335 3127 24 18 at
375 3124 37 22 the
422 3125 64 21 Meat
497 3125 134 28 Company's

127 3150 115 27 premises.

318 3177 36 22 W.
369 3177 101 28 Flttger,
487 3179 117 28 Manager.

73 3208 161 28 Willis-street,
245 3209 56 22 Dec.
311 3210 21 27 2,
344 3210 60 21 K42.

287 3257 109 20 Cheese.

49 3288 50 47 A
109 3287 118 22 SUPPLY
236 3289 102 21 received
346 3289 84 27 weekly
437 3290 26 21 of
470 3290 57 22 New
532 3290 101 23 Zealand

128 3314 65 21 made
203 3314 92 27 Cheese,
301 3316 57 21 from
367 3316 38 22 th«
412 3318 143 26 Cowpasture
561 3317 69 27 dairy,

48 3341 45 22 and
102 3341 35 21 for
145 3341 46 21 sale
200 3344 24 18 at
240 3341 37 22 the
285 3343 111 27 premises-
401 3343 25 22 of
439 3343 38 22 the
494 3344 64 22 Meat
566 3344 66 22 Com-

47 3375 68 21 pany.

327 3395 35 24 W.
374 3396 100 28 Flyger,
486 3397 118 27 Manager.

220 3440 65 21 Just
305 3441 155 27 Published,

49 3475 92 50 THE
165 3474 212 23 WELLINGTON
399 3476 181 24 ALMANACK
597 3480 36 22 for

123 3502 68 21 1843:

280 3535 123 16 CONTENTS.

75 3555 107 22 Weather
204 3555 79 27 Table,
304 3555 77 27 Cycles
401 3555 42 22 and
468 3557 165 25 Astronomical

47 3582 121 27 Numbers,
180 3578 118 30 Calendar,
315 3582 135 23 Gardener's
465 3584 45 21 and
523 3584 110 24 Farmer's

47 3609 123 27 Calendar,.
175 3608 183 28 Meteorological
371 3609 67 22 Table
448 3610 34 22 for
499 3612 60 28 1840,
570 3614 61 27 1841,

47 3636 45 22 and
101 3637 62 25 1842,
174 3635 99 28 Eclipses
283 3636 26 21 of
316 3635 38 22 the
363 3636 46 21 Sun
419 3636 47 22 and
482 3637 77 29 Moon,
576 3640 57 22 New

47 3662 101 22 Zeakmd
164 3662 121 28 Company,
297 3662 53 23 Post
365 3662 69 23 Office
445 3663 145 28 Regulations
598 3667 35 21 for

45 3688 59 23 New
113 3688 109 27 Zealand,
235 3689 55 22 Civil
308 3689 182 29 Establishment,
503 3691 56 24 Fees
570 3694 61 22 Land

47 3716 92 22 Claims'
164 3716 78 26 Office,
268 3716 53 23 Post
343 3716 70 22 Office
414 3727 28 5 —
442 3717 101 24 Colonial
570 3720 61 28 Law,

47 3742 75 23 Police
148 3742 71 23 Office
219 3754 29 4 —
250 3743 66 27 Petty
339 3744 106 27 Sessions,
476 3744 111 30 Holidays
610 3750 23 19 at

54 3769 73 22 j'ublic
137 3769 90 27 Offices,
238 3769 110 27 Discount
358 3770 68 28 Days.

73 3814 96 18 ,-,,
255 3803 73 23 Prick
343 3805 31 21 Is.
388 3803 36 23 6d.

48 3845 174 24 /CHARTER
231 3845 174 28 PA&TIES,for
414 3847 47 22 sale
470 3851 67 20 attne
546 3850 85 22 Gaaette

47 3868 43 26 \y
98 3890 3 11 ,
105 3871 81 29 Office..
199 3894 3 7 ,

73 3898 71 27 Sugar
152 3903 86 23 papers,
248 3920 4 3 .

71 3924 76 23 Blank
156 3925 72 22 iriUsic
238 3925 76 28 books,
