3443 4339
452 33 2813 47 THE

452 80 1125 280 OXFORD
1765 80 1500 280 OBSERVER

1108 415 182 54 and
1364 413 585 57 canterbury
2020 415 497 67 democrat,

1246 527 520 35 CIRCXJIL.^TINO
1841 528 518 37 THROUGHOUT

1690 696 229 30 Established
1963 699 90 28 1889.

32 844 139 29 VOLUMN
192 843 27 30 V
229 861 41 5 —
270 843 60 30 No.

1242 834 108 32 EAST
1382 834 186 37 OXFORD,
1592 835 244 40 SATURDAY,
1864 838 132 31 APEIL
2020 840 54 35 21,
2097 840 91 29 1894.

2901 842 136 32 Pbioe—
3039 843 86 31 ONE
3162 843 154 31 PENNY.

2871 991 51 38 G.
2949 992 48 39 E.
3027 991 345 45 WEYLANDT,

2984 1054 111 27 FAMILY
3111 1056 147 26 BUTCHER.

2894 1099 157 39 EAST
3082 1101 264 47 OXFOBp,

2933 1161 120 25 Families
3064 1162 88 24 waited
3161 1169 66 24 upon
3238 1162 76 32 daily.

2959 1277 301 31 ASTOUNDING!

2918 1332 69 26 CAST
3013 1330 92 28 'THIS
3133 1333 45 24 BE
3209 1334 112 25 TRUE?

2949 1417 62 25 YES,
3024 1417 21 21 A
3058 1418 136 21 DECIDED
3204 1419 83 21 FACT.
3304 1423 3 6 J

2851 1489 99 32 NEW
2959 1491 140 31 YEABS
3111 1492 274 32 CONCESSION.

2878 1571 51 76 C.
2972 1571 61 79 I.
3076 1571 285 79 MANNING

2941 1781 356 31 PHOTOGRAPHER.

2851 1861 42 21 BT
2930 1861 125 21 SPECIAL
3091 1861 220 22 APPOINTMENT
3348 1862 39 20 TO

2984 1892 80 21 EARL
3069 1892 38 21 OP
3117 1892 132 21 ONSLOW.

2852 1955 104 24 TiriLL,
2972 1954 91 27 During
3077 1955 42 21 the
3142 1955 84 20 Month
3244 1955 25 21 of
3286 1956 103 26 January

2861 1975 29 28 VV
2928 1981 59 27 only,
2997 1982 55 20 1894
3060 1982 65 20 Issue
3134 1983 27 19 to
3169 1981 41 21 the
3219 1982 88 21 Public.

2997 2015 86 30 ONE
3103 2016 147 29 DOZEN

2851 2061 30 20 Of
2889 2061 37 21 his
2940 2061 188 26 Widely-known,
3145 2061 242 27 Superiorly-finished,

3043 2092 47 21 and
3107 2092 90 27 Highly

2850 2125 201 22 ENAMELLED-
3094 2126 133 21 CABINET
3273 2126 111 22 PHOTO-

2849 2159 122 31 GRAPHS
2984 2159 40 20 AT
3032 2159 63 20 THE
3104 2159 142 20 NOMINAL
3259 2159 125 21 CHARaE

3088 2226 66 30 15s.

2851 2307 173 23 DUPLICATE
3039 2308 119 21 ORDERS
3173 2307 40 21 AT
3230 2307 63 20 THE
3310 2305 82 22 SAME

3081 2341 87 21 RATE.

2879 2407 49 20 The
2937 2407 80 19 Public
3027 2412 39 14 are
3081 2406 95 20 advised
3192 2406 26 19 to
3236 2405 62 20 avail
3316 2405 75 20 them-

2852 2439 72 20 selves
2944 2437 22 21 of
2985 2437 47 21 this
3051 2437 148 26 opportunity
3217 2436 25 20 of
3270 2436 121 25 obtaining

2851 2472 124 25 high-class
2984 2471 61 20 work
3055 2472 26 19 at
3090 2471 55 20 such
3152 2477 15 14 a
3175 2470 115 20 moderate
3300 2470 91 24 charge.

2850 2545 176 22 REMEMBER
3036 2545 61 21 FOR
3107 2545 61 21 ONE
3177 2545 110 20 MONTH
3300 2544 91 21 ONLY.

2877 2604 49 20 The
2932 2605 53 19 vast
2994 2604 132 24 experience
3142 2602 108 21 obtained
3262 2602 31 26 by
3307 2601 85 22 C.H.M

2850 2639 25 19 in
2883 2638 41 20 the
2933 2637 156 21 innumerable
3097 2637 112 21 branches
3223 2636 25 20 of
3255 2637 42 19 the
3306 2636 84 26 photo-

2850 2672 95 26 graphic
2954 2672 38 21 art
3001 2671 85 25 during
3096 2671 37 20 his
3142 2670 85 20 Indian
3236 2669 46 20 and
3290 2668 98 21 Austra-

2850 2707 39 20 ian
2907 2706 93 23 travels,
3014 2705 46 20 and
3078 2705 40 20 the
3139 2703 116 26 thorough
3273 2703 115 26 apprecia-

2850 2740 49 19 tion
2908 2738 30 26 by
2945 2740 41 19 the
2995 2738 94 26 general
3105 2737 79 26 public
3197 2736 23 20 of
3236 2736 40 21 the
3288 2741 70 18 same,
3367 2736 22 19 is

2850 2773 111 21 sufficient
2975 2771 125 26 guarantee
3109 2771 54 20 that
3181 2770 32 20 all
3231 2770 61 20 work
3311 2769 78 20 issued

2849 2806 60 20 from
2915 2805 36 20 his
2960 2804 87 21 Atelier
3053 2804 46 20 will
3104 2804 29 20 be
3142 2803 24 20 of
3172 2802 41 21 the
3219 2802 94 26 highest
3319 2801 68 20 order

2875 2921 80 20 WILL
2966 2921 41 19 DO
3017 2919 52 20 HIS
3080 2919 71 20 OWN
3161 2916 197 22 OPERATIONS.

2849 2984 79 20 Studio
2928 2995 28 3 —
2957 2985 40 18 150
3004 2980 106 23 Colombo
3120 2982 78 23 street,
3218 2979 167 22 Christchurch.

3010 3013 156 26 Telephone—
3165 3013 43 19 No.
3218 3013 47 19 592.

2954 3141 7 7 .
2989 3096 268 49 NOTICE.

2952 3163 2 1 ■
3101 3161 27 19 ♦
3250 3159 2 1 '

2849 3197 20 55 I
2886 3195 63 23 have
2968 3193 114 25 resumed
3100 3191 105 31 practice
3216 3190 30 24 in?
3258 3187 124 28 MICK'S

2906 3223 194 37 •BUILDINGS
3119 3223 150 25 Gloucester
3281 3220 99 28 .Street,

2849 3267 82 19 corner
2943 3258 27 26 of
2980 3256 117 26 Coloniho
3111 3256 90 25 Street;
3227 3255 15 22 I
3251 3254 66 23 have
3329 3259 52 17 sev-

2849 3293 50 25 eral
2910 3299 70 18 sums
2991 3291 26 25 of
3027 3297 89 24 money
3126 3286 135 32 frbni,£:sQ
3269 3284 113 33 upwards

2849 3328 25 24 to
2881 3325 60 25 lend
2947 3333 33 16 on
2986 3323 130 25 first-class
3124 3319 184 26 freeboKkfarm
3315 3317 69 25 land.

2971 3362 112 32 JOHN
3106 3358 168 36 C.CORR,

2882 3406 187 30 Barrister
3088 3411 71 20 and*
3178 3400 180 30 Solicitor.

3095 3439 231 33 ChsfetciiurcTi.

2879 3540 470 49 BUREELtBRQTHEES.

2927 3590 375 40 PHOTb&RAPHEBS

2850 3648 268 24 Haveremovedtooaore
3124 3643 148 24 commodious
3277 3641 110 27 premises

3145 3673 148 32 STREET/

2851 3736 120 30 Opposite
2994 3732 127 27 Salvation
3149 3729 77 28 Army
3257 3723 130 26 Barracks.

2886 3768 59 25 And
2957 3775 44 17 are
3011 3765 75 31 doing
3103 3757 148 30 Enamelled
3271 3757 117 25 Cabinets

2851 3808 42 25 fov
2905 3808 42 33 8/6
2956 3815 46 24 per
3011 3806 86 24 dozen.
3122 3801 75 26 Great
3206 3794 185 35 Photographic

2855 3845 127 32 Surprise-
3028 3843 53 24 One
3109 3839 24 26 of
3154 3838 44 25 the
3218 3837 94 28 largest
3334 3840 58 18 ever

2856 3883 154 26 introduced.
3053 3881 76 23 From
3151 3877 61 24 Dec.
3234 3874 70 24 11th.
3325 3872 67 24 until

2858 3924 42 24 the
2911 3924 62 23 New
2984 3922 74 24 Year.
3092 3919 53 24 One
3156 3916 89 25 Dozen
3262 3913 68 31 large
3342 3910 52 25 size

2858 3961 146 26 Enamelled
3020 3959 93 26 Photop
3125 3963 38 19 tor
3178 3954 53 33 15/-
3243 3952 75 26 usual
3328 3950 70 32 price.

2859 4003 38 23 £1
2910 4003 54 23 10s.
3000 4001 91 26 Secure
3105 4006 23 16 a-
3138 3994 99 33 deposit
3256 3992 77 25 ticket
3354 3990 44 27 fose

2859 4040 42 32 2/6
2914 4047 56 17 now
2983 4037 84 32 ready.
3102 4035 62 25 This
3168 4033 49 32 ..is,
3224 4031 41 25 the
3288 4029 110 31 greatos4

2858 4079 138 26 wondenof
3013 4078 45 27 the
3080 4084 54 25 age.
3168 4072 78 27 Don't
3263 4069 66 28 niiss;

2848 4133 2 14 i
2860 4119 101 26 chance.
3109 4135 3 9 ;

2848 4173 2 13 l
2892 4149 167 35 BURJRELL
3069 4155 189 29 BROTHEEd

2849 4208 13 17 r
3122 4191 211 45 Phojogrft^era,

3110 4225 292 55 Strel^pjristcllflrol}.

2452 978 116 26 GREAT
2599 978 86 27 SALE

2558 1024 30 17 OF

2309 1051 208 33 TEWELLRY,
2552 1054 178 28 WATCHES,
2765 1056 71 25 DIA-

2301 1083 23 25 O
2465 1086 99 25 MOND
2582 1087 121 30 GOODS,

2303 1120 129 25 SILVER
2449 1122 72 25 AND
2543 1123 284 26 ELECTRO-PLATE

2302 1157 47 26 AT
2367 1159 23 24 A
2406 1159 173 26 DISCOUNT
2604 1161 44 24 OF
2665 1162 29 25 4s
2710 1162 38 25 IN
2766 1162 71 25 THE

2401 1198 127 29 POUND,
2540 1199 69 25 FOR
2621 1200 22 24 A
2660 1201 78 26 FEW

2453 1238 125 24 WEEKS
2587 1239 101 24 ONLY.

2338 1279 115 29 £10,000
2470 1280 73 25 value
2555 1282 27 23 to
2594 1281 76 26 select
2692 1282 67 25 from
2778 1284 27 25 at

2303 1338 68 44 M.
2435 1325 404 64 SANDSTEiH

2315 1413 108 21 DIRECT
2437 1414 153 25 IMPORTER,
2618 1416 207 23 WATCHMAKER

2449 1451 59 20 Aim
2523 1451 164 26 JEWELLER,

2302 1485 114 22 CASHEL
2432 1488 39 19 ST.
2492 1488 87 24 WEST,
2602 1488 231 22 OHRISTCHURCH

2444 1585 165 26 Established
2622 1589 74 24 1862.

2325 1658 32 20 M.
2369 1658 162 23 SANDSTEIN
2541 1661 41 20 has
2597 1662 115 25 appointed
2721 1662 44 21 Mr.
2774 1663 25 21 R.
2810 1663 29 21 H.

2296 1690 83 24 Pabish
2395 1697 24 15 as
2436 1692 35 20 his
2487 1693 80 21 Oxford
2580 1694 104 25 AGENT,
2699 1695 48 21 who
2763 1697 44 19 will
2815 1697 25 20 at

2297 1728 44 19 any
2349 1723 53 21 time
2411 1729 96 20 procure,
2521 1730 28 15 on
2565 1725 149 27 approbation,
2732 1727 107 25 Watches,

2297 1754 83 26 Clocks,
2390 1756 44 21 and
2443 1757 116 25 Jewellery,
2579 1763 24 15 or
2618 1757 36 21 his
2667 1759 80 21 Oxford
2763 1760 76 20 olients

2298 1787 23 21 to
2331 1788 66 21 select
2409 1789 66 25 from,
2486 1790 23 20 at
2519 1790 37 21 the
2561 1796 72 15 -same
2642 1792 58 25 price
2716 1798 25 15 as
2747 1792 92 27 charged

2297 1819 23 21 at
2329 1818 38 22 the
2376 1819 155 22 Christchnrch
2539 1821 180 23 Establishment.

2342 1872 58 40 M,
2446 1874 336 40 SANDSTEIN

2446 1929 112 22 OASHEL
2571 1930 120 26 STREET,

2388 1971 360 30 CHRISTCHURCH.

2317 2180 263 46 WALTER
2640 2179 178 52 ItmE.

2404 2275 117 21 TIMBER
2546 2277 177 23 MERCHANT.

2378 2342 120 31 WEST
2571 2344 183 40 OXFOKD.

2300 2533 78 56 A.
2397 2534 82 55 D.
2509 2534 325 62 Hassal]

2418 2623 296 39 SADDLER

2535 2685 60 21 AND

2297 2731 279 39 HARDWARE
2594 2732 229 41 IMPORTER

2441 2792 93 24 HIGH
2552 2792 143 30 STREET,

2380 2843 366 53 GUST.

2298 2936 169 26 TYESIRES
2486 2939 25 22 to
2523 2945 132 18 announce
2667 2939 56 24 tbat
2733 2939 28 24 in
2773 2939 61 25 view

2298 2962 41 31 U
2373 2970 27 24 of
2413 2969 43 24 the
2479 2970 171 31 approaching
2670 2971 108 29 harvest,
2803 2972 33 24 he

2298 3006 47 24 has
2367 3005 74 25 made
2464 3013 33 16 an
2520 3007 126 24 extensive
2668 3008 122 30 purchase
2811 3008 26 25 of

2298 3043 134 24 BINDER
2455 3043 115 25 TWINE
2596 3044 50 23 and
2669 3044 163 25 MACHINE

2300 3080 78 25 OILS
2396 3080 81 25 which
2488 3080 33 24 he
2531 3080 22 24 is
2564 3081 119 30 prepared
2695 3083 26 23 to
2744 3083 89 30 suppjy

2299 3120 26 23 at
2336 3118 44 25 the
2390 3119 87 24 lowest
2488 3119 183 24 remunerative
2693 3120 88 31 prices.

2300 3189 54 25 The
2364 3189 127 31 following
2497 3189 93 25 brands
2599 3197 41 17 are
2648 3189 58 31 kept
2717 3191 28 23 in
2754 3190 79 24 stock:

2333 3230 132 32 Donaghy,
2483 3231 114 29 Manilla,
2610 3231 85 25 Mixed
2707 3231 50 25 and
2769 3231 64 25 Flax

2300 3271 107 28 Twines,
2425 3270 136 25 Auckland
2572 3270 74 25 Fibre
2659 3271 55 30 Cos,
2727 3271 106 25 Manilla

2302 3309 59 25 Star
2369 3308 50 24 and
2430 3308 71 28 Flax,
2523 3308 49 24 and
2592 3308 91 25 Mason
2703 3308 129 26 Struthers

2300 3346 57 26 well
2368 3346 91 25 known
2470 3345 105 25 Lurline
2587 3346 84 31 Hemp
2690 3346 93 25 Twine.

2334 3383 53 25 The
2398 3382 76 26 Stock
2486 3382 27 25 of
2523 3382 62 25 Oils
2596 3382 22 25 is
2630 3383 122 32 complete
2775 3391 48 17 con
2825 3398 7 12 r

2300 3421 91 31 sisting
2413 3420 27 25 of
2467 3420 76 30 Lard,
2568 3419 93 30 Castor,
2694 3421 140 29 Valvoiine,

2302 3459 97 24 Golden
2416 3458 157 30 Machinery,
2598 3458 83 29 Colza,
2703 3458 51 24 Pea
2774 3459 61 28 Nut,

2300 3497 136 28 Neatsfoot,
2455 3497 61 24 Raw
2538 3496 51 25 and
2611 3496 89 26 Boiled
2718 3496 117 26 Linseed.

2300 3535 110 32 Aprons,
2423 3534 50 25 and
2488 3534 130 25 Elevators
2634 3534 74 25 made
2728 3534 50 24 and
2799 3542 37 16 re-

2300 3575 86 30 paired
2405 3575 26 24 at
2471 3574 109 24 shortest
2613 3574 92 24 notice.
2741 3574 94 24 Binder

2301 3611 80 30 whips
2392 3610 98 25 Canvas
2500 3610 101 28 batons,
2613 3610 75 24 rivets
2700 3610 50 25 and
2763 3610 71 25 Pole-

2301 3650 89 30 straps,
2402 3649 60 30 kept
2470 3649 28 23 in
2517 3649 105 30 variety.

2317 3699 23 23 A
2350 3699 68 30 large
2429 3698 116 31 quantity
2557 3697 27 25 of
2593 3698 91 24 Horse
2693 3698 146 24 Medicines

2300 3737 93 32 always
2404 3744 34 18 on
2460 3737 69 23 hand
2551 3737 131 31 including
2703 3737 136 25 Ellinian's

2303 3776 126 31 Slesinger
2451 3776 51 24 and
2523 3776 149 31 Abilgaards
2700 3776 138 25 Embroca-

2302 3814 61 28 tion,
2389 3812 154 32 SlesingersV
2564 3812 144 32 Leemings,
2744 3812 95 27 James'

2302 3852 174 25 andStevens'
2488 3852 156 30 Blisterings,
2662 3852 97 31 Fryer's
2780 3852 60 25 Bal-

2302 3897 62 19 sam,
2390 3889 82 24 Sweet
2483 3889 80 28 Nitre,
2578 3889 94 29 Spavin
2683 3888 86 25 bruise
2779 3897 61 19 con-

2303 3928 88 28 dition,
2410 3927 50 24 and
2484 3928 91 23 Worm
2596 3927 126 29 Powders,
2743 3927 54 25 also

2303 3965 89 24 varied-
2410 3964 71 25 stock
2503 3964 28 25 of
2553 3963 123 33 Saddlery
2691 3965 31 24 in
2743 3964 36 26 all
2810 3967 30 26 its

2304 4002 132 24 branches.

2337 4038 152 26 Horse-hair
2497 4038 52 25 and
2559 4038 124 25 Baeswax
2692 4039 80 32 purct
2777 4042 63 26 ased.

2307 4079 97 25 Second
2414 4078 70 25 hand
2493 4078 99 25 saddles
2609 4077 106 33 bought,
2730 4081 52 25 and
2804 4090 36 18 ex-

2305 4118 115 32 changed
2449 4117 39 26 foi
2521 4125 64 18 new.
2619 4118 83 32 Agent
2732 4120 40 26 for
2805 4123 35 25 the

2306 4157 128 31 Lyttelton
2446 4156 83 25 Times
2540 4155 137 33 Company,
2695 4158 52 25 and
2766 4160 74 26 South

2307 4193 97 26 British
2415 4193 139 24 Insurance
2563 4192 44 27 Co.
2643 4186 93 45 Orders
2747 4195 34 38 by
2791 4200 49 30 post

2308 4239 28 18 or
2347 4232 122 31 telegram
2475 4226 128 38 promptly
2615 4232 120 38 attended
2745 4235 36 27 to.

1794 973 450 43 SADDLERY.

1750 1053 82 52 H.
1858 1053 63 54 J.
1938 1054 348 55 LAMING

1846 1130 348 36 BADDLBK

1985 1175 65 20 AKD

1754 1210 289 39 HARNESS
2077 1213 209 38 MAKER

1899 1261 72 25 Neap.
1989 1262 151 29 Saleyakds,

1786 1303 47 41 O
1857 1300 66 45 X
1947 1304 198 41 FOB
2168 1306 47 39 D
2241 1332 15 14 .

1750 1375 89 25 Orders
1851 1377 51 24 and
1918 1377 105 31 Repairs
2034 1378 127 31 promptly
2171 1379 115 24 executed

1914 1420 26 24 at
1950 1418 88 26 lowest
2049 1422 75 23 rates.

1855 1484 144 39 HORSE
2022 1484 164 39 COVERS

1751 1534 100 39 made
1863 1535 38 39 to
1917 1535 103 39 Order
2034 1535 70 40 and
2118 1535 168 50 Repaired

1766 1595 22 24 A
1801 1594 77 27 Stock
1890 1595 27 25 of
1926 1596 83 25 Horse
2020 1596 124 25 Medicine
2156 1604 33 17 on
2197 1596 75 29 hand,

1827 1637 161 22 SOLOMON'S
2004 1638 150 21 SOLUTION
2168 1639 37 21 &c.
2224 1659 3 4 .

1769 1699 138 45 E.R
1922 1701 345 45 ALLPRESS

1858 1770 136 25 Consulting
2002 1770 47 20 and
2055 1771 90 25 Family
2150 1771 106 25 Chemist,

1938 1803 58 24 239.
2011 1801 89 26 Cashel
2111 1802 83 26 Street
2206 1803 78 29 West,

2006 1839 278 27 CHRISTCHURCH.

1856 1877 10 32 (
1874 1877 66 25 Next
1949 1877 108 25 Zetland
2068 1878 74 25 Arms
2155 1878 77 26 Hotel
2239 1880 11 32 )

1751 1927 41 26 (34
1800 1932 67 20 years
1881 1926 132 26 experience
2026 1927 26 19 at
2060 1927 73 21 Home
2143 1927 47 21 and
2204 1928 26 20 in
2244 1927 42 21 the

1961 1958 115 26 Colonies)

1776 1989 38 21 Mr
1823 1989 101 26 Allpress
1933 1989 56 26 begs
2005 1989 25 21 to
2038 1990 81 21 tender
2131 1989 37 21 his
2185 1989 101 27 grateful

1750 2022 82 21 thanks
1841 2022 25 20 to
1875 2021 36 21 his
1924 2027 120 15 numerous
2054 2022 82 20 clients
2144 2022 142 25 throughout

1749 2054 142 25 Canterbury
1899 2053 36 20 for
1943 2053 41 21 the
1994 2054 94 26 support
2095 2054 75 20 which
2176 2054 42 20 has
2227 2054 58 21 been

1749 2086 138 21 vouchsafed
1903 2087 25 19 to
1948 2086 49 20 him
2012 2086 83 26 during
2115 2087 41 19 the
2177 2087 109 20 nineteen

1749 2125 65 21 years
1822 2119 30 20 he
1861 2119 42 21 has
1912 2118 105 22 followed
2025 2120 37 20 his
2077 2119 126 27 profession
2211 2120 26 20 in
2245 2120 40 20 the

1750 2153 115 24 Province,
1890 2153 46 21 and
1949 2152 90 27 finding
2061 2153 21 21 it
2104 2153 122 21 incumben
2236 2154 12 21 t
2260 2153 25 21 to

1749 2186 120 21 centralize
1886 2186 38 20 his
1936 2186 105 21 business
2055 2187 24 19 in
2102 2187 66 20 order
2180 2188 26 19 to
2227 2188 58 24 keep

1748 2220 49 20 him
1809 2219 26 21 in
1848 2220 70 20 touch
1932 2219 55 21 with
2002 2219 36 21 his
2058 2219 129 26 supporters
2200 2219 26 21 in
2243 2219 41 21 the

1749 2250 153 28 surrounding
1910 2251 98 26 country
2013 2250 108 25 districts,
2129 2250 29 21 he
2165 2250 43 21 has
2214 2250 70 22 taken

1749 2285 40 21 the
1798 2285 71 21 above
1877 2285 109 26 premises
1996 2285 73 21 where
2087 2285 30 20 he
2125 2284 50 21 will
2183 2285 29 21 be
2229 2285 55 26 glad

1749 2319 24 21 to
1782 2318 87 22 receive
1879 2319 37 20 his
1924 2318 87 21 friends
2020 2318 130 28 personally
2163 2325 25 14 or
2196 2319 87 20 receive

1748 2351 61 21 their
1818 2351 77 20 orders
1910 2357 42 20 per
1963 2351 57 25 post.
2048 2351 43 19 His
2110 2350 61 20 Well
2189 2351 93 23 Known,

1749 2382 68 21 Tried
1840 2382 46 21 and
1908 2382 121 27 Approved
2050 2381 120 21 Remedies
2194 2382 38 20 for
2252 2382 32 20 all

1749 2410 83 20 classes
1841 2409 24 20 of
1883 2409 105 21 Diseases
1997 2415 39 13 are
2044 2415 50 13 now
2104 2414 24 14 so
2137 2408 52 20 well
2201 2409 83 20 known

1750 2443 25 13 as
1792 2436 25 21 to
1830 2435 59 21 need
1909 2442 29 14 no
1956 2435 90 21 further
2068 2434 102 21 mention
2193 2435 25 20 in
2236 2435 48 20 this

1749 2463 137 25 necessarily
1895 2462 66 21 short
1969 2461 185 21 advertisement.

1776 2489 20 19 A
1805 2488 45 20 full
1857 2489 62 25 price
1929 2489 49 19 List
1987 2488 23 20 of
2018 2488 33 20 all
2059 2488 36 19 his
2104 2487 91 20 various
2213 2488 71 20 Kem-

1749 2515 61 21 edies
1820 2521 42 15 can
1870 2515 29 21 be
1908 2515 48 21 had
1964 2514 55 21 Post
2032 2515 56 20 Free
2098 2520 29 14 on
2140 2514 143 25 application,

1750 2543 46 20 and
1808 2549 83 20 among
1904 2543 65 21 them
1977 2541 89 22 besides
2074 2541 66 21 those
2149 2541 23 21 of
2182 2548 14 14 a
2203 2541 82 26 purely

1750 2569 98 21 Medical
1867 2570 120 20 Character
2004 2569 48 19 will
2068 2569 29 20 be
2114 2567 73 21 found
2202 2568 79 24 Horse,

1750 2596 73 20 Cattle
1838 2596 47 20 and
1900 2597 51 24 Dog
1966 2595 131 22 Medicines,
2112 2594 23 20 of
2152 2594 133 20 undoxibted

1749 2622 90 25 efficacy
1847 2622 103 24 together
1964 2621 56 21 with
2032 2621 21 20 A
2069 2621 60 20 Host
2137 2621 24 19 of
2170 2620 115 21 Domestic

1750 2649 103 21 Utilities
1863 2649 73 21 Toilet
1950 2648 159 25 Preparations
2118 2647 18 21 &
2145 2647 138 26 Perfumery.

1776 2675 37 21 Mr
1822 2675 101 26 Allpress
1933 2675 85 20 invites
2033 2674 149 26 applications
2197 2674 37 20 for
2248 2673 36 21 his

1749 2703 50 20 List
1808 2702 47 20 and
1869 2702 47 20 will
1929 2701 56 21 send
1994 2701 57 21 Free
2060 2701 24 20 of
2093 2706 96 21 expence
2197 2707 30 14 on
2236 2706 49 15 rec-

1750 2729 48 26 eipt
1807 2729 23 19 of
1839 2729 57 20 Five
1905 2729 106 25 shillings
2021 2728 46 20 and
2076 2727 102 26 upwards
2191 2727 24 19 in
2224 2727 61 26 post-

1749 2755 23 21 al
1780 2755 66 21 notes
1856 2761 26 15 or
1890 2755 66 21 order
1965 2761 46 19 any
2017 2754 79 20 article
2104 2753 82 21 named
2195 2753 89 21 therein

1749 2782 57 20 such
1815 2782 66 20 order
1895 2788 53 19 may
1957 2782 104 19 emanate
2075 2781 57 19 from
2142 2786 42 14 one
2193 2786 89 19 person,

1748 2815 25 14 or
1781 2809 29 21 be
1820 2809 64 20 made
1893 2815 31 19 up
1933 2814 83 19 among
2025 2807 136 26 neighbours
2171 2807 49 19 who
2232 2812 53 19 may

1749 2835 83 27 depute
1850 2842 43 14 one
1905 2835 25 21 of
1944 2835 62 21 their
2017 2834 96 20 number
2124 2834 25 20 to
2163 2835 66 19 make
2244 2833 40 21 the

1749 2862 139 24 remittance,
1897 2861 87 21 receive
1988 2861 40 21 the
2036 2861 70 26 goods
2110 2860 46 20 and
2165 2860 120 20 distribute

1749 2889 40 19 the
1799 2894 60 14 same
1869 2894 29 14 on
1908 2887 91 21 arrival.

1748 2921 77 26 Agent
1834 2920 36 21 for
1880 2920 87 20 Oxford
1975 2920 148 20 and'District
2129 2920 36 19 Mr
2171 2920 27 19 B.
2207 2919 77 20 Keats.

1797 2979 190 54 Money
2001 2981 54 40 to
2076 2979 155 42 Lend.

1804 3065 18 29 I
1837 3065 79 29 have
1945 3074 113 29 money
2086 3069 32 24 to
2146 3064 73 29 lend
2253 3063 33 29 in'

1749 3106 85 39 large
1860 3114 35 21 or
1923 3105 91 29 small
2043 3114 85 20 sums
2164 3113 32 21 to
2225 3105 61 29 suit

1749 3147 180 29 Borrowers
1959 3150 34 25 at
2019 3145 110 30 lowest
2162 3149 124 26 current

1749 3190 92 26 rates.

1830 3224 192 32 WILLIAM
2044 3223 157 38 HOBAN,

1924 3265 190 29 SOLICITOR,

1785 3305 48 24 204
1845 3303 122 26 Hereford
1977 3303 40 26 St.
2030 3303 197 25 Christohurbh
2239 3303 47 24 and

1961 3341 110 25 Kaiapoi.

1752 3419 12 20 i
1776 3422 126 37 THE
1924 3421 128 37 RED
2066 3420 220 39 HOUSE'

1889 3473 74 20 under
1971 3473 41 20 the
2022 3472 123 21 Verardah

1751 3511 39 20 109
1811 3510 105 21 Colombo
1935 3509 64 20 Sreet
2027 3508 242 21 CHEISTCHUECH.

1800 3546 157 38 JOHN
1995 3545 236 38 WILSON

1750 3599 98 20 General
1856 3598 88 22 Dealer,
1960 3597 126 19 Furniture
2094 3597 91 24 Broker,
2196 3598 19 18 &
2219 3598 67 19 Hotel

1805 3633 117 21 Valuatrr.
1961 3633 148 20 Established
2118 3633 28 20 20
2154 3633 79 20 Years.

1750 3687 61 22 John
1820 3686 90 21 Wilson
1914 3686 115 21 embraces
2037 3686 40 20 the
2086 3686 92 25 present
2184 3685 102 27 opportu-

1752 3715 50 26 nity
1811 3715 25 19 to
1848 3714 76 20 thank
1932 3714 38 19 his
1980 3714 130 24 supporters
2119 3712 37 20 for
2164 3713 63 20 their
2236 3718 50 14 cus-

1751 3741 47 19 tom
1808 3740 45 20 and
1861 3741 126 24 patronage
1999 3739 47 20 and
2061 3744 90 15 assures
2162 3739 65 20 them
2236 3739 50 20 that

1752 3773 24 14 as
1786 3767 24 20 in
1819 3766 41 20 the
1867 3766 52 26 past
1928 3763 29 23 he
1973 3766 21 19 is
2006 3764 109 26 prepared
2123 3765 25 19 to
2157 3765 82 25 supply
2248 3764 38 21 the

1751 3794 53 20 best
1812 3792 124 21 Furniture
1947 3792 43 25 &c,
2006 3792 37 20 &c.
2058 3792 26 20 at
2098 3790 73 28 prices
2186 3791 60 27 fully
2262 3792 24 19 20

1752 3828 41 19 per
1802 3820 53 20 cent
1863 3820 46 20 less
1916 3820 57 19 than
1983 3818 111 21 hitherto.

1808 3856 60 21 John
1890 3855 88 21 Wilson
2005 3854 46 20 will
2074 3854 92 20 furnish
2185 3861 15 13 a
2218 3854 68 20 house

1753 3882 137 25 throughout
1896 3882 37 19 for
1942 3882 53 22 J>2o,
2025 3880 61 20 John
2094 3880 90 20 Wilson
2192 3881 48 19 will
2248 3880 38 20 sell

1754 3915 45 21 you
1813 3915 14 14 a
1848 3907 117 21 Duchesse
1988 3906 71 21 Chest
2066 3907 114 20 Drawsers
2189 3906 36 21 for
2239 3906 47 27 50/-.

1782 3935 59 21 John
1850 3934 88 21 Wilson
1957 3933 46 20 will
2022 3933 43 20 sell
2083 3939 45 19 you
2144 3938 15 14 a
2177 3933 71 20 Chest
2267 3933 19 20 of

1754 3964 104 19 Drawers
1867 3961 35 20 for
1911 3959 51 26 20/-.
2004 3960 61 20 John
2074 3959 89 21 Wilson
2185 3959 47 21 will
2251 3959 35 21 sell

1754 3995 46 20 you
1828 3987 89 21 Double
1943 3987 54 19 Iron
2022 3985 126 21 Bedsteads
2178 3985 39 21 for
2239 3985 47 27 25/-.

1756 4015 83 25 Spring
1848 4013 132 21 Mattresses
1989 4011 46 28 25/-
2044 4012 122 20 Palliasses
2176 4018 46 20 any
2229 4012 57 25 price

1756 4048 55 20 you.
1814 4041 52 20 like.
1905 4039 144 25 Everything
2063 4039 76 24 cheap,
2149 4038 137 27 Everything

1757 4067 58 28 good
1824 4067 46 21 and
1879 4072 45 21 you
1933 4072 44 14 can
1989 4065 41 26 get
2040 4065 137 26 everything
2185 4065 59 20 from
2253 4065 33 21 the

1757 4094 74 23 useful
1839 4094 63 21 little
1910 4092 80 22 needle
1997 4091 6 9 <
2003 4091 26 22 to
2047 4092 40 21 the
2105 4091 127 26 proverbial
2255 4098 31 15 an-

1757 4123 59 20 chor.
1907 4138 7 7 
1939 4136 1 2 ■
1966 4128 3 15 ;

1757 4148 62 22 THE
1837 4147 63 21 RED
1914 4143 109 24 HOUSE!
2046 4145 40 20 109
2096 4144 104 22 Colombo
2210 4145 76 22 Street.

1921 4172 80 21 JOHN
2016 4171 128 21 WILSON.

1784 4200 124 23 Furniture
1917 4198 100 27 Bought,
2032 4197 49 21 sold
2104 4202 36 15 or.
2156 4197 130 28 exchanged

1759 4229 63 21 Sales
1838 4225 111 23 attended
1996 4224 149 22 commission;

1201 972 176 46 JOHN
1448 973 290 57 INGRAM,

1204 1081 104 26 LICENCED
1329 1081 57 26 LAND
1397 1082 93 30 BROKER,
1505 1083 125 29 VALUATOR,
1646 1084 93 29 ESTATE,

1217 1112 131 29 INSURANCE,
1359 1114 15 23 &
1384 1114 100 24 GENERAL
1494 1114 140 26 COMMISSION
1644 1115 80 25 AGENT.

1200 1146 68 25 Agent
1272 1147 38 25 for
1319 1148 34 20 the
1362 1147 104 21 National
1474 1149 113 20 Insurance
1599 1149 104 26 Company
1717 1154 22 20 oj

1378 1179 50 20 New
1443 1180 102 21 Zealand.

1225 1209 171 32 OXFORD
1418 1213 28 28 &
1470 1211 253 31 SHEFFIELD.

1454 1258 28 18 ♦
1492 1257 3 3 •
1517 1257 2 2 •
1519 1265 43 5 —
1596 1261 1 1 ■

1202 1281 148 28 Fortnightly
1359 1282 98 21 Auction
1468 1282 63 21 Sales
1541 1282 54 21 held
1604 1283 24 20 in
1633 1283 40 21 the
1680 1284 58 21 Mar-

1201 1315 41 21 ket
1251 1315 75 21 Yards
1336 1316 129 25 OXFORD,
1476 1323 69 20 every
1553 1317 84 21 second
1654 1317 84 21 Thurs-

1203 1347 50 26 day.
1268 1347 108 27 Monthly
1386 1348 64 21 Sales
1459 1349 56 20 held
1524 1349 26 20 at
1558 1349 89 21 Market
1656 1349 82 25 Yards,

1204 1378 178 21 SHEFFIELD.
1444 1380 94 20 Private
1556 1381 100 20 Auction
1675 1382 64 20 Sales

1200 1409 144 23 undertaken
1353 1416 46 20 any
1407 1411 54 26 part
1471 1411 24 21 of
1503 1411 41 22 the
1555 1413 103 25 country.
1685 1413 54 21 Pro-

1200 1442 66 27 perty
1277 1442 100 27 Bought,
1386 1443 60 24 Sold,
1456 1449 26 14 or
1491 1443 48 21 Let.
1552 1444 47 20 and
1604 1444 134 21 Valuations

1201 1476 110 26 carefully
1320 1477 73 20 made.
1424 1477 66 20 Land
1498 1477 106 27 Brought
1604 1478 82 27 junder
1698 1479 41 21 the

1202 1509 106 21 Transfer
1315 1510 51 24 Act,
1397 1510 125 25 Transfers,
1536 1511 90 25 Leases,
1640 1511 18 20 &
1663 1512 75 20 Deeds

1201 1541 22 20 of
1232 1541 134 27 Mortgages
1380 1542 78 21 drawn
1466 1549 37 21 up.
1541 1542 84 28 Money
1634 1544 105 21 invested

1202 1573 45 19 and
1256 1573 108 21 obtained
1373 1574 34 20 for
1417 1574 86 21 Clients
1513 1580 29 14 on
1552 1575 127 26 Mortgage.
1700 1575 38 21 In-

1233 1610 95 15 surance
1346 1605 97 21 effected
1459 1611 29 15 on
1498 1606 124 26 Buildings
1632 1606 24 21 of
1664 1612 46 21 any

1277 1636 143 27 description,
1430 1637 47 21 and
1485 1637 63 21 their
1557 1638 111 21 contents.

1201 1672 59 21 HAS
1274 1673 57 20 FOR
1345 1672 71 21 SALE
1433 1673 39 20 BY
1487 1674 124 20 PUIVATE
1625 1674 113 21 TBEATX

1228 1709 20 19 A
1257 1709 56 24 good
1331 1709 156 26 Agricultural
1496 1709 46 21 and
1550 1710 104 20 Pastoral
1670 1710 69 20 Farm

1200 1740 130 26 containing
1341 1742 40 18 522
1390 1747 63 15 acres
1462 1742 137 23 Freehold,&
1605 1743 41 20 240
1658 1742 80 21 Lease-

1200 1773 54 21 hold
1263 1775 25 19 at
1296 1773 65 21 View
1370 1774 51 20 Hill
1430 1775 153 21 devidedinto
1593 1777 27 19 12
1624 1775 114 27 paddocks

1201 1807 51 20 well
1260 1808 99 21 watered
1367 1808 80 21 within
1457 1808 28 27 4J
1494 1809 65 21 miles
1569 1809 59 21 from
1637 1809 102 27 Eailway

1201 1839 97 25 Station,
1313 1840 141 21 substantial
1473 1841 13 21 5
1496 1841 92 21 roomed
1606 1841 74 21 House
1699 1848 40 14 sur

1200 1874 102 21 rounded
1315 1874 31 27 by
1353 1880 15 15 a
1377 1874 50 21 nice
1436 1875 138 25 plantation,
1584 1876 65 26 large
1660 1875 78 21 Stable

1200 1907 46 20 and
1254 1908 109 20 outsheds
1372 1908 95 20 thereon
1467 1919 27 4 —
1494 1909 63 24 price
1566 1915 56 20 very
1630 1909 49 20 low.

1227 1944 21 19 A
1257 1943 50 21 nice
1316 1944 62 20 little
1388 1944 68 20 Farm
1466 1944 28 20 60
1503 1944 64 20 Acres
1578 1949 26 16 at
1616 1944 64 21 West
1694 1944 44 20 Ox-

1199 1975 54 21 ford
1261 1977 62 26 price
1333 1977 33 20 £Q
1380 1978 44 19 10s.
1434 1984 41 20 per
1484 1984 58 19 acre,
1553 1984 54 20 easy
1615 1978 79 25 terms,

1296 2019 34 20 On
1340 2020 92 19 account
1442 2020 23 19 of
1474 2020 36 20 Mr
1525 2020 124 21 Allpbess.

1226 2061 42 20 His
1277 2067 51 21 very
1336 2062 174 21 nice'residence
1520 2062 98 26 opposite
1630 2064 38 19 the
1681 2062 57 21 Par-

1200 2098 81 19 sonage
1287 2093 59 20 East
1350 2093 85 20 Oxford
1440 2094 37 19 for
1483 2094 47 20 sale
1538 2100 57 20 vary
1602 2094 77 26 cheap,
1688 2094 51 20 half

1198 2130 53 24 jacre
1260 2123 24 22 of
1292 2124 61 25 land,
1364 2125 57 25 good
1431 2125 93 27 garden.

1197 2160 2 19 I
1263 2162 35 20 On
1308 2163 97 20 account
1414 2163 23 21 of
1446 2163 41 21 Mb
1497 2163 77 21 Jambs
1588 2163 95 21 Fisher.

1211 2196 29 19 .4
1244 2193 65 22 acres'
1317 2196 22 20 of
1357 2196 56 20 land
1432 2196 107 26 dwelling
1557 2196 71 21 house
1640 2197 98 20 thereon

1199 2226 64 26 quite
1272 2232 15 14 a
1296 2227 105 26 bargain.

1372 2260 25 19 to
1406 2260 71 21 Lease
1486 2266 15 15 a
1510 2260 66 21 small
1585 2260 75 27 Dairy
1668 2260 69 21 Farm

1199 2292 59 20 from
1267 2293 28 19 40
1303 2292 24 20 to
1342 2292 40 19 100
1386 2297 70 15 acres.
1675 2296 2 17 :

1230 2325 45 20 For
1288 2324 137 27 particulars
1439 2325 71 26 apply
1524 2325 24 20 to

1200 2377 194 33 JOHN
1425 2377 309 33 INGRAM

1197 2472 2 18 i
1257 2467 260 26 CALEDONIAN
1534 2467 146 26 HOUSE.

1199 2527 220 46 JAMES

1280 2584 84 26 BOOT,
1382 2584 84 26 SHOE.
1483 2585 25 25 &
1523 2584 125 26 SLIPPER

1333 2615 262 31 Manufacturer.

1301 2660 117 31 WEST
1453 2660 181 31 OXFORD.

1199 2711 49 21 Has
1258 2718 29 14 on
1296 2711 63 21 hand
1367 2717 13 14 a
1390 2711 104 26 splendid
1502 2711 133 21 assortment
1640 2710 25 22 of
1670 2711 69 21 Boots

1199 2744 45 19 and
1254 2743 70 20 Shoes
1334 2742 66 21 made
1420 2748 29 14 on
1459 2743 39 20 the
1507 2742 106 24 premises
1632 2742 26 21 at
1667 2742 71 24 prices

1198 2773 54 22 that
1261 2773 52 27 defy
1323 2773 152 27 competition.
1503 2773 61 26 Boys
1573 2768 80 26 School
1661 2773 75 25 Boots,

1198 2806 58 20 back
1266 2812 71 14 seams
1347 2805 46 21 and
1402 2805 63 21 front
1474 2805 64 21 hand
1545 2810 66 19 sewn,
1619 2803 84 23 cannot
1709 2805 28 21 be

1199 2838 126 26 surpassed.
1357 2837 69 21 Men's
1435 2837 51 21 best
1491 2836 150 27 waterfcights,
1651 2837 87 26 pegged

1198 2869 51 26 [15/-.
1288 2869 100 26 Bespoke
1411 2869 142 24 department
1575 2868 105 24 carefully
1704 2869 34 19 at-

1198 2900 68 21 tonde
1297 2900 30 20 to.
1356 2900 40 20 Fit
1414 2899 47 21 and
1479 2899 171 27 Workmanship
1669 2899 69 20 Guar-

1198 2932 86 20 anteed.
1313 2932 93 24 Kepairs
1415 2931 79 23 neatly
1503 2930 47 20 and
1557 2930 115 27 promptly
1680 2931 58 20 done

1198 2963 24 21 at
1230 2963 132 21 reasonable
1370 2963 74 25 prices

1208 3016 91 20 Branch
1312 3015 182 21 Establishment
1502 3022 5 12 :
1522 3015 60 19 Near
1600 3014 68 22 Town
1677 3013 56 21 Hall

1385 3042 57 20 East
1452 3041 93 21 Oxford.

1380 3153 312 43 STOCKS,

1198 3212 343 31 MONUMENTAL
1564 3212 173 36 MASON,

1322 3263 132 31 Madras
1478 3263 126 36 Street,

1241 3315 455 32 CHRISTGHURCH.

1203 3406 159 59 WISHES
1380 3408 26 22 to
1423 3407 88 23 inform
1522 3414 99 22 persons
1640 3407 25 22 in
1674 3408 64 21 want

1291 3440 26 23 of
1332 3439 167 24 Monumental
1522 3439 75 23 Work
1625 3439 54 23 that
1707 3438 31 23 he

1199 3473 97 22 intends
1315 3475 25 20 to
1363 3471 90 24 SELL
1480 3471 62 24 HIS
1576 3469 161 26 PRESENT

1200 3503 117 25 LARGE
1338 3502 118 30 STOCK,
1474 3502 132 31 consisting
1623 3502 26 24 of
1661 3501 76 26 Gran-

1201 3537 33 23 ite
1252 3536 101 29 Marble,
1380 3535 46 24 and
1453 3536 68 23 other
1548 3534 75 26 Stone
1651 3534 87 24 Monu-

1202 3572 85 24 ments,
1317 3572 26 20 at
1371 3568 161 30 considerably
1567 3567 171 24 REDUCED

1201 3601 133 23 PRICES.
1367 3600 59 24 Iron
1442 3600 101 27 Fences,
1562 3599 113 23 Concrete
1691 3600 47 21 and

1204 3632 73 25 Stone
1294 3631 126 31 Kerbings,
1438 3631 101 23 reduced
1549 3630 25 23 in
1592 3630 71 31 price.
1698 3629 40 24 In-

1202 3665 126 29 scriptions
1347 3664 48 23 and
1413 3663 33 24 all
1463 3662 66 25 work
1546 3663 25 22 in
1599 3662 140 24 connection

1204 3697 55 23 with
1277 3697 41 23 the
1335 3695 69 25 trade
1416 3695 60 24 done
1487 3695 26 23 in
1524 3694 132 25 first-class
1670 3695 68 29 style.

1205 3729 75 29 Early
1297 3728 133 30 inspection
1448 3727 99 24 invited.
1585 3726 95 25 Several
1689 3735 50 14 new

1204 3762 61 22 lines
1281 3761 75 29 lately
1385 3760 101 23 arrived.
1521 3758 55 31 Any
1603 3758 136 24 reasonable

1205 3793 58 24 offer
1280 3792 37 24 for
1334 3792 40 24 the
1392 3796 94 26 present
1503 3791 69 24 stock
1588 3790 51 26 will
1664 3789 75 26 result

1206 3826 22 24 in
1246 3835 14 14 a
1279 3826 58 24 sale.
1373 3824 76 24 Want
1472 3825 26 24 to
1515 3823 92 24 realise.

1257 3920 75 37 GK
1385 3916 316 46 SMITH,

1208 3981 87 43 ZINC,
1319 3979 68 38 TIN,
1413 3979 64 37 AND
1500 3977 116 39 SHEET,
1642 3977 97 37 STEEL

1413 4042 139 22 WORKER

1244 4082 88 40 High
1355 4080 112 38 Street,
1491 4080 80 30 East
1593 4077 132 32 Oxford.:

1211 4182 40 25 All
1262 4182 73 23 kinds
1347 4181 27 24 of
1388 4181 97 30 Pumps
1496 4179 78 24 Fixed
1585 4180 23 23 &
1625 4178 114 32 Repaired

1326 4225 27 24 at
1364 4223 45 25 the
1421 4223 110 25 shortest
1542 4221 92 26 notioe.

167 1470 165 29 BUILDEE,
377 1465 246 30 UNDERTAKES,
669 1459 276 30 WHEELWRIGHT
979 1457 75 26 ETC.

42 1545 99 35 \7C7
145 1541 105 27 ISHES
267 1544 25 22 t0
315 1540 77 31 notify
414 1541 26 23 to
462 1539 41 23 the
519 1537 81 32 public
616 1537 53 24 tbat
692 1535 33 24 lie
745 1534 21 24 is
778 1542 13 15 a
792 1541 32 24 PP
826 1532 82 25 oiated
927 1531 82 32 Agent
1025 1530 39 24 for
1081 1529 40 24 the

35 1631 262 44 WALTER
316 1629 56 52 A.
393 1626 230 46 WOOD'S
644 1626 242 49 Reapers
904 1621 33 41 &
957 1620 230 44 Binders

265 1726 217 44 Mowers
514 1723 100 44 and
644 1720 183 45 Rakes.

100 1835 6 4 -
156 1824 60 19 ALL
243 1820 119 23 EXTEAS
390 1818 57 22 FOR
475 1816 98 22 THESE
599 1812 158 24 MACHINES
785 1810 81 21 KEPT
893 1809 34 20 IN
958 1806 100 23 STOCK.

35 1906 50 23 also
98 1904 40 24 W.
152 1903 30 23 A.
195 1902 101 24 Wood's
308 1900 92 23 Binder
412 1898 84 25 Twine
508 1896 49 25 and
569 1895 41 29 oil,
623 1894 137 26 Valvoline,
774 1890 95 28 Castor,
881 1888 88 25 Boiled
976 1888 21 23 &
1007 1887 61 24 Raw
1077 1883 108 26 Linseed

36 1947 47 30 Oil,
100 1945 120 30 Building
237 1941 127 26 Materials
387 1940 50 25 and
458 1939 181 29 Ironmongery
658 1935 26 26 of
701 1941 71 24 every
790 1931 151 32 description
953 1931 27 24 at
1001 1928 95 25 Lowest
1107 1927 78 24 Rates

531 1981 80 31 Agent
627 1979 39 25 for

277 2038 62 21 THE
367 2035 204 23 MANCHESTER
598 2030 176 24 INSURANCE
802 2028 153 22 COMPANY.

331 2165 56 41 J,
440 2163 58 40 3.
539 2159 103 42 CO
656 2156 120 42 OK
792 2184 15 18 9

562 2221 44 20 The
624 2217 93 26 People's
733 2216 97 24 Chemist,

670 2259 92 27 Oashel
777 2260 97 32 Street,

856 2296 287 30 CHRISTCHURCH/

723 2355 130 34 (Opposite
863 2355 44 24 the
927 2353 57 24 A.I.
997 2351 90 32 Hotel)

42 2439 12 19 I
70 2439 54 20 have
133 2437 97 26 pleasure
239 2436 23 20 in
273 2434 105 25 thanking
388 2440 36 19 my
433 2431 80 21 friends
521 2431 43 20 and
574 2429 122 26 supporters
706 2427 35 20 for
750 2425 37 21 the
797 2424 121 21 confidence
928 2423 43 20 and
990 2428 50 19 very
1048 2420 76 20 liberal
1133 2420 54 25 pat-

33 2481 80 18 ronage
130 2473 69 20 which
209 2473 40 19 has
259 2472 53 20 been
319 2470 101 21 extended
429 2470 21 20 to
458 2475 33 14 me
498 2468 34 20 for
541 2467 37 20 the
586 2466 50 26 past
646 2470 67 20 years,
722 2464 12 19 I
744 2462 56 21 trust
809 2461 49 21 that
867 2461 12 19 I
889 2459 56 21 shall
952 2459 63 20 merit
1025 2457 36 21 the
1071 2456 114 21 continued

32 2513 117 24 patronage
159 2510 22 20 of
190 2515 36 19 my
235 2506 81 23 friends
326 2506 43 21 and
378 2506 36 21 the
423 2504 72 27 public
502 2503 114 26 generally,
643 2500 83 25 During
735 2498 37 20 the
781 2503 61 20 years
851 2497 12 19 I
876 2496 55 20 have
938 2494 53 21 been
1000 2494 24 19 in
1032 2492 153 21 Chnstchurch

31 2549 56 20 have
97 2546 112 27 dispensed
215 2551 66 20 many
289 2544 118 21 thousands
417 2542 22 22 of
447 2541 152 27 prescriptions
609 2539 44 21 and
662 2535 138 26 successfully
809 2534 81 21 treated
901 2531 80 22 several
990 2529 120 23 thousands
1121 2529 21 21 of
1148 2535 37 20 my

31 2586 102 25 patients.
144 2585 11 19 I
165 2590 35 14 am
209 2583 54 25 fully
273 2580 126 26 acquainted
407 2579 52 22 with
469 2579 36 20 the
509 2577 97 21 business
613 2576 24 20 in
643 2576 30 20 ah
678 2574 29 20 its
716 2572 111 23 branches,
838 2570 43 21 and
890 2569 18 21 it
912 2569 61 26 ismy
977 2568 121 21 endeavour
1108 2566 77 25 always

31 2624 23 18 to
66 2621 120 26 personally
201 2619 74 20 attend
294 2619 23 19 to
327 2618 34 20 the
378 2615 151 26 requirements
539 2614 44 20 and
592 2612 74 21 obtain
677 2610 36 21 the
723 2608 122 21 confidence
861 2607 22 19 of
902 2606 29 19 all
949 2605 48 20 who
1016 2603 75 25 kindly
1110 2603 75 20 favour

31 2666 35 14 me
82 2658 52 21 with
145 2656 55 22 their
210 2656 124 26 patronage.

68 2696 64 22 TRY
153 2696 49 20 MY
221 2694 94 22 CURE
333 2692 64 21 FOR
415 2691 64 20 ALL
497 2688 107 22 KINDS
620 2687 42 21 OF
679 2684 81 22 SKIN
790 2681 175 23 DISEASE—

131 2732 13 19 I
154 2737 36 14 am
200 2728 135 25 exceedingly
345 2726 115 22 successful
471 2725 24 21 in
505 2731 37 18 my
548 2722 101 22 remedies
658 2722 34 20 for
701 2720 45 21 this
754 2718 126 26 complaint,
889 2717 56 19 have
955 2722 12 14 a
972 2715 59 25 large
1047 2713 92 21 number
1150 2712 23 21 of

190 2764 151 23 testimonials.

29 2809 64 19 TRY
106 2807 49 21 MY
175 2805 74 22 NEW
268 2802 143 22 REMEDY
430 2801 63 20 FOR
513 2798 96 21 LIVER
623 2796 71 21 COM
703 2793 143 21 PLAINTS
863 2791 42 21 AN
914 2791 19 20 D
948 2791 6 20 I
962 2790 18 21 N
988 2788 196 23 DIGESTION.

29 2811 63 19 TRY
106 2811 47 17 MY
151 2831 21 20 h
173 2811 166 40 JJW«™
353 2828 38 24 pat
393 2827 5 4 .
400 2828 47 18 enta
457 2825 55 19 haye
522 2822 80 27 proyed
610 2821 18 21 it
638 2819 75 26 highly
729 2819 53 19 satls
783 2817 10 20 f
794 2824 24 13 ac
820 2819 54 23 tory.

181 2868 80 28 Large
275 2862 75 29 Stock
368 2863 27 24 of
404 2859 34 28 all
449 2861 73 23 kinds
534 2859 25 25 of
570 2859 89 24 Patent
680 2855 136 25 Medicines
840 2855 26 23 at
894 2852 72 25 Store
982 2851 94 24 Prices.

199 2906 22 23 A
232 2903 118 31 coniplete
353 2926 8 10 i
374 2901 150 24 Assortment,
545 2898 26 24 of
590 2893 178 32 Honioepathic
795 2892 142 24 Medicines.

106 2950 43 26 All
167 2946 126 28 DRUGS
310 2943 192 28 Guaranteed
520 2942 86 30 Pure,
622 2939 75 25 Best
719 2935 130 36 Quality,
869 2934 57 24 and
943 2934 118 24 Lowest
1088 2931 82 24 Price

164 2986 302 30 PBESCBIPTIOJVS
482 2985 120 30 carefully
621 2983 49 22 and
690 2981 113 28 correctly
827 2978 134 30 dispensed.

337 3019 613 44 CO-N-QTJ-LTATIONS
989 3016 193 34 FREE

430 3070 115 31 JOHN
568 3068 29 30 S.
623 3065 147 34 COOKE,

379 3120 147 33 Registered
560 3113 211 30 Pharniacentical
788 3113 120 28 Chemist,

723 3153 112 26 Cashel
862 3153 116 29 Street,

855 3185 279 27 OHRISTCHURCH.

31 3246 424 137 ~~aTj.
557 3279 482 102 white,

177 3423 391 52 FURNISHING
677 3410 391 52 WAREHOUSE

411 3510 487 56 CHRISTCHURCH.

41 3618 25 24 Is
84 3618 47 24 the
155 3616 82 33 depot
254 3613 89 24 where
366 3617 55 27 you
446 3614 50 18 can
517 3612 45 18 see
582 3604 47 24 the
649 3602 111 33 Largest
789 3599 83 27 Stock
898 3598 31 24 in
959 3597 70 25 New
1074 3593 115 27 Zealand

446 3658 29 28 of
494 3658 39 26 all
553 3655 80 27 kinds
644 3654 28 26 of
681 3660 6 17 '•
689 3666 37 6 —

40 3717 282 54 CARPETS,
366 3705 441 54 FLOORCLOTHS,
830 3700 358 47 LINOLEUMS

126 3807 206 53 CHINA,
367 3802 202 54 GLASS,
611 3793 520 50 EARTHENWARE-

386 3894 359 51 FURNITURE
778 3894 81 43 &c.

42 4002 52 42 at
138 3996 52 44 A.
233 3995 40 44 J,
303 3993 128 44 W/S
489 4002 104 32 YOU
646 3998 102 34 CAN
796 3995 213 34 DEPEND
1059 3992 130 31 UPON

44 4085 106 35 THE
181 4082 129 33 BEST
343 4080 163 34 GOODS
537 4077 67 33 AT
635 4073 108 34 THE
775 4072 213 33 LOWEST
1008 4068 181 33 PRICES

98 4151 169 44 Steam
288 4141 213 49 Cabinet
520 4142 101 45 and
640 4138 305 55 XJpbolstery
962 4134 193 44 Works

363 4222 78 45 St.
479 4218 179 49 Asaph
687 4215 217 45 Street.

22 632 22 13 K

63 505 27 220 SELLING
62 393 27 97 OFF
63 177 29 174 BELOW
68 25 27 124 COST

119 619 22 82 MENS
122 549 20 56 ALL
121 449 21 86 WOOL
120 289 22 146 COLONIAL
120 169 23 106 TWEED
124 71 22 83 SUITS

177 526 23 52 255.
176 438 25 54 255.
176 351 24 52 255.
178 265 23 51 255.
178 179 24 52 255.

239 568 26 44 AT
239 399 26 153 PARISH'S
239 297 26 85 EAST
240 135 28 144 OXFOKD.
