3550 4520
1984 1657 213 26 MARRIAGES.

1850 1743 149 24 Parkinson.
2005 1756 29 5 —
2034 1743 138 24 Parish.—
2172 1743 72 31 April
2256 1743 61 27 17th
2329 1745 26 24 at

1819 1784 39 26 St.
1870 1784 119 26 Andrews
2001 1784 106 31 Church,
2121 1786 31 31 by
2163 1785 45 25 the
2218 1786 94 24 Eevß.
2322 1786 23 23 F

1818 1826 113 30 Garbett,
1941 1828 66 24 John
2017 1827 149 31 Parkinson,
2179 1827 58 25 fifth
2263 1835 46 17 son
2329 1828 26 25 of

1816 1871 43 25 the
1870 1868 51 27 late
1950 1870 239 29 T.H.Parkinson,
2213 1871 66 25 Park
2300 1871 54 25 Hill

1818 1913 104 25 Gebbies
1933 1912 96 33 Valley,
2038 1915 27 24 to
2075 1913 57 25 Ada
2145 1913 78 26 eldest
2232 1913 122 33 daughter

1816 1957 27 23 of
1857 1956 111 24 Richard
1978 1956 110 24 Holman
2104 1956 97 30 Parish,
2220 1957 64 24 East
2304 1957 48 24 Ox-

1816 1997 62 24 ford.

1849 2040 108 26 Wright
1959 2055 31 4 —
1990 2040 156 26 Vincent.—
2145 2041 75 31 April
2243 2041 71 25 19th-
2326 2043 26 23 at

1816 2082 30 26 St
1862 2082 120 26 Andrews
1994 2082 109 29 Church,
2113 2082 34 32 by
2157 2075 152 33 the*Rev-R.
2321 2083 31 24 P.

1817 2124 126 31 GarbetV
1962 2124 112 27 William
2083 2146 4 2 .
2102 2124 100 33 Wright
2230 2126 26 24 to
2277 2125 75 32 Mary

1816 2168 91 25 second
1926 2168 123 32 daughter
2065 2167 28 26 of
2109 2167 108 26 Edward
2244 2167 108 27 Vincent

1815 2210 65 25 East
1903 2211 99 24 Oxford.

1835 2383 76 118 The
1936 2383 151 118 Oxford
2112 2383 226 118 Observer.

1896 2501 193 18 PUBLISHED
2107 2502 160 22 WEEKLY.

1839 2584 102 22 SATURDAY
1941 2584 24 22 APRIL
1965 2584 20 22 21st,
1985 2584 21 22 1894.

1854 2700 169 32 SCHOOL
2054 2701 252 32 COMMITTEE

1948 2746 255 34 ELECTIONS.

1854 2843 64 31 The
1929 2843 114 31 annual
2050 2845 138 40 meeting
2197 2845 35 31 of
2241 2845 107 32 house-

1810 2885 124 29 holders
1949 2885 63 31 will
2025 2885 73 31 take
2112 2886 92 39 place
2232 2886 33 30 in
2293 2887 55 30 the

1811 2926 117 30 several
1947 2926 207 30 schoolrooms
2168 2927 34 29 in
2216 2927 54 30 the
2284 2928 61 29 dis-

1811 2966 73 29 trict
1898 2976 48 20 on-
1953 2965 140 40 Monday
2106 2970 77 26 next
2201 2966 62 31 and
2279 2977 69 21 now

1809 3006 70 29 that
1892 3005 54 30 the
1957 3015 120 21 women
2097 3006 80 30 have
2191 3007 55 29 the
2260 3008 15 28 f
2276 3018 69 20 ran-

1810 3046 61 30 cise
1880 3046 26 30 it
1920 3046 26 29 is
1959 3049 34 26 to
2023 3046 37 30 be
2094 3046 103 39 hoped
2232 3048 71 29 that
2329 3058 18 19 a

1810 3088 124 37 greater
1947 3086 132 30 interest
2093 3086 64 31 will
2185 3087 40 30 be
2252 3087 95 31 taken

1809 3127 35 29 in
1863 3126 55 30 the
1945 3130 124 33 matter,
2084 3137 47 21 we
2143 3128 82 39 hope
2253 3132 32 26 to
2297 3139 51 20 see

1809 3168 54 30 the
1872 3167 135 31 mothers
2020 3168 109 30 attend
2138 3168 62 30 and
2211 3168 74 32 hear
2293 3169 55 31 the

1809 3208 178 38 Inspectors
2001 3213 106 34 report
2133 3209 76 29 read
2224 3210 62 29 and
2301 3219 46 20 as-

1811 3248 57 31 sist
1881 3251 34 27 to
1926 3248 78 30 elect
2033 3259 20 19 a
2067 3247 183 33 Committee
2278 3250 70 30 that

1810 3290 63 29 will
1894 3289 79 30 have
1986 3289 55 30 the
2072 3289 130 31 interest
2239 3291 34 29 of
2294 3291 54 30 the

1811 3330 139 30 children
1962 3330 63 30 and
2039 3332 128 36 parents
2196 3333 34 27 at
2256 3331 92 30 heart

1811 3370 62 30 and
1886 3372 57 27 not
1955 3369 94 30 think
2062 3370 82 30 their
2167 3370 79 40 duty
2274 3382 71 19 con-

1811 3409 73 32 sists
1898 3409 35 30 in
1941 3410 121 38 closing
2071 3410 54 30 the
2134 3411 104 30 school
2247 3412 102 29 under

1812 3460 63 28 any
1891 3449 62 30 and
1967 3459 94 30 every
2074 3453 120 35 pretex,
2205 3451 145 31 however

1813 3490 94 30 much
1920 3489 54 30 the
1988 3489 80 31 East
2088 3488 122 32 Oxford
2237 3486 111 35 School

1813 3529 180 31 Committee
2021 3530 81 30 have
2133 3532 216 37 transgressed

1812 3570 34 30 in
1858 3570 64 30 this
1944 3569 152 31 direction
2110 3570 55 30 the
2284 3572 66 31 Ox-

1811 3610 72 30 ford
1919 3610 108 30 school
2055 3612 175 30 committee
2269 3612 79 31 have

1812 3652 79 29 been
1904 3651 93 30 much
2027 3659 104 30 worse,
2161 3652 94 40 fancy
2282 3662 67 30 any

1813 3692 173 30 committee
2000 3691 34 30 of
2048 3701 74 20 sane
2138 3701 73 21 men
2221 3693 127 39 passing

1812 3742 19 19 a
1844 3732 167 30 resolution
2025 3732 69 29 that
2107 3732 91 30 when
2222 3734 54 29 the
2305 3737 43 26 at-

1811 3772 151 30 tendance
1977 3781 41 20 on
2029 3782 63 29 any
2106 3772 62 40 day
2181 3772 56 30 fall
2250 3774 100 30 below

1813 3814 39 29 30
1877 3812 54 31 the
1959 3811 106 32 school
2098 3815 35 28 to
2162 3813 39 30 be
2230 3812 117 33 closed.

1812 3852 147 32 Children
1972 3862 73 30 may
2078 3853 81 30 walk
2190 3854 88 30 miles
2299 3857 49 30 :to

1813 3894 106 31 school
1933 3893 63 30 and
2003 3893 84 36 have,
2093 3896 34 27 to
2138 3895 109 28 return
2257 3894 92 29 home

1812 3933 93 41 again
1939 3934 130 31 because
2118 3932 54 33 tlje
2203 3934 146 38 required

1811 3974 132 30 number
1957 3973 54 30 did
2028 3975 58 28 not
2119 3973 61 30 roll
2213 3983 54 29 up,
2292 3974 56 30 the

1813 4014 143 38 question,
1973 4023 74 29 may
2080 4009 72 34 well
2185 4013 39 30 be
2251 4013 97 30 asked

1813 4062 6 7 •
1823 4056 9 13 f
1840 4053 73 41 why
1927 4053 40 30 do
1980 4052 55 30 the
2048 4052 154 30 members
2230 4052 34 30 of
2287 4051 62 32 this

1811 4094 119 31 branch
1943 4094 34 29 of
1997 4092 54 31 the
2068 4093 105 39 public
2187 4094 160 30 service-

1812 4135 235 30 schoolmasters
2047 4149 42 6 —
2116 4136 55 36 get
2195 4142 35 21 so
2241 4139 5 5 v
2254 4139 95 35 many

1811 4174 125 40 holiday
1950 4173 141 39 holidays
2106 4174 63 28 and
2188 4173 60 30 full
2261 4175 86 39 pay?

1812 4215 76 39 they
1912 4214 80 30 have
2013 4213 61 30 less
2099 4212 142 41 working
2254 4212 96 33 hours

1811 4254 79 35 tltfiri
1891 4256 6 13 1
1902 4256 63 38 iany
1979 4252 90 32 other
2083 4252 116 40 'public
2223 4258 127 27 servant

1812 4294 62 31 and
1884 4294 143 31 however
2039 4296 222 29 monotonous^
2267 4295 83 30 their

1813 4331 184 44 occupation
2007 4343 74 31 may
2095 4334 39 31 be
2142 4334 27 30 it
2178 4334 27 31 is
2217 4334 133 43 nothing

1814 4375 162 41 compared
1989 4378 36 27 to
2032 4375 55 30 the
2096 4374 101 33 clerks-

1805 4416 48 38 [ed
1866 4417 34 30 in
1912 4416 55 31 the
1981 4415 141 41 Railway
2151 4416 198 40 department

2411 194 97 30 What
2522 205 19 19 a
2561 193 85 31 noise
2661 193 104 29 would
2792 193 39 29 be
2862 196 45 25 set

2372 246 42 28 up
2428 234 27 30 if
2466 235 87 29 these
2568 234 103 30 clerks
2706 243 81 20 were
2816 233 92 38 given

2372 280 53 26 ten
2439 274 63 30 and
2515 275 113 33 twelve
2652 274 102 29 weeks
2782 272 127 39 holiday

2374 325 92 31 every
2494 325 74 29 year
2610 316 33 27 at
2678 308 61 34 full
2766 322 72 31 pay,
2875 322 34 20 as

2373 356 122 38 Village
2508 354 220 31 schoolmaster
2766 353 61 29 and
2862 353 49 28 his

2375 396 73 30 staff
2455 403 131 30 manage
2594 398 33 24 to
2643 397 63 35 get,
2713 386 135 45 through
2858 392 53 30 the

2380 436 130 30 careless
2518 434 199 30 indifference
2726 433 33 29 of
2766 433 54 29 the
2829 442 82 20 com-

2376 477 182 32 mittee-ten
2596 474 62 30 and
2671 473 111 31 twelve
2809 472 103 30 weeks

2389 517 131 39 holiday
2533 526 75 30 year
2631 515 79 29 after
2722 524 97 29 year-
2831 514 82 29 from

2379 558 83 30 what
2474 567 48 19 we
2536 556 94 30 know
2645 555 32 29 of
2684 555 54 29 the
2749 554 164 39 personele

2379 598 33 29 of
2426 598 85 30 these
2525 595 104 32 school
2648 595 192 31 committees
2869 604 44 20 we

2379 637 60 30 feel
2454 647 70 21 sure
2538 636 74 40 they
2647 646 53 20 are
2720 636 53 28 the
2796 636 61 28 last
2881 638 33 25 to

2380 678 71 38 give
2465 687 63 29 any
2542 686 58 20 one
2621 676 76 39 they
2711 675 123 39 employ
2860 677 53 26 ten

2379 717 103 30 weeks
2492 726 64 30 pay
2569 716 49 30 for
2631 720 54 26 ten
2701 716 102 30 weeks
2832 714 82 39 play,

2381 757 62 30 and
2451 758 129 29 because
2594 756 54 30 the
2659 765 112 30 money
2780 756 72 30 does
2862 758 53 26 not

2381 807 85 19 come
2547 796 35 29 of
2587 796 80 29 their
2675 795 128 39 pockets
2819 796 96 28 direct

2380 836 77 39 they
2471 845 57 20 can
2544 836 154 39 squander
2708 836 30 28 it
2758 835 76 29 with
2861 833 54 30 the

2381 880 136 36 greatest
2529 876 207 30 indifference.
2779 875 38 31 In
2845 875 70 30 Vic-

2380 916 82 30 toria
2475 916 141 35 £10,000
2631 926 19 20 a
2662 925 77 31 year
2751 916 28 30 is
2798 915 116 31 wasted

2380 958 32 28 in
2427 957 63 29 this
2504 957 157 39 direction,
2685 957 83 29 what
2787 956 52 30 the
2853 955 62 31 loss

2380 998 27 30 is
2421 998 34 29 in
2471 997 194 41 Canterbury
2680 997 100 31 would
2791 997 39 29 be
2836 996 79 30 hard

2381 1041 32 26 to
2436 1048 64 30 say.

2421 1078 59 30 We
2495 1079 96 29 doubt
2615 1079 25 29 if
2668 1089 19 19 a
2720 1078 73 30 wife
2817 1078 98 38 living

2381 1118 77 30 with
2472 1118 56 30 her
2541 1118 144 31 husband
2699 1118 93 30 could
2799 1121 72 27 vote
2883 1127 32 20 as

2382 1158 19 16 *'
2412 1158 54 30 the
2480 1167 112 29 owner,
2607 1158 96 30 lessee
2727 1167 36 21 or

2381 1198 57 30 but
2453 1198 54 30 she
2520 1199 105 29 would
2642 1200 39 28 be
2709 1198 147 40 qualified
2884 1207 31 21 as

2410 1238 54 30 the
2488 1243 113 33 parent
2628 1249 36 19 or
2676 1238 153 39 guardian
2883 1240 32 27 to

2383 1280 71 27 vote
2471 1301 7 6 .

2423 1318 32 30 If
2468 1318 137 31 mothers
2618 1318 74 30 take
2703 1328 39 20 an
2757 1318 100 30 active-

2382 1362 96 26 terest
2490 1359 35 28 in
2561 1359 106 29 school
2705 1361 138 27 matters,
2871 1368 47 19 we

2382 1398 80 31 shall
2472 1402 54 26 not
2540 1407 51 22 see
2601 1398 141 31 children
2756 1397 162 41 attending

2383 1449 58 20 our
2450 1438 122 32 schools
2584 1438 161 42 regularly
2754 1439 106 31 fivejbr
2869 1439 49 30 six

2382 1490 90 30 years
2487 1479 114 32 before.
2606 1480 75 40 they
2700 1490 53 20 are
2781 1483 137 35 present-

2383 1521 39 30 ed
2434 1521 51 30 for
2499 1521 210 30 examination
2718 1520 33 30 in
2763 1519 155 32 Standard

2382 1562 20 29 1
2417 1562 62 29 and
2493 1562 91 29 when
2593 1561 76 40 they
2681 1571 52 20 are
2754 1560 164 40 presented

2382 1602 69 28 fail.

2423 1651 60 30 We
2496 1651 114 30 should
2622 1660 76 20 soon
2722 1661 51 20 see
2795 1661 21 19 a
2829 1654 91 35 great

2382 1691 165 30 reduction
2555 1691 33 29 in
2598 1691 52 29 the
2661 1691 131 29 number
2800 1691 32 29 of
2841 1691 77 29 holi-

2383 1727 76 38 days
2474 1731 27 30 if
2515 1732 53 29 the
2583 1729 104 32 Board
2701 1731 36 30 of
2742 1731 178 30 Education

2384 1771 88 30 made
2486 1781 20 19 a
2518 1772 69 29 rule
2597 1771 69 29 that
2678 1771 56 31 the
2748 1771 75 30 staff
2845 1771 75 40 only

2382 1812 121 30 receive
2527 1811 68 29 half
2616 1821 62 30 pay
2692 1812 46 28 foi
2756 1812 76 28 time
2847 1821 73 19 over

2383 1851 61 31 and
2454 1852 97 30 above
2561 1851 73 30 four
2641 1851 103 31 weeks
2753 1852 33 29 in
2795 1861 62 31 any
2862 1861 59 21 one

2382 1903 75 28 year
2470 1891 71 31 that
2555 1891 104 31 school
2671 1902 73 30 may
2757 1892 39 30 be
2806 1892 111 30 closed.

2423 1931 187 31 Alterations
2625 1932 60 30 and
2694 1933 170 38 important
2873 1943 47 19 re-

2382 1972 84 38 pairs
2480 1975 33 27 to
2527 1973 39 30 be
2588 1972 117 30 carried
2727 1975 55 27 out
2807 1971 114 40 during

2381 2012 54 30 the
2446 2012 150 39 holidays.
2605 2011 49 31 No
2666 2015 136 37 country
2815 2012 106 30 school

2381 2055 33 27 to
2428 2052 39 30 be
2481 2052 104 30 closed
2594 2053 51 29 for
2662 2052 134 30 Measles
2811 2062 36 19 or
2858 2063 62 28 any

2382 2092 87 30 other
2483 2092 149 39 epidemic
2647 2093 103 29 unless
2767 2093 55 29 the
2831 2102 87 20 aver-

2382 2142 58 30 age
2454 2132 184 31 attendance
2652 2133 33 30 in
2694 2143 64 29 any
2768 2143 58 21 one
2832 2133 89 31 week

2381 2173 57 31 fall
2451 2173 98 32 below
2562 2176 132 37 twenty.

2414 2328 70 25 THE
2502 2328 145 25 OXFORD
2676 2329 91 24 NOTE
2784 2329 101 24 BOOK.

2413 2429 56 26 The
2626 2431 28 24 in
2660 2431 49 25 last
2715 2431 81 26 weeks
2807 2431 114 26 Observer

2370 2473 2 19 I
2379 2468 24 25 is
2417 2476 61 24 very
2489 2469 150 31 suggestive,
2660 2469 51 25 and
2732 2469 78 26 much
2832 2471 27 23 to
2875 2469 45 25 the

2379 2506 80 30 point,
2471 2506 51 24 and
2533 2506 44 24 the
2586 2507 95 24 extract
2690 2506 92 31 quoted
2789 2507 23 23 is
2823 2506 98 32 worthy

2379 2550 30 17 or
2415 2542 44 26 the
2471 2542 182 26 consideration
2666 2542 27 27 of
2704 2543 34 25 all
2748 2543 135 26 interested
2894 2544 26 24 in

2379 2582 43 25 the
2434 2582 58 25 well
2510 2581 76 32 being
2606 2582 28 25 of
2652 2590 46 17 our
2720 2584 113 30 country.
2867 2582 54 26 The

2379 2619 174 32 unemployed,
2572 2619 50 25 like
2633 2620 43 25 the
2686 2627 68 24 poor,
2767 2627 42 18 are
2826 2620 94 32 always

2380 2661 61 26 with
2453 2669 37 23 us,
2504 2661 51 26 and
2577 2662 109 31 thought
2708 2662 27 25 in
2755 2662 43 25 the
2828 2662 93 33 Spring

2380 2701 51 26 and
2450 2702 113 25 Summer
2573 2702 102 25 months
2686 2710 34 17 we
2737 2701 33 26 do
2792 2704 46 24 not
2859 2701 62 27 bear

2379 2739 79 25 much
2470 2739 28 26 of
2506 2739 79 31 them,
2598 2739 60 33 they
2671 2747 41 18 are
2722 2739 197 27 there'notwith-

2379 2776 128 32 standing.
2543 2777 52 25 The
2606 2778 162 30 government
2787 2777 47 25 has
2856 2777 64 26 done

2379 2815 78 25 much
2469 2816 39 25 for
2524 2816 41 25 the
2587 2815 128 26 labourers
2744 2816 113 32 through
2876 2817 44 26 the

2377 2854 90 27 labour
2478 2854 102 31 bureau,
2593 2854 47 26 but
2655 2855 20 23 it
2685 2854 85 33 might
2781 2855 33 25 do
2841 2863 78 29 more,

2376 2894 51 24 and
2441 2893 62 32 keep
2526 2894 46 24 the
2598 2894 167 31 unemployed
2787 2894 66 25 from
2875 2895 45 25 the

2377 2933 82 24 towns
2471 2932 21 24 if
2500 2932 21 25 it
2549 2933 82 25 would
2658 2933 74 25 make
2760 2941 46 17 use
2828 2934 29 25 of
2876 2934 44 26 the

2379 2972 98 24 various
2488 2974 57 29 post
2556 2972 82 24 offices
2650 2980 26 16 as
2689 2972 123 31 agencies.
2845 2973 27 24 If
2885 2981 34 17 an

2380 3014 16 18 '.'
2405 3011 44 23 out
2460 3010 28 24 of
2493 3010 68 25 work
2598 3011 80 24 would
2690 3012 42 31 get
2740 3019 16 17 a
2761 3011 44 32 job
2812 3012 33 24 he
2852 3014 68 24 must

2376 3049 29 25 be
2416 3050 28 24 in
2456 3047 44 27 the
2512 3050 68 24 town
2656 3050 44 24 the
2710 3052 56 29 spot
2800 3058 28 17 or
2838 3059 80 17 some-

2377 3095 49 18 one
2437 3087 49 26 less
2507 3088 97 32 worthy
2631 3088 53 26 will
2711 3090 43 31 get
2776 3088 41 26 his
2838 3090 79 32 place.

2377 3121 83 29 While
2474 3133 78 25 many
2575 3134 42 16 ar«
2638 3127 28 24 in
2688 3134 33 17 an
2744 3127 174 32 impecunious

2377 3163 127 25 condition
2516 3163 110 33 through
2638 3163 68 26 their
2719 3172 55 17 own
2801 3165 116 32 improvi-

2380 3201 85 30 dence,
2478 3201 21 25 it
2509 3201 21 24 is
2541 3203 46 22 not
2598 3201 112 32 English
2721 3203 27 24 to
2766 3210 42 18 see
2819 3210 62 18 even
2903 3212 15 17 a

2377 3238 55 32 lazy
2441 3246 62 18 man
2515 3240 88 24 starve.
2638 3238 60 26 Men
2726 3242 70 24 must
2816 3240 31 25 be
2868 3240 49 31 fed,

2379 3277 51 25 and
2441 3276 66 26 their
2524 3277 75 26 wives
2622 3278 51 24 and
2695 3278 108 26 children
2827 3279 91 25 should

2379 3315 63 24 have
2454 3316 43 23 tne
2507 3314 150 25 necessaries
2674 3315 28 25 of
2711 3315 50 26 life.
2795 3316 55 25 The
2860 3316 57 25 Vic-

2379 3355 83 24 torian
2473 3355 99 24 Labour
2582 3355 102 24 Bureau
2695 3363 51 17 was
2770 3356 82 25 closed
2868 3356 50 25 last

2377 3399 58 23 year
2446 3399 35 17 on
2491 3390 44 27 the
2547 3392 96 31 ground
2651 3391 57 26 that
2716 3393 21 24 it
2749 3392 43 25 did
2801 3392 72 26 harm
2884 3393 34 32 by

2378 3431 136 31 attracting
2525 3438 60 17 men
2596 3431 65 24 from
2676 3433 42 24 the
2740 3433 107 31 country
2869 3432 48 25 dis-

2377 3469 82 25 tricts.
2494 3469 82 25 There
2587 3471 23 24 is
2620 3472 46 23 not
2678 3478 16 16 a
2706 3470 78 26 doubt
2803 3471 56 25 that
2876 3471 42 25 the

2404 3508 168 32 unemployed
2620 3508 58 26 who
2705 3509 96 26 remain
2827 3509 27 25 in
2876 3510 42 25 the

2378 3547 106 30 country
2496 3545 74 25 stand
2588 3553 15 17 a
2625 3546 77 26 much
2723 3546 81 26 better
2825 3547 93 26 chance

2379 3584 28 26 of
2417 3585 130 32 obtaining
2558 3586 75 30 work,
2655 3586 49 24 and
2727 3586 28 25 of
2773 3586 60 32 help
2855 3588 26 24 in
2903 3595 16 18 a

2379 3624 134 31 necessity,
2542 3623 64 25 than
2620 3645 2 5 ,
2633 3623 40 25 his
2699 3623 101 26 brother
2820 3624 28 25 in
2874 3624 46 26 the

2377 3663 75 24 town.

2413 3701 26 25 It
2450 3701 21 24 is
2484 3702 132 31 suggested
2627 3701 56 26 that
2699 3702 71 26 State
2786 3703 87 26 Farms
2885 3704 33 24 &c

2380 3740 89 25 should
2485 3741 31 24 be
2533 3741 159 30 established,
2711 3741 45 25 but
2775 3742 72 25 these
2868 3743 50 24 will

2377 3784 78 19 never
2466 3785 76 25 prove
2553 3777 119 32 effective,
2686 3779 51 24 and
2747 3779 46 25 the
2808 3783 111 29 .country

2379 3817 52 25 will
2441 3824 75 19 never
2523 3818 32 24 be
2563 3817 52 25 free
2622 3817 65 26 from
2721 3818 44 25 the
2773 3819 145 33 unemploy-

2379 3856 31 24 ed
2584 3856 85 26 unless
2690 3857 45 26 the
2756 3861 162 28 government

2380 3894 59 25 take
2451 3896 68 29 steps
2530 3896 28 22 to
2568 3896 104 30 prevent
2683 3895 45 26 the
2739 3894 80 27 influx
2836 3897 28 26 of
2872 3905 45 17 un-

2379 3931 132 32 employed
2526 3932 67 25 from
2620 3932 72 25 other
2713 3933 118 27 colonies.
2865 3935 53 25 The

2379 3977 90 18 reason
2479 3970 23 25 is
2514 3970 112 25 obvious.
2661 3972 109 32 Though
2792 3974 43 25 the
2856 3974 62 26 New

2378 4007 110 24 Zealand
2497 4007 170 26 Government
2675 4008 48 26 has
2732 4009 64 26 done
2805 4012 113 23 sd'much

2377 4044 39 24 for
2426 4044 45 24 the
2481 4044 129 25 labourers
2622 4044 71 26 there
2719 4053 43 18 are
2790 4054 27 17 as
2839 4053 78 27 many

2377 4080 206 36 unemployedjin
2611 4082 45 25 the
2690 4085 106 32 country
2826 4087 27 23 at
2876 4085 41 26 the

2377 4120 102 31 present
2490 4117 70 33 time,
2573 4127 28 17 as
2612 4119 22 25 if
2642 4120 109 33 nothing
2777 4122 51 25 had
2854 4122 62 27 been

2377 4158 73 25 done.
2485 4158 40 25 No
2545 4158 123 25 unskilled
2688 4158 117 28 labourer
2826 4162 91 26 should

2377 4194 31 25 be
2421 4194 105 27 allowed
2533 4195 28 24 in
2573 4195 41 24 the
2631 4197 89 30 colony
2730 4198 85 25 unless
2826 4198 33 26 he
2869 4198 47 26 has

2377 4231 150 27 substantial
2560 4233 101 31 capital.
2696 4233 55 26 The
2777 4237 87 31 people
2890 4237 29 26 of

2377 4270 45 26 the
2439 4272 90 31 colony
2540 4271 92 26 should
2642 4274 97 30 protest
2749 4275 107 32 against-
2865 4276 51 26 this

2377 4311 87 31 colony
2472 4310 75 33 being
2554 4311 75 26 made
2637 4311 43 27 the
2688 4312 124 35 dumping
2819 4315 97 33 ground

2376 4348 31 26 of
2412 4346 200 28 idther'colonies;
2631 4358 6 4 -
2759 4344 46 23 -.>-.
2812 4357 8 14 -,
2822 4344 58 24 v,-:-.,
2881 4350 25 21 .-;
2913 4345 8 8 *

2409 4388 32 26 In
2453 4388 72 26 order;
2535 4391 26 23 to
2571 4390 105 31 prevent
2698 4390 45 26 th6
2751 4392 11 17 £
2765 4393 149 26 cbntinuous

2376 4426 99 28 trouble
2486 4427 25 25 of
2521 4427 44 26 the
2580 4430 173 31 unemployed,
2775 4429 23 29 it
2822 4432 23 26 is
2872 4440 42 18 ne-

2936 208 96 25 cessary
3049 204 26 23 to
3102 204 80 25 infuse
3211 206 41 24 the
3273 214 85 24 young
3386 206 86 32 people

2937 241 60 23 with
3008 241 44 24 the
3063 243 70 30 spirit
3150 246 27 23 of
3188 245 80 29 thrift,
3285 246 124 30 prudence
3421 244 52 25 and

2937 278 121 33 industry.
3092 280 25 24 It
3134 281 22 25 is
3179 290 15 16 a
3217 283 51 31 pity
3290 283 44 25 the
3341 302 5 13 ;
3358 287 15 17 *'
3384 284 89 30 Penny

2939 315 104 33 Savings
3130 320 14 10 '*
3154 319 21 25 is
3184 321 45 23 not
3240 328 69 16 more
3331 317 101 29 utilized
3443 328 29 18 as

2938 363 16 16 a
2965 363 87 17 means
3063 358 27 23 of
3099 359 110 30 training
3219 360 45 24 the
3274 360 61 31 boys
3346 361 60 28 and.
3413 361 60 31 girls

2939 395 25 23 of
2980 402 46 17 our
3037 396 97 26 schools
3146 400 26 22 to
3192 398 30 26 be
3419 400 54 27 The

2940 434 79 25 moral
3030 435 58 25 tone
3099 436 28 24 of
3144 436 44 26 the
3210 440 155 31 community
3384 439 89 25 should

2940 472 30 25 be
2981 474 89 30 raised,
3081 477 46 24 not
3138 476 59 32 only
3214 485 34 17 on
3259 478 43 24 the
3324 476 115 33 question
3450 478 27 25 of

2941 511 79 30 thrift,
3034 512 45 25 but
3102 521 33 17 on
3157 514 57 25 that
3236 515 28 24 of
3280 516 125 30 prudence
3425 516 50 25 and

2942 551 155 32 expediency.
3131 553 107 25 Parents
3246 561 42 18 are
3299 556 36 21 'at
3346 555 64 24 their
3421 556 55 23 wits

2942 587 47 25 end
3001 589 26 24 to
3040 588 73 26 know
3123 589 68 25 what
3219 592 26 23 to
3268 591 32 24 do
3328 591 61 25 with
3412 591 65 25 their

2942 628 121 29 children,
3099 629 131 32 especially
3257 631 66 24 their
3351 630 61 32 boys
3440 631 38 24 for

2942 666 83 24 whom
3037 666 60 31 they
3109 673 45 17 can
3165 667 55 24 find
3230 668 72 24 little'
3310 676 28 16 or
3365 674 40 18 no'
3427 676 51 16 em-

2942 708 133 31 ployment.
3109 709 31 24 In
3151 716 77 25 many
3234 709 84 30 'cases,
3336 711 73 24 when
3422 711 57 30 they
3502 720 22 15 m

2944 752 71 25 make
3026 760 45 17 use
3091 753 27 25 of
3140 754 67 25 their
3240 755 60 31 boys
3328 756 27 24 to
3383 756 39 24 aid
3450 756 28 24 in

2970 789 105 32 keeping
3086 791 44 23 the
3141 791 149 32 potjboiling
3327 792 60 31 they
3399 793 32 23 do
3458 793 22 22 it

2943 827 27 23 to
2986 826 65 24 their
3061 834 55 18 own
3128 828 67 28 hurt,
3207 829 39 23 for
3255 829 43 23 the
3315 829 66 30 price
3391 829 28 24 of
3427 828 52 25 lab-

2944 869 45 18 our
3000 863 22 25 is
3034 863 104 33 thereby
3148 865 114 29 reduced,
3288 866 50 24 and
3361 864 121 33 sweating

2943 901 22 24 is
2965 902 3 9 1
2977 901 43 24 the
3038 908 177 24 consequence.
3333 904 68 32 Imy
3426 905 53 25 bro-

2944 938 69 25 thers
3030 939 101 32 keeper?
3193 941 22 25 is
3226 946 7 6 '
3244 949 15 17 a
3287 942 122 32 question'
3424 941 56 26 that

2946 974 90 27 should
3043 976 31 25 be
3085 977 73 26 asked
3169 978 34 32 by
3222 979 42 29 all,
3288 981 49 23 and
3354 980 126 25 answered

2944 1012 28 26 in
2989 1014 42 25 the
3053 1014 156 28 'affirmative^
3243 1015 52 27 The
3318 1015 115 31 labourer
3456 1018 22 25 is

2945 1053 68 25 often
3024 1054 43 25 the
3078 1056 108 30 greatest
3208 1064 89 23 enemy
3320 1058 26 24 to
3368 1056 109 29 himself,

2944 1092 39 24 for
2998 1092 33 24 he
3043 1095 50 23 sets
3103 1094 41 24 his
3155 1095 146 32 ownfamily
3311 1096 28 23 in
3360 1097 117 30 competi-

2946 1129 52 26 tion
3010 1128 62 27 with
3085 1130 63 25 him.
3280 1129 7 8 r

2979 1170 102 31 Among
3102 1170 72 25 those
3201 1171 83 25 whose
3300 1172 91 26 'moral
3412 1173 66 30 prin-

2945 1209 76 31 ciples
3033 1217 41 16 are
3085 1209 60 29 lowi*
3152 1210 21 24 it
3179 1210 23 25 is
3216 1212 145 24 coiisiderfed
3368 1212 56 24 that
3436 1212 44 24 the

2946 1252 59 17 men
3016 1244 50 25 and
3081 1254 97 17 women
3186 1248 61 24 who'
3254 1249 62 24 have
3327 1250 43 23 the
3388 1250 93 31 largest

2945 1283 116 30 families,
3073 1293 41 17 are
3125 1286 44 25 the
3196 1289 109 29 greatest

2946 1323 26 23 to
2989 1323 42 25 the
3042 1323 72 25 state.
3149 1323 52 26 But
3212 1325 21 24 it
3244 1325 89 25 should
3343 1328 45 23 not
3400 1327 29 24 be
3452 1335 28 22 sjo

2947 1360 143 24 considered
3100 1369 6 21 ;
3118 1361 38 24 for
3172 1362 44 24 the
3239 1370 60 16 man
3322 1363 52 24 who
3396 1365 45 23 has
3467 1372 15 17 a

2946 1398 87 33 family
3046 1407 27 17 so
3085 1400 68 32 large
3164 1400 57 26 that
3231 1401 33 25 he
3274 1405 95 22 cannot
3379 1403 31 25 fit
3421 1405 62 23 each

2946 1437 177 27 Mdividualin
3139 1440 21 26 it
3172 1443 26 23 to
3209 1441 63 32 fight
3294 1442 43 25 the
3361 1442 76 26 battle
3459 1443 27 26 of

2947 1477 43 25 life
3018 1477 215 34 advantageously,
3263 1480 56 24 that
3341 1481 33 25 he
3390 1484 92 24 cannot

2947 1516 55 32 give
3014 1513 70 28 each'
3091 1525 15 17 a
3116 1518 64 31 good
3192 1510 63 34 starib
3266 1519 89 30 in'life,
3367 1522 50 24 and
3428 1523 54 24 that

2948 1553 40 25 his
2999 1562 56 17 own
3066 1555 48 29 old;
3120 1563 45 24 age
3173 1556 23 25 is
3207 1557 148 25 embittered
3372 1560 31 30 by
3414 1567 68 23 pros-

2947 1591 94 32 pective
3050 1595 103 29 penury'
3165 1595 115 25 commits
3291 1603 16 16 a
3315 1597 76 24 crime
3399 1598 81 30 again-

2948 1631 24 23 st
2983 1629 108 30 himself,
3103 1630 41 25 his
3155 1631 88 33 family
3254 1633 50 27 and
3312 1634 48 25 his.
3370 1637 112 29 country.

2949 1668 52 24 The
3012 1668 142 26 benefactor
3164 1670 22 25 is
3198 1671 30 25 he
3240 1672 55 24 who
3315 1673 114 31 provides
3446 1673 39 26 for

2947 1705 104 25 himself
3059 1706 55 28 an<3.
3120 1708 73 25 those
3215 1708 28 26 of
3268 1710 40 25 his
3319 1718 55 18 own
3396 1711 88 26 house-

2949 1748 67 29 hold,
3029 1750 50 23 and
3090 1750 85 25 whose
3181 1751 100 25 wisdom
3298 1753 50 24 and
3359 1755 45 23 self
3426 1763 58 16 con-

2949 1786 50 25 trol
3010 1794 42 17 are
3064 1786 63 26 such
3137 1795 29 17 as
3194 1793 25 20 to
3248 1797 87 17 ensure
3363 1791 56 25 that
3446 1793 39 24 his

2949 1824 135 25 household
3095 1824 22 25 is
3128 1827 46 24 not
3185 1828 32 23 to,
3222 1826 69 33 large
3303 1828 38 24 for
3351 1828 54 26 him
3416 1831 27 25 to
3454 1830 31 26 be

2949 1861 56 25 able
3016 1863 26 24 to
3053 1863 100 31 provide
3172 1863 46 27 for.

3055 1913 13 18 ■■-■'
3097 1929 6 3 -
3136 1913 17 20 ■•.':
3182 1928 3 4 >
3198 1927 16 7 .-.
3241 1916 5 18 \
3262 1917 37 18 .::i
3313 1905 106 26 Pennib.
3437 1927 8 6 .

3027 2042 225 28 MAGISTRATE
3282 2047 120 27 COURT.

2948 2119 123 27 —Before
3087 2137 35 4 —
3132 2122 96 35 Bishop
3252 2125 27 26 S.
3309 2126 35 26 M.
3364 2128 50 25 arid
3437 2129 46 26 Mr.

2949 2164 25 26 J.
2994 2164 157 28 O'Halloran
3168 2167 25 26 J.
3210 2168 30 25 P.

2982 2204 91 26 Fisher
3082 2214 18 17 v
3111 2206 75 26 Miles
3208 2205 82 28 Claim
3318 2212 52 23 =£13
3399 2213 33 25 17
3445 2214 40 29 I£.

2950 2241 60 25 This
3023 2250 57 20 was,
3084 2243 39 26 for
3134 2244 103 27 balance
3254 2247 25 24 of
3282 2265 5 6 ,
3306 2249 111 33 running
3444 2258 41 17 ac-

2949 2283 76 23 count
3059 2284 134 33 extending
3225 2286 67 26 from
3325 2285 70 35 April
3421 2291 64 25 1884

2949 2324 86 32 neatly
3043 2326 27 24 to
3080 2329 101 28 present
3203 2329 65 28 date.
3302 2330 67 25 Both
3382 2332 104 25 Plantiff

2949 2366 51 25 and
3010 2367 144 28 Defendant
3171 2369 102 28 showed
3283 2380 16 17 a
3316 2373 45 25 sad
3377 2377 67 22 want
3460 2376 26 25 of

2949 2403 145 34 knowledge
3109 2406 28 26 in
3162 2409 148 33 supporting
3326 2411 67 25 their
3409 2414 76 25 state-

2948 2446 85 24 ments
3063 2446 63 26 with
3159 2451 116 24 accurate
3308 2451 177 35 documentary

2948 2483 95 25 details.

2983 2521 49 27 His
3049 2523 121 35 Worship
3188 2533 51 19 was
3272 2529 104 25 anxious
3409 2532 27 24 to
3453 2532 30 26 do

2945 2558 99 32 justice,
3061 2561 46 26 but
3123 2563 81 25 under
3219 2565 44 24 the
3296 2566 187 27 circumstances

2948 2596 51 25 had
3015 2605 33 17 no
3073 2600 146 26 alternative
3252 2601 45 26 but
3330 2606 27 23 to
3373 2607 110 24 nonsuit

2947 2634 45 24 the
3008 2634 112 27 Plantiff.
3153 2638 43 24 Mr
3208 2638 94 27 Cathro
3311 2642 56 25 who
3384 2650 99 24 appear-

2949 2671 31 25 ed
2996 2671 38 26 for
3043 2672 133 28 defendant
3188 2676 77 26 asked
3276 2678 38 25 for
3324 2681 65 25 costs
3401 2680 82 26 which

2947 2710 42 27 his
3000 2711 118 35 Worship
3135 2714 120 32 declined,
3265 2719 26 25 to
3301 2721 82 29 grant.

2980 2749 77 26 Keats
3066 2760 24 27 y.
3107 2752 148 27 Pickerill—
3256 2756 81 26 Claim
3348 2759 34 24 £5
3404 2760 29 24 4s
3451 2760 32 24 5d

2949 2789 135 32 Judgment
3101 2791 33 33 by
3151 2793 104 26 default.
3288 2796 108 26 Plantiff
3409 2798 74 32 given

2947 2835 84 26 power
3046 2831 28 25 to
3107 2831 89 28 choose
3229 2833 81 28 future
3344 2845 87 19 course
3458 2840 25 25 of

2947 2869 93 25 action.

3123 3018 174 27 WEDDING.

2952 3088 2 5 ,
2979 3066 63 25 Miss
3054 3066 71 33 Mary
3135 3068 110 27 Vincent
3259 3072 91 27 second
3360 3072 119 33 daughter

2946 3097 28 26 of
2982 3099 43 24 Mr
3036 3099 49 25 Ed.
3098 3099 107 28 Vincent
3215 3102 28 26 of
3250 3103 55 33 Bay
3323 3104 71 26 Road
3415 3106 64 28 East

2946 3130 93 26 Oxford
3050 3139 52 19 was
3118 3134 86 31 joined
3224 3136 27 24 in
3273 3137 84 33 happy
3373 3139 106 26 wedlock

2946 3171 33 18 on
3000 3163 131 33 Thursday
3147 3167 60 26 with
3235 3168 41 25 Mr
3303 3169 39 26 W.
3373 3171 106 32 Wright,

2946 3198 92 23 second
3048 3205 45 17 son
3107 3198 27 25 of
3160 3200 40 24 Mr
3222 3201 25 25 J.
3265 3202 98 32 Wright
3391 3205 27 24 of
3438 3206 41 24 the

2947 3229 164 27 Race-course
3121 3231 72 25 farm.

2979 3261 55 26 The
3044 3262 76 26 Bride
3132 3273 48 17 was
3191 3273 58 24 very
3260 3268 125 32 tastefully
3400 3270 79 25 dress-

2946 3294 38 30 ed,
3002 3295 44 25 the
3057 3296 48 25 veil
3116 3299 50 23 and
3177 3298 94 25 wreath
3282 3301 73 31 being
3370 3303 108 24 remark-

2945 3326 51 32 ibly
3010 3330 84 30 pretty
3120 3330 50 25 and
3192 3331 42 25 the
3261 3332 95 26 dresses
3384 3335 27 24 of
3436 3335 43 25 the

2945 3359 170 27 Bridesmaids
3126 3362 44 24 the
3196 3362 100 27 Misses''
3313 3365 69 33 Lucy
3409 3367 70 25 Arm-

2946 3393 85 31 strong
3045 3393 50 24 and
3121 3393 72 33 Lucy
3214 3395 90 27 Fisher
3325 3406 63 17 were
3404 3401 75 23 much

2946 3424 118 25 admired.
3099 3426 42 24 Mr
3167 3428 95 25 Arthur
3295 3429 105 26 Vincent
3425 3439 53 23 per-

2945 3456 98 26 formed
3053 3457 44 26 the
3107 3459 61 24 rolle
3180 3468 28 16 as
3220 3461 54 24 best
3285 3469 60 17 roan
3439 3464 40 24 Mr

2946 3488 29 24 A.
2989 3488 83 32 Wiigt
3083 3498 61 24 gave
3156 3490 124 27 the^Bride
3302 3501 77 24 away.
3414 3495 64 25 Con-

2947 3523 103 29 sequent
3061 3530 67 24 upon
3137 3523 129 26 the.heads
3273 3525 28 26 of
3306 3525 62 26 both
3373 3527 105 27 families

2942 3553 78 33 toeing
3031 3554 42 25 old
3083 3555 125 27 identities
3226 3558 50 24 and
3298 3556 117 36 enjbying
3436 3560 43 26 the

2946 3588 96 29 respect
3053 3588 49 25 and
3110 3589 90 31 regard
3212 3589 28 26 of
3247 3591 44 25 the
3296 3592 182 27 'inhabitants

2947 3627 15 16 a
2972 3626 59 24 very
3041 3621 69 30 large
3121 3621 105 26 number
3236 3624 118 30 gathered
3376 3626 27 25 to
3424 3628 54 24 wit-

2946 3659 56 17 ness
3014 3652 42 25 the
3083 3653 146 34 interesting
3252 3663 127 26 ceremony
3401 3656 78 28 which

2946 3691 51 17 was
3008 3684 138 32 performed
3158 3686 33 32 by
3224 3687 52 33 the,
3295 3689 61 26 Rev.
3386 3690 31 26 R.
3445 3692 33 25 E.

2947 3716 105 26 Garbett
3062 3718 26 25 in
3099 3718 41 25 his
3150 3720 73 24 usual
3241 3721 144 32 impressive
3406 3732 72 18 man-

2946 3755 54 17 ner.
3452 3762 3 7 .
3468 3764 5 5 .

2979 3781 47 25 We
3036 3783 63 24 need
3114 3784 109 33 scarcely
3233 3793 43 26 say
3287 3786 57 27 that
3365 3795 37 19 we
3421 3788 56 32 join

2946 3814 61 25 with
3018 3815 66 25 their
3094 3823 134 20 numerous
3234 3837 4 5 .
3255 3819 94 26 friends
3365 3821 31 26 in^
3406 3821 71 26 wish-

2945 3847 44 31 ing
2997 3847 70 26 them
3078 3849 60 32 long
3147 3849 43 28 life
3201 3850 51 26 and
3269 3851 145 32 happiness.

2978 4006 150 26 Influenza.
3129 4021 30 5 —
3162 4008 62 25 Now
3231 4010 71 24 '..this."
3321 4010 120 30 epidemic
3459 4012 24 24 is

2944 4047 131 34 becoming
3084 4049 128 32 prevalent
3220 4058 37 19 we
3268 4051 113 33 strongly
3389 4059 91 19 recom-

2944 4091 73 25 mend
3028 4092 104 26 the'free
3143 4100 45 20 use
3198 4094 29 26 of
3235 4094 249 33 Platypu&Branddf

2944 4130 154 38 Eucalypti
3112 4135 125 28 Globulus
3265 4131 112 36 Exttt,
3374 4129 33 22 ;j;?
3404 4139 78 26 taken

2944 4184 68 24 upon
3033 4185 76 25 sugar
3135 4186 29 18 or
3182 4179 29 25 in
3232 4174 162 41 inijfc^Th'e
3398 4182 8 2 '
3414 4177 69 30 n\bst

2943 4219 115 32 pleasant
3069 4228 54 26 way
3134 4221 26 31 tq
3168 4220 57 27 take
3236 4220 156 35 Eucalyptus
3413 4222 22 25 is
3453 4224 28 24 in

2943 4262 45 30 tjae
2984 4285 5 9 ;
3017 4252 126 45 Pj^typuV
3163 4262 92 28 Brantf
3277 4264 29 27 of
3318 4254 162 49 jEucajyptus

2942 4305 118 33 Jujubes.
3074 4334 5 2 .
3094 4304 71 35 Tjbey
3175 4307 80 33 areig
3270 4307 63 32 suph
3344 4307 137 33 a'portable

2942 4344 72 31 form,
3025 4346 117 33 pleasant
3151 4348 27 29 jko
3176 4352 4 6 1
3189 4348 74 31 taste,
3281 4347 137 34 antisepyc.
3430 4349 51 27 and

2942 4388 142 27 stimulant;
3106 4389 129 35 -Sprinkle
3267 4392 52 26 the.
3410 4399 68 26 upon

2942 4432 184 28 handkerchief
3149 4433 51 28 and
3228 4435 76 26 about
3325 4435 46 26 the
3389 4442 87 20 rooms

1008 56 170 33 OXFORD
1221 57 227 33 OBSERVER
1512 57 239 35 SATURDAY,
1815 58 129 31 APRIL
1994 58 51 34 21,
2118 56 91 30 1894.

1872 208 144 27 OXFORD
2039 207 94 25 ROAD
2149 206 126 26 BOARD.

1961 295 21 23 is
1992 293 91 31 hereby
2093 292 81 31 given,
2196 292 28 24 in
2245 290 97 26 accord-

1809 318 31 34 li
1882 334 60 18 ance
1952 326 61 25 with
2024 326 42 24 the
2077 325 70 24 Road
2171 324 97 25 Boards
2288 323 55 30 Act,

1811 370 72 29 1882,
1902 369 55 26 and,
1980 367 174 26 amendments
2182 367 97 24 thereto
2296 365 50 25 and

1810 411 43 25 the
1865 410 149 32 Regulation
2025 409 28 26 of
2062 408 78 26 Local
2145 407 137 27 [Elections
2299 407 48 25 Act

1812 452 72 26 1876,
1903 450 51 24 and
1970 450 60 24 Acts
2047 447 135 31 amending
2198 455 75 21 same,
2291 447 56 24 that

1811 496 32 17 an
1855 487 174 25 ELECTION
2048 486 26 25 of
2106 485 121 25 THREE
2256 485 91 25 MEM-

1812 525 90 26 BERS
1914 527 26 23 to
1973 524 37 25 fill
2037 523 44 25 the
2097 522 131 27 vacancies
2244 530 34 17 on
2304 522 45 25 the

1813 564 77 26 above
1901 563 83 25 Board
1995 563 89 25 caused
2095 562 34 32 by
2145 562 43 25 the
2204 562 146 24 retirement

1813 603 32 30 by
1863 602 108 24 rotation
1996 600 28 25 of
2038 600 94 26 Messrs
2156 599 38 26 T,.
2214 598 88 30 Harle,
2314 598 35 25 H.

1814 641 25 25 J.
1851 641 106 25 Hawker
1980 640 50 25 and
2047 639 30 25 A.
2095 638 100 32 Wright
2221 638 67 32 (who
2310 645 41 17 are

1815 680 97 31 eligible
1921 679 39 24 for
1988 678 154 32 re-election)
2159 677 52 26 will
2227 677 32 24 be
2291 676 61 25 held

1815 723 26 23 at
1858 722 44 24 the
1919 720 70 26 Road
2006 721 84 24 Board
2107 720 85 28 Office,
2206 718 100 30 Oxford,
2319 726 32 17 on

1815 759 200 30 THURSDAY,
2034 758 43 26 the
2095 758 44 26 3rd
2172 758 48 31 day
2241 757 28 26 of
2283 758 67 30 May,

1816 803 74 23 1894.

1848 840 172 25 Nominations
2035 840 27 23 in
2079 839 42 25 the
2137 838 140 32 prescribed
2287 837 65 25 form

1816 881 68 23 must
1896 880 29 24 be
1947 878 123 26 delivered
2098 880 27 23 to
2147 878 44 24 the
2213 876 140 32 Returning

1816 920 96 28 Officer,
1931 927 32 19 or.
1969 917 131 26 addressed
2117 917 58 25 and.
2185 915 123 27 delivered
2326 918 27 21 at

1816 959 42 24 the
1865 958 71 25 Road
1947 958 82 25 Board
2050 957 82 29 Office,
2151 953 102 33 Oxford,
2271 955 81 26 before

1815 1004 66 17 noon
1893 1004 32 17 on
1938 995 139 31 Thursday,
2105 995 44 24 the
2175 995 61 24 26th
2264 993 48 31 day
2328 993 28 24 of

1816 1035 76 32 April,
1913 1035 74 24 1894.

1894 1078 7 7 '
1947 1071 112 26 JAMES
2083 1071 35 24 H.
2138 1069 146 27 SHARPE.

2070 1108 141 31 Returning
2220 1108 98 28 Officer,

1881 1252 139 25 OXFORD
2037 1250 96 26 ROAD
2161 1251 125 26 BOARD.

1815 1316 81 25 THE
1931 1294 347 47 ANNUAIT^EETING
2328 1317 28 24 of

1819 1339 24 34 1
1879 1348 230 26 RATEPAYERS
2142 1349 28 25 of
2196 1349 45 25 the
2260 1348 94 26 Oxford

1815 1380 72 25 Road
1897 1381 106 24 District
2013 1381 49 24 will
2081 1381 30 24 be
2123 1380 57 25 held
2196 1383 26 22 at
2234 1388 68 17 noon
2321 1389 32 17 on

1816 1412 230 31 WEDNESDAY,
2070 1413 60 31 May
2158 1413 71 31 23rd,
2254 1414 29 27 jn
2309 1414 45 25 the

1820 1444 71 28 Road
1902 1445 84 25 Board
1997 1445 85 31 Offiae,
2095 1445 101 26 Oxford.
2267 1451 5 7 v

1949 1485 112 27 JAMES
2077 1486 36 25 H.
2133 1485 146 27 SHARPE.

2078 1524 77 26 Clerk
2164 1526 28 24 to
2199 1524 44 25 the
2260 1524 92 26 Board.

1292 216 25 19 A.
1332 215 86 20 Flesher
1427 214 20 26 ].
1646 214 37 26 [F.
1695 214 80 21 Fuller.

1256 259 204 40 PLESHER
1483 260 68 38 ana
1573 259 188 38 FULLER.

1420 315 181 25 SOLICITOES,

1283 356 13 19 9
1307 352 123 23 Cathedral
1441 352 92 27 Square,
1549 353 190 21 Christchurch.

1246 388 115 26 (Between
1370 386 110 21 Morten's
1490 386 117 26 buildings
1617 386 18 19 &
1645 387 56 20 Post
1707 386 74 20 Office.

1285 421 187 54 Money
1502 421 54 42 to
1592 420 143 44 Lend

1245 487 36 20 On
1289 485 33 22 all
1329 485 58 21 kind
1397 485 23 21 of
1430 485 112 27 Security,
1550 486 26 20 at
1595 485 55 21 Low
1665 486 79 20 Kates
1761 484 24 22 of

1272 530 106 20 Interest.
1409 529 89 26 Special
1511 529 78 21 Terms
1598 529 37 20 for
1643 529 111 20 Farmers.

1267 651 253 43 'FOOTSAiX
1559 653 191 40 S£#S®W,

1250 790 118 39 1884*
1472 762 120 67 S^
1665 788 121 40 1884,

1401 992 73 20 JUST
1502 991 139 21 ARRIVED

1300 1058 101 27 FIRST
1419 1058 252 26 CONSIGNMENT
1690 1058 44 25 OF

1251 1135 202 34 BOYS'

1372 1218 299 33 YOUTHS

1484 1299 72 26 AND

1551 1381 217 34 MEN'S

1320 1437 187 48 FoetbaH
1559 1436 170 58 lorssys

1500 1503 35 19 ■»
1648 1510 2 5 ■

1249 1626 166 27 MANTLES
1506 1630 5 24 ;
1605 1651 102 3 ...

1250 1676 163 26 GALATEA
1430 1674 141 27 CHECKS
1589 1675 19 25 &
1627 1673 146 27 STRIPES

1370 1718 152 26 RIBBONS

1446 1770 171 25 FLOWERS

1601 1816 189 27 FEATHERS

1255 1879 62 57 R.
1366 1880 78 56 H:
1481 1872 311 71 PARISH,

1391 1966 78 19 EAST
1496 1964 127 22 OXFORD.

1329 2113 366 48 IMPORTANT

1249 2223 84 30 ALL
1363 2222 121 30 WOOL
1506 2219 171 32 EOSLYN
1699 2218 88 31 AND

1285 2294 298 34 WELLINGTON
1605 2292 152 32 TWEED
1770 2317 5 4 .

1396 2359 257 43 SUITS

1291 2429 68 41 35/-
1376 2429 87 32 Suits
1477 2427 189 33 Eediicedto

1290 2491 69 40 --4-
1401 2514 22 15 „
1507 2512 20 14 „
1610 2512 20 13 „
1697 2486 67 41 85/-

1288 2538 149 31 Trousers
1452 2537 62 31 and
1526 2535 77 31 Vest
1667 2533 77 41 13/6

1483 2595 52 22 at

1274 2646 196 33 PARISH'S
1496 2648 90 29 East
1609 2646 146 31 Oxfobd;

1380 2816 269 47 NOTICE.

1246 2888 139 38 POISON
1397 2889 22 24 is
1430 2888 53 25 laid
1495 2895 34 18 on
1540 2888 33 24 all
1589 2895 42 24 my
1653 2886 129 26 Paddocks

1245 2918 25 29 X
1296 2922 26 25 at
1333 2921 63 25 East
1413 2920 104 25 Oxford.'

1484 2957 123 26 HENRY
1618 2957 96 26 INCH.

1234 3077 2 13 1
1255 3074 1 2 ■

1302 3123 189 47 HUNT
1532 3123 191 46 CLUB.

1246 3239 42 58 A
1320 3238 114 32 Meeting
1444 3238 28 25 of
1489 3238 36 25 all
1544 3237 135 25 interested
1702 3236 26 25 in
1740 3237 42 25 the

1321 3271 100 31 coming
1429 3271 27 26 of
1470 3270 107 25 Hounds
1588 3271 27 24 to
1627 3269 94 25 Oxford
1732 3269 51 25 will

1244 3305 32 25 be
1286 3304 60 25 held
1357 3305 26 23 in
1392 3304 101 31 Paget's
1515 3302 78 26 Hotel
1604 3310 33 18 on
1659 3301 123 27 SATUR-

1246 3337 70 25 DAY
1329 3337 58 24 21st
1404 3335 113 26 APRIL.

1509 3367 41 26 W.
1571 3368 27 23 J.
1610 3367 105 24 Basset.

1603 3405 144 26 Chairman*

1420 3558 178 45 LOST.

1247 3626 42 57 A
1323 3624 71 26 FUR
1416 3623 110 26 LINED
1538 3621 121 29 CLOAK,
1687 3627 97 25 anyone

1312 3657 131 32 returning
1451 3656 44 25 the
1504 3662 69 18 same
1580 3657 26 23 to
1613 3655 54 24 Mrs
1674 3652 111 26 Edward

1247 3696 88 32 Feary,
1347 3695 72 24 View
1430 3693 57 26 Hill
1493 3693 53 26 will
1567 3692 31 26 ba
1618 3692 46 25 RE
1667 3690 116 27 WARD-

1240 3733 65 26 *ED.
1350 3731 104 32 Anyone
1481 3731 123 30 retaining
1637 3730 44 25 the
1715 3737 69 17 same

1248 3772 62 26 after
1321 3772 51 25 this
1382 3770 130 26 NOTICE
1524 3769 53 27 will
1587 3769 31 25 be
1629 3767 155 34 prosecuted.

1357 3903 319 52 WANTED.,
1740 3911 45 48 \\

1246 4012 175 26 rTENDERS
1432 4012 39 24 for
1486 4018 70 25 grass
1577 4011 33 23 in.
1625 4009 47 25 the
1690 4008 94 26 Oxford

1250 4042 24 29 X
1311 4045 137 30 Cemetery.
1559 4041 98 32 Apply,'
1767 4049 3 9 :

1283 4094 30 13 •m-
1352 4093 5 15 ?
1393 4099 27 8 ...
1636 4083 146 26 Chairman.

1244 4139 2 2 ■
1270 4138 18 9 ■•'
1302 4151 2 2 •
1373 4132 15 15 r
1401 4142 2 2 •
1416 4142 32 5 ••••'
1493 4132 73 16 ''-■■'■■■
1604 4140 43 9 ■■■--
1713 4140 10 4 ■-
1752 4129 25 20 ..'
1791 4146 1 2 ■

1246 4308 139 59 MONEY
1397 4309 26 25 to
1434 4307 103 26 lendon
1547 4305 133 33 approved.
1710 4304 81 26 Free-:

1323 4341 80 31 hold,.
1405 4339 128 27 securities
1544 4339 91 31 ;from,
1639 4337 74 33 #100
1735 4337 58 26 and?

1245 4384 111 34 upward.
1559 4381 110 34 Apply,_
1683 4405 96 12 _^,.

1256 4445 25 5 ...
1345 4443 54 7 .„...,
1456 4443 36 7 .„„
1517 4428 171 29 Offioeotthis
1697 4428 88 33 Paper

800 663 298 43 WANTED

676 729 53 58 TO
750 727 186 26 PURCHASE
955 727 87 24 Bacon
1058 726 61 32 Pigs
1130 726 28 24 in
1167 734 50 23 any

740 760 124 33 quantity.
899 759 110 31 Highest
1037 759 66 31 price
1134 758 81 32 given.

915 797 80 29 Apply

935 834 24 24 J.
977 833 175 28 PARLANE,

1004 873 65 25 East
1082 872 100 26 Oxford.

788 1019 132 46 FOR
959 1019 158 44 SALE

679 1080 85 58 TWO
776 1080 115 32 Draught
902 1080 101 28 Horses,
1016 1088 47 17 one
1072 1082 45 23 not
1125 1079 93 26 broken

743 1113 77 31 rising
837 1113 17 23 2
875 1120 80 24 years,
985 1112 45 25 the
1049 1112 73 25 other
1145 1113 77 23 about

683 1152 31 23 10
726 1158 71 23 years
809 1150 51 24 old.

681 1188 51 24 For
748 1187 67 32 price
827 1187 50 24 and
887 1186 148 31 particulars
1058 1186 82 32 Apply

886 1226 31 24 T.
939 1226 113 30 Beaven,

650 1267 3 17 i
995 1265 73 24 West
1081 1263 103 26 Oxford.

649 1402 3 50 '-
792 1413 320 47 TENDERS.

684 1529 82 58 FOR
788 1527 133 32 Grubbing
940 1527 50 25 and
1003 1526 117 32 Clearing
1142 1526 79 25 Gorse

736 1561 112 25 Tenders
858 1562 28 24 to
893 1560 31 25 be
936 1561 56 24 sent
1003 1559 28 25 in
1044 1559 33 31 by
1088 1558 74 25 MAY
1171 1560 47 23 Ist.

651 1623 2 7 ,
684 1600 50 26 For
745 1600 82 26 father
837 1599 153 26 Particulars
1019 1598 81 32 Apply
1110 1599 28 24 to

867 1639 43 24 W.
923 1639 25 24 J.
961 1639 118 28 Bassett,

1009 1677 70 25 View
1090 1676 63 25 Hill.

649 1734 3 14 !

684 1801 224 26 PREVENTION
926 1801 32 23 IS
975 1801 139 24 BETTER
1125 1800 95 25 THAN

916 1839 104 25 CURE.

797 1912 53 24 that
862 1912 44 24 the
916 1911 132 25 Influenza
1058 1911 129 31 Epidemic
1197 1911 23 25 is

682 1936 32 33 IS
756 1944 76 25 about
851 1944 42 24 the
911 1943 183 31 neighbouring
1112 1943 108 25 districts

681 1984 34 17 no
726 1977 75 24 home
812 1975 88 25 should
912 1976 30 24 be
952 1976 106 24 without
1069 1976 45 23 the
1131 1976 88 30 Platyr

681 2016 48 24 pus
733 2008 87 24 Brand
831 2008 26 24 of
868 2007 155 32 Eucalyptus
1033 2007 123 25 Globulus
1168 2007 51 25 Ex-

682 2043 65 22 tract
757 2042 27 23 to
794 2040 31 24 be
837 2041 77 24 taken
931 2048 68 22 upon
1016 2048 81 23 .sugar,
1116 2048 29 16 or
1166 2040 28 23 in
1206 2048 14 15 a

681 2073 65 25 little
757 2072 71 24 milk.
870 2072 51 24 The
933 2074 66 22 most
1011 2072 149 24 convenient
1171 2072 49 24 and

681 2105 113 31 pleasant
804 2112 55 23 way
870 2107 26 21 to
907 2104 58 24 take
981 2103 157 32 Eucalyptus
1154 2103 23 25 is
1192 2103 28 25 in

682 2136 44 26 the
737 2137 121 31 Platypus
869 2135 87 26 Brand
965 2135 27 26 of
1001 2135 157 32 Eucalyptus
1173 2135 45 27 Ju-

679 2169 82 32 jubes,
771 2169 59 31 they
839 2176 42 18 are
891 2169 28 23 in
928 2169 62 25 such
999 2176 14 17 a
1020 2168 127 31 palatable
1154 2168 66 26 form

681 2203 113 31 pleasant
835 2202 27 25 to
904 2202 71 27 taste,
1010 2201 132 31 antiseptic
1157 2225 3 2 .
1170 2201 50 25 and

681 2234 140 25 stimulant.
871 2233 116 32 Sprinkle
1006 2241 63 23 your
1096 2234 124 24 handker-

681 2265 69 26 chief
758 2266 50 24 and
817 2273 83 17 rooms
911 2265 62 26 with
984 2265 44 25 the
1039 2265 43 25 oil.

682 2305 28 26 BE
720 2305 58 26 SURE
785 2304 43 26 YOU
837 2304 117 26 PURCHASE
962 2304 46 25 THE
1016 2304 115 25 PLATYPUS
1140 2303 80 26 BRAND.

761 2339 32 25 R.
804 2338 92 25 Parish
907 2338 83 31 Agent
1000 2338 39 24 for
1051 2338 103 24 Oxford.

681 2381 74 25 Office
762 2381 40 25 No
812 2382 14 22 9
839 2380 135 26 Cathedral
982 2387 36 24 sq.
1031 2379 187 26 Christchurch.

735 2523 196 41 MUSICAL
971 2523 181 40 TUITION

679 2589 141 39 PIANO,
846 2589 158 36 VIOLIN,
1029 2589 188 36 SINGING,

721 2630 149 30 ORGAN
933 2628 86 32 ETC.
1082 2629 94 30 ETC.
1202 2651 2 12 ,

783 2674 64 31 MR
883 2673 31 32 S.
945 2670 182 37 MAYSON.

682 2716 122 41 (holder
827 2715 34 30 of
875 2714 185 31 Certificate.
1090 2714 125 40 Trinity

803 2755 125 39 College
947 2754 144 40 London)
1223 2754 2 34 I

712 2796 103 31 Having
831 2795 76 26 taken
924 2803 34 23 up
990 2795 40 25 his
1046 2794 127 26 residence
1189 2794 27 24 in

679 2828 92 26 Oxford
785 2829 23 24 is
824 2827 118 33 prepared
968 2828 27 25 to
1012 2827 95 25 receive
1133 2826 83 32 pupils
1223 2826 2 27 !

678 2861 39 26 for
725 2869 50 25 any
785 2861 28 26 of
835 2860 44 26 the
907 2860 76 26 above
994 2860 92 25 named
1098 2859 117 32 subjects.

715 2895 42 25 AH
779 2893 211 27 communication
1023 2893 134 24 addressed
1189 2893 27 24 to
1223 2890 2 32 |

679 2928 137 26 Methodist
858 2926 143 31 Parsonage
1039 2924 50 26 will
1122 2925 94 24 receive

677 2962 99 31 prompt
787 2959 132 25 attention.
953 2958 120 25 Distance
1081 2965 34 18 no
1126 2957 90 31 object-

711 2993 92 24 Pianos
820 2991 52 24 and
889 2990 97 34 Organs
1005 2990 79 25 tuned
1112 2989 50 26 and
1178 2997 38 16 re-

678 3025 95 32 paired.

691 3187 505 47 DRESSMAKING.

719 3286 78 31 Miss
826 3285 35 30 E.
898 3285 95 31 Jones
1031 3285 111 31 wishes
1183 3287 33 27 to

677 3328 117 30 inform
820 3326 55 30 the
903 3326 96 30 ladies
1034 3326 33 30 of
1096 3325 122 31 Oxford

678 3368 70 30 that
804 3366 56 32 she
908 3366 57 30 has
1021 3366 196 30 commenced

681 3408 155 31 Scientific
858 3406 222 40 Dressmaking
1092 3406 34 30 in
1150 3406 66 30 Mrs

679 3448 130 40 Lugar's
826 3450 121 36 sottage
970 3457 41 19 on
1032 3447 54 29 the
1108 3445 109 40 Espla-

679 3489 89 36 nade,
783 3487 87 31 West
886 3487 132 30 Oxford.

927 3610 44 14 i■
989 3613 2 4 •
1150 3608 6 16 r

680 3681 47 44 J.
750 3681 54 45 T.
831 3679 202 55 Brown,
1053 3681 43 47 &
1117 3679 103 47 Son

734 3746 112 21 TIMBER
855 3747 19 20 &
883 3746 73 21 GOAL
970 3746 183 22 MERCHANTS.

855 3783 166 22 IMPORTERS
1191 3778 4 15 :

679 3820 37 28 Of
745 3819 142 29 TIMBER
916 3821 55 26 and
999 3820 50 27 All
1078 3820 90 28 Kinds
1191 3820 29 28 of

733 3866 189 28 BUILDING
945 3866 224 27 MATERIALS.

870 3911 152 28 CORNER
1189 3909 3 10 '

681 3952 164 27 COLOMBO
886 3954 19 23 &
933 3950 99 27 TUAM
1062 3951 157 26 STREETS

707 4005 4 3 ■
838 3996 195 24 CBBtSTOHUBCH

796 4189 125 26 DIVINE
943 4188 159 26 SERVICE.
1182 4193 22 21 :~

811 4259 83 31 V.M.
905 4264 64 26 Free
981 4263 102 27 Church
1181 4283 4 14 ,

679 4306 71 27 West
762 4306 94 26 Oxford
863 4324 3 9 :
867 4307 31 25 11
917 4314 59 18 a.m.
989 4306 53 26 Rev
1050 4306 33 25 E.
1102 4305 114 33 Mayson.

680 4349 70 26 West
763 4348 93 26 Oxford
867 4341 71 33 6.3oV
942 4347 55 34 pirn
1013 4343 52 30 Mir'

654 4403 6 15 :
679 4384 235 38 Woodside,Schopi
918 4392 76 29 ,{3,30.
1002 4391 55 26 Rev
1062 4391 29 30 JJ
1098 4391 118 32 Mayspn.

679 4433 129 29 Carleton':
811 4458 4 3 ,
832 4448 7 13 :
842 4432 23 29 i8
884 4438 62 26 p.m.
975 4431 53 26 Rev
1030 4447 5 13 ;
1041 4446 17 15 lt
1056 4430 30 26 Er
1097 4430 118 32 -M.ayson.

117 659 31 25 W
153 658 110 25 AIMAK
265 656 113 25 ARIRI-
380 655 139 26 ASHLEY

49 701 131 26 WATER
237 699 115 25 BOARD
413 696 174 26 ELECTION

204 740 216 27 MANIFESTO.

84 830 33 23 In
142 835 116 24 response
286 829 26 22 to
337 833 63 25 your
427 823 160 31 numerously

52 871 89 32 signed
149 870 164 32 requisitions,
327 877 34 15 we
370 875 69 24 agree
454 868 28 23 to
491 866 97 25 contest

52 916 46 24 tbe
111 915 112 24 election.

87 958 54 24 The
150 957 56 24 task
214 964 37 17 we
277 953 134 26 undertake
432 954 22 24 is
480 952 108 26 arduous

54 1001 53 25 and
118 1000 112 25 difficult.
264 999 46 24 We
331 998 60 25 offer
416 997 125 24 ourselves
560 1002 28 18 as

53 1044 146 26 candidates
211 1042 36 25 for
260 1042 43 24 the
315 1040 76 26 above
410 1039 78 26 board
507 1040 27 23 at
545 1039 44 24 the

53 1086 168 31 forthcoming
232 1085 114 25 election.
392 1083 46 25 We
449 1090 43 17 are
508 1082 82 24 deter-

55 1129 87 24 mined
150 1131 26 22 to
183 1130 42 29 get
235 1129 76 23 water
327 1127 41 24 for
378 1126 44 24 the
440 1125 80 25 whole
540 1124 49 24 dis-

53 1172 69 29 trict,
144 1171 48 24 and
202 1170 92 25 believe
307 1169 56 24 that
379 1167 117 32 drinking
515 1167 77 24 water

58 1222 49 17 can
114 1214 31 25 be
155 1212 112 33 supplied
274 1212 39 25 for
324 1211 43 25 the
375 1211 77 24 whole
460 1209 97 24 district
564 1209 26 24 at

58 1266 17 16 a
84 1257 95 30 trifling
193 1256 53 24 cost
255 1254 131 31 compared
395 1253 59 24 with
474 1251 43 26 the
536 1259 55 23 pre-

57 1301 58 25 sent
124 1298 107 28 scheme,
240 1297 59 25 asin
305 1296 46 25 the
358 1295 111 25 counties
487 1293 27 26 of
537 1293 54 27 Sel-

57 1350 59 24 wyn
128 1342 46 24 and
184 1340 147 25 Ashburton
343 1338 50 24 and
404 1346 34 16 we
453 1345 41 17 are
514 1336 76 25 confi-

57 1386 62 23 dent
127 1385 62 24 such
197 1392 15 15 a
221 1383 87 30 supply
320 1381 53 25 will
380 1382 66 24 meet
454 1381 43 23 the
505 1380 88 24 wishes

57 1428 29 26 of
96 1435 71 23 every
184 1427 128 31 ratepayer
322 1424 28 25 in
359 1425 43 24 the
411 1423 105 29 district,
523 1422 71 28 -and,
608 1439 12 13 v

57 1470 52 27 will
117 1471 51 25 also
176 1470 67 24 meet
254 1468 42 25 the
304 1466 116 34 approval
432 1466 50 26 and
490 1466 104 31 support

58 1514 26 25 of
96 1514 42 24 the
165 1512 180 26 Government.

93 1557 39 25 On
143 1557 68 24 these
220 1555 110 32 grounds
352 1562 35 17 we
408 1554 45 24 ask
470 1553 45 25 the
529 1554 65 23 rate-

56 1607 89 25 payers
156 1602 26 21 to
193 1597 178 31 unanimously
379 1597 102 31 support
487 1602 40 18 us.

164 1649 5 5 .
208 1632 81 24 Yours
314 1629 124 31 faithfully

343 1681 103 25 Samuel
457 1679 137 33 Heywood.

322 1712 164 26 Marmaduke
500 1712 94 24 Dixon.

356 1745 68 26 John
432 1743 161 27 O'Halloran.

126 1849 138 25 OXFORD
285 1847 93 25 ROAD
400 1846 127 24 BOARD.

58 1931 171 37 npENDERS
247 1938 41 17 are
297 1929 95 27 invited
400 1928 38 25 for
445 1928 44 24 the
499 1926 94 26 follow-

61 1956 23 32 _L
122 1965 45 30 ing
183 1964 87 28 works,
275 1976 31 5 —

59 1996 118 31 Clearing
188 1995 109 24 Manuka
308 1994 51 24 and
371 1992 123 25 Tussocks
511 1991 84 30 Depot

56 2029 72 24 Road
140 2035 57 18 near
208 2027 93 31 Bexley
315 2026 96 26 Station
447 2024 10 33 (
463 2024 66 25 fresh
538 2025 55 23 ten-

58 2061 71 31 ders)

55 2093 122 29 Forming
185 2092 98 30 cutting
310 2090 78 25 above
415 2089 86 25 Water
523 2088 69 24 Race

56 2125 74 29 Dam,
141 2124 70 24 View
223 2123 63 24 Hill.

89 2167 110 24 Tenders
208 2168 26 22 to
242 2166 31 24 be
280 2167 56 23 sent
344 2166 28 23 in
383 2164 84 25 before
477 2169 68 19 noon
561 2169 33 18 on

56 2198 220 27 WEDNESDAY
294 2197 73 25 MAY
382 2198 58 24 2nd

90 2233 53 23 The
155 2232 84 24 lowest
247 2239 29 17 or
284 2239 47 23 any
340 2230 86 25 tender
444 2230 46 23 not
507 2234 86 19 neces-

56 2265 74 28 sarily
145 2264 122 29 accepted.

174 2294 111 25 JAMES
303 2293 34 25 H.
356 2292 135 26 SHARPE

289 2326 71 26 Clerk
371 2329 25 22 to
414 2326 44 24 the
468 2324 91 26 Board.

113 2481 279 33 EATEPAYERS
414 2481 123 30 ROLL.

58 2575 141 24 YTOriCE
212 2574 22 25 is
252 2573 93 30 hereby
372 2572 73 31 given
470 2572 56 25 that
549 2572 43 24 the

57 2599 33 32 Jjl
131 2607 149 31 Ratepayers
304 2605 57 24 Roll
383 2604 37 25 for
436 2604 44 25 the
500 2604 93 25 Oxford

57 2645 71 24 Road
140 2644 104 25 District
256 2644 37 24 ior
304 2643 44 24 the
367 2649 60 24 year
449 2643 143 24 1894-1895

56 2682 23 25 is
101 2689 57 17 now
185 2688 64 24 open
272 2680 38 24 for
337 2679 138 32 inspection
500 2680 26 24 at
548 2679 44 25 the

56 2720 146 25 BOARD'S
227 2719 125 26 OFFICE
387 2719 139 25 OXFORD
543 2719 49 24 free

54 2759 29 25 of
89 2759 91 31 charge
192 2759 26 23 at
229 2759 36 23 all
276 2757 144 26 reasonable
428 2757 86 25 hours.

188 2797 112 26 JAMES
324 2797 35 24 H.
374 2796 150 27 SHARPE.

274 2836 74 26 Clerk
364 2837 27 25 to
409 2836 45 24 the
464 2836 92 25 Board.

70 2980 508 32 WAIMAKARIRI-ASHLEY

148 3032 152 32 WATER
315 3031 175 38 SUPPLY.

53 3133 104 80 THE
184 3134 190 40 Ratepayers
390 3133 33 30 of
439 3132 54 31 the
523 3132 67 31 Ox-

118 3175 117 39 Riding
244 3185 50 20 are
303 3174 115 30 invited
427 3177 34 27 to
470 3184 18 19 a
498 3177 90 26 meet-

53 3217 55 37 ing
117 3219 33 26 at
174 3216 53 29 tlie
242 3216 76 29 East
347 3215 118 30 Oxford
495 3213 95 30 Town

53 3255 76 30 Hall
145 3265 40 20 on
200 3255 230 31 SATURDAY
448 3255 54 30 the
517 3253 73 33 21st

54 3295 129 31 APRIL
199 3299 32 27 at
247 3297 80 30 7.30.
343 3307 72 28 p.m.
428 3300 32 26 to
471 3295 118 31 discuss

55 3337 157 38 questions
240 3337 32 28 in
303 3337 179 29 connection
514 3336 76 30 •with

54 3377 54 29 the
117 3376 104 30 Water
237 3377 120 38 Supply
386 3377 32 28 of
446 3377 52 29 the
527 3376 62 30 dis-

56 3416 83 30 trict.

140 3467 113 30 JOHN
268 3466 178 31 DOBSON.

181 3517 166 30 Chairman
362 3516 32 30 of
407 3516 55 30 the
477 3516 111 30 Board.

173 3666 306 33 RATE-PAYERS.

101 3747 50 30 Mr
172 3747 85 30 John
280 3747 184 30 O'Halloran
478 3747 113 32 invites

60 3789 52 30 the
126 3792 177 35 ratepayers
331 3788 34 30 of
392 3787 54 31 the
474 3787 119 31 Oxford

63 3829 115 40 Riding
204 3832 33 27 to
272 3832 82 27 meet
383 3828 64 31 him
477 3829 33 30 in
538 3828 55 31 the

61 3869 99 30 Town
173 3869 75 30 Hall
265 3870 77 29 East
354 3869 120 31 Oxford
487 3869 105 31 Satur-
621 3871 2 22 :

60 3910 62 37 day
173 3909 90 39 night
298 3913 33 26 at
367 3911 18 28 8
408 3919 70 30 p.m.
507 3909 85 30 28th.
621 3932 2 7 ,

61 3949 142 31 APRIL.

174 4071 264 46 NOTICE.

59 4200 126 66 JOHN
197 4199 143 30 WILSON,
357 4200 51 24 late
431 4200 27 24 of
472 4200 42 24 the
536 4199 55 26 Red
616 4220 4 14 ,

148 4232 94 30 House,
254 4233 46 24 has
317 4232 94 25 started
429 4232 114 25 business
563 4239 38 22 as_
616 4229 4 5 '

58 4271 78 24 Hotel
141 4269 120 25 Valuator
270 4270 47 24 and
326 4269 167 26 Commission
500 4269 89 32 Agent.

58 4310 73 26 Sales
142 4308 116 26 attended
273 4316 33 18 on
318 4308 173 27 Commission.
588 4318 7 2 ~
615 4316 5 14 t

91 4349 139 25 Address—
232 4348 26 24 J.
268 4347 94 26 Wilson
376 4348 40 33 0/0
423 4348 30 25 F.
461 4347 25 26 J.
496 4347 92 30 Quinn,
591 4351 13 12 •■■
615 4353 5 16 ;

56 4388 79 27 Hotel
162 4387 103 30 Broker,
287 4387 122 27 Licensed
439 4386 150 28 Victuallers
598 4391 5 6 v
615 4385 4 10 '

56 4429 85 28 Office,
153 4429 49 25 204
213 4427 121 27 Hereford
348 4427 37 27 Si
399 4426 188 28 Chrislichurch,
597 4447 4 2 .
614 4448 2 2 .
614 4422 5 7 :

112 202 374 57 .^iiVILLE
523 200 166 40 AND
738 200 390 41 COMFAXTST

77 242 302 53 dffeINEERS
407 261 106 26 AND
544 261 165 26 CYCLE
740 261 451 27 MANUFACTURERS

56 306 115 49 k|fee%r
181 315 50 26 sale
242 322 16 17 a
268 314 128 31 shipment
407 313 26 24 of
474 311 104 26 ORION
623 313 88 31 cycles.
723 313 49 25 No.
784 313 25 29 1,
822 313 52 24 £12
892 314 44 23 10s
945 320 7 21 ;
986 312 49 25 No.
1047 313 25 28 2,
1090 313 52 24 £14
1160 311 53 25 103.

61 355 47 26 (few"'

235 383 64 25 Cash
308 390 27 17 or
345 389 58 23 easy
413 381 127 31 payment,
585 379 83 32 Every
679 379 116 25 machine
806 379 160 31 guaranteed.

157 456 144 26 Illustrated
312 455 50 24 and
372 453 154 32 Descriptive
538 452 151 32 Catalogues
878 451 88 32 Cycles
977 455 57 28 post
1044 451 59 25 free.

116 530 184 32 SAVILLE
324 530 29 27 &
375 527 63 37 Co.,
468 527 153 30 Colombo
637 526 137 37 Street,
804 525 351 32 CHRISTCHURCH.
