2499 4020
1298 2060 75 24 There
1391 2062 20 21 is
1432 2068 13 15 a
1457 2060 57 31 good
1526 2060 49 23 deal
1587 2060 48 23 said
1651 2060 51 30 just
1717 2067 51 16 now
1779 2061 69 22 about

1265 2093 37 23 the
1320 2093 128 32 Municipal
1467 2094 106 22 elections
1575 2106 32 3 —
1608 2100 25 16 as
1654 2094 18 22 it
1692 2094 20 22 is
1735 2094 113 29 supposed

1265 2127 49 22 that
1329 2127 38 22 the
1386 2127 47 23 Bill
1448 2125 47 24 will
1511 2134 55 15 soon
1578 2134 62 15 come
1660 2127 48 22 into
1723 2127 123 30 operation.

1265 2160 75 23 There
1353 2160 53 29 will,
1420 2160 109 28 however,
1542 2167 33 15 we
1587 2163 97 26 suspect,
1697 2160 28 22 be
1736 2159 79 31 plenty
1827 2160 24 23 of

1265 2194 54 22 time
1330 2193 36 22 for
1377 2200 61 16 some
1450 2193 85 22 serious
1548 2193 48 22 talk
1608 2200 30 15 on
1650 2192 37 23 the
1696 2192 88 32 subject
1795 2193 54 23 with

1266 2234 40 15 our
1324 2226 73 23 fellow
1415 2226 120 23 Colonists.
1571 2226 29 22 In
1613 2226 38 22 the
1664 2225 139 29 meanwhile,
1817 2234 33 15 we

1265 2259 59 23 shall
1337 2259 52 30 only
1401 2267 40 23 say
1451 2259 25 22 in
1491 2259 113 23 reference
1623 2263 23 18 to
1659 2259 38 22 the
1714 2259 50 23 lists
1777 2259 73 23 which

1266 2300 37 16 are
1315 2292 89 23 handed
1415 2293 74 27 about,
1503 2291 48 23 that
1563 2292 47 22 that
1618 2292 54 30 only
1684 2299 41 15 can
1742 2291 28 23 be
1783 2300 13 14 a
1807 2292 43 24 fair

1266 2334 50 20 one,
1335 2325 73 23 which
1427 2326 120 30 comprises
1566 2324 74 24 useful
1655 2325 44 23 and
1711 2326 139 29 respectable

1266 2366 53 16 men
1331 2358 25 23 of
1365 2359 28 22 all
1407 2359 82 23 classes
1502 2358 21 23 in
1537 2358 38 23 the
1588 2359 146 29 community.

36 3044 92 46 New
159 3044 214 46 Zealand
404 3044 215 46 Gazette

84 3099 67 22 AND
158 3090 219 31 WELLINGTON
392 3099 186 22 SPECTATOR.

134 3153 154 26 Wednesday,
300 3152 126 23 February
439 3154 96 26 2/1842.

1913 2154 41 23 We
1966 2155 50 31 give
2027 2154 79 30 below,
2126 2155 38 23 the
2176 2159 121 19 statement
2310 2154 26 23 of
2351 2154 109 32 Captains

1879 2187 25 23 of
1918 2187 62 32 ships
1993 2188 44 23 and
2048 2188 126 23 merchants
2193 2188 50 23 who
2260 2187 87 25 formed
2354 2207 4 3 .
2365 2196 14 15 a
2396 2192 66 19 court

1879 2221 24 22 of
1930 2221 90 31 inquiry
2042 2222 47 22 into
2112 2222 37 23 the
2173 2222 177 22 circumstances
2372 2221 25 22 of
2422 2221 40 22 the

1881 2253 117 30 Clydeside
2006 2262 12 15 s
2039 2254 96 32 mishap.
2184 2254 23 23 It
2228 2255 46 23 will
2291 2255 29 23 be
2336 2262 54 15 seen
2412 2254 49 23 that

1880 2287 96 31 Captain
1995 2288 130 23 Mathieson
2142 2288 21 23 is
2182 2287 103 24 declared
2306 2292 22 18 to
2350 2287 57 23 have
2420 2295 42 15 ex-

1879 2320 85 24 hibited
1973 2321 59 30 good
2043 2321 150 30 seamanship,
2208 2321 42 23 but
2260 2321 30 23 all
2303 2320 110 31 Captains
2424 2328 38 15 are

1879 2354 90 23 warned
1977 2359 40 18 not
2026 2359 20 18 to
2055 2354 111 31 approach
2173 2354 39 23 the
2219 2354 73 28 shore,
2299 2353 65 24 when
2370 2353 94 31 beating

1877 2388 33 27 .ia,
1924 2395 24 15 as
1959 2388 82 30 closely
2055 2396 24 14 as
2093 2389 25 22 lie
2131 2388 44 23 did.
2253 2412 4 3 ,

1904 2426 47 24 We,
1963 2428 35 19 the
2010 2427 144 26 undersigned,
2165 2427 78 26 having
2251 2427 66 25 been,;'
2322 2427 67 20 called
2407 2433 57 20 upon

1880 2455 20 18 to
1911 2455 86 25 enquire
2005 2455 45 19 into
2061 2455 35 20 the
2104 2461 61 14 cause
2175 2455 24 19 of
2212 2455 36 20 the
2270 2454 113 26 Clydeside,

1879 2481 128 25 Mathieson,
2017 2483 77 25 having
2104 2482 98 20 stranded
2212 2488 28 14 on
2247 2482 97 26 euteriug
2354 2482 41 20 this
2408 2483 57 25 port?;

1879 2515 58 20 upon,
1955 2509 40 20 due
2012 2510 139 20 examination
2168 2509 52 25 find,
2240 2509 47 20 that
2306 2509 36 19 the
2348 2523 4 4 .
2361 2509 48 26 ship
2424 2515 42 13 was

1880 2536 93 26 working
1982 2537 46 19 into
2045 2537 35 20 the
2097 2535 99 27 harbour^
2212 2537 41 19 and
2270 2537 42 19 had
2326 2537 75 19 tacked
2417 2537 50 19 four

1879 2564 68 24 times,
1959 2565 35 19 the
2005 2565 54 19 wind
2067 2565 90 25 blowing
2167 2565 57 19 fresh
2233 2565 55 19 from
2299 2565 36 19 the
2345 2564 72 24 N.W.,
2425 2564 42 19 and

1881 2591 59 20 while
1949 2592 36 19 the
1998 2592 104 25 Clydeside
2114 2599 42 13 was
2173 2592 99 25 standing
2285 2598 50 13 over
2344 2594 22 17 to
2377 2592 36 19 the
2422 2594 45 17 east

1877 2619 55 23 'side,
1943 2619 41 19 and
1993 2619 23 19 in
2026 2619 35 20 the
2072 2622 34 17 act
2113 2619 23 20 of
2146 2619 92 25 tacking,
2253 2620 36 19 the
2299 2619 55 19 wind
2364 2618 103 25 suddenly

1880 2647 73 19 vereed
1963 2649 68 17 round
2038 2647 47 19 2or
2102 2647 12 20 3
2129 2647 71 26 points
2219 2649 22 17 to
2259 2647 35 19 the
2309 2647 108 19 westward
2424 2653 5 16 ;
2444 2646 24 19 in

1880 2680 142 19 consequence
2033 2674 23 19 of
2064 2675 73 23 which,
2149 2675 37 19 the
2192 2673 66 21 vessel
2266 2673 77 21 missed
2353 2676 64 23 stays,
2425 2674 42 19 and

1880 2701 36 19 fell
1926 2701 30 19 off
1964 2709 4 12 :
1991 2701 40 20 but
2039 2701 59 20 there
2108 2701 61 26 being
2176 2702 105 19 sufficient
2288 2707 59 14 room
2357 2703 22 17 to
2389 2705 32 22 try
2432 2702 37 18 her

1880 2728 67 25 again,
1959 2729 35 19 the
2005 2729 89 25 Captain
2105 2732 21 17 at
2143 2729 36 20 the
2197 2735 55 13 same
2268 2729 51 19 time
2338 2729 81 25 having,
2429 2729 42 19 full

1881 2756 119 20 confidence
2010 2757 23 19 ia
2042 2756 32 20 his
2082 2756 73 25 vessel,
2170 2756 60 20 made
2246 2763 28 13 an
2288 2758 90 23 attempt
2389 2760 22 16 to
2424 2760 47 21 stay

1880 2784 37 19 her
1937 2789 12 14 a
1968 2784 77 19 second
2061 2784 57 24 time,
2134 2784 41 22 but
2188 2784 36 19 the
2240 2784 57 19 wind
2312 2784 158 25 unfortunately

1881 2811 80 24 baffled,
1979 2812 41 19 and
2034 2811 37 20 she
2088 2812 59 24 again
2165 2811 78 20 missed
2262 2814 57 22 slays
2326 2819 6 16 ;
2349 2811 66 20 uuder
2433 2812 37 19 the

1881 2838 160 21 circumstances
2052 2839 35 20 the
2096 2839 90 26 Captain,
2201 2838 79 26 judged
2295 2840 19 19 it
2328 2838 33 20 his
2379 2838 51 27 duty
2445 2840 23 18 to

1880 2866 29 19 let
1918 2872 26 20 go
1956 2866 34 20 the
1999 2866 85 24 anchor,
2095 2867 62 25 being
2164 2866 51 20 then
2224 2866 56 21 close
2285 2866 68 20 under
2360 2866 58 24 land,
2427 2866 43 19 and

1880 2893 43 20 also
1932 2894 42 19 furl
1982 2894 37 19 the
2029 2894 56 20 sails.
2121 2894 45 20 The
2176 2894 45 25 gale
2225 2894 130 25 'increasing,
2365 2900 12 13 a
2393 2893 76 20 second

1881 2922 78 19 anchor
1969 2927 41 14 was
2019 2922 100 25 dropped;
2130 2922 42 19 and
2182 2921 120 20 afterwards
2312 2927 13 14 a
2333 2921 82 25 third.'f-
2425 2921 45 20 The

1881 2948 46 26 ship
1939 2948 48 21 rode
1998 2949 66 26 safely
2072 2949 34 20 for
2124 2951 41 18 two
2183 2949 58 25 daysj
2261 2948 39 21 but
2318 2949 43 20 the-
2369 2949 47 25 gale
2434 2949 33 20 in-

1881 2977 94 25 creasing
1984 2977 37 19 she
2038 2976 62 20 drove
2112 2983 58 19 upon
2180 2977 36 19 the
2331 2976 81 22 -,;Whea
2429 2977 37 19 the

1880 3003 45 25 gale
1935 3003 74 21 abated
2019 3004 35 20 the
2064 3004 46 26 ship
2119 3010 42 14 was
2170 3006 38 24 got
2218 3004 35 24 off,
2270 3005 42 19 aud
2320 3003 93 27 brought
2420 3004 46 19 into

1880 3033 55 23 port,
1946 3031 85 26 making
2039 3038 12 12 a
2060 3031 142 21 considerable
2208 3032 99 26 quantity
2317 3031 24 19 of
2347 3033 70 23 water,
2425 3031 42 20 and

1879 3058 84 25 having'
1975 3059 43 21 lost
2036 3059 38 20 her
2093 3059 108 25 foremast,
2222 3059 42 20 and
2281 3059 107 20 sustained
2407 3059 61 20 other

1881 3085 103 26 damages.
2450 3092 5 4 ■
2467 3092 4 16 ;

1877 3123 3 4 -
1907 3113 40 20 We
1965 3120 35 14 are
2018 3114 102 27 perfectly
2139 3114 99 24 satisfied,
2258 3114 46 20 that
2323 3113 36 20 the
2373 3112 94 27 'Captain

1879 3141 61 19 acted
1948 3142 51 20 with
2011 3142 105 27 prudence
2126 3143 42 19 and
2184 3141 55 26 good
2254 3140 131 26 seamanship
2401 3141 73 19 under,

1881 3167 40 26 the,
1926 3168 174 25 circumstances;
2111 3170 45 23 but,
2167 3169 56 20 until
2232 3169 44 19 the*
2280 3167 158 21 establishment
2443 3168 26 20 of

1881 3195 70 26 pilots,
1965 3197 70 20 would
2050 3197 134 20 recommend
2200 3198 22 18 to
2239 3196 30 19 all
2283 3195 151 26 ship-masters,
2443 3195 24 20 in,

1881 3224 96 26 entering
1986 3225 35 20 the
2031 3224 97 25 harbour,
2137 3226 38 18 not
2182 3226 23 17 to
2210 3223 83 19 borrow
2300 3228 28 14 on
2338 3223 67 19 either
2413 3223 50 22 side,
2470 3242 4 3 .

1880 3256 23 14 as
1912 3251 37 20 the
1958 3252 55 20 wind
2022 3252 109 20 fluctuates
2139 3252 12 19 3
2163 3257 24 14 or
2196 3251 12 19 4
2219 3250 71 26 points
2300 3249 61 21 when
2367 3256 55 14 ,near
2430 3250 37 20 the

1880 3278 57 20 land.
2182 3285 6 5 -
2320 3285 9 18 •,
2349 3290 11 4 -•
2469 3290 5 9 >.

1938 3307 111 21 Charles
2224 3304 139 21 Commander
2375 3305 63 25 Tyne.

1936 3336 72 19 Adam
2020 3335 77 23 Yule,
2107 3332 139 21 Commander
2251 3332 121 21 Mandarin^
2385 3335 4 4 '
2402 3334 4 4 '

1937 3363 98 20 Samuel
2050 3362 106 19 Revans.

1937 3390 95 21 Robert
2046 3390 97 19 Waitt.'
2179 3401 1 5 .

1935 3418 120 20 William'
2065 3416 63 21 Hay.
2145 3421 3 4 ■

1936 3445 114 20 William
2064 3444 107 21 Guyton.

1934 3473 114 20 William
2065 3471 75 20 Lyon.

1883 3532 73 24 THE
1966 3531 79 24 NEW
2053 3530 164 24 ZEALAND
2227 3529 170 25 LOTTERY
2397 3529 72 25 FOR

1923 3565 73 24 THE
2015 3563 174 25 DISPOSAL
2208 3564 45 23 OF
2271 3564 97 24 LAND
2386 3564 46 24 AT

2104 3596 149 24 NELSON.

72 3205 211 31 Notwithstanding
313 3212 71 23 many
413 3206 129 24 difficulties
571 3207 55 23 with

37 3239 75 24 which
131 3239 38 23 the
188 3238 89 24 settlers
293 3239 56 23 have
367 3238 44 24 had
428 3244 23 19 to
466 3240 103 30 contend,
590 3248 35 16 we

38 3280 46 18 can.
93 3271 68 25 make
173 3272 129 23 favourable
312 3275 78 27 report
401 3272 26 24 of
436 3273 36 23 the
484 3280 107 24 progress
604 3274 23 23 of

37 3306 59 24 New
104 3305 133 31 Plymouth.
274 3305 50 24 The
331 3304 53 23 land
392 3305 20 23 is
420 3306 24 22 of
454 3314 13 15 a
475 3306 57 23 finer
540 3308 86 30 quality

37 3340 57 23 than
113 3347 46 15 was
178 3344 23 18 at
211 3339 50 22 first
278 3337 122 32 supposed.
437 3338 93 24 Instead
542 3341 25 23 of
582 3341 43 23 im-

37 3380 79 17 mense
136 3372 75 32 plains
231 3371 94 24 covered
343 3371 66 22 with--
415 3371 50 24 fern
488 3372 43 23 and
548 3381 77 16 coarse

37 3414 73 24 grass,
124 3404 39 25 the
175 3410 95 25 country
279 3405 20 23 is
308 3405 36 21 for
356 3404 38 22 the
406 3409 60 19 most
475 3411 52 25 part
538 3407 88 31 thickly

37 3439 101 29 wooded,
152 3444 39 18 not
202 3438 90 30 heavily
302 3437 121 28 timbered;
437 3438 44 23 and
493 3440 132 30 experience

37 3472 42 24 has
93 3473 80 30 taught
191 3480 28 15 us
226 3471 54 23 <that
291 3470 64 24 wood
373 3470 55 23 land
445 3471 20 23 is
475 3472 150 32 incalculably

38 3507 104 29 superior
159 3510 23 18 to
201 3505 48 24 that
260 3504 74 24 which
352 3503 73 31 yields
437 3504 37 23 the
492 3504 63 24 short
566 3505 58 25 fern.

38 3539 25 24 It
67 3539 49 23 'has
129 3539 47 23 also
194 3539 56 23 been
265 3537 142 25 ascertained
420 3537 55 29 that,
495 3537 81 32 during
589 3539 37 23 the

37 3576 91 28 greater
139 3576 51 27 part
203 3572 25 22 of
238 3572 36 24 the
285 3579 63 24 year,
360 3578 137 23 passengers
508 3571 45 23 and
566 3579 59 16 mer-

38 3605 110 24 chandize
169 3612 43 16 can
229 3605 28 23 be
275 3604 72 30 safely
359 3607 42 28 put
418 3604 80 22 ashore
515 3611 55 17 near
589 3605 37 23 the

39 3639 153 27 Settlement;
213 3638 40 23 but
265 3637 59 24 until
335 3644 63 15 some
410 3644 78 15 means
500 3636 57 24 have
569 3637 57 24 been

39 3671 69 24 taken
121 3672 35 23 for
167 3671 39 23 the
219 3672 99 29 security
330 3670 25 23 of
370 3670 108 31 shipping
489 3669 82 32 during
583 3671 44 23 bad

38 3705 108 29 weather,
159 3705 63 30 large
234 3704 85 23 vessels
331 3703 72 29 ought
415 3708 40 17 not
465 3708 23 18 to
502 3703 26 22 be
541 3708 51 18 sent
604 3708 22 19 to

38 3738 58 24 New
110 3737 132 31 Plymouth,
257 3745 25 15 so
294 3744 26 16 as
331 3740 24 18 to
367 3736 73 22 arrive
452 3736 23 22 in
489 3736 37 22 the
537 3737 87 23 winter.

39 3770 75 25 Small
133 3775 100 19 coasters
249 3771 59 23 have
327 3769 98 30 nothing
441 3772 23 20 to
475 3768 49 24 fear
532 3778 6 20 ;
559 3769 43 23 and
615 3778 12 14 a

37 3803 66 25 brisk
117 3803 63 23 trade
189 3804 20 22 is
221 3811 49 16 now
284 3803 127 32 springing.
415 3809 30 24 up
458 3802 99 23 between
570 3802 57 24 Port

27 3857 2 6 ,
39 3836 128 25 Nicholson
176 3835 45 24 and
232 3835 125 25 Taranaki.

85 3869 51 24 The
155 3868 101 29 .settlers
282 3877 39 15 are
345 3868 118 31 generally
488 3868 65 31 busy,
584 3870 42 22 and

39 3903 67 24 when
125 3903 54 29 they
190 3909 96 24 procure
298 3909 14 16 a
325 3901 84 31 supply
421 3902 25 23 of
461 3902 104 31 working
574 3902 52 23 bul-

39 3936 75 30 locks,
134 3935 60 24 their
204 3942 108 24 progress
331 3935 24 24 in
367 3935 100 30 clearing
480 3935 38 24 the
533 3940 93 26 country

1911 3648 45 19 The
1972 3647 66 20 ballot
2048 3647 35 19 for
2099 3647 97 25 deciding
2210 3647 45 28 the,
2264 3647 91 26 priority
2363 3646 26 21 of
2400 3646 71 20 choice

1884 3675 21 20 in
1916 3676 36 19 the
1959 3675 53 20 New
2022 3673 91 21 Zealand
2121 3675 129 26 Company's
2252 3678 3 6 1
2259 3675 82 20 Second
2349 3674 124 20 Settlement

1885 3708 40 14 was
1932 3702 49 20 held
1989 3708 28 14 on
2027 3702 101 25 Monday,
2137 3702 83 25 August
2227 3703 35 23 30,
2271 3705 21 17 at
2291 3703 8 9 c
2302 3703 36 19 the
2346 3701 126 26 Company's

1885 3731 65 19 house
1959 3730 23 19 in
1994 3729 68 21 Broad
2078 3729 68 21 Street
2156 3730 119 25 Buildings,
2290 3729 23 20 in
2325 3729 35 20 the
2373 3734 99 21 presence

1885 3757 24 20 of
1921 3758 37 19 the
1968 3757 110 20 Directors
2087 3757 41 20 and
2137 3764 13 13 a
2158 3757 58 25 large
2224 3757 106 25 assembly
2340 3756 24 20 of
2376 3756 37 20 the
2422 3762 51 19 pur-

1886 3785 83 19 chasers
1986 3785 25 19 of
2027 3785 51 19 land
2094 3785 41 19 and
2150 3785 57 20 their
2222 3787 80 23 agents.
2338 3784 84 25 Among
2438 3784 36 19 the

1886 3818 103 20 company
1998 3818 61 17 were,
2071 3811 59 21 Lord
2139 3812 69 25 Petre,
2217 3812 43 20 Mr.
2272 3811 113 26 Aglionby,
2396 3811 33 19 M.
2440 3811 33 23 P.j

1886 3839 42 20 Mr.
1951 3840 63 24 Hutt,
2034 3839 68 25 M.P.,
2135 3840 44 20 Mr.
2201 3839 103 26 Mangles,
2340 3838 67 24 M.P.,
2429 3837 44 20 Mr.

1886 3867 140 24 Tollemache,
2049 3867 67 24 M.P.,
2139 3867 114 20 Alderman
2271 3865 116 27 Copeland,
2407 3865 67 24 M.P.,

1887 3894 113 21 Alderman
2015 3894 63 25 Pirie,
2093 3894 42 21 Mr.
2153 3895 87 24 Gowen,
2255 3894 36 23 Mr
2306 3893 109 23 Boulcott,
2429 3892 44 20 Mr.

1886 3922 123 24 Wakefield,
2021 3922 43 21 Mr.
2076 3923 77 23 Willis,
2164 3922 44 21 Mr.
2216 3922 26 20 G.
2255 3922 23 19 F.
2289 3921 84 25 Young,
2386 3919 88 27 Captain

1888 3950 116 21 Alexander
2020 3950 87 24 Nairne,
2121 3951 37 20 the
2172 3949 136 21 Honourable
2323 3949 27 20 A.
2361 3948 27 21 G.
2406 3947 68 21 Tolle-

653 140 45 23 will
714 140 29 23 be
762 140 72 30 rapid,
856 132 107 36 i.^e'are
980 139 78 31 happy
1067 143 23 19 to
1109 143 58 21 state
1178 141 56 24 .that

654 173 47 23 Mr.
715 171 73 30 Cook,
800 179 43 15 one
852 171 25 23 of
887 171 37 23 the
935 176 59 18 most
1000 171 128 31 intelligent
1140 173 44 24 and
1192 182 41 15 en-

653 206 122 30 terprising
786 204 26 23 of
823 204 38 23 the
873 203 56 24 New
941 203 124 31 Plymouth
1077 204 120 31 Colonists,
1212 207 21 22 is

653 245 50 15 now
713 239 26 21 in
749 237 139 30 Wellington
899 236 34 23 for
950 236 38 23 the
1000 244 98 23 purpose
1110 238 25 22 of
1147 239 87 23 obtain-

654 270 41 30 ing
714 269 76 24 cattle.
826 269 58 23 This
904 268 129 31 gentleman
1053 269 83 31 speaks
1154 272 24 22 in
1197 272 38 23 the

655 302 92 31 highest
758 305 69 20 terms
835 302 25 22 of
869 302 37 22 the
917 302 83 29 beauty
1011 301 45 23 and
1062 302 94 31 fertility
1164 304 24 22 of
1197 305 38 22 the

656 340 93 25 country
755 343 6 19 ;
783 335 44 22 and
837 334 42 23 has
890 333 43 24 full
941 334 97 23 reliance
1050 342 28 14 on
1097 334 38 23 the
1147 343 88 17 success

656 367 23 23 of
696 375 14 15 a
724 366 119 32 judicious,
860 366 66 24 mode
949 366 26 23 of
990 367 140 23 cultivation.
1173 369 23 23 It
1215 369 20 23 is

656 400 80 23 indeed
755 399 164 24 demonstrable
920 411 34 4 —
954 399 57 29 first,
1023 399 49 23 that
1082 399 38 23 the
1126 400 52 25 land
1187 402 49 23 well

657 432 87 24 cleared
750 432 46 23 will
806 432 61 30 yield
880 441 14 14 a
904 432 62 30 large
973 437 85 23 return,
1071 432 45 23 and
1124 435 111 30 secondly,

656 465 49 23 that
721 466 25 22 in
767 465 58 23 Port
844 464 127 24 Nicholson
990 465 46 23 and
1055 464 38 23 the
1104 465 133 25 Australian

658 497 111 28 Colonies,
789 497 38 23 the
837 498 99 30 produce
954 498 21 22 is
993 505 53 15 sure
1064 497 25 23 of
1103 499 58 29 good
1177 508 59 15 mar-

656 530 60 24 kets.
752 531 24 23 A
785 530 63 30 large
862 530 106 31 shipping
983 534 53 27 port
1046 530 57 23 New
1116 530 121 32 Plymouth

657 563 44 23 will
712 570 68 16 never
792 563 35 29 be,
845 563 43 23 but
903 566 62 20 must
982 563 92 23 become
1085 563 39 23 the
1135 565 69 24 outlet
1214 566 25 23 of

656 596 108 23 immense
782 596 121 29 quantities
921 596 26 22 of
968 595 148 31 agricultural
1131 597 104 30 produce.

656 628 75 23 There
751 629 19 22 is
782 636 51 15 now
849 636 14 15 a
881 629 132 30 population
1024 628 24 23 of
1064 628 69 23 about
1153 633 46 22 500
1213 636 24 18 at

656 661 124 29 Taranaki,
797 661 75 23 which
883 661 44 23 will
944 662 100 29 speedily
1056 662 86 23 receive
1160 671 13 15 a
1183 672 54 15 con-

656 694 110 23 siderable
778 694 100 23 increase
890 695 30 29 by
932 694 93 23 arrivals
1036 694 57 23 from
1106 694 111 30 England.

689 726 51 24 The
752 726 40 24 sad
803 726 109 29 accident,
924 727 59 23 from
994 727 38 23 the
1044 727 78 23 efFects
1134 729 24 22 of
1167 730 70 23 which

657 759 96 31 Captain
764 759 95 24 Liardet
870 761 20 22 is
902 767 49 15 now
961 760 42 22 but
1015 760 78 30 slowly
1100 763 136 31 recovering,

656 800 44 15 was
712 800 14 15 a
735 792 73 30 heavy
819 792 58 23 blow
888 800 61 24 upon
960 792 38 23 the
1010 792 73 23 infant
1101 794 133 26 settlement.

656 825 70 23 From
738 825 38 23 the
789 825 116 32 Captain's
916 825 104 31 example
1031 825 37 23 the
1081 825 89 25 settlers
1182 836 54 16 were

656 858 124 30 beginning
792 862 22 19 to
827 858 88 24 exhibit
928 858 152 23 self-reliance
1091 858 44 24 and
1147 867 88 24 energy,

657 891 103 30 qualities
770 895 41 19 not
822 899 24 15 so
866 892 148 29 conspicuous
1026 899 25 15 as
1063 899 32 15 we
1107 893 66 23 could
1184 894 53 23 wish

656 924 23 22 in
697 924 59 23 their
773 924 155 30 proceedings.
965 924 66 30 They
1052 929 64 18 must
1133 926 61 23 learn
1213 931 23 20 to

657 961 36 19 act
703 964 62 16 more
776 957 35 23 for
829 956 142 29 themselves,
985 957 44 23 and
1048 957 51 23 lean
1116 957 45 24 less
1179 967 58 23 upon

656 989 38 23 the
707 989 125 31 Company.
869 989 49 24 The
931 990 90 23 settlers
1034 998 36 15 are
1083 995 40 18 not
1134 991 36 24 the
1182 992 55 24 New

656 1022 101 24 Zealand
785 1022 137 32 Company's
943 1028 102 18 servants
1067 1031 24 15 or
1117 1025 118 31 employes,

655 1055 47 23 like
725 1056 39 22 the
782 1063 95 23 persons
898 1060 50 19 sent
968 1061 38 18 out
1024 1057 31 29 by
1079 1057 37 22 the
1142 1057 95 25 Hudson

657 1088 48 30 Bay
717 1090 3 3 '
728 1088 115 31 Company
855 1098 5 20 ;
891 1089 42 23 but
950 1089 153 30 independent
1126 1091 109 30 colonists,

657 1121 48 23 who
717 1126 61 18 must
793 1121 48 31 rely
856 1130 60 23 upon
935 1122 58 23 their
1013 1130 49 15 own
1072 1124 113 23 exertions
1202 1125 35 24 for

656 1159 93 26 present
766 1154 141 24 subsistence
925 1155 44 23 and
986 1155 76 23 future
1068 1163 103 17 -success.

646 1205 26 5 —
672 1207 7 4 .
689 1187 76 23 These
776 1187 104 24 remarks
893 1196 36 15 are
938 1188 46 23 also
994 1188 125 32 applicable
1131 1194 23 18 to
1166 1190 68 23 Wan-

658 1221 75 29 ganui.
787 1220 73 32 Many
889 1222 174 23 circumstances
1093 1222 56 23 have
1171 1223 66 32 lately

657 1253 102 32 wrought
770 1262 13 14 a
795 1253 128 25 favourable
936 1254 87 31 change
1034 1255 24 23 in
1074 1255 38 23 the
1124 1262 112 24 prospects

656 1286 25 23 of
709 1287 39 23 the
769 1286 131 32 Wanganui
923 1288 97 23 settlers.
1067 1288 75 23 There
1168 1290 19 22 is
1207 1297 29 16 no

655 1319 79 31 longer
746 1327 43 23 any
801 1320 69 23 doubt
882 1328 24 16 as
926 1325 22 18 to
967 1321 59 23 their
1045 1321 61 23 titles
1108 1334 32 3 —
1141 1321 37 24 the
1189 1322 46 23 Go-

656 1358 117 18 vernment
790 1352 85 32 having
893 1354 122 23 confirmed
1038 1354 93 23 Colonel
1154 1355 81 24 Wake-

656 1385 72 23 field's
740 1385 106 24 selection
865 1387 24 23 of
905 1387 57 23 their
1135 1387 48 25 The
1196 1389 40 23 bar

656 1419 19 22 is
686 1427 30 15 no
736 1419 80 31 longer
828 1427 13 15 a
852 1424 72 19 terror
937 1424 22 19 to
978 1427 98 22 seamen,
1093 1429 26 14 as
1136 1429 13 15 a
1166 1422 71 23 vessel

657 1452 24 22 of
696 1454 49 21 250
757 1456 50 18 tons
821 1460 41 16 can
881 1453 70 30 safely
964 1460 62 16 cross
1037 1453 18 23 it
1064 1462 5 19 ;
1090 1453 44 23 and
1145 1455 60 23 there
1215 1456 21 22 is

656 1492 28 15 no
696 1485 57 22 need
766 1485 24 22 of
804 1485 64 32 ships
881 1486 25 23 of
919 1486 49 23 that
988 1488 46 22 size
1046 1486 35 23 for
1093 1486 58 24 their
1168 1488 66 24 trade.

656 1517 50 23 The
718 1518 53 23 road
783 1519 23 21 in
820 1519 28 22 its
860 1519 71 23 entire
940 1519 80 31 length
1031 1519 59 23 from
1101 1520 135 31 Wellington

656 1554 22 19 to
689 1551 131 31 Wanganui
831 1552 20 22 is
863 1559 50 16 now
930 1552 104 31 passable
1053 1552 35 23 for
1106 1552 77 25 horses
1194 1555 43 22 and

656 1584 73 23 cattle.
759 1586 24 21 A
796 1585 90 30 regular
898 1586 187 23 communication
1096 1587 31 30 by
1138 1591 51 26 post
1196 1587 40 23 has

655 1617 57 22 been
733 1617 137 24 established
888 1618 68 31 along
973 1619 38 23 the
1030 1624 69 19 coast.
1145 1620 45 23 For
1207 1620 29 23 all

656 1650 36 23 the
710 1651 51 30 pigs
780 1650 45 24 and
844 1656 101 27 potatoes
966 1653 44 22 and
1028 1652 73 24 cuTed'
1112 1652 66 24 hams
1195 1654 40 23 and

656 1683 70 23 bacon
738 1684 71 22 which
823 1692 40 15 can
876 1685 27 22 be
914 1686 75 22 raised
997 1686 25 22 in
1030 1685 138 31 Wanganui,
1178 1686 58 24 there

655 1716 19 23 is
686 1725 13 14 a
710 1716 67 31 ready
789 1717 90 23 market
892 1718 28 22 in
938 1718 58 23 Port
1011 1718 134 24 Nicholson.
1188 1719 47 25 The

655 1754 89 25 greater
754 1751 89 30 portion
856 1751 25 22 of
896 1750 37 23 the
949 1751 54 24 land
1021 1752 48 23 sold
1088 1753 24 22 in
1133 1752 103 31 England

655 1782 40 23 has
704 1783 58 23 been
773 1784 68 29 given
855 1789 46 24 out,
910 1785 43 22 and
964 1793 56 15 soon
1032 1785 31 23 all
1072 1786 39 22 the
1123 1786 113 24 claimants

656 1815 43 23 will
717 1816 28 23 be
764 1817 108 23 satisfied.
914 1817 49 24 The
984 1819 117 30 Company
1117 1819 57 23 have
1192 1819 44 24 also

655 1849 169 31 substantially-
831 1851 123 23 confirmed
975 1852 94 23 Colonel
1091 1852 145 24 Wakefield's

655 1881 167 32 advantageous
834 1883 54 24 offer
909 1884 25 23 of
949 1888 59 19 town
1028 1885 136 29 allotments,
1178 1890 20 18 to
1208 1886 27 23 be

655 1914 133 25 distributed
811 1924 84 24 among
917 1917 46 29 the,
978 1918 90 24 holders
1091 1918 26 24 of
1143 1923 91 26 country

655 1949 104 24 sections.
796 1949 130 30 Therefore,
940 1956 59 18 most
1018 1951 25 23 of
1057 1951 38 23 the
1110 1952 126 23 difficulties

655 1982 43 23 and
709 1983 161 24 uncertainties
889 1983 74 24 which
982 1987 57 21 we're
1059 1989 23 18 at
1092 1986 51 22 first
1155 1993 25 15 so
1193 1985 42 22 dis-

655 2016 129 29 couraging,
798 2016 43 22 and
853 2024 14 14 a
876 2017 42 21 fair
929 2024 82 16 excuse
1023 2018 35 22 for
1069 2018 38 22 the
1119 2017 56 23 slow
1187 2025 49 23 pro-

654 2054 63 23 gress
738 2048 24 22 of
777 2048 38 23 the
829 2048 141 30 Settlement,
983 2050 57 23 have
1060 2050 56 23 been
1130 2055 40 26 got
1188 2054 54 19 ovet'

655 2088 24 15 or
698 2080 57 24 have
773 2081 155 32 disappeared.
965 2083 51 23 The
1034 2091 78 15 means
1135 2083 25 23 of
1174 2091 63 23 pros-

654 2114 72 31 perity
736 2114 30 23 lie
775 2114 87 24 around
872 2116 25 22 in
908 2115 85 31 plenty,
1005 2116 42 24 but
1061 2121 39 19 not
1111 2125 62 15 more
1186 2116 53 23 than

655 2154 39 16 one
707 2155 26 15 or
752 2153 42 17 two
809 2156 96 23 persons
920 2149 46 23 will
985 2154 65 27 stoop
1069 2154 22 18 to
1107 2158 42 15 use
1168 2149 68 25 them.

655 2179 22 23 It
688 2181 19 22 is
719 2181 54 22 with
793 2186 76 26 regret
889 2189 32 15 we
942 2190 37 15 are
992 2183 124 30 compelled
1131 2188 21 18 to
1166 2183 71 31 speak

654 2213 51 23 thus
725 2214 25 22 of
766 2221 40 16 our
824 2214 130 31 Wanganui
971 2215 87 24 friends
1067 2225 5 20 ;
1091 2217 43 23 but
1154 2224 14 16 a
1178 2224 60 16 more

653 2246 92 30 listless,
764 2247 87 24 useless
870 2253 35 18 set
923 2248 26 23 of
969 2250 128 29 grumblers
1117 2257 34 16 we
1172 2257 67 16 never

654 2287 44 15 saw
717 2288 24 15 or
761 2281 52 22 read
837 2281 30 23 of.
916 2281 70 23 Their
1010 2282 95 24 conduct
1128 2283 66 23 tends
1217 2287 21 19 to

654 2318 113 25 augment,
780 2318 40 19 not
839 2314 115 29 diminish,
970 2315 37 23 the
1020 2316 127 23 difficulties
1167 2316 71 23 which

654 2346 68 31 really
742 2354 65 23 press
827 2354 60 24 upon
906 2348 70 23 them.
1013 2349 46 23 For
1076 2349 111 29 instance,
1202 2349 40 23 the.

654 2381 93 27 natives,
768 2380 148 31 encouraged,'
928 2389 24 15 as
965 2389 39 15 we-
1015 2382 75 30 firmly
1101 2382 96 29 believe,
1211 2382 28 31 by

656 2412 95 31 Captain
770 2412 100 24 Dawson
888 2414 45 26 ,the
958 2414 144 31 Magistrate,
1124 2416 46 22 and
1191 2415 46 24 Mr.

655 2445 82 24 Mason
764 2445 38 24 the
822 2447 147 31 Missionary,
989 2456 38 15 are
1046 2448 104 30 disposed
1171 2454 22 18 to
1213 2449 26 24 be

655 2479 155 23 troublesome.
854 2480 69 29 Well,
943 2481 39 23 the
1004 2481 110 32 principal
1135 2482 61 24 chief
1218 2483 24 23 of

654 2513 36 22 the
703 2513 95 28 district,
811 2513 22 22 E
846 2513 104 29 Kourou,
965 2515 47 22 who
1025 2515 40 22 has
1087 2515 84 31 always
1183 2516 55 23 been

654 2545 96 31 friendly
768 2550 22 18 to
810 2546 36 23 the
866 2547 97 28 settlers,
970 2548 50 22 -and
1038 2548 55 30 kept
1110 2548 59 23 faith
1187 2549 52 23 with

655 2578 36 24 the
705 2579 148 31 Company—
856 2580 39 23 the
912 2580 16 23 E
940 2581 74 23 Pouni
1026 2582 24 21 in
1058 2581 63 23 short
1134 2582 24 23 of
1168 2582 71 23 Wan-

653 2613 76 29 ganui,
742 2613 85 22 arrives
846 2613 64 23 there
922 2622 29 14 on
970 2622 13 15 a
1002 2614 93 31 Sunday
1107 2615 54 23 with
1178 2623 61 15 some

655 2645 24 23 of
691 2646 37 22 his
739 2646 88 30 people,
838 2647 25 22 in
884 2655 88 16 canoes.
1010 2647 40 24 He
1067 2648 53 23 fires
1140 2656 14 15 a
1165 2649 73 22 salute

782 2679 44 23 and
844 2687 25 15 as
888 2681 74 28 usual,
984 2680 48 24 Mr.
1046 2680 30 24 E.
1090 2681 150 31 Jerningham

655 2711 127 25 Wakefield
808 2717 90 19 returns
926 2714 38 23 the
994 2714 80 23 salute.
1130 2714 54 24 Had
1213 2715 26 23 he

655 2746 92 23 omitted
759 2749 22 19 to
794 2746 101 23 conform
914 2751 22 18 to
952 2748 39 22 the
1003 2747 123 23 invariable
1143 2753 95 24 custom,

655 2778 20 23 E
689 2778 96 24 Kourou
796 2779 74 23 would
882 2780 57 23 have
956 2780 59 23 been
1027 2781 79 30 deeply
1233 2791 5 14 :

655 2812 42 23 and
708 2812 37 23 the
757 2812 89 23 settlers
856 2817 24 19 at
891 2813 131 30 Wanganui
1033 2814 73 30 might
1117 2814 58 24 have
1186 2822 53 16 con-

655 2845 75 23 verted
742 2845 59 23 their
815 2845 53 31 only
880 2847 109 30 powerful
1009 2847 72 23 friend
1100 2855 85 23 among
1201 2848 38 23 the

654 2879 86 22 natives
752 2879 46 22 into
811 2887 29 14 an
860 2887 88 23 enemy.
984 2880 48 23 Yet
1048 2880 24 23 in
1093 2882 57 29 spite
1171 2881 25 23 of
1211 2881 29 23 all

655 2911 52 29 this,
726 2912 86 23 certain
830 2912 25 23 of
869 2912 40 24 the
926 2913 90 23 settlers
1035 2914 59 23 raise
1114 2921 28 16 an
1161 2918 78 26 outcry

655 2946 89 30 against
761 2944 38 24 the
818 2945 89 30 salute;
926 2946 48 23 Mr.
995 2946 136 29 Wakefield,
1149 2947 93 23 himself

655 2986 12 15 a
679 2978 86 24 Justice
777 2978 26 23 of
817 2978 38 24 the
874 2980 82 28 Peace,
969 2980 20 22 is
1010 2980 133 23 summoned
1163 2981 76 23 before

655 3011 36 24 the
698 3011 182 31 Magistrates'in
891 3012 70 31 Petty
970 3013 114 29 Sessions,
1097 3021 25 15 as
1136 3021 42 15 one
1190 3014 48 22 who

653 3045 44 23 had
710 3068 4 7 t
714 3045 79 23 struck
811 3047 76 21 terror
905 3044 47 24 into
964 3045 38 23 the
1022 3045 94 26 Queeris
1133 3047 105 29 subjects,

654 3078 45 23 and
717 3078 130 23 desecrated
863 3078 39 23 the
920 3077 117 29 Sabbath;
1056 3079 44 23 and
1119 3079 64 24 these
1202 3088 37 15 sa-

653 3111 63 32 pient
748 3118 138 25 personages
912 3111 125 31 absolutely
1063 3112 46 23 fine
1133 3112 49 24 him
1201 3117 38 19 ten

654 3144 104 31 shillings
769 3144 36 23 for
816 3144 140 33 the^offence
964 3146 6 23 !
1006 3145 50 23 We.
1062 3145 56 23 have
1134 3153 30 16 no
1176 3153 62 16 room

653 3185 50 16 now
719 3182 23 18 to
756 3182 62 18 enter
829 3179 48 21 into
895 3177 38 24 the
949 3177 80 24 details
1048 3178 24 23 of
1145 3186 93 23 procee-

653 3210 61 32 ding,
726 3210 75 23 which
817 3218 59 16 were
890 3211 82 23 absurd
990 3210 89 32 beyond
1090 3211 71 24 belief
1169 3221 6 20 ;
1196 3212 43 23 and

653 3244 83 31 merely
749 3244 73 23 allude
835 3248 21 19 to
869 3244 38 24 the
919 3252 51 15 case
980 3245 24 22 in
1013 3245 138 23 illustration
1164 3245 26 23 of
1199 3253 40 15 our

654 3280 126 25 statement,
794 3277 49 23 that
854 3277 39 23 the
914 3277 88 23 settlers
1015 3282 24 19 at
1058 3277 132 32 Wanganui
1201 3287 38 14 are

653 3315 40 19 not
702 3336 3 4 ,
711 3311 70 30 going
800 3310 39 24 the
855 3310 62 31 right
938 3318 50 23 way
1005 3315 24 19 to
1052 3310 50 24 deal
1123 3311 55 24 with
1201 3311 38 24 the

654 3344 74 23 native
740 3343 139 31 population.

686 3377 44 23 We
750 3377 113 30 earnestly
881 3377 58 30 hope
949 3376 54 32 they
1014 3377 46 23 will
1077 3385 68 16 rouse
1164 3378 75 23 them-

654 3410 72 23 selves
750 3411 47 22 into
818 3411 114 23 exertion.'
976 3410 27 23 If
1028 3418 29 16 no
1084 3418 42 15 one
1155 3419 83 23 person

655 3451 40 15 can
720 3443 65 23 effect
809 3443 77 29 much,
916 3443 38 27 all.
971 3451 42 15 can
1038 3444 28 23 do
1091 3445 145 30 something;

654 3477 43 22 and
726 3477 38 22 the
794 3482 122 26 aggregate
942 3477 84 22 results
1055 3476 24 23 of
1106 3477 69 23 small-

655 3510 99 23 dividual
771 3510 77 22 efforts
863 3510 47 23 will
926 3510 29 22 be
973 3509 164 24 considerable.
1173 3510 66 31 They

654 3543 56 23 have
733 3551 14 15 a
769 3539 120 34 delightful
912 3543 96 28 climate,
1033 3551 13 15 a
1074 3543 67 22 noble
1170 3544 67 28 river,

655 3576 41 22 soil
717 3576 25 23 of
762 3576 112 23 excellent
892 3576 85 31 quality
994 3576 48 24 'and
1062 3581 64 25 great
1143 3578 94 30 variety.

656 3608 91 31 Among
759 3609 60 23 them
832 3617 37 15 are
880 3617 95 23 persons
992 3609 25 23 of
1033 3610 103 30 superior
1156 3611 82 22 educa-

655 3642 47 23 tion
724 3642 45 23 and
791 3642 173 31 acquirements,
978 3642 56 24 -and
1056 3643 133 30 experience
1218 3645 24 23 of

656 3673 103 25 different
769 3676 122 23 countries.
928 3675 66 31 They
1004 3680 63 19 must
1077 3684 57 15 soon
1152 3677 87 26 receive

655 3707 103 24 valuable
769 3708 112 23 additions
893 3713 23 19 to
928 3708 61 24 their
1001 3710 84 29 society
1094 3718 6 20 ;
1121 3710 44 22 and
1178 3718 61 15 com-

655 3741 137 23 munication
812 3741 31 30 by
866 3746 72 19 steam
960 3741 55 24 with
1035 3742 57 23 Port
1112 3742 127 25 Nicholson

656 3772 45 23 will
724 3772 81 24 render
825 3774 131 31 Wanganui
978 3783 14 15 a
1013 3775 94 23 favorite
1129 3776 65 31 place
1218 3778 24 22 of

656 3810 79 19 resort.
770 3805 44 23 We
836 3807 102 23 consider
958 3808 59 24 their
1040 3814 117 26 prospects
1180 3815 61 18 most

656 3838 119 31 cheering;
804 3838 43 23 hut
869 3840 53 30 they
943 3845 62 20 must
1033 3845 42 28 put
1102 3842 59 23 their
1191 3851 48 15 own

656 3871 115 23 shoulders
781 3875 23 19 to
821 3872 37 23 the
870 3873 79 29 wheel,
962 3882 31 15 or-
1005 3875 32 23 all
1052 3874 38 24 the
1102 3875 137 33 advantages

656 3905 23 22 of
690 3905 58 23 their
759 3905 97 31 position
869 3906 45 23 will
924 3907 58 23 avail
994 3907 62 24 them
1068 3908 103 31 nothing.

689 3938 49 23 The
750 3938 173 24 establishment
934 3939 25 23 of
969 3939 37 24 the
1018 3941 88 24 Nelson
1116 3942 88 30 Colony
1215 3943 24 23 in

1300 2417 30 23 In
1351 2424 12 15 a
1378 2417 45 23 late
1441 2415 94 24 number
1558 2417 26 22 of
1608 2416 38 23 the
1668 2415 58 25 New
1748 2416 104 24 Zealand

1267 2447 100 29 Herald,
1385 2457 33 16 we
1436 2457 36 14 are
1491 2449 96 23 accused
1604 2449 26 22 of
1651 2457 14 15 a
1683 2450 132 30 propensity
1827 2455 23 18 to

1267 2483 68 30 decry
1352 2481 131 25 Auckland.
1526 2482 61 23 Well
1589 2495 31 4 —
1620 2483 19 22 it
1662 2483 74 23 would
1756 2483 28 23 be
1807 2483 42 31 hy-

1268 2517 88 29 pocrisy
1374 2517 24 22 in
1416 2523 27 16 us
1462 2520 22 17 to
1502 2515 94 31 pretend
1614 2523 45 23 any
1676 2521 64 25 great
1748 2518 7 14 L
1761 2516 51 24 love
1829 2518 23 22 of

1270 2549 149 30 Crimp-town
1431 2558 5 19 ;
1455 2548 42 24 but
1507 2556 32 16 we
1552 2553 81 19 cannot
1651 2549 105 23 recollect
1766 2549 85 32 having

1268 2583 88 22 written
1375 2582 111 31 anything
1504 2589 60 16 more
1588 2582 152 31 depreciatory
1761 2583 26 22 of
1813 2584 37 23 the

1267 2615 70 31 place,
1350 2615 54 23 than
1424 2614 36 24 the
1479 2614 129 31 following;
1628 2615 74 23 which
1707 2624 42 19 -we,
1763 2621 89 19 extract

1267 2649 58 22 from
1337 2649 29 22 its
1378 2656 50 15 own
1442 2655 140 23 newspaper.
1593 2657 5 15 :
1601 2661 33 3 —
1725 2655 11 10 ''
1756 2662 2 4 ■

1293 2687 49 21 The
1351 2685 153 28 lithographed
1513 2687 53 22 plan
1577 2687 24 21 of
1612 2687 38 21 the
1664 2690 68 24 town,
1751 2687 74 22 which
1832 2689 20 20 is

1268 2721 49 14 now
1328 2713 75 22 before
1413 2713 171 25 us.'Wouldlead
1594 2721 12 14 a
1613 2717 102 24 stranger
1725 2718 21 18 to
1757 2722 94 20 suppose

1268 2741 48 21 that
1327 2739 119 23 Auckland
1456 2747 44 15 was
1509 2747 13 14 a
1531 2744 58 18 town
1598 2741 26 21 of
1636 2748 61 14 some
1713 2741 139 26 importance

1268 2775 22 14 as
1303 2767 48 21 well
1361 2774 23 15 as
1391 2769 80 24 beauty
1478 2774 6 19 ;
1492 2766 39 22 but
1541 2767 64 22 when
1616 2767 37 21 the
1664 2767 107 22 localities
1782 2769 25 20 of
1815 2769 37 20 the

1268 2795 63 26 place
1356 2801 36 14 are
1416 2801 55 15 once
1489 2793 81 22 known
1591 2798 21 18 to
1635 2794 54 27 him,
1716 2802 31 15 we
1772 2795 80 22 should

1268 2821 96 26 imagine
1375 2821 36 21 the
1422 2820 52 27 only
1488 2820 127 22 conclusion
1632 2820 29 22 he
1672 2822 66 21 could
1747 2822 72 24 arrive
1830 2826 23 17 at

1267 2848 24 25 is,
1303 2848 53 23 that,
1363 2847 34 21 the
1410 2851 57 18 town
1477 2854 42 17 w_as
1529 2847 94 28 mapped
1627 2849 54 25 first
1691 2849 44 21 and
1743 2849 110 27 surveyed

1267 2875 134 25 afterwards.
1429 2874 47 22 The
1486 2873 46 22 first
1545 2874 79 27 glance
1636 2875 26 22 of
1672 2875 37 22 the
1719 2883 51 20 map
1781 2875 71 22 shews

1267 2909 14 14 a
1290 2901 59 22 dork
1360 2902 48 25 (not
1418 2909 13 14 a
1439 2900 106 27 proposed
1556 2901 59 26 one,)
1635 2902 130 27 apparently
1776 2910 77 17 cover-

1267 2929 39 26 ing
1316 2931 23 18 at
1348 2928 56 21 least
1408 2928 81 21 -fifteen
1500 2934 61 15 acres
1577 2929 26 20 of
1613 2929 102 27 ground;
1731 2929 41 22 but
1787 2929 65 22 when

1268 2955 27 21 he
1453 2954 57 22 that-
1521 2954 20 22 it
1552 2970 3 4 .
1564 2955 93 22 extends
1674 2956 88 27 beyond
1787 2956 66 22 Point

1269 2982 120 21 Britoniart
1397 2985 22 18 to
1430 2981 76 26 nearly
1516 2988 12 14 a
1537 2981 74 22 fourth
1622 2983 26 20 of
1658 2983 38 21 the
1714 2990 45 19 way
1778 2990 74 15 across

1268 3009 36 21 the
1324 3008 82 27 Firth,-'-
1413 3009 28 21 he
1456 3008 19 21 is
1491 3008 123 22 convinced
1627 3009 48 22 that
1691 3009 42 22 the'
1744 3009 86 23 dock'is
1839 3018 14 14 a

1268 3035 98 22 creation
1376 3036 26 20 of
1413 3036 37 21 the
1458 3035 152 26 imagination,
1623 3035 45 22 and
1678 3036 44 22 will
1738 3043 69 15 never
1815 3036 37 23 'be

1268 3062 170 26 accomplished.
1460 3085 4 3 .
1481 3061 99 27 Leaving
1603 3062 37 21 the
1660 3063 58 21 dock
1735 3063 28 22 he
1783 3064 69 21 wades

1269 3089 95 26 through
1373 3090 95 21 sections
1478 3094 36 14 one
1523 3088 45 22 and
1577 3091 40 19 two
1625 3089 22 21 if
1655 3101 2 5 .
1664 3090 16 21 it
1697 3090 28 21 be
1733 3090 120 23 low'water

1269 3116 49 25 (but
1328 3116 17 20 is
1356 3119 22 17 at
1387 3123 14 14 a
1410 3115 43 23 loss
1462 3118 23 18 to
1495 3115 46 21 find
1551 3115 60 22 them
1623 3119 23 18 at
1655 3116 42 21 full
1712 3117 64 26 tide,)
1794 3118 57 21 until

1268 3142 27 21 he
1317 3142 64 21 lands
1405 3143 24 20 in
1448 3141 78 21 Lower
1544 3143 163 27 Queen-street,
1727 3143 72 22 where
1818 3145 34 22 his

1267 3176 101 19 progress
1390 3169 20 21 is
1432 3167 92 28 stopped
1546 3169 31 26 by
1600 3169 38 21 the
1665 3176 89 21 swamp,
1779 3170 73 23 which

1267 3195 90 21 hinders
1367 3202 45 19 you
1420 3195 58 22 from
1492 3195 133 26 proceeding
1637 3203 32 19 up
1686 3197 39 20 the
1744 3197 109 28 principal

1267 3226 68 18 street
1347 3223 28 19 of,
1392 3222 37 22 the
1447 3221 58 27 good
1521 3225 59 19 town
1600 3223 25 21 of
1645 3217 128 28 Auckland.
1799 3235 3 6 •
1816 3226 36 21 On

1268 3249 91 26 turning
1371 3249 73 26 again,
1458 3256 46 19 you
1512 3249 260 23 arerather.astonished
1782 3255 23 18 at
1814 3257 39 18 not

1267 3275 87 26 finding
1372 3283 45 20 any
1435 3278 67 19 street
1519 3279 23 18 at
1559 3276 60 27 right
1644 3277 88 26 angles^
1752 3280 100 26 opposite

1267 3302 237 26 Shortland-crescent,
1522 3303 45 21 and
1585 3310 46 20 you
1649 3304 84 22 ascend,
1750 3305 38 22 the
1805 3307 47 22 said

1267 3329 124 21 misnamed
1401 3332 100 18 crescent
1514 3329 81 26 (which
1605 3330 53 21 with
1669 3339 61 14 more
1738 3334 114 27 propriety

1268 3356 71 27 might
1350 3355 57 22 have
1417 3356 140 21 been^called
1557 3368 28 4 —
1587 3357 117 22 Mathew's
1721 3359 90 27 Mount)
1830 3364 22 18 to

1268 3383 74 21 obtain
1353 3389 13 14 a
1376 3383 55 21 view
1441 3382 24 21 of
1476 3383 37 21 the
1523 3386 59 19 town
1596 3384 72 21 itself.-
1693 3384 61 23 Here
1769 3393 46 19 you
1831 3391 22 18 at

1268 3416 55 14 once
1333 3416 37 14 see
1380 3409 48 22 that
1437 3409 20 22 if
1469 3414 116 24 crescents,
1605 3411 129 28 quadrants,
1752 3412 45 23 and
1811 3414 42 21 cir-

1268 3443 69 19 cuses,
1349 3443 57 14 were
1415 3443 59 14 more
1484 3437 103 27 required
1597 3437 54 22 than
1661 3442 77 19 streets
1754 3442 24 19 at
1794 3440 59 26 right

1268 3463 83 26 angles,
1361 3462 48 22 that
1418 3463 36 22 the
1465 3467 53 18 west
1527 3464 44 22 end
1580 3465 26 21 of
1624 3464 38 22 the
1678 3469 59 18 town
1753 3473 45 14 was
1815 3468 37 21 the

1269 3490 38 21 site
1318 3489 34 21 for
1368 3489 64 22 these-
1442 3490 145 27 gingerbread
1600 3492 159 23 roundabouts.
1789 3493 65 22 Pass-

1267 3516 39 27 ing
1321 3516 96 27 through
1427 3517 162 28 Prince-street,
1606 3518 45 22 and
1661 3519 78 27 giving
1748 3527 14 14 a
1779 3522 75 21 casual

1267 3543 80 26 glance
1359 3546 22 18 at
1391 3543 37 22 the
1440 3543 156 29 Government,
1602 3545 149 23 obstructions
1766 3546 88 23 Water-

1268 3569 166 28 loo-quadrant,
1449 3578 45 19 you
1516 3574 82 19 cannot
1615 3571 53 27 help
1686 3572 112 28 admiring
1815 3574 38 23 the

1268 3604 108 19 accuracy
1394 3597 45 22 and
1457 3597 110 26 precision
1584 3598 53 21 with
1655 3598 73 23 which
1742 3600 113 23 Duchess-

1269 3627 68 18 street
1354 3623 143 28 corresponds
1515 3625 53 20 with
1586 3625 166 23 Prince-street.
1791 3627 64 22 Pass-

1268 3651 39 26 ing
1324 3650 95 27 rapidly,
1432 3649 94 28 through
1547 3651 147 28 Kent-street,
1719 3660 45 20 you
1784 3654 71 23 arrive

1268 3681 23 18 at
1301 3677 37 22 the
1349 3677 188 28 Royal-crescent,
1556 3685 25 14 or
1595 3678 76 22 rather
1686 3680 112 26 quadrant
1798 3692 27 4 —
1827 3689 28 15 an

1267 3704 136 21 instrument
1411 3704 167 23 manufactured
1586 3705 30 27 by
1627 3705 106 27 Mathew,
1743 3707 25 21 of
1773 3707 84 23 Benett

1268 3731 44 21 and
1322 3731 75 26 Upper
1408 3731 162 27 Queen-street,
1581 3732 128 27 Auckland,
1722 3737 22 17 to
1756 3734 52 22 take
1818 3734 37 23 the

1269 3757 104 22 altitudes
1396 3758 44 21 and
1462 3757 111 22 distances
1596 3758 26 21 of
1646 3758 38 23 the
1707 3761 150 27 surrounding

1269 3788 95 23 country
1372 3792 6 19 ;
1394 3785 17 21 it
1424 3786 20 21 is
1455 3792 12 13 a
1478 3785 109 26 quadrant
1601 3785 53 22 with
1665 3793 28 14 an
1704 3793 37 15 arc
1751 3787 27 22 of
1788 3788 69 22 about

1268 3814 26 19 90
1306 3812 98 26 degrees.

1294 3838 157 27 Independent
1458 3837 27 22 of
1495 3837 36 23 the
1542 3846 69 15 errors
1621 3838 72 23 which
1703 3847 36 15 are
1749 3845 108 23 apparent

1269 3868 21 19 to
1302 3873 68 19 every
1382 3873 49 20 one,
1443 3865 16 22 it
1470 3865 19 22 is
1497 3869 55 18 next
1563 3870 21 17 to
1594 3866 128 28 impossible
1733 3871 22 18 to
1772 3868 62 23 build
1845 3877 12 14 a

1268 3900 79 20 square
1359 3892 69 23 house
1439 3899 28 14 on
1484 3899 44 21 any
1544 3893 126 27 allotment,
1685 3894 46 22 and
1745 3894 58 27 keep
1820 3896 37 22 the

1269 3919 91 27 parallel
1370 3919 46 22 line
1427 3919 51 22 with
1488 3919 36 22 the
1543 3924 74 22 street,
1638 3921 28 26 by
1677 3928 78 15 reason
1776 3922 26 23 of
1820 3923 37 22 the

1268 3946 81 22 absurd
1357 3952 94 16 manner
1458 3946 25 21 in
1495 3946 71 22 which
1577 3947 54 27 they
1640 3955 39 15 arc
1688 3948 46 23 laid
1742 3952 40 19 out
1788 3957 6 18 ;
1814 3951 43 21 and

530 58 100 32 THE
649 55 111 34 NEW
777 56 230 32 ZEALAND
1026 56 238 36 GAZETTE.
1269 55 101 33 AND
1389 55 318 36 WELLINGTON
1728 60 287 33 SPECTATOR.

738 103 11 5 «■
877 100 7 8 _•
962 91 4 17 !
1505 91 14 17 %

106 923 168 23 SHIPPING
291 921 274 25 INTELLIGENCE.

1865 149 24 15 as
1898 149 33 14 we
1940 149 37 13 are
1987 145 40 18 not
2035 147 43 23 yet,
2088 144 105 22 nor'shall
2202 151 33 15 we
2243 142 36 23 ;Be
2295 140 35 23 for
2344 131 109 35 aflengt&

1866 168 26 22 of
1902 169 59 25 time,
1971 169 25 20 in
1999 168 4 8 v
2006 175 14 14 a
2026 170 92 25 position
2127 174 24 18 to
2160 168 141 24 builcPbrick
2309 167 94 24 houses,'
2413 166 39 21 the

1866 198 60 18 town
1943 197 99 23 presents
2060 195 37 22 the
2227 195 138 28 appearante
2387 191 26 22 of
2432 199 15 14 a

1867 223 104 23 crescent,
1991 221 85 21 formed
2098 222 29 27 by
2146 230 78 19 square
2245 218 94 25 wooded
2354 219 87 21 houses.

1866 246 55 22 Thia
1930 249 82 18 cannot
2022 253 48 15 now
2079 248 27 21 be
2119 249 121 26 remedied,
2255 255 24 14 as
2293 246 39 23 the
2347 243 101 24 mischief

1867 273 19 21 is
1895 272 64 26 done,
1971 273 41 20 but
2020 272 18 21 it
2045 280 50 20 may
2104 275 26 20 be
2140 275 94 21 avoided
2243 275 35 20 for
2286 274 38 21 the
2335 272 73 21 future
2416 270 32 26 by

1869 306 12 13 a
1891 305 61 14 more
1962 298 81 21 careful
2053 300 44 21 and
2104 300 72 22 better
2182 301 52 27 plan
2243 300 67 26 being
2316 296 133 24 substituted

1868 325 34 21 for
1911 324 38 21 the
1959 328 89 23 present
2057 332 49 15 one.

1894 350 48 22 The
1968 357 135 16 narrowness
2122 352 25 21 of
2167 352 38 21 the
2225 356 78 18 streets
2321 351 19 22 is
2355 349 94 22 another

1869 376 76 27 crying
1954 376 49 27 evil,
2017 376 45 21 and
2068 376 36 22 the
2113 378 120 21 formation
2243 379 26 21 of
2281 379 63 20 tliose
2350 376 98 22 horrible

1869 403 117 22 nuisances
1986 413 26 4 —
2013 403 85 21 sixteen
2105 404 43 21 and
2156 404 72 21 a-half
2235 404 44 22 feet
2287 405 68 25 lanes,
2365 410 37 14 are
2412 402 37 21 the

1870 436 75 15 means
1954 429 26 21 of
1986 429 90 26 causing
2083 429 36 22 the
2126 437 54 19 very
2186 430 53 21 evils
2245 430 72 22 which
2328 430 17 21 it
2352 436 43 15 was
2402 427 46 23 said

1870 460 21 17 to
1900 455 56 22 have
1965 456 54 20 been
2027 455 106 21 intended
2140 459 23 17 to
2173 456 72 21 avoid.
2269 457 37 26 Sly
2313 463 55 20 grog
2375 456 73 25 shops,

1864 482 115 26 .receiving
1989 481 86 26 houses,
2086 481 44 21 and
2144 482 73 21 skittle
2226 483 98 25 grounds
2333 490 36 13 are
2379 482 70 21 there-

1869 509 45 21 fore
1923 514 125 19 numerous,
2059 507 45 21 and
2109 507 44 21 will
2161 508 104 22 continue
2271 509 33 21 for
2311 516 68 19 many
2385 514 65 21 years

1871 539 21 17 to
1902 542 62 14 come
1973 538 23 18 to
2011 533 37 22 the
2057 540 130 19 annoyance
2195 534 25 20 of
2231 535 37 20 the
2286 542 61 14 more
2358 536 97 25 respect-

1870 561 48 22 able
1928 559 138 28 community
2076 559 48 22 who
2134 559 57 21 have
2201 559 122 27 pufch'asccl
2381 559 71 23 better

1869 590 49 25 part
1935 588 25 21 of
1975 587 37 21 the
2031 586 101 22 business
2150 588 86 19 streets.
2270 587 77 21 Lower
2362 588 90 23 Queen-

1860 625 2 5 ■
1870 617 66 19 street
1950 620 91 21 appears
2055 613 38 21 the
2109 611 54 27 only
2180 611 140 22 main-street
2333 613 25 21 of
2362 613 91 22 'decent

1870 641 73 26 width,
1959 640 44 21 and
2013 646 32 15 we
2055 638 108 22 maintain
2179 637 47 21 that
2237 637 37 22 the
2285 638 72 22 others
2367 646 38 14 are
2414 643 38 17 too

1869 667 131 21 narrowfor
2008 666 38 21 the
2057 665 42 22 due
2107 665 96 26 keeping
2213 663 26 21 of
2250 663 38 21 the
2298 663 76 23 health
2383 666 26 20 of
2415 666 38 20 the

1869 693 135 22 inhabitants
2014 692 26 22 of
2050 699 21 15 a,
2078 692 107 27 populous
2199 690 94 22 district.
2322 690 26 21 In
2364 691 88 22 Official

1870 721 54 26 Bay,
1936 719 35 22 the
1980 722 79 19 streets
2067 726 36 14 are
2110 721 39 19 not
2158 717 52 26 only
2218 723 112 15 narrower
2337 717 53 21 than
2400 726 54 19 any-

1871 747 71 21 where
1952 746 50 25 else,
2012 746 41 21 but
2061 745 18 21 it
2087 745 18 21 is
2114 743 127 28 impossible
2256 741 27 23 to'
2289 743 97 21 describe
2396 744 58 22 their

1871 773 83 26 shapes,
1965 773 67 26 being
2041 771 85 21 neither
2135 770 80 26 round,
2231 777 85 20 square,
2328 770 90 25 parallel
2428 778 25 14 or

1871 799 56 21 oval.
1955 799 172 26 Jermyn-street
2139 797 20 22 is
2168 804 15 14 a
2191 796 108 27 splended
2308 796 111 26 specimen
2430 797 26 21 of

1871 825 102 27 drawing-
1982 824 92 27 straight
2081 830 4 3 •
2091 824 63 26 lines,
2172 822 45 22 and
2226 823 19 21 is
2259 823 24 21 in
2295 822 97 27 keeping
2402 823 51 20 with

1872 852 36 22 the
1922 852 78 27 shapes
2010 851 26 21 of
2046 851 37 21 the
2093 850 96 22 sections
2203 850 23 20 in
2238 849 36 21 the
2282 848 64 22 other
2359 848 97 27 parts'of

1871 878 36 22 the
1912 882 70 24 .town,
1994 885 39 20 say
2040 877 76 22 blocks
2125 877 55 21 Nos.
2190 876 27 21 35
2224 879 22 18 to
2254 877 26 20 49
2290 874 165 28 (RoyalQuad-

1860 912 3 5 •
1872 905 68 26 rant.)
1989 906 3 3 '
2349 901 83 23 ".>'.'

1904 933 24 23 It
1938 934 20 22 is
1976 933 47 23 also
2041 932 72 24 stated
2131 931 51 24 that
2201 930 40 24 the
2262 930 98 24 Tamaki
2373 930 78 23 -farms

1872 975 36 15 are
1919 966 46 23 laid
1977 971 38 18 out
2024 966 54 23 with
2088 973 25 15 as
2123 971 70 23 many
2204 971 74 16 errors
2296 970 25 16 as
2333 963 38 22 the
2383 967 70 19 town-

1870 999 73 29 lands,
1956 999 43 23 and
2013 1007 14 15 a
2044 1006 118 23 re-survey
2176 998 25 22 of
2214 1001 62 19 town
2296 995 46 24 and
2359 1000 95 27 country-

1872 1034 20 21 is
1905 1032 103 23 declared
2019 1036 22 19 to
2052 1032 29 23 be
2092 1038 128 22 necessary.

267 971 142 20 ARRIVED.

74 1000 49 22 Jan.
141 1001 33 26 30,
200 1000 101 20 scliooner
324 999 59 25 Rory
409 999 86 25 O'More,
516 999 56 20 from
595 1000 34 20 the

46 1031 66 16 coast.

72 1110 49 20 Jan.
140 1111 34 24 31,
192 1110 102 20 schooner
308 1109 67 22 Anne,
392 1107 97 27 Higgins,
507 1108 53 20 from
578 1108 51 20 New

44 1137 120 26 Plymouth.

73 1165 60 19 Same
148 1165 46 25 day,
206 1164 59 25 sloop
282 1163 68 25 Royal
361 1163 99 24 William,
477 1161 79 26 Lovitt,
574 1163 55 20 from

45 1192 91 18 Akaroa.
491 1198 3 12 :

74 1055 60 20 Same
153 1056 46 25 day,
220 1055 45 25 brig
284 1052 98 27 Caroline,
406 1053 96 26 Coombs,
521 1054 54 20 from
595 1054 34 20 the

46 1082 102 20 Chatham
159 1082 88 20 Islands.

1251 139 129 25 'Tasman's
1400 138 100 30 Galf^is
1518 148 13 15 a
1547 145 59 19 most
1623 142 121 31 important
1763 149 74 25 event,

1259 171 123 33 politically
1392 171 44 24 and
1446 170 165 35 economically.
1646 175 43 24 We
1698 185 88 16 reserve
1798 178 40 23 the

1260 205 90 31 politics
1361 204 35 23 for
1411 204 54 25 the,,
1465 206 59 22 'next
1538 203 80 34 'paper,
1642 209 60 28 and.
1709 210 56 23 shall
1787 217 52 16 now

1259 237 87 30 merely
1356 236 90 24 remark
1458 232 47 28 that
1514 238 30 31 by
1565 240 45 22 this
1628 240 112 31 judicious
1759 249 80 24 opera-

1262 271 54 28 tion,
1337 270 37 23 the
1394 269 143 24 Settlements
1556 272 24 23 in
1599 273 84 23 Cook's
1704 275 82 23 Straits

1262 302 76 24 hound
1358 303 109 30 together,
1488 304 90 31 socially
1596 305 44 23 and
1664 307 174 30 commercially.

1263 336 105 23 Between
1381 335 135 30 Wellington
1529 338 44 22 and
1583 337 86 25 Nelson
1680 340 62 23 there
1753 340 47 23 will
1812 340 27 22 he

1264 377 12 15 a
1287 368 91 29 rivalry,
1392 367 97 32 friendly
1500 369 22 23 in
1533 370 30 22 its
1582 370 112 25 character
1706 373 43 23 and
1760 372 80 31 highly

1263 401 117 24 beneficial
1392 405 22 18 to
1427 399 60 24 both.
1528 401 64 24 Each
1613 403 133 25 Settlement
1757 404 42 24 has
1811 406 30 21 its

1265 434 126 23 distinctive
1399 434 88 22 natural
1492 434 141 32 advantages.
1664 437 27 23 In
1700 445 40 16 our
1749 438 93 31 opinion

1264 464 38 26 tlie
1314 467 139 29 superiority,
1458 466 20 23 is
1495 468 85 30 greatly
1592 476 30 15 on
1636 469 37 24 the
1686 470 46 23 side
1744 470 24 23 of
1784 470 57 23 Port

1265 499 138 29 Nicholson;
1425 498 40 23 but
1482 499 19 23 if
1516 500 17 23 it
1539 501 39 23 '•be
1589 509 33 21 so,
1641 509 32 16 we
1685 507 60 19 must
1761 503 29 23 be
1802 503 38 23 the

1264 530 68 26 more'
1338 532 85 23 careful
1438 536 39 18 not
1488 536 21 19 to
1519 533 41 23 fall
1576 534 84 23 behind
1671 543 40 15 our
1721 536 85 23 friends
1818 536 24 22 in

1265 565 120 24 Tasman's
1399 564 63 30 Gulf,
1479 565 25 22 in
1515 566 37 22 the
1569 573 50 16 race

1265 598 178 30 Commercially,
1452 604 32 16 we
1493 597 89 32 already
1586 599 45 23 feel
1639 600 37 23 the
1683 601 83 23 benefit
1774 601 24 23 of
1803 601 38 22 the

1265 630 87 24 Nelson
1364 630 102 24 demand.
1502 630 45 23 For
1559 639 61 16 some
1625 633 60 23 time
1696 638 22 19 to
1729 642 62 15 come
1803 634 38 23 the

1265 663 123 32 capitalists
1400 664 24 22 of
1439 663 38 23 the
1495 664 83 22 second
1594 664 85 32 Colony
1691 670 61 19 must
1769 670 74 20 resort

1264 697 74 22 hither
1347 697 35 22 for
1393 696 98 31 supplies
1500 697 23 22 of
1533 698 89 22 various
1631 698 153 32 descriptions,
1798 699 44 23 and

1265 735 22 17 to
1298 729 62 23 them
1371 730 19 22 it
1401 733 61 19 must
1472 728 27 24 be
1510 737 54 23 very
1577 730 162 31 advantageous
1749 736 23 18 to
1784 732 57 22 have

1265 770 24 15 so
1300 770 55 15 near
1366 771 13 14 a
1386 761 94 29 market,
1494 770 24 15 so
1525 763 51 22 well
1582 763 123 24 furnished.
1733 764 43 23 We
1787 772 53 22 may

1264 796 52 30 play
1328 796 46 22 into
1394 794 53 25 each
1467 794 82 24 other's
1560 795 80 30 hands',
1660 796 44 23 and
1720 797 56 23 both
1798 799 45 21 win

1264 828 96 29 largely.

1297 862 36 22 As
1344 865 38 26 yet
1394 862 30 22 all
1433 861 41 23 has
1484 868 57 23 gone
1552 862 160 30 prosperously
1721 862 54 23 with
1784 862 58 24 Nel-

1265 902 48 21 son,
1326 894 98 30 through
1435 902 28 15 an
1474 895 69 22 union
1554 895 26 22 of
1587 894 58 30 good
1653 895 53 22 luck
1717 895 53 23 with
1782 895 60 30 good

1264 933 165 24 management.
1464 926 48 24 The
1527 927 116 31 discovery
1655 928 23 23 of
1694 928 37 23 the
1742 928 100 23 harbour

1265 968 44 14 was
1321 959 111 25 fortunate
1441 967 27 15 no
1477 959 79 29 doubt;
1570 961 40 23 but
1616 961 19 23 it
1643 961 87 26 was,his
1737 961 105 30 previous

1265 993 132 31 experience
1410 992 24 25 of
1449 992 61 30 large
1527 993 56 31 bays
1601 993 73 24 which
1693 994 38 23 led
1747 993 95 31 Captain

1264 1025 135 30 Wakelield,
1418 1031 21 18 to
1451 1026 57 23 infer
1519 1027 29 21 its
1563 1027 112 23 existence
1688 1027 23 23 in
1723 1026 119 25 Tasman's

1266 1058 64 28 Gulf,
1349 1059 44 23 and
1408 1059 71 23 hence
1496 1058 35 23 his
1548 1060 145 30 persevering
1715 1060 79 23 search
1813 1060 29 23 all

1264 1091 73 23 round
1354 1092 38 22 the
1404 1096 68 19 coast.
1507 1092 31 22 So
1556 1091 47 24 also
1625 1092 37 23 the
1674 1093 46 23 safe
1738 1097 104 19 entrance

1265 1125 25 22 of
1305 1125 85 23 vessels
1403 1126 52 26 into,
1478 1125 42 22 and
1533 1125 118 30 departure
1662 1126 58 23 from,
1736 1125 38 24 the
1783 1130 59 26 port,

1264 1158 19 22 is
1296 1163 23 17 fo
1330 1158 28 22 be
1371 1157 120 23 attributed
1509 1165 12 15 a
1532 1158 58 29 good
1601 1158 50 23 deal
1662 1163 21 18 to
1696 1159 37 23 the
1745 1159 97 30 Agent's

1265 1191 99 30 activity,
1373 1192 25 21 in
1420 1190 117 30 sounding,
1556 1191 108 30 buoying,
1683 1191 43 23 and
1737 1192 104 30 piloting.

1265 1224 51 23 The
1327 1224 51 22 best
1389 1223 55 24 wish
1455 1231 33 15 we
1498 1231 41 15 can
1550 1224 54 22 offer
1615 1224 89 23 Nelson
1714 1225 27 28 is,
1753 1224 50 23 that
1813 1226 29 22 its

1265 1257 75 22 affairs
1351 1265 53 22 may
1414 1257 95 31 proceed
1520 1264 24 15 as
1556 1257 53 30 they
1616 1257 56 22 have
1685 1258 142 23 commenced
1835 1267 6 19 ;

1264 1290 44 22 and
1320 1290 48 22 that
1377 1295 54 18 next
1441 1297 54 22 year
1503 1297 32 15 we
1546 1297 52 22 may
1608 1289 58 23 have
1678 1298 24 14 as
1716 1290 126 23 favourable

1264 1330 13 15 a
1288 1327 76 26 report
1375 1328 22 17 to
1410 1323 66 23 make
1487 1322 25 23 of
1527 1323 37 22 the
1576 1323 122 28 Colonists,
1711 1331 25 15 as
1747 1331 33 15 we
1793 1331 49 15 now

1264 1360 40 25 put
1316 1363 29 16 on
1356 1356 77 23 record
1444 1355 27 24 of
1481 1355 37 24 the
1531 1356 134 23 conductors
1678 1356 24 23 of
1718 1356 36 23 the
1767 1361 75 18 enter-

1264 1389 70 28 prize.

280 1234 114 21 SAILED.

70 1264 50 20 Jan.
136 1265 34 24 29,
181 1264 104 20 schooner
296 1263 75 23 Anita,
388 1262 40 21 219
444 1265 54 21 tons,
510 1263 76 24 Beech,
597 1264 32 19 for

44 1291 96 19 Manilla.

72 1318 61 20 Same
142 1319 45 26 day,
199 1318 77 26 barque
286 1318 94 24 Magnet,
392 1318 47 24 146,
451 1316 136 26 Macfarlane,

44 1345 90 25 Sydney.

71 1373 61 19 Same
154 1373 48 25 day,
223 1373 101 20 schooner
350 1372 58 24 Gem,
429 1372 33 24 76,
488 1372 83 24 Pearcc,
597 1372 31 20 for

43 1399 81 20 Nelson
139 1400 82 19 Haven.

70 1427 50 20 Jan.
140 1428 34 24 30,
194 1427 102 20 schooner
315 1427 63 24 Kate,
397 1427 34 23 70,
453 1427 64 24 Read,
536 1427 35 19 for
594 1427 34 19 the

44 1458 66 17 coast.

70 1482 61 20 Same
140 1482 47 26 day,
199 1482 101 20 schooner
308 1482 61 24 Jane,
381 1481 34 25 15,
426 1481 83 25 Fabien,
520 1481 34 20 for
562 1480 65 21 Wan-

42 1509 71 26 gauui.

70 1536 49 20 Feb.
139 1537 19 24 1,
178 1537 101 20 schooner
298 1536 99 24 Look-in,
420 1537 34 24 82,
475 1535 96 25 Cannon,
595 1536 33 20 for

42 1563 115 26 Wyderop.

1904 1091 24 23 A
1946 1098 53 15 man
2016 1090 82 23 named
2116 1090 104 22 Osborne
2231 1089 46 23 had
2289 1097 14 14 a
2313 1088 95 31 hearing
2420 1095 28 16 on

1872 1123 108 31 Monday,
1992 1123 76 23 before
2086 1123 35 23 M.
2139 1122 110 30 Murphy,
2271 1122 68 30 Esq.,
2358 1129 29 15 on
2400 1129 51 15 sus-

1871 1157 74 30 picion
1958 1156 24 23 of
2003 1156 67 30 being
2088 1156 123 22 concerned
2228 1156 26 22 in
2271 1154 38 23 the
2328 1154 89 23 murder
2429 1154 27 23 of

1872 1189 37 23 the
1919 1189 45 24 late
1975 1189 49 23 Mr.
2037 1189 124 23 Archibald
2174 1187 83 24 Milne.
2271 1205 4 3 .
2293 1187 107 23 Osborne
2408 1187 45 23 had

1871 1222 70 23 taken
1951 1222 37 23 his
1999 1229 96 24 passage
2111 1222 25 23 in
2154 1221 39 24 the
2215 1220 63 28 Gem,
2296 1220 36 23 for
2349 1220 86 23 Nelson
2442 1229 7 19 ;

1872 1255 44 23 and
1927 1255 35 23 his
1973 1254 164 32 apprehension
2148 1261 64 16 arose
2225 1257 39 19 out
2275 1253 25 23 of
2316 1261 14 15 a
2344 1257 49 19 coat
2409 1253 45 23 and

1871 1288 141 28 table-cloth,
2030 1287 38 23 the
2093 1292 107 26 property
2222 1286 25 23 of
2273 1286 38 23 the
2335 1286 115 28 deceased,

1871 1321 85 30 having
1967 1321 57 23 been
2036 1320 70 23 found
2118 1328 29 15 on
2165 1319 55 30 him,
2240 1319 44 23 and
2295 1319 28 23 he
2342 1318 45 24 had
2396 1319 59 23 been

1872 1354 129 23 committed
2022 1353 35 23 for
2080 1353 51 23 trial
2149 1360 30 16 on
2199 1361 14 14 a
2236 1352 82 31 charge
2337 1352 24 23 of
2384 1352 69 23 steal-

1871 1387 40 30 ing
1927 1387 69 23 them.
2032 1386 50 23 The
2104 1386 137 31 Magistrate
2251 1386 4 3 '
2262 1384 131 24 considered
2415 1385 39 23 the

1872 1419 176 24 circumstantial
2069 1419 104 23 evidence
2197 1419 121 22 sufficient'
2328 1422 23 18 to
2372 1417 83 31 justify

1871 1453 35 23 his
1923 1453 83 30 calling
2021 1460 62 23 upon
2105 1452 37 23 the
2165 1452 102 29 prisoner
2290 1456 23 18 to
2332 1450 28 23 be
2379 1450 76 23 bound

1871 1493 53 16 over
1945 1486 25 23 in
1992 1486 35 23 his
2046 1493 49 15 own
2112 1485 162 29 recognizance
2297 1483 26 24 of
2347 1484 66 27 £80,-
2427 1488 23 18 to

1871 1526 94 18 answer.
1968 1526 44 23 any
2025 1518 81 30 charge
2114 1518 56 28 that;
2180 1521 23 18 at
2212 1525 14 14 a
2232 1517 75 23 future
2317 1516 50 31 day,
2377 1516 75 30 might

1871 1552 28 23 be
1909 1552 98 30 brought
2015 1552 89 29 against
2109 1551 56 22 him.
2201 1549 44 24 Dr.
2257 1549 79 23 Evans
2344 1549 111 30 appeared

1871 1585 34 23 for
1917 1584 37 23 the
1963 1585 109 30 prisoner,
2085 1584 43 22 and
2139 1582 132 31 designated
2289 1583 39 22 the
2346 1582 107 31 proceed-

1871 1619 40 29 ing
1929 1625 24 15 as
2017 1625 50 15 case
2085 1621 38 27 got
2140 1624 31 24 up
2189 1620 22 19 to
2230 1624 79 15 screen,
2325 1615 37 23 the
2382 1615 72 31 really

1871 1651 74 29 guilty

268 1608 33 21 IN
315 1608 85 22 PORT.

94 1637 84 25 Barque
190 1637 62 25 Tyne,
265 1636 126 21 Robertson.

96 1675 4 5 ■
188 1664 122 22 Middlesex,
321 1664 93 19 Salmon.

98 1692 51 26 Ship
160 1692 119 24 Mandarin,
292 1690 70 21 Yuile.

96 1719 108 20 Schooner
213 1719 76 24 Fidele,
301 1718 94 20 Salvator
408 1718 93 20 Cemino.

96 1746 84 26 Barque
192 1746 111 26 Clydeside,
317 1745 127 21 Mathieson.

96 1773 108 21 Schooner
213 1774 62 24 Kate,
288 1772 76 26 Styles.

218 1801 78 25 Scotia,
308 1800 66 20 Cork.

92 1838 34 5 —
217 1829 103 19 Governor
328 1828 93 24 Hobson,
433 1827 93 21 Skelton.

94 1855 84 28 Barque
188 1860 60 21 llary
256 1856 67 24 Anne,
336 1854 85 21 Bolton.

95 1883 173 26 Schooner^Rory
281 1882 90 22 O'^ore.

93 1911 53 26 Brig
154 1911 99 24 Caroline,
267 1909 97 21 Coombs.

95 1939 107 19 Schooner
211 1939 66 23 Anne,
290 1937 97 26 Higgins.

95 1966 64 25 Sloop
169 1967 67 24 Royal
248 1965 102 23 William,
361 1964 78 22 Lovitt.

1298 1441 51 24 The
1360 1443 50 22 first
1421 1442 93 23 number
1533 1443 25 22 of
1571 1443 39 23 the
1627 1442 89 24 Nelson
1733 1442 108 24 Adverti-

1263 1482 38 15 ser
1313 1475 45 22 and
1368 1474 64 25 Echo
1444 1474 30 30 of
1484 1474 58 24 New
1553 1475 104 24 Zealand
1667 1484 44 15 was
1722 1476 121 31 published

1264 1508 24 22 in
1298 1507 106 30 London,
1416 1508 56 24 after
1483 1507 37 24 the
1532 1509 102 30 example
1646 1513 35 19 set
1690 1509 31 31 by
1732 1509 38 23 the
1785 1508 58 24 New

1264 1540 104 23 Zealand
1386 1541 98 28 Gazette,
1498 1549 13 14 a
1526 1540 43 25 few
1586 1542 54 30 days
1657 1542 75 23 before
1744 1542 38 23 the
1793 1542 50 23 first

1264 1573 64 32 ships
1358 1574 53 23 with
1436 1573 93 24 -settlers
1559 1575 35 23 for
1623 1575 89 23 Nelson.
1729 1586 3 3 ■
1740 1575 42 23 left
1805 1575 38 23 the

1265 1606 106 24 Thames.
1408 1607 24 23 It
1443 1606 19 23 is
1475 1615 12 14 a
1499 1615 52 23 very
1571 1607 123 24 handsome
1714 1608 44 23 and
1770 1608 71 23 credi-

1264 1640 60 23 table
1341 1641 112 30 specimen
1473 1639 24 23 of
1511 1648 12 14 a
1547 1640 103 24 Colonial
1667 1641 98 31 journal,
1788 1648 55 16 con-

1265 1674 87 29 taining
1369 1674 67 22 much
1454 1677 81 19 matter
1552 1674 93 23 relative
1664 1678 21 19 to
1704 1674 57 24 New
1784 1674 59 23 Zea-

1264 1706 60 29 land,
1342 1714 54 23 very
1407 1707 131 29 interesting
1554 1707 43 23 and
1612 1707 132 23 instructive
1765 1711 22 19 to
1806 1707 37 23 the

1264 1740 123 30 emigrants
1408 1747 27 16 on
1455 1738 57 24 their
1531 1747 84 23 voyage
1636 1744 23 18 to
1679 1740 39 23 the
1729 1740 115 23 unknown

1264 1778 103 25 country.
1413 1773 43 22 We
1479 1772 110 31 sincerely
1610 1772 57 23 wish
1683 1781 41 15 our
1742 1777 101 19 contem-

1264 1813 81 23 porary
1357 1812 98 17 success.
1491 1805 23 23 It
1524 1806 20 21 is
1564 1813 28 15 no
1606 1805 65 24 small
1686 1806 123 30 advantage
1822 1810 22 19 to

1264 1839 57 23 have
1339 1839 56 23 such
1410 1845 77 17 means
1500 1838 23 23 of
1538 1839 188 23 communication
1744 1839 45 22 and
1806 1846 38 16 co-

1264 1872 116 30 operation
1391 1871 135 24 established
1543 1871 101 23 between
1664 1872 38 23 the
1721 1877 42 18 two
1780 1872 64 30 prin-

1264 1905 59 30 cipal
1342 1905 144 23 Settlements
1507 1905 23 23 in
1554 1904 85 24 Cook's
1664 1905 90 23 Straits.
1802 1905 42 23 We

1264 1938 66 29 shall,
1343 1946 28 15 no
1385 1939 75 26 doubt,
1470 1937 60 23 work
1542 1937 107 31 cordially
1661 1938 102 30 together
1772 1939 24 22 in
1808 1938 36 23 the

1264 1979 67 15 cause
1342 1971 255 30 ofgoodgovernment,
1614 1971 45 22 and
1669 1972 25 22 in
1705 1972 37 22 the
1754 1979 90 23 promo-

1264 2005 48 20 tion
1324 2001 25 24 6f
1363 2011 102 14 common
1476 2004 113 21 interests.

1905 1701 58 24 The-
1975 1700 120 24 landmark
2115 1700 88 24 erected
2222 1707 30 16 on
2265 1699 36 23 the
2316 1699 59 23 East

1872 1733 25 24 of
1911 1734 39 23 the
1963 1739 104 18 entrance
2079 1738 21 19 to
2119 1733 58 24 Port
2194 1733 128 23 Nicholson
2340 1740 46 15 was
2403 1740 55 16 seen,

1871 1767 59 23 from
1941 1767 37 23 the
1991 1768 108 22 schooner
2106 1766 64 23 Anne
2191 1771 22 18 at
2224 1766 58 23 least
2296 1768 30 21 12
2339 1765 65 23 miles
2416 1765 37 29 off,

1872 1801 44 22 and
1929 1808 13 14 a
1958 1800 74 23 vessel
2048 1801 24 22 in
2085 1800 78 23 search
2182 1800 25 22 of
2230 1800 38 22 the
2278 1799 100 23 harbour
2390 1798 66 24 could

1873 1833 99 31 scarcely
1987 1841 54 23 pass
2057 1833 97 30 through
2166 1832 38 23 the
2217 1833 83 22 Straits
2320 1830 31 32 (if
2369 1840 30 15 on
2417 1833 38 21 the

1873 1866 127 23 north-east
2011 1865 77 32 shore)
2100 1866 94 23 without
2203 1866 131 30 perceiving
2346 1865 24 23 it.
2408 1865 50 23 The

1872 1899 120 23 landmark
2003 1907 29 15 on
2043 1899 38 23 the
2093 1899 66 23 West
2171 1898 69 24 Head
2250 1898 66 23 looks
2335 1902 23 19 at
2375 1906 14 15 a
2408 1898 47 23 dis-

1874 1937 65 18 tance
1951 1940 13 15 a
1977 1933 59 22 little
2052 1932 47 23 like
2111 1940 13 15 a
2135 1932 56 23 rock
2203 1940 25 15 or
2239 1932 91 22 natural
2340 1932 85 22 mound
2436 1931 27 23 of

1874 1971 72 23 stone,
1973 1966 41 23 but
2035 1970 63 18 must
2118 1965 27 22 be
2170 1965 26 22 of
2220 1965 88 23 infinite
2331 1966 85 21 service
2436 1969 23 18 to

1875 2003 121 24 strangers,
2010 2005 24 15 as
2043 1998 19 21 it
2074 2002 80 17 cannot
2165 1997 40 22 fail
2213 2002 21 17 to
2243 2001 81 18 attract
2332 1998 108 20 attention
2452 2005 7 18 ;

1876 2031 43 22 and
1931 2030 63 22 when
2006 2030 83 23 viewed
2102 2029 97 30 through
2210 2037 14 15 a
2234 2029 70 30 glass,
2314 2028 37 24 the
2358 2028 103 31 flagstaff

1876 2070 29 15 on
1916 2063 30 22 its
1959 2063 92 22 summit
2062 2071 42 14 can
2116 2063 28 23 be
2156 2062 119 24 discerned
2290 2067 24 18 at
2331 2069 15 15 a
2359 2062 102 23 distance

1878 2095 24 23 of
1917 2099 23 19 at
1951 2095 58 23 least
2029 2097 15 21 6
2057 2104 24 14 or
2100 2098 14 20 8
2126 2097 73 21 miles.
2201 2108 34 4 —
2238 2094 187 24 Communicated.

131 2030 122 19 AGENTS
267 2029 57 20 FOR
340 2029 72 18 THIS
425 2028 107 20 PAPER.

60 2061 37 17 Mr.
110 2061 125 18 BURCHAM
329 2060 75 18 Petoni.

60 2083 37 17 Mr.
112 2083 17 17 P.
142 2083 23 17 G.
177 2083 87 17 MOORE
329 2081 72 18 Nelson
409 2081 75 18 Haven.

60 2104 37 17 Mr.
110 2104 23 17 R.
145 2104 114 17 BARRETT
334 2103 46 17 New
388 2102 107 22 Plymouth,
502 2102 104 18 Taranaki.

60 2125 37 17 Mr.
110 2125 25 17 H.
140 2125 38 17 -CH
183 2125 85 17 URTOiV

60 2146 37 17 Mr.
110 2146 30 17 W.
151 2146 33 17 AVI
189 2146 59 17 LSSON
331 2145 40 20 Bay
379 2145 21 16 of
410 2145 81 17 Islands.

208 2186 121 21 LATEST
346 2185 108 20 DATES.

49 2219 80 19 London
216 2219 51 22 Sept.
285 2221 28 16 30.
343 2219 40 21 Bay
390 2218 22 18 of
422 2218 92 18 Islands..
519 2218 50 18 Nov.
588 2219 27 18 17.

50 2241 76 21 Sydney
216 2241 44 17 Dec.
285 2242 29 16 24.
343 2240 81 17 Thames
516 2240 45 17 Jan.
597 2241 18 16 8.

49 2262 41 18 Van
117 2262 97 18 Oieman's
344 2261 44 17 Port
397 2261 68 21 Phillip
480 2273 35 5 ....
521 2261 48 17 Nov.
587 2262 28 16 22.

70 2283 53 18 Land
216 2283 47 18 Nov.
286 2283 28 18 29.
343 2281 89 18 Adelaide
517 2283 44 16 Oct.
597 2283 18 17 9.

60 2322 40 18 The
108 2322 96 21 following
211 2327 31 12 are
250 2322 32 17 the
291 2322 78 22 quarter
380 2320 47 22 days
434 2321 22 18 of
465 2320 40 18 this
513 2325 58 17 paper
577 2327 5 12 :
583 2330 23 4 —

147 2344 67 17 March
472 2344 47 15 31st.

147 2365 50 17 June
474 2363 49 17 30th.

145 2386 111 21 September
473 2384 49 17 30th.

145 2407 103 17 December
472 2407 47 15 31st.

60 2428 81 17 Persons
148 2428 108 21 previously
264 2429 20 16 to
298 2426 146 22 discontinuing;
455 2426 50 17 their
513 2431 67 16 papers
589 2426 36 17 and

37 2448 166 22 advertisements,
213 2450 50 16 must
271 2448 57 18 settle
336 2448 33 17 the
380 2449 90 16 accounts
479 2447 36 17 due
524 2452 24 17 up
562 2448 20 16 to
593 2448 33 16 the

38 2471 51 16 date.

38 2525 100 21 Notice
146 2527 27 19 to
182 2526 77 20 those
270 2525 131 21 indebted
412 2526 27 19 to
451 2525 44 19 the
502 2524 114 20 Gazette

42 2580 37 20 We
89 2586 36 14 are
134 2586 44 14 now
188 2580 86 25 sending
288 2581 36 19 out
333 2585 39 13 our
381 2579 48 20 bills
445 2581 20 18 to
483 2579 35 20 the
535 2580 54 19 close
604 2579 23 24 of

66 2608 34 20 the
106 2610 51 23 past
166 2614 57 19 year,
235 2607 42 20 and
283 2607 51 26 find
348 2612 73 19 among
432 2607 54 19 them
495 2613 13 13 a
522 2607 103 20 consider-

66 2635 45 20 able
124 2636 122 25 proportion
255 2635 67 19 which
333 2634 50 20 have
400 2635 48 19 been
458 2635 47 24 long
517 2640 48 14 over
579 2635 45 20 due.

67 2663 59 19 Some
143 2663 26 24 of
185 2669 39 14 our
242 2664 121 25 supporters
384 2662 51 20 have
454 2668 60 13 never
534 2662 55 25 paid
612 2668 12 13 a

64 2690 86 25 shilling
165 2691 56 19 since
236 2696 38 13 our
286 2695 69 21 paper
370 2695 43 14 was
428 2689 130 21 established.
590 2690 36 19 We

66 2723 60 14 warn
142 2718 56 19 those
214 2718 43 19 who
274 2718 95 19 continue
385 2717 105 23 obdurate,
510 2717 46 19 that
569 2717 58 25 after

67 2746 42 19 this
125 2746 74 23 notice,
211 2746 48 24 they
269 2745 44 20 will
322 2745 78 24 compel
413 2751 24 13 us
447 2746 20 18 to
477 2745 73 25 appeal
560 2746 21 18 to
592 2745 35 20 the

68 2773 64 20 Court
142 2773 26 25 of
173 2774 108 24 Requests.

131 2826 3 2 ■
161 2817 98 21 Notice
274 2819 29 19 to
319 2817 181 21 Subscribers.

37 2873 82 25 Papers
134 2873 44 19 will
190 2873 37 19 not
240 2873 23 20 be
276 2873 46 20 sent
339 2873 21 18 to
372 2878 88 19 persons
472 2873 64 24 living
551 2874 37 18 out
604 2872 26 25 of

64 2901 55 19 Port
129 2900 119 25 Nicholson,
265 2900 68 20 unless
348 2901 154 23 arrangements
516 2906 36 14 are
567 2901 60 19 made

58 2927 42 26 for
110 2928 35 20 the
150 2930 98 23 payment
258 2929 28 24 of
291 2928 35 20 the
335 2933 61 20 same,
408 2928 91 25 through
508 2934 28 14 an
547 2928 78 25 Agent,

65 2956 24 18 at
101 2956 133 25 Wellington.

37 2982 97 26 January
145 2984 19 23 8,
178 2984 61 19 1842.

155 146 57 22 New
225 143 99 24 Zealand
340 142 134 27 Company's
489 140 113 28 Principal

286 166 3 8 1
298 169 96 27 Agent's
408 166 76 28 Orhce,

210 197 143 26 Wellington,
364 194 96 22 October
468 195 20 25 8,
498 194 61 20 1841.
587 204 6 4 -

48 225 124 49 BILLS,
185 227 23 19 at
224 223 67 27 thirty
302 222 60 26 days'
378 220 64 27 sight,
458 220 76 21 drawn
550 219 30 26 by
590 218 37 21 the

126 250 115 27 Principal-
250 251 77 25 Agent
340 255 35 14 on-
379 247 38 21 the
427 247 113 25 Secretary
549 245 31 24 _of
590 247 38 19 the

47 277 57 23 New
119 276 101 22 Zealand
234 276 122 25 Company,
374 272 101 26 London,
487 278 41 15 can
543 271 29 22 be
583 270 44 23 had

47 311 30 14 on
86 303 165 28 application^
260 302 36 20 the
307 300 70 21 above
387 298 70 22 office.

91 339 3 8 >
290 327 29 20 D.
333 326 82 24 Lewis,

245 352 65 23 Clerk
321 356 21 17 to
352 352 38 21 the
401 349 107 28 Principal
519 350 83 26 Agent.

92 399 120 21 Suitable
227 399 41 20 for
283 397 44 21 the
342 397 109 25 present
465 395 109 20 Season.

47 430 90 47 THE
162 428 115 28 improved
300 427 86 21 seidlitz
410 425 105 28 powders,
539 425 25 21 in
587 431 42 15 one

119 456 76 26 bottle,
207 455 51 21 with
266 453 82 28 proper'
355 453 124 21 directions.

91 482 48 22 The
146 482 143 24 effervescing
295 479 118 22 lemonade
420 478 106 27 powders,
532 477 98 26 forming

47 516 30 15 an
86 509 115 26 agreeable
211 508 43 21 and
265 506 123 22 efficacious
399 505 87 26 cooling
492 504 116 26 beverage.

330 532 104 20 Johnson
450 531 44 21 and
507 531 93 20 Moorb.

48 577 161 50 BARLEY,
227 577 44 22 and
283 576 76 27 barley
369 575 46 21 and
429 574 73 22 wheat
517 578 65 18 straw
596 573 34 22 for

125 604 52 22 sale.

411 639 5 2 -
434 627 73 22 James
522 627 80 21 Watt.

75 657 149 26 Berhampore
235 657 72 24 Farm,
320 655 50 21 Oct.
381 655 34 24 28,
426 655 59 20 1841.

86 701 38 20 To
140 700 129 26 Captains
279 699 56 21 and
347 698 90 20 Mates
453 697 30 20 of
494 697 102 20 vessels
602 710 6 7 .

47 733 93 49 LOG
159 733 72 21 Books
249 733 35 21 for
298 731 50 22 Sale
365 733 22 19 at
406 730 38 22 the
458 730 70 21 Office
546 730 21 21 oi
589 729 41 23 tfis

122 767 74 18 paper.
437 775 5 4 .

251 802 54 21 Bill
320 801 101 21 Books.

49 837 71 47 ON
134 836 85 26 SALE,
234 839 22 18 at
266 836 43 21 this
321 834 69 26 office,
402 834 69 21 blank
480 834 55 21 Bill
546 834 83 21 Books.

148 864 92 20 Gazette
277 861 70 25 office,
359 860 56 22 Dec.
425 862 21 20 4.
