2499 4020
1912 375 77 25 Yearly
2004 376 65 21 attdit.
2070 387 28 4 —
2098 377 33 21 78.
2155 377 46 21 The
2219 377 120 23 Treasurer
2357 380 26 21 of
2403 387 66 21 every

1886 400 111 27 Borough'
2006 402 63 25 shall,
2079 403 23 21 in
2119 403 68 21 books
2198 407 21 17 to
2229 404 27 21 be
2270 404 55 27 kept
2332 405 31 26 by
2372 406 45 21 him
2434 407 36 21 for

1886 427 47 21 that
1943 435 99 20 purpose,
2055 433 61 17 enter
2126 433 48 17 true
2183 434 103 18 accounts
2302 431 26 21 of
2338 431 29 22 all
2378 440 58 14 sums
2447 434 26 21 of

1885 461 80 19 money
1982 455 28 26 by
2025 455 45 21 him
2088 455 100 22 received
2205 457 44 20 and
2264 457 60 26 paid,
2335 458 45 21 and
2395 459 24 21 of
2431 458 38 22 the

1885 481 85 21 several
1981 484 89 18 matters
2085 482 23 21 in
2124 486 86 23 respect
2229 483 99 21 whereof
2339 484 53 22 such
2410 492 60 15 sums

1885 506 57 21 shall
1953 507 55 21 have
2018 508 56 20 been
2090 509 100 21 received
2206 509 45 21 and
2260 509 57 27 paid,
2330 510 29 21 all
2370 511 52 21 such
2433 518 37 15 ac-

1885 537 79 17 counts
1981 534 51 20 with
2050 534 29 21 all
2096 535 106 21 vouchers
2221 535 44 22 and
2279 543 80 20 papers
2375 537 96 28 relating

1884 559 94 27 thereto,
1990 560 99 27 together
2099 561 51 21 with
2161 568 13 14 a
2184 561 40 21 full
2235 562 96 22 abstract
2343 570 24 14 or
2376 564 93 22 balance

1884 586 63 21 sheet
1956 586 92 26 thereof,
2060 587 54 21 shall
2131 588 76 27 yearly
2218 592 22 18 at
2257 589 54 21 such
2329 589 53 22 time
2399 597 23 14 as
2432 590 39 22 the

1884 612 92 21 Council
1987 613 54 22 shall
2052 614 101 26 -appoint,
2165 614 25 22 be
2210 615 118 21 submitted
2344 615 32 27 by
2385 615 46 23 him
2447 621 24 17 to

1884 638 36 21 the
1932 639 104 22 Auditors
2046 640 44 21 and
2100 644 21 17 to
2131 641 54 21 such
2196 641 102 23 Member
2311 642 25 21 of
2347 643 41 26 the,
2394 643 75 21 Coun-

1884 664 26 21 cil
1923 672 22 14 as
1957 665 36 22 the
2005 666 77 26 Mayor
2099 667 56 21 shnll
2172 675 65 13 name
2251 668 34 20 for
2295 668 36 21 the
2342 676 95 19 purpose
2448 670 25 21 of

1884 691 66 27 being
1960 692 117 21 examined
2094 694 51 21 and-
2154 694 96 21 audited.
2277 695 91 20 Balance
2378 697 61 19 sheet'
2445 698 22 19 io

1883 718 23 19 be
1912 720 116 24 published.
2030 730 27 4 —
2058 720 56 21 Such
2126 720 97 21 abstract
2234 727 23 14 or
2266 720 96 23 balance
2373 720 68 29 sheet)
2452 723 21 21 if

1884 744 70 22 found
1964 749 89 23 correct,
2066 746 55 21 shall
2138 746 27 22 be
2176 746 76 27 signed
2263 747 29 26 by
2308 748 37 20 the
2356 748 115 27 Auditors,

1884 772 43 20 and
1935 772 57 21 shall
2009 772 25 21 be
2051 773 113 21 forthwith
2181 773 114 30 published
2312 774 30 26 by
2351 775 36 21 the
2404 775 67 21 Trea-

1883 805 62 15 surer
1954 798 23 21 in
1988 805 41 15 one
2039 800 26 20 of
2077 800 35 21 the
2122 807 140 19 newspapers
2271 800 26 21 of
2304 800 37 22 the
2358 802 112 24 Borough.

1909 833 111 19 Penalties.
2022 843 26 4 —
2050 833 33 21 79.
2098 833 39 21 All
2152 833 108 26 penalties
2264 840 4 8 1
2275 833 106 27 imposed-
2387 835 29 26 by
2425 835 45 22 this

1884 857 120 23 ordinance
2015 866 23 14 or
2048 859 29 26 by
2087 866 43 18 any
2138 859 106 26 bye-laws
2256 864 20 16 to
2287 860 27 21 be
2326 861 66 21 made'
2399 861 71 22 under

1884 884 37 21 the
1944 885 111 26 authority
2079 885 91 27 thereof,
2192 885 56 22 shall
2276 886 28 21 be
2328 887 141 22 recoverable

1884 911 77 21 within
1978 911 59 22 three
2057 912 104 21 calendar
2178 913 87 21 months
2283 912 57 22 after
2356 913 36 21 the
2410 922 60 14 same

1884 937 57 21 shall
1951 937 55 22 have
2023 939 89 21 become
2130 939 100 26 payable,
2241 946 25 14 or
2285 939 57 21 after
2357 939 36 22 the
2410 948 60 14 com-

1885 964 90 22 mission
1986 965 25 20 of
2017 965 36 21 the
2063 965 92 25 offence,
2167 966 26 25 by
2203 972 113 20 summary
2327 967 143 27 proceedings

1884 990 75 22 before
1975 998 43 19 any
2029 991 83 21 Justice
2131 992 25 20 of
2167 992 37 21 the
2224 992 67 21 Peace
2298 1012 6 6 ,
2309 992 82 27 having
2403 994 67 26 juris-

1885 1016 81 22 diction
1984 1017 73 21 within
2076 1018 36 22 the
2131 1018 115 27 Borough;
2269 1022 21 18 to
2310 1019 27 22 be
2347 1019 78 23 levied
2441 1021 29 26 by

1885 1042 89 22 distress
1984 1045 44 19 and
2037 1045 53 19 sale.

1915 1078 115 21 Witnesses.
2032 1089 27 4 —
2060 1080 33 19 80.
2117 1078 37 21 No
2170 1085 78 19 person
2264 1078 55 21 shall
2333 1080 30 21 be
2378 1079 92 23 deemed

1885 1111 27 14 an
1930 1104 152 28 incompetent
2098 1105 87 21 witness
2203 1112 59 19 upon
2279 1113 46 19 any
2340 1106 130 22 such,sum-

1885 1137 63 20 mary
1958 1131 139 26 proceeding,
2108 1131 28 27 by
2147 1139 77 14 reason
2242 1132 25 20 of
2278 1131 34 22 his
2324 1132 67 27 being
2405 1132 65 23 liable

1886 1160 22 17 to
1919 1158 123 21 contribute
2054 1162 74 21 toany
2141 1158 102 25 Borough
2253 1161 56 18 rate.

1911 1189 62 22 H.M.
1983 1192 129 25 Dockyards,
2124 1193 45 24 Bfc,
2181 1192 102 25 excepted.
2284 1203 28 4 —
2314 1193 32 20 81.
2362 1193 110 23 Provided

1886 1218 88 27 always,
1986 1219 46 21 that
2042 1226 29 14 no
2086 1219 118 26 dockyard,
2216 1219 129 26 victualling
2356 1220 115 21 establish-

1886 1249 69 21 ment,
1972 1246 93 25 arsenal,
2088 1253 23 13 or
2130 1245 103 21 barracks
2250 1245 122 27 belonging
2390 1250 22 18 to
2430 1246 41 22 her

1886 1271 104 27 Majesty,
2011 1272 71 21 which
2100 1272 56 21 shall
2173 1272 27 21 be
2219 1272 97 21 situated
2339 1272 75 22 within
2433 1273 38 21 the

1884 1297 69 22 limits
1970 1298 26 21 of
2006 1306 43 19 any
2066 1299 110 26 Borough,
2187 1297 54 22 shall
2257 1298 26 22 be
2300 1299 93 21 deemed
2410 1303 22 18 to
2442 1300 29 21 be

1885 1328 60 23 parts
1957 1325 25 21 of
1993 1325 53 21 such
2061 1325 105 27 Borough
2175 1325 33 21 for
2219 1331 43 20 any
2273 1325 23 21 of
2311 1325 36 22 the
2366 1334 105 20 purposes

1886 1351 26 21 of
1924 1351 42 21 this
1977 1355 41 18 act.

2046 1378 87 22 FORM
2149 1379 38 21 OF
2199 1379 107 21 CLAIM.
2350 1391 6 4 -

1968 1404 32 22 To
2013 1405 40 21 Mr.
2066 1406 29 20 A.
2105 1405 25 21 B.

1994 1431 11 21 I
2016 1431 82 27 hereby
2107 1432 50 26 give
2166 1439 44 19 you
2225 1433 72 21 notice
2313 1432 48 22 that
2378 1433 21 24 I.
2405 1433 66 22 claim

1886 1460 22 18 to
1919 1457 56 21 have
1985 1466 38 18 my
2032 1465 66 15 name
2107 1462 40 23 put
2164 1465 58 20 upon
2235 1459 34 21 the
2279 1459 92 27 burgess
2386 1461 41 20 roll
2436 1460 35 22 for

1886 1484 38 20 the
1935 1484 103 27 Borough
2049 1485 27 21 of

1886 1510 66 22 dated
1963 1511 36 21 the
2214 1511 43 28 day
2267 1512 27 22 of

1886 1537 23 21 in
1921 1537 36 22 the
1966 1545 54 19 year
2031 1538 7 26 (
2121 1539 17 25 .)

2144 1565 27 21 G.
2185 1565 28 21 D.

2189 1592 11 24 f
2209 1593 63 21 Place
2283 1592 26 22 of
2320 1593 69 21 abode
2399 1593 44 23 and

2190 1623 10 22 I.
2208 1619 101 22 business
2318 1619 26 22 of
2356 1620 112 23 claimant.

1941 1651 81 22 Passed
2031 1651 38 22 the
2080 1652 132 26 Legislative
2223 1653 94 21 Council
2326 1654 7 19 1

1887 1677 43 22 this
2038 1678 43 28 day
2093 1679 23 21 of
2256 1681 59 20 1841.
2323 1684 11 22 J

1921 1743 129 31 According
2062 1748 22 19 to
2095 1744 45 23 late
2161 1750 105 18 accounts
2279 1746 60 23 from
2351 1746 117 31 England,

1887 1776 114 24 Southern
2018 1778 29 22 oil
2067 1778 40 22 has
2124 1783 47 17 met
2190 1779 53 23 with
2262 1787 12 15 a
2286 1779 60 30 good
2365 1780 105 29 demand,

1886 1809 44 23 and
1942 1810 75 23 rather
2028 1811 79 30 higher
2116 1816 61 17 rates
2189 1812 55 23 have
2256 1812 57 23 been
2325 1813 53 30 paid
2378 1826 32 3 —
2411 1814 60 30 good

1886 1842 44 23 and
1949 1842 45 24 fine
2012 1844 102 29 qualities
2133 1844 56 23 have
2210 1849 10 17 L
2228 1852 36 16 .en
2284 1845 105 31 disposed
2408 1847 24 23 of
2448 1852 24 18 at

1886 1877 54 22 £26
1957 1878 48 21 10s.
2016 1882 21 17 to
2050 1878 53 24 £27
2118 1880 61 26 155.,
2190 1878 104 30 ordinary
2305 1878 44 23 and
2361 1879 111 31 middling

1886 1910 53 22 £25
1954 1913 21 19 to
1987 1910 52 23 £26
2051 1918 40 22 per
2104 1915 47 19 tun.
2178 1910 45 24 For
2236 1919 81 22 sperm,
2327 1912 44 23 fine
2384 1908 100 28 British/

1886 1947 23 17 at
1921 1943 54 23 £93
1989 1948 22 17 to
2022 1944 53 23 £95
2088 1951 40 23 per
2145 1948 48 19 tun.
2216 1946 46 21 .At
2273 1945 78 30 public
2370 1945 54 29 sale,
2438 1939 41 31 45*

1886 1979 52 18 tur.s
1952 1976 44 22 fine
2008 1984 73 22 sperm
2090 1984 57 15 were
2156 1978 47 21 sold
2213 1983 23 17 at
2246 1978 54 22 iSSO
2311 1983 22 17 to

1886 2008 44 23 and
1942 2011 48 21 230
2011 2013 49 19 tuns
2080 2009 113 23 Southern
2214 2010 77 29 whale,
2305 2011 55 24 £26
2383 2013 50 22 10s.
2447 2017 24 18 to

1885 2042 55 23 £30
1953 2041 34 23 for
2000 2042 103 31 ordinary
2116 2047 22 18 to
2149 2043 45 22 fine
2210 2043 57 30 pale.

1920 2074 49 24 The
2008 2075 148 23 Honourable
2194 2076 88 23 Walter
2323 2077 146 32 Wrottesley,

1884 2113 112 25 youngest
2005 2115 40 16 son
2053 2108 25 23 of
2088 2108 37 23 the
2137 2108 45 24 late
2193 2108 62 24 Lord
2266 2110 147 31 Wrottesley,
2426 2112 45 22 and

1884 2141 68 30 lately
1964 2149 14 15 a
1990 2141 106 23 barrister
2114 2150 30 14 on
2163 2143 36 22 the
2219 2142 90 23 Oxford
2330 2144 85 28 circuit,
2428 2145 43 22 Has

1881 2173 50 31 just
1943 2174 48 23 left.
1996 2174 42 23 this
2058 2179 93 26 country
2163 2175 34 23 for
2217 2176 73 23 South
2308 2176 126 30 Australia,
2445 2179 26 23 in

1884 2207 74 23 which
1977 2207 84 31 colony,
2076 2216 31 15 we
2124 2208 145 29 understand,
2283 2209 29 23 he
2327 2211 93 22 intends
2432 2218 38 16 re-

1883 2241 102 30 maining
1997 2249 23 14 as
2032 2249 13 15 a
2057 2241 84 24 settler.
2143 2254 35 4 —
2181 2241 198 32 Wolverhampton
2401 2242 71 25 Chro-

1884 2273 69 22 nicle.

1918 2306 50 24 The
1980 2315 63 23 crops
2056 2315 56 16 were
2131 2308 49 23 said
2197 2312 22 19 to
2231 2308 27 23 be
2277 2317 26 15 so
2316 2309 115 25 abundant
2443 2311 25 22 in

1884 2339 79 32 Spain,
1977 2341 47 22 that
2035 2340 49 24 that
2096 2346 93 25 country
2201 2341 73 23 would
2286 2342 28 23 be
2327 2343 50 23 able
2389 2348 24 18 to
2429 2351 41 16 ex-

1883 2378 52 26 port
1952 2373 57 23 from
2029 2374 48 23 half
2095 2382 12 15 a
2124 2374 87 24 million
2232 2379 22 19 lo
2274 2383 70 16 seven
2366 2376 105 24 hundred

1884 2406 112 24 thousand
2008 2412 108 25 quarters.

1917 2440 50 23 The
1980 2440 60 30 large
2053 2440 51 30 ship
2116 2439 90 31 Sultan,
2220 2441 72 24 which
2300 2442 47 23 -left
2356 2442 35 24 St.
2417 2442 52 24 Ka-

1883 2473 108 23 therine's
2003 2473 67 23 Dock
2083 2473 36 23 the
2130 2475 36 21 Ist
2177 2474 73 31 Sept.,
2260 2475 35 23 for
2309 2475 57 23 Port
2375 2475 94 32 Phillip-,

1883 2506 53 23 took
1950 2511 39 18 out
2000 2514 12 15 a
2022 2506 93 23 number
2128 2506 25 23 of
2180 2508 138 30 respectable
2337 2510 131 29 emigrants,

1882 2539 49 23 who
1945 2547 37 15 are
1995 2539 66 23 about
2074 2545 22 17 to
2108 2540 66 22 settle
2186 2541 29 22 in-
2224 2541 46 23 that
2284 2541 96 32 Colony,
2400 2542 43 24 and
2456 2550 14 16 a

1883 2573 102 30 quantity
1999 2573 25 22 of
2038 2573 45 22 live
2096 2573 65 23 stock
2179 2574 34 23 for
2232 2574 117 32 breeding,
2371 2575 100 24 selected

1883 2606 57 22 from
1952 2605 38 23 the
2003 2606 48 22 best
2070 2606 79 23 breeds
2169 2607 23 22 in
2204 2607 126 31 'England.
2376 2608 95 31 Among

1883 2639 60 22 them
1961 2647 38 14 are
2020 2639 34 22 six
2075 2639 144 31 remarkably
2237 2640 44 23 fine
2305 2640 163 25 Lincolnshire

1882 2669 68 32 bulls,
1963 2673 36 21 six
2011 2680 65 20 ewes,
2090 2680 23 14 as
2125 2680 68 23 many
2205 2680 68 23 rams,
2288 2681 14 15 a
2319 2674 71 24 dozen
2408 2676 59 29 pigs,

1882 2705 44 22 and
1955 2705 63 23 other
2046 2705 102 29 animals,
2179 2707 83 22 chosen
2290 2707 44 31 by,
2358 2699 117 40 |>racticaL

1881 2737 99 31 English
2004 2739 174 29 agriculturists.
2206 2757 3 7 ,
2375 2736 4 12 s
2379 2741 31 23 of'
2415 2736 3 11 :
2429 2741 40 23 the

1881 2769 82 25 Sultan
1974 2780 44 14 was
2031 2771 93 24 covered
2133 2772 55 23 with
2194 2769 89 26 trusses*
2289 2773 32 23 of-
2325 2774 144 30 compressed

1880 2804 52 30 hay,
1942 2804 61 31 piled
2013 2813 28 22 up
2050 2813 13 14 a
2073 2805 152 23 considerable
2233 2804 64 33 heigh'
2305 2811 23 23 t,.
2332 2807 45 23 and
2385 2815 13 15 a
2404 2812 65 25 great

1880 2845 68 23 many
1961 2843 83 17 trusses
2065 2846 58 15 were
2143 2839 84 22 stowed
2250 2839 87 23 outside
2348 2840 50 23 --her
2415 2840 52 23 bul-

1879 2870 82 28 warks,
1975 2879 52 14 over
2038 2872 40 22 her
2090 2875 68 25 stern,
2171 2871 43 23 and
2228 2872 63 22 other
2304 2870 69 33 parts*
2379 2874 31 26 of*
2427 2873 38 24 the

1880 2904 81 28 vessel,
1980 2904 73 22 -which
2076 2904 110 30 appeared
2206 2904 47 23 like
2272 2913 14 14 a
2304 2904 110 33 floating-b
2418 2907 51 31 ay;

1879 2936 70 31 dep6t
1970 2945 25 15 as
2017 2936 40 24 she
2081 2937 123 31 proceeded
2234 2938 65 23 down
2330 2939 37 23 the
2397 2941 79 30 river.^

1879 2969 76 23 There
1966 2971 19 21 is
1998 2977 13 15 a
2022 2970 101 23 valuable
2142 2978 66 23 cargo
2227 2971 26 23 of
2274 2971 98 24 London
2395 2974 72 28 goods

1878 3002 44 23 and
1935 3002 62 23 other
2007 3002 154 24 merchandise
2175 3011 28 15 on
2220 3004 71 24 board
2311 3005 37 23 the
2372 3004 93 31 Sultan,

1877 3035 73 23 which
1963 3043 95 23 conveys
2072 3044 40 15 one
2121 3036 26 23 of
2161 3036 37 24 the
2210 3037 85 23 richest
2308 3038 96 31 freight's
2417 3040 50 23 that

1867 3068 51 23 -has
1931 3074 37 25 yet
1980 3068 40 24 left
2037 3068 38 24 tire
2088 3069 99 24 Thames
2196 3070 35 23 for
2243 3070 59 24 Port
2314 3070 98 33 Phillip.'
2441 3073 25 23 A

1876 3101 62 30 large
1951 3101 72 23 crowd
2035 3103 125 22 assembled
2173 3111 28 15 on
2213 3103 37 24 the
2264 3104 36 24 St.
2315 3104 149 24 Katherine's

1876 3133 69 24 Dock
1957 3135 118 30 pier-head
2093 3140 21 19 to
2246 3136 38 24 the
2304 3137 118 31 departure
2427 3138 42 25 ;b£

1872 3167 42 23 ■the
1926 3165 93 26 Sultan.
2116 3167 4 3 '
2255 3169 3 5 '
2351 3169 4 4 ■

68 145 80 22 tnache,
167 142 35 20 the
216 140 137 23 Honourable
363 141 78 27 .Henry
456 141 75 25 Fetre,-
540 141 33 21 Sir
579 140 64 25 .John

72 172 81 21 Doratt,
162 167 71 26 M.D.,
291 168 73 21 Somes
366 168 79 26 junior,
453 168 42 21 Mr.
503 168 139 26 Woolcombe,

71 198 44 20 Mr.
125 196 27 19 H.
164 195 22 20 S.
198 195 112 25 Chapman,
322 196 43 20 Mr.
376 196 29 20 H.
416 196 125 26 Hughlings,
548 197 35 20 &c.
590 198 38 19 &c.

98 223 34 20 On
141 227 40 14 one
197 221 24 20 of
232 222 36 19 the
277 222 65 21 tables
357 223 61 20 stood
427 223 36 20 the
477 223 48 20 four
533 223 72 20 wheels
614 224 28 21 ,in

69 249 67 22 which
144 254 54 14 were
208 250 22 18 to
239 249 26 19 be
274 248 107 26 deposited
390 250 36 19 the
436 250 58 19 cards
501 252 22 18 to
533 250 26 20 be
567 250 73 24 drawn,

69 283 25 14 so
107 275 58 20 made
174 281 24 14 as
210 277 22 18 to
242 276 89 24 revolve,
347 276 32 21 for
383 277 42 23 .the
434 283 89 20 purpose
532 278 24 19 of
566 278 76 24 mixing

68 304 37 19 the
114 302 58 20 cards
184 303 105 25 properly.
316 304 67 19 These
396 304 75 19 wheels
480 310 52 14 were
546 305 96 25 severally

68 329 84 20 marked
560 332 71 23 Land,'
634 333 8 10 r

293 356 83 25 Land,!'
391 358 42 19 and
474 358 65 20 Rural
548 358 56 20 Land

66 383 42 20 and
117 390 29 17 an,
152 384 92 24 opening
252 383 23 20 in
284 384 35 19 the
329 384 51 25 side,
391 385 55 25 large
456 386 83 24 enough
548 387 21 18 to
577 385 63 20 admit

63 410 27 20 t)f
101 417 12 13 a
122 410 76 19 child's
214 417 51 16 arm,
280 417 40 14 was
330 411 107 26 provided,
451 412 22 19 in
484 413 60 19 order
557 414 19 18 to
587 412 53 19 draw

64 439 39 18 out
112 437 35 20 the
156 437 67 20 cards.
252 438 44 19 The
304 438 67 19 ballot
378 439 41 18 had
429 439 52 18 been
492 439 119 18 announced
618 441 21 16 to

63 464 62 25 begin
143 466 23 17 at
180 464 73 21 eleven
266 466 83 19 o'clock
357 473 6 17 ;
384 466 42 19 and
435 466 80 26 shortly
529 466 51 20 after
594 466 44 19 that

63 491 61 24 hour,
134 491 37 20 the
181 491 115 26 Governor,
312 493 43 20 Mr.
367 493 79 25 Somes,
454 493 149 26 .accompanied
612 494 26 24 by

58 518 83 21 -several
149 518 117 24 Directors,
282 520 85 20 entered
376 517 35 23 tlie
424 527 60 13 room
493 520 40 20 and
549 520 48 20 took
606 520 32 20 his

62 547 45 18 scat
125 546 23 19 in
166 546 37 20 the
222 547 64 20 chair.
299 553 4 4 •
314 547 57 20 Four
385 548 62 19 little-
523 553 51 14 were
589 548 49 19 then

62 572 105 20 stationed
176 573 139 26 immediately
324 574 78 20 behind
411 575 35 18 the
454 574 49 19 four
512 574 79 24 wheels,
599 574 39 19 and

62 606 13 13 a
84 599 101 20 Director,
192 601 51 19 took
251 601 33 20 his
294 601 59 26 place
363 601 78 19 behind
449 600 50 20 each
510 601 23 20 of
545 601 60 23 them,
616 603 21 18 to

61 626 42 20 call
112 628 36 18 out
158 627 36 20 the
200 628 97 19 numbers
306 635 23 12 as
338 628 49 24 they
392 633 52 14 were
454 628 77 19 drawn.
560 628 77 19 Silence

61 659 42 14 was
116 654 105 24 obtained,
235 655 36 20 the
282 654 106 21 Governor
401 654 73 26 briefly
484 654 104 26 explained
602 655 35 20 the

59 686 75 15 course
143 681 28 20 of.
178 682 125 25 proceeding
316 681 68 20 which
393 681 69 20 would
471 680 34 21 be^
510 681 93 26 adopted,
614 688 23 14 so

60 713 24 14 as
93 709 22 18 to
124 708 71 20 insure
205 715 99 19 accuracy
313 708 42 19 and
364 708 94 20 combine
466 708 79 26 perfect
553 709 84 20 fairness

60 735 44 19 and'
111 735 60 26 equal
181 735 77 20 chance
268 737 21 18 to
299 735 29 19 all
336 735 130 25 purchasers.
495 735 34 20 He
538 735 48 20 then
600 742 36 14 an-

60 762 95 20 nounced
166 763 35 19 the
211 762 90 26 disposal
311 762 24 20 of
343 762 35 20 the
387 763 119 20 allotments
516 769 21 14 as
545 763 92 20 follow—'

117 795 39 21 100
168 796 109 19 'Reserved
284 796 28 25 by
317 796 40 19 'the
369 796 106 27 Company
484 797 24 20 in
517 798 120 21 accordance

141 823 53 19 with
204 823 36 20 the
254 824 132 25 stipulations
397 824 24 21 of
432 824 34 20 the
479 826 64 19 terms
553 826 23 19 of
588 831 49 20 pur-

143 850 70 19 chase.

115 877 40 20 200
171 876 106 21 Reserved
290 878 34 20 for
339 878 42 20 sale
390 878 23 20 in
428 878 52 21 New
494 879 90 20 Zealand
597 880 41 19 and

141 904 37 19 the
188 904 121 21 Australian
317 905 106 20 Colonies.

114 930 39 21 371
171 931 50 20 Sold
231 932 23 19 in
261 932 96 26 England
364 935 21 18 to
393 932 114 26 capitalists
517 934 41 20 and
564 934 73 26 parties

141 959 127 25 proceeding
280 962 23 18 to
316 960 37 19 the
367 960 82 25 colony.

114 986 40 19 329
169 986 127 26 Remaining
303 987 24 20 in,
336 987 35 20 the
379 987 66 20 hands
454 987 25 20 of
489 988 35 20 the
532 988 105 27 Company

134 1012 42 21 .for
184 1013 72 20 future
264 1014 49 20 sale.

115 1040 39 19 100
178 1040 104 21 Reserved
295 1040 36 21 for
345 1042 36 19 the
395 1041 80 21 benefit'
486 1042 25 20 of
520 1042 37 20 the
570 1043 67 19 native

47 1072 10 8 '
139 1067 139 21 inhabitants.

59 1100 61 20 Total
131 1101 61 23 1,100
202 1101 132 21 allotments..
344 1115 4 4 •
358 1103 33 20 He
401 1103 90 26 thought
499 1104 19 19 it
531 1110 106 20 necessary

59 1130 23 18 to
92 1128 40 19 call
146 1128 37 20 the
192 1129 112 25 particular
319 1130 103 20 attention
432 1131 24 19 of
467 1132 36 19 the
519 1132 87 25 meeting
614 1134 22 18 to

58 1155 61 20 those
135 1155 120 21 allotments
270 1156 68 21 which
353 1163 53 14 were
422 1158 107 20 described
546 1165 21 14 as-

171 1183 29 25 by
216 1183 36 20 the
271 1183 114 27 Company.
413 1184 45 21 The
476 1186 43 19 fact
536 1192 47 18 was,
602 1187 34 19 the

60 1209 112 26 Company,
176 1210 43 20 had
227 1211 115 25 purchased
352 1212 64 23 them,
427 1213 41 19 and
477 1214 129 19 contributed
614 1220 21 13 as

59 1237 63 19 much
132 1237 41 19 and
181 1237 24 20 in
214 1238 37 19 the
260 1244 151 15 same-manner
419 1246 23 13 as
451 1246 42 19 any
501 1240 77 26 private
586 1247 49 19 pur-

59 1264 73 19 chaser
145 1266 23 17 to
185 1264 34 20 the
235 1266 184 24 emigration-fund
436 1267 41 20 and
492 1270 22 17 to
529 1268 35 19 the
578 1268 59 20 other

59 1297 100 19 purposes
168 1293 23 18 to
201 1292 68 20 which
279 1293 34 19 the
315 1299 2 6 1
322 1294 99 24 proceeds
432 1294 23 19 of
466 1294 37 21 the
510 1295 53 20 sales
571 1296 66 19 would

58 1318 26 19 be
91 1318 89 26 applied.
209 1319 59 20 With
273 1320 73 26 regard
353 1322 22 18 to
381 1321 60 20 those
446 1322 119 20 allotments
571 1322 66 20 which

58 1346 106 19 remained
178 1346 84 24 unsold,
279 1347 54 25 they-
341 1348 75 23 would,
433 1348 138 27 immediately
585 1350 51 20 after

58 1372 37 20 the
104 1372 74 25 ballot,
189 1374 26 19 be
225 1374 59 26 again
292 1374 75 26 placed
373 1375 23 19 in
406 1376 35 19 the
447 1376 75 20 wheels
531 1376 33 21 for
569 1376 67 21 future

58 1400 91 26 drawing
158 1407 23 13 as
191 1401 53 20 sales
254 1402 106 24 occurred,
375 1402 22 19 in
409 1409 12 13 a
430 1403 79 20 similar
522 1410 82 14 manner
615 1407 20 17 to

57 1427 47 19 that
112 1428 92 25 pursued
213 1428 27 26 by
251 1428 36 20 the'
291 1428 97 21 Western
396 1430 121 20 Australian
524 1431 110 26 Company,

57 1454 42 19 and
108 1456 160 25 morerecently
276 1456 28 26 by
313 1456 36 20 the
358 1457 41 19 late
410 1457 112 25 Plymouth
531 1458 106 27 Company

58 1481 25 20 of
94 1481 52 20 New
160 1482 94 20 Zealand
260 1490 6 16 ;
287 1484 42 19 and
337 1484 27 20 he
376 1490 41 14 was
426 1485 70 25 happy
510 1487 22 17 to
543 1492 34 19 say
592 1485 44 21 that

58 1509 80 20 several
150 1510 139 26 applications
303 1511 42 19 had
357 1511 54 20 been
425 1513 94 19 received
527 1513 49 26 only
591 1514 45 20 that

57 1536 104 25 morning,
166 1537 74 20 -which
249 1535 39 22 the'
299 1537 169 22 Directors'were
485 1540 79 20 unable'
568 1543 20 18 to
603 1538 23 23 r'e
628 1553 7 12 r

57 1563 152 25 gister,forthe
218 1564 72 24 ballot;
301 1565 36 19 the
346 1565 66 21 books
418 1566 64 26 being
491 1567 76 21 closed.
592 1568 43 20 The

58 1590 59 20 cards
131 1597 53 14 were
198 1591 51 20 then
263 1593 112 24 produced,
389 1593 45 20 tied
446 1600 28 19 up
489 1595 23 19 in
526 1595 108 25 hundreds,

58 1617 40 20 and
105 1617 85 20 marked
199 1618 22 20 in
229 1619 36 19 the
275 1625 56 14 same
340 1626 86 14 manner
432 1627 21 13 as
464 1622 35 19 the
508 1622 79 25 wheels,
595 1623 42 19 and

57 1645 113 19 numbered
196 1647 167 26 consecutively;
386 1648 60 20 those
466 1649 97 21 numbers
579 1656 56 20 upon
638 1652 2 5 1

57 1671 61 26 being
135 1672 70 20 drawn
221 1673 70 20 would
306 1674 75 20 denote
395 1675 36 19 tlie
447 1677 61 19 order
518 1677 24 19 of
559 1677 75 20 choice.

57 1699 49 20 Two
122 1699 24 20 of
157 1700 36 19 the
209 1699 119 22 Directors-t
332 1702 49 20 hen
397 1703 116 25 proceeded
522 1707 22 17 to
559 1704 77 27 deposit

56 1727 36 19 the
109 1727 59 19 cards
185 1727 24 19 in
227 1728 54 20 their
294 1729 120 26 .respective
433 1731 75 19 wheels
516 1738 5 17 ;
543 1732 39 19 and
600 1732 35 20 the

58 1753 90 26 drawing
167 1755 140 21 commenced.
319 1757 3 3 '
338 1756 46 20 One
404 1757 26 19 of
450 1758 36 20 the
503 1758 56 20 little
576 1759 58 26 boys,

56 1781 83 26 placing
154 1781 34 20 his
198 1782 57 20 hand
263 1783 22 19 in
294 1783 37 20 the
343 1784 66 20 wheel
423 1785 86 19 marked
545 1786 91 26 Register

251 1805 36 25 but
297 1817 12 13 a
316 1811 50 19 card
372 1818 56 19 upon
435 1812 66 20 which
510 1819 41 14 was
557 1814 78 19 written

56 1836 36 19 the
102 1836 88 20 number
207 1842 27 14 on
244 1837 36 20 the
287 1832 2 8 '
294 1838 87 25 register
390 1838 24 20 of
428 1840 143 25 applications,
586 1842 49 19 with

56 1863 36 19 the
101 1869 61 14 name
172 1864 25 19 of
209 1865 35 18 the
248 1865 125 25 .purchaser.
402 1866 52 20 This
469 1873 41 14 was
521 1868 64 19 called
599 1871 36 17 out

56 1890 29 25 by
98 1891 36 19 the
259 1892 139 26 immediately
411 1893 78 20 behind
498 1895 43 19 him
550 1902 5 16 ;
574 1896 40 19 and
624 1902 11 13 a

55 1917 40 20 few
108 1920 103 18 moments
225 1919 76 26 haying
315 1920 82 26 elapsed
410 1922 22 18 to
444 1921 47 25 give
504 1922 50 19 time
565 1924 18 17 to
599 1924 35 18 the

56 1944 144 20 check-clerks
211 1948 22 17 to
242 1946 45 19 find
295 1946 36 19 the
341 1946 87 21 number
437 1948 22 19 in
473 1948 36 19 the
519 1949 69 24 books,
599 1950 35 19 the

56 1972 76 20 second
146 1971 43 26 boy
204 1972 55 20 drew
274 1979 12 13 a
296 1973 49 19 card
359 1974 85 19 marked

118 2004 12 12 a
139 1998 96 24 number,
249 1999 68 20 which
327 2006 42 14 was
381 2001 91 20 likewise
484 2002 71 19 called,
563 2005 36 18 out
606 2004 27 24 by

54 2031 12 13 a
84 2025 111 24 Director;
221 2026 42 19 and
280 2026 42 25 Ijhis
341 2028 125 25 proceeding
489 2029 76 25 having
581 2030 52 20 been

53 2052 95 25 repeated
157 2052 29 25 by
195 2052 37 20 tlie
241 2053 51 25 boys
303 2056 21 17 at
341 2054 35 20 the
385 2055 75 20 wheels
475 2056 85 20 marked
590 2058 42 19 Ac-

54 2079 154 20 commodation
213 2080 62 21 Land
283 2082 13 20 V
308 2081 42 20 and
358 2083 14 22 f
379 2082 65 20 Rural
546 2084 32 21 the
586 2084 47 21 four

53 2106 59 20 cards
118 2112 52 14 were
178 2108 76 24 passed
259 2110 21 17 to
286 2108 36 20 the
329 2108 114 26 Governor,
451 2110 40 20 and
496 2112 137 26 immediately

52 2133 56 20 filed.
136 2134 59 24 Thus
205 2134 35 20 the
251 2135 97 20 numbers
356 2143 26 15 on
392 2137 38 20 the.
435 2138 58 19 cards
501 2139 132 25 respectively

52 2160 86 21 marked
146 2161 73 25 Town,
237 2162 193 26 Accommodation,
441 2165 41 20 and
493 2165 66 20 Rural
567 2165 63 26 Land,

52 2188 105 21 indicated
167 2189 36 20 the
210 2190 91 26 priority
310 2190 24 21 of
344 2188 74 24 Choice
429 2192 66 20 which
505 2193 92 20 attached
610 2197 22 17 to

52 2221 13 13 a
70 2216 113 24 particular
190 2217 88 20 number
287 2218 164 26 on.the.register
458 2219 25 20 of
489 2220 141 26 applications,

54 2249 21 13 as
85 2243 50 19 each
145 2249 41 14 was
193 2244 77 25 drawn,
281 2244 41 21 and
330 2247 149 25 consequently
486 2249 21 17 to
516 2247 34 20 the
557 2249 75 19 several

51 2270 130 25 purchasers.
211 2271 50 20 This
281 2272 57 26 plan,
356 2273 100 26 although
475 2274 73 27 simple
567 2276 21 19 in
604 2277 27 19 its

51 2298 102 25 working,'
162 2299 93 25 requires
265 2299 22 20 in
294 2299 55 25 fact,,
354 2300 79 26 perfect
442 2308 108 19 accuracy,
560 2309 20 13 as
586 2303 17 19 it
613 2304 18 19 is

51 2324 85 21 obvious
151 2332 42 18 any
203 2330 58 16 error
273 2327 76 20 would,
356 2328 111 20 invalidate
486 2329 35 20 the
535 2330 63 20 whole
610 2331 23 20 of

51 2352 35 19 the
96 2352 99 21 numbers
204 2353 76 25 drawn,
295 2354 55 20 from
360 2355 35 19 the
408 2355 149 27 impossibility
566 2358 22 20 of
595 2358 36 20 de-

52 2379 69 26 ciding
129 2381 21 18 to
160 2381 71 19 whose
244 2382 101 24 purchase
355 2383 35 19 the
404 2389 58 14 error
471 2384 76 20 should
556 2386 74 20 attach!

51 2405 134 27 Fortunately,
193 2408 36 19 the
237 2407 55 22 little
301 2409 52 26 boys
360 2410 132 20 understood
498 2412 54 20 their
559 2413 56 20 York
624 2421 5 16 ;

51 2433 40 20 and
104 2434 154 22 the'Djrectors
273 2436 79 20 behind
364 2437 57 20 them
432 2439 76 25 calling
517 2439 69 27 loudly
595 2441 35 19 the

50 2461 102 25 numbers.
156 2468 23 13 as
193 2463 50 25 they
252 2469 52 14 were
317 2464 85 24 drawn,-
410 2466 85 20 allowed
509 2466 28 20 all
549 2470 81 23 present

51 2488 34 20 the
96 2489 137 26 opportunity
239 2490 25 19 of
270 2491 102 26 checking
379 2492 35 20 the
424 2493 66 20 whole
500 2495 129 26 proceeding.

54 2531 2 5 ,
78 2515 44 21 The
125 2516 46 20 first
179 2517 49 19 card
233 2523 41 14 was
282 2518 71 20 drawn
360 2521 21 18 at
388 2519 65 21 about
459 2521 71 20 twelve
536 2523 78 19 o'clock
622 2529 6 17 ;

50 2543 41 19 and
101 2543 34 19 the
145 2543 66 21 ballot
224 2546 122 24 proceeded,
361 2547 51 20 with
421 2548 50 26 only
480 2548 36 20 the
527 2549 102 21 intermis-

50 2570 46 19 sion
113 2571 24 19 of
148 2571 47 19 half
206 2578 27 13 an
247 2573 54 20 hour
313 2575 27 18 >to
359 2576 44 17 rest
420 2575 36 20 the
473 2576 100 24 children,
589 2578 41 19 and

51 2598 118 20 occasional
176 2599 156 26 interruptions'
336 2600 35 21 for
383 2602 35 19 the
428 2609 91 20 purpose
527 2604 25 20 of
562 2604 68 27 giving

49 2624 36 20 the
94 2625 75 20 wheels
178 2632 13 13 a
200 2628 134 25 turn'round,
346 2628 54 20 until
410 2630 56 25 eight
477 2631 82 20 o'clock
565 2632 22 20 in
594 2633 36 20 the

47 2651 31 19 in'
87 2652 35 20 the
132 2653 88 26 evening
227 2661 6 17 ;
242 2661 3 4 •
255 2656 64 19 when-
324 2656 36 19 the
366 2672 3 3 .
374 2657 67 20 tohole
451 2664 41 13 was
507 2657 121 28 completed.'

48 2678 44 21 The
99 2679 108 22 Directors
213 2682 79 26 having
296 2684 81 24 opened
383 2684 35 20 the
424 2685 124 21 whe'els'and
555 2688 74 19 turned

47 2705 56 21 them
113 2708 73 25 upside
197 2708 61 21 down
266 2710 22 19 in
299 2711 61 20 order
368 2713 21 18 to
400 2712 70 20 insure
479 2713 45 20 that
533 2720 27 13 no
571 2715 57 19 cards

45 2734 105 20 remained
159 2736 109 25 undrawn,
279 2738 35 19 the
331 2738 142 21 check-books'
484 2747 51 13 were
553 2743 74 18 exami-

45 2760 41 20 ned
94 2761 34 20 for
137 2762 36 19 the
183 2769 56 13 same
249 2770 90 20 purpose
348 2773 5 12 :
373 2766 60 22 when
443 2767 36 20 the
482 2759 71 35 \yhole
568 2769 60 25 being

43 2787 67 20 found
117 2790 98 26 properly
225 2791 99 27 filled-up»
335 2793 41 19 and
385 2793 36 20 the
430 2794 96 20 numbers
537 2797 88 23 entered,

44 2814 36 20 the
91 2814 108 22 Governor
209 2817 94 21 declared
313 2820 37 19 the
365 2820 65 20 ballot
440 2821 114 20 concluded
562 2830 5 16 ;
586 2823 42 19 and

44 2841 37 20 the
91 2843 90 25 meeting
192 2844 64 20 broke
265 2851 35 20 up,
311 2847 103 27 perfectly
426 2848 93 20 satisfied
526 2849 49 21 with
592 2851 35 19 the

45 2869 136 26 proceedings
192 2871 24 18 of
228 2872 37 19 the
280 2873 47 25 day.
342 2879 4 3 •
355 2879 4 4 •

52 2895 96 21 •Before
165 2897 36 20 the
218 2900 102 26 assembly
328 2906 3 3 •
336 2901 115 26 separated,
466 2903 101 26 however,
582 2905 43 20 Mr.

44 2922 116 21 Wakefield
168 2925 51 19 took
228 2926 36 19 the
272 2929 166 25 opportunityof
445 2930 84 27 reading
539 2933 22 18 to
571 2932 55 20 them

45 2956 13 13 a
66 2950 62 20 letter
138 2952 67 19 which
211 2952 26 19 he
247 2953 40 20 had
294 2955 93 20 received
395 2956 53 20 from
455 2957 90 26 Captain
552 2959 73 21 Wake-

44 2978 56 23 field,
111 2976 176 24 th'ecominaniier
294 2981 25 20 of
326 2983 35 18 tile
369 2983 134 28 preliminary
510 2981 121 31 expedition-

44 3005 68 20 which
129 3006 65 19 sailed
212 3006 23 20 in
245 3005 77 29 'April-
331 3009 47 23 last',
395 3010 70 26 giving
484 3018 13 14 a
516 3012 116 29 gratifying'

43 3035 90 17 account
148 3033 25 20 of
190 3034 36 19 the
241 3041 95 19 progress
444 3036 125 29 expedition';
585 3042 40 19 and

44 3060 119 26 expressing
294 3062 65 26 hdpe's
370 3063 31 20 of'
406 3065 35 19 the
546 3063 3 4 '
555 3067 22 21 of
589 3068 36 21 the

43 3087 147 27 undertaking.
312 3086 3 14 '
333 3093 3 5 '
349 3097 8 6 -
425 3091 3 4 '
446 3092 7 14 ;
534 3101 6 2 -
568 3088 17 26 /

211 3111 43 37 jthe
266 3117 92 25 meeting
372 3124 41 14 was
422 3125 51 20 very
487 3121 135 27 satisfactory,

44 3141 40 20 and
93 3144 54 18 went
156 3143 30 19 off
200 3149 23 14 as
237 3141 54 23 welf
299 3150 21 14 as
331 3145 62 19 could
399 3143 60 23 'have
473 3142 158 32 been/wished.,

43 3167 20 20 A
79 3169 92 20 cheerful
188 3171 62 26 spirit
265 3171 98 26 reigned,
367 3173 129 25 throughout
511 3175 35 20 the
560 3176 63 21 whole

42 3196 145 26 proceedings}
204 3195 45 23 and'
254 3199 19 19 if
284 3205 26 13 an
315 3197 309 28 'occasion'algood'-humdured

41 3220 62 28 laugh
119 3225 86 20 marked
221 3226 37 20 the
273 3226 93 26 drawing
381 3227 25 20 of
418 3227 55 26 .high
489 3230 96 21 numbers
600 3231 32 20 of'

41 3249 78 26 choice,
136 3252 17 19 it
164 3259 40 13 was
222 3254 185 29 compensated'Tpy
423 3255 35 20 the
468 3256 102 21 universal
587 3264 35 14 ex-

40 3277 124 25 pression'of
171 3280 132 21 satisfaction
310 3279 69 23 which
385 3283 85 24 greeted
478 3284 35 20 the
519 3284 103 21 fortunate

39 3303 78 22 drawer
126 3306 24 20 of
162 3307 37 19 the
208 3307 69 21 better
285 3309 98 20 numbers
390 3317 6 16 ;
412 3310 41 19 and
463 3317 62 20 every
538 3318 38 15 one
585 3319 36 19 ap-

39 3333 76 23 peared
130 3335 114 20 contented
258 3336 51 20 with
370 3338 67 19 result
445 3338 69 21 which
526 3340 95 20 attended

39 3357 33 21 his
84 3360 114 25 particular
211 3362 40 21 lot.
272 3359 109 28 '„,<",,
526 3375 17 10 _n

40 3411 24 38 A
64 3411 60 38 BILL
124 3411 76 38 TO
217 3413 143 26 PROVIDE
379 3418 62 22 FOR
454 3419 65 22 THE
535 3420 80 22 ESTA-

42 3454 2 4 BLISHMENT
43 3454 2 4 AND
357 3445 205 24 REGULATION
581 3448 34 22 OF

63 3465 189 24 MUNICIPAL-
258 3469 246 20 CORPORATIONS.

77 3503 4 4 ■
108 3500 2 6 '
171 3498 195 24 \Concludidfrom
377 3505 39 14 our
425 3500 59 26 last.]

371 3940 28 21 So
408 3939 52 28 help
470 3949 35 15 me
517 3942 53 24 God.

65 3550 6 9 '
153 3561 2 6 >
170 3555 37 14 .IV.
222 3556 131 17 CORPORATE
368 3560 112 17 OFFICERS.

18 3603 8 3 -
47 3584 108 36 ,O^A.—
155 3584 35 22 37.
206 3585 37 21 No
254 3586 85 28 Mayor,
348 3588 130 28 Alderman,
491 3598 24 15 or
524 3592 93 23 Auditor

37 3612 55 20 shall
103 3614 36 18 act
148 3618 24 14 as
189 3612 55 20 such
256 3612 87 28 (except
357 3615 23 21 in
395 3616 171 29 administering
579 3620 37 22 the

36 3637 51 22 oath
96 3637 136 23 hereinafter
245 3640 127 27 contained)
384 3643 59 21 until
452 3644 28 21 he
491 3644 55 23 shall
563 3645 53 24 have

37 3664 73 27 taken,
127 3664 76 22 before
216 3672 45 20 any
329 3674 25 14 or
369 3676 61 15 more
433 3670 32 21 'of
473 3671 54 22 such
538 3672 78 23 Alder-

37 3695 60 22 men;
107 3691 58 25 (who
176 3698 38 15 are
223 3691 83 28 hereby
317 3694 129 23 authorized
456 3700 22 18 to
489 3698 127 24 administer

36 3717 37 21 the
83 3718 68 26 same)
162 3725 30 14 an
207 3718 52 21 oath
269 3719 23 21 in
307 3719 38 21 the
355 3721 70 22 words
435 3730 24 14 or
468 3727 23 18 to
507 3724 36 22 the
554 3726 61 23 effect

36 3743 117 28 following,
160 3745 54 21 -that
223 3745 19 21 is
252 3748 22 18 to
282 3752 38 21 say
320 3757 30 4 —

44 3774 5 6 '
61 3775 19 28 I,
91 3776 64 27 A.8.,
166 3777 86 27 having
265 3778 57 22 been
332 3778 85 24 elected
433 3782 124 24 Alderman
573 3785 40 27 (or,

88 3810 24 14 as
130 3804 37 21 the
186 3811 51 15 case
256 3813 52 19 may
324 3806 36 26 be)
371 3806 35 22 for
421 3808 37 21 the
471 3810 103 27 Borough
592 3813 26 21 of

92 3855 7 7 ,
116 3855 7 7 ,
357 3832 28 22 do
402 3841 70 15 swear
487 3836 47 22 that
552 3838 10 21 I
571 3839 42 22 will

87 3855 51 28 duly
151 3857 48 22 and
214 3858 112 28 faithfully
336 3858 56 23 fulfil
409 3860 37 22 the
456 3862 72 22 duties
541 3864 26 21 of
576 3872 38 19 my

86 3883 69 26 office,
176 3887 24 18 to
219 3884 38 23 the
272 3886 48 22 best
339 3886 27 22 of
378 3893 39 21 my
434 3887 120 27 judgment
570 3891 43 22 and

74 3914 3 4 '
86 3908 85 28 ability,

672 150 6 3 -
689 142 101 26 -^Mayor—
790 144 112 21 -Duration
914 143 29 27 of
953 144 131 29 Office.-^2S.
1105 145 47 22 The
1169 145 82 27 Mayor

671 167 53 24 shall
740 169 52 22 hold
804 169 35 22 his
853 170 69 22 office*
933 171 59 22 until
1006 168 94 25 theiast
1114 172 101 25 Monday
1227 171 25 22 of

672 194 126 28 December,
808 196 25 21 in
849 196 38 22 the
903 203 55 21 year
971 197 113 27 following
1098 197 35 22 his
1147 197 102 27 election,

671 227 27 16 on
712 221 71 22 which
790 222 52 26 .day
854 222 39 22 the
909 223 95 22 Council
1020 223 55 22 shall
1090 227 58 19 meet
1164 225 35 22 for
1212 224 38 21 the

669 251 90 23 purpose
769 248 26 21 of
799 248 118 26 inducting
927 249 35 22 his
971 257 120 15 successor.

701 275 48 20 Who
759 276 21 19 to
795 275 59 21 be.—
854 276 33 20 39.
903 275 47 22 The
970 276 64 21 office
1053 276 25 21 of
1094 276 81 27 Mayor
1192 276 57 23 shall

669 300 27 22 be
705 300 55 22 filled
771 301 29 26 by
810 301 54 21 such
874 302 101 21 member
985 302 26 21 of
1018 302 37 22 the
1064 303 92 22 Council
1173 304 77 26 (being

671 327 79 26 willing
759 330 22 18 to
792 327 51 22 hold
853 327 38 22 the
901 328 70 26 same)
983 336 24 14 as
1017 328 56 22 shall
1082 329 56 22 have
1147 330 102 22 received

670 353 36 21 the
713 353 86 27 highest
807 354 95 21 number
912 354 27 21 of
945 358 71 24 votes,
1023 356 44 21 and
1077 356 56 21 shall
1142 361 40 17 not
1190 356 58 22 have

670 379 48 21 held
741 379 53 22 such
812 380 64 22 office
894 381 61 21 since
979 381 28 22 he
1031 389 44 14 was
1096 382 44 22 last
1162 383 87 22 elected

670 405 128 22 Alderman.

681 445 3 3 ■
696 433 99 25 Vacancy.
797 443 28 5 —
825 434 33 20 40.
873 433 30 22 In
916 441 51 14 case
983 434 28 21 of
1021 441 45 21 any
1080 436 168 26 extraordinary-

668 465 94 21 vacancy
775 459 24 22 in
818 459 38 22 the
872 460 65 21 office
956 461 25 21 of
997 461 86 27 Mayor,
1093 465 1 4 '
1101 462 37 21 the
1154 462 94 22 Council

668 485 53 21 shall
724 488 66 19 meet
798 485 34 22 for
842 486 37 21 the
889 494 95 19 purpose
1002 488 26 21 of
1039 488 116 28 inducting
1171 497 13 14 a
1199 496 49 14 suc-

669 518 69 15 cessor
746 511 34 22 for
790 512 35 22 the
840 513 129 22 remainder
983 514 28 21 of
1024 514 37 21 the
1077 522 59 20 year,
1153 516 25 21 in
1195 522 53 15 con-

668 537 86 28 formity
762 541 23 18 to
795 538 35 22 the
837 539 49 21 rule
896 539 42 22 last
947 541 140 26 preceeding.

695 566 123 25 Temporary
837 566 130 26 Incapacity.
969 578 28 4 —
998 568 33 21 41.
1056 568 24 21 If
1103 568 38 22 the
1164 568 84 27 Mayor

667 591 59 26 shall,
739 593 27 26 by
779 598 79 16 reason
872 593 27 21 of
905 593 95 22 absence
1012 601 24 14 or
1050 594 81 27 illness,
1143 595 27 22 be
1185 596 62 21 inca-

666 618 61 26 pable
741 618 24 21 of
778 618 142 28 discharging
931 620 38 21 the
984 620 73 21 duties
1066 621 26 21 of
1105 621 33 22 his
1148 622 70 24 office,
1228 621 19 21 it

668 643 53 23 shall
735 644 109 22 beiawful
853 645 36 22 for
893 647 43 21 -the
946 647 48 21 first
1004 647 122 22 Alderman
1136 655 60 20 upon
1208 647 38 22 the

666 670 42 27 list,
717 671 47 21 who
780 671 56 22 shall
852 671 29 23 be
896 673 84 27 willing
994 681 25 14 so
1035 676 23 19 to
1070 674 35 27 do,
1117 678 21 18 to
1148 675 98 27 perform

668 696 37 22 the
713 704 68 14 same.

693 725 73 25 Mayor
788 726 21 18 to
830 725 24 20 6e
875 726 120 26 Returning
1022 727 79 26 Officer.
1106 739 28 3 —
1140 729 34 20 42.
1198 727 48 21 The

667 750 77 27 Mayor
749 751 35 21 for
793 751 37 21 the
837 751 54 26 time
900 753 69 27 being
976 753 58 22 shall
1043 755 25 20 be
1077 754 37 22 the
1122 753 124 28 Returning

668 777 79 22 Officer
754 777 35 22 for
797 778 38 22 the
846 779 113 27 Borough.

691 805 94 25 Penalty.
786 815 28 5 —
814 806 34 20 45.
873 805 75 27 Every
967 813 83 20 person
1067 806 51 22 who
1137 807 58 22 shall
1216 807 29 21 be

666 830 63 22 liable
740 835 20 17 to
770 838 62 14 serve
842 830 38 22 the
889 831 65 22 office
965 832 25 21 of
995 833 81 26 Mayor
1084 841 24 13 or
1114 833 129 26 Alderman,

666 857 43 21 and
717 857 59 25 who.
779 857 58 21 shall
851 857 73 22 refuse
936 861 23 18 to
973 863 78 23 accept
1060 859 37 22 the
1107 868 67 19 same,
1189 860 57 22 shall

666 882 174 23 forfeit'thesum
849 883 25 21 of
880 883 68 28 £50;
948 883 68 28 upon
1027 890 106 22 payment
1141 887 103 26 whereof,

666 909 27 23 he
703 910 53 21 shall
765 911 28 21 be
802 909 131 28 discharged
943 911 56 21 from
1010 911 53 23 such
1073 913 100 28 liability.

691 938 135 24 Resignation.
827 946 31 5 —
858 938 32 20 44.
907 937 21 21 It
943 937 58 22 shall
1017 938 27 22 be
1060 939 76 23 lawful
1152 941 34 21 for
1201 947 45 19 any

667 963 77 27 Mayor
752 971 25 14 or
781 963 14 22 '
795 963 114 22 Alderman
919 967 23 18 to
952 965 74 26 resign
1042 965 33 22 his
1090 966 63 22 office
1163 970 24 19 at
1201 974 46 19 any-

666 989 56 27 time,
738 989 53 22 with
804 989 38 21 the
856 993 94 19 consent
969 991 26 21 of
1011 991 36 22 the
1063 992 100 24 Council.
1192 993 54 23 Pro-

666 1016 62 21 vided
737 1016 48 21 that
798 1016 36 21 the
853 1016 81 27 Mayor
943 1024 26 15 or
981 1017 122 24 Alderman
1114 1019 99 26 desiring
1223 1024 23 17 to

664 1042 78 27 resign;
752 1042 55 22 shall
816 1042 51 27 give
884 1046 23 18 to
917 1044 38 21 the
971 1045 93 21 Council
1079 1050 40 18 not
1134 1047 44 22 less
1191 1045 55 24 than

666 1066 78 30 (three)
753 1069 70 21 weeks
834 1069 73 23 notice
918 1070 27 22 of
951 1071 56 21 such
1017 1071 34 23 his
1060 1073 118 23 intention.

692 1103 49 20 Who
750 1104 121 25 Exempt.—
927 1104 39 21 No
980 1106 100 22 member
1088 1107 27 22 of
1122 1107 35 22 the
1169 1108 77 26 Legis-

663 1129 65 22 lative
747 1130 115 26 Council;,
873 1130 39 22 no'
919 1138 82 19 person
1020 1132 93 28 holding
1131 1134 78 22 office,
1216 1134 30 26 by

665 1156 148 28 appointment
827 1157 26 21 of
865 1156 35 23 his
914 1158 137 28 Excellency
1061 1159 37 22 the
1115 1160 115 23 Governor
1237 1169 7 19 ;

665 1189 29 15 no
710 1183 72 22 officer
797 1183 23 22 in
835 1184 40 21 her
892 1184 118 28 Majesty's
1025 1193 66 20 army
1101 1194 25 14 or
1140 1194 66 20 navy,
1221 1195 25 14 or

665 1209 82 22 marine
760 1210 77 25 forces,
853 1217 30 15 on
898 1211 42 21 full
955 1219 44 19 pay
1007 1220 6 18 ;
1028 1219 42 15 nor
1084 1220 45 20 any
1146 1221 98 15 revenue

666 1236 71 22 officer
753 1236 56 22 shall
827 1238 29 20 be
874 1237 67 22 liable
961 1241 23 18 to
1004 1246 61 15 serve
1083 1247 24 14 as
1124 1240 81 28 Mayor
1221 1248 25 14 or

665 1263 126 26 Alderman,
801 1263 93 22 without
905 1264 34 21 his
950 1272 50 15 own
1013 1270 101 18 consent.

694 1297 48 19 Who
750 1297 144 26 Disqualified.
896 1308 28 5 —
925 1299 34 21 45.
974 1298 110 23 Provided
1094 1301 53 26 also,
1156 1301 49 22 that
1215 1308 30 15 no

661 1322 73 28 judge,
745 1323 79 25 sheriff,
835 1332 25 14 or
870 1332 100 19 coroner,
981 1332 30 14 no
1025 1326 133 27 clergyman,
1170 1328 73 27 priest,

665 1357 24 13 or
695 1350 97 22 minister
801 1351 25 21 of
832 1351 102 28 religion,
941 1351 58 23 shall
1007 1352 28 22 be
1046 1353 104 28 qualified
1160 1358 22 18 to
1192 1354 54 22 hold

665 1376 37 22 the
711 1376 72 22 offices
793 1377 116 23 aforesaid.

693 1403 110 21 convicted'
814 1400 81 29 Felons',
915 1403 67 28 8f6.—
982 1402 38 26 47/
1027 1402 5 4 '
1041 1405 22 23 It
1082 1405 56 24 shall
1159 1411 41 19 not
1217 1408 28 21 be

663 1429 73 23 lawful
745 1431 34 21 for
792 1438 43 20 any
844 1439 59 19 man,
915 1431 51 22 who
980 1432 55 22 shall
1051 1433 57 22 have
1126 1434 55 22 been
1193 1442 53 14 con-

664 1457 70 21 victed
744 1458 24 20 of
780 1457 83 28 felony,
874 1459 96 26 bribery,
982 1466 25 14 or
1020 1461 96 26 perjury,
1128 1461 118 25 (although

664 1483 28 21 he
702 1484 53 21 shall
768 1484 57 22 have
839 1485 97 21 suffered
945 1485 37 22 the
997 1485 42 23 full
1054 1487 145 27 punishment
1211 1487 35 22 for

664 1510 34 21 his
707 1511 98 26 offence,)
814 1515 23 17 to
847 1515 85 21 vote.at
940 1512 37 21 the
987 1513 94 21 election
1089 1514 27 22 of
1122 1514 123 22 Aldermen

666 1536 42 22 and
715 1537 112 27 Auditors,
837 1545 24 14 or
868 1541 26 20 to.
901 1538 55 22 hold
963 1546 45 20 any
1016 1539 62 22 office
1088 1543 22 19 to
1121 1541 26 21 be
1157 1541 89 22 created

665 1564 68 21 under
750 1564 37 21 the
802 1565 113 26 authority
933 1565 27 21 of
974 1565 44 22 this
1028 1567 133 23 .ordinance.
1190 1567 56 23 Pro-

665 1590 62 22 vided
737 1590 51 22 that
799 1598 28 14 no
839 1598 61 19 man,
915 1591 51 22 who
981 1593 57 21 shall
1053 1593 56 22 have
1126 1595 57 21 been
1193 1602 53 14 con-

665 1617 69 21 victed
752 1617 26 21 of
791 1624 44 20 any
849 1618 56 22 such
922 1619 93 26 offence,
1035 1619 56 22 shall
1109 1621 28 21 be
1153 1621 92 27 thereby

665 1643 134 28 disqualified
814 1645 23 21 in
856 1652 49 14 case
920 1645 29 22 he
965 1645 56 23 shall
1038 1646 56 23 have
1110 1647 104 24 received
1232 1656 14 14 a

665 1670 45 21 free
718 1671 91 26 pardon.

691 1698 132 26 Bankruptcy
832 1698 37 26 Sfc.
881 1699 26 25 of
911 1699 78 26 Mayor
996 1706 25 14 or
1026 1701 119 21 Alderman.
1146 1712 32 5 —
1178 1703 30 21 18.
1224 1702 25 22 If

665 1731 43 20 any
725 1725 79 26 Mayor
823 1732 24 14 or
866 1726 125 22 Alderman
1014 1727 57 23 shall
1143 1729 101 22 declared

663 1750 114 28 bankrupt,
790 1758 23 15 or
823 1752 57 22 shall
896 1753 68 26 apply
973 1757 22 18 to
1007 1753 50 23 take
1070 1755 37 21 the
1124 1755 83 23 benefit
1223 1757 26 20 of

664 1784 43 20 any
715 1781 35 18 act
759 1778 34 22 for
808 1778 37 22 the
860 1779 67 21 relief
941 1780 26 21 of
980 1780 111 23 insolvent
1108 1782 94 26 debtors,
1221 1790 25 14 or

665 1804 52 21 shall
733 1805 125 26 compound
874 1805 31 28 by
914 1806 57 22 deed
981 1807 53 21 with
1045 1808 32 22 his
1091 1809 112 26 creditors,
1221 1817 23 14 or

665 1830 52 22 shall
733 1831 26 21 be
778 1832 78 21 absent
873 1832 60 22 from
953 1833 37 21 the
1011 1835 103 27 Borough
1132 1836 35 21 for
1183 1837 61 21 three

665 1856 106 22 calendar-
782 1858 90 22 months
890 1862 22 18 at
928 1866 43 15 one
988 1860 44 22 and
1051 1861 36 22 the
1103 1869 61 15 same
1183 1864 59 26 time,

663 1884 52 21 such
725 1884 79 27 Mayor
813 1892 24 14 or
846 1882 124 25 Alderman
981 1887 57 21 shall
1049 1889 121 27 thereupon
1181 1897 63 14 cease

665 1913 21 18 to
698 1910 23 21 be
731 1918 14 13 a
756 1911 101 21 Member
865 1912 26 20 of
898 1912 37 22 the
947 1913 100 23 Council.

689 1937 100 20 Members
797 1938 28 25 of
830 1939 35 19 the
874 1939 87 21 Council
968 1943 37 17 not
1013 1943 21 18 to
1047 1942 102 22 Contract.
1150 1954 29 4 —
1180 1944 31 21 19.
1224 1943 29 24 If.

662 1969 45 21 any
715 1964 101 22 Member
825 1965 26 21 of
861 1965 38 22 the
909 1966 101 27 Council,
1023 1975 24 14 or
1057 1976 77 17 person
1152 1969 93 27 holding

663 1996 44 20 any
719 1990 62 21 office
792 1992 21 20 iv
825 1992 36 20 the
874 1992 43 26 gift
929 2000 25 13 or
969 1996 94 24 disposal
1076 1995 92 27 thereof,
1180 1996 62 26 shall,

663 2015 88 28 directly
762 2024 25 14 or
796 2017 125 28 indirectly,
929 2018 57 22 have
996 2027 45 20 any
1047 2021 63 21 share
1119 2029 23 14 or
1152 2023 92 21 interest

661 2042 24 21 in
701 2049 42 20 any
752 2047 99 18 contract
860 2051 25 14 or
903 2045 153 27 employment
1065 2048 53 21 with
1128 2056 24 14 or
1167 2049 30 27 by
1207 2049 36 21 the

662 2068 89 23 Council
768 2070 72 26 (other
854 2071 54 22 than
926 2079 24 14 as
969 2080 12 14 a
1000 2073 141 23 shareholder
1159 2075 23 22 in
1199 2082 43 20 any

661 2095 72 26 public
748 2103 116 21 company,
881 2098 49 22 who
947 2098 57 22 shall
1023 2105 100 17 contract
1139 2102 51 22 with
1206 2102 36 22 the

663 2121 88 23 Council
769 2123 33 28 for
821 2124 38 21 the
877 2124 103 28 lighting,
999 2134 28 14 or
1049 2128 119 27 supplying
1190 2129 63 21 with'

662 2152 69 23 water,
744 2157 23 14 or
776 2150 101 27 insuring
893 2152 88 26 against
991 2153 96 28 fire-any
1098 2159 49 22 part
1156 2156 25 20 of
1188 2155 54 23 such

661 2174 119 29 Borough),
792 2176 27 22 he
830 2177 57 21 shall
898 2178 176 24 thenceforward
1084 2188 63 15 cease
1157 2186 22 18 to
1190 2183 26 21 be
1230 2190 13 14 a

661 2201 99 22 Member
770 2203 25 21 of
801 2204 37 21 the
849 2205 99 27 Council,
962 2213 25 14 or
1002 2210 23 18 to
1042 2207 51 22 hold
1112 2209 54 21 such
1180 2209 62 22 office

660 2235 24 14 as
698 2228 111 23 aforesaid.
1037 2239 3 4 -
1088 2230 17 25 ■';

793 2264 26 14 V.-
829 2265 116 15 MEETINGS
961 2267 26 14 OF
1137 2263 2 5 '

687 2289 134 27 Majority.—
822 2292 32 21 so.
867 2291 3 5 '
882 2292 36 21 All
940 2298 46 17 acts
1005 2295 137 25 whatsoever
1159 2297 82 28 hereby

660 2318 126 21 authorized
796 2325 24 14 or
830 2320 104 25 required
944 2324 23 17 to
978 2321 26 22 be
1015 2322 57 23 done
1081 2324 29 26 by
1121 2324 36 22 the
1169 2326 73 20 Coun-

660 2343 27 21 cil
698 2343 22 21 of
726 2351 43 20 any
783 2345 110 27 Borough,
905 2346 43 22 and
966 2348 28 21 all
1009 2350 113 26 questions
1133 2352 47 21 that
1190 2359 51 19 may

660 2376 59 15 come
735 2371 73 21 before
823 2373 54 21 such
893 2373 101 27 Council,
1006 2375 55 22 shall
1081 2377 26 21 be
1114 2378 68 22 -done
1198 2379 43 20 and

659 2397 88 21 decided
755 2398 31 27 by
797 2398 35 21 the
844 2400 103 27 majotity
959 2401 24 21 of
992 2402 36 22 the
1044 2403 113 23 Members
1169 2406 25 20 of
1205 2405 36 21 the

660 2423 88 22 Council
764 2425 57 21 who'
829 2425 59 22 shall
900 2426 30 21 he
941 2427 98 27 'present
1054 2433 23 18 at
1089 2438 45 19 any
1144 2432 98 27 meeting

659 2450 107 30 thereof..*;
778 2453 174 26 Quorum.-^-'Fhe
964 2455 71 22 whole
1046 2458 94 21 number
1149 2461 90 24 present

658 2480 23 18 at
691 2484 41 19 any
742 2479 97 27 meeting
853 2484 41 17 not
904 2480 67 28 being
984 2478 50 26 less'
1044 2480 54 25 tlian
1108 2485 104 22 one-half
1219 2486 25 20 of

658 2511 22 13 ™
684 2510 11 14 c
706 2505 66 21 whole
790 2506 91 22 Council
889 2514 5 14 :
906 2508 112 26 provided
1035 2507 49 24 that
1099 2519 29 13 no
1145 2512 95 26 bye-law

658 2531 53 21 shall
721 2531 27 21 be
758 2533 63 21 made
831 2533 76 22 unless
916 2534 64 22 there
980 2536 3 7 1
993 2536 56 23 shall
1060 2538 26 21 be
1101 2543 88 23 present
1201 2543 40 17 not

657 2557 43 21 less
709 2557 50 22 than
770 2560 124 21 two-thirds
905 2562 25 20 of
938 2562 37 21 the
987 2563 70 22 whole
1067 2564 101 24 Council.

677 2585 36 19 'To
723 2586 95 21 becalm
825 2588 31 25 'by
867 2588 112 26 Mayor.—
980 2590 34 21 sl;
1030 2590 47 22 The
1089 2592 80 27 Mayor
1183 2592 56 22 shall

657 2613 55 20 have
720 2620 73 19 power
802 2618 29 18 to,
835 2614 42 22 call
891 2622 14 14 a
913 2617 100 27 meeting
1023 2618 26 21 of
1060 2618 36 22 the
1112 2618 93 24 Council
1215 2627 24 14 as

658 2639 59 21 often
727 2639 61 22 as'he
798 2640 55 22 shall
863 2641 64 22 think
941 2650 88 20 proper.
1065 2641 24 17 '•''
1104 2640 24 13 '"''

668 2671 4 3 '
682 2666 73 20 Notice
762 2667 29 25 of
793 2669 122 25 meeting.—
916 2670 35 21 52.
967 2670 47 22 The
1021 2670 83 28 Mayor
1110 2672 56 22 shall
1175 2680 64 15 cause

650 2705 3 5 ■
657 2698 14 14 a
688 2693 69 22 notice
769 2695 26 20 of
805 2696 36 21 the
858 2697 52 20 time
927 2701 46 17 and
988 2698 63 26 place
1066 2699 25 21 of
1103 2706 66 20 every
1185 2700 54 22 such

656 2719 103 22 intended
772 2722 103 27 meeting,
888 2724 135 30 specifying;
1028 2725 36 22 the
1076 2726 100 22 business
1190 2734 49 20 pro-

654 2746 67 25 posed
738 2750 21 18 to
769 2747 27 22 be
812 2747 129 28 transacted'
952 2750 93 28 thereat,
1063 2752 44 22 and
1117 2754 77 26 signed
1211 2754 28 26 by

656 2773 52 26 him,
718 2776 22 18 to
754 2773 27 22 be
792 2774 38 22 left
837 2774 7 14 ;
847 2774 31 32 af
879 2776 38 22 the
929 2775 68 24 iisiial
1007 2775 68 29 place^
1087 2780 26 20 of
1128 2780 71 22 abode
1216 2780 26 21 of

656 2805 63 20 every
728 2801 99 22 member
837 2802 31 21 of
874 2802 36 22 the
922 2804 101 28 Council,
1035 2805 61 22 three
1107 2806 59 22 clear
1176 2807 60 27 days,

655 2828 23 18 at
687 2827 144 25 Jeastjbefore
842 2829 54 21 such
907 2832 106 26 meeting.
1178 2832 16 22 \
1225 2846 3 4 .

649 2870 4 4 .
665 2851 212 37 ■^foceeaings'toM
871 2879 6 7 f
881 2853 238 33 %ubli(!:—s3V.Efery
1140 2860 99 27 meeting

654 2879 26 22 of
692 2881 34 19 the
737 2880 147 23 Couiicil-slial
889 2884 12 20 f
906 2884 26 21 be
943 2880 69 32 open/
1012 2884 69 22 to'the
1093 2886 80 26 public.

682 2906 114 22 Chairman.
799 2919 26 4 —
826 2909 42 21 54.-
875 2910 33 21 At
915 2917 68 20 every
990 2912 105 26 meeting;
1103 2912 40 22 the'
1148 2914 88 27 Mayor,

653 2933 20 21 if
684 2937 91 24 present,
788 2934 54 22 shall
852 2936 101 28 preside';
969 2938 23 20 in
992 2941 3 5 1
1001 2945 50 14 case
1097 2938 34 23 his
1141 2941 95 21 absence

654 2959 202 26 theXouncil.shall
867 2962 57 23 elect
934 2970 13 15 a
958 2963 122 23 chairman.
1184 2967 3 7 '

666 2998 3 7 <
682 2987 92 27 Casting;
778 2990 82 19 vote.—
860 2990 34 21 ss.
909 2990 49 21 The
977 2991 80 27 Mayor
1076 2999 24 14 or
1117 2992 118 24 Chairman

653 3014 60 21 shall'
723 3014 55 22 have
788 3023 13 14 a
815 3016 83 22 second
907 3024 26 14 or
948 3018 87 26 casting
1039 3023 2 7 1
1045 3021 56 25 vote,
1112 3020 24 21 in
1146 3028 51 14 case
1214 3021 25 21 of

653 3041 95 26 equality
763 3042 28 21 of
800 3047 68 18 votes.

647 3089 7 9 v
677 3065 159 26 Minutes.-±56.
853 3070 101 22 Minutes
969 3070 26 22 of
1006 3070 37 23 the
1053 3073 146 28 proceedings
1214 3074 25 21 of

653 3100 63 21 every
726 3096 97 27 meeting
831 3096 58 22 shall
905 3098 26 21 be
942 3098 92 21 entered
1044 3099 21 21 in
1077 3100 80 21 a-book
1169 3105 21 17 to
1208 3101 27 21 be

651 3119 52 28 kept
709 3121 33 21 for
750 3121 48 22 tliat
804 3130 102 20 purpose,
915 3124 47 22 and
971 3125 55 21 shall
1035 3125 26 22 be
1069 3127 79 25 signed
1157 3128 30 26 by
1197 3127 37 21 the

652 3149 231 26 persoa^presidingat
891 3150 171 28 stich^meeting.

680 3174 52 25 Open
748 3176 20 19 to
783 3177 123 25 Inspection.
907 3188 29 4 —
936 3180 35 19 57.
987 3178 73 28 Every
1074 3179 90 27 burgess
1178 3181 57 21 'shall

650 3199 28 21 be
687 3204 23 18 at
715 3201 78 28 liberty
934 3204 46 22 and
989 3204 182 28 make'extracts,-
1177 3208 57 21 from

651 3226 38 21 the'
698 3227 69 22 books'
773 3236 24 14 so
807 3234 22 17 to
839 3228 28 24 be
872 3230 65 28 .kept,
948 3235 24 17 at
981 3231 31 21 all
1022 3234 128 21 reasonable

650 3259 59 20 upon
718 3256 107 27 payment'
832 3257 27 20 of
870 3259 57 20 alee
938 3258 27 21 of
976 3265 43 14 one
1028 3259 91 27 shilling
1128 3260 34 22 for
1180 3261 54 22 each

649 3281 131 25 inspection.
797 3285 3 6 '
828 3293 4 4 -
865 3284 17 9 *-
1007 3303 4 3 .
1044 3292 2 6 <
1060 3288 5 4 •
1143 3288 14 9 •<•

649 3312 30 15 VI.
695 3314 156 16 APPOINTMENT
867 3317 26 14 OF
908 3317 145 19 COMMITTEES
1063 3320 46 15 AND
1120 3309 112 27 OFFICERS'.

678 3333 147 23 Committee.—
825 3336 36 21 sß.
868 3353 3 6 ,
888 3336 21 21 It
928 3337 58 22 shall
1005 3338 27 22 be
1046 3338 79 23 •laHvful
1145 3342 35 20 for
1180 3343 3 6 1
1197 3342 36 21 the

650 3359 121 23 Council-ot
786 3369 44 20 any
839 3362 113 28 Borough,
964 3368 23 17 to
996 3366 92 26 appoint
1096 3370 38 19 out
1143 3368 91 22 oftheir

650 3393 48 14 own
709 3387 54 27 body
773 3389 55 20 such
833 3389 44 21 and
888 3397 23 13 so
924 3397 70 20 many
1004 3391 144 29 committees,
1161 3395 71 21 either

649 3413 26 21 of
685 3420 14 14 a
707 3415 87 25 general
804 3422 25 14 or
839 3423 14 14 a
861 3416 84 32 special
955 3420 87 24 nature,
1044 3420 3 5 1
1058 3419 43 22 and
1111 3421 122 27 consisting

649 3441 22 19 of
686 3441 54 20 such
749 3441 94 22 number
853 3444 26 19 of
891 3450 91 19 persons
997 3451 24 14 as
1032 3452 50 20 may
1093 3453 59 16 seem
1164 3448 24 21 fit
1199 3448 33 21 for

648 3472 45 21 any
708 3474 101 21 purposes
827 3468 72 22 which
914 3470 24 20 in
954 3470 38 21 the
1006 3472 120 26 judgment
1141 3475 27 21 of
1178 3474 53 22 such

648 3494 90 21 Council
748 3495 71 21 would
828 3495 28 21 be
874 3496 73 21 better
961 3498 114 25 managed'
1081 3500 29 26 by
1120 3508 79 15 means
1209 3501 26 21 of

647 3526 13 14 a
669 3521 124 22 committee
800 3529 5 14 :
818 3522 105 27 provided
934 3523 82 27 always
1023 3525 50 22 that
1079 3527 37 21 the
1125 3528 105 26 proceed-

646 3553 49 20 ings
705 3547 24 21 of
736 3555 64 20 every
809 3549 55 21 such
874 3550 128 22 committee
1013 3551 54 22 shall
1076 3552 27 23 be
1110 3554 121 22 submitted

647 3576 21 18 to
679 3573 34 21 the
723 3574 92 22 Council
825 3575 34 21 for
868 3576 28 21 its
907 3578 113 25 approval.
1053 3596 3 3 ,
1088 3596 2 6 ,

673 3601 61 20 Town
750 3603 59 19 Clerk
825 3603 43 20 and
884 3604 189 23 Treasurer.—^:
1086 3606 22 22 It
1117 3606 56 23 shall
1183 3607 45 23 also

644 3626 111 24 beiawful
773 3629 35 21 for
824 3630 37 21 the
878 3630 94 23 Council
1034 3634 90 26 appoint
1143 3637 47 19 two'
1204 3634 35 21 fit'

644 3660 95 20 persons'
751 3655 49 26 (not
809 3656 67 27 being
894 3657 115 23 Members
1025 3659 26 21 of
1071 3660 37 21 the
1126 3660 101 26 Council)

644 3683 22 19 to
677 3681 96 22 be'fown
785 3683 65 21 Clerk
859 3684 44 21 and
914 3684 128 28 Treasurer,
1054 3686 48 21 who
1109 3687 57 22 shall
1178 3687 50 22 hold

644 3707 63 22 office
715 3709 80 27 during
804 3709 101 27 pleasure
912 3718 7 20 ;
931 3712 47 21 and
987 3712 47 21 also
1045 3717 20 16 to
1074 3714 90 26 appoint
1174 3713 54 22 such

644 3735 63 21 other
715 3735 84 22 officers
816 3743 23 14 as
851 3737 50 27 they
913 3738 59 21 shall
982 3738 65 22 think
1061 3746 119 20 necessary
1195 3740 34 21 for

643 3761 102 26 enabling
823 3766 21 17 to
855 3770 64 20 carry
929 3764 51 22 into
991 3766 117 21 execution
1124 3766 37 21 the
1179 3773 49 20 pro-

643 3787 79 21 visions
730 3788 24 21 of
766 3788 42 22 this
819 3789 50 26 Act,
882 3790 46 21 and
940 3794 22 18 to
979 3798 44 20 pay
1044 3792 30 21 all
1088 3792 37 21 the

642 3821 24 14 so
677 3817 22 17 to
709 3814 24 22 be
743 3815 125 27 appointed,
880 3817 56 20 such
947 3817 92 26 salaries,
1049 3825 23 14 as
1082 3818 37 21 the
1134 3818 93 22 Council

642 3839 58 22 shall
710 3839 59 23 deem
782 3842 137 21 reasonable.
1031 3839 22 28 $•

670 3867 146 21 Constables.—
816 3867 35 22 6o.
877 3868 23 21 It
918 3868 58 22 shall
994 3869 28 22 be
1036 3869 81 24 lawful
1136 3871 35 22 for
1190 3870 37 23 the

642 3893 69 21 watch
719 3894 131 27 committee,
862 3902 25 14 or
896 3894 20 22 if
927 3896 63 21 there
1011 3896 26 21 be
1053 3903 29 15 no
1098 3898 54 21 such
1168 3905 59 16 com-

642 3918 80 29 mittee,
738 3919 53 22 then
804 3920 33 22 for
853 3920 36 22 the
906 3922 93 22 Council
1011 3926 21 19 to
1043 3924 91 27 appoint
1143 3933 14 14 a
1166 3925 61 23 suffi-

640 3949 61 19 cient
716 3947 93 23 number
828 3947 28 23 of
872 3948 26 22 fit
913 3956 54 15 men
988 3950 152 27 (reraoveable
1155 3956 25 19 at
1188 3953 39 22 the

1902 3225 154 22 Alteration
2072 3233 27 14 in
2113 3234 48 14 the
2178 3229 137 20 American'
2326 3230 96 20 Tariff,
2432 3236 31 15 as

1876 3258 109 15 regards
2010 3253 102 22 France.
2113 3266 28 4 —
2142 3255 44 20 The
2208 3257 90 20 Journal
2324 3257 40 20 des.
2385 3258 84 19 Debats,

1876 3280 103 25 observes,
1994 3281 52 25 that,
2116 3289 29 14 no
2159 3283 78 21 former
2251 3284 76 26 period
2335 3291 61 16 were,
2403 3285 66 20 there,

1875 3314 22 13 so
1907 3314 63 19 many
1980 3308 116 27 important
2106 3310 156 21 modifications
2271 3312 113 26 preparing
2392 3312 77 21 in.the'

1875 3341 102 20 econojny
1987 3336 24 20 of
2023 3337 35 20 the
2072 3337 150 21 international
2237 3339 98 20 relations
2346 3339 30 23 of,
2383 3339 79 20 France

1874 3362 50 20 with
1941 3364 60 19 other
2011 3365 105 20 countries
2133 3371 23 14 as
2173 3369 21 16 at
2209 3369 93 22 present.
2331 3366 79 20 WKilst
2426 3366 37 21 tha

1875 3389 164 22 Custom-house
2049 3392 89 20 barriers
2149 3392 24 21 of
2185 3393 35 19 the
2231 3393 70 20 North
2311 3399 34 14 are
2355 3393 65 20 about
2437 3396 31 17 to-

1874 3416 24 20 be
1913 3417 97 24 lowered,
2029 3420 35 19 the
2074 3422 56 17 most
2146 3420 85 20 ancient
2243 3420 41 20 and
2301 3420 36 20 the
2349 3423 57 17 most
2420 3422 42 19 im-

1874 3448 86 21 portant
1969 3446 42 26 ally
2021 3447 23 20 of
2056 3446 79 21 France
2150 3447 83 25 beyond
2241 3448 36 19 the
2287 3453 51 14 seas'
2350 3446 44 28 (the
2405 3448 60 23 Uni-,

1874 3472 34 19 ted
1919 3472 78 27 States)
2008 3474 17 19 is
2035 3474 64 20 about
2115 3477 23 17 to
2152 3481 69 17 cause,
2233 3474 27 26 by
2269 3481 27 12 an
2313 3475 111 21 alteration
2438 3475 29 21 in-

1874 3499 36 20 her
1923 3500 76 26 tariffs,
2010 3507 12 14 a
2032 3502 80 19 serious
2123 3502 112 19 confusion
2251 3502 23 19 in
2289 3502 174 23 herjeomm'ercia
2479 3510 5 6 *

1874 3527 108 21 relations.
2017 3528 118 26 According
2152 3531 23 18 to
2192 3529 40 19 the'
2245 3528 166 22 Custom-house
2427 3536 35 14 re-

1873 3556 67 22 turns,
1952 3554 78 21 France
2039 3558 83 23 exports
2139 3558 22 17 to
2178 3556 35 19 the
2225 3556 81 20 United
2325 3556 69 21 States
2410 3562 51 21 pro-

1873 3581 52 20 duce
1942 3585 21 16 to
1980 3583 36 20 the
2022 3583 95 24 .amount
2134 3583 25 20 of
2171 3582 148 24 130,000,000f
2321 3597 14 10 M
2355 3579 105 28 of'wh.ich

1873 3609 144 24 50,000,000f.
2027 3610 18 20 is
2055 3609 112 27 composed
2175 3609 23 20 of
2209 3610 41 20 dlk
2257 3617 5 17 ;
2280 3606 151 29 12,000,000f.'
2438 3611 25 21 of

1872 3636 63 20 wines
1956 3637 41 19 and
2015 3637 102 25 brandies,
2138 3637 141 23 10,000,000f.
2300 3638 26 19 of
2346 3638 114 25 cambrics,

1872 3663 39 20 and
1923 3664 143 24 25,000,000f.
2084 3665 24 19 of
2119 3664 150 26 haberdashery
2288 3665 42 19 and
2345 3665 115 27 millinery.

1873 3689 24 21 In
1909 3691 34 19 the
1959 3697 49 19 year
2025 3692 61 24 1839,
2097 3694 37 17 out
2150 3691 25 20 of
2187 3692 141 23 175,000,000
2338 3692 25 20 of
2377 3693 83 21 French

1872 3717 91 26 produce
1966 3719 98 25 exported
2070 3720 21 18 to
2097 3719 34 19 the
2136 3718 79 20 United
2220 3718 75 24 States,
2300 3719 10 19 1
2314 3719 9 19 1
2327 3719 11 19 5
2342 3720 96 23 ,000,00f
2442 3722 11 19 f
2453 3736 5 6 .

1872 3745 66 20 worth
1949 3752 51 13 were
2011 3745 99 20 admitted
2120 3745 53 26 duty
2182 3745 50 23 free,
2243 3746 41 19 and
2294 3747 37 19 the
2342 3748 118 28 remainder

1871 3778 52 14 were
1933 3773 50 24 only
1992 3772 106 25 subjected
2108 3775 21 17 to
2140 3779 12 13 a
2163 3773 51 24 duty
2222 3773 147 26 varyiugfrom
2380 3775 12 20 5
2402 3778 21 17 to

1870 3804 37 20 per
1923 3801 55 17 cent.
2006 3799 119 26 According
2142 3801 23 18 to
2184 3800 36 20 the
2237 3801 79 25 change*
2335 3804 22 18 at
2374 3806 86 22 present

1870 3826 153 25 contemplated
2038 3826 27 26 by
2076 3827 35 19 the
2126 3826 143 22 Government
2286 3829 26 19 of
2324 3829 35 21 the
2380 3829 80 21 United
2471 3847 1 5 ,

1871 3852 74 24 Stales,
1957 3853 119 20 two-thirds
2086 3853 24 20 of
2118 3854 36 20 the
2172 3854 81 21 French
2270 3858 86 24 exports
2373 3851 99 30 wil^ibo.

1870 3879 107 26 subjected
1992 3883 21 17 to
2074 3881 121 26 imposition
2215 3883 25 20 of
2258 3883 53 26 duty
2328 3883 75 22 which.
2415 3884 57 22 wiU->

1870 3913 56 20 press
1938 3908 34 20 the
1981 3914 56 15 more
2047 3907 81 27 heavily
2139 3916 27 12 on
2180 3910 34 20 the
2224 3908 106 29 exporter',
2345 3917 24 14 as
2380 3912 34 20 the
2424 3918 34 14 ar-

1870 3935 58 20 ticles
1938 3942 34 13 are
1983 3935 68 21 rather
2069 3939 87 18 matters
2166 3937 24 20 of
2201 3938 78 28 luxury
2287 3938 54 21 tlian
2359 3938 25 22 of
2395 3938 63 22 abso-

1870 3962 43 21 lute

1276 144 102 27 pleasure
1384 146 29 22 of
1423 146 54 22 such
1488 146 125 22 committee
1624 152 27 17 «r
1667 149 101 26 Council)
1785 153 22 17 to
1822 154 36 18 act

1277 177 24 14 as
1311 172 124 22 constables
1444 173 35 21 for
1489 173 37 21 the
1542 172 94 28 keeping
1651 174 38 22 the
1699 182 67 19 peace
1776 175 29 26 by
1815 175 43 28 day

1277 197 45 22 and
1329 198 36 27 by.
1369 199 71 26 night,
1451 199 49 21 who
1516 198 63 28 shall,
1601 200 75 22 within
1693 201 38 22 the
1749 201 67 22 limits
1836 203 26 21 of

1276 222 38 23 the
1445 225 56 22 have
1517 225 30 22 all
1562 226 54 22 such
1633 234 83 20 powers
1731 228 46 21 and
1792 229 66 26 privi-

1275 248 68 28 leges,
1368 252 43 20 and
1435 252 34 26 be,
1478 251 67 22 liable
1563 255 22 18 to
1604 252 28 22 all
1650 254 55 21 such
1723 254 71 21 duties
1813 255 45 22 and

1276 277 187 25 responsibilities,
1475 285 23 14 as
1509 285 66 19 every
1585 280 112 21 constable
1707 287 52 20 may
1769 281 30 26 by
1808 280 48 26 law,

1277 301 63 28 have,
1352 311 24 14 or
1388 304 27 21 be
1425 304 66 21 liable
1507 308 29 21 to,
1547 305 44 21 and
1601 305 54 22 shall
1665 306 63 26 tobey
1737 307 29 21 all
1783 307 75 22 lawful

1276 328 125 30 directions,
1406 330 105 26 touching
1519 330 37 21 the
1568 332 114 21 execution
1692 332 25 21 of
1724 332 56 22 their
1786 334 70 27 office,

1276 354 71 23 which
1359 355 52 28 they
1420 364 52 20 may
1481 357 57 21 from
1549 357 52 21 time
1611 361 22 18 to
1644 358 52 22 time
1707 360 84 21 receive
1801 360 56 22 from

1276 388 45 20 any
1329 382 73 22 Police
1412 384 128 26 Magistrate
1547 383 82 27 having
1632 385 139 26 jurisdiction
1780 386 77 22 within

1276 407 38 22 the
1325 408 110 26 Borough.

1303 436 61 21 Oath.
1366 447 26 3 —
1394 437 33 20 61.
1443 436 72 26 Every
1521 436 111 22 constable
1639 445 23 13 so
1668 440 21 18 to
1696 438 28 21 be
1729 439 127 27 appointed,

1275 460 54 22 shall
1341 462 26 21 be
1377 469 71 14 sworn
1457 462 23 21 in
1492 462 29 26 by
1531 462 37 22 the
1577 463 78 27 Mayor
1662 464 26 21 of
1696 464 37 21 the
1743 464 120 28 Borough.'

1301 495 102 21 Numbers
1413 497 21 19 to
1444 497 24 19 be
1475 497 102 24 reported.
1578 508 28 4 —
1607 498 33 20 62.
1654 497 48 21 The
1714 498 69 21 watch
1796 506 60 14 com-

1275 521 82 28 mittee,
1369 530 25 14 or
1410 522 36 22 the
1457 523 93 22 Council
1568 524 24 20 of
1604 523 37 21 the
1656 523 111 28 Borough,
1779 532 24 14 as
1820 525 36 22 the

1275 553 49 16 case
1333 556 52 19 may
1394 549 35 26 be,
1447 549 55 21 shall
1512 549 24 21 in
1555 549 35 22 rhe
1601 550 77 21 month
1693 551 25 20 of
1729 551 128 22 November

1274 573 22 22 in
1305 581 66 21 every
1445 576 102 20 transmit
1553 579 22 17 to
1582 576 36 21 the
1624 576 100 22 Colonial
1732 577 123 28 Secretary,

1274 607 14 14 a
1304 605 74 23 report
1396 602 26 21 of
1436 601 37 22 the
1489 602 94 21 number
1601 603 44 21 and
1661 603 105 21 situation
1781 604 25 21 of
1827 605 28 21 all

1274 628 81 21 station
1369 628 80 22 houses
1465 628 23 21 in
1500 629 54 21 such
1571 635 12 15 a
1597 629 110 27 Borough,
1724 630 44 21 and
1778 630 25 21 of
1819 631 37 21 the

1274 655 93 21 number
1376 655 26 21 of
1413 655 130 26 constables,
1555 655 44 21 and
1609 656 25 20 of
1646 656 35 21 the
1690 657 133 26 description
1834 658 25 21 of

1274 686 64 21 arms,
1356 685 182 21 accoutrements,
1554 682 44 21 and
1615 682 104 27 clothing,
1731 683 45 21 and
1792 683 64 23 other

1274 708 132 21 necessaries
1424 708 116 21 furnished
1564 711 21 18 to
1612 709 60 26 each,
1699 709 44 21 and
1768 710 26 21 of
1818 710 37 22 the

1274 732 94 28 salaries,
1379 741 78 19 wages,
1466 734 43 21 and
1516 734 129 22 allowances
1653 736 93 26 payable
1755 739 22 18 to
1786 737 68 26 tliem,

1275 759 44 21 and
1329 760 46 22 also
1384 768 13 13 a
1408 768 56 20 copy
1474 761 25 21 of
1506 761 30 21 all
1544 761 58 21 rules
1611 762 44 21 and
1665 763 75 21 orders
1750 763 64 21 made
1822 764 34 21 for

1275 785 57 22 their
1343 787 122 27 regulation
1475 787 44 21 and
1528 787 108 27 guidance
1646 788 70 22 which
1726 789 57 22 shall
1800 790 56 21 have

1274 813 100 23 received
1384 814 36 21 the
1430 814 100 21 sanction
1538 814 25 21 of
1575 814 54 22 such
1637 815 72 21 Police
1717 815 138 28 Magistrate.

1301 847 69 20 Police
1394 848 95 24 Office.—
1491 849 32 19 63.
1552 847 46 22 The
1621 849 91 21 Council
1736 849 27 21 of
1788 857 68 19 every

1264 888 4 5 .
1276 871 103 29 Borough
1388 873 63 28 shall,
1463 873 76 22 within
1549 875 33 20 six
1592 874 103 22 calendar
1702 876 88 22 months
1801 877 55 21 after

1275 898 35 22 the
1322 900 46 22 first
1377 901 100 26 election,
1489 901 90 26 provide
1589 908 13 14 a
1612 901 92 22 suitable
1715 903 68 26 office,
1796 906 21 18 to
1829 903 27 21 be

1274 925 71 23 called
1355 927 36 21 the
1425 927 74 21 Police
1609 927 25 22 of
1645 928 37 21 the
1699 929 110 27 Borough,
1821 930 35 21 for

1327 960 93 20 purpose
1432 954 25 20 of
1469 954 135 27 transacting
1619 954 37 22 the
1666 955 100 22 business
1782 956 26 21 of
1819 956 37 21 the

1275 979 140 26 Magistrates
1433 980 82 27 having
1691 982 104 27 therein,'
1811 983 46 21 and

1274 1002 53 24 shall
1339 1010 22 17 at
1369 1007 30 21 all
1407 1007 69 26 times,
1484 1007 83 26 uphold
1578 1007 43 22 and
1629 1008 106 22 maintain
1743 1009 36 21 the
1787 1017 68 19 same,

1274 1032 43 21 and
1327 1033 77 26 defray
1415 1033 29 21 all
1455 1033 36 21 the
1502 1041 116 20 necessary
1634 1041 109 20 expences
1756 1036 99 21 thereof:

1274 1059 110 25 provided,
1394 1059 48 22 that
1451 1067 29 13 no
1487 1067 62 15 room
1557 1061 22 21 in
1590 1068 45 19 any
1642 1061 131 28 victualling
1780 1062 76 27 house,

1274 1092 24 14 or
1307 1085 68 22 house
1385 1086 24 21 in
1418 1086 72 22 which
1507 1087 41 26 ale,
1559 1087 63 27 wine,
1634 1094 24 14 or
1674 1088 73 27 spirits
1757 1089 56 22 shall
1829 1090 28 22 be

1274 1111 54 26 sold,
1340 1112 54 22 shall
1404 1113 28 21 be
1442 1113 54 21 used
1506 1113 34 21 for
1550 1114 53 21 such
1613 1121 101 20 purpose.

1302 1140 99 25 Borough
1422 1141 57 20 Goal.
1481 1151 27 4 —
1509 1142 34 20 64.
1567 1141 47 21 The
1635 1141 91 22 Council
1745 1143 27 20 of
1790 1150 67 20 every

1276 1165 111 28 Borough,
1399 1167 56 21 shall
1466 1167 45 21 also
1519 1167 76 21 within
1606 1167 36 21 the
1649 1168 75 26 period
1733 1169 43 21 last
1786 1170 72 21 afore-

1275 1192 54 26 said,
1348 1193 96 27 provide,
1463 1193 44 21 and
1522 1194 126 21 afterwards
1657 1195 107 21 maintain
1782 1200 22 17 at
1820 1196 38 21 the

1275 1225 100 20 expence
1391 1220 25 21 of
1423 1220 37 21 the
1474 1220 111 27 Borough,
1596 1228 13 13 a
1618 1221 92 21 suitable
1720 1222 100 27 building
1836 1228 22 17 to

1274 1244 29 22 be
1322 1246 70 21 called
1411 1247 38 21 the
1491 1247 102 26 Borough
1705 1248 35 22 for
1757 1249 36 22 the
1812 1250 46 21 safe

1275 1272 93 27 custody
1378 1273 25 21 of
1414 1280 91 19 persons
1522 1274 102 25 awaiting
1641 1273 56 23 their
1715 1275 51 22 trial
1782 1276 34 21 for
1826 1276 32 21 of-

1275 1298 77 22 fences
1365 1300 129 22 committed
1510 1300 75 21 within
1596 1300 37 21 the
1648 1301 111 27 Borough,
1770 1303 44 21 and
1829 1303 29 22 all

1276 1325 55 21 such
1342 1326 73 22 offices
1424 1334 24 14 as
1458 1327 33 21 for
1500 1327 54 21 such
1571 1334 92 20 purpose
1674 1327 57 23 shall
1745 1329 28 22 be
1783 1337 75 14 ntces-

1274 1358 60 20 sary.

1303 1381 46 18 Cost
1359 1379 26 25 of
1397 1379 99 22 Criminal
1510 1382 150 20 Prosecutions.
1663 1393 26 4 —
1690 1381 34 22 65.
1740 1383 65 21 After
1820 1383 38 22 the

1276 1405 124 27 expiration
1411 1407 26 21 of
1448 1408 78 21 twelve
1536 1408 103 22 calendar
1648 1408 88 22 months
1747 1409 57 22 from
1822 1410 36 21 the

1274 1431 49 21 first
1340 1433 94 22 election
1450 1435 23 20 in
1484 1442 45 18 any
1545 1435 109 26 Borough,
1671 1436 38 21 the
1726 1440 57 17 costs
1794 1437 25 20 of
1830 1437 29 21 all

1274 1461 149 23 prosecutions
1442 1461 33 21 for
1498 1461 95 21 offences
1613 1462 127 22 committed
1766 1470 23 14 or
1808 1471 50 19 sup-

1274 1485 68 26 posed
1353 1489 21 18 to
1384 1487 27 21 be
1423 1487 127 22 committed
1561 1488 73 21 within
1693 1496 62 14 same
1765 1489 56 22 shall
1831 1490 27 21 be

1275 1512 52 25 paid
1347 1516 38 18 out
1403 1513 26 21 of
1450 1514 36 22 the
1505 1515 104 26 Borough
1628 1515 70 27 Fund,
1724 1516 136 22 hereinafter

1274 1539 135 28 mentioned,
1420 1548 61 19 upon
1494 1548 27 14 an
1533 1542 63 20 order
1607 1542 24 22 of
1642 1543 74 26 Court,
1729 1543 97 22 directed
1836 1547 22 17 to

1274 1565 36 21 the
1320 1565 119 23 Treasurer
1445 1567 26 21 of
1477 1568 53 21 such
1538 1568 102 27 Boroiigh
1648 1576 3 14 :
1663 1569 105 26 provided
1777 1570 83 27 always

1274 1591 47 21 that
1332 1600 23 14 so
1366 1600 54 14 soon
1431 1600 24 14 as
1465 1601 45 20 any
1518 1595 103 26 Borough
1633 1595 55 21 shall
1698 1596 57 21 have
1766 1597 92 21 become

1274 1617 67 23 liable
1358 1623 22 17 to
1397 1620 55 21 such
1469 1625 111 22 payment,
1596 1621 29 22 all
1642 1623 98 21 rateable
1756 1628 103 22 property

1275 1645 75 21 within
1361 1646 36 21 the
1409 1654 60 14 same
1479 1647 56 22 shall
1547 1649 26 21 be
1583 1652 87 23 exempt
1681 1649 56 22 from
1745 1651 114 20 contribu-

1274 1671 46 22 tion
1330 1677 23 16 to
1364 1680 44 19 any
1418 1677 82 24 county
1510 1678 47 18 rate
1567 1675 34 21 for
1612 1675 36 22 the
1658 1675 117 28 defraying
1785 1678 24 19 of
1822 1677 37 21 the

1274 1697 43 23 like
1334 1703 56 18 costs
1400 1700 23 21 in
1439 1704 85 23 respect
1535 1701 25 21 of
1572 1701 93 23 offences
1680 1704 136 26 committed,
1835 1711 25 14 or

1274 1726 109 25 supposed
1393 1730 22 18 to
1425 1727 28 22 be
1463 1728 127 22 committed
1608 1729 88 27 beyond
1706 1729 36 22 the
1753 1730 67 21 limits
1836 1731 25 20 of

1274 1750 55 23 such
1344 1753 110 27 Borough.

1329 1793 40 15 VII.
1398 1795 105 14 BOROUGH
1514 1796 66 18 RATE,
1595 1797 74 19 TOLLS,
1681 1797 45 15 AND
1740 1798 63 14 DUES.

1264 1837 5 4 .
1301 1821 97 25 Borough
1408 1824 54 18 rate.
1463 1833 27 4 —
1491 1823 31 20 66.
1540 1822 42 22 For
1592 1823 37 21 the
1639 1830 93 21 purpose
1741 1824 25 21 of
1777 1824 83 27 raising

1276 1845 36 22 the
1324 1854 76 14 means
1411 1848 33 21 for
1457 1849 102 26 carrying
1568 1849 47 22 into
1628 1850 108 27 effect'all,
1749 1858 25 14 or
1783 1858 44 20 any
1838 1852 25 21 of

1274 1872 36 22 the
1321 1880 84 19 powers
1415 1874 83 27 hereby
1508 1875 66 26 given
1585 1880 23 17 to
1618 1877 37 21 the
1674 1877 92 22 Council
1777 1878 25 20 of
1813 1885 45 20 any

1275 1899 111 28 Borough,
1403 1901 45 22 and
1465 1902 33 21 for
1513 1902 37 22 the
1566 1907 104 22 payment
1680 1905 25 20 of
1716 1905 28 20 all
1762 1905 95 27 salaries,

1274 1927 44 21 and
1336 1927 37 21 the
1389 1928 116 27 defraying
1522 1929 26 21 of
1559 1929 28 22 all
1603 1937 107 19 expences
1726 1931 82 27 hereby
1824 1939 35 14 re-

1274 1953 76 27 quired
1361 1958 22 17 to
1390 1954 28 22 be
1429 1955 67 21 borne
1507 1956 29 26 by
1545 1963 43 20 any
1599 1957 110 27 Borough,
1718 1958 38 21 the
1766 1958 91 23 Council

1272 1979 56 21 ciill
1343 1980 56 20 have
1410 1989 72 17 j.ovTcr
1498 1990 24 13 so
1537 1983 60 20 often
1615 1992 22 12 as
1653 1984 56 21 shall
1719 1985 27 20 be
1764 1985 93 22 deemed

1274 2012 123 21 necessary,
1411 2011 21 17 to
1444 2007 63 22 make
1517 2009 44 21 and
1572 2009 48 26 levy
1630 2010 22 21 in
1668 2018 94 14 manner
1772 2011 87 22 herein-

1274 2032 55 21 after
1340 2033 112 27 provided,
1469 2042 27 14 an
1508 2036 108 26 equitable
1631 2040 46 18 rate
1689 2037 26 21 of
1726 2044 133 16 assessment

1272 2058 22 21 in
1312 2058 37 22 the
1362 2063 79 18 nature
1457 2062 24 20 of
1498 2069 12 13 a
1528 2063 102 26 Borough
1646 2068 47 17 rate
1706 2065 23 20 in
1745 2065 111 27 England,

1273 2092 59 20 upon
1349 2085 29 22 all
1394 2087 45 21 real
1449 2092 103 23 property
1569 2089 73 22 within
1654 2090 36 22 the
1706 2091 67 22 limits
1783 2092 26 21 of
1821 2093 36 21 the

1272 2112 112 27 Borough.

1297 2139 34 25 By
1341 2141 65 19 whom
1421 2143 20 17 to
1452 2142 23 20 be
1488 2143 86 25 paid.—
1575 2143 33 21 67.
1631 2143 46 22 The
1693 2148 47 17 rate
1759 2145 56 22 shall
1829 2146 28 21 be

1271 2166 51 26 paid
1329 2166 29 27 by
1368 2167 37 21 the
1413 2169 101 26 occupier
1522 2170 26 21 of
1559 2171 52 21 such
1619 2174 109 23 property,
1741 2178 25 14 or
1775 2172 22 21 in
1806 2179 50 15 case

1272 2192 61 22 there
1349 2193 55 23 shall
1422 2195 26 21 be
1458 2202 29 15 no
1502 2197 108 27 occupier,
1621 2197 52 21 then
1689 2198 30 27 by
1731 2198 36 21 the
1783 2205 74 16 owner

1272 2219 91 22 thereof.

1300 2246 147 22 Valuation.—
1448 2250 32 20 QB.
1496 2249 44 22 For
1549 2250 53 22 such
1610 2245 96 32 'purpose
1717 2251 37 22 the
1765 2252 92 23 Council

1272 2272 61 27 shall,
1354 2282 22 14 as
1394 2275 61 21 often
1472 2284 23 14 as
1510 2284 52 20 may
1579 2277 38 22 be,
1622 2277 92 22 deemed
1731 2286 124 20 necessary,

1272 2307 63 15 cause
1347 2308 13 14 a
1371 2302 111 22 valuation
1494 2308 21 16 to
1527 2304 27 21 be
1564 2305 63 20 made
1636 2305 24 20 of
1671 2305 28 21 all
1712 2305 36 22 the
1759 2307 97 21 rateable

1272 2332 102 22 property
1382 2329 76 21 within
1467 2331 36 21 the
1513 2330 109 27 Borough,
1632 2331 42 21 and
1682 2331 54 22 shall
1745 2340 65 14 cause
1819 2334 37 21 the

1270 2360 59 16 same
1342 2358 20 18 to
1373 2355 27 21 be
1411 2356 114 25 published
1536 2357 23 22 in
1573 2366 42 13 one
1625 2359 25 20 of
1662 2359 36 21 the
1716 2366 140 21 newspapers

1271 2382 21 19 ot
1306 2381 37 21 the
1359 2381 110 28 Borough.

1295 2409 163 21 Assessment.—
1459 2412 32 19 s3.
1506 2410 48 22 The
1570 2411 90 22 Council
1676 2411 63 27 shall,
1752 2420 23 14 as
1794 2413 61 22 often

1270 2441 22 14 as
1301 2436 56 20 need
1368 2443 51 20 may
1427 2437 35 26 be,
1471 2437 64 21 make
1543 2445 27 14 an
1581 2439 99 21 estimate
1687 2439 25 21 of
1719 2440 37 21 the
1763 2445 93 17 amount

1270 2461 25 20 of
1306 2469 80 20 money
1394 2464 108 27 required,
1514 2465 45 21 and
1567 2465 54 21 shall
1630 2473 68 14 assess
1707 2466 36 21 the
1752 2466 103 28 Borough

1270 2492 45 16 rate
1331 2489 148 28 accordingly,
1497 2492 45 20 and
1555 2491 56 22 shall
1626 2493 50 26 give
1692 2493 74 27 public
1782 2494 73 22 notice

1271 2514 89 22 thereof
1371 2516 22 21 in
1405 2517 44 21 like
1459 2525 100 15 manner.

1296 2543 87 24 Appeal.
1386 2555 27 4 —
1414 2545 33 21 70.
1471 2545 31 21 At
1517 2552 44 20 any
1581 2545 51 22 time
1648 2545 23 22 in
1691 2553 42 14 one
1750 2546 106 23 calendar

1270 2571 85 24 month,
1373 2570 58 22 from
1448 2572 44 21 and
1508 2573 112 20 exclusive
1636 2573 25 20 of
1672 2573 38 21 the
1726 2573 42 27 day
1780 2574 26 21 of
1818 2574 37 22 the

1270 2595 49 22 date
1338 2596 26 21 of
1375 2593 55 25 such
1444 2599 80 25 notice,
1542 2599 17 21 it
1569 2599 54 21 shall
1640 2599 25 21 be
1676 2599 74 22 lawful
1761 2600 34 21 for
1809 2608 46 20 any

1270 2629 78 19 person
1359 2623 47 21 who
1415 2624 57 22 shall
1479 2625 64 21 think
1550 2625 91 22 himself
1647 2627 117 26 aggrieved
1771 2627 30 27 by
1809 2635 46 20 any

1269 2649 53 21 such
1340 2655 54 21 rate,
1412 2654 22 18 to
1451 2652 77 26 appeal
1543 2653 85 26 against
1643 2653 36 22 the
1695 2660 60 15 same
1771 2658 21 17 to
1809 2662 46 20 any

1269 2675 85 23 Justice
1364 2678 32 20 of,
1402 2677 37 22 the
1451 2679 75 26 Peace,
1539 2679 81 26 having
1626 2679 140 27 jurisdiction
1778 2681 75 22 within

1268 2701 37 22 the
1316 2703 111 28 Borough,
1440 2705 48 21 who
1499 2706 17 20 is
1532 2705 82 28 hereby
1625 2707 126 21 authorised
1768 2711 21 17 to
1801 2709 52 21 hear

1268 2729 43 21 and
1323 2729 121 23 determine
1455 2732 54 21 such
1519 2733 83 26 appeal.
1632 2733 108 22 Provided
1752 2734 47 21 that
1809 2738 44 19 two

1268 2756 58 21 clear
1345 2757 67 26 day's'
1425 2759 72 21 notice
1515 2759 24 21 in
1557 2759 92 27 writing,
1668 2760 26 21 of
1713 2768 66 19 every
1799 2762 54 21 such

1267 2783 85 26 appeal,
1363 2784 55 22 shall
1430 2785 27 21 be
1465 2786 65 25 given
1542 2788 22 18 to
1575 2786 36 21 the
1620 2787 68 21 Town
1704 2788 64 21 Clerk
1780 2788 25 21 of
1813 2788 39 23 the

1268 2809 110 27 Borough,
1388 2812 123 27 specifying
1521 2812 36 22 the
1568 2813 52 21 time
1636 2814 45 21 and
1691 2814 62 27 place
1769 2814 35 22 for
1815 2816 36 22 the

1267 2835 94 28 hearing
1371 2837 92 23 thereof.

1295 2863 111 22 Collection
1416 2866 26 24 of
1452 2868 91 19 rates.—
1544 2865 33 23 7l.
1592 2867 31 21 At
1634 2867 36 22 the
1688 2868 123 26 expiration
1818 2887 3 4 ,
1830 2870 26 21 of

1267 2889 36 21 the
1313 2891 77 26 period
1401 2892 92 22 allowed
1502 2893 35 22 for
1546 2894 83 27 appeal,
1642 2894 35 21 the
1689 2895 93 21 Council
1796 2896 56 21 shall

1267 2917 92 26 appoint
1365 2918 25 21 fit
1399 2926 92 19 persons
1498 2924 22 17 to
1531 2921 78 20 collect
1616 2922 36 20 the
1662 2925 47 18 rate
1717 2922 51 26 due,
1781 2922 70 22 which

1266 2943 62 25 shall,
1345 2952 27 14 on
1387 2951 163 22 non-payment
1565 2947 90 27 thereof,
1671 2949 27 21 be
1709 2950 142 21 recoverable

1265 2973 23 17 at
1303 2971 39 21 the
1358 2972 80 24 suit/of
1450 2981 43 19 any
1504 2974 220 28 such'colleet6r*'by
1738 2983 113 20 summary

1265 2997 139 28 proceeding,
1422 3000 74 22 before
1505 3008 52 19 .any
1573 3001 83 22 Justice
1673 3002 26 21 of
1716 3001 37 22 the
1771 3002 78 26 Peace,

1265 3023 226 28 havingjurisdiction
1498 3027 76 22 within
1581 3027 36 22 the
1625 3028 102 28 Borough
1733 3036 6 20 ;
1756 3028 94 23 leviable

1265 3050 28 26 by
1303 3050 90 23 distress
1403 3053 46 21 and
1462 3054 50 21 sale.
1611 3063 16 18 ;„

1289 3077 98 23 Arrears.
1389 3090 29 4 —
1418 3081 33 20 72.
1465 3081 24 20 In
1501 3088 49 14 case
1561 3081 17 20 it
1586 3081 56 22 shall
1651 3082 27 20 be
1687 3081 127 27 impossible
1826 3086 22 17 to

1263 3103 50 27 levy
1331 3105 37 21 the
1384 3110 46 18 rate
1448 3106 42 22 due
1507 3107 29 26 by
1543 3129 2 7 ;
1552 3114 77 15 reason
1691 3108 36 21 the
1744 3112 106 24 property

1262 3131 99 22 rateable
1378 3132 67 27 being
1460 3131 151 31 unoccupiecT;
1667 3134 130 27 otherwise,,
1809 3135 39 21 the

1263 3164 85 14 arrears
1358 3157 63 28 shall,
1432 3162 23 18 at
1465 3167 44 20 any
1519 3161 134 26 subsequent
1667 3161 59 26 time,
1738 3161 28 21 be
1780 3161 69 22 levia-

1263 3183 35 21 ble
1308 3191 60 20 upon
1380 3185 36 21 the
1427 3186 68 26 goods
1511 3187 72 22 which
1600 3187 87 26 maybe
1703 3188 72 21 found
1787 3195 61 20 upon

1263 3209 56 22 such
1330 3215 111 23 property.
1584 3230 13 9 V/
1628 3225 13 12 «.
1655 3234 3 3 .

1292 3238 27 19 To
1330 3239 24 19 be
1359 3240 146 24 published.—
1506 3239 33 23 73.
1554 3239 52 23 The'
1611 3240 99 27 Council,
1721 3241 56 21 shall
1792 3248 55 15 once

1261 3263 22 21 in
1296 3271 66 20 every
1372 3273 60 19 year,
1444 3267 87 26 publish
1542 3267 22 21 in
1576 3274 40 14 one
1625 3267 24 21 of
1660 3267 37 21 the
1708 3275 139 20 newspapers

1262 3290 26 21 of
1295 3290 36 22 the
1341 3291 112 28 Borough,
1465 3301 12 13 a
1487 3296 119 19 statement
1616 3294 25 21 of
1652 3302 65 19 every
1728 3302 49 13 sum
1787 3302 28 19 so,
1822 3295 24 21 in

1261 3324 81 20 arrear,
1354 3319 43 21 and
1409 3320 25 20 of
1446 3320 36 21 the
1493 3324 102 23 property
1605 3320 24 22 in
1641 3324 87 24 respect
1737 3322 26 20 of
1776 3322 70 21 wiiich

1261 3343 38 22 the
1310 3351 60 15 same
1380 3346 19 21 is
1407 3346 50 22 due.
1585 3366 4 3 .

1287 3371 167 27 Boroughfund.
1457 3384 26 4 —
1484 3373 34 21 74.
1536 3373 36 21 All
1587 3373 84 22 monies
1682 3373 71 22 raised
1763 3375 29 27 by
1803 3382 43 20 any

1260 3397 104 28 Borough
1375 3404 54 23 rate,
1441 3400 29 21 all
1480 3400 56 21 fines
1550 3400 44 21 and
1610 3401 45 21 fees
1671 3401 93 26 payable
1776 3402 70 21 under

1260 3423 37 22 the
1305 3425 117 28 authority,
1427 3427 27 29 pf
1465 3426 42 22 this
1518 3426 49 26 Act,
1686 3427 50 21 with
1747 3428 29 21 all
1785 3435 61 14 sums

1261 3451 70 21 which
1351 3453 95 31 maw^be
1463 3453 51 27 paid
1532 3457 22 17 to
1575 3453 37 21 the
1627 3453 119 22 Treasurer
1764 3455 25 20 of
1808 3455 37 22 the

1260 3475 110 29 Borough,
1386 3476 141 27 o^ac4otfnt
1545 3479 26 21 of
1587 3480 36 21 the
1647 3480 118 27 Corporate
1781 3481 64 28 Body

1259 3504 93 26 thereof,
1365 3505 81 26 (otmjr-,
1449 3505 56 26 than,
1512 3505 40 23 the
1568 3506 49 22 tolls
1633 3507 55 24 and.,
1693 3507 54 22 dues
1757 3507 89 22 herein-

1258 3530 56 22 after
1325 3527 212 32 raenti^iwdO^hall
1548 3532 56 22 form
1612 3540 13 14 a
1633 3532 62 27 fund,'
1703 3536 21 19 to
1736 3534 32 29 be,
1774 3535 71 21 called

1259 3557 36 21 the
1552 3562 37 18 out
1602 3559 36 23 ,of
1655 3559 71 22 which
1743 3560 66 22 shall'
1818 3562 27 21 be

1257 3583 52 27 paid
1319 3584 30 21 all
1364 3582 120 27 costtfzjand
1500 3592 115 21 expences,
1627 3586 33 21 for
1674 3586 36 22 the
1728 3586 118 29 defraying

1258 3609 103 28 whereof,
1373 3619 12 13 a
1403 3611 106 29 Borough
1521 3616 50 18 -rate
1585 3613 19 21 is
1620 3612 82 29 hereby
1716 3614 129 23 authorized

1257 3639 25 19 to
1295 3637 25 20 be
1333 3637 80 23 levied.
1423 3651 5 5 -
1439 3639 31 22 '?,-
1481 3642 7 4 '

1286 3665 28 18 To
1325 3665 51 25 levy-
1385 3658 169 40 tolls',^s^—7s.
1570 3665 22 21 It
1606 3665 59 21 shall'
1676 3666 28 22 be
1719 3666 76 23 lawful
1810 3667 35 23 for

1257 3690 37 22 the
1305 3691 93 22 Codticil
1409 3695 21 17 to
1441 3691 84 28 mirage
1536 3692 53 21 such
1601 3692 48 22 tolls
1660 3700 23 13 or
1694 3693 53 21 dues
1757 3701 24 14 as
1792 3702 52 20 may

1258 3717 25 21 be
1294 3719 137 26 reasonable,
1443 3716 104 29 upomffill
1558 3724 89 20 persons
1663 3719 93 28 making
1764 3728 40 14 use
1822 3723 25 20 of

1256 3750 44 20 any
1318 3744 60 26 road,
1399 3745 83 26 bridge,
1502 3745 165 27 market-place,
1688 3746 64 27 dock,
1771 3748 70 27 basin,

1256 3770 75 26 wharf,
1345 3770 56 27 lock,
1413 3778 64 20 quay,
1489 3771 53 27 pier,
1555 3778 24 14 or
1585 3771 174 29 landing-place,
1770 3775 72 21 which

1256 3796 37 21 the
1307 3796 89 22 Council
1406 3797 18 21 is
1435 3797 82 28 hereby
1535 3797 140 28 empowered
1683 3804 22 18 to
1722 3800 65 22 make
1799 3802 42 20 and

1255 3823 107 21 maintain
1370 3831 6 19 ;
1384 3824 53 24 .and
1451 3824 84 22 incase
1551 3826 25 20 of
1587 3825 36 21 the
1641 3830 163 23 non-payment
1820 3830 23 18 of

1255 3850 54 20 such
1321 3850 48 21 tolls
1380 3850 44 22 and
1435 3851 60 26 dues,
1509 3855 22 17 to
1541 3851 50 27 levy
1600 3852 144 27 thesameby
1754 3853 88 23 distress

1255 3876 46 21 and
1318 3876 52 22 sale.

1281 3904 52 25 May
1341 3905 78 19 borrow
1432 3911 70 20 money
1510 3917 29 4 —
1540 3905 33 23 76.
1594 3905 43 22 For
1653 3905 37 22 the
1708 3913 95 21 purpose
1820 3908 26 21 of

1255 3931 120 27 executing
1389 3939 46 20 any
1445 3933 26 21 of
1482 3933 37 21 the
1534 3932 70 23 works
1620 3932 42 22 last
1677 3934 136 27 mentioned,
1825 3935 27 21 it'

1255 3957 55 23 shall
1321 3958 28 23 be
1358 3959 76 24 lawful
1452 3959 33 23 for
1495 3960 37 22 the
1550 3959 91 23 Council
1654 3963 24 19 to
1692 3961 86 22 borrow
1787 3961 54 22 such

505 60 20 35 ;
545 57 98 33 THE
660 45 358 52 tfEWZEALX^

1884 151 98 21 sums-of
1994 159 80 20 money
2088 159 23 15 as
2126 160 52 20 may
2187 154 28 21 be
2231 155 111 27 requisite,
2353 163 60 20 upon
2430 158 37 21 the

1884 178 96 26 security
1997 178 26 20 of
2039 177 38 23 the
2091 179 51 21 tolls
2158 186 24 15 or
2197 180 53 22 dues
2269 186 23 17 to
2312 182 27 22 be
2357 182 66 26 taken
2423 188 3 5 1
2443 185 24 22 in

1884 207 86 21 respect
1980 204 26 20 of
2016 204 54 22 such
2081 205 66 22 work.

1910 237 131 25 Application
2052 237 29 26 of
2090 239 54 23 tolls,
2153 238 102 28 $0.-77,.
2265 240 47 22 The
2321 241 50 21 tolls
2380 249 24 14 or
2411 242 57 23 dues

1886 264 21 19 to
1917 263 27 20 be
1956 264 64 20 taken
2031 264 22 20 in
2069 269 85 23 respect
2164 266 24 20 of
2199 273 43 19 any
2252 273 42 15 one
2309 268 24 20 of
2344 267 37 23 the
2398 269 70 21 works

1885 288 57 21 shall
1959 289 25 21 be
2001 290 87 26 applied
2104 291 134 28 exclusively
2255 292 21 21 in
2300 293 114 28 defraying
2431 295 37 21 the

1886 322 107 19 expenses
2011 316 91 26 thereof,
2122 317 45 22 and
2191 318 23 21 in
2234 324 130 22 repayment
2383 322 25 20 of
2431 321 37 22 the

1885 342 85 21 monies
1981 342 112 22 borrowed
2102 343 33 22 for
2145 344 37 21 the
2192 345 117 21 execution
2320 346 25 21 of
2351 346 37 22 the
2399 354 69 16 same.
