2499 4020
1873 3870 75 18 Printed
1960 3870 36 17 and
2010 3870 98 21 published
2124 3876 54 17 every
2194 3872 113 21 Wednesday
2322 3873 37 16 and
2369 3873 89 22 Saturday

1894 3891 89 21 morning,
1997 3891 24 21 by
2039 3892 85 17 Samuel
2137 3893 88 19 Revaks,
2242 3895 19 15 at
2276 3893 31 17 the
2322 3893 64 17 Office'
2394 3895 18 16 ot
2425 3897 31 15 tne

1894 3913 49 16 New
1956 3912 99 17 Zealand
2065 3913 92 17 Gazette
2167 3918 42 13 and
2222 3914 136 17 Wellington
2374 3915 84 18 Spxcta-

1893 3938 43 14 tor,
1948 3933 158 21 Manners-itreet,
2115 3934 113 22 Wellington,
2240 3935 43 17 Pert
2295 3935 107 22 Nichobjon,
2414 3936 44 18 N«w

1895 3954 86 17 Zealand.

508 44 100 33 THE
624 46 112 31 NEW
751 46 227 32 ZEALAND
995 45 223 49 GAZETTE
1234 44 101 44 AISTp
1694 43 292 47 JSP^CjrATOJt.

656 128 78 22 PORT
754 128 180 22 NICHOLSON
964 128 66 22 AND
1052 128 188 29 WANGANUI.;

765 161 91 21 Lands
865 163 29 19 to
903 162 34 20 be
948 162 50 21 Let
1007 168 30 15 or
1047 162 72 21 Sold.

656 194 166 49 SEVERAL'
837 194 68 23 Town
924 195 45 22 and
983 195 98 27 Country
1099 194 95 23 sections
1211 196 29 25 in,

718 220 37 22 the
769 221 53 21 Port
831 220 123 23 Nicholson
970 221 89 27 district,
1064 221 60 22 'and'
1138 222 103 28 Country,

655 246 93 23 sections
755 247 23 22 in
788 246 37 22 the
835 246 127 28 Wanganui
970 248 96 22 district.,
1070 247 54 22 with
1132 248 109 26 theright.

656 273 26 21 of
699 273 61 27 early
778 273 86 22 choices
884 274 81 26 (under
980 274 34 26 14)
1032 274 27 22 of
1077 273 38 23 the
1125 272 110 25 'intended
1238 272 3 14 1

656 298 106 28 township
769 299 69 27 there,
845 302 23 19 to
873 300 28 21 be
906 300 50 22 sold
963 308 25 15 or
993 300 37 22 let.
1040 307 4 4 •
1059 300 44 22 For
1108 300 133 31 particular^

656 326 44 21 and
708 328 74 25 terms,
793 326 66 27 apply
868 329 23 18 to
914 326 3 13 '
969 335 3 3 ■
1089 326 3 3 '
1102 325 10 12 ''
1132 326 3 10 '
1140 325 4 5 '
1171 326 33 9 ''*'
1221 324 20 20 'J

821 356 3 11 '
837 359 93 23 Robert
944 359 28 23 R.
988 360 97 28 Strand,
1101 359 109 24 Solicitor.
1239 363 3 15 ;

682 392 142 28 Wellington,
835 393 58 22 Nov.
902 394 35 26 25,
944 395 12 23 ,1
961 395 38 20 841
1240 389 2 10 '

730 437 131 27 Building
874 437 172 22 Allotments
1059 439 29 20 to
1103 438 58 22 Let.
1240 434 3 31 |

657 469 89 48 THE
764 469 200 23 ADVERTISER
977 470 65 22 offers
1056 477 61 20 upon
1132 470 105 28 Building
1240 460 2 14 1

729 495 89 28 Leases,
829 504 14 14 a
851 497 96 21 number
957 497 26 22 of
992 497 69 22 Town
1213 498 23 21 in

657 522 36 22 the
701 526 64 18 most-
769 523 107 22 desirable
885 526 62 24 parts
957 524 26 21 of
992 523 43 22 this
1045 523 139 22 Settlement.

682 556 47 22 The
746 556 110 22 attention
873 556 26 22 of
916 556 39 22 the
970 556 75 29 public
1061 557 18 21 is
1094 552 143 37 particularly

656 582 71 23 called
744 585 23 19 to
786 582 38 23 the
842 582 125 28 advantage
985 584 26 22 of
1026 584 107 27 Building
1148 584 87 27 Leases,

656 609 71 22 which
737 609 37 22 the
783 610 151 26 undersigned
941 610 21 21 is
971 610 95 22 enabled
1073 613 24 19 to
1106 613 73 24 grant,
1186 611 49 27 viz.,
1242 616 2 6 '

656 636 55 21 from
721 643 69 14 seven
800 639 23 18 to
839 639 138 24 twenty-one
993 643 71 21 years,
1080 636 121 28 according
1214 641 23 18 to
1242 643 2 6 '

656 662 37 22 the
710 662 65 23 value
794 663 27 21 of
840 662 37 22 the
899 662 114 28 buildings
1033 663 110 28 proposed
1165 667 23 18 to
1210 664 27 22 be

656 689 94 22 erected.
779 689 76 28 Apply
864 692 23 19 to
1242 687 2 29 [

817 723 23 21 J.
853 723 26 21 T.
895 723 145 26 Wicksteed,
1052 730 25 14 or
1242 725 3 23 |

816 749 36 23 W.
866 749 30 22 V.
910 750 106 26 Brewer,
1031 750 192 22 Manners-street.

802 794 40 21 To
856 794 34 21 be
904 794 67 21 Sold
990 800 29 15 or
1033 795 57 20 Let.

655 824 93 47 TWO
761 825 100 22 Wooden
871 825 96 27 Houses,
977 825 259 30 ontheTinakore-road,

732 851 37 22 the
788 852 82 22 second
888 859 51 15 acre
957 853 56 22 from
1026 853 99 27 .Captain
1142 853 94 28 Smith's,

699 879 129 26 containing
842 878 48 22 four
899 886 75 14 rooms
983 879 44 22 and
1042 886 14 14 a
1068 886 99 21 passage,
1184 881 53 21 each

656 904 51 22 with
725 905 51 21 zinc
795 905 65 25 roofs,
886 905 45 22 and
955 905 22 22 in
1002 912 67 21 every
1085 910 88 23 respect
1190 907 48 23 well

654 930 100 23 finished.
783 932 77 21 Terms
861 942 28 5 —
889 932 24 21 If
920 932 55 27 sold,
986 932 60 22 £150
1057 932 34 22 for
1097 933 54 22 each
1157 933 68 23 house
1230 942 7 19 ;

654 956 21 23 if
685 958 36 26 let,
733 958 31 22 £l
775 965 41 21 per
824 958 63 22 week
896 958 34 22 for
940 959 55 22 each
1003 958 77 23 house.
1109 959 76 28 Apply
1194 963 23 19 to

1042 992 75 23 James
1132 993 79 23 Watt.

680 1017 143 28 Wellington,
831 1018 59 22 Nov.
900 1018 34 27 27,
944 1020 60 20 1841.

747 1062 93 21 Union
854 1063 80 21 Bank
949 1064 30 21 of
997 1064 147 21 Australia.

656 1095 92 22 London
767 1096 92 27 Office,
875 1096 45 22 No.
934 1098 37 25 33,
990 1097 49 21 Old
1055 1097 181 24 Broad-street,
1243 1110 2 10 i

708 1128 92 28 Capital,
811 1129 123 28 £800,000;
955 1130 50 27 paid
1014 1137 38 21 up,
1067 1126 124 32 £500,000.'
1243 1137 2 16 I

889 1166 119 14 DIRECTORS'
1134 1160 3 5 '
1242 1161 3 25 j

758 1182 68 21 George
833 1182 38 17 Fife
878 1182 68 21 Angas,
955 1184 48 20 Esq.,

758 1203 67 16 Robert
833 1203 73 20 Brooks,
917 1205 49 19 Esq.,
1243 1203 2 6 '

757 1224 62 16 James
826 1224 47 16 John
882 1224 99 20 Cummins,
990 1225 48 20 Esq.,
1243 1229 2 10 i

758 1244 68 16 Robert
833 1245 96 20 Gardener,
941 1246 49 20 Esq.,
1001 1246 121 20 Manchester,
1243 1252 2 12 i

757 1265 48 16 John
815 1265 44 16 Gore
876 1266 49 19 Esq.,
998 1276 4 4 ■
1057 1271 4 3 •
1085 1276 4 3 -
1115 1277 2 3 .
1244 1270 1 10 i

757 1286 49 16 John
814 1285 78 17 William
899 1286 75 20 Buckle,
981 1286 47 21 Esq.,
1244 1286 1 17 i

757 1306 95 20 Benjamin
861 1307 21 16 E.
889 1307 63 19 Lindo,
961 1307 46 20 Esq.,

758 1326 72 17 Charles
840 1327 74 17 Edwafd
922 1328 86 20 Mangles,
1016 1328 50 20 Esq.,

757 1348 115 20 Christopher
879 1348 84 19 Rawson,
971 1349 49 19 Esq.,
1026 1349 85 20 -Halifax,
1244 1358 1 12 ,

757 1368 79 16 Thomas
843 1368 62 20 Sands,
915 1369 48 20 Esq.,
971 1369 99 21 Liverpool,
1244 1380 1 3 ■

757 1389 62 16 James
826 1389 55 20 Bogle
887 1389 66 19 Smith,
960 1390 47 20 Esq.,
1045 1396 4 3 -
1244 1393 1 12 t

757 1410 62 16 James
825 1410 79 16 Ruddell
911 1410 57 19 Todd,
976 1411 41 20 Esq.

654 1436 85 18 Trustees
744 1442 4 11 :
765 1437 80 16 George
856 1438 57 15 Carr
924 1438 60 19 Glyn,
997 1438 47 21 Esq.,
1054 1439 54 16 John
1118 1439 62 20 Gore,
1188 1440 47 21 Esq.,
1244 1431 1 28 !

800 1459 36 15 and
842 1458 66 16 James
915 1459 18 16 J.
940 1459 99 19 Cummins,
1049 1460 43 20 Esq.
1161 1461 4 6 '

682 1479 79 16 Bankers
767 1483 4 11 :
784 1478 74 17 Messrs.
865 1480 61 19 Glyn,
937 1480 114 19 Halhfax,
1059 1481 71 19 Mills,
1137 1481 36 16 and
1181 1481 29 18 Co.
1244 1490 1 9 i

772 1506 101 21 Secretary:
885 1507 84 16 Samuel
974 1507 94 20 Jackson,
1075 1508 43 20 Esq.

743 1533 80 17 Colonial
830 1534 102 20 Inspector:
944 1534 18 17 J.
970 1535 19 16 C.
995 1535 102 20 M'Laren,
1104 1535 44 21 Esq.
1244 1534 1 13 ;

774 1581 69 21 New
860 1581 123 22 Zealand
1000 1582 115 22 Branch.

654 1614 51 17 Local
713 1614 90 17 Directors
810 1619 5 12 :
830 1614 46 17 Geo.
887 1615 18 16 S.
917 1615 73 18 Evans,
1002 1616 48 21 Esq.,
1061 1617 70 19 S.C.L.,
1143 1618 36 16 and
1190 1619 45 17 Geo.

872 1636 92 19 Hunter,
976 1637 42 20 Esq.

654 1662 94 21 Manager:
760 1662 48 16 John
816 1662 71 20 Smith,
896 1663 48 20 Esq.,
952 1663 37 17 late
995 1664 20 16 of
1023 1664 31 16 the
1061 1664 118 18 Commercial
1184 1666 51 17 Bank

820 1683 21 16 of
848 1683 90 21 England,
950 1684 120 18 Manchester.

761 1711 114 22 Branches
885 1715 24 19 at
924 1713 96 28 Sydney,

923 1739 172 29 HobartTown,

924 1766 10 22 1
941 1770 130 24 <aunceston,
1083 1767 47 23 and

924 1793 11 21 I
944 1796 34 19 ort
988 1793 79 29 Philip.

654 1818 53 22 Port
716 1817 129 29 Nicholson,
857 1819 79 22 March
946 1821 34 26 24,
992 1822 60 21 1840.

654 1871 89 49 THE
760 1871 113 23 Directors
889 1872 28 22 of
930 1873 40 22 the
986 1873 56 22 New
1057 1875 100 22 Zealand
1171 1875 64 23 Land

726 1899 116 27 Company
855 1899 83 28 hereby
956 1900 49 27 give
1021 1902 82 26 notice,
1120 1902 49 22 that
1183 1902 51 29 they

652 1924 56 22 have
715 1933 113 15 effected
838 1933 29 14 an
877 1934 171 15 arrangement
1055 1928 98 23 withthe
1160 1929 73 23 Union

652 1951 64 22 Bank
730 1952 26 22 of
770 1953 120 27 Australia,
907 1953 44 22 No.
968 1955 33 26 38,
1016 1955 45 22 Old
1075 1955 157 28 Broad-street,

652 1978 101 28 London,
763 1979 35 21 for
807 1979 37 22 the
857 1980 167 22 establishment
1037 1982 27 21 of
1075 1989 14 15 a
1105 1982 128 25 BRANCH

652 2005 88 21 BANK
753 2005 35 21 IN
803 2005 71 22 NEW
887 2007 158 28 ZEALAND,
1057 2007 96 28 through
1163 1998 71 33 vrA

651 2031 38 21 the
697 2031 101 22 business
811 2032 27 22 of
849 2032 38 22 the
903 2033 59 21 New
977 2033 98 22 Zealand
1089 2034 65 23 Land
1170 2035 64 22 Com-

651 2065 59 20 pany
718 2058 45 22 will
772 2059 28 21 be
810 2060 133 21 transacted.
971 2060 47 22 The
1033 2061 114 22 Directors
1162 2061 72 23 there-

650 2084 47 22 fore
706 2085 144 22 recommend
859 2089 22 19 to
899 2086 108 22 Colonists
1023 2087 39 22 the
1077 2087 77 23 Union
1170 2088 64 23 Bank

652 2112 26 20 of
694 2111 114 22 Australia
824 2120 25 14 as
866 2120 30 14 an
921 2113 168 23 establishment
1110 2116 125 27 possessing

651 2137 57 23 their
723 2139 70 21 entire
816 2139 136 28 confidence,
972 2141 44 22 and
1035 2141 49 22 able
1103 2144 23 19 to
1143 2142 91 27 provide

651 2165 124 28 effectually
790 2165 35 22 for
840 2166 37 22 the
891 2167 106 22 financial
1010 2171 70 18 wants
1097 2169 27 21 of
1134 2170 38 21 the
1188 2169 45 22 first

650 2191 133 23 settlement.

816 2219 34 28 By
861 2219 65 23 order
935 2221 28 21 of
972 2220 37 22 the
1017 2221 81 27 Board,

892 2246 85 22 JOHN
992 2247 102 28 WARD,
1110 2249 123 29 Secretary.

651 2272 55 22 New
715 2272 100 22 Zealand
824 2273 65 21 Land
898 2273 135 28 Company's
1042 2275 78 27 Office,

678 2301 18 22 1,
707 2299 158 28 Adam-street,
876 2300 106 28 Adelphi,
992 2301 53 22 2?th
1053 2302 60 26 Aug.
1132 2302 61 23 1839.

717 2345 41 20 On
772 2345 68 27 Sale,
856 2351 35 14 ex
905 2346 46 20 the

650 2377 72 48 AN
734 2377 113 23 extensive
857 2382 134 18 assortment
1000 2379 26 22 of
1031 2379 54 23 mud
1093 2380 72 29 boots,
1204 2381 17 14 *

728 2404 60 22 Stuff
794 2404 96 23 channel
899 2405 99 28 slippers,

678 2430 44 22 Kid
732 2431 99 28 slippers,

678 2457 70 28 Pump
755 2458 71 27 boots,

677 2484 99 22 Channel
787 2485 70 28 boots,

676 2511 104 27 Dancing
788 2519 87 21 pumps,

676 2539 11 20 1
699 2545 48 15 case
755 2539 84 27 gloves,

676 2565 25 21 15
711 2565 69 22 boxes
790 2565 80 23 starch.

779 2591 122 29 Wallace,
917 2593 90 28 White,
1023 2593 46 23 and
1081 2594 124 24 Wallacb.

676 2618 131 27 December,
819 2620 59 22 1841.
1158 2626 3 4 •
1189 2620 4 5 '

887 2671 106 26 Bricks,

650 2704 87 48 FOR
753 2704 84 28 SALE,
849 2708 23 19 at
887 2706 45 21 60s.
950 2713 41 20 per
1006 2706 119 23 thousand.
1158 2708 77 30 Apply

707 2734 23 18 to
746 2731 22 22 J.
787 2731 93 28 Pimble,
892 2736 23 18 at
928 2732 39 23 the
984 2733 169 28 Sydney-street
1168 2735 67 22 Brick

649 2757 45 22 and
702 2757 48 22 Tile
766 2758 88 27 Works,
865 2762 24 19 at
897 2759 39 22 the
951 2767 51 15 rear
1011 2760 26 22 of
1048 2760 93 23 Colonel
1154 2761 79 23 Wake-

838 2785 70 23 field's
922 2786 122 24 residence.

715 2818 107 22 Terms—
823 2819 52 22 cash
885 2827 29 14 on
926 2820 99 27 delivery
1035 2823 23 19 at
1068 2820 36 23 the
1113 2821 56 23 kiln.

885 2864 105 22 Bricks.

649 2897 139 49 BRICKS
798 2904 30 15 on
841 2897 50 22 Sale
899 2897 32 28 by
940 2897 38 23 the
989 2898 150 28 undersigned
1152 2903 24 19 at
1189 2901 44 22 60s.

710 2931 40 20 per
760 2926 61 20 1000.
850 2924 23 22 If
879 2924 69 22 taken
957 2925 23 21 in
991 2926 119 27 quantities
1117 2926 27 22 of
1151 2929 82 26 15,000,

649 2958 14 15 a
671 2951 115 22 reduction
795 2951 26 21 of
827 2953 43 20 10s.
880 2958 40 20 per
930 2953 55 20 1000
995 2952 43 22 will
1047 2952 28 22 be
1082 2953 75 23 made.

675 2978 77 22 Terms
753 2989 27 4 —
781 2978 53 22 cash
843 2985 29 15 on
882 2978 100 28 delivery
990 2981 22 19 at
1021 2978 39 22 the
1070 2979 55 23 kiln.

1054 3005 30 24 A.
1099 3006 108 24 Ludlam.

676 3031 157 27 Willis-street,
843 3031 53 22 Jan.
906 3032 34 26 12,
951 3033 61 21 1842.
1200 3038 4 4 ■

877 3077 41 19 On
934 3077 71 24 Sale,

665 3110 18 22 A
717 3110 88 22 WELL
824 3110 99 22 assorted
941 3110 62 22 stock
1021 3110 28 22 of
1063 3118 55 21 very
1136 3112 99 29 superior

648 3136 51 22 XjL
725 3144 64 20 rope,-
797 3136 70 22 whale
875 3136 54 27 line,
939 3136 47 22 and
995 3144 56 20 spun
1060 3145 64 20 yarn,

676 3164 103 27 Superior
788 3163 82 22 British
880 3163 70 28 pitch,

676 3190 127 22 Stockholm
814 3193 40 24 tar,
991 3198 3 7 '
1211 3191 2 7 '

675 3216 74 23 White
758 3217 59 27 lead,
1209 3233 4 10 „

677 3244 175 22 Anti-corrosive
862 3243 79 29 paint,.
950 3258 3 3 •

675 3271 93 21 Cabinet
777 3270 117 27 furniture,

674 3297 60 22 Well
743 3297 106 22 seasoned
857 3296 106 28 feathers,

675 3324 168 28 Ironmongery,
854 3331 61 19 saws,
926 3324 57 28 files,
994 3324 39 22 &c.

674 3351 43 21 Tin
725 3359 59 14 ware
793 3351 45 21 and
847 3350 101 28 brushes,
1030 3349 2 10 '

675 3378 58 22 Hats
742 3378 45 22 and
795 3377 112 22 thrashers
917 3377 73 22 suited
998 3379 23 21 to
1031 3377 38 22 the
1077 3385 88 22 season,

675 3404 87 22 Pickles
770 3405 25 21 in
804 3404 60 28 pints
873 3404 45 22 and
929 3407 82 25 quarts,
1033 3402 6 4 *
1111 3404 4 8 v

675 3432 100 27 Herring
784 3431 46 22 and
839 3431 102 28 anchovy
950 3434 69 25 paste,

675 3459 82 21 Sauces
765 3458 106 27 assorted,

675 3485 76 22 Salted
760 3485 85 22 salmon
856 3484 45 22 and
910 3484 108 28 herrings,

675 3512 144 27 Gunpowder
827 3512 44 22 and
882 3511 57 27 shot,

675 3540 38 21 An
723 3538 112 22 excellent
844 3541 133 19 assortment
986 3538 26 22 of
1021 3538 159 29 earthenware,
1206 3556 4 4 .

676 3566 80 22 Prime'
760 3564 69 24 cured
837 3565 70 28 pork.'

877 3599 36 21 W.
928 3599 170 27 Fitzherbert,
1109 3599 33 22 Te
1151 3600 56 22 Aro.

809 3644 86 21 Boots
908 3644 57 21 and
979 3644 92 21 Shoes.

649 3676 93 48 JUST
755 3676 165 27 REGEIVED,
936 3684 30 15 ex
978 3677 122 28 Mandarin,
1116 3677 46 22 and
1171 3678 62 23 other

711 3703 44 21 late
764 3703 93 23 arrivals
863 3711 6 14 :
872 3714 27 5 —

678 3729 152 23 Gentlemen's
860 3729 145 28 Wellington,
1038 3730 115 28 Clarence,
1190 3731 44 22 and

649 3755 96 23 Blucher
753 3756 71 26 boots,

677 3783 74 21 Men's
765 3785 77 25 strong
854 3783 66 23 boots
936 3783 45 23 and
991 3783 71 28 shoes,

677 3809 86 22 Ladies'
778 3809 62 22 dress
855 3810 56 22 ditto
927 3810 64 27 ditto,

676 3835 123 23 Childrens'
813 3835 57 28 light
884 3837 46 22 and
943 3840 76 24 strong
1033 3837 72 23 shoes.

677 3862 61 28 Also,
755 3870 15 14 a
783 3863 104 28 quantity
904 3863 28 23 of
951 3863 52 28 sole,
1020 3863 45 29 kip,
1080 3864 47 23 and
1141 3864 92 24 harnesi

649 3889 91 27 leather,

676 3916 121 27 Kangaroo
810 3915 68 28 skins,
890 3916 41 22 &c:
942 3917 41 21 &c.
993 3917 40 21 &c.

932 3943 32 21 D.
978 3943 22 22 S.
1014 3943 78 23 Durih
1107 3943 46 23 and
1166 3945 40 21 Co.

2050 125 79 22 Boole
2138 125 130 29 Binding.

1870 152 113 37 jYOOK
2011 157 135 25 BINDING
2167 159 60 24 done
2239 157 34 26 Tat
2287 179 6 10 t
2293 159 40 24 the
2355 159 94 24 Gazette

1945 183 82 23 Office:
2033 189 4 5 '
2048 182 2 8 '
2061 184 16 12 ••
2084 183 4 4 '
2159 185 23 12 >n
2190 183 19 8 '-
2221 187 25 9 •'
2258 190 3 5 •
2287 179 18 15 *-
2312 191 3 3 •
2355 175 26 20 ~'
2383 183 9 11 v
2401 185 4 8 '
2406 175 13 17 ft
2425 184 5 7 '

1871 228 86 32 T^OR
1964 225 85 25 -SALE
2061 231 25 19 at
2101 229 42 22 this
2157 229 71 29 office,
2241 230 81 28 Hymn
2337 230 74 23 Boots
2423 230 25 23 in

1870 251 33 26 dC
1934 253 44 24 .the
1987 254 75 22 native
2260 264 3 6 •
2376 257 7 8 '
2396 257 5 5 '
2430 264 4 5 -

1895 286 128 23 December
2028 288 35 26 28,
2074 287 60 23 1841.
2147 286 10 9 a

1963 338 154 27 Stationery
2132 338 64 28 just'
2204 340 153 27 unpacked.'

1871 370 72 48 ON
1956 366 264 36 SALIE/'atthe'Gare^e
2235 373 78 28 Office,
2329 382 30 14 an
2369 377 80 20 exten-

1946 396 47 22 sive
2001 397 46 21 and
2055 398 76 22 varied
2138 399 134 23 assortment
2286 401 27 22 of
2324 399 126 30 'sMionery

1870 423 26 21 of
1906 429 67 21 every
1981 423 143 27 description.
2137 426 38 7 ""'
2327 426 4 8 •
2393 424 51 14 "'r

1896 449 101 27 January
2005 450 22 26 7,
2039 448 69 24 1842/

1870 507 218 40 WHOLESALE
2116 512 124 25 PRICES
2270 504 178 43 ,CU^R^NT.

1934 556 138 19 .CORRECTED
2086 556 29 15 UP
2129 557 28 14 TO
2169 557 87 16 FRIDAY
2269 558 108 19 EVENING.
2383 556 4 3 '

2177 581 3 3 '
2204 596 17 5 -
2243 588 16 13 I.
2282 585 19 17 d.
2340 582 4 3 '
2353 587 18 18 £
2392 592 16 13 a.
2431 589 20 17 «.

1870 602 64 23 Ale:
1948 602 33 26 Inj
1985 603 77 28 bottle,
2076 611 41 21 per
2126 603 64 24 doz..
2207 606 53 23 0,11
2287 607 16 20 0
2319 620 20 7 ..
2355 610 15 19 o
2395 610 16 21 0
2435 612 16 19 O

1969 630 87 25 Elliot's
2062 638 41 20 per
2108 631 52 22 hhd.
2169 645 20 6 ..
2206 632 15 21 6
2247 633 91 20 0.0..
2354 636 15 19 0
2395 637 14 19 0
2432 638 17 20 O

1870 655 98 23 Arrack
1975 663 6 15 :
1996 657 44 22 Per
2047 657 46 27 gal.
2094 657 101 26 jn<bond
2207 660 16 20 0
2247 659 56 21 19
2319 672 7 7 .
2332 672 7 7 .
2349 662 21 19 .0
2395 663 15 20 0
2435 667 15 20 o

1868 681 94 23 Bread:
1976 683 44 22 Per
2027 683 45 27 2lb.
2084 684 49 26 loaf
2145 697 47 8 ....
2203 686 20 27 ,0
2243 686 21 21 .0
2289 686 14 20 8
2320 698 20 8 ..
2356 688 15 20 0
2397 690 14 19 0
2435 691 16 20 0

1867 709 64 29 fBEEF
1937 716 6 15 :
1957 709 77 28 Fresh,
2152 718 45 20 p.er

1983 735 26 23 lb
2200 739 20 24 ,0
2247 738 13 20 0
2274 738 27 23 10
2319 752 19 7 ..
2350 740 20 21 ,0
2397 740 11 21 1
2434 744 15 19 0

1970 761 60 29 •Salt,
2035 770 56 21 per,
2206 777 4 13 {
2209 765 14 22 7
2243 766 20 23 ,0
2283 766 21 23 ,0
2320 768 52 20 ...0
2391 768 21 21 .0
2433 770 20 20 .0

1976 789 45 22 Do.
2029 797 41 17 per
2082 789 73 24 barrel
2171 805 6 7 .
2183 804 7 8 .
2200 792 22 26 ,4
2231 793 32 24 .1,0
2282 792 22 26 ,0
2319 806 7 6 .
2333 806 6 7 .
2350 794 21 24 ,0
2398 794 13 21 0
2437 796 14 20 0

1870 814 105 24 Butter:
1973 815 3 7 1
1985 813 156 31 'Ittsh;'perlb.
2167 817 25 21 '.'.
2208 819 15 20 0
2232 814 2 8 '
2248 815 13 30 ,1
2283 816 57 25 9V.
2350 809 22 31 'o
2398 820 15 20 2
2439 822 15 21 0

1877 841 29 9 •'
1931 840 6 12 I
1949 841 19 9 '•
1983 841 75 24 -Presh
2061 845 3 7 1
2065 847 19 16 :.
2088 839 7 13 1
2093 857 6 7 .
2105 846 59 18 :;'...
2165 843 27 21 V.
2209 846 14 19 0
2248 846 15 20 3
2289 844 52 21 OV.
2350 847 22 20 .0
2398 847 15 20 0
2437 849 16 20 0

1870 867 108 23 Brandy:
1992 869 60 22 First
2057 869 91 28 quality,
2155 876 42 20 per

1938 895 19 9 '"
2006 900 4 7 •
2016 895 77 27 gallon
2101 896 24 22 in
2134 893 61 25 bond
2207 899 14 19 0
2249 898 13 20 6
2287 899 53 19 0..
2355 899 16 20 0
2397 900 14 20 9
2437 902 16 20 0

1870 920 86 22 Brown
1974 921 86 24 Stout:
2081 930 43 21 per
2135 920 55 24 bid.
2204 924 14 20 5
2233 925 27 20 10
2286 925 14 20 0
2317 937 19 8 ..
2355 926 15 20 0
2396 927 13 20 0
2435 929 16 20 0

1871 947 86 23 Cigars
1964 955 5 15 :
1980 948 148 29 Manilla/per
2133 951 61 26 1000,
2207 951 14 20 3
2235 951 28 21 10
2287 952 16 20 0
2319 964 6 7 .
2332 964 7 8 .
2350 952 21 30 £
2397 954 14 19 0
2436 955 15 19 0

1976 974 97 23 Inferior
2090 975 86 22 ...;...
2182 978 8 20 i
2203 975 18 23 '2
2242 974 20 24 .6
2287 978 16 20 0
2319 991 19 7 ..
2350 977 21 30 fi
2397 980 14 19 0
2436 982 15 19 0

1977 1001 180 29 Havahnah,pef
2161 1002 32 23 lb.
2207 1004 14 21 0
2235 1000 26 25 16
2287 1005 15 20 0
2319 1003 19 22 .'.
2352 998 18 28 ;6
2396 1006 14 20 0
2435 1008 16 19 0

1977 1027 166 29 Chinsurahper
2145 1030 73 25 .loool
2234 1029 27 22 15
2287 1028 16 24 6
2315 1029 23 23 '..
2354 1032 18 20 O
2396 1033 14 20 0
2436 1034 14 20 0

1976 1054 154 24 Alexandrian
2141 1071 7 6 .
2154 1070 34 8 ...
2205 1056 13 22 1
2234 1055 27 23 10
2286 1058 15 20 0
2314 1056 10 22 '.
2331 1071 7 7 .
2354 1058 15 21 0
2396 1060 15 19 0
2436 1061 15 20 0

1871 1080 88 22 Coffee
1965 1088 6 14 :
1980 1081 64 27 Java,
2054 1090 40 19 per
2101 1083 31 22 1b.
2143 1097 47 8 ....
2207 1085 14 20 0
2248 1085 14 20 0
2287 1085 16 20 0
2319 1098 6 7 .
2331 1098 7 7 .
2350 1078 20 28 '6
2397 1086 14 20 0
2437 1088 15 19 0

1872 1107 101 23 Cheese:
1988 1107 105 24 Cheshire
2117 1123 73 8 ......
2207 1112 14 20 0
2249 1111 11 21 1
2287 1112 83 21 6..0
2397 1113 14 20 0
2437 1104 15 30 5

1984 1134 58 22 Pine
2051 1135 74 28 Apple
2143 1139 79 19 ....0
2249 1139 13 19 0
2287 1139 83 20 0..0
2398 1139 11 20 1
2436 1140 15 20 2

1986 1161 98 32 Dutch/.
2208 1165 15 20 0
2249 1165 14 21 0
2288 1165 15 20 9
2319 1178 20 8 ..
2355 1166 16 20 0
2398 1166 11 21 1
2437 1168 16 19 0

1868 1187 108 23 .Candles
1983 1194 5 15 :
1995 1187 94 28 English
2094 1196 55 21 wax,
2155 1197 42 20 per
2329 1191 4 6 '
2354 1194 3 5 '

2013 1214 24 22 lb
2207 1218 15 20 0
2248 1217 14 21 3
2287 1218 16 20 6
2319 1231 20 7 ..
2356 1219 15 20 0
2398 1220 15 20 0
2438 1220 15 21 0

1999 1240 80 24 Mould
2207 1245 14 20 0
2248 1244 13 19 0
2288 1245 15 19 0
2319 1258 19 6 ..
2355 1246 16 20 0
2397 1246 14 20 0
2425 1246 24 21 11

2000 1267 57 28 Dips
2202 1272 19 20 .0
2246 1272 14 20 0
2275 1271 27 21 10
2317 1285 20 7 ..
2355 1273 14 20 0
2397 1274 14 19 0
2436 1274 15 21 0

1870 1293 94 23 Flour:
1973 1295 34 21 Ist
2011 1295 90 28 quality,
2112 1299 82 24 perton

1992 1321 132 28 or2QoQlbs
2192 1324 28 21 28
2246 1325 14 20 0
2286 1325 15 20 0
2318 1325 51 21 ..30
2395 1326 15 20 0
2435 1328 15 19 0

1969 1347 47 22 2nd
2025 1347 54 23 ditto
2194 1351 27 20 25
2248 1351 14 21 0
2287 1352 16 20 0
2319 1365 19 7 ..
2355 1353 15 20 0
2394 1353 17 20 .0
2436 1354 15 19 0

1872 1373 61 26 Gin;
1952 1373 53 23 Pale
2021 1374 25 22 in
2055 1375 59 22 bond
2207 1379 14 19 0
2244 1378 16 22 .0
2287 1379 15 20 0
2319 1392 19 7 ..
2351 1380 18 21 .0
2395 1379 14 21 2
2437 1380 12 20 0

1920 1398 274 29 Case\4gar4-sinbond
2206 1405 13 20 1
2246 1405 15 22 4
2287 1405 14 22 0
2318 1419 20 6 ..
2354 1407 15 20 0
2396 1406 13 19 0
2436 1408 15 19 o

1872 1426 81 23 Hams:
1967 1425 129 30 Yorkshire,
2110 1429 84 27 perlb.
2207 1431 15 21 0
2249 1433 14 19 0
2286 1432 17 23 .0
2320 1444 20 8 ..
2356 1433 15 20 0
2398 1433 13 20 0
2437 1434 16 20 9

1871 1450 114 26 Mustard
1992 1462 6 14 :
2013 1454 43 22 Per
2063 1455 70 23 dozen
2145 1471 6 6 .
2157 1470 7 6 .
2173 1471 5 5 .
2185 1471 6 6 .
2209 1458 11 20 1
2250 1459 54 23 1.0
2320 1471 6 7 .
2333 1472 7 7 .
2357 1460 56 20 00
2438 1462 16 19 O

1871 1480 114 22 Mutton:
2006 1480 92 24 Carcase
2107 1489 38 20 per
2154 1482 23 22 lb
2187 1499 7 6 .
2208 1485 14 21 0
2248 1486 15 20 0
2288 1485 12 24 9.
2320 1498 19 7 ..
2356 1487 15 19 0
2395 1487 17 21 ,0
2426 1487 23 20 11

1872 1507 121 22 Muskets:
2008 1507 92 24 Walnut
2106 1509 91 23 stocked
2209 1511 14 21 0
2249 1512 15 20 0
2289 1512 15 20 0
2320 1525 20 7 ..
2357 1513 15 20 0
2387 1512 25 22 15
2438 1515 16 20 0

1872 1534 78 22 Milk:
1964 1534 44 22 Per
2013 1535 50 27 pint
2208 1538 14 20 0
2249 1539 14 19 0
2288 1538 15 20 3
2319 1551 21 7 ..
2357 1539 16 21 0
2398 1540 15 20 0
2437 1541 16 21 0

1870 1560 45 23 Oil
1922 1568 7 15 :
1943 1561 104 26 Linseed,
2056 1568 41 21 per
2103 1562 75 27 gallon
2187 1565 35 20 .0
2248 1564 13 20 5
2288 1560 15 25 6
2320 1578 6 7 .
2333 1578 7 7 .
2356 1566 15 20 0
2397 1565 15 24 7
2439 1568 15 20 0

1903 1594 6 3 *
1945 1587 77 28 Black,
2026 1588 24 21 in
2054 1588 52 22 cask
2107 1605 6 10 f
2114 1589 109 28 pef,tonl7
2250 1591 14 21 0
2289 1592 52 20 0..
2357 1593 15 20 0
2399 1594 14 20 0
2438 1594 15 21 0

1981 1614 78 27 Sperm
2154 1617 66 22 ...75
2247 1618 13 20 0
2287 1618 14 20 0
2318 1632 20 8 ..
2355 1619 13 19 0
2397 1619 13 20 0
2437 1621 14 22 Q

1872 1641 76 23 Pork:
1962 1641 77 28 Fresh,
2056 1648 85 17 carcase
2155 1650 42 21 per

1986 1667 32 23 lb.
2207 1671 14 21 0
2248 1672 14 20 0
2287 1672 16 21 4
2319 1685 21 8 ..
2355 1674 16 20 0
2397 1674 15 22 0
2437 1673 14 21 5

1872 1694 76 22 Pork:
1964 1694 65 27 Irish,
2039 1702 40 19 per
2087 1695 72 23 barrel
2171 1711 19 5 ..
2207 1697 55 23 410
2289 1699 51 21 0..
2355 1699 15 21 5
2398 1701 14 20 0
2438 1702 16 21 0

1872 1721 129 23 Potatoes:
2021 1721 56 23 New
2089 1720 107 31 Zealand,

2044 1755 41 20 per
2093 1753 39 17 ton
2143 1764 6 6 .
2157 1764 5 6 .
2171 1765 6 5 .
2183 1764 7 6 .
2207 1751 13 19 0
2249 1753 14 20 0
2289 1753 15 21 0
2319 1765 7 9 .
2333 1765 7 9 .
2356 1754 15 20 8
2397 1754 15 21 0
2437 1755 16 24 Q

1872 1774 93 23 Porter
1973 1782 6 14 :
2007 1774 102 28 Duribar,
2118 1776 24 22 in
2148 1777 47 22 bot.

1860 1801 2 27 |
2036 1802 156 27 perdoz.....
2209 1805 13 20 0
2237 1805 24 21 11
2289 1806 15 20 0
2320 1819 20 7 ..
2357 1807 14 21 0
2399 1808 13 21 0
2439 1808 15 21 0

1978 1828 86 28 Bryant
2073 1829 45 21 and
2127 1829 70 23 Davis
2209 1831 54 22 013
2289 1833 16 21 0
2321 1846 6 7 .
2333 1846 8 7 .
2357 1834 15 20 0
2399 1835 13 20 0
2438 1835 16 20 0

1871 1854 98 23 Pickles
1979 1862 6 15 :
2016 1855 115 28 Assorted,
2159 1863 41 20 per

2042 1882 58 27 doz.,
2123 1886 76 24 quarts
2213 1885 51 21 11
2291 1886 16 20 0
2322 1899 21 8 ..
2359 1887 15 21 0
2401 1888 14 20 0

1872 1908 73 22 Pitch
1956 1915 6 15 :
1993 1906 138 31 Stockholm,
2158 1917 41 20 per

2018 1935 73 22 barrel
2211 1939 15 20 0
2252 1939 15 21 0
2291 1940 16 20 0
2322 1953 21 8 ..
2360 1940 11 21 1
2388 1940 26 22 15
2440 1942 16 21 0

1871 1961 93 22 Plank:
1991 1961 55 22 Port
2066 1961 131 29 Nicholson,

2018 1995 40 19 per
2067 1989 41 21 100
2115 1989 46 21 feet
2173 2003 19 7 ..
2209 1992 55 19 019
2290 1993 15 19 0
2321 2005 20 7 ..
2359 1993 11 19 1
2401 1995 10 19 1
2439 1996 17 18 o

1870 2012 70 23 Rice:
1952 2013 109 22 Common
2070 2021 41 21 per
2115 2017 49 19 cwt.
2174 2029 20 7 ..
2211 2017 14 20 0
2251 2019 15 19 0
2291 2019 52 19 0..
2359 2019 15 20 0
2401 2019 13 21 0
2441 2021 14 19 0

1952 2040 66 21 Good
2209 2044 15 20 0
2251 2045 14 19 0
2291 2045 14 21 0
2321 2057 20 8 ..
2358 2047 15 20 0
2400 2047 13 20 0
2440 2047 15 21 0

1870 2066 56 22 Rum
1933 2073 5 15 :
1955 2066 24 22 P.
1989 2066 27 22 B.
2028 2066 32 27 P.,
2075 2074 40 20 per
2122 2068 77 27 gallon

1990 2092 26 23 in
2028 2093 165 23 b0nd........
2210 2097 15 20 0
2251 2097 15 21 4
2292 2097 13 19 0
2322 2111 21 7 ..
2359 2099 15 21 0
2400 2099 14 21 6
2440 2101 16 21 0

1871 2119 88 23 Sugar:
1974 2119 120 23 Mauritius
2102 2128 39 20 per
2148 2125 50 19 cwt.
2211 2124 14 20 0
2252 2125 15 19 0
2292 2126 15 19 0
2322 2138 21 7 ..
2359 2127 15 21 0
2401 2127 13 20 0
2441 2129 15 19 0

1978 2146 82 23 Brown
2211 2150 12 20 1
2239 2150 26 23 17
2291 2153 16 19 0
2322 2165 20 7 ..
2358 2153 15 21 0
2400 2155 14 19 0
2440 2155 18 20 0-

1978 2173 97 23 Refined
2089 2174 52 28 loaf,
2159 2182 41 21 per

2004 2200 55 32 ft-;-
2187 2217 7 7 •
2211 2205 15 19 0
2252 2205 15 20 0
2293 2203 14 23 7
2322 2219 21 6 ..
2359 2207 15 19 0
2401 2207 14 20 0
2441 2208 17 20 O

1978 2228 97 21 Manilla
2209 2231 15 20 0
2251 2232 14 20 0
2290 2233 83 20 0..2
2400 2233 13 20 0
2440 2236 16 19 O

1872 2253 59 22 Salt
1938 2260 6 15 :
1959 2253 127 28 Liverpool,
2094 2262 40 18 per
2142 2259 40 18 ton
2190 2258 34 20 .3
2251 2259 14 20 0
2291 2259 15 21 0
2322 2272 7 7 .
2334 2273 8 7 .
2358 2260 16 20 4
2400 2262 14 20 0
2440 2257 16 25 6

1871 2280 60 22 Soap
1938 2287 7 15 :
1971 2280 102 22 Hawes.'s
2094 2280 103 29 London,
2208 2282 3 5 '

1995 2309 119 25 perton.'.'
2196 2310 28 21 40
2250 2312 15 20 0
2290 2312 15 20 0
2322 2313 51 21 ..42
2401 2315 13 19 0
2441 2316 15 20 0

1987 2334 121 28 Liverpool
2196 2337 27 21 36
2251 2339 14 19 0
2290 2339 15 20 0
2321 2351 20 8 ..
2357 2341 16 19 0
2400 2341 12 19 0
2440 2343 16 19 O

1871 2360 91 22 Starch
1969 2367 5 15 :
1989 2360 44 23 Per
2040 2361 24 22 lb
2211 2365 14 20 0
2253 2366 14 20 0
2291 2366 15 20 9
2322 2379 7 7 .
2336 2379 7 7 .
2359 2368 15 19 0
2402 2368 11 21 1
2442 2363 17 26 6

1871 2387 142 22 Scantling:
2029 2388 44 22 Per
2079 2389 40 21 100
2127 2388 67 23 feet..
2211 2392 15 20 0
2239 2390 28 24 17
2292 2393 15 20 0
2323 2395 20 17 .:
2359 2394 15 20 0
2389 2395 25 21 18
2441 2396 17 20 O

1871 2414 114 22 Shingles
1992 2422 6 14 :
2014 2414 42 24 Per
2063 2416 61 27 100Q,
2131 2416 30 22 N.
2169 2416 28 22 Z.
2211 2418 11 20 1
2251 2417 15 23 7
2291 2420 15 20 0
2322 2432 7 8 .
2335 2432 7 8 .
2359 2421 15 20 0
2401 2422 13 20 0
2441 2423 15 20 0

1999 2441 72 28 Ditto,
2092 2442 27 24 y.
2129 2443 30 22 D.
2169 2443 28 23 L.
2209 2445 54 21 25
2291 2447 15 20 0
2321 2459 20 7 ..
2357 2447 16 21 0
2400 2449 14 20 0
2440 2449 16 20 0

1870 2467 63 23 Tar:
1948 2468 55 22 Coal
2211 2471 12 21 1
2251 2472 14 20 5
2292 2473 15 20 0
2323 2486 20 8 ..
2360 2475 15 19 0
2402 2476 14 21 0
2442 2476 16 20 0

1952 2494 130 25 Stockholm
2212 2499 15 20 2
2253 2499 14 20 5
2293 2500 51 20 0..
2361 2501 14 20 0
2402 2503 14 19 0
2442 2500 16 23 6

1870 2521 49 23 Tea
1926 2529 7 15 :
1950 2522 89 28 Hyson,
2048 2529 41 21 per
2098 2522 62 23 chest
2176 2538 6 6 .
2188 2539 7 5 .
2212 2526 15 21 0
2253 2527 15 20 0
2293 2527 15 21 0
2323 2540 8 7 .
2336 2540 7 8 .
2349 2525 26 23 12
2390 2529 26 20 12
2442 2530 16 20 0

1870 2548 118 23 Tobacco:
2002 2548 141 29 Negrohead,
2160 2557 41 21 per

1870 2602 19 8 m
2028 2576 47 22 1b..
2081 2590 115 8 .........
2213 2579 53 21 01
2294 2580 13 20 1
2324 2593 21 7 ..
2361 2582 55 20 00
2444 2584 15 20 0

1870 2602 163 23 Turpentine:
2049 2603 44 21 Per
2096 2602 99 28 gallon..
2212 2607 15 19 0
2253 2607 15 20 8
2293 2608 15 20 0
2324 2608 20 20 i.
2361 2609 15 20 0
2402 2610 14 20 0
2442 2611 16 20 0

1870 2628 162 23 Whalebone:
2047 2626 45 26 Per
2100 2633 81 19 ton...
2187 2631 38 22 .95
2253 2634 14 20 0
2292 2635 15 19 0
2324 2647 19 7 ..
2361 2636 15 20 0
2402 2637 14 20 0
2441 2638 17 19 O

1871 2655 83 23 Wine:
1969 2654 89 29 Sherry^
2067 2663 41 20 per
2115 2656 80 28 pipe..
2199 2659 28 21 28
2253 2661 15 20 0
2293 2662 15 20 0
2325 2662 51 20 ..40
2402 2663 15 20 0
2442 2660 16 24 6

1978 2682 73 28 Ditto,
2065 2690 42 21 per
2119 2683 80 23 dozen.
2213 2686 11 21 1
2252 2687 16 21 4
2293 2688 15 20 0
2324 2700 7 8 .
2336 2701 8 7 .
2360 2689 15 21 2
2402 2687 14 24 D
2442 2692 16 19 0

1872 2736 121 31 Poultry:
2008 2736 80 29 Fowls,
2094 2743 40 22 per
2138 2738 62 27 pair.
2214 2741 15 23 Q
2255 2741 15 21 8
2294 2741 16 23 0.
2326 2754 20 8 ..
2362 2743 16 20 0
2392 2743 26 21 16
2444 2744 15 21 O

2006 2761 86 31 Ducks,
2102 2764 55 22 ditto
2176 2779 21 8 ..
2214 2767 11 21 1
2254 2769 16 20 0
2294 2769 16 20 0
2326 2781 20 8 ..
2364 2769 11 21 1
2392 2770 26 21 10
2444 2772 15 20 0

2008 2791 80 28 Geese,
2100 2791 54 23 ditto
2176 2793 51 21 ..2
2254 2795 16 22 Q
2294 2796 15 20 0
2325 2808 20 8 ..
2361 2797 16 20 0
2404 2797 14 20 0
2444 2798 15 21 0

2006 2817 103 29 Turkeys
2213 2821 15 21 2
2254 2822 16 23 0
2294 2820 16 24 0
2325 2835 21 7 ..
2362 2824 16 20 0
2404 2824 15 21 0
2444 2825 15 20 0

2007 2845 104 28 Pigeons,,
2120 2845 79 28 (wild,)
2451 2852 2 7 '

2033 2879 41 20 per
2082 2869 56 30 pair'
2192 2875 5 5 J
2213 2875 16 26 Q
2254 2875 16 21 2
2294 2876 17 23 Q
2325 2889 21 8 ..
2363 2877 15 21 0
2404 2878 15 20 0
2444 2879 15 24 O,

2006 2898 87 28 Ducks,
2100 2899 35 22 do.
2145 2899 52 23 do..
2214 2902 14 20 0
2255 2901 14 21 5
2295 2903 52 20 0..
2363 2904 15 21 0
2405 2905 14 20 0
2445 2906 14 19 0

1872 2924 76 24 Eggs:
1961 2925 45 23 Per
2015 2925 89 26 dozen,
2111 2924 89 24 i....'.;
2215 2925 17 30 D,
2256 2929 15 21 2
2296 2930 14 20 6
2326 2943 21 7 ..
2364 2931 17 23 0.
2405 2932 16 21 0
2445 2933 14 20 O

1873 2978 77 23 Cows:
1963 2978 86 23 Mi1ch.
2055 2993 129 9 ..........
2190 2983 40 27 .2,0
2255 2984 15 20 0
2295 2984 15 21 0
2326 2984 52 21 ..30
2404 2985 14 21 0
2444 2986 15 20 0

1873 3005 96 23 Mares:
1979 3005 13 23 '
1992 3005 67 23 Brood
2067 3005 20 23 .\
2095 3007 72 22 ....'.\
2176 3009 52 22 ..50
2254 3011 15 20 0
2294 3012 15 19 0
2326 3012 52 24 ..9.0
2404 3012 14 23 0
2443 3012 16 21 0

1872 3031 123 23 Working*
2004 3031 121 25 Bullocks
2131 3041 5 15 :
2159 3034 44 24 Per
2256 3034 4 4 '
2360 3031 4 5 '
2374 3033 6 4 ■
2416 3033 5 2 ■

1898 3059 50 28 pair
1951 3058 6 10 r.;...:':;...'r
1961 3058 147 24 .;...:':;...'
2179 3062 52 30 ;;p
2256 3064 18 24 o.
2296 3064 16 21 0
2326 3064 53 21 ..60
2405 3065 14 21 0
2444 3066 15 22 ft

1873 3086 64 22 Hire
1947 3089 31 19 of'
1983 3094 81 14 ditto:
2079 3087 44 23 Per
2129 3088 51 29 day,
2188 3087 21 24 a'
2210 3087 6 7 J
2355 3099 4 4 ■

1898 3116 62 19 team
1968 3113 47 22 arid
2021 3113 74 23 driver
2216 3117 11 21 1
2256 3118 14 23 Q
2295 3118 15 20 0
2326 3130 21 8 ..
2362 3117 15 21 2
2404 3119 14 20 0
2444 3120 15 20 0

1872 3139 88 23 Sheep':
1974 3138 141 25 EaW;.*^..
2213 3144 14 21 0
2241 3143 27 22 16
2293 3142 52 30 $••'
2362 3145 11 20 1
2390 3145 27 26 1Q
2442 3147 17 24 0,

1872 3167 64 22 Boat
1945 3167 75 23 Hire:
2033 3167 45 23 Per
2082 3167 51 31 Hay,
2137 3169 65 22 with-
2248 3168 22 6 ''
2301 3168 3 4 '
2327 3169 4 2 '
2365 3176 3 3 ■

1886 3194 55 23 '"■*,
1966 3203 3 4 •
2028 3199 4 15 :
2061 3195 40 33 put
2101 3195 2 20 :
2110 3195 87 27 hands..
2211 3197 97 31 QlO9
2323 3210 21 9 ..
2362 3197 12 22 1
2403 3200 56 25 00,

1872 3247 87 24 Wages
1964 3255 6 15 :
1997 3247 139 28 Mechanics,
2147 3246 3 5 '
2160 3256 42 21 per

1942 3273 6 15 f
2025 3274 175 31 week.'.......;
2213 3276 14 20 2
2241 3276 29 23 14
2294 3277 16 22 0
2326 3291 19 7 ..
2362 3278 15 21 3
2404 3280 25 20 6,
2444 3281 15 22 0

2006 3300 191 24 Labourers'.'.'.:'
2213 3303 55 22 110
2293 3304 15 21 0
2325 3303 20 22 .'.
2362 3306 12 21 1
2390 3306 27 21 16
2444 3308 15 21 0

1892 3362 40 17 The
1942 3362 49 17 Niw
2000 3362 100 16 Zealand
2110 3353 280 31 GAZEXXBahd'^'uiHoxoN

1872 3387 64 13 tator
1941 3383 16 16 is
1962 3383 97 21 published
2065 3386 54 17 every
2126 3383 111 21 Wednesday
2247 3384 37 17 and
2294 3385 95 22 Saturday.
2411 3379 46 26 Sub-

1869 3404 63 24 joined
1938 3408 31 13 are
1974 3404 32 16 the
2012 3405 56 15 terms
2072 3407 41 13 i^-^
2136 3405 35 8 ■--
2197 3404 42 9 -■--■
2253 3409 9 3 -
2276 3408 6 3 -

1875 3434 2 6 '
1893 3432 62 17 Price
1962 3435 24 19 op
1992 3435 41 12 the
2040 3431 96 17 Paper.—
2136 3431 55 18 Forty
2196 3431 85 22 shillings
2285 3437 34 17 per
2327 3438 78 18 annum,
2415 3440 44 16 pay-

1871 3452 40 18 able
1917 3453 20 16 in
1943 3452 81 17 advance
2028 3456 4 15 ;
2036 3456 27 12 >or
2069 3456 36 12 one
2111 3452 75 21 shilling
2190 3452 29 18 for
2224 3453 59 21 single
2289 3455 94 18 numbers.
2439 3457 7 15 I

1892 3480 188 16 Advertisements.
2080 3487 22 4 —
2102 3479 32 17 Six
2141 3479 49 17 lines
2200 3480 37 18 and
2246 3481 65 20 under,
2322 3481 26 18 Ssi
2355 3483 31 17 6d.
2391 3484 29 17 for
2425 3484 33 17 tho

1871 3500 40 17 first
1920 3499 101 20 insertion;'
2025 3500 36 17 and
2072 3503 35 14 one
2117 3500 75 22 shilling
2197 3501 28 17 for
2231 3502 46 17 each
2282 3503 113 21 subsequent
2400 3505 58 16 inser-

1872 3520 47 20 tion;
1930 3522 48 16 from
1983 3521 31 16 six
2020 3519 19 19 tb
2046 3522 30 15 ten
2082 3519 54 21 lines;
2141 3522 37 16 five
2185 3522 85 21 shillings
2281 3524 28 16 for
2319 3524 32 17 the
2361 3526 46 19 first,
2418 3526 38 16 and

1872 3546 33 13 one
1915 3541 76 21 shilling
2000 3541 37 17 and
2047 3541 86 21 sixpence
2141 3542 30 17 for
2180 3543 51 16 each'
2235 3545 113 20 subsequent
2356 3545 103 21 insertion;

1872 3563 55 16 above
1938 3564 31 15 ten
1978 3562 54 19 lines,
2042 3562 36 17 five
2089 3562 84 22 shillings
2182 3564 29 16 for
2221 3564 31 17 ths
2261 3565 41 16 first
2312 3567 33 16 ten
2353 3566 55 20 lines,
2418 3567 39 17 and

1870 3583 97 21 fourpence
1973 3587 32 16 per
2011 3583 38 16 line
2055 3583 29 17 for
2088 3583 32 17 the
2127 3588 63 13 excess
2197 3585 20 16 of
2225 3585 41 17 that
2272 3587 85 20 number;
2369 3588 37 16 and
2412 3588 46 18 two-

1871 3608 56 17 pence
1933 3608 33 17 per
1970 3603 39 17 line
2014 3604 28 17 for
2049 3604 162 22 each'subtequent
2215 3605 97 20 insertion.
2373 3609 17 9 '■
2418 3605 19 10 '*
2442 3607 3 7 '

1878 3629 2 10 '
1893 3631 155 17 Advertisements
2054 3631 39 17 will
2098 3633 32 16 not
2134 3637 68 17 appear
2209 3633 22 17 in
2241 3634 33 17 the
2282 3635 80 21 ensuing
2371 3636 87 19 number,,

1872 3652 17 16 if
1895 3652 83 17 received
1984 3652 47 16 later
2036 3653 46 16 than
2094 3653 20 16 10
2119 3652 74 22 o'clock,
2200 3658 49 16 a.m.,
2256 3659 23 13 on
2286 3656 31 16 the
2324 3656 92 21 mornings
2423 3657 33 16 be-

1871 3673 37 16 fore
1921 3672 119 22 pnblication.
2060 3673 158 19 Advertisements
2230 3676 38 17 will
2279 3677 21 16 be
2310 3676 99 17 continued
2416 3677 40 21 and,

1872 3694 78 20 charged
1959 3693 49 17 until
2016 3695 165 20 counter-ordered;
2192 3696 189 17 such'orderniustbe
2388 3699 70 16 sentto.

1872 3715 31 16 the
1912 3715 55 17 Olfice
1979 3715 37 16 two
2021 3727 4 4 .
2033 3715 45 21 days
2095 3716 60 17 before
2165 3717 117 21 publication,
2294 3718 37 16 and
2341 3719 51 16 must
2401 3719 22 16 he
2434 3719 22 17 in.

1872 3735 78 20 writing.
1973 3735 156 18 Advertisements
2141 3738 83 17 received
2242 3738 51 21 after
2311 3739 21 16 10
2347 3738 68 17 o'clock
2430 3744 24 12 on

1872 3756 83 21 Tuesday
1967 3756 37 17 and
2014 3756 66 21 Friday
2091 3758 93 22 mornings
2194 3759 38 17 will
2242 3760 22 16 be
2275 3759 77 21 charged
2362 3760 53 17 twice
2423 3760 34 17 the

1872 3776 54 17 usual
1931 3778 53 15 rates.

1893 3804 30 16 All
1929 3804 66 19 orders,
2007 3804 157 21 advertisements,
2174 3806 37 17 and
2221 3806 164 19 communications
2395 3808 20 16 to
2425 3808 34 17 the

1872 3825 69 18 Editor,
1948 3829 30 12 are
1983 3826 98 17 requested
2087 3828 19 15 to
2112 3827 22 16 be
2139 3827 98 16 addresied
2243 3828 18 15 to
2269 3827 37 16 this
2312 3827 62 16 Office.
2402 3825 4 7 v

236 131 26 21 J.
277 131 38 21 M.
330 131 109 26 Taylor,

123 164 277 22 CUSTOM-HOUSE
427 161 128 23 AGENT.

48 190 114 28 Courtney
170 191 72 24 Place,
252 190 33 21 Te
294 190 54 21 Aro.
630 194 3 6 '

287 243 15 13 A
320 241 66 14 CARD.

244 261 48 24 Mr.
308 260 121 26 STOKES,

48 288 148 25 Architect,
212 287 230 25 Land-Surveyor,
454 286 54 21 and
525 286 101 26 Agent,

101 321 55 22 Late
167 321 26 22 of
198 321 36 21 the
240 320 134 27 Company's
381 319 124 27 Surveying
511 319 61 21 Staff.
630 330 2 18 ;

372 350 21 4 —
393 349 26 4 —
419 349 26 5 —
630 344 3 20 i

47 369 181 48 WANTED,
239 377 13 14 a
268 369 102 23 situation
388 368 29 28 by
428 376 12 14 a
456 373 77 22 young
541 373 52 14 man
603 373 24 15 as

130 396 60 22 clerk
205 397 23 21 in
243 404 12 14 a
270 400 66 23 store,
351 403 25 14 or
389 396 23 21 in
429 403 44 19 any
488 393 100 27 capacity
603 392 23 23 in

47 421 72 22 which
129 430 13 14 a
151 422 127 28 knowledge
293 424 27 20 of
330 425 105 19 accounts
447 420 90 27 maybe
546 420 87 24 useful.,

45 448 123 23 Reference
176 450 22 21 if
203 450 106 27 required.
339 449 99 22 Address
446 446 93 27 R.0.C.,
570 446 58 23 New

47 474 99 23 Zealand
156 476 92 22 Gazette
281 476 77 22 Office.

45 520 183 49 WANTED,
238 528 14 14 a
266 520 78 22 LIME
359 519 133 23 BURNER.
521 519 76 27 Apply
605 522 22 18 to

291 547 24 21 C.
331 547 25 22 F.
370 546 77 25 Webb,
464 546 135 27 Bricklayer,

343 573 102 22 Guilford
454 573 102 26 Terrace,

288 600 26 21 In
325 600 38 22 the
372 606 49 15 rear
430 599 26 22 of
466 599 39 21 Dr.
517 599 90 21 Evans'.

214 645 38 20 To
273 645 182 25 Trespassers.

43 678 146 48 NOTICE
203 678 27 21 IS
244 677 125 21 HEREBY
384 676 106 27 GIVEN,
511 677 47 22 that
577 684 51 20 per-

134 711 52 15 sons
204 704 95 26 walking
318 711 53 14 over
389 704 38 23 the
445 704 75 26 newly
537 704 91 27 planted

44 733 90 24 potatoe
149 731 86 26 ground
252 733 21 19 at
290 730 82 22 Evans'
383 730 53 27 Bay,
449 730 43 22 will
508 730 29 22 be
552 737 76 21 prose-

45 757 66 21 cuted
122 757 51 21 with
181 758 38 20 the
229 760 82 18 utmost
320 757 76 27 rigour
405 756 26 22 of
436 756 37 22 the
487 756 50 22 law.

413 789 35 23 W.
464 790 29 22 K.
509 790 91 22 Hulke.

72 817 157 27 Cowpastures,
240 817 112 26 Tuesday,
363 817 99 26 January
470 818 21 25 4,
503 818 60 20 1842.

52 861 127 22 TOSEPH
202 861 150 27 CLAYTON,
370 861 96 22 General
490 861 138 29 Newspaper

43 893 28 16 v
108 888 43 21 and
168 888 142 26 Advertising
323 888 83 26 Agent,
426 888 114 26 publisher
549 888 26 22 of
586 889 39 22 the

45 915 110 25 Spectator
177 914 45 21 and
246 916 92 19 Colonial
361 915 91 25 Gazette,
475 916 41 20 320
537 916 88 24 Strand,

44 941 102 27 London,
163 940 142 28 respectfully
323 942 93 21 informs
433 941 36 22 the
487 945 80 23 prentry
582 943 45 21 and

44 968 136 21 inhabitants
203 968 26 21 of
256 968 53 21 Port
328 968 129 25 Nicholson,
480 968 145 28 Wellington,

43 994 54 22 Port
106 994 91 26 Nelson,
206 994 44 22 and
254 994 29 22 all
294 998 59 23 parts
361 995 25 21 of
396 994 55 22 New
462 994 105 28 Zealand,
579 995 49 22 that

45 1021 29 22 he
83 1020 105 23 forwards
196 1020 37 23 the
244 1022 118 26 Spectator,
380 1022 90 21 Colonial
479 1023 91 25 Gazette,
582 1022 44 23 and

45 1048 30 21 all
85 1047 64 22 other
156 1047 93 23 London
259 1056 79 20 papers
350 1048 111 28 regularly
469 1052 23 18 to
506 1049 54 22 New
570 1049 56 22 Zea-

44 1074 60 26 land,
115 1074 71 21 either
195 1074 94 28 through
299 1076 38 21 the
355 1075 130 25 Post-office,
502 1083 25 14 or
541 1076 30 27 by
588 1076 38 21 the

45 1102 55 21 New
113 1100 101 23 Zealand
228 1102 134 27 Company's
376 1102 70 27 ships:
449 1113 27 4 —
476 1097 110 32 Payment
602 1103 23 21 in

45 1128 107 26 advance,
161 1135 25 14 or
195 1135 14 14 a
217 1128 112 22 reference
336 1129 23 21 in
370 1128 93 23 London
473 1132 61 19 must
540 1137 86 14 accom-

44 1161 60 21 pany
109 1154 39 22 the
158 1154 70 22 order.
256 1155 191 22 Advertisements
453 1156 98 21 inserted
558 1156 23 21 in
589 1156 37 21 the

46 1181 94 22 London
148 1181 141 28 Newspapers
295 1182 20 21 &
322 1182 140 22 Periodicals.
492 1182 133 22 Gentlemen

44 1208 105 27 ordering
158 1208 144 27 Newspapers
311 1216 38 14 are
358 1208 143 28 respectfully
509 1209 117 27 requested

43 1237 24 18 to
77 1238 56 18 state
143 1234 97 22 whether
254 1234 52 28 they
315 1235 74 27 prefer
402 1235 83 26 having
499 1235 60 22 them
569 1236 57 21 thro'

45 1261 38 21 the
93 1261 53 22 Post
156 1262 73 26 Office,
240 1269 25 14 or
273 1262 31 26 by
312 1262 38 21 the
360 1262 133 27 Company's
504 1262 66 27 ships.

264 1306 53 20 For
332 1306 69 26 Sale,

61 1339 18 21 A
104 1339 162 22 PORTABLE
280 1339 103 22 FORGE
393 1339 115 28 complete,
518 1340 52 21 with
579 1340 48 21 bel-

44 1364 51 23 Jljl.
113 1365 54 22 lows
174 1366 45 21 and
229 1366 56 21 tools
291 1374 5 18 ;
307 1373 39 18 say
356 1366 68 27 anvil,
433 1367 118 26 hammers,
560 1370 65 21 seats,

44 1392 107 27 punches,
162 1396 69 23 tongs,
248 1393 61 25 rake,
320 1393 83 27 shovel,
419 1393 94 27 pincers,
528 1397 37 24 top
582 1393 45 22 and

43 1419 87 21 bottom
140 1419 63 27 tools,
214 1419 38 22 &c.
263 1420 39 21 &c.
634 1433 2 10 i

369 1446 81 23 Waitt
461 1447 45 22 and
514 1447 86 22 Tyser.

44 1471 145 28 Wellington,
200 1472 50 22 Jan.
262 1474 20 25 6,
293 1474 61 20 1842.

43 1517 143 48 LAND
210 1517 256 22 AGENCIES.—
465 1518 40 21 TO
529 1518 97 22 LAND-

120 1544 179 22 HOLDERS.—
298 1544 48 22 The
365 1544 155 28 Undersigned
537 1545 44 27 beg
603 1548 23 19 to

44 1570 53 22 offer
107 1570 132 22 themselves
248 1574 22 18 to
280 1570 58 22 their
346 1570 85 23 friends
440 1571 45 22 and
499 1571 38 22 the
551 1572 75 26 public

44 1604 24 14 as
78 1597 86 27 Agents
172 1597 35 22 for
216 1597 36 22 the
262 1597 95 27 disposal
365 1598 26 21 of
396 1597 70 22 Town
474 1598 46 21 and
528 1598 98 28 Country

44 1623 82 27 Lands,
137 1624 44 21 and
191 1627 56 18 trust
255 1624 57 21 their
322 1624 95 21 colonial
428 1624 132 27 experience
574 1632 52 20 may

43 1650 78 21 entitle
130 1650 61 21 them
202 1654 22 17 to
233 1658 13 14 a
257 1650 64 22 share
332 1650 26 22 of
367 1650 37 22 the
413 1651 74 27 public
497 1654 128 24 patronage.

70 1683 63 27 They
142 1683 45 22 will
196 1684 28 21 be
231 1683 75 28 happy
313 1687 24 18 to
347 1691 93 20 arrange
452 1685 35 21 for
496 1685 45 21 and
550 1692 76 21 super-

41 1709 81 23 intend
130 1710 38 22 the
176 1718 92 19 surveys
275 1711 43 21 and
326 1711 157 22 sub-divisions
490 1711 26 21 of
523 1711 35 21 the
563 1711 62 23 land.

43 1736 89 22 Liberal
142 1736 108 22 advances
259 1737 46 22 will
317 1737 29 22 be
360 1737 65 23 made
435 1745 29 14 on
473 1738 66 22 lands
547 1738 79 27 placed

41 1763 24 21 in
76 1763 57 22 their
141 1763 72 22 hands
219 1763 34 22 for
259 1763 53 23 sale.
340 1764 63 27 They
410 1764 45 22 will
462 1765 47 21 also
515 1765 28 21 be
551 1772 73 21 nappy

42 1793 23 18 to
75 1790 65 22 assist
148 1790 133 28 proprietors
289 1791 23 21 in
322 1790 87 28 leasing
419 1791 57 22 their
484 1791 72 22 lands.

318 1824 64 22 John
392 1824 46 22 and
447 1824 59 23 Geo.
516 1824 82 24 Wade.

142 1869 103 20 Nelson
259 1869 77 20 Land
351 1869 143 26 Agencies.

42 1901 91 22 fTIHE
148 1901 148 28 undersigned
309 1902 46 27 beg
363 1905 23 18 to
396 1902 53 22 offer
459 1902 132 22 themselves
602 1906 22 18 to

49 1924 29 25 J_
115 1928 38 21 the
163 1928 73 27 public
247 1936 23 14 as
280 1932 78 24 agents
367 1929 35 22 for
411 1929 37 22 the
459 1929 106 22 selection
579 1929 46 22 and

41 1955 96 27 disposal
148 1956 24 21 of
179 1958 57 19 town
247 1955 45 22 and
301 1958 94 24 country
410 1956 65 21 lands
484 1956 24 22 in
520 1956 36 21 the
574 1963 50 15 new

41 1982 127 21 settlement
195 1982 26 21 of
243 1982 93 22 Nelson.
374 1982 76 28 Apply
472 1986 24 19 to
517 1982 106 28 Wallace,

40 2008 82 27 White,
133 2008 44 21 and
187 2008 105 27 Wallace,
304 2008 143 27 Wellington.

162 2041 120 23 Patchett
294 2042 44 22 and
354 2042 89 27 White,
456 2042 64 22 Land
529 2043 94 26 Agents,

336 2069 93 22 Nelson.

66 2095 131 27 December,
209 2096 60 22 1841.

40 2147 155 26 Wanganui
217 2148 76 19 Land
316 2148 94 26 Agent
429 2148 54 20 and
507 2148 116 21 General

157 2174 182 21 Commission
353 2174 151 21 Merchant.

40 2207 90 47 THE
150 2206 149 28 undersigned
317 2207 54 27 begs
388 2210 23 18 to
426 2207 54 22 offer
496 2207 93 22 himself
600 2210 23 19 to

112 2233 39 22 the
166 2233 74 27 public
255 2241 23 14 as
295 2233 65 23 Land
373 2234 76 27 Agent
464 2234 45 22 and
525 2235 98 21 General

38 2260 148 22 Commission
209 2260 118 22 Merchant
353 2261 35 21 for
415 2261 38 21 the
481 2261 85 21 district
601 2261 25 22 of

37 2287 135 26 Wanganui.
201 2287 36 22 He
247 2287 40 22 has
295 2288 59 21 been
365 2288 35 21 for
409 2287 37 22 the
456 2287 43 22 last
507 2289 13 20 9
534 2287 89 23 months

38 2320 29 15 on
84 2314 38 21 the
137 2313 55 23 staff
205 2315 120 26 surveying
340 2314 49 22 that
408 2314 91 27 district,
519 2315 44 21 and
582 2315 41 22 has

38 2340 161 28 consequently
207 2341 58 22 been
276 2341 94 22 enabled
381 2344 22 18 to
421 2341 89 26 acquire
520 2345 103 18 accurate

36 2367 143 22 information
196 2368 124 27 respecting
334 2368 38 21 the
388 2367 61 22 land.
478 2368 61 25 This,
549 2368 74 22 added

37 2398 24 17 to
71 2394 37 22 the
119 2394 138 27 experience.
258 2394 29 22 he
295 2395 41 21 has
346 2394 44 22 had
399 2395 25 21 in
434 2395 107 21 Scotland
549 2395 25 21 in
583 2395 39 21 the

36 2424 160 24 management
212 2421 24 22 of
250 2421 55 22 land
320 2421 46 22 and
382 2421 68 28 stock,
462 2421 28 22 he
501 2424 66 19 trusts
577 2422 46 21 will

38 2447 78 22 enable
127 2448 46 21 him
184 2451 22 18 to
217 2448 27 21 do
254 2455 67 20 every
328 2449 81 26 justice
420 2452 22 17 to
451 2447 35 23 his
496 2449 125 27 employers

36 2475 24 21 in
79 2474 38 22 the
136 2474 106 22 selection
265 2482 25 14 or
309 2474 109 28 purchase
442 2475 26 21 of
486 2475 62 22 land.
583 2475 38 22 He

38 2501 86 22 flatters
148 2501 93 28 himself,
261 2501 48 22 that
332 2501 35 22 his
385 2501 159 28 acquaintance
567 2502 54 21 with

36 2528 93 26 general
144 2528 99 22 business
252 2528 45 22 will
314 2528 81 22 enable
409 2528 47 22 him
466 2532 22 18 to
499 2529 49 26 give
557 2529 65 21 satis-

36 2555 84 21 faction
137 2558 22 18 to
170 2555 61 22 those
242 2555 48 22 who
304 2562 53 20 may
367 2555 92 26 consign
474 2555 70 27 goods
554 2558 23 19 to
586 2555 36 22 his

37 2581 79 28 charge
127 2581 36 22 for
171 2582 53 21 sale.
251 2581 61 22 With
325 2589 14 14 a
348 2581 55 22 view
412 2585 23 18 to
452 2582 84 27 adding
548 2585 23 18 to
584 2582 37 21 his

36 2609 103 21 facilities
146 2609 22 21 in
178 2608 113 28 disposing
301 2608 26 22 of
332 2609 63 21 stock
402 2608 44 22 and
456 2609 163 27 merchandize,

36 2635 30 22 he
75 2635 40 22 has
125 2635 67 22 taken
203 2638 37 19 out
249 2642 29 15 an
289 2635 155 22 Auctioneer's
454 2635 103 22 Licence.

396 2669 62 22 John
473 2670 121 22 Cameron.

64 2703 45 22 Kai
117 2710 72 15 warra
197 2710 74 19 warra,
280 2703 126 22 December
414 2704 36 25 31,
460 2704 60 21 1841.

35 2748 123 26 Country
171 2747 123 22 Sections
314 2748 44 20 for
377 2748 60 21 Sale
459 2753 36 16 on
513 2748 109 21 Liberal

278 2775 103 20 Terms.

38 2807 164 50 SEVERAL
236 2808 100 22 Sections
365 2808 25 21 of
422 2808 100 27 Country
548 2807 72 29 Land,

100 2835 91 28 already
202 2834 80 22 chosen
292 2835 24 21 in
326 2835 39 21 the
378 2835 92 22 Porirua
485 2835 91 28 district,
586 2835 37 22 for

35 2862 58 27 Sale,
104 2870 75 14 terms
190 2869 104 15 liberal.
323 2861 76 28 Apply
408 2864 23 20 to

131 2889 24 21 F.
170 2889 30 22 A.
214 2889 170 26 Molesworth,
400 2888 185 28 Murphy-street,
596 2896 27 14 or

129 2915 36 22 W.
180 2915 29 22 V.
224 2916 106 26 Brewer,
341 2915 195 22 Manners-street.

170 2960 167 21 Allotments
353 2961 31 20 of
399 2961 84 20 Land.

35 2994 89 48 FOR
138 2994 84 27 SALE,
240 2993 127 23 allotments
382 2994 26 22 of
422 2993 52 23 land
485 3001 31 15 on
530 2994 32 22 Te
572 2994 49 22 Aro

94 3021 57 27 flat,
162 3021 52 22 with
223 3021 112 26 frontages
344 3024 23 19 to
377 3021 63 22 Cuba
448 3020 173 23 andGhuznee-

35 3051 87 19 streets.
151 3048 43 22 No.
205 3048 25 21 of
241 3055 57 20 acre,
310 3049 48 21 154.

62 3074 43 22 For
114 3074 64 27 plans
189 3074 44 22 and
242 3074 139 28 particulars,
391 3074 68 29 apply
468 3077 24 19 to
510 3092 3 3 .

346 3120 3 3 .
369 3103 15 14 ¥
438 3103 30 20 A.
483 3101 108 23 Ludlam.

61 3127 158 26 Willis-street,
230 3128 53 21 Jan.
293 3129 34 26 12,
338 3129 61 21 1842.

36 3172 67 50 TO
118 3172 39 21 BE
172 3172 64 26 LET,
247 3172 43 24 .the
306 3178 61 19 town
384 3180 50 15 acre
447 3174 46 22 No.
503 3174 48 26 210,
563 3181 30 14 on
607 3181 14 14 a

109 3198 103 27 building
221 3199 66 29 lease,
295 3202 36 21 for
339 3202 103 21 fourteen
451 3206 73 22 years.

61 3227 33 21 To
104 3226 29 21 be
143 3226 31 21 let
181 3233 26 15 or
215 3226 54 29 sold,
280 3228 38 22 the
329 3232 59 18 town
395 3235 50 15 acre
455 3228 44 22 No.
509 3228 48 21 642.

62 3254 33 21 To
104 3254 30 21 be
151 3253 54 27 sold;
215 3253 37 22 the
268 3255 143 27 preliminary
423 3255 114 27 (country)
555 3254 66 23 Land

36 3280 72 23 Order
128 3280 44 22 No.
189 3280 47 27 153,
254 3281 76 22 which
348 3281 76 22 stands
442 3284 84 19 seventh
541 3282 23 21 in
581 3282 39 21 the

35 3308 65 21 order
110 3308 27 21 of
142 3307 76 22 choice
228 3311 22 18 at
258 3308 38 22 the
306 3312 57 18 next
371 3308 106 23 selection
487 3308 27 23 of
525 3312 96 24 country

35 3336 104 21 sections.
168 3334 75 28 Apply
254 3338 23 19 to

306 3361 23 22 J.
343 3361 32 22 T.
384 3360 146 30 Wicksteed,

369 3395 222 29 Hawkstone-street,

246 3441 41 20 To
301 3440 34 21 be
337 3444 4 5 1
349 3440 59 25 Let,

36 3475 164 49 SEVERAL
214 3473 92 23 TOWN
315 3473 107 32 ACRES,
430 3473 24 22 in
463 3473 88 23 various
559 3478 62 23 parts

100 3502 27 21 of
138 3501 144 28 Wellington.
311 3501 45 21 For
363 3500 138 28 particulars,
516 3504 68 25 apply
596 3505 24 19 to

211 3536 25 21 E.
252 3536 143 25 Catchpool,
406 3534 187 24 Dickson-street.

33 3587 119 49 LAND
171 3587 41 22 TO
235 3587 95 22 LET.—
330 3587 70 22 Town
424 3593 61 15 acres
509 3586 42 22 No.
572 3588 48 26 168,

111 3615 46 26 156,
167 3616 48 25 423,
232 3614 34 26 47,
276 3616 50 24 561,
338 3614 49 26 559,
405 3613 45 22 and
462 3619 70 22 many
545 3613 77 22 others

33 3641 24 21 in
67 3640 37 23 the
114 3644 60 18 most
182 3636 108 26 desirable
304 3640 125 22 situations.
446 3642 3 7 '
457 3639 56 22 Also
527 3643 95 25 country

32 3667 56 22 land
94 3675 30 14 on
134 3667 37 22 the
180 3667 72 22 banks
262 3668 27 21 of
295 3667 38 22 the
343 3667 69 22 River
412 3666 70 28 Jlutt
490 3666 46 22 and
544 3673 30 15 on
583 3666 38 23 the

34 3694 94 21 Porirua
137 3694 61 22 road.
228 3694 75 27 Apply
313 3697 24 18 to

421 3719 21 22 J.
458 3719 36 22 W.
510 3720 81 21 Child.

246 3765 165 27 Wanganui.

34 3798 90 49 FOR
138 3797 84 23 SALE.
222 3811 28 3 —
250 3798 66 22 Land
332 3799 103 21 between
453 3806 43 14 one
514 3798 45 22 and
577 3801 44 19 two

106 3825 66 21 miles
188 3825 25 21 of
223 3825 38 22 the
275 3825 111 28 township
403 3829 25 18 at
444 3825 128 27 Wanganui
586 3825 36 22 for

33 3852 54 27 sale,
95 3851 27 22 in
130 3851 79 22 blocks
217 3852 26 21 of
253 3852 43 21 five
306 3858 63 15 acres
382 3852 43 21 and
440 3852 108 27 upwards,
559 3859 25 14 or
598 3854 23 19 to

31 3879 35 21 let
75 3885 28 15 on
116 3885 56 20 very
182 3878 78 22 liberal
269 3881 76 24 terms,
355 3878 54 22 with
418 3878 39 22 the
469 3878 61 28 right
539 3879 25 21 of
569 3886 53 21 pur-

34 3905 74 22 chase.
138 3905 76 27 Apply
222 3909 23 17 to
254 3905 29 22 R.
294 3905 66 27 Park,
370 3905 61 27 Esq.,
440 3912 25 15 or
473 3908 25 19 to

372 3938 23 21 J.
410 3938 45 22 and
469 3938 30 22 G.
513 3938 82 22 Wade.

1264 126 163 30 QTORAGE
1440 126 42 23 TO
1496 127 38 22 BE
1549 126 76 26 HAD,
1640 125 67 29 apply
1716 128 24 19 to

1289 178 182 25 TeAroJßeach.
1560 198 4 5 ,
1618 181 5 7 '
1710 179 3 9 '
1725 178 5 11 '
1734 177 26 27 -']
1779 178 13 11 •'
1800 185 4 4 •
1816 176 6 11 f
1823 184 4 4 -

1421 225 11 5 '
1442 222 87 28 F.resh'
1539 220 130 28 Arrivals.

1264 259 90 49 THE
1367 259 153 28 undersigned
1527 260 49 27 .beg
1591 263 22 19 to
1626 260 44 22 call
1684 258 157 25 the'attention

1322 286 28 22 of
1355 286 57 22 their
1421 286 87 23 friends'
1515 287 45 22 and
1568 287 37 22 the
1614 286 80 28 public,
1694 286 5 9 1
1705 286 72 23 to'the
1786 285 56 24 risu-

1262 312 73 28 perior
1344 312 62 23 stock
1416 313 50 21 of—
1472 314 24 9 '•'
1539 331 2 4 .
1610 321 4 3 •
1741 311 5 12 r
1792 311 40 10 '"'

1256 336 3 21 i
1289 338 70 28 Jams,
1367 338 80 28 jellies)
1458 339 45 22 and
1511 339 152 27 marmalades,

1290 365 65 22 Salad
1365 365 37 26 oil,
1410 366 89 21 Prench
1509 373 82 21 capers,
1600 366 45 22 and
1653 365 107 27 mustard,

1289 392 90 22 Bottled
1385 392 73 27 fruits,
1468 392 91 27 pickles,
1570 392 44 22 and
1621 399 84 20 sauces,
1714 393 3 4 '

1290 418 103 28 Superior
1401 418 93 26 vinegar
1510 418 43 22 and
1568 425 107 22 congreve
1686 417 154 27 candlesticks,
1848 422 3 21 |

1259 445 49 27 just
1322 444 110 23 'received
1453 445 71 22 direct
1618 445 95 28 Jßatty's,
1733 443 118 35 Finsbiiryj

1261 471 131 27 Pavement;
1397 471 109 23 .London.
1659 478 4 4 •
1701 478 4 8 '
1754 477 3 4 '
1825 474 3 4 '
1848 488 3 12 ,

1477 498 3 5 '
1525 500 2 6 '
1564 498 32 22 H.
1609 498 101 27 Taylor,
1720 497 46 23 and
1776 497 40 22 Co.
1848 493 3 12 '

1290 523 145 28 Wellington,
1445 524 100 27 January
1553 525 36 26 20,
1598 526 61 20 1842:
1849 526 2 17 :

1264 567 185 51 BUILDING
1466 568 206 23 ALLOTMENTS
1684 568 41 23 TO
1740 567 59 23 LET
1818 558 33 33 in!

1335 594 161 25 .Willis-street.
1524 594 75 30 Apply
1607 598 23 19 to

1270 619 2 4 '
1296 618 3 9 '
1373 623 3 6 '
1426 620 96 23 George
1534 620 89 28 YquNo,
1633 620 72 23 South
1708 621 49 27 .Sea
1766 618 76 24 Hotel.

1451 665 77 21 Land
1537 665 44 21 for
1590 666 64 22 sale.

1265 699 91 49 THE
1374 698 91 23 TOWN
1481 698 81 23 ACRE
1578 698 120 23 numbered
1714 700 28 21 93
1757 705 31 16 on
1800 697 52 24 .the!

1325 726 237 26 Surveyor-General's
1574 733 58 19 map,
1642 725 93 29 and^the
1749 728 103 24 country;

1265 752 83 23 section
1357 751 124 23 numbered
1489 752 33 27 27;
1531 752 28 22 oh
1566 752 37 22 the
1612 752 162 23 Poriruaßoad
1781 759 5 20 ;
1797 751 45 22 also
1850 750 2 27 j

1265 778 37 23 the
1312 782 58 18 town
1381 782 59 19 acre'
1447 778 124 23 numbered
1578 780 40 21 383
1633 786 30 15 on
1673 777 37 24 the
1719 786 60 20 map,
1790 778 53 22 with
1850 784 2 17 i

1265 805 38 22 the
1311 808 94 24 country
1415 806 84 22 section
1508 806 24 21 in
1541 805 39 22 the
1590 805 68 26 order,
1662 806 25 21 of
1698 805 78 24 choice
1783 802 49 32 .^34.

1260 831 3 5 1
1273 834 4 5 '
1457 832 3 6 '
1583 832 84 22 Henry
1675 832 33 21 St.
1717 831 72 22 Hill.

1345 875 132 28 Building
1485 876 165 21 Allotments
1661 878 28 19 to
1703 874 80 28 Le,t.'"

1265 909 51 49 A
1343 908 132 23 NUMBER
1488 906 104 36 of'Toypi
1608 902 69 30 Acre's
1692 902 29 39 /n
1738 909 38 23 the
1785 911 59 19 most

1344 935 110 23 desirable
1463 936 116 22 situations
1589 932 210 36 in'V^e.llington/.to
1813 932 28 24 be

1265 963 31 21 let
1305 970 28 14 on
1343 962 59 22 lease
1412 970 25 14 or
1447 962 120 27 otherwise,
1576 959 129 28 and'.willbe
1712 961 130 23 subdivided
1851 970 1 18 \

1266 993 22 18 to
1298 989 43 22 suit
1351 992 96 19 tenants.
1475 989 64 23 Plans
1545 989 52 23 'arid
1609 989 130 28 particulars
1750 986 56 34 jhay
1811 986 31 31 ,be
1851 999 1 7 -

1265 1016 73 22 learnt
1347 1023 29 15 on
1385 1015 134 29 application
1527 1014 22 24 to
1585 1020 3 2 '
1641 1032 4 5 .
1779 1016 5 8 '
1826 1030 7 6 »
1851 1025 1 13 i

1294 1041 17 26 -.'
1325 1040 3 12 :
1480 1041 3 9 '
1506 1043 4 5 '
1539 1041 3 9 '
1595 1043 85 29 HEffitY
1694 1043 37 21 St.
1744 1042 72 29 JHjtt,L.
1851 1043 1 35 j

1284 1095 85 19 Town
1383 1094 55 20 and
1453 1095 121 26 Country
1586 1095 76 21 Land
1675 1096 29 19 to
1719 1095 34 20 be
1769 1095 57 20 Let.
1851 1108 1 2 ■

1303 1126 129 23 ECTIONS
1447 1125 47 24 and
1506 1123 100 30 portions
1612 1118 35 31 'of
1652 1127 108 22 'Sections
1766 1119 86 30 'mall'

1333 1157 61 24 parts
1410 1154 27 21 of
1451 1153 38 22 the
1505 1153 71 23 Tdwri
1577 1151 3 12 ;
1593 1153 25 22 of
1621 1151 3 3 '
1630 1151 148 30 Wellington,
1797 1148 46 36 a|s6
1851 1152 1 23 !

1264 1180 101 32 Country
1372 1178 101 24 Sections
1486 1180 25 21 in
1520 1180 37 21 the
1574 1180 94 22 districts
1683 1180 27 22 of
1721 1180 39 23 the
1776 1179 66 27 ETutt,

1264 1208 38 21 the
1315 1206 86 28 Kaiori,'
1409 1207 39 22 the
1458 1204 75 30 Ohirb,
1539 1207 51 26 jand
1600 1206 39 23 the
1652 1206 99 23 Porirua.
1779 1206 65 27 Long

1263 1234 70 22 leases
1343 1234 26 21 of
1375 1234 37 21 the
1430 1236 94 23 country
1532 1233 54 22 land
1600 1233 44 22 will
1660 1234 27 21 be
1701 1233 96 27 granted
1814 1240 29 16 on

1264 1260 128 22 reasonable
1402 1264 76 18 terms.
1495 1262 4 3 '
1506 1260 44 22 For
1558 1260 128 28 particulars
1695 1260 67 28 apply
1771 1263 24 18 to

1290 1294 97 22 Hanson
1397 1293 47 23 and
1458 1293 114 27 Alzdorf,
1581 1289 198 35 Ttiorndon-quay,
1788 1300 25 15 or
1821 1296 23 18 to

1290 1321 94 23 Robert
1393 1321 95 26 Stokes,
1498 1320 64 22 Land
1576 1320 109 27 Surveyor
1700 1320 47 23 and
1759 1320 83 27 Agent,

1445 1344 215 25 Woolcomb4treet.
1713 1344 2 10 '
1720 1344 2 5 '
1733 1350 4 4 '

1402 1400 89 20 Town
1503 1400 86 20 Acres
1602 1400 30 19 to
1646 1398 57 21 Let.

1263 1431 177 50 NUMBERS
1452 1438 29 15 on
1491 1429 283 30 the'Surveyor-General's
1783 1438 59 21 map,

1450 1459 42 21 510
1646 1459 45 21 563
1736 1455 3 6 '

1289 1485 45 22 For
1340 1485 138 29 particulars,
1487 1485 66 28 apply
1560 1487 24 20 to
1593 1484 105 28 Wallace,
1709 1484 82 26 White,
1799 1484 45 23 and

1264 1510 110 24 Wallace.'
1386 1512 4 5 '
1445 1511 4 4 '
1485 1507 4 11 '
1569 1508 4 9 '

1425 1556 85 21 South
1529 1556 50 21 Sea
1590 1556 90 21 Hotel.
1737 1556 2 4 ■
1752 1556 3 4 -
1772 1555 4 6 -
1800 1556 2 3 ■
1816 1556 2 4 ■

1263 1590 45 33 f^i
1318 1589 105 23 EORGE
1436 1589 110 22 YOUNG
1557 1589 55 26 begs
1620 1591 23 20 to
1652 1589 83 23 inform
1749 1588 39 22 the
1800 1591 44 19 set-

1263 1612 55 26 VX
1336 1616 52 22 tiers
1404 1616 27 22 of
1439 1613 61 28 'Po.rt
1513 1615 129 28 Nicholson,
1658 1615 45 23 and
1716 1615 127 28 gentlemen

1263 1643 58 22 from
1329 1643 38 22 the
1376 1642 164 28 neighbouring
1549 1642 109 27 Colonies,
1668 1642 49 22 that
1726 1642 37 22 the
1774 1642 69 22 above

1262 1670 69 22 house
1337 1670 21 22 is
1368 1677 53 15 now
1430 1677 57 20 open
1494 1677 6 20 ;
1517 1669 73 22 where
1598 1674 66 23 every
1673 1668 134 28 description
1822 1669 25 21 of

1262 1697 76 27 wines,
1445 1696 35 22 ale
1497 1696 44 22 and
1549 1699 80 25 porter,
1642 1696 21 21 is
1676 1695 128 28 constantly
1819 1699 23 18 to

1262 1723 28 23 be
1303 1723 45 22 had
1355 1731 5 20 ;
1372 1723 46 22 and
1426 1726 68 19 trusts
1499 1723 33 27 by
1540 1721 109 23 attention
1656 1723 28 24 .to*
1694 1722 111 27 business,
1820 1725 23 19 to

1262 1750 66 22 merit
1336 1757 15 15 a
1358 1750 66 22 share
1434 1750 25 22 of
1470 1749 58 23 their
1535 1752 128 25 patronage.
1675 1751 2 3 '

1290 1777 65 22 Good
1369 1777 63 27 beds,
1452 1775 46 23 and
1515 1783 67 20 every
1599 1775 191 23 accommodation
1809 1775 35 22 for

1261 1804 123 22 travellers.

1271 1834 4 7 '
1289 1831 21 21 A
1320 1831 53 21 boat
1381 1833 23 19 to
1414 1830 28 22 be
1451 1829 46 23 had
1505 1832 24 20 at
1537 1829 31 22 all
1576 1829 74 27 hours,
1670 1829 43 28 day
1728 1836 26 14 or
1770 1828 72 28 night.

1288 1863 124 23 Harmonic
1421 1862 109 28 meetings
1538 1869 67 21 every
1611 1862 125 28 Thursday.

1402 1908 143 22 CHARLES
1559 1906 139 29 HARVEY,

1466 1941 102 25 Tailor,
1582 1941 53 26 &c,

1386 1975 113 27 Adjoining
1512 1975 71 21 Kumu
1598 1975 51 20 Toto
1662 1974 55 27 Pah,

1476 2015 155 20 WELLINGTON,

1261 2043 107 49 BEGS
1382 2045 23 19 to
1421 2045 78 19 return
1514 2041 81 23 thanks
1611 2044 23 19 to
1650 2041 37 22 the
1703 2043 82 25 gentry
1799 2040 44 22 and

1336 2069 76 28 public
1423 2069 23 21 of
1454 2069 58 21 New
1520 2068 98 22 Zealand
1627 2068 36 22 for
1670 2068 36 22 the
1715 2069 91 25 support
1814 2066 29 22 he

1260 2097 41 21 has
1315 2095 104 23 received
1432 2095 59 22 from
1506 2094 63 22 them'
1582 2094 59 22 since
1655 2095 35 21 he'
1698 2093 146 23 commenced

1260 2123 108 26 business,
1385 2122 46 22 and
1449 2122 30 22 he
1496 2129 85 15 assures
1595 2122 62 22 them
1672 2121 49 22 that
1736 2120 18 22 it
1773 2120 19 22 is
1809 2120 34 21 his

1260 2149 112 23 intention
1381 2152 23 19 to
1414 2149 105 22 continue
1528 2148 34 22 his
1578 2151 57 19 most
1649 2151 117 19 strenuous
1781 2154 62 15 exer-

1261 2177 59 21 tions
1329 2179 23 19 to
1361 2176 67 22 merit
1437 2183 14 15 a
1459 2175 147 23 continuance
1616 2175 26 22 of
1647 2175 58 21 their
1713 2172 129 30 patronage.

1288 2210 24 22 C.
1322 2210 30 21 H.
1362 2209 63 22 takes
1440 2209 44 22 this
1505 2209 141 27 opportunity
1660 2208 26 22 of
1696 2207 84 28 stating
1795 2207 49 22 that

1260 2236 35 23 his
1305 2236 63 23 stock
1377 2235 93 23 consists
1480 2236 26 21 of
1516 2243 14 14 a
1538 2235 59 27 good
1604 2235 85 27 variety
1699 2235 27 21 of
1731 2234 111 27 superfine

1261 2263 77 28 cloths,
1350 2262 109 28 doeskins,
1477 2262 87 26 tweeds,
1580 2262 125 27 moleskins,
1717 2260 124 26 velveteen,

1259 2290 58 28 pilot
1331 2290 66 26 cloth,
1459 2290 49 26 &c,
1522 2289 45 22 and
1581 2289 33 22 his
1631 2289 91 26 charges
1735 2288 46 25 (for
1793 2289 50 19 cash

1260 2318 59 25 only)
1329 2316 123 22 moderate.

1466 2361 31 21 E.
1512 2360 123 24 Stafford,

1345 2395 79 24 Tailor,
1437 2395 172 24 Lambton-quay,
1626 2393 133 26 Wellington,

1261 2429 51 49 IN
1325 2428 117 27 returning
1451 2427 81 22 thanks
1540 2429 24 20 to
1574 2426 62 23 those
1649 2426 129 28 gentlemen
1793 2425 50 22 who

1316 2456 58 21 have
1383 2454 94 22 favored
1484 2454 48 22 him
1539 2454 54 21 with
1602 2453 58 22 their
1667 2453 82 27 orders,
1757 2460 86 15 assures

1260 2483 61 22 them
1330 2482 49 22 that
1386 2479 65 24 from'
1455 2481 36 23 his
1499 2480 63 23 stock
1571 2487 29 15 on
1608 2480 67 27 hand,
1686 2479 47 22 arid
1740 2480 59 22 from
1807 2487 35 14 re-

1261 2513 52 19 cent
1321 2508 91 23 arrivals
1421 2508 59 22 from
1489 2504 109 30 Englandj
1607 2506 30 23 he
1644 2506 47 23 will
1702 2506 29 23 be
1748 2506 96 23 enabled

1261 2540 23 18 to
1292 2536 66 22 make
1367 2543 30 20 up
1406 2532 88 25 articles'
1503 2534 25 22 in
1534 2534 39 22 the
1582 2533 47 22 first
1638 2533 55 28 style
1703 2533 28 22 of
1739 2533 89 22 fashion
1835 2541 6 20 ;

1260 2562 72 23 which
1341 2560 47 24 wilt
1394 2562 83 21 render
1484 2561 18 22 it
1511 2567 148 21 unnecessary
1666 2560 34 22 for
1713 2560 39 22 the
1767 2559 77 29 public

1260 2593 24 19 to
1292 2589 59 23 send
1361 2592 24 18 to
1400 2588 38 22 the
1455 2587 161 28 neighbouring
1625 2586 103 23 Colonies
1736 2586 40 23 for'
1786 2586 58 23 their

1261 2616 97 27 wearing

1268 2646 6 4 '
1282 2643 92 22 'Nlß.—
1374 2642 75 28 Every
1462 2640 76 24 article
1552 2640 124 23 warranted
1693 2640 27 22 of
1739 2640 40 23 the
1793 2640 51 23 best

1261 2670 92 31 quality,
1364 2671 43 25 cut,
1419 2668 45 23 and
1473 2666 169 30 workmanship,
1652 2667 46 23 and
1712 2674 31 15 on
1753 2675 91 15 reason-

1261 2697 50 23 able
1320 2700 75 18 terms.
1548 2697 12 15 -'

1482 2741 32 23 H.
1527 2741 93 27 READ,

1396 2778 118 26 Tinman
1524 2777 55 23 and
1586 2771 120 36 grazier,

1255 2824 3 4 •
1338 2812 61 23 Near
1408 2812 39 21 the
1458 2811 153 27 Court-house,
1620 2810 147 28 Wellington.

1262 2858 39 20 To
1310 2858 46 20 the
1366 2856 163 22 Mercantile
1538 2856 55 22 and
1607 2856 134 28 Shipping
1755 2856 89 22 Inter.

1332 2880 19 12 M
1382 2885 57 19 ests
1451 2883 29 23 of.
1565 2879 26 25 if
1592 2883 133 21 icholson.

1262 2906 280 45 npHOMl's/BEYAN
1559 2917 45 22 and
1619 2917 82 26 SONS,
1712 2916 57 23 New
1786 2917 59 22 Zea-

1268 2939 31 28 JL
1322 2951 60 15 LAND
1400 2951 60 15 ROPE
1479 2951 45 15 AND
1534 2944 3 4 '
1543 2951 74 15 TWINE
1640 2951 203 19 MANUFACTURERS,

1261 2972 44 26 beg
1318 2974 23 19 to
1350 2971 83 22 inform
1442 2971 59 22 their
1508 2970 84 23 friends
1603 2971 45 22 and
1658 2971 36 22 the
1702 2971 83 26 public,
1796 2970 50 22 that

1261 2998 53 28 they
1322 2998 58 23 have
1395 2997 108 29 remove^
1517 3000 23 19 to
1555 2997 57 22 their
1624 3004 53 16 iiew
1692 2997 107 27 premises

1262 3025 189 27 Lambton-quay,
1465 3031 78 15 corner
1559 3024 26 26 of
1599 3024 156 27 Willis-street,
1771 3024 73 21 where

1262 3059 67 20 every
1338 3052 76 21 article
1423 3052 25 21 in
1456 3051 37 22 the
1503 3051 70 22 above
1582 3051 72 22 trades
1663 3058 52 20 may
1722 3051 30 22 be
1760 3050 47 23 had
1816 3058 28 15 on

1261 3078 38 23 the
1308 3078 96 22 shortest
1412 3078 84 22 notice.
1514 3084 3 4 '
1697 3091 15 6 --
1797 3096 3 4 .
1818 3080 10 17 '.

1288 3103 93 29 Fishing
1388 3102 65 30 nets/
1456 3107 64 25 mats,
1531 3105 50 26 &c,
1590 3104 64 23 made
1664 3103 45 23 and
1717 3103 109 29 repaired.

1287 3132 26 22 T.
1322 3132 26 22 B.
1359 3132 46 21 and
1416 3132 56 21 Sons
1482 3138 37 15 are
1527 3127 68 32 ready
1604 3134 22 19 to
1635 3131 124 22 undertake
1766 3134 80 26 export

1261 3158 76 23 orders
1346 3162 23 18 to
1378 3165 46 20 any
1433 3160 84 24 extent,
1528 3164 29 15 on
1565 3156 132 24 reasonable'
1704 3160 77 20 terms.
1799 3165 7 12 >
1848 3166 4 9 <

1288 3185 128 22 November
1424 3186 34 25 30,
1470 3185 78 24 1841.;
1605 3183 2 4 '
1632 3190 3 3 '
1672 3194 3 7 >
1709 3189 4 7 '
1750 3183 14 12 '"

1261 3231 40 20 To
1322 3230 45 21 the
1387 3229 168 25 Merchants,
1576 3229 195 27 Ship-owners,

1396 3254 2 7 '
1409 3255 35 22 'of
1456 3252 66 24 Port
1534 3255 159 22 Nicholson.
1707 3252 7 9 v
1798 3252 11 9 v
1822 3256 4 4 '

1260 3287 105 49 TD.
1390 3287 102 24 PRATT
1514 3288 55 27 begs
1583 3291 58 21 most
1658 3290 146 28 respectfully
1821 3294 23 19 to
1847 3296 3 6 1

1308 3325 10 10 •
1348 3318 78 20 return
1441 3315 36 22 his
1488 3314 81 24 thanks
1584 3315 34 23 for
1635 3316 38 23 the
1685 3317 92 22 favours
1792 3325 53 15 con-

1322 3342 73 23 ferred
1411 3350 30 14 on
1451 3339 60 29 ~bim,
1522 3341 64 23 while
1600 3343 25 22 in
1641 3344 141 27 partnership
1792 3345 52 22 with

1261 3369 43 22 Mr.
1314 3369 123 28 T..Bevan,
1447 3369 47 22 and
1499 3367 56 30 begs
1565 3372 23 19 to
1596 3369 81 23 inform
1687 3370 121 28 them.that
1816 3371 28 23 he
1843 3372 3 10 1

1260 3396 22 22 is'
1288 3403 57 18 now,
1348 3396 181 27 manufacturing
1536 3397 144 31 ropeSj.lines,
1691 3398 75 30 twine,
1777 3399 27 21 of
1815 3399 29 21 all

1261 3423 144 28 descriptions
1413 3431 6 19 ;
1435 3426 59 19 mats
1507 3422 25 22 of
1545 3419 31 26 ail
1591 3431 61 20 sizes,
1673 3425 41 22 &c.
1752 3425 93 27 Fishing

1327 3449 71 23 made'
1410 3449 46 23 and
1473 3449 109 28 repaired,
1599 3450 44 23 and
1662 3458 68 21 every
1746 3451 58 22 kind
1822 3453 26 21 of

1260 3475 77 23 article
1351 3484 25 14 in
1391 3475 39 23 the
1445 3476 70 22 above
1531 3476 53 28 line,
1600 3477 30 22 all
1644 3477 58 22 from
1719 3478 57 22 New
1788 3479 56 22 Zea-

1259 3503 56 22 land
1329 3502 53 28 flax,
1393 3503 45 23 and
1452 3510 30 16 on
1492 3503 37 22 the
1538 3506 59 20 most
1604 3504 130 22 reasonable
1744 3505 99 27 charges.

1262 3537 43 23 No.
1322 3538 19 26 1,
1365 3536 231 33 Molesworthystreet,
1620 3537 147 29 Wellington,
1792 3539 53 22 Port

1489 3564 129 22 Nicholson.
1661 3571 4 3 ■
1767 3571 4 5 >
1800 3569 18 6 >■
1828 3568 4 3 -

1261 3611 50 47 A
1339 3607 132 28 HEWITT,
1482 3607 158 27 Fishmonger,
1651 3608 111 23 Lambton
1771 3611 72 26 Quay,

1315 3646 12 11 •
1343 3634 146 28 Wellington,
1495 3637 88 20 returns
1592 3632 33 24 his
1634 3635 86 22 sincere
1730 3635 83 24 thanks
1821 3640 23 18 to

1261 3662 38 22 the
1316 3661 144 24 inhabitants'
1473 3661 28 22 of
1519 3661 43 23 this
1579 3661 87 32 polony
1680 3662 37 22 for
1734 3659 39 25 the
1791 3670 53 21 very

1259 3688 80 23 liberal
1356 3691 93 24 support
1463 3687 30 23 he
1506 3687 41 23 has
1561 3687 98 23 hitherto
1672 3688 111 28 received,
1800 3689 46 23 and

1259 3716 55 27 begs
1323 3718 24 19 to
1355 3715 83 22 inform
1447 3714 63 22 them
1519 3714 48 22 that
1581 3714 26 22 be
1616 3714 42 23 has
1665 3715 66 22 made
1740 3722 105 21 arrange-

1260 3745 75 19 ments
1349 3741 35 22 for
1402 3748 15 15 a
1430 3739 106 24 constant'
1548 3741 79 28 supply
1645 3741 27 22 of
1689 3741 40 22 the
1747 3741 99 25 choicest

1261 3769 103 22 varieties
1372 3768 26 22 of
1407 3767 61 28 fish/
1475 3767 73 23 which
1563 3768 29 21 he
1607 3767 138 29 confidently
1759 3776 86 16 recom-

1261 3795 79 23 mends
1348 3799 24 18 to
1381 3795 38 22 the
1428 3794 76 29 public
1513 3802 23 14 as
1541 3794 69 27 being
1616 3794 26 22 of
1651 3794 38 23 the
1696 3795 51 26 best
1752 3796 92 28 quality.

1289 3828 82 23 Order*
1379 3828 36 23 for
1424 3828 104 30 shipping
1535 3828 109 28 received,
1659 3828 44 23 and
1712 3830 133 28 punctually

1261 3856 107 24 attended
1377 3859 30 19 to.
1633 3860 4 8 '

1415 3889 100 16 OYSTERS
1529 3889 70 16 FRESH
1614 3889 77 16 DAILY.

1251 3909 2 36 |
1289 3916 63 27 Also,
1362 3923 15 15 a
1385 3916 80 27 supply
1475 3915 26 23 of
1516 3915 125 28 vegetables
1658 3916 59 24 fresh
1732 3917 58 24 from
1807 3917 38 23 the

1251 3950 2 23 |
1260 3943 85 27 garden
1355 3942 68 27 daily.
1477 3966 4 3 .
