2480 3830
616 51 136 25 OXFORD
786 49 70 24 AND
892 47 86 26 CUST
1012 45 190 28 OBSERVER,
1239 44 190 31 SATURDAY,
1464 44 183 26 FEBRUARY
1682 46 40 26 15,
1757 45 71 23 1889.

1898 3628 87 21 Printed
1994 3629 43 21 and
2051 3630 115 22 Published
2185 3633 28 24 by
2230 3632 94 22 Richard
2342 3632 88 21 Holman

1924 3660 85 23 Parish,
2033 3661 22 20 at
2072 3661 35 21 his
2124 3663 120 25 Registered
2258 3664 98 25 Printing
2369 3664 61 21 Office

1924 3690 59 26 High
1992 3692 75 26 gtreet,
2075 3693 54 21 East
2139 3695 86 23 Oxford,
2236 3690 146 31 Canterbury.]

1976 3723 112 26 Saturday,
2098 3725 108 26 February
2220 3727 32 24 15,
2281 3727 59 21 1890,

1847 3755 9 24 J

127 176 217 26 CALEDONIAN
377 170 124 24 HOUSE.

50 230 214 49 JAMES

138 292 85 29 BOOT,
244 289 84 30 SHOE,
339 289 26 25 A
374 283 122 30 SUPPER

202 328 250 31 Manufacturer

50 378 212 38 -WEST
282 368 292 41 OXFORD

50 426 53 25 Has
120 432 33 17 on
164 421 67 26 hand
242 428 15 16 a
268 416 111 33 splendid
395 414 145 24 assortment
551 412 27 23 of

50 459 75 24 Boots
136 455 50 25 and
198 453 75 26 Shoes
284 449 71 26 made
366 456 32 17 on
409 447 43 25 the
458 452 118 25 premises

50 493 27 23 at
87 490 78 30 prices
176 487 55 25 that
242 484 54 30 defy
302 480 164 32 competition.
500 478 65 30 Boys

51 521 88 28 School
149 520 82 26 Boots,
243 515 61 26 back
316 521 79 18 seams
403 513 18 23 &
431 512 67 24 front
508 511 68 23 hand

50 562 71 20 sewn,
129 553 90 23 cannot
226 550 28 22 be
261 546 136 32 surpassed.
430 543 81 25 Men's
521 543 55 22 best

50 585 150 31 watertight
212 580 91 34 pegged
314 580 59 28 15/-,
407 574 108 32 Bespoke
534 574 40 23 de-

48 618 124 33 partment
190 613 113 31 caretuUy
320 609 115 26 attended
452 610 37 22 to..
534 609 42 21 Jut

48 652 49 25 and
102 645 187 32 Workmanship
294 641 163 28 Guaranteed.
474 640 102 30 Repairs

49 684 83 31 neatly
139 681 49 25 and
194 678 122 35 promptly
322 677 63 24 done
396 677 26 22 at
433 671 142 27 reasonable

50 717 86 32 prices,

101 906 160 34 TIMBER
282 900 247 34 MERCHANT.

52 1028 122 40 FOREST
187 1025 69 40 SAW
272 1022 106 39 MILLS,
395 1020 81 38 VIEW
491 1018 82 38 HILL

130 1075 138 36 WEST
297 1072 197 34 QXFQED.

50 1193 124 30 Timber
190 1192 55 28 cut
266 1192 32 26 to
317 1197 62 30 any
407 1182 169 32 dimension

49 1242 35 26 at
97 1238 53 30 the
165 1236 142 32 Shortest
325 1231 119 35 Notice,
469 1228 62 32 and
545 1230 31 27 at

193 1287 120 29 Lowest
331 1283 103 29 Rates.

132 1411 56 79 J.
254 1404 238 96 LOU6I,

70 1542 485 48 COACHBIJILDER,

284 1648 57 22 AND

49 1733 515 55 UNDERTAKER

104 1855 143 41 EAST
270 1849 250 42 OXFORD,

164 1967 106 27 COALS
278 1968 6 22 t
318 1963 107 27 COALS
433 1964 7 23 !
454 1964 7 23 1

50 2035 142 28 Newcastle,
226 2029 131 33 Westpoirt,
397 2027 177 32 Cbalpitlieath,

219 2064 119 27 Malvem,
355 2061 50 25 arid

82 2098 175 28 Blacksmiths'
275 2096 113 24 Brunner
403 2093 63 24 Nuts
475 2089 67 27 Coal.

50 2164 152 23 FIREWOOD
215 2163 23 20 m
251 2161 92 25 Lengthß
355 2160 23 20 to
390 2157 49 21 Suit
457 2155 117 23 CLIENTS

120 2222 86 25 ggFAT
218 2221 87 20 Lowest
317 2218 102 21 Oobbbnt
431 2215 78 21 Rates.

52 2283 23 24 A
79 2282 159 29 Conveyance
244 2279 76 23 meets
327 2283 68 23 every
402 2274 74 24 train.
492 2271 84 25 Goods

63 2312 120 31 conveyed
193 2314 26 21 to
231 2317 69 22 every
306 2310 54 29 part
371 2307 27 24 of
406 2306 43 24 the
459 2304 104 25 district.

109 2342 98 28 Booked
217 2341 92 32 parcels
318 2338 120 26 delivered
449 2337 62 24 Free

165 2375 86 24 within
265 2373 44 24 the
322 2369 125 32 Borough.
469 2394 11 3 

53 2399 156 35 Commercial
235 2403 143 27 Travellers'
405 2401 171 31 requirements

79 2441 50 27 ■will
139 2440 92 25 receive
240 2430 35 33 all'
283 2443 122 23 necessary
418 2432 128 27 attention.

150 2522 167 28 GENERAL
334 2519 160 28 CARRIER,

53 2568 91 26 COAL
159 2568 18 23 &
188 2563 180 27 FIREWOOD
379 2559 197 29 MERCHANT,

246 2608 132 24 Rangioba.

53 2685 88 26 Orders
148 2691 57 24 may
217 2683 30 25 be
254 2681 43 26 left
304 2682 27 23 at
341 2680 40 25 Mr
388 2679 28 25 C.
426 2679 23 25 I.
456 2677 122 31 Jennings

167 2715 130 27 Stationer,
318 2712 129 30 Rangiora.

53 2824 56 78 P.
132 2821 56 84 (.
213 2813 363 94 JOEASNSEN,

53 2902 277 82 BjisSE*;
343 2923 2 5 1
381 2920 195 58 Wilt,

63 3019 3 2 ■
78 3010 93 14 .-.■■■■■■
188 3014 42 6 ■■-'■■
243 3006 3 2 '
273 3012 3 6 :
284 3006 74 26 ANDv
383 3003 75 17 ■•'■■=;•-
534 3012 2 1 -
541 3000 2 17 :

73 3055 496 45 PERAMBULATOR

96 3202 170 35 QT7EEN
318 3198 213 32 STREET,

51 3263 185 37 JEIA.ST
276 3258 291 36 OXFORD

96 3393 438 53 PHOTOfiRAPHT,

49 3575 113 26 removed
172 3575 63 24 from
249 3572 115 27 Colombo
381 3570 37 26 St.
437 3572 26 23 to
482 3571 92 25 Oxford

59 3619 101 25 Terrace
171 3617 64 24 close
246 3617 26 24 to
284 3613 87 27 Cashel
383 3613 78 26 Street
473 3613 89 32 Bridge

172 3655 272 29 CHRISTCHURCH.
449 3677 3 6 :

80 3737 116 26 Cabinets
212 3737 33 23 10
256 3734 113 31 shillings
380 3740 43 25 per
435 3733 85 24 dozen.

667 362 182 46 JOHN
915 358 278 49 INGRAM

667 429 57 21 HAS
737 428 55 21 FOB
806 426 69 22 SALE
891 426 37 21 BY
943 425 122 22 PEIVATB
1078 423 117 24 TREATY,

767 463 34 21 On
810 463 94 21 Account
912 463 23 20 of
944 463 49 20 Mrs
1001 463 98 22 Agasbiz,

667 500 46 20 Her
722 501 96 23 compact
828 498 54 20 little
901 498 100 26 Property
1019 498 22 20 of
1059 497 50 20 nine
1128 496 69 23 Acres,

667 526 52 20 -with
734 524 146 22 four-roomed
898 524 78 23 House,
994 524 42 20 and
1053 522 54 26 good
1124 522 73 20 Stable

667 553 92 19 thereon.
771 552 18 19 A
793 551 56 25 large
855 550 92 20 Orchard
951 550 57 20 filled
1013 550 49 20 with
1067 550 128 24 well-grown

667 580 53 18 trees
729 578 23 19 m
761 578 39 19 fall
809 576 91 25 bearing,
909 575 68 25 nicely
986 574 98 24 situated,
1094 575 42 20 and
1145 573 50 21 land

667 605 22 20 of
715 604 36 20 the
778 603 77 20 richest
882 602 90 25 quality.
999 602 66 23 Price,
1082 606 49 20 very
1149 600 46 20 low.

666 630 74 21 Terms
748 629 113 22 moderate.

755 684 33 20 On
798 682 89 21 account
896 682 23 20 of
927 681 35 21 the
972 680 136 25 Mortgagees,

666 720 160 25 ThatPropetty
832 719 24 20 at
861 718 84 26 present
952 716 99 26 occupied
1061 716 27 25 by
1095 716 99 20 Bicbabd

666 747 75 23 Kkats,
750 744 127 27 comprising
891 745 47 19 four
947 748 57 16 acres
1013 743 50 20 with
1073 741 53 26 good
1135 740 60 22 dwel-

666 772 136 26 ling—house
817 772 18 20 &
852 770 77 21 Stable.
956 769 54 26 Very
1025 769 90 20 suitable
1132 768 33 20 for
1182 772 13 15 a

667 801 73 22 carter,
758 798 93 25 fronting
865 796 37 21 the
910 796 58 21 main
978 795 50 21 xoad
1038 797 22 19 to
1076 794 36 21 the
1138 794 57 20 mills

666 825 38 20 but
714 831 57 14 more
780 831 23 13 so
811 825 33 19 for
853 829 13 15 a
874 823 128 23 fellmonger,
1017 827 24 15 as
1059 820 58 20 three
1126 825 69 15 never-

666 850 75 25 failing
750 852 89 18 streams
848 854 40 14 run
905 849 49 25 past
971 847 58 21 three
1046 845 55 21 sides
1118 844 36 21 of
1159 845 37 20 the

667 877 104 26 property.
797 875 58 21 Price
863 880 49 19 very
922 875 47 19 low.

667 929 55 21 That
740 929 97 25 property
854 928 76 20 known
948 931 24 15 as
989 924 97 26 Skippers
1105 922 91 21 situated

668 955 95 26 opposite
771 954 90 20 Pearson
870 952 55 21 Park
934 951 51 20 with
1000 950 46 20 half
1064 955 28 14 an
1110 955 47 14 acre
1175 949 24 21 of.

668 981 51 20 land
727 986 28 14 on
764 980 68 20 which
841 979 58 21 there
907 978 19 20 is
933 983 13 15 a
953 977 58 25 Shop
1017 976 102 24 Dwelling
1125 975 72 20 House

668 1006 73 22 Stable
748 1006 44 20 and
799 1012 14 14 a
821 1006 53 25 good
883 1004 46 21 well
938 1004 17 20 &
963 1002 101 21 Orchard.

667 1059 56 21 That
733 1059 100 25 Property
842 1058 74 20 known
926 1063 24 14 as
959 1054 111 22 Fenwick's
1089 1053 108 27 adjoining

667 1086 34 20 Mr
709 1085 74 21 Aliens
792 1084 129 21 Blacksmith
931 1082 65 26 Shop,
1006 1080 127 26 comprising
1151 1079 46 21 half

667 1117 28 16 an
705 1117 53 18 acre,
768 1110 50 21 with
835 1110 54 26 good
908 1108 96 26 dwelling
1021 1107 67 21 house
1105 1107 18 20 &
1141 1106 57 26 large

671 1138 56 21 Shed
735 1139 19 20 &
762 1138 78 20 Stable.

668 1189 56 21 That
742 1188 131 21 two-storied
889 1188 100 25 Building
1006 1192 29 15 on
1052 1186 37 21 the
1105 1186 95 25 Terrace,

668 1215 108 27 adjoining
785 1216 35 19 Mr
828 1214 120 21 Pritchards
957 1215 63 19 store.

761 1268 33 21 On
803 1269 89 20 account
900 1268 23 19 of
933 1267 35 20 Mr
976 1266 30 21 H.
1015 1266 75 20 Beam

668 1304 40 21 His
717 1310 49 19 very
781 1309 87 20 compao
896 1303 56 20 little
968 1301 100 27 Property
1086 1301 24 19 m
1129 1301 70 25 Queen

668 1331 73 23 Street,
750 1329 124 26 containing
882 1329 64 21 about
954 1329 27 26 4?
989 1328 64 20 Acres
1061 1327 23 20 of
1089 1326 46 21 rich
1142 1326 57 24 land,

670 1356 123 21 subdivided
802 1356 47 20 into
859 1356 77 20 several
946 1354 63 20 small
1018 1353 112 27 paddocks,
1148 1353 51 20 with

669 1382 54 25 good
740 1383 73 19 House
830 1381 93 25 thereon,
940 1381 60 20 brick
1016 1380 53 20 well.
1093 1379 51 20 Cost
1162 1379 37 20 the

668 1414 70 15 owner
747 1408 61 20 £250.
835 1408 51 20 Will
896 1407 25 20 be
929 1406 47 21 sold
985 1407 23 20 at
1016 1412 14 15 a
1039 1411 49 19 very
1096 1404 103 21 consider-

668 1434 46 21 able
722 1433 108 22 reduction
839 1440 28 14 on
877 1433 44 21 this
929 1433 62 27 price.

756 1487 34 21 On
799 1486 89 21 account
897 1486 22 20 of
928 1486 33 20 Mr
969 1485 138 20 Woow>rige.

668 1523 42 20 His
717 1522 47 21 nice
771 1522 56 21 little
835 1522 108 25 Property,
952 1520 92 21 situated
1053 1522 22 19 at
1083 1520 36 21 the
1126 1524 73 16 corner

669 1550 23 20 of
700 1548 85 22 Church
790 1548 68 21 Street
865 1549 18 19 &
889 1548 45 25 Bay
941 1547 58 23 road,
1006 1546 127 26 comprising
1140 1545 59 21 three

670 1576 62 20 Acres
740 1574 23 21 of
771 1574 47 21 rich
826 1574 58 25 land,
894 1574 59 21 filled
960 1573 51 21 with
1020 1574 52 20 frnit
1086 1573 43 21 and
1138 1571 60 22 other

669 1604 60 18 trees.
758 1601 46 20 The
813 1601 109 25 Buildings
931 1599 102 26 comprise
1043 1599 78 24 House,
1131 1597 64 26 Shop,

668 1628 44 20 and
725 1628 63 26 large
799 1627 57 21 Shed
871 1626 51 21 with
934 1626 47 20 iron
997 1625 52 21 roof.
1083 1625 59 20 Price
1150 1629 50 20 very

669 1654 46 21 low.

762 1707 34 20 On
805 1707 89 21 account
903 1705 22 21 of
934 1705 34 21 Mr
976 1704 135 21 Brettargh.

668 1743 115 26 Fifty-four
792 1743 64 20 Acres
863 1742 24 20 of
894 1740 54 27 good
956 1740 59 25 land,
1025 1738 122 22 subdivided
1152 1738 47 21 into

668 1770 42 20 two
716 1769 105 26 paddocks
828 1768 28 21 all
862 1767 72 21 fenced
941 1766 43 21 and
988 1766 44 21 laid
1037 1766 60 21 down
1104 1765 24 20 m
1133 1771 66 19 grass,

669 1795 92 21 situated
769 1795 95 26 opposite
879 1794 36 20 the
929 1792 148 27 Immigration
1089 1791 109 22 Barracks.

667 1822 59 20 Price
734 1827 49 20 very
789 1822 45 20 low.
844 1821 72 21 Terms
924 1825 57 20 easy.

668 1874 91 25 Seventy
766 1874 62 21 Acres
836 1872 136 26 unimproved
981 1871 51 21 land
1038 1877 28 14 on
1074 1870 63 21 Ellis'
1143 1870 56 25 Flat,

667 1899 109 27 adjoining
785 1900 34 21 Mr
827 1900 72 21 James
908 1898 100 21 Wilson's
1016 1898 71 20 Farm.

667 1951 79 25 Eighty
754 1952 62 20 Acres
825 1950 108 26 adjoining
940 1950 35 19 Mr
981 1948 147 21 O'Halloran's
1136 1948 62 20 farm.

787 2004 34 21 On
830 2003 89 21 account
928 2002 22 20 of
960 2002 34 20 Mr
1002 2001 69 21 Bows.

668 2036 39 20 116
725 2036 62 20 Acres
806 2035 22 20 of
846 2034 57 24 land,
920 2033 117 27 adjoining
1049 2033 38 20 Mr
1102 2032 95 21 Duder's

668 2062 59 24 land,
740 2063 22 19 at
771 2061 56 21 View
837 2060 53 23 Hill,
896 2060 94 24 fronting
994 2059 58 21 Four
1055 2058 69 21 Chain
1131 2058 65 20 Road.

667 2088 73 21 Water
747 2093 47 15 race
802 2086 93 25 running
903 2086 108 24 alongside
1016 2086 22 19 of
1046 2085 36 20 the
1091 2084 108 26 Property.

747 2140 34 21 On
790 2140 89 20 account
888 2139 22 20 of
919 2138 35 21 Mr
962 2138 28 21 H.
1002 2137 106 25 Dudding.

666 2172 52 22 2529
727 2172 63 20 Acres
803 2171 23 20 of
833 2169 54 26 good
893 2169 86 26 grazing
987 2169 56 23 land,
1049 2175 51 14 near
1107 2168 88 21 Master-

668 2200 44 23 ton,
726 2197 76 26 (North
811 2195 89 26 Island),
917 2195 51 21 with
977 2195 54 20 2000
1039 2194 69 26 sheep.
1136 2193 61 20 Good

668 2223 113 26 Buildings
799 2222 43 22 and
860 2222 64 26 sheep
940 2220 63 27 yards
1020 2220 93 21 thereon.
1137 2219 62 21 Land

667 2250 71 27 partly
747 2248 115 28 improved.

760 2311 33 21 On
803 2311 90 20 account
901 2310 23 20 of
933 2310 34 20 Mr
974 2310 14 19 J
997 2309 24 20 M
1028 2307 71 22 Booth

667 2342 140 26 Ninty-seven
816 2343 63 20 Acres
887 2341 58 21 Bush
954 2340 57 25 land,
1020 2339 62 22 West
1091 2337 85 22 Oxford.

668 2373 52 21 Also
727 2379 14 15 a
750 2373 89 20 number
848 2372 22 20 of
878 2371 60 21 other
945 2370 123 26 Properties,
1086 2369 52 21 with
1155 2368 44 22 and

669 2399 88 21 without
766 2398 112 25 buildings,
886 2397 43 21 and
938 2403 13 14 a
959 2396 89 20 number
1063 2396 23 20 of
1103 2394 95 26 building

668 2425 92 22 sections
766 2425 22 21 m
797 2424 83 22 various
886 2423 59 27 parts
954 2423 23 20 of
985 2422 36 22 the
1028 2420 112 26 township.

821 2476 37 21 TO
872 2476 56 20 LET
934 2476 39 20 OR
986 2474 70 22 SELL

757 2508 35 20 On
800 2507 89 21 account
898 2506 23 20 of
929 2505 33 21 Mr
970 2505 26 21 D.
1008 2505 102 19 Sladden.

669 2540 41 22 His
731 2539 42 21 late
783 2537 121 24 Residence,
920 2536 68 26 nicely
1003 2535 98 24 Bituated,
1110 2540 24 16 so
1143 2541 25 15 as
1176 2535 23 21 to

671 2564 112 24 command
792 2571 13 14 a
814 2564 51 21 view
874 2564 22 19 of
905 2562 36 21 the
950 2561 140 25 surrounding
1105 2563 94 23 country,

671 2590 127 28 comprising
806 2592 36 18 ten
852 2594 64 19 aereß,
923 2589 52 19 with
983 2590 37 18 ten
1025 2587 86 20 roomed
1117 2587 80 25 House,

670 2618 52 21 with
730 2618 64 19 water
803 2615 45 21 laid
856 2621 35 18 on,
898 2613 54 26 good
959 2613 52 21 bath
1017 2618 67 19 room,
1089 2612 44 22 and
1138 2618 61 20 every

670 2643 144 22 convenience.
849 2641 45 21 The
906 2639 51 22 land
966 2640 19 20 is
998 2638 82 22 divided
1088 2639 47 21 into
1141 2638 58 22 three

670 2670 112 27 paddocks,
792 2674 13 15 a
814 2666 96 27 splendid
918 2665 78 26 garden
1003 2665 43 21 and
1052 2664 90 22 orchard
1152 2665 47 21 well

669 2696 60 21 filled
737 2695 51 21 with
796 2693 53 21 fruit
857 2693 43 20 and
910 2691 133 21 ornamental
1049 2691 61 20 trees.

891 2744 55 20 Also
946 2755 28 4 —

668 2785 66 25 Forty
751 2782 63 22 Acres
827 2781 23 20 of
866 2780 70 26 partly
951 2778 83 22 worked
1048 2779 38 20 out
1104 2778 61 21 bush.
1181 2778 19 21 A

669 2816 49 20 very
727 2809 57 25 early
802 2807 106 23 selection,
917 2805 43 21 and
968 2806 40 20 300
1016 2806 64 19 Acres
1088 2804 22 21 of
1118 2804 83 22 worked

669 2837 38 21 out
715 2835 56 22 bush
778 2834 64 24 lately
851 2832 98 26 occupied
957 2832 28 25 by
992 2831 35 20 Mr
1034 2831 133 26 Youngman.

880 2884 37 22 TO
925 2884 56 21 LET

669 2940 88 24 Cottage
769 2937 96 27 opposite
877 2937 35 20 Mr
923 2935 138 26 Weylandfs.
1097 2935 62 26 Bent,
1173 2935 26 21 4s

668 2972 37 20 per
712 2965 62 21 week.

668 2996 120 22 Furnished
794 2996 87 24 Cottage
890 2993 109 27 adjoining
1008 2992 36 22 the
1053 2992 48 21 Sale
1108 2992 76 21 Yards.

762 3054 33 21 On
805 3053 88 22 account
902 3051 23 21 of
934 3051 37 21 Mb
979 3051 86 21 Frohm.

669 3091 57 21 Four
737 3091 62 21 Acres
807 3089 23 21 of
838 3087 62 22 Land
908 3087 51 22 with
968 3088 73 20 House
1048 3086 150 22 andOutbnid-

669 3118 49 25 ings
727 3117 93 23 thereon,
840 3121 49 19 very
906 3114 46 21 rich
957 3133 3 3 .
969 3114 52 21 land
1034 3114 95 25 fronting
1137 3113 60 22 main

668 3144 53 21 road
729 3144 54 20 East
796 3141 85 22 Oxford.

774 3174 33 20 On
817 3173 90 21 account
915 3171 23 21 of
946 3177 58 15 same
1013 3177 70 15 owner

668 3203 27 20 20
703 3201 64 21 Acres
776 3200 21 21 of
806 3198 127 22 worked-out
950 3198 55 21 hush
1020 3197 52 21 land
1087 3196 109 28 adjoining

668 3229 35 21 Mr
712 3227 71 21 Friars
790 3226 61 21 West
860 3224 85 22 Oxford.

747 3280 34 20 On
790 3278 89 21 account
887 3278 23 19 of
917 3278 35 19 Mr
960 3277 58 20 John
1027 3276 88 21 Fisheb.

667 3317 43 22 His
718 3314 96 23 valuable
823 3314 66 21 Stone
898 3314 81 25 Quarry
988 3313 23 20 at
1018 3312 57 20 View
1084 3311 46 21 Hill
1145 3318 49 15 con-

667 3344 83 23 taining
759 3341 36 21 the
804 3340 45 21 best
859 3339 95 24 building
963 3340 60 19 stone
1031 3338 24 20 m
1063 3338 131 25 Canterbury

666 3370 51 20 with
726 3369 27 20 20
761 3368 63 19 Acres
834 3367 21 19 of
863 3365 62 21 Land
933 3371 29 14 on
980 3364 69 21 which
1067 3363 57 21 there
1143 3364 19 21 is
1180 3370 13 16 a

666 3401 58 17 seam
733 3395 22 20 of
762 3392 127 22 Limestone.

667 3472 189 37 JOHN
886 3470 304 34 INGRAM

745 3585 92 51 O%
870 3601 24 32 F
929 3600 26 32 0
990 3599 32 32 R
1054 3598 29 31 D
1103 3622 7 7 .

1383 151 77 43 W.
1500 151 214 51 MUNN,

1309 227 166 32 WEST
1517 228 246 31 OXFORD.

1288 327 64 31 The
1367 327 128 42 Largest
1503 329 150 40 Cheapest
1663 329 62 31 and
1738 329 73 30 Best

1494 385 70 15 STOCK
1577 386 29 14 OP

1366 416 136 21 ENGLISH
1515 417 63 20 AND
1592 416 150 21 COLONIAL

1287 461 182 49 BOOTS
1488 465 114 44 AHB
1621 465 189 47 SHOES.

1353 529 47 31 IN
1422 529 87 31 THE
1529 529 205 32 DISTRICT.

1405 654 324 79 SADDLERY.

1287 760 79 54 H.
1392 760 61 55 J.
1470 762 345 56 LAMING

1378 861 342 34 SADDLER

1517 927 63 20 AND

1291 984 282 39 HARNESS
1607 985 208 38 MAKER

1434 1058 71 24 Neab
1522 1058 147 29 Saleyabds,

1325 1133 46 40 O
1394 1134 64 39 2£
1481 1134 115 41 FO
1621 1135 53 40 R
1701 1134 46 41 D
1764 1162 16 14 .

1290 1199 89 26 Orders
1390 1201 49 24 and
1450 1201 103 31 Repairs
1566 1202 123 32 promptly
1700 1202 116 25 executed

1447 1246 27 22 at
1484 1244 85 24 lowest
1579 1247 74 22 rates.

1338 1295 166 40 BINDER
1546 1296 230 40 CANVASES

1289 1346 100 39 made
1412 1347 36 37 to
1469 1347 97 38 order
1580 1347 68 38 and
1663 1349 155 47 repaired

1293 1609 185 37 LIGHT
1502 1610 72 38 OP

1348 1676 135 38 NEW
1510 1677 303 46 ZEALNAD,

1477 1732 56 22 HAS
1547 1733 85 21 GOME.

1289 1783 76 28 People
1374 1790 40 15 can
1422 1785 54 21 Talk
1484 1785 44 21 and
1535 1786 26 20 be
1569 1792 49 19 very
1630 1785 70 21 Proud
1715 1787 23 20 to
1754 1785 61 22 think

1303 1811 49 20 that
1361 1811 49 25 they
1419 1811 54 21 have
1481 1813 98 24 amongst
1588 1812 58 20 them
1653 1818 12 14 a
1674 1812 40 20 few
1723 1813 22 19 of
1754 1812 35 21 the

1369 1837 57 21 Most
1435 1837 80 26 Expert
1525 1844 48 14 men
1583 1838 23 20 m
1615 1838 36 20 the
1660 1838 63 20 world

1329 1867 55 21 Who
1401 1874 36 15 are
1453 1869 136 21 RAINBOW
1601 1869 59 20 AND
1676 1869 60 21 SON'
1759 1869 11 21 ?

1420 1899 55 25 Why
1489 1900 51 20 dont
1552 1906 42 18 you
1608 1900 60 20 know
1677 1900 11 20 ?

1288 1924 136 51 WHEN
1433 1926 38 19 Dr.
1480 1926 61 19 Sonle
1550 1926 122 19 introduced
1679 1926 48 20 Hoc
1736 1926 80 20 Bitters

1388 1956 65 20 many
1469 1950 90 26 thought
1568 1951 47 20 that
1629 1951 50 26 they
1696 1952 65 25 opuld
1777 1953 39 18 not

1288 1975 26 21 be
1327 1975 81 26 beaten,
1422 1977 39 20 but
1472 1977 60 20 when
1740 1974 3 10 :

1406 2008 134 21 RAINBOW
1553 2008 57 21 AND
1624 2008 76 22 SON'S

1446 2044 134 15 INTRODUCED
1594 2045 65 14 THEIR
1688 2057 1 1 .

1331 2069 24 21 A.
1371 2070 19 20 1.
1415 2069 126 26 QUALITY
1568 2069 59 22 HOP
1652 2070 119 22 BITTEBS

1289 2099 37 22 Dr.
1334 2100 81 22 Sonle's
1423 2102 54 20 went
1484 2100 61 21 down
1553 2100 24 21 m
1586 2101 70 27 public
1663 2102 94 26 opinion,
1767 2102 51 22 thus

1289 2126 79 26 setting
1381 2126 36 22 the
1429 2127 122 20 Americans
1563 2128 24 19 m
1601 2128 36 21 the
1649 2128 73 21 shade.

1295 2178 120 51 MINT
1428 2185 13 14 a
1455 2179 99 25 Sleepless
1568 2178 66 26 Night
1646 2179 40 22 has
1700 2179 51 21 been
1767 2182 49 24 past

1384 2203 28 26 by
1423 2204 91 28 Experts
1527 2205 22 21 of
1556 2206 29 20 all
1594 2205 89 22 Nations
1693 2207 22 20 to
1723 2206 46 21 find
1778 2210 38 18 out

1289 2229 47 22 how
1350 2232 22 19 to
1381 2231 91 26 -Supply
1491 2232 38 19 the
1550 2232 71 25 public
1641 2231 52 21 with
1706 2238 13 15 a
1741 2232 74 26 Really

1289 2256 60 20 Good
1362 2257 98 24 SAUCE,
1474 2258 43 20 and
1530 2258 23 20 at
1562 2264 13 14 a
1584 2258 39 20 low
1632 2258 57 25 price
1698 2260 23 19 to
1729 2264 87 20 surpass

1289 2282 37 20 the
1334 2283 130 20 well-known
1472 2284 42 20 Lee
1522 2283 140 21 andPerrins.
1689 2284 47 20 The
1745 2284 71 25 public

1290 2307 23 20 of
1326 2307 49 21 New
1388 2308 93 22 Zealand
1500 2314 40 15 can
1562 2309 61 20 boast
1645 2311 24 19 of
1690 2309 37 21 the
1761 2309 60 28 objec

1289 2332 79 26 having
1379 2333 52 21 been
1445 2334 103 22 obtained,
1562 2335 43 20 and
1619 2335 46 21 that

1399 2361 136 24 RAINBOW
1548 2363 57 22 ANfi
1618 2366 77 21 SON'S

1289 2432 6 6 .
1314 2396 116 32 PINE
1446 2397 155 32 APPkE
1618 2399 162 32 BRAND

1289 2432 19 21 is
1322 2432 36 23 the
1370 2433 46 21 best
1430 2434 67 21 Sauce
1513 2434 24 21 m
1555 2435 36 21 the
1602 2436 96 25 ,world—
1700 2438 36 19 bar
1759 2442 56 15 none

1290 2495 92 21 *\7OU
1388 2497 30 19 all
1426 2496 54 21 have
1488 2497 65 21 heard
1561 2503 14 15 a
1584 2498 58 25 great
1651 2497 47 21 deal
1707 2497 65 22 about
1783 2499 33 20 St.

1304 2525 22 20 JL
1368 2522 78 22 Jacobs
1459 2523 41 24 Oil,
1508 2524 38 20 but
1562 2530 29 14 we
1606 2530 47 15 now
1670 2526 56 20 state
1743 2527 23 18 to
1779 2526 37 25 thp

1289 2548 72 25 public
1369 2550 48 20 that
1425 2556 41 14 one
1474 2550 52 25 drop
1535 2550 23 20 of

1475 2576 155 20 RAINBOW'S

1345 2605 7 8 '
1382 2601 92 22 ROYAL
1491 2601 100 22 READY
1607 2603 105 21 RELEEF

1317 2627 19 20 is
1345 2627 67 21 worth
1427 2628 50 22 Fire
1490 2629 70 25 Drops
1574 2629 23 20 of
1611 2629 31 21 St.
1658 2629 77 21 Jacobs
1750 2629 40 22 Oil,

1396 2654 42 26 Try
1446 2655 19 20 it
1475 2655 42 21 and
1527 2655 58 21 don't
1594 2655 24 20 be
1626 2655 75 25 gulled.

1291 2679 57 26 Keep
1364 2679 36 21 the
1415 2681 78 25 Money
1500 2681 23 19 m
1532 2681 37 19 the
1578 2681 94 25 Country
1684 2681 44 21 and
1736 2682 34 24 get
1781 2681 36 21 the

1484 2706 51 21 Best
1543 2706 82 22 article.
1682 2716 3 10 :

1317 2758 38 21 We
1364 2759 64 20 won't
1441 2758 69 22 dccciv
1521 2765 41 19 you
1572 2766 24 14 or
1608 2759 88 21 mislead
1710 2765 49 20 you,
1774 2759 43 21 and

1291 2791 29 15 we
1329 2785 76 27 openly
1418 2784 115 27 Challenge
1549 2786 35 20 the
1597 2786 73 20 World
1686 2790 22 16 to
1726 2786 47 20 beat
1792 2792 25 14 us

1448 2812 59 21 thats
1515 2812 47 21 who
1575 2819 30 14 we
1614 2818 35 15 are

1291 2846 258 46 Rainbow
1566 2859 106 33 and
1692 2847 124 45 Sons

1561 2912 82 25 road,
1696 2907 14 11 v

1322 2947 451 42 CHRISTCHURCH.

1305 3015 45 20 Can
1363 3015 26 21 be
1401 3015 103 21 Obtained
1517 3017 23 19 at
1554 3016 29 20 all
1597 3016 152 26 Storekeepers
1766 3015 45 22 and

1395 3041 122 22 Merchants
1529 3042 24 20 m
1566 3042 136 26 Canterbury.

1919 154 115 76 W.
2099 150 293 95 STOCKS,

2015 379 129 30 Madras
2166 379 143 35 Streeet,

1935 419 444 32 CHRISTCHURCH.

1893 501 31 30 A
1933 500 85 39 large
2033 501 87 30 stock
2134 501 33 29 of
2180 499 195 30 Monuments
2389 502 32 25 to

1895 541 94 30 select
2008 541 79 30 from
2102 545 32 26 at
2147 541 108 30 lowest
2268 543 91 27 rates.

1928 656 78 43 W.
2025 656 365 54 MITCHELIi,

1898 729 357 39 BOARDINGHOUBE
2293 731 128 41 KEEPER

1895 786 191 31 EAST
2116 786 303 32 OXFORD

1913 865 166 30 T&HMS
2113 866 266 31 MODERATE

1895 914 117 26 EVERT
2020 915 186 25 ATTENTION
2219 917 27 24 to
2255 916 169 25 BOARDERS

1899 1011 79 75 A.
1999 1011 427 99 COCKBUKf

1982 1195 137 35 Mn&ST
2152 1197 197 33 OXFORD.

1931 1329 74 52 A.
2044 1329 174 54 ANC
2220 1330 110 53 AL
2331 1331 70 65 J,,

2062 1428 198 32 BUTCHER

1998 1532 334 44 OZPOED.

1974 1750 55 21 FOB
2043 1750 119 21 SUMMER
2174 1750 168 22 FLOWERING

1897 1802 90 21 'T*HE
2019 1802 137 26 undersigned
2178 1803 62 20 offers
2259 1799 37 25 tlie
2317 1802 107 26 following

1910 1823 23 30 JL
1959 1829 75 20 Plants
2043 1828 68 21 which
2118 1828 41 21 will
2165 1828 45 27 give
2219 1835 12 14 a
2241 1828 75 22 wealth
2325 1829 22 20 of
2353 1828 69 21 bloom

1896 1854 76 26 daring
1988 1855 36 20 the
2040 1860 92 15 summer
2151 1855 118 20 months:—
2269 1855 47 26 viz.,
2333 1854 89 21 Dahlias

1894 1881 65 24 show,
1967 1881 116 26 |Pompom,
2095 1881 71 25 Single
2175 1881 43 20 and
2231 1875 76 27 Cactus
2321 1881 102 24 varieties,

1896 1907 208 24 Chrysanthemums,
2111 1907 103 25 Japanese
2224 1908 43 20 and
2273 1907 87 21 Chinese
2366 1907 56 19 vari-

1895 1933 57 22 eties,
1968 1933 112 22 Verbenas,
2089 1932 106 24 Petunias,
2204 1933 152 22 Pentstemons,
2365 1932 57 20 Mar-

1895 1958 96 24 guerites,
2001 1957 107 23 Fuchsias,
2118 1957 303 24 PelargoniumsrOeraniums,

1895 1984 77 24 Asters,
1982 1983 80 24 Stocks,
2073 1983 104 23 Lobelias,
2193 1982 67 21 Phlox
2274 1982 150 21 Drummondit

1893 2010 124 24 Ageratums
2023 2009 138 20 Calceolarias
2168 2009 131 26 Heliotropes
2306 2008 119 26 Marigolds,

1894 2037 46 22 etc.,
1954 2037 38 19 etc
2027 2035 125 20 Collections
2161 2035 22 20 of
2287 2034 28 28 5/-
2328 2033 42 29 lO£-
2380 2035 43 25 20/-

1895 2061 43 27 -40-
1952 2061 58 27 100/-
2036 2061 125 20 Pnrohasers
2171 2061 25 20 of
2201 2060 119 22 collebtio'nS
2328 2056 95 29 iih'erally

1896 2088 56 26 dealt
1959 2088 57 21 with.
2026 2087 124 26 Catalogues
2155 2088 48 25 post
2208 2088 44 20 free
2260 2093 27 15 on
2296 2086 128 28 application

2056 2124 87 20 NAIRN
2156 2124 57 19 AND
2226 2124 68 21 SONS
2314 2114 25 15 '"'
2359 2110 5 18 l
2377 2111 8 17 i
2387 2114 9 2 i

2027 2155 79 21 Florist
2119 2155 42 21 and
2174 2153 182 27 Nurservkian,-

2088 2186 92 21 Lincoln
2191 2185 68 27 Roadj
2274 2183 141 24 Christcharo'

2271 2249 3 5 '
2280 2261 1 2 ■
2298 2264 1 1 ■
2307 2256 2 2 '
2357 2261 3 2 •
2372 2263 2 2 ■
2391 2252 12 18 ■1
2408 2253 9 11 7

2126 2276 58 20 THE
2206 2270 34 24 •'.'■
2340 2265 91 37 -iiLriy

1987 2335 339 71 OXPOE©

2135 2445 58 21 AND

1914 2507 148 33 GUST
2095 2509 298 32 OBSKRVIR

1897 2576 142 37 PLAIN,

1999 2653 154 37 fancy,
2273 2649 2 31 :
2285 2679 3 11 ;
2295 2641 63 48 ...;7
2368 2641 39 17 '"■■''■'

2077 2729 308 37 ornamental,

2107 2806 91 30 and
2220 2805 205 32 general

1899 2882 280 51 FRZH'-Tlira-;
2208 2853 219 75 OFFICE/

1979 2956 349 48 PZPOBm

2098 3054 3 6 ..
2128 3039 1 2 •
2145 3041 32 19 ♦
2235 3050 2 12 :
2302 3046 2 2 ■
2324 3038 12 15 '■■■
2356 3046 33 8 ■■■■

2011 3092 138 50 letter
2168 3091 127 53 Prtss

1961 3178 430 72 PRINfIWO

1903 3294 43 32 Of
1956 3305 91 31 every
2069 3295 192 39 Description
2284 3295 41 35 ,4Q
2326 3305 38 20 ne
2389 3306 18 26 9
2408 3306 21 19 n

1984 3392 53 27 tne
2051 3391 133 28 snortest
2206 3384 120 40 Notice,
2337 3408 11 7 -

1902 3478 80 39 And
1998 3481 40 37 at
2050 3480 250 40 Christchurch
2314 3480 117 41 Prices
