4090 5960
111 5051 248 89 Lyell
408 5051 297 89 Times.

155 5231 207 33 SATURDAY,
376 5231 148 29 AUGUST
536 5234 43 31 28,
594 5234 75 27 1886.

130 5319 58 29 The
199 5320 78 28 usual
287 5319 103 37 weekly
400 5320 124 36 cleaning
534 5325 28 24 at
572 5321 45 28 the
627 5322 99 36 Alpine

96 5358 108 35 battery
218 5358 62 28 took
294 5358 75 37 place
380 5358 153 36 yesterday,
543 5360 53 27 and
610 5360 117 28 resulted

96 5398 29 28 in
134 5398 51 28 878
193 5405 100 21 ounces
301 5398 26 28 ot
341 5396 139 37 amalgam
491 5397 69 30 from
571 5398 45 29 the
630 5398 96 38 plates,

98 5436 125 33 berdans,
238 5435 54 29 and
313 5435 110 37 ripples.
472 5436 57 28 The
549 5436 107 37 battery
679 5438 50 28 has

97 5475 68 27 been
190 5474 120 33 running
333 5477 41 24 lor
449 5473 68 37 days
538 5475 55 27 and
611 5475 116 28 reduced

97 5513 51 28 212
162 5515 61 26 tons
236 5511 30 29 of
280 5517 86 24 stone.

133 5560 58 26 The
221 5560 84 26 Owen
336 5560 49 26 has
416 5560 66 27 been
518 5561 166 34 proclaimed
713 5571 16 17 a

98 5596 100 37 special
211 5596 131 37 licensing
352 5596 104 29 district
468 5597 55 28 and
538 5596 91 29 Frank
653 5597 75 34 Bird,

97 5637 77 34 Esq.,
188 5635 49 28 has
256 5635 66 28 been
345 5636 145 35 appointed
504 5636 220 28 Commissioner.

98 5675 51 27 YVe
169 5673 122 28 received
313 5673 54 28 this
388 5674 174 27 information
585 5675 144 35 yesterday

100 5713 118 35 through
235 5711 44 30 the
289 5716 124 34 courtesy
424 5713 29 28 of
464 5713 90 28 Frank
566 5713 75 33 Bird,
654 5713 75 37 Esq.,

101 5753 32 26 K.
158 5753 48 31 M.,
220 5751 53 27 and
294 5762 69 17 were
381 5753 58 26 also
461 5753 134 26 informed
614 5753 59 26 that
695 5762 34 17 an

99 5790 74 31 early
188 5790 61 27 date
264 5790 88 27 would
368 5790 29 29 be
412 5790 69 28 fixed
498 5790 41 28 for
552 5790 113 36 hearing
685 5800 30 26 ap-

93 5829 156 37 plications.

747 209 57 29 The
818 207 68 31 ReV.
901 209 44 28 Mr
957 209 94 29 Innes-
1055 210 85 30 Jones
1152 210 136 32 informed
1302 212 42 29 his

714 250 189 34 congregation
929 250 52 27 last
1008 250 112 34 Sunday
1148 251 59 27 that
1228 252 115 27 services

714 287 54 27 will
788 287 30 26 be
832 286 62 27 held
907 286 128 37 morning
1048 287 54 28 and
1112 288 117 37 evening
1241 297 36 20 on
1298 289 46 29 the

715 324 46 29 sth
775 325 140 35 proximo..

750 372 48 27 We
820 371 101 28 believe
943 371 61 29 that
1027 373 21 28 it
1060 373 23 27 is
1096 372 46 29 the
1163 374 137 28 intention
1319 375 30 27 of

715 410 45 28 the
783 410 124 27 Catholic
925 411 131 29 residents
1075 412 30 27 of
1124 412 79 37 Lyell
1222 413 53 27 and
1293 414 39 26 dis-

715 449 61 27 trict
789 452 27 24 to
829 448 128 28 establish
972 459 16 18 a
1001 449 54 37 day
1074 450 93 28 school
1182 451 29 27 in
1232 461 97 18 connec-

717 487 55 27 tion
782 486 66 29 with
864 487 39 28 St.
922 487 127 37 Joseph's
1062 488 109 28 Church
1183 492 28 24 at
1224 498 35 19 an
1273 490 74 34 early

717 525 70 33 date,
802 525 180 35 negotiations
995 525 80 39 being
1086 535 63 20 now
1162 527 111 30 entered
1285 528 58 29 into

716 564 41 28 for
769 563 60 28 that
841 564 96 35 object.

751 610 58 29 The
834 611 55 37 Tyr
907 610 114 30 Connell
1041 611 142 38 Company
1203 611 69 30 have
1291 612 58 38 just

717 651 153 35 completed
890 650 72 29 their
983 651 128 34 crushing
1130 651 30 28 of
1178 653 50 33 38*
1247 656 62 24 tons
1322 652 30 27 of

718 692 76 23 stone
808 692 27 23 at
849 689 45 27 the
908 689 108 27 Croesus
1034 689 116 35 battery.
1187 690 58 27 The
1265 690 85 27 result

718 727 30 28 of
758 727 46 28 the
817 727 72 35 yield
903 737 54 18 was
971 732 47 23 not
1030 727 101 28 known
1146 731 28 24 at
1187 727 46 30 the
1246 729 66 28 time
1323 727 29 29 of

718 774 50 19 our
790 766 82 34 going
896 769 28 24 to
949 774 83 28 press,
1060 765 46 28 the
1130 765 107 37 battery
1262 766 88 28 hands

719 803 80 37 being
812 803 64 29 then
891 803 88 37 busily
991 803 121 37 engaged
1131 804 126 36 cleaning
1270 813 45 28 up.

754 852 34 27 In
820 851 115 29 another
965 851 110 28 column
1110 851 46 28 the
1187 851 165 34 Inangahna

719 891 132 26 Junction
877 889 100 28 School
998 889 164 28 Committee
1184 889 85 28 invite
1294 894 42 24 ten-

721 928 59 28 ders
792 929 42 27 for
847 928 46 28 the
906 929 117 27 erection
1037 927 30 29 of
1076 938 16 18 a
1105 927 188 29 schoolhouse.

756 977 57 28 The
832 976 102 28 annual
952 976 122 33 meeting
1091 975 30 27 of
1138 975 38 27 St.
1199 974 154 28 Matthew's

724 1015 108 30 Church
863 1014 172 37 parishoners
1067 1023 54 19 was
1151 1012 64 28 held
1245 1012 29 28 in
1307 1012 46 29 the

722 1054 102 28 church
838 1063 34 19 on
886 1053 106 34 August
1004 1052 75 32 20th,
1090 1052 46 28 the
1150 1051 66 28 Rev.
1229 1051 43 28 Mr
1281 1051 31 28 A.
1325 1052 27 27 S.

724 1091 179 28 Innes-Jones
921 1090 28 28 in
969 1090 46 28 the
1034 1089 84 29 chair.
1167 1089 58 28 The
1244 1088 109 29 balance

723 1130 77 29 sheet
822 1138 57 20 was
896 1128 65 29 read
980 1127 55 29 and
1053 1127 158 33 confirmed,
1230 1126 56 29 and
1307 1127 47 28 the

723 1168 141 30 chairman
875 1167 79 29 made
961 1177 16 18 a
987 1167 50 28 few
1044 1167 178 36 explanatory
1232 1166 122 29 remarks

724 1207 82 28 about
824 1207 47 28 the
889 1207 91 33 items,
993 1206 55 27 and
1066 1206 57 27 also
1136 1214 68 25 gave
1222 1214 17 18 a
1258 1206 95 27 review

724 1246 30 27 of
775 1249 61 33 past
854 1246 87 34 years'
974 1243 185 37 proceedings,
1190 1243 163 35 concluding

724 1283 44 29 his
795 1283 124 29 remarks
947 1282 37 37 by
1008 1281 135 36 thanking
1170 1281 46 28 the
1241 1280 112 37 retiring

726 1321 229 29 churchwardens
976 1320 55 29 and
1052 1320 157 28 committee
1223 1320 40 28 for
1284 1320 72 28 their

726 1360 95 36 hearty
835 1360 185 36 co-operation
1038 1358 100 36 during
1150 1359 46 28 the
1209 1362 61 33 past
1279 1367 74 26 year.

726 1398 57 27 The
802 1397 132 29 reverend
952 1397 158 36 gentleman
1129 1395 161 29 nominated
1314 1395 43 28 Mr

726 1436 141 31 J.JBrown
880 1446 30 19 as
922 1435 44 29 his
978 1433 213 31 churchwarden
1204 1433 54 30 and
1273 1433 44 29 Mr
1327 1433 28 29 J.

727 1475 71 28 Peck
828 1484 56 19 was
914 1473 142 30 re-elected
1088 1473 116 37 peoples'
1242 1473 97 28 church-

727 1512 117 29 warden.
881 1513 58 28 The
957 1512 140 35 following
1118 1520 69 20 were
1206 1511 102 28 elected
1326 1520 30 18 as

727 1564 16 19 a
755 1552 102 31 church
870 1551 157 30 committee
1037 1552 40 28 lor
1089 1550 47 30 the
1145 1549 116 37 ensuing
1272 1559 66 28 year
1351 1557 6 21 :

729 1593 100 27 Messrs
847 1591 27 29 J.
895 1590 109 35 Young,
1016 1589 27 29 J.
1060 1590 83 35 Bray,
1163 1589 31 27 F.
1215 1589 142 32 Harrison,

727 1630 44 30 W.
790 1630 100 31 Burns,
909 1628 32 28 F.
966 1628 35 28 G.
1020 1627 113 33 Rotton,
1151 1627 33 28 A.
1210 1626 95 31 Mairs,
1325 1627 32 27 F.

729 1669 158 31 Sorrensen,
900 1667 31 27 T.
948 1665 113 34 Waters,
1071 1665 30 28 C.
1115 1665 131 31 Bowden,
1253 1665 55 28 and
1321 1665 37 26 H.

729 1707 33 29 G.
781 1706 174 35 Youngman,
974 1703 46 30 the
1038 1707 55 26 two
1111 1703 81 29 latter
1208 1707 29 24 to
1256 1712 105 28 occupy

728 1745 46 28 the
784 1743 132 38 positions
927 1743 28 28 of
966 1745 135 33 secretary
1110 1742 55 27 and
1175 1745 135 24 treasurer
1319 1751 26 18 re-

729 1781 156 39 spectively.
921 1781 25 28 A
963 1783 62 26 vote
1039 1780 29 28 of
1085 1779 100 30 thanks
1197 1789 56 19 was
1265 1779 96 37 passed

729 1825 28 24 to
771 1821 43 27 Mr
835 1820 166 34 Youngman
1013 1819 42 27 for
1067 1818 45 28 the
1125 1819 137 32 energetic
1284 1827 57 18 man-

729 1868 50 20 ner
796 1860 29 27 in
837 1857 89 31 which
948 1857 34 28 he
995 1856 155 39 performed
1171 1856 47 28 the
1231 1855 88 29 duties
1335 1855 30 29 of

730 1903 134 23 treasurer
887 1898 40 26 for
950 1896 49 29 the
1021 1900 62 31 past
1101 1904 75 26 year.
1225 1893 137 37 Proposed

729 1936 37 37 by
781 1936 45 28 Mr
838 1934 132 32 Bowden,
988 1933 133 28 seconded
1140 1933 36 36 by
1197 1933 44 28 Mr
1253 1933 90 34 Young-

730 1984 76 24 man,
825 1973 55 31 and
898 1971 114 35 carried,
1162 1981 16 19 a
1197 1980 70 21 cone
1284 1974 26 26 rt
1331 1970 32 29 be

731 2013 63 29 held
815 2023 36 19 on
863 2012 49 29 9th
935 2011 117 29 October
1063 2015 73 29 next,
1150 2010 82 35 being
1255 2010 47 27 the
1316 2019 30 18 an-

731 2051 141 35 niversary
884 2049 31 30 of
931 2049 47 29 the
991 2049 111 32 church,
1116 2049 47 28 the
1182 2048 129 36 proceeds
1333 2051 28 24 to

731 2090 33 29 be
782 2089 115 29 devoted
915 2092 28 25 to
955 2088 47 29 the
1020 2087 130 35 Building
1168 2086 82 29 Fund

732 2128 57 27 The
808 2128 138 33 following
963 2135 70 19 were
1052 2125 103 28 elected
1173 2134 30 18 as
1222 2134 15 18 a
1256 2128 109 24 concert

733 2165 170 30 committee:
916 2164 100 30 Messrs
1023 2163 93 34 Atkin,
1124 2162 125 35 Corfield,
1259 2162 106 29 Waters

731 2206 175 33 Youngman,
926 2204 54 28 and
999 2203 130 29 Bowden.
1165 2203 59 28 The
1245 2203 120 36 meeting

733 2243 66 28 then
811 2241 174 29 terminated.

767 2290 58 28 The
848 2289 121 29 weather
994 2288 41 29 for
1053 2288 47 29 the
1123 2289 61 34 past
1208 2287 76 29 week
1316 2287 50 28 has

733 2328 69 29 been
814 2328 30 28 of
853 2328 47 28 the
908 2330 71 26 most
989 2324 136 30 wretched
1138 2326 174 36 description,
1323 2335 28 19 ac-

734 2365 162 40 companied
908 2365 35 38 by
956 2365 99 30 almost
1067 2364 139 30 incessant
1216 2364 60 30 cold
1291 2364 74 29 rains

734 2407 54 27 aud
811 2404 181 36 interspersed
1023 2403 37 36 by
1081 2403 123 35 juvenile
1229 2403 137 27 tornados.

735 2444 42 28 On
791 2442 114 36 Sunday
922 2441 53 29 last
987 2441 159 29 Newman's
1158 2440 83 29 coach
1254 2449 56 20 was
1322 2439 30 30 de-

734 2483 94 28 tained
847 2481 29 29 in
898 2481 78 36 Lyell
995 2480 89 34 owing
1096 2484 28 24 to
1143 2489 17 19 a
1184 2479 72 28 flood
1269 2480 29 27 in
1321 2479 46 28 the

736 2521 94 29 Buller
851 2519 79 29 river.
968 2519 42 29 On
1032 2518 146 36 Thursday
1203 2517 130 37 moaning
1352 2527 16 18 a

735 2559 90 37 heavy
837 2558 48 29 fall
898 2557 30 30 of
937 2566 75 21 snow
1020 2557 64 30 took
1100 2557 85 37 place,
1194 2556 90 30 which
1295 2556 54 29 how-

736 2607 64 19 ever
812 2597 47 28 did
880 2600 49 24 not
941 2596 107 28 remain
1060 2596 64 34 long
1143 2604 34 19 on
1193 2596 47 27 the
1253 2595 115 35 ground.

736 2636 35 27 In
785 2635 52 28 fact
855 2634 83 36 lately
951 2643 41 19 we
1005 2633 70 29 have
1088 2632 55 29 had
1157 2632 101 29 almost
1276 2642 77 26 every-

737 2674 77 36 thing
827 2672 105 30 outside
945 2672 30 29 of
990 2682 16 19 a
1018 2672 70 37 good
1102 2670 88 30 sound
1202 2670 166 38 earthquake

738 2712 54 28 and
810 2721 41 19 we
864 2713 86 26 won't
966 2711 33 29 be
1018 2710 158 28 astonished
1195 2719 61 19 now
1271 2710 24 27 if
1309 2709 59 29 that

737 2759 91 19 comes
841 2749 90 34 along.

771 2797 51 28 We
835 2796 75 29 draw
922 2795 135 30 attention
1070 2799 29 25 to
1112 2804 35 19 an
1159 2794 212 30 advertisement

738 2835 147 39 appearing
902 2835 30 28 in
950 2833 116 31 another
1081 2834 111 29 column
1213 2834 100 34 calling
1330 2834 42 29 for

739 2874 109 28 tenders
859 2874 42 27 for
912 2873 133 36 purchase
1058 2874 30 27 of
1101 2872 47 29 the
1162 2875 72 26 most
1247 2872 124 29 valuable

739 2912 72 37 ferry
823 2915 127 34 property
963 2919 36 21 on
1020 2910 48 30 the
1089 2910 78 30 West
1179 2910 90 30 Coast.
1305 2910 67 29 This

740 2950 122 37 crossing
888 2951 24 28 is
935 2961 36 18 on
994 2950 48 29 the
1067 2950 76 28 main
1168 2950 103 28 Nelson
1294 2950 79 29 West

741 2990 84 28 Coast
835 2988 75 33 road,
924 2988 54 28 and
991 2992 28 24 at
1028 2988 47 28 the
1088 2992 109 32 present
1209 2989 67 27 time
1288 2988 84 36 doing

741 3036 16 19 a
767 3026 185 29 considerable
959 3026 133 32 business,
1104 3025 66 28 with
1182 3026 46 27 the
1239 3026 134 35 certainty

741 3063 30 31 of
790 3073 17 21 a
819 3072 67 30 very
903 3063 74 39 large
989 3063 120 30 increase
1123 3062 98 40 during
1239 3063 47 29 the
1299 3072 54 20 sum-

741 3114 60 19 mer
813 3103 121 33 months,
947 3107 49 25 not
1016 3103 65 37 only
1093 3102 42 29 for
1152 3102 47 30 the
1212 3107 115 25 amount
1345 3103 31 29 of

742 3142 135 29 attention
889 3141 85 37 likely
992 3144 29 25 to
1033 3142 33 27 be
1079 3141 137 28 bestowed
1237 3150 75 27 upon
1324 3149 50 20 our

742 3180 69 29 local
829 3179 103 37 reefing
950 3180 104 33 claims,
1069 3179 50 29 but
1138 3179 46 29 the
1197 3180 176 36 prominence

743 3219 46 28 the
802 3219 85 27 Owen
899 3219 72 26 river
982 3218 64 27 field
1067 3217 24 28 is
1103 3227 61 19 sure
1185 3221 28 24 to
1226 3218 147 28 command

742 3267 29 20 as
790 3267 16 19 a
824 3255 103 39 reefing
945 3255 107 31 district
1073 3255 82 30 when
1181 3255 47 30 the
1253 3256 121 30 weather

743 3297 101 27 admits
856 3296 146 34 travelling
1011 3300 28 23 to
1047 3296 54 26 and
1112 3296 71 26 from
1194 3296 60 27 that
1262 3296 112 34 locality

741 3334 68 28 with
840 3333 54 29 less
924 3333 159 28 discomfort
1112 3332 69 30 than
1208 3336 29 25 at
1266 3338 110 31 present

743 3373 116 28 obtains.
907 3371 58 28 The
983 3375 128 33 property
1129 3371 57 28 will
1209 3371 33 28 be
1266 3371 59 28 sold
1345 3372 29 27 in

743 3420 51 21 one
806 3420 31 20 or
849 3409 54 37 fiye
914 3409 53 30 lots
979 3419 30 20 as
1021 3409 161 38 purchasers
1199 3419 66 29 may
1278 3409 96 35 desire,

743 3449 132 38 although
903 3449 48 30 the
981 3448 59 30 first
1075 3449 40 29 lot
1152 3449 141 29 embraces
1328 3449 48 29 the

743 3489 86 29 entire
855 3488 73 36 ferry
957 3488 125 28 business
1105 3488 68 28 with
1197 3488 75 33 land,
1297 3492 77 32 punt,

743 3528 73 33 boat,
839 3527 95 32 house,
960 3525 193 37 outbuildings,
1179 3527 56 32 &c.,
1258 3526 48 28 the
1336 3536 26 18 re-

744 3564 124 39 maining
880 3564 61 30 four
948 3564 52 30 lots
1009 3573 45 21 are
1065 3564 104 39 merely
1176 3564 198 39 requirements

743 3606 42 27 for
807 3605 47 28 the
872 3606 127 34 carrying
1016 3614 36 18 on
1071 3615 16 17 a
1105 3605 130 27 lucrative
1256 3604 120 33 farming

745 3643 53 26 and
809 3642 77 35 dairy
895 3641 124 28 business
1030 3650 61 19 now
1102 3641 79 35 being
1193 3642 30 25 in
1228 3641 49 27 full
1288 3641 68 27 work-

745 3681 47 36 ing
816 3680 78 29 order
912 3679 88 29 under
1017 3678 48 29 the
1083 3682 109 34 present
1218 3679 159 37 proprietor,

747 3719 45 27 Mr
804 3719 32 27 L.
849 3719 114 27 Larsen.
1011 3717 120 28 Tenders
1145 3717 54 28 will
1220 3717 72 28 close
1313 3721 66 24 next

747 3756 145 37 Saturday,
912 3755 159 39 September
1088 3755 58 35 4th,
1172 3759 29 26 at
1219 3754 45 30 Mr
1283 3756 95 29 James

746 3796 95 34 Inglis'
855 3795 87 32 office,
955 3803 70 19 were
1037 3794 37 28 all
1086 3794 177 28 information
1281 3803 52 19 can
1346 3795 32 27 be

746 3831 139 36 obtained,
910 3840 30 21 as
969 3831 57 29 also
1055 3830 123 38 inquires
1195 3840 51 20 can
1276 3830 32 31 be
1337 3832 27 28 in-

748 3871 112 31 stituted
873 3874 29 28 at
924 3870 44 30 Mr
985 3871 129 29 Larsen's
1132 3870 83 35 hotel,
1228 3870 150 39 Westport.

748 3911 57 27 The
829 3913 116 26 amount
969 3910 31 28 of
1027 3910 65 27 land
1123 3910 128 28 attached
1277 3914 28 24 to
1330 3911 46 27 the

748 3951 137 36 property,
897 3947 107 31 outside
1017 3947 30 30 of
1053 3947 131 35 freehold,
1197 3948 24 29 is
1233 3947 146 31 contained

748 3989 29 27 in
789 3997 16 19 a
818 3988 71 36 ferry
901 3996 106 19 reserve
1020 3987 30 28 of
1059 3989 33 27 85
1106 3996 83 20 acres.

782 4034 37 30 At
830 4034 47 29 the
889 4033 100 38 Alpine
1002 4034 73 28 mine
1088 4034 77 29 there
1185 4034 50 30 has
1256 4034 69 30 been
1342 4044 37 20 no

750 4072 123 30 material
897 4072 103 35 change
1023 4072 101 36 during
1146 4072 47 30 the
1216 4076 61 33 past
1294 4074 86 33 week,

749 4111 66 28 with
830 4111 47 28 the
889 4111 141 36 exception
1045 4110 30 28 of
1092 4120 16 18 a
1120 4111 80 28 horse
1213 4112 29 27 of
1259 4112 121 28 mullock

750 4149 102 36 having
872 4148 111 29 entered
1006 4149 59 28 into
1088 4149 48 28 the
1162 4158 61 20 new
1247 4150 82 28 make
1353 4151 31 27 of

750 4191 76 26 stone
838 4187 30 28 in
880 4186 47 30 the
940 4190 100 32 centre,
1052 4186 49 29 but
1119 4187 47 29 the
1184 4187 60 30 reef
1260 4187 78 30 looks
1350 4199 30 18 as

750 4226 61 29 well
830 4236 30 18 as
882 4225 130 36 formerly
1031 4225 55 28 and
1106 4226 89 28 shows
1218 4227 160 37 favourably

750 4264 42 29 for
815 4263 114 37 making
952 4263 70 29 solid
1050 4264 89 36 again.
1186 4264 58 29 The
1273 4265 108 37 mining

751 4312 139 26 manager,
905 4303 44 27 Mr
962 4302 103 28 Martin
1084 4302 168 34 Conradson,
1265 4304 50 27 has
1328 4304 39 28 dis-

751 4340 147 28 continued
922 4339 47 29 the
990 4343 120 26 crosscut
1134 4343 29 25 to
1188 4340 47 29 the
1259 4344 68 31 east,
1351 4342 29 28 in

751 4388 185 27 consequence
976 4378 30 29 of
1037 4378 47 30 the
1120 4384 116 32 country
1277 4380 105 36 getting

751 4417 108 33 harder,
883 4417 55 27 and
962 4417 102 27 started
1087 4425 52 19 one
1164 4417 71 28 from
1258 4418 47 27 the
1335 4422 46 32 top

752 4458 85 34 stope,
849 4453 92 31 which
954 4453 23 30 is
990 4464 62 19 now
1072 4453 94 31 driven
1186 4455 82 30 about
1282 4456 32 29 15
1327 4455 54 31 feet

753 4493 117 38 through
894 4493 86 30 easier
1004 4497 124 33 country.
1165 4495 56 29 The
1246 4499 53 26 two
1318 4505 63 20 men

752 4533 122 35 engaged
899 4533 187 35 constructing
1104 4533 110 28 tailrace
1239 4537 28 24 at
1292 4535 52 27 No.
1366 4537 16 26 3

753 4571 68 28 level
840 4580 45 19 are
903 4570 113 35 making
1036 4570 53 28 fair
1112 4580 133 27 progress,
1267 4573 34 27 30
1319 4572 63 34 feet,

753 4619 30 18 or
795 4609 95 36 nearly
908 4608 61 28 half
978 4609 30 28 of
1023 4608 47 28 the
1082 4609 87 29 entire
1188 4609 94 36 length
1300 4610 82 35 being

753 4646 181 30 constructed.
982 4647 57 28 The
1060 4650 166 26 contractors
1247 4648 42 28 for
1301 4646 82 32 No.'V

753 4685 68 28 level
834 4694 45 18 are
898 4685 56 27 also
968 4685 113 34 making
1090 4685 70 35 good
1179 4686 141 36 headway,
1334 4687 47 28 the

753 4723 108 35 driving
873 4722 82 37 being
967 4723 86 29 easier
1063 4723 67 29 than
1141 4732 55 20 was
1206 4724 175 37 anticipated.

755 4761 64 28 Had
842 4762 47 27 the
908 4761 121 28 weather
1046 4761 69 28 been
1134 4772 75 18 more
1228 4763 155 28 favourable

754 4799 46 30 the
812 4803 123 26 contract
947 4799 29 29 in
990 4799 158 30 connection
1161 4800 65 29 with
1240 4801 47 29 the
1300 4801 64 30 head-

753 4849 60 17 race
826 4839 91 27 would
941 4839 68 27 have
1032 4839 67 27 been
1120 4839 154 35 completed
1292 4840 89 27 before

754 4876 55 30 this
825 4875 90 36 week;
934 4876 134 35 however,
1077 4876 144 38 yesterday
1241 4877 141 30 afternoon

754 4916 36 28 all
808 4916 89 27 works
909 4916 29 26 in
951 4917 161 27 connection
1131 4916 66 28 with
1216 4926 76 18 same
1311 4926 70 20 were

753 4953 117 28 finished
884 4953 54 28 and
950 4953 109 28 handed
1068 4962 73 20 over.

788 5010 36 27 At
842 5010 46 26 the
912 5009 52 27 last
988 5009 129 28 directors
1141 5011 120 36 meeting
1285 5012 30 27 of
1338 5012 46 28 the

754 5047 107 29 Crcesus
880 5047 143 38 Company
1040 5047 22 29 it
1080 5057 55 19 was
1153 5048 113 30 decided
1284 5053 28 25 to
1330 5050 50 28 call

755 5087 108 27 tenders
884 5087 41 27 for
938 5088 33 26 70
992 5087 50 27 feet
1061 5087 31 28 of
1115 5097 16 17 a
1152 5088 95 33 winze,
1268 5090 117 35 starting

754 5125 71 29 from
838 5125 51 29 No.
904 5127 16 26 2
939 5125 79 35 level,
1032 5125 53 28 and
1103 5125 139 37 following
1262 5127 47 28 the
1331 5128 55 28 reef

754 5164 88 27 down.
886 5164 50 27 We
949 5164 168 26 understand
1138 5165 61 27 that
1219 5165 100 34 special
1342 5175 26 18 ar-

755 5208 174 29 rangemems
942 5210 50 19 can
1002 5200 32 29 be
1047 5200 80 29 made
1138 5201 65 29 with
1217 5207 165 25 contractors

754 5240 41 27 for
808 5240 55 27 this
875 5240 84 31 work,
972 5240 160 35 particulars
1146 5241 30 26 of
1184 5241 91 27 which
1289 5252 51 17 can
1353 5243 32 26 be

755 5276 126 29 obtained
891 5283 29 22 at
927 5277 47 28 the
985 5277 74 27 office
1070 5278 30 27 of
1109 5278 46 28 the
1164 5278 69 34 legal
1247 5287 136 28 manager,

755 5315 89 29 where
867 5316 199 37 specifications
1096 5326 51 18 can
1176 5316 33 28 be
1233 5327 73 23 seen,
1331 5318 55 28 and

755 5354 108 28 tenders
887 5354 55 27 will
960 5354 70 27 close
1055 5363 36 18 on
1110 5354 47 28 the
1180 5356 48 26 7th
1249 5356 132 36 proximo.

755 5393 83 28 From
868 5392 163 30 indications
1061 5392 111 37 already
1204 5394 180 30 encountered

755 5431 54 29 this
822 5432 74 27 mine
910 5432 22 27 is
943 5431 140 37 decidedly
1095 5432 88 28 worth
1204 5434 181 35 prospecting,

755 5469 54 28 and
833 5478 40 19 we
898 5469 70 35 hope
993 5469 59 27 that
1082 5469 99 34 during
1209 5471 46 27 the
1277 5472 109 35 coming

755 5515 123 20 summer
908 5506 134 29 sufficient
1069 5506 176 30 inducement
1275 5508 54 29 will
1355 5509 31 29 be

756 5546 84 28 found
853 5551 27 23 to
893 5546 95 27 enable
1002 5546 45 28 the
1070 5546 129 28 directors
1213 5551 27 23 to
1254 5557 65 18 man
1341 5548 45 27 the

756 5584 74 26 mine
843 5582 54 28 and
910 5583 67 35 keep
988 5582 70 28 their
1071 5583 129 27 ten-head
1211 5584 104 36 battery
1325 5594 46 18 con-

757 5621 102 34 stantly
873 5621 136 34 crushing.

791 5676 50 28 We
851 5675 80 28 make
942 5676 45 27 the
1000 5676 135 35 following
1149 5680 102 24 extract
1264 5678 70 26 from
1342 5677 47 28 the

758 5714 142 29 Auckland
922 5714 131 29 Herald's
1083 5715 116 28 London
1229 5715 78 29 letter
1335 5717 54 28 2nd

758 5755 74 27 Jiilv:
840 5754 88 26 The
935 5758 121 22 contract
1065 5755 64 26 with
1139 5755 99 26 Messrs
1248 5755 140 28 McKeoue

758 5791 53 28 anil
826 5791 149 32 liobinson,
990 5791 40 28 for
1042 5791 47 29 the
1103 5791 57 28 first
1174 5793 84 36 thirty
1274 5793 79 28 miles
1364 5793 28 28 of

759 5832 46 27 the
819 5831 67 27 Mew
905 5831 120 27 Zealand
1048 5830 125 29 Midland
1196 5832 130 35 Railway,
1341 5833 49 27 has

1372 215 48 27 not
1444 216 47 34 yet
1504 211 67 30 been
1593 208 104 41 signed.
1734 211 82 29 News
1845 223 113 28 appears
1982 217 27 26 to

1373 252 70 27 have
1455 252 68 26 been
1543 252 122 27 received
1679 252 29 26 of
1724 261 16 17 a
1758 250 148 37 difficulty,
1920 253 88 27 which

1372 297 75 28 may,
1460 289 23 28 it
1495 297 22 19 is
1528 288 99 33 feared,
1639 293 63 23 turn
1712 291 47 25 out
1771 290 27 26 to
1813 289 31 28 be
1859 290 30 27 of
1898 298 16 19 a
1924 299 68 19 some-

1373 327 73 28 what
1470 327 102 28 serions
1594 327 138 28 character
1745 330 27 24 to
1790 327 49 28 the
1852 329 156 35 enterprise.

1373 365 27 27 It
1422 364 24 28 is
1459 365 57 27 said
1530 365 59 27 that
1602 364 46 28 the
1662 364 133 36 objection
1813 365 89 28 raised
1916 366 33 35 by
1964 366 45 28 the

1373 403 76 28 West
1464 404 81 27 Coast
1557 403 107 34 diggers
1677 409 27 21 to
1718 402 46 28 the
1787 404 188 36 employment
1984 407 25 24 ot

1374 442 115 27 Chinese
1500 440 95 29 labour
1602 441 28 27 in
1641 440 45 29 the
1699 443 144 30 execution
1856 442 29 28 of
1892 442 45 29 the
1948 452 45 19 con-

1375 484 70 23 tract
1466 480 23 26 is
1519 479 84 35 likely
1627 485 27 21 to
1679 480 85 26 result
1785 484 30 26 in
1840 490 34 17 an
1895 480 115 28 obstacle

1374 517 90 29 which
1486 526 66 27 may
1573 517 88 28 wreck
1683 518 45 26 the
1750 527 128 22 concern.
1916 518 28 29 It
1956 528 55 19 was

1375 567 83 18 never
1476 557 164 35 anticipated
1663 556 59 28 that
1743 560 74 28 such
1831 567 34 17 an
1877 557 132 36 objection

1376 594 89 27 would
1477 593 32 28 be
1523 593 97 33 raised,
1634 593 54 28 and
1698 593 20 28 it
1730 595 22 26 is
1766 601 27 24 to
1808 597 32 26 be
1851 595 89 36 hoped
1951 596 60 27 that

1375 642 76 19 some
1476 632 116 29 solution
1615 631 29 30 of
1663 631 46 31 the
1730 633 138 37 difficulty
1891 643 65 28 may
1980 634 31 29 be

1377 671 95 28 found.

1412 718 43 29 An
1486 719 131 36 accident,
1645 721 168 37 fortunately
1841 720 170 30 unattended

1378 757 66 28 with
1463 767 55 26 any
1537 760 103 26 serious
1658 769 209 28 consequences,
1884 758 128 30 occurred

1378 795 52 28 last
1443 795 127 37 Tuesday
1579 806 35 19 on
1626 797 45 29 the
1680 798 65 28 road
1760 798 67 28 from
1839 798 47 29 the
1904 797 107 36 Alpine,

1378 833 71 29 close
1463 837 28 25 to
1509 835 88 35 Lyell.
1634 837 59 27 One
1706 837 31 28 of
1753 837 44 28 Mr
1816 837 75 28 John
1915 836 77 36 Camp-

1378 871 77 28 bell's
1478 872 103 29 drivers
1594 882 56 19 was
1662 874 144 35 returning
1824 875 66 28 with
1909 883 35 18 an
1965 882 31 19 un-

1379 908 97 30 loaded
1500 910 76 36 dray,
1598 911 54 29 and
1676 912 89 34 horse,
1788 912 81 29 when
1894 912 46 28 the
1968 920 30 19 an-

1378 948 67 27 imal
1467 948 110 29 became
1601 952 98 26 restive
1725 951 54 27 and
1803 951 107 32 shieing
1940 959 58 19 over-

1379 985 99 27 turned
1498 986 45 28 the
1563 987 67 37 dray
1649 988 83 29 about
1750 992 46 24 ten
1824 990 53 26 feet
1895 987 79 29 down
1999 997 16 17 a

1379 1023 92 29 rather
1489 1024 98 38 abrupt
1606 1027 106 36 portion
1726 1026 30 29 of
1770 1027 47 28 the
1834 1026 75 33 road,
1922 1026 93 28 where

1380 1062 22 27 it
1411 1061 111 28 became
1535 1063 93 35 firmly
1638 1065 71 27 fixed
1719 1065 108 34 against
1835 1075 16 17 a
1861 1065 74 33 large
1951 1068 64 27 tree,

1381 1101 128 35 stopping
1518 1110 15 18 a
1544 1101 106 29 further
1661 1102 111 29 descent
1784 1102 31 29 of
1823 1103 69 35 fully
1903 1103 52 27 200
1963 1101 51 28 feet

1380 1139 58 27 into
1448 1138 77 37 Lyell
1534 1139 94 30 Creek.
1665 1140 88 38 Being
1763 1141 71 29 close
1845 1145 28 25 to
1886 1140 45 29 the
1944 1145 72 24 town

1382 1187 15 18 a
1410 1178 116 28 number
1539 1178 31 28 of
1586 1179 104 36 willing
1707 1179 89 28 hands
1811 1179 126 37 supplied
1951 1179 65 28 with

1381 1224 79 27 ropes
1473 1216 54 28 and
1540 1217 89 28 taekle
1640 1227 67 19 soon
1720 1218 149 28 extricated
1881 1218 45 28 the
1939 1217 78 28 horse

1382 1253 54 28 and
1449 1253 77 36 dray,
1539 1254 47 29 the
1608 1255 82 29 latter
1702 1256 66 28 with
1784 1265 76 19 some
1873 1255 84 37 slight
1977 1256 26 27 in-

1379 1291 74 37 jury,
1466 1291 55 29 and
1534 1293 47 29 the
1593 1293 102 29 former
1707 1294 162 37 apparently
1881 1303 71 19 none
1971 1293 46 29 the

1383 1338 85 20 worse
1481 1330 42 28 for
1535 1331 46 28 the
1596 1331 158 29 adventure.

1418 1368 82 28 Some
1514 1371 134 26 attention
1661 1369 23 28 is
1697 1369 81 36 beiug
1790 1369 124 29 directed
1934 1369 83 37 lately

1383 1405 37 37 by
1437 1406 112 29 alluvial
1568 1408 101 27 miners
1688 1411 28 25 to
1735 1418 16 17 a
1771 1409 73 35 piece
1867 1408 30 27 of
1912 1407 105 37 ground

1384 1444 118 29 situated
1516 1446 82 28 about
1620 1446 54 28 five
1687 1446 79 29 miles
1783 1456 35 27 up
1832 1447 71 28 New
1924 1446 94 29 Creek.

1385 1483 58 28 The
1461 1484 107 36 ground
1586 1484 24 28 is
1628 1484 138 29 described
1785 1494 30 19 as
1834 1494 16 19 a
1872 1484 52 28 fair
1948 1484 70 29 sized

1383 1520 59 34 flat,
1461 1521 160 36 containing
1639 1532 17 19 a
1674 1522 115 38 payable
1817 1531 53 20 run
1896 1522 31 30 of
1948 1522 72 37 gold,

1385 1559 71 29 close
1470 1559 29 29 in
1512 1563 29 26 to
1552 1561 46 29 the
1609 1566 111 24 terrace.
1757 1563 37 27 At
1806 1562 47 28 the
1869 1562 53 28 end
1931 1562 89 28 where

1385 1598 47 29 the
1444 1599 101 35 parties
1558 1608 46 19 are
1616 1609 63 19 now
1692 1600 102 36 setting
1804 1599 30 28 in
1857 1609 17 18 a
1886 1609 135 27 company

1385 1636 30 28 of
1428 1635 115 30 Chinese
1558 1637 69 28 have
1642 1647 16 19 a
1672 1638 81 28 claim
1775 1637 103 36 opened
1898 1643 48 22 out
1968 1637 53 29 and

1386 1683 45 19 are
1444 1674 127 36 reported
1583 1679 28 24 to
1625 1675 32 28 be
1670 1675 82 36 doing
1764 1676 71 27 well.
1872 1676 87 27 There
1973 1684 44 20 are

1386 1722 62 19 now
1461 1722 75 20 some
1559 1714 53 28 five
1626 1723 31 19 or
1669 1714 41 29 six
1729 1714 98 29 claims
1840 1714 102 37 pegged
1964 1718 56 30 out,

1386 1751 48 27 the
1453 1760 106 20 owners
1577 1752 31 28 of
1623 1752 91 29 which
1738 1762 75 19 seem
1835 1752 138 29 confident
1992 1752 30 29 of

1387 1790 47 28 the
1447 1790 116 36 payable
1580 1790 141 30 character
1733 1791 30 29 of
1778 1791 46 29 the
1836 1791 116 36 ground.
1996 1791 26 28 It

1387 1828 23 27 is
1434 1836 144 28 necessary
1601 1829 29 27 in
1663 1828 80 29 order
1765 1832 29 25 to
1817 1833 45 31 get
1892 1830 59 27 into
1975 1828 47 28 the

1387 1865 106 36 ground
1523 1869 28 26 to
1575 1866 80 37 bring
1684 1876 37 28 up
1749 1867 134 34 tailraces,
1902 1867 55 29 and
1975 1867 47 29 the

1389 1903 62 37 gold
1476 1905 128 28 obtained
1628 1907 29 26 in
1677 1907 186 27 construction
1890 1906 31 27 of
1947 1905 77 30 these

1389 1941 69 28 have
1471 1941 69 30 been
1552 1943 29 28 in
1592 1952 75 19 some
1681 1943 137 28 instauces
1831 1943 86 29 found
1930 1946 27 26 to
1969 1952 53 28 pay

1389 1990 137 28 expenses.
1580 1982 38 29 As
1655 1992 66 19 soon
1757 1992 31 19 as
1818 1981 48 30 the
1902 1982 121 29 weather

1389 2020 154 28 moderates
1555 2030 76 19 more
1644 2022 56 26 will
1720 2021 32 28 be
1765 2021 102 27 known
1881 2022 70 27 from
1973 2021 46 28 the

1390 2057 119 37 locality.
1564 2059 36 27 At
1627 2062 110 34 present
1766 2058 184 30 considerable
1980 2059 26 27 in-

1390 2098 183 27 convenience
1579 2098 24 27 is
1608 2098 82 35 being
1695 2097 177 37 experienced
1879 2098 29 28 in
1916 2098 106 35 getting

1390 2138 29 24 to
1430 2134 48 28 the
1496 2135 77 36 place
1585 2137 29 26 in
1627 2144 186 28 consequence
1826 2135 29 29 of
1871 2144 16 19 a
1900 2135 122 28 distance

1391 2172 29 29 of
1436 2172 84 30 about
1536 2173 77 30 three
1632 2174 79 29 miles
1730 2175 29 28 of
1775 2173 47 30 the
1841 2173 61 30 first
1919 2178 61 33 part
1998 2174 26 29 of

1392 2211 46 28 the
1451 2212 66 27 road
1530 2212 81 37 being
1623 2213 120 28 unmade
1754 2221 8 25 ;
1781 2213 136 33 however,
1928 2213 96 28 should

1392 2249 47 28 the
1451 2249 136 37 workings
1602 2255 63 23 turn
1676 2254 48 24 out
1737 2250 31 29 of
1787 2258 54 28 any
1853 2251 171 36 importance

1392 2287 47 29 the
1452 2287 95 29 Buller
1556 2288 109 36 County
1686 2289 114 28 Council
1812 2288 56 29 will
1889 2298 36 19 no
1939 2288 85 29 doubt

1392 2329 51 24 see'
1450 2325 61 28 that
1523 2326 55 27 this
1590 2326 23 27 is
1626 2326 131 27 rectified.

1465 2415 135 32 NOTES
1634 2416 115 31 FROM
1782 2416 174 31 NELSON.

1465 2507 84 35 (from
1562 2514 56 19 our
1629 2514 62 20 own
1705 2507 253 35 correspondent.)

1679 2560 69 4 _

1544 2582 58 28 The
1622 2583 158 36 Champion
1797 2583 87 28 Mine.

1430 2628 58 29 The
1501 2629 131 28 directors
1644 2629 55 28 and
1712 2633 153 32 promoters
1875 2629 30 29 of
1914 2629 47 29 the
1970 2639 60 20 new

1396 2667 143 37 Company
1554 2677 45 19 are
1612 2667 107 37 leaving
1737 2677 36 20 no
1795 2674 77 23 stone
1893 2669 138 28 unturned

1397 2710 27 25 to
1436 2706 66 27 float
1513 2708 30 31 it,
1558 2706 49 28 but
1629 2716 30 18 so
1679 2708 42 26 far
1737 2707 68 28 with
1827 2716 67 27 very
1913 2708 102 27 unsatis-

1396 2743 105 37 factory
1514 2743 106 28 results.
1658 2744 62 27 Ido
1740 2749 49 23 not
1807 2744 80 28 think
1909 2745 76 28 there
2008 2745 23 28 is

1398 2781 83 29 much
1502 2781 104 29 chance
1628 2781 30 29 of
1678 2782 71 28 their
1773 2782 104 35 having
1898 2782 134 29 sufficient

1397 2820 92 28 shares
1503 2820 83 28 taken
1598 2829 38 25 up
1648 2824 28 25 to
1690 2825 68 24 start
1770 2821 22 28 it
1800 2822 80 35 again
1892 2829 7 27 ;
1919 2821 53 29 and
1985 2821 46 29 the

1397 2858 165 37 probability
1575 2860 23 26 is
1611 2858 63 30 that
1694 2859 46 29 the
1754 2859 163 37 liquidation
1930 2860 57 28 will
1999 2860 32 28 be

1398 2896 151 38 proceeded
1572 2897 78 32 with,
1675 2897 55 27 and
1750 2897 47 28 the
1818 2897 79 29 affair
1916 2898 32 28 be
1964 2898 66 28 sold.

1399 2936 58 28 One
1479 2935 30 29 of
1527 2935 46 29 the
1594 2939 159 33 arguments
1775 2936 68 30 used
1864 2935 36 38 by
1913 2936 47 30 the
1973 2945 48 29 pro

1398 2978 102 25 moters
1512 2973 33 34 is,
1558 2974 62 34 that
1637 2975 94 28 unless
1745 2975 102 28 Nelson
1860 2975 96 36 people
1968 2975 63 29 take

1399 3013 94 26 shares
1516 3013 28 26 in
1569 3012 47 27 the
1637 3021 61 18 new
1725 3013 146 35 Company
1895 3013 62 28 that
1986 3014 46 27 the

1399 3049 101 28 benefit
1513 3049 56 28 will
1581 3048 96 38 depart
1684 3050 71 28 from
1769 3058 41 20 us.
1846 3050 40 28 To
1897 3059 48 28 my
1957 3050 77 28 mind

1400 3088 46 30 the
1471 3088 101 30 benefit
1595 3088 23 30 is
1643 3088 135 35 doubtful,
1803 3088 24 30 if
1848 3088 144 31 dividends
2008 3089 24 30 is

1399 3128 75 27 what
1495 3128 23 26 is
1539 3132 102 23 meant.
1679 3128 43 28 On
1746 3128 47 28 the
1817 3128 78 28 other
1917 3129 84 32 hand,
2013 3130 23 26 if

1400 3164 134 30 outsiders
1553 3165 56 38 buy
1628 3165 47 29 the
1694 3175 126 25 concern,
1843 3166 67 37 they
1933 3170 100 26 cannot

1400 3204 75 28 work
1493 3205 21 26 it
1527 3205 87 27 either
1627 3206 40 26 tor
1680 3204 71 28 their
1763 3213 63 19 own
1838 3205 81 35 profit
1932 3215 30 18 or
1975 3205 54 28 loss

1401 3241 115 30 without
1536 3242 159 37 employing
1714 3241 104 34 labour,
1841 3243 36 28 &c
1881 3264 17 14 M
1920 3251 29 21 so
1971 3243 61 29 that

1401 3281 76 29 there
1490 3281 57 29 will
1559 3285 48 25 not
1619 3281 32 29 be
1670 3291 17 19 a
1706 3281 62 29 deal
1790 3281 30 29 of
1838 3282 144 29 difference
2005 3293 30 18 as

1401 3319 41 28 far
1456 3328 30 19 as
1499 3319 46 29 the
1557 3319 110 35 general
1678 3319 91 37 public
1781 3321 23 26 is
1817 3320 161 29 concerned.

1564 3371 191 35 Gingerbread
1779 3372 95 27 Titles.

1436 3418 110 37 Among
1563 3417 47 31 the
1633 3418 198 36 distinguished
1852 3418 96 38 beings
1966 3420 70 30 from

1403 3457 54 30 this
1471 3457 115 35 Colony,
1600 3457 62 29 who
1680 3457 71 29 have
1763 3458 70 29 been
1845 3459 80 29 made
1939 3459 46 29 the
1996 3470 26 18 re-

1403 3496 115 36 cipients
1532 3495 30 28 of
1571 3495 128 37 birthday
1712 3496 129 35 honours,
1854 3498 24 27 is
1893 3498 48 27 Dr.
1954 3499 80 35 (now)

1405 3534 43 28 Sir
1459 3534 91 29 Julius
1562 3533 62 28 Yon
1637 3534 100 28 Haast.
1774 3535 66 28 This
1852 3536 183 36 gentleman's

1403 3583 91 20 career
1506 3573 29 28 in
1548 3572 47 30 the
1617 3572 106 39 Colony
1743 3573 88 30 shows
1845 3574 62 30 how
1920 3575 117 38 possible

1403 3614 22 25 it
1437 3612 24 27 is
1473 3613 42 26 for
1527 3622 15 16 a
1555 3622 66 17 man
1631 3613 145 34 labouring
1786 3613 87 28 under
1882 3614 47 27 the
1940 3615 97 27 double

1404 3648 195 37 disadvantage
1612 3649 28 27 of
1659 3648 81 37 being
1753 3658 16 19 a
1781 3650 143 36 foreigner,
1938 3651 98 29 unable

1405 3697 35 19 on
1450 3687 44 28 his
1502 3686 100 30 arrival
1613 3692 27 24 to
1649 3687 80 29 make
1739 3688 113 28 himself
1861 3689 175 34 understood,

1405 3725 54 28 and
1472 3724 127 29 deficient
1612 3724 30 30 of
1652 3735 56 27 any
1721 3726 100 36 special
1833 3726 129 38 training,
1975 3737 60 24 can,

1405 3763 37 36 by
1463 3763 79 30 sheer
1562 3773 204 27 perseverance,
1788 3764 95 35 cheek,
1897 3766 54 29 and
1973 3777 46 19 con-

1405 3802 104 28 fidence
1521 3811 29 18 in
1564 3802 119 33 himself,
1697 3803 87 27 attain
1797 3803 47 28 the
1857 3804 107 35 dignity
1977 3804 30 28 of
2021 3815 16 17 a

1405 3839 181 39 knighthood.
1623 3839 28 30 It
1672 3840 24 29 is
1716 3850 63 21 now
1799 3841 96 39 nearly
1913 3842 34 29 30
1960 3853 77 28 years

1406 3891 50 25 ago
1476 3879 73 30 since
1572 3879 47 30 the
1641 3880 110 29 learned
1772 3882 123 28 scientist
1918 3883 59 28 first
1998 3888 40 24 set

1405 3919 57 27 foot
1482 3919 29 26 in
1532 3918 112 27 Nelson.
1681 3919 45 27 He
1746 3929 57 18 was
1819 3919 64 28 here
1902 3921 81 27 when
1995 3921 42 28 his

1406 3959 76 35 great
1494 3961 182 33 countryman
1688 3957 63 29 Yon
1763 3957 178 31 Hochstetter
1951 3968 86 24 came,

1407 3996 55 28 and
1475 3996 102 28 Nelson
1590 3996 83 35 being
1685 3996 66 28 then
1763 3998 29 26 in
1804 4001 36 24 its
1852 3997 122 37 infancy,
1984 3999 54 28 and

1406 4034 36 29 its
1459 4033 97 38 people
1569 4034 116 36 grateful
1704 4034 43 28 for
1763 4034 47 29 the
1821 4035 152 37 important
1984 4036 54 29 and

1406 4072 110 29 reliable
1546 4072 188 29 observations
1763 4073 30 29 of
1818 4074 48 28 the
1895 4075 142 29 renowned

1407 4110 141 37 geologist,
1569 4119 70 19 were
1663 4111 66 36 only
1753 4114 45 25 too
1823 4111 64 36 glad
1910 4116 29 25 to
1963 4112 74 29 show

1407 4149 108 28 honour
1537 4152 28 24 to
1596 4149 44 28 his
1671 4150 220 35 acquaintances,
1915 4150 124 30 however

1407 4187 113 28 humble
1544 4186 66 38 they
1634 4196 80 19 were.
1761 4188 35 28 So
1818 4188 21 29 it
1861 4198 78 19 came
1957 4189 83 30 about

1407 4226 62 28 that
1489 4225 99 36 during
1612 4226 50 27 Dr.
1685 4226 200 29 Hochstetter's
1906 4231 62 32 stay
1991 4229 47 28 the

1407 4263 161 30 foundation
1581 4267 78 25 stone
1673 4264 31 29 of
1721 4264 48 29 the
1791 4264 103 29 Nelson
1910 4265 128 30 Institute

1407 4312 55 19 was
1481 4302 56 28 laid
1557 4302 37 35 by
1614 4302 62 29 that
1688 4302 168 36 gentleman,
1870 4304 54 28 and
1936 4305 47 27 the
1996 4314 28 19 oc-

1408 4340 93 28 casion
1513 4348 56 20 was
1583 4340 80 28 made
1683 4349 16 19 a
1720 4340 113 37 holiday
1851 4340 37 38 by
1901 4341 45 29 all.
1982 4342 56 29 The

1408 4378 163 37 procession,
1602 4379 23 28 if
1661 4382 50 26 not
1741 4389 29 19 as
1800 4379 120 29 brilliant
1950 4391 31 19 or
2009 4391 30 19 as

1408 4425 148 19 numerous
1582 4425 30 19 as
1635 4417 81 27 could
1739 4417 33 27 be
1795 4420 45 32 got
1864 4418 124 35 together
2010 4420 29 26 in

1408 4453 75 31 these
1504 4453 68 39 days
1593 4453 30 30 of
1640 4464 123 29 progress
1781 4454 55 30 and
1848 4459 124 34 poverty,
1984 4466 56 21 was

1409 4499 27 24 at
1449 4499 114 32 anyrate
1582 4499 108 24 earnest
1710 4495 54 28 and
1786 4496 192 36 sympathetic.
2014 4497 24 28 A

1409 4542 173 27 programme
1595 4542 55 19 was
1663 4532 106 37 printed
1781 4533 42 28 for
1836 4534 46 27 the
1906 4535 133 33 occasion,

1415 4570 66 37 [and
1494 4570 61 29 that
1570 4570 30 28 of
1617 4571 76 28 itself
1710 4580 57 19 was
1785 4571 98 28 looked
1895 4576 74 32 Upon
1983 4582 28 19 as
2024 4582 14 19 a

1409 4609 123 36 triumph
1553 4608 30 28 in
1605 4609 164 28 civilisation
1790 4608 94 38 then],
1897 4610 56 28 and
1965 4611 23 28 it
2000 4615 40 24 set

1409 4646 73 29 forth
1494 4647 48 28 the
1555 4646 78 29 order
1643 4646 30 29 of
1680 4647 47 28 the
1737 4646 62 38 day.
1835 4647 16 28 I
1864 4657 50 19 can
1927 4649 62 29 well
2000 4659 25 19 re-

1410 4685 96 28 collect
1525 4685 113 35 reading
1658 4685 31 28 in
1708 4686 21 27 it
1751 4685 90 28 before
1854 4686 47 28 the
1913 4690 69 25 start
1993 4688 46 28 the

1409 4723 55 28 line
1511 4722 199 36 distinguished
1936 4725 28 29 It
1976 4725 64 29 took

1409 4772 48 24 my
1470 4761 97 36 boyish
1588 4762 90 35 fancy,
1692 4761 56 28 and
1766 4763 29 26 in
1817 4772 136 27 company
1976 4765 64 27 with

1410 4799 78 30 other
1499 4799 101 38 youths
1612 4809 40 20 we
1666 4800 77 29 made
1764 4809 37 29 up
1814 4810 50 19 our
1877 4801 91 30 minds
1980 4802 61 30 that

1410 4839 55 27 this
1476 4843 68 23 item
1556 4848 57 18 was
1627 4842 27 23 to
1667 4839 33 27 be
1713 4840 47 26 the
1780 4844 72 22 most
1874 4841 166 27 remarkable

1527 4876 29 28 of
1575 4876 47 28 the
1644 4875 77 38 day's
1742 4876 84 28 show.
1865 4877 44 37 Up
1931 4881 28 26 to
1980 4878 61 29 that

1412 4916 66 27 time
1490 4916 15 26 I
1518 4915 35 27 do
1565 4919 49 23 not
1626 4915 80 27 think
1724 4925 16 17 a
1760 4916 87 27 circus
1868 4917 55 27 had
1944 4917 97 28 visited

1413 4952 111 34 Nelson,
1537 4952 55 28 and
1612 4961 41 19 we
1675 4952 38 28 all
1732 4952 54 28 had
1806 4961 36 19 an
1863 4953 61 29 idea
1947 4954 60 29 that
2026 4964 15 19 a

1440 4991 198 34 distinguished
1871 5002 55 18 was
1956 5003 16 18 a
2001 5003 26 19 re-

1412 5028 139 28 markable
1576 5028 95 36 object.
1716 5029 56 27 But
1797 5029 46 28 the
1868 5030 97 36 reality
1986 5040 56 19 was

1412 5071 48 25 not
1471 5067 80 37 equal
1563 5070 28 25 to
1614 5066 45 29 the
1680 5067 186 37 anticipation.
1904 5069 54 28 'Tis
1972 5080 28 18 so
2012 5071 30 27 in

1412 5106 36 28 all
1462 5105 90 36 things
1562 5106 29 27 in
1603 5105 56 28 this
1671 5106 139 28 mundane
1819 5107 104 37 sphere.
1951 5108 91 28 Julius

1412 5146 61 27 Von
1487 5145 90 27 Haast
1589 5154 57 18 was
1664 5144 46 28 the
1730 5146 65 34 only
1815 5146 104 28 animal
1941 5147 29 27 in
1983 5147 59 28 that

1411 5186 61 32 part
1484 5182 31 26 of
1525 5182 44 26 the
1583 5182 151 32 cavalcade,
1748 5182 54 26 and
1819 5191 40 19 we
1872 5193 70 18 were
1955 5184 87 34 sorely

1412 5219 198 38 disappointed,
1630 5219 41 29 for
1690 5220 34 28 he
1748 5229 55 20 was
1828 5221 65 37 only
1917 5222 53 30 like
1995 5223 46 29 the

1411 5264 56 21 rest
1485 5259 30 26 of
1533 5259 46 26 the
1601 5259 105 35 people.
1741 5259 176 34 Afterwards,
1936 5261 87 27 Hochs-

1412 5299 81 26 tetter
1514 5305 67 28 gave
1603 5305 16 19 a
1643 5296 101 29 lecture
1767 5306 35 20 on
1824 5297 46 29 the
1892 5298 113 39 geology
2017 5298 28 30 of

1413 5335 46 28 the
1472 5335 141 33 Province,
1626 5335 54 27 and
1693 5335 43 28 his
1749 5336 164 35 predictions
1924 5337 78 33 have,
2013 5348 29 17 as

1412 5382 16 19 a
1449 5373 67 34 rule,
1538 5372 97 29 turned
1659 5378 47 23 out
1731 5374 173 37 remarkably
1929 5379 109 26 correct.

1414 5412 54 28 For
1486 5412 133 33 instance,
1634 5412 34 28 he
1690 5412 59 28 said
1770 5413 46 28 the
1830 5419 114 32 country
1958 5415 83 28 about

1414 5450 45 28 the
1478 5450 63 28 Dun
1565 5450 145 28 Mountain
1731 5452 54 27 and
1807 5453 118 27 Aniseed
1946 5454 96 35 Valley

1414 5488 80 35 being
1516 5488 30 27 of
1563 5497 16 18 a
1592 5493 154 32 serpentine
1760 5490 146 28 formatian
1922 5500 55 20 was
1994 5496 48 23 not

1414 5526 83 37 likely
1522 5529 27 26 to
1575 5527 65 29 hold
1662 5537 54 27 any
1737 5528 110 29 reliable
1867 5529 84 29 lodes.
1997 5531 47 27 En

1410 5567 121 33 passant
1534 5585 6 11 y
1571 5566 46 26 the
1648 5566 154 35 Champion
1833 5568 106 35 Copper
1969 5569 75 26 Mine

1415 5602 141 36 Company
1570 5602 51 28 has
1634 5603 83 28 found
1730 5603 54 28 this
1797 5607 148 26 statement
1966 5609 28 26 to
2012 5605 32 28 be

1415 5645 68 23 true.
1520 5641 88 33 Then,
1630 5642 60 27 Von
1712 5642 90 27 Haast
1823 5642 102 37 having
1948 5644 96 36 picked

1417 5687 35 27 up
1466 5687 75 19 some
1561 5678 147 37 geological
1730 5679 161 36 inspiration
1913 5682 70 28 from
2002 5681 42 28 his

1416 5721 192 32 countryman,
1622 5717 54 29 aud
1696 5728 15 19 a
1725 5718 104 30 limited
1842 5718 158 38 knowledge
2019 5720 26 29 of

1417 5765 49 17 our
1485 5757 110 34 copious
1616 5756 108 28 mother
1746 5763 100 29 tongue
1870 5758 70 27 from
1965 5761 65 25 inter-

1418 5793 116 35 viewing
1547 5794 138 33 colonials,
1699 5795 86 36 began
1799 5802 26 21 to
1839 5795 62 29 look
1914 5796 83 30 about
2004 5797 40 27 for

1403 5833 2 36 ,
1417 5833 157 36 something
1586 5838 27 23 to
1633 5834 42 27 do.
1712 5835 34 27 At
1761 5833 56 29 that
1832 5835 66 29 time
1911 5836 46 27 the
1970 5836 75 28 West

2037 212 81 29 Coast
2131 220 55 20 was
2199 219 16 19 a
2234 210 76 28 terra
2321 208 155 38 incognita.
2512 209 160 40 Absolutely

2038 252 116 31 nothing
2175 259 56 18 was
2255 249 101 28 known
2377 249 30 27 of
2429 249 30 27 it.
2496 250 58 27 The
2567 251 106 27 settlers

2036 289 64 28 here
2113 296 71 20 were
2197 287 114 28 anxious
2332 290 27 24 to
2379 286 80 29 know
2472 287 75 28 what
2560 297 55 18 was
2627 287 29 29 be-

2037 326 67 29 hind
2127 325 46 29 the
2196 325 66 34 high
2283 324 156 37 forbidding
2462 327 158 27 mountains
2638 336 33 19 on

2037 365 46 28 the
2105 367 77 24 west.
2218 364 58 27 The
2298 362 126 29 occasion
2439 363 81 28 made
2534 364 46 28 the
2595 374 75 24 man,

2038 402 52 29 and
2104 402 61 28 Yon
2185 402 91 28 Haast
2288 401 103 35 having
2403 401 121 29 imbibed
2537 402 136 30 sufficient

2037 442 114 35 geology
2164 442 68 26 from
2247 439 41 29 bis
2307 440 164 36 compatriot
2494 445 28 24 to
2542 440 82 30 kuow
2636 452 35 18 an

2038 484 91 31 oyster
2143 478 68 28 shell
2229 478 72 27 from
2315 487 17 19 a
2344 478 119 36 blowfly,
2477 489 56 17 was
2552 484 61 24 sent
2626 486 48 22 out

2038 522 27 24 to
2087 517 118 37 explore.
2242 516 45 28 He
2310 520 74 25 went
2405 517 66 29 with
2497 527 15 18 a
2525 522 97 34 party;
2644 520 28 28 in

2037 557 52 27 due
2114 557 67 27 time
2206 556 129 28 returned
2359 555 54 28 and
2443 558 141 34 reported;
2616 559 53 27 and

2037 594 77 29 there
2127 601 55 20 was
2196 602 35 20 no
2245 602 51 19 one
2319 597 28 25 to
2361 595 124 35 question
2500 595 46 28 the
2560 595 109 30 learned

2037 635 92 35 report
2150 631 34 30 he
2207 635 60 26 sent
2290 633 29 28 in
2342 635 28 26 to
2391 632 46 29 the
2452 633 152 30 Provincial
2619 636 35 29 Go-

2038 675 146 24 vernment
2196 680 30 18 as
2248 675 28 24 to
2297 671 47 28 the
2357 672 104 36 variety
2474 673 54 26 and
2541 677 92 24 extent
2647 675 30 26 of

2039 708 46 30 the
2118 708 119 38 deposits
2267 709 80 29 made
2378 709 35 37 by
2443 713 96 26 nature
2569 711 29 29 in
2629 712 45 29 the

2039 747 91 29 oolitic
2156 747 54 28 and
2233 748 145 36 zoopliytic
2399 758 72 25 ages.
2508 750 28 28 It
2554 760 56 18 was
2629 760 30 26 ap-

2039 785 126 38 parently
2191 785 119 33 learned,
2335 786 54 28 and
2415 786 45 28 did
2487 787 59 28 all
2554 797 56 19 was
2634 788 27 29 in-

2040 823 100 29 tended
2154 824 35 36 by
2202 824 46 28 the
2263 824 132 36 explorer.
2432 826 27 27 It
2479 835 67 27 gave
2559 826 60 30 him
2629 828 46 28 the

2040 865 92 26 entree
2145 866 28 24 to
2187 862 47 28 the
2247 863 105 34 Colony
2373 873 30 18 as
2425 873 16 19 a
2462 867 110 31 savant,
2586 866 55 27 and
2660 875 16 19 a

2041 900 105 37 cheque
2158 901 59 28 into
2230 900 47 29 the
2290 901 121 37 bargain.

2076 948 64 28 Just
2152 948 66 28 then
2232 948 47 28 the
2302 948 131 29 Province
2457 950 31 28 of
2505 950 171 36 Canterbury

2041 995 56 19 was
2124 985 162 36 developing
2309 986 35 28 its
2373 996 148 25 resources,
2546 989 54 27 and
2631 988 46 28 the

2043 1025 101 28 savant
2163 1030 73 22 went
2258 1024 43 28 for
2322 1025 48 28 the
2391 1035 61 19 new
2474 1030 124 33 pastures
2610 1027 66 28 with

2043 1063 43 27 his
2098 1066 94 23 recent
2205 1062 192 29 achievement
2418 1074 30 18 as
2465 1074 35 17 an
2514 1065 124 35 explorer
2649 1056 38 44 asj

2043 1110 17 18 a
2072 1099 262 29 recommendation.
2372 1101 45 28 He
2439 1112 54 18 was
2505 1101 129 29 installed
2646 1112 30 18 as

2044 1138 47 29 the
2105 1138 116 29 director
2242 1138 30 29 of
2290 1138 47 29 the
2358 1148 135 21 museum.
2530 1140 59 29 The
2615 1140 47 29 Pro-

2045 1178 99 28 vincial
2170 1178 187 29 Government
2381 1178 67 29 then
2472 1179 54 28 had
2556 1189 16 19 a
2602 1179 74 35 large

2044 1215 67 29 land
2135 1216 67 28 fund
2227 1219 30 25 at
2279 1216 72 28 their
2374 1216 128 37 disposal,
2528 1217 56 29 and
2608 1218 72 36 right

2044 1253 105 37 royally
2163 1253 47 29 did
2230 1254 65 36 they
2318 1254 85 36 spend
2425 1254 39 35 it;
2483 1256 47 28 the
2551 1264 128 20 museum

2044 1291 110 36 coming
2178 1293 29 27 in
2231 1291 43 29 for
2297 1292 75 36 large
2397 1298 103 30 grants.
2550 1294 58 28 The
2627 1293 39 29 dis-

2044 1340 98 27 covery
2162 1331 30 28 of
2219 1330 74 36 large
2319 1331 119 36 deposits
2463 1332 30 28 of
2520 1332 72 35 huge
2617 1341 63 19 moa

2044 1369 85 27 bones
2160 1378 57 18 was
2246 1369 86 35 really
2363 1369 47 28 tho
2434 1370 114 35 making
2578 1371 30 27 of
2634 1371 46 26 the

2046 1406 194 29 Christchurch
2266 1415 126 20 museum
2417 1407 76 29 what
2513 1409 23 28 it
2553 1416 63 21 now
2638 1408 42 28 is:

2046 1444 82 29 about
2140 1445 47 28 the
2201 1445 94 36 eighth
2309 1446 29 27 in
2359 1446 47 28 the
2428 1447 93 28 world.
2558 1447 55 28 For
2631 1447 46 28 the

2046 1483 85 29 bones
2154 1493 30 19 as
2205 1484 151 28 curiosities
2380 1484 82 36 being
2485 1494 30 20 so
2545 1485 135 34 valuable,

2047 1530 70 20 were
2130 1520 105 38 readily
2254 1522 157 37 exchanged
2434 1522 42 29 for
2497 1523 78 29 other
2594 1522 89 30 curios

2047 1560 66 29 with
2126 1560 105 37 foreign
2244 1570 150 24 museums,
2405 1561 54 29 and
2480 1562 66 29 thus
2566 1562 47 29 the
2637 1562 30 29 de-

2048 1598 96 29 ceased
2162 1598 45 36 big
2226 1598 74 29 birds
2333 1599 47 28 did
2413 1609 77 19 more
2514 1600 70 36 good
2615 1600 69 28 after

2048 1636 82 29 death
2151 1635 69 30 than
2241 1636 101 36 during
2363 1637 54 28 life.
2454 1637 33 29 In
2507 1638 124 29 addition
2655 1642 28 25 to

2050 1674 75 29 these
2154 1674 167 36 advantages
2351 1675 76 28 there
2467 1686 71 19 were
2577 1677 104 28 several

2050 1713 123 37 patriotic
2203 1713 135 29 residents
2368 1714 62 29 who
2462 1715 125 37 liberally
2615 1726 69 26 gave

2049 1751 125 28 valuable
2193 1754 133 34 statuary,
2336 1753 127 36 pictures,
2478 1755 55 32 &c.,
2546 1758 29 24 to
2587 1754 94 28 enrich

2050 1790 47 28 the
2120 1790 165 33 institution,
2310 1800 30 19 so
2364 1791 61 29 that
2455 1792 153 36 altogether
2638 1792 46 29 the

2050 1828 193 28 Christchurch
2275 1837 126 19 museum
2426 1829 55 29 had
2511 1831 170 36 exceptional

2050 1865 175 37 advantages.
2263 1865 48 30 Dr.
2325 1867 61 29 Yon
2400 1867 114 29 Haast's
2526 1869 155 36 reputation

2050 1914 29 19 as
2102 1914 17 19 a
2140 1905 131 35 geologist
2293 1905 82 35 clung
2397 1912 27 22 to
2451 1906 68 33 him,
2533 1906 55 28 and
2600 1915 85 27 many

2051 1951 68 20 were
2144 1942 47 29 the
2216 1942 106 29 chunks
2347 1943 30 28 of
2397 1943 65 29 rock
2486 1943 89 30 which
2599 1943 86 30 found

2051 1981 72 29 their
2134 1991 62 25 way
2208 1984 28 26 to
2250 1981 59 29 him
2328 1981 42 30 for
2381 1982 152 38 inspection
2546 1992 6 25 ;
2572 1983 54 28 and
2639 1983 47 29 the

2051 2020 67 36 boys
2130 2020 158 28 sometimes
2300 2021 101 36 played
2422 2022 164 27 heathenish
2601 2022 83 27 tricks

2051 2067 36 20 on
2110 2057 46 29 the
2178 2060 110 26 savant.
2331 2060 37 28 At
2391 2068 52 19 one
2468 2058 95 38 period
2587 2060 30 29 of
2639 2069 48 27 my

2052 2107 91 18 career
2156 2097 14 27 I
2185 2107 56 17 was
2254 2097 123 36 engaged
2397 2097 30 28 in
2448 2097 97 36 boring
2565 2098 41 28 for
2629 2099 58 27 coal

2052 2135 29 27 in
2104 2135 48 28 the
2173 2134 124 28 Malvern
2316 2135 74 33 hills,
2403 2135 56 27 and
2481 2135 85 29 about
2587 2145 16 19 a
2622 2136 65 28 mile

2053 2182 77 28 away
2143 2182 15 20 a
2171 2173 60 29 coal
2244 2174 74 28 mine
2332 2182 55 20 was
2401 2177 30 26 at
2443 2173 85 35 work,
2542 2175 55 28 and
2610 2175 76 29 there

2053 2222 56 18 was
2122 2221 16 19 a
2151 2212 73 35 large
2236 2211 137 30 fire-brick
2395 2211 60 29 kiln
2475 2213 29 27 in
2526 2214 161 27 connection

2056 2249 64 29 with
2142 2249 47 29 the
2219 2249 120 35 colliery.
2389 2249 59 28 The
2472 2258 91 21 owner
2586 2260 57 19 was
2673 2260 14 19 a

2055 2287 219 37 Highlandman,
2288 2288 67 28 with
2374 2297 77 19 more
2463 2288 185 36 appreciation
2662 2289 31 29 of

2054 2326 119 28 humour
2201 2325 67 29 than
2293 2328 73 26 most
2385 2326 31 28 of
2434 2325 44 29 his
2497 2331 111 33 country
2615 2336 73 20 men.

2055 2365 59 29 One
2126 2364 64 38 day,
2200 2364 80 30 when
2293 2364 66 37 they
2371 2374 71 20 wore
2455 2365 124 38 cleaning
2591 2376 37 28 up
2641 2366 47 30 the

2055 2404 67 31 kiln,
2138 2404 15 26 I
2166 2403 109 27 noticed
2288 2412 75 18 some
2383 2404 30 26 of
2431 2404 47 27 the
2497 2404 90 28 bricks
2599 2406 27 26 iu
2641 2405 47 27 the

2055 2440 106 29 bottom
2193 2439 55 29 had
2272 2439 69 30 been
2366 2440 131 29 distorted
2521 2444 49 27 out
2599 2441 30 30 of
2653 2443 36 27 all

2055 2479 85 37 shape
2152 2479 37 37 by
2206 2479 47 29 the
2271 2479 107 29 intense
2398 2479 74 35 heat,
2493 2481 55 28 and
2573 2490 30 20 as
2624 2481 65 37 they

2056 2518 55 28 had
2124 2518 68 29 such
2205 2527 16 19 a
2240 2518 121 36 peculiar
2382 2517 63 30 look
2467 2519 84 29 about
2573 2519 78 29 them
2674 2521 15 27 I

2056 2556 143 38 suggested
2213 2556 61 29 that
2293 2566 40 19 we
2352 2556 98 30 should
2464 2557 62 29 take
2539 2568 52 19 one
2606 2564 26 23 to
2643 2558 47 30 the

2057 2604 126 19 museum
2198 2599 29 24 to
2240 2604 45 19 see
2304 2596 75 27 what
2404 2596 61 27 Von
2491 2597 89 28 Haast
2592 2597 54 28 had
2660 2601 29 24 to

2057 2643 48 26 say
2118 2633 83 29 about
2218 2633 31 28 it.
2285 2633 25 28 A
2323 2634 52 27 few
2387 2633 68 36 days
2469 2634 70 28 after
2557 2644 41 19 we
2617 2639 74 24 went

2057 2676 28 24 to
2114 2675 82 31 town,
2227 2670 55 30 and
2312 2672 65 28 took
2409 2672 46 29 the
2485 2672 76 30 brick
2591 2677 28 26 to
2644 2674 47 29 the

2057 2710 131 35 geologist
2213 2710 55 27 and
2292 2710 83 28 asked
2395 2711 59 27 him
2479 2712 76 28 what
2579 2713 22 27 it
2625 2722 63 18 was.

2057 2748 45 27 He
2115 2747 69 37 eyed
2204 2749 22 26 it
2248 2748 141 36 learnedly
2411 2749 119 36 through
2551 2749 43 28 his
2615 2759 60 27 spec-

2058 2786 93 33 tacles,
2175 2786 55 27 and
2255 2785 59 29 said
2338 2788 22 27 it
2383 2796 56 19 was
2464 2787 189 37 undoubtedly
2676 2797 16 19 a

2058 2825 121 36 primary
2192 2824 74 34 rock,
2279 2824 55 29 aud
2356 2825 70 29 after
2443 2835 17 19 a
2477 2826 70 29 little
2561 2836 75 19 more
2650 2827 26 28 in-

2058 2863 162 36 vestigation
2244 2863 35 28 he
2304 2864 58 27 said
2382 2865 22 28 it
2427 2874 56 19 was
2505 2875 75 18 some
2599 2865 76 28 crack-

2053 2902 56 36 jaw
2133 2910 82 19 name
2236 2901 91 28 which
2352 2902 15 28 I
2387 2911 63 20 now
2471 2902 95 36 forget,
2586 2902 49 29 but
2657 2904 35 27 he

2057 2944 85 24 wrote
2163 2939 23 30 it
2207 2939 81 31 down
2309 2940 43 29 for
2369 2950 42 20 us.
2448 2941 50 30 We
2519 2946 73 24 went
2605 2942 84 29 home

2058 2977 140 36 delighted
2210 2978 66 28 with
2288 2987 52 20 our
2357 2988 117 24 success,
2486 2980 54 28 aud
2560 2980 43 28 for
2615 2990 77 18 some

2058 3016 89 27 weeks
2168 3016 160 28 afterwaids
2348 3017 77 27 there
2447 3020 99 26 wasn't
2566 3027 17 18 a
2603 3018 90 27 miner

2059 3052 70 31 from
2143 3053 61 29 that
2218 3053 106 29 district
2347 3053 50 29 but
2418 3057 60 26 sent
2500 3064 30 19 or
2550 3055 65 28 took
2636 3055 56 29 him

2060 3091 88 32 bricks
2161 3093 108 37 enough
2283 3097 28 26 to
2322 3093 76 30 build
2410 3094 116 29 another
2539 3104 135 20 mnseum.

2189 3145 127 28 Another
2333 3146 99 37 Fancy
2450 3147 119 37 Project.

2094 3193 25 27 A
2140 3192 44 28 Mr
2208 3194 127 35 Hughes,
2354 3194 138 28 erstwhile
2509 3205 16 18 a
2539 3195 154 36 Champion

2061 3231 74 28 mine
2142 3239 141 28 manager,
2290 3237 134 31 tramway
2436 3233 137 35 engineer,
2581 3233 56 34 &c.,
2644 3233 49 29 has

2061 3269 143 38 presented
2217 3269 46 30 the
2277 3270 62 37 City
2352 3270 112 30 Council
2475 3271 66 29 with
2555 3281 16 19 a
2584 3271 63 38 plan
2667 3272 30 28 of

2061 3317 17 19 a
2090 3308 66 27 road
2169 3308 88 27 round
2269 3309 47 26 the
2325 3309 80 27 rocks
2414 3312 28 24 to
2451 3314 58 22 cost
2520 3311 91 27 3500
2619 3310 74 36 only.

2063 3345 66 29 This
2138 3345 67 28 road
2216 3346 88 28 round
2311 3346 47 29 the
2367 3346 78 29 rocks
2453 3347 23 28 is
2486 3356 35 19 an
2532 3347 162 29 alliterative

2062 3383 115 38 poetical
2190 3388 56 25 sort
2259 3384 31 28 of
2307 3384 46 29 fad
2365 3385 90 28 which
2468 3394 77 28 crops
2557 3394 37 28 up
2616 3386 30 28 in
2659 3386 37 28 all

2063 3425 69 27 sorts
2157 3422 29 29 of
2212 3423 169 37 unexpected
2404 3434 83 28 ways.
2525 3424 27 29 It
2570 3434 57 20 was
2649 3425 47 30 the

2063 3462 104 37 subject
2191 3462 30 29 of
2248 3463 100 35 special
2365 3463 154 35 legislation
2537 3464 88 29 under
2649 3465 47 28 the

2063 3500 92 28 Roads
2173 3500 55 28 and
2246 3500 116 35 Bridges
2379 3502 61 28 Act.
2478 3502 27 27 It
2523 3512 56 18 was
2599 3512 17 19 a
2633 3507 63 33 part

2063 3539 54 27 and
2141 3539 89 38 parcel
2254 3539 30 28 of
2299 3538 46 30 the
2363 3543 76 32 great
2459 3541 91 28 SOOO
2567 3541 63 29 loan
2649 3550 30 20 au-

2063 3577 121 31 thorised
2197 3578 53 29 last
2262 3587 67 28 year
2341 3578 35 38 by
2390 3578 45 30 the
2446 3579 63 38 City
2522 3580 173 37 corporation

2063 3617 41 27 for
2117 3617 47 27 the
2176 3625 116 27 purpose
2306 3618 30 26 of
2345 3618 106 34 getting
2470 3619 59 26 into
2542 3618 48 28 hot
2611 3623 85 23 water

2063 3653 153 37 legislation
2252 3653 54 29 and
2342 3655 210 28 extermination
2588 3655 31 29 of
2650 3655 46 29 the

2063 3692 74 28 ward
2150 3697 103 31 system
2267 3692 55 28 and
2335 3702 74 19 some
2423 3693 31 28 of
2468 3693 47 28 the
2525 3694 170 29 councillors.

2064 3730 27 29 It
2103 3738 57 21 was
2172 3730 47 28 left
2237 3733 47 26 out
2303 3730 30 29 of
2348 3730 61 30 that
2426 3730 65 30 loan
2508 3731 82 29 when
2607 3732 89 29 raised

2063 3768 114 29 because
2190 3769 47 28 the
2250 3769 112 28 balance
2376 3770 80 28 could
2474 3776 49 23 not
2535 3771 33 28 be
2580 3776 47 30 got
2649 3777 48 22 out

2063 3807 30 27 of
2113 3807 47 27 the
2179 3807 117 27 General
2315 3808 197 32 Government,
2532 3808 48 28 but
2592 3808 23 29 it
2640 3810 55 27 still

2064 3855 77 29 crops
2167 3854 38 30 up
2234 3845 81 30 when
2339 3844 80 32 other
2448 3846 117 38 subjects
2589 3846 58 38 fail,
2667 3857 30 20 or

2063 3885 81 29 when
2157 3895 76 19 some
2254 3885 72 37 body
2348 3886 97 28 strikes
2466 3896 16 18 a
2495 3896 61 19 new
2577 3887 62 29 idea
2657 3897 26 19 re-

2063 3923 115 35 garding
2190 3924 29 27 it.
2256 3923 70 28 Now
2339 3933 30 18 as
2384 3923 44 28 Mr
2440 3924 116 34 Hughes
2569 3925 23 27 is
2605 3934 15 18 a
2631 3934 65 18 man

2064 3961 29 30 of
2103 3961 107 35 leisure,
2223 3961 55 30 and
2298 3961 50 30 has
2368 3961 55 30 had
2437 3971 75 21 some
2535 3964 159 37 experience

2064 4001 27 26 in
2122 4004 158 32 tramways,
2311 3999 74 39 [Carl
2416 4001 132 30 Heinrich
2573 4003 60 27 said
2662 4003 34 28 he

2064 4038 89 29 did'nt
2188 4038 82 29 know
2299 4039 84 28 much
2419 4039 84 29 about
2534 4039 87 34 them,
2649 4040 48 29 but

2064 4076 109 29 blamed
2202 4078 116 34 Hughes
2348 4077 42 28 for
2418 4078 105 36 fooling
2546 4088 79 26 away
2651 4079 45 29 the

2064 4114 155 38 Champion
2241 4114 110 38 capital]
2370 4125 129 27 proposes
2518 4121 28 24 to
2572 4116 81 30 make
2679 4127 16 18 a

2064 4156 144 33 tramway,
2228 4163 16 18 a
2262 4158 58 24 cart
2346 4153 76 34 road,
2441 4154 55 28 and
2517 4165 16 18 a
2553 4154 57 29 foot
2629 4156 67 36 path

2065 4191 69 29 built
2145 4201 36 19 on
2196 4191 111 29 wooden
2320 4192 94 37 pillars
2426 4192 41 29 for
2480 4193 100 34 3500,
2594 4194 53 28 and
2669 4198 28 25 to

2064 4229 69 29 back
2158 4239 37 27 up
2219 4231 42 27 his
2279 4234 148 24 statement
2448 4231 48 28 the
2513 4232 184 36 irrepressible

2064 4267 134 30 Akersten
2223 4269 80 35 again
2327 4278 91 19 comes
2435 4272 29 26 to
2488 4269 46 29 the
2553 4270 72 29 front
2644 4271 53 28 and

2065 4315 63 26 says
2141 4307 21 27 it
2174 4316 50 18 can
2237 4307 33 28 be
2282 4307 71 27 done
2365 4307 42 28 for
2418 4307 47 28 the
2472 4318 111 25 money.
2620 4309 45 28 He
2674 4311 23 26 is

2066 4352 16 20 a
2094 4343 73 38 large
2176 4343 111 30 hearted
2298 4353 65 20 man
2372 4344 25 29 is
2406 4345 55 29 this
2470 4345 144 30 Akersten.
2651 4346 45 29 He

2066 4392 76 19 came
2160 4386 29 26 to
2208 4382 44 29 Mr
2270 4384 121 28 Climie's
2414 4384 63 36 help
2495 4385 30 28 in
2548 4385 48 28 the
2621 4395 76 18 same

2064 4429 62 26 way
2138 4429 16 18 a
2167 4421 96 27 month
2282 4430 31 19 or
2325 4424 53 25 two
2391 4431 60 25 ago,
2466 4422 47 28 but
2534 4422 67 28 such
2613 4424 24 26 is
2649 4423 47 28 the

2065 4457 166 38 ingratitude
2249 4459 30 30 of
2300 4459 56 30 this
2374 4459 104 30 wicked
2501 4460 96 36 world,
2614 4465 49 25 not
2682 4471 15 19 a

2066 4498 59 28 soul
2148 4507 76 20 came
2249 4503 29 25 to
2303 4499 43 29 his
2371 4499 64 38 help
2459 4500 29 28 in
2511 4500 44 29 his
2579 4500 118 30 harbour

2066 4537 84 27 board
2162 4537 109 29 scheme
2285 4539 89 27 where
2387 4539 35 27 he
2435 4539 133 36 proposed
2580 4544 28 23 to
2621 4540 35 27 do
2680 4549 16 18 a

2067 4574 105 29 million
2191 4575 53 28 and
2271 4575 115 29 a-half's
2404 4576 88 29 worth
2514 4577 30 28 of
2561 4577 75 28 work
2656 4577 41 28 for

2067 4613 144 33 IOO,OOO.
2247 4613 70 28 Now
2330 4614 15 28 I
2364 4614 69 28 have
2447 4624 30 18 as
2489 4615 83 28 much
2584 4615 70 28 faith
2668 4615 28 28 in

2066 4650 47 29 the
2125 4651 66 28 road
2204 4652 88 28 rottnd
2304 4652 47 29 the
2364 4652 78 29 rocks
2454 4657 28 24 at
2494 4652 61 29 that
2574 4653 72 37 price
2668 4663 29 18 as

2067 4689 15 27 I
2094 4688 70 29 have
2176 4690 27 27 of
2221 4690 120 28 Climie's
2353 4691 67 27 mud
2441 4690 49 30 flat
2508 4691 188 34 reclamation,

2067 4737 30 19 or
2106 4726 155 30 Akersten's
2285 4728 82 37 fancy
2388 4728 127 35 harbour,
2529 4729 55 29 and
2604 4739 29 19 as
2653 4730 44 29 Cr.

2059 4766 1 43 |
2068 4766 122 28 Webster
2211 4775 64 28 very
2296 4768 151 35 appositely
2466 4768 113 36 pointed
2599 4772 48 24 out
2669 4772 28 24 at

2067 4803 46 30 the
2137 4803 53 31 last
2207 4805 186 38 meetinglf
2409 4805 134 30 Akersten
2560 4806 24 29 is
2603 4816 16 20 a
2637 4810 60 25 true

2067 4843 114 35 prophet
2202 4844 47 27 the
2268 4845 78 26 rocks
2358 4845 56 26 will
2435 4845 30 26 in
2477 4845 75 27 three
2566 4853 79 27 years
2667 4845 30 27 be

2068 4880 36 29 all
2116 4880 112 29 covered
2240 4890 65 20 over
2315 4881 65 30 with
2395 4881 106 37 shingle
2511 4881 55 31 and
2578 4881 78 35 sand,
2667 4891 30 20 so

2066 4920 90 27 where
2167 4919 23 27 is
2202 4920 46 27 the
2261 4921 69 26 need
2343 4920 31 27 of
2383 4930 15 18 a
2409 4921 119 28 viaduct.
2565 4922 56 27 But
2631 4922 66 27 then

2068 4956 54 28 this
2134 4956 124 30 Webster
2268 4957 24 29 is
2310 4957 54 29 like
2377 4958 98 29 Korari
2476 4958 169 29 Deficient
2670 4958 27 28 in

2068 4994 78 34 faith,
2159 4995 53 28 and
2225 4996 133 28 therefore
2372 5001 28 24 to
2414 4997 31 27 be
2458 4997 124 28 avoided.

2546 5034 119 27 Korari.

2266 5123 233 31 LATEST

2095 5182 170 42 CABLE
2325 5183 349 43 TELEGRAMS.

2336 5292 131 39 London,
2484 5293 115 42 August
2614 5294 47 34 24.

2110 5346 62 31 The
2200 5346 106 31 cricket
2333 5346 101 31 match
2463 5346 186 33 Australians
2673 5358 27 22 v.

2070 5390 71 32 Past
2155 5389 50 33 the
2231 5389 124 33 Present
2378 5389 32 33 of
2431 5389 186 44 Cambridge,
2642 5403 59 21 was

2069 5435 136 31 resumed
2219 5436 29 30 at
2262 5435 116 40 Leyton
2391 5435 111 40 to-day.
2545 5436 136 41 Tli#Eng-

2070 5478 129 30 lishmen
2213 5478 158 30 continued
2390 5478 77 30 their
2480 5478 65 31 first
2569 5479 130 41 innings,

2070 5521 97 32 which
2191 5520 96 33 closed
2310 5521 45 33 for
2377 5522 67 32 849.
2487 5522 63 33 The
2576 5523 125 32 Visitors

2071 5567 72 29 then
2157 5568 76 28 went
2252 5568 30 27 to
2306 5566 51 29 the
2379 5566 129 36 wickets,
2534 5568 58 28 and
2616 5567 86 30 when

2071 5608 50 32 the
2136 5610 113 37 stumps
2263 5618 75 22 were
2352 5607 101 33 drawn
2467 5608 60 32 had
2541 5609 57 32 lost
2613 5619 87 23 seven

2071 5652 118 30 wickets
2213 5651 43 31 for
2279 5652 57 30 245
2360 5662 82 26 runs,
2471 5652 91 31 Jones
2590 5653 113 32 bowled

2073 5696 37 31 52
2124 5695 59 32 and
2198 5694 96 33 Giffen
2308 5696 52 31 not
2380 5697 51 30 out
2459 5697 48 37 92,
2537 5695 88 44 being
2652 5697 50 32 the

2071 5740 145 41 principal
2230 5749 118 22 scorers.

2113 5782 122 33 Consols
2249 5782 73 32 have
2336 5782 115 34 further
2461 5784 133 33 declined
2605 5787 28 39 f,
2645 5785 58 32 and

2073 5838 48 21 are
2136 5838 66 21 now
2217 5828 103 39 quoted
2336 5831 29 26 at
2383 5829 84 38 100^.

3116 221 115 41 August
3246 222 47 32 25.

2745 269 36 30 In
2795 269 51 32 tlie
2858 270 100 32 House
2971 273 31 29 of
3014 273 160 31 Commons
3183 275 58 30 last
3252 274 86 40 niglit

2705 312 47 32 Sir
2787 313 102 33 James
2924 315 179 42 Furgusson,
3133 318 102 31 Under
3271 319 50 30 Sec-

2703 359 97 39 retary
2821 358 44 31 for
2879 358 127 42 Foreign
3021 361 117 37 Affairs,
3153 361 32 31 in
3208 361 81 41 reply
3308 365 30 27 to

2704 402 136 39 question
2855 404 95 31 stated
2964 404 67 32 tliat
3053 405 50 31 the
3128 405 127 41 English
3280 405 58 31 and

2704 445 129 33 Russian
2858 447 202 33 Government
3086 448 61 32 had
3174 450 106 40 agreed
3307 452 31 28 to

2703 488 51 32 the
2769 490 163 40 dispersion
2947 492 31 31 of
2999 492 51 31 the
3074 492 118 40 Afghan
3217 492 122 32 frontier

2704 532 198 35 Commission
2916 535 58 32 and
2985 535 51 33 the
3051 538 58 31 two
3120 536 218 33 Governments

2703 577 58 30 had
2785 580 144 39 arranged
2955 581 44 29 for
3027 581 50 29 the
3105 581 170 30 settlement
3302 581 38 40 by

2703 621 92 33 direct
2809 622 197 42 negotiations
3021 623 32 33 of
3069 623 51 33 the
3135 624 151 42 questions
3310 624 31 33 of

2703 666 51 31 the
2764 666 197 32 delimitation
2967 668 32 30 of
3006 668 132 31 frontier.
3181 669 37 30 In
3224 679 113 20 answer

2704 712 30 29 to
2749 708 113 34 further
2886 710 123 42 enquiry
3030 711 39 31 he
3096 711 162 32 confirmed
3285 711 51 32 the

2704 753 164 40 deposition
2883 755 31 30 of
2926 755 105 31 Prince
3046 755 177 37 Alexander,
3238 756 99 30 whose

2704 796 180 33 destination
2911 808 60 21 was
2999 809 32 20 as
3058 802 49 38 yet
3134 798 150 33 unknown
3308 802 30 29 to

2705 840 51 32 the
2797 842 213 31 Government.
3070 842 64 31 The
3168 843 97 36 latter,
3300 843 38 31 he

2705 884 105 36 stated,
2838 885 111 31 viewed
2976 885 50 31 the
3053 888 101 29 recent
3181 889 101 28 events
3309 886 32 31 in

2705 928 141 41 Bulgaria
2860 928 73 32 with
2947 931 82 38 great
3044 929 128 41 anxiety.

2842 980 264 39 Constantinople,
3122 982 115 40 August
3252 984 48 30 24.

2747 1032 62 32 The
2825 1033 108 31 second
2943 1033 184 33 Provisional
3139 1035 203 32 Government

2707 1076 44 32 for
2765 1076 142 40 Bulgaria
2921 1077 55 31 lias
2987 1077 75 31 been
3086 1078 113 32 formed
3223 1080 32 29 at
3279 1078 47 31 Tir-

2707 1130 85 26 nova,
2809 1120 50 31 the
2874 1120 109 31 former
2997 1120 119 41 capital,
3131 1120 39 42 by
3185 1120 137 33 Stamboa-

2707 1164 61 37 loff,
2783 1163 66 33 who
2863 1164 55 31 has
2933 1175 17 20 a
2969 1164 201 34 considerable
3194 1165 150 41 following

2708 1207 128 40 opposed
2849 1211 31 28 to
2907 1208 51 31 the
2985 1209 165 39 deposition
3182 1209 32 32 of
3225 1209 118 42 {[Prince

2709 1250 177 32 Alexander.

3142 1295 116 41 August
3274 1297 47 30 25.

2749 1346 63 33 The
2827 1346 107 33 second
2953 1346 163 42 Bulgarian
3130 1348 213 36 Government,

2709 1390 97 31 which
2830 1390 54 31 has
2912 1390 75 32 been
3014 1391 113 31 formed
3161 1394 31 28 at
3207 1391 137 37 Tirnova,

2709 1433 75 33 have
2799 1433 98 33 issued
2911 1445 18 21 a
2942 1434 215 41 proclamation
3171 1435 110 41 calling
3295 1438 51 29 out

2709 1478 52 32 the
2782 1478 118 32 militia.
2942 1478 64 32 The
3029 1479 198 41 re-actionary
3255 1479 75 41 agita-

2710 1522 64 32 tion
2788 1522 31 31 in
2830 1524 123 39 support
2963 1522 33 33 of
3006 1522 51 33 the
3069 1522 106 33 Prince
3189 1523 25 31 is
3225 1522 103 33 extend-

2710 1566 52 41 ing
2776 1569 30 29 to
2820 1566 52 32 the
2886 1567 149 39 garrisons
3050 1567 59 31 and
3126 1567 174 40 population
3319 1567 31 31 of

2714 1609 137 38 Shumla,
2876 1610 138 37 Tirnova,
3030 1610 159 42 Nicopolis,
3215 1611 131 36 Widdin,

2712 1654 59 30 and
2787 1654 137 32 Silistria.
2968 1654 63 31 The
3055 1654 169 32 Romanian
3248 1658 100 36 troops

2713 1708 49 21 are
2787 1697 31 32 in
2846 1697 82 33 favor
2960 1697 32 34 of
3026 1697 107 34 Prince
3170 1698 177 33 Alexander.

2714 1741 106 32 Prince
2835 1741 168 32 Alexander
3015 1742 26 30 is
3056 1753 67 21 now
3137 1752 17 21 a
3168 1743 125 40 prisiner
3309 1753 38 21 on

2714 1785 91 33 board
2820 1796 17 20 a
2860 1785 99 41 yacht,
2985 1785 59 33 and
3058 1785 26 33 is
3098 1786 89 41 being
3201 1786 148 42 conveyed

2714 1828 86 32 down
2816 1829 51 32 the
2881 1828 136 33 Danube.

2957 1881 160 39 Calcutta,
3131 1882 116 41 August
3261 1883 49 30 24.

2754 1934 108 31 Indian
2874 1933 203 34 Government
3098 1934 75 33 have
3194 1934 155 33 chartered

2714 1977 102 33 fifteen
2831 1980 142 31 steamers
2987 1981 32 30 to
3032 1990 112 31 convey
3171 1990 18 21 a
3215 1979 79 32 force
3321 1979 29 32 of

2717 2023 107 35 10,000
2838 2025 99 38 troops
2951 2025 32 29 to
3002 2023 135 31 Burmah
3164 2023 33 31 in
3225 2023 125 31 October

2715 2067 81 36 next,
2811 2065 33 33 in
2858 2066 84 33 order
2956 2068 31 31 to
3006 2077 137 31 suppress
3171 2066 51 33 the
3246 2066 104 33 Decoit

2706 2110 1 41 j
2715 2110 204 31 disturbances
2933 2111 32 30 in
2979 2110 51 31 the
3044 2113 134 38 country.

2935 2199 203 28 LATEST

2733 2244 374 42 AUSTRALIAN
3158 2245 175 42 NEWS.

2989 2345 127 39 Sydney,
3132 2345 116 44 August
3262 2347 49 33 25.

2756 2399 102 40 Angry
2878 2399 190 32 altercations
3097 2400 69 31 took
3189 2401 84 38 place
3294 2400 59 31 last

2716 2442 137 42 eveninig
2866 2442 132 33 between
3017 2442 113 33 several
3152 2442 148 33 members
3321 2443 31 32 in

2716 2486 144 33 vestibule
2888 2487 32 32 of
2950 2487 51 32 the
3029 2487 130 32 General
3185 2488 167 41 Assembly,

2716 2530 197 42 culminating
2936 2530 32 33 in
2992 2541 18 21 a
3032 2531 89 32 stand
3144 2542 40 31 up
3207 2531 77 42 fight
3303 2532 32 31 be-

2717 2577 95 29 tween
2840 2575 110 31 Messrs
2977 2575 83 41 Tyne
3093 2576 59 31 and
3178 2576 90 32 Clark
3295 2576 58 31 and

2719 2618 155 41 Shepherd
2888 2619 59 31 and
2961 2619 141 31 Dawson.

2937 2671 186 33 Melbourne
3137 2672 115 41 August
3266 2674 48 31 25.

2759 2725 64 31 The
2870 2724 155 32 racehorse
3072 2725 189 32 Commotion
3300 2726 53 31 has

2720 2767 112 32 broken
2845 2766 97 33 dowu.

2759 2811 64 32 The
2846 2811 164 42 steamship
3036 2811 182 42 Tagliaferro
3241 2812 115 33 arrived

2719 2856 77 32 from
2810 2855 177 41 Cambridge
3001 2855 82 38 Gulf,
3104 2856 139 41 bringing
3266 2857 74 41 forty-

2719 2899 57 32 five
2796 2899 127 41 diggers.
2975 2899 64 31 The
3062 2899 138 43 majority
3222 2900 32 32 of
3272 2900 84 33 these

2718 2944 61 31 had
2804 2946 54 29 not
2885 2943 105 32 visited
3017 2943 163 43 Kimberly,
3208 2944 54 33 but
3285 2945 71 42 they

2718 2987 151 40 generally
2895 2987 65 40 give
2983 2987 193 32 unfavorable
3199 2991 112 37 reports
3326 2989 32 31 of

2719 3030 52 30 the
2796 3030 78 36 field,
2891 3029 59 31 and
2978 3040 72 29 urge
3074 3030 101 32 others
3197 3034 54 28 not
3274 3034 31 28 to
3319 3042 37 29 go

2721 3073 95 34 there.

2958 3119 161 36 Adelaide,
3136 3120 116 40 August
3266 3121 48 30 25.

2761 3161 25 33 A
2809 3161 126 33 number
2956 3161 33 33 of
2999 3173 70 21 men
3083 3162 67 33 who
3163 3163 60 32 had
3236 3163 75 33 been
3326 3165 32 31 at

2723 3206 175 39 Cambridge
2914 3206 83 36 Gulf,
3011 3207 157 40 intending
3182 3212 33 36 tq
3233 3208 124 39 proceed

2721 3252 31 31 to
2772 3249 171 44 Kimberley
2966 3249 75 34 have
3063 3250 140 33 returned
3226 3253 32 31 to
3281 3251 57 34 Ade-

2721 3295 89 30 laide.

2961 3338 158 37 Brisbane,
3135 3339 116 40 August
3269 3340 49 30 24.

2763 3381 62 32 The
2856 3381 204 33 Government
3086 3382 76 32 have
3182 3382 132 33 received
3341 3393 17 21 a

2722 3425 143 42 telegram
2892 3426 78 33 from
2996 3426 127 33 London
3151 3427 112 42 stating
3291 3427 67 33 that

2723 3470 83 32 there
2820 3471 26 31 is
2868 3482 39 21 no
2928 3471 175 32 foundation
3126 3471 45 33 for
3185 3472 52 32 the
3260 3474 98 39 report

2723 3514 97 32 which
2834 3514 56 32 has
2903 3514 76 32 been
2992 3515 160 32 circulated
3166 3518 31 30 to
3211 3515 51 33 the
3273 3516 85 32 effect

2723 3558 67 33 that
2816 3558 51 33 the
2895 3558 142 43 Imperial
3067 3559 205 34 Government
3298 3560 60 32 had

2723 3604 147 38 promised
2885 3607 30 28 to
2929 3605 153 30 introduce
3097 3615 17 20 a
3128 3605 61 30 Bill
3204 3605 154 39 providing

2723 3646 45 31 for
2782 3645 50 32 the
2848 3647 168 40 separation
3027 3647 32 31 of
3076 3647 97 31 North
3187 3647 59 31 and
3262 3647 96 33 South

2726 3690 198 37 Queensland.

2903 3785 275 29 ARRIVAL

2988 3839 35 21 OF
3040 3839 57 22 THE

2724 3881 102 42 SAN
2873 3881 302 42 FRANCISCO
3230 3883 130 40 MAIL

2812 3943 82 30 AT
2938 3943 309 30 AUCKLAND.

2821 4030 159 37 (European
2994 4030 77 29 dates
3083 4032 29 28 to
3124 4031 67 37 July
3202 4031 54 36 30.)

2758 4077 136 28 Circulars
2903 4087 46 18 are
2960 4077 82 37 being
3054 4078 162 29 distributed
3227 4079 29 27 in
3270 4079 88 28 Wales

2724 4114 167 36 demanding
2917 4116 93 28 Home
3032 4116 76 33 Rule,
3127 4116 56 28 free
3202 4116 156 35 education,

2724 4154 131 28 abolition
2864 4159 6 6 *
2881 4153 30 29 of
2936 4153 192 34 landlordism,
3152 4154 55 28 and
3232 4155 48 29 the
3306 4155 39 28 dis-

2724 4192 209 29 establishment
2945 4192 30 28 of
2984 4192 48 29 the
3045 4192 112 29 church.

2758 4232 24 26 A
2801 4231 154 35 cablegram
2982 4231 78 35 (July
3077 4231 43 34 30)
3141 4231 72 28 from
3240 4232 118 28 London

2724 4278 62 27 says
2805 4268 78 29 there
2906 4278 56 19 was
2983 4278 16 19 a
3020 4272 139 26 sensation
3180 4269 29 29 in
3232 4269 47 29 the
3298 4279 62 19 new

2724 4307 116 28 Cabinet
2863 4311 28 24 at
2917 4307 47 28 the
2990 4308 191 34 appointment
3204 4308 32 28 of
3261 4309 98 35 Homy

2726 4344 147 29 Matthews
2891 4353 31 20 as
2939 4344 92 29 Home
3051 4344 152 38 Secretary.
3251 4345 28 30 It
3301 4354 56 21 was

2724 4384 81 28 made
2823 4387 28 25 at
2868 4383 49 29 the
2934 4387 109 33 request
3061 4383 31 29 of
3106 4384 47 28 the
3173 4384 104 35 Queen,
3294 4384 64 28 who

2724 4430 56 18 was
2804 4420 132 28 charmed
2959 4420 37 37 by
3013 4421 45 27 his
3075 4420 169 29 vindication
3264 4422 30 27 in
3312 4422 47 28 the

2724 4458 139 30 Crowford
2886 4459 64 29 trial
2973 4459 31 29 of
3025 4459 47 29 the
3097 4459 139 30 sanctities
3260 4460 31 30 of
3313 4460 46 30 the

2723 4499 116 37 English
2852 4499 91 28 home.
2980 4499 44 28 He
3038 4498 24 29 is
3074 4499 117 37 entirely
3202 4509 36 19 an
3251 4500 90 37 experi-

2724 4541 86 30 ment,
2823 4537 55 28 and
2890 4538 23 27 is
2925 4537 115 28 without
3054 4537 188 28 Government
3254 4539 88 35 experi-

2724 4584 75 24 ence,
2822 4584 17 19 a
2863 4575 108 28 Roman
2984 4575 133 33 Catholic,
3141 4575 56 29 and
3220 4585 38 19 an
3285 4577 56 28 anti-

2724 4613 169 28 coercionist.

2759 4651 57 28 The
2829 4651 98 36 Alpine
2940 4650 114 29 climber
3066 4650 115 30 Pauline
3193 4651 63 30 Von
3280 4652 63 29 Soul-

2724 4688 49 29 kar
2786 4698 55 19 was
2853 4689 102 28 dashed
2969 4692 28 25 to
3010 4689 88 36 pieces
3108 4699 37 19 on
3157 4689 68 36 July
3237 4691 43 27 29.

2758 4726 75 30 John
2847 4726 107 30 Raskin
2966 4726 24 29 is
3002 4726 126 38 reported
3139 4731 28 25 to
3179 4726 32 30 be
3224 4727 105 30 insane.

2760 4766 58 27 The
2828 4766 141 27 notorious
2977 4766 70 27 Cora
3059 4765 96 29 Pearle
3165 4766 63 27 died
3240 4770 29 24 at
3279 4767 78 27 Paris

2726 4813 67 28 poor
2804 4803 54 30 and
2868 4803 29 29 in
2908 4803 118 30 distress.
3063 4803 38 30 Of
3107 4803 54 30 late
3168 4814 90 27 years,
3267 4805 90 36 owing

2726 4847 27 22 to
2766 4852 35 17 an
2812 4843 134 26 excessive
2958 4843 170 35 corpulence,
3137 4843 49 27 she
3199 4843 55 28 had
3263 4853 92 25 grown

2727 4880 99 29 almost
2839 4883 48 25 out
2899 4880 30 28 of
2939 4880 178 34 recognition.

2759 4919 59 27 The
2832 4920 95 26 Prince
2941 4919 30 27 of
2988 4919 100 27 Wales'
3102 4928 64 18 sons
3178 4928 45 19 are
3235 4920 119 34 charged

2726 4955 66 29 with
3049 4956 30 28 in
3103 4958 18 14 44
3133 4956 58 29 The
3209 4956 94 30 Cruise
3329 4958 30 28 of

2726 4994 46 28 the
3037 4994 58 29 The
3125 5004 113 27 passage
3265 4996 89 28 which

2726 5031 95 36 begins
2880 5032 49 28 We
2943 5031 99 28 should
3063 5031 32 29 be
3107 5032 55 28 less
3174 5033 68 27 than

2727 5070 54 29 and
2793 5070 76 33 ends,
2917 5070 48 29 sad
2978 5071 146 29 memories
3134 5071 30 28 of
3173 5071 73 29 their
3256 5072 102 29 useless

2849 5109 23 28 is
2891 5108 82 29 taken
2992 5109 101 28 almost
3115 5109 77 28 word
3214 5109 42 28 for
3279 5111 76 28 word

2727 5147 71 28 from
2807 5147 112 28 Charles
2929 5148 155 34 Kingsley's
3102 5151 17 12 '
3126 5149 37 26 At
3269 5150 90 27 where

2727 5185 22 27 it
2761 5184 55 28 will
2830 5185 31 27 be
2874 5185 84 27 found
2969 5187 30 26 in
3009 5185 46 27 the
3067 5185 99 27 second
3179 5185 122 37 chapter.

2761 5224 45 28 An
2817 5227 117 34 attempt
2952 5233 36 19 on
3000 5223 47 29 the
3064 5227 62 34 part
3138 5223 30 29 of
3183 5224 47 28 the
3249 5224 93 30 author-

2727 5261 63 27 ities
2799 5265 29 23 at
2837 5261 176 27 Amsterdam
3022 5265 28 23 to
3058 5262 120 35 prohibit
3185 5262 47 28 the
3242 5263 117 36 popular

2727 5308 80 27 game
2819 5299 89 29 called
2925 5301 18 14 44
2954 5299 51 29 Eel
3160 5299 44 29 led
3225 5303 28 26 to
3266 5309 16 21 a
3296 5309 46 21 con-

2728 5338 56 27 flict
2808 5338 67 28 with
2899 5338 47 29 the
2964 5339 87 35 police
3068 5348 37 18 on
3122 5338 67 36 July
3209 5340 44 27 25.
3301 5340 58 27 The

2727 5377 96 27 rioters
2835 5376 106 29 erected
2954 5375 161 35 barricades,
3128 5376 46 29 the
3187 5377 88 37 police
3288 5377 69 30 fired

2727 5415 59 28 into
2811 5415 46 28 the
2875 5414 99 31 crowd,
2999 5415 97 37 killing
3113 5417 35 27 20
3171 5425 113 28 persons
3305 5417 55 28 and

2727 5454 149 34 wounding
2885 5455 43 27 80.
2964 5454 203 36 Twenty-eight
3178 5459 101 24 arrests
3289 5465 71 19 were

2728 5490 90 28 made.

2762 5530 24 28 A
2805 5530 163 29 convention
2994 5529 123 30 between
3148 5530 129 36 England
3306 5534 54 28 and

2729 5568 89 27 China
2841 5577 57 18 was
2923 5568 95 35 signed
3041 5572 29 24 at
3098 5569 86 27 Pekin
3207 5569 37 36 by
3271 5571 89 27 which

2729 5604 89 29 China
2830 5614 92 27 agrees
2931 5610 28 23 to
2970 5605 46 28 the
3025 5606 162 36 occupation
3195 5607 32 28 of
3237 5607 123 29 Burmah

2729 5643 37 35 by
2778 5643 47 28 the
2835 5643 126 33 English,
2971 5644 54 27 and
3035 5645 134 35 promises
3176 5650 28 22 to
3211 5655 149 27 encourage

2731 5681 74 27 trade
2829 5680 123 29 between
2971 5681 89 28 China
3079 5682 55 28 and
3158 5682 134 29 Burmah.
3338 5685 22 27 A

2730 5720 206 29 commissioner
2941 5720 23 28 is
2971 5720 80 36 being
3060 5720 105 30 formed
3174 5726 27 25 to
3211 5722 149 31 delimitate

2731 5759 46 26 the
2791 5759 132 26 Burmese
2936 5759 122 27 frontier.

2766 5796 163 37 Dispatches
2947 5796 31 28 of
2992 5796 47 30 the
3058 5796 65 30 25th
3143 5808 48 27 say
3210 5798 61 30 that
3289 5800 71 28 Lord

2732 5835 140 36 Salisbury
2892 5845 55 19 was
2960 5836 131 37 cordially
3113 5839 123 27 received
3259 5842 35 32 by
3317 5840 43 28 the

3371 219 92 36 Qneen
3477 222 29 26 at
3518 217 122 31 Osborne
3655 218 101 29 House.
3794 216 42 29 On
3854 216 43 29 bis
3909 220 94 25 return

3370 260 69 25 from
3455 258 121 27 Osborne
3600 257 140 34 Salisbury
3755 266 55 17 was
3832 256 114 26 cbeere-l
3967 256 36 26 all

3371 296 82 33 along
3466 295 46 28 the
3527 299 76 24 route
3617 294 35 36 by
3664 295 136 27 immense
3814 292 111 29 crowds.
3969 293 37 28 At

3372 334 115 28 London
3503 334 33 27 he
3549 332 123 28 declined
3686 337 27 23 to
3727 331 83 37 speak
3824 331 154 35 anywhere.

3408 372 58 28 The
3480 376 110 33 parents
3611 371 30 27 of
3657 370 80 28 Eliza
3758 370 172 32 Armstrong,
3942 369 63 28 who

3369 410 103 33 figured
3487 420 28 17 so
3528 409 208 37 conspicuously
3749 409 28 27 in
3791 409 46 27 the
3850 408 65 27 Pall
3933 408 72 27 Mall

3370 450 111 27 Gazette
3492 457 153 27 exposures,
3655 447 70 28 have
3735 447 134 33 arranged
3883 451 27 23 to
3925 446 79 35 briug

3374 497 15 17 a
3402 487 55 27 suit
3475 488 41 26 for
3539 487 74 28 9OO
3633 485 130 35 damages
3785 485 107 35 against
3915 485 92 32 Stead,

3372 525 47 29 the
3443 524 96 34 editor,
3559 525 35 28 its
3619 523 162 39 publishers,
3807 523 54 29 and
3887 523 119 28 General

3371 565 100 31 Booth,
3483 565 30 26 of
3522 564 46 27 the
3579 564 141 27 Salvation
3730 573 88 24 army.
3855 563 57 27 The
3922 562 81 28 claim

3370 601 56 29 will
3439 601 32 29 be
3485 605 40 24 tor
3537 600 64 30 libel
3619 610 36 20 on
3667 601 47 28 the
3727 600 75 38 girl's
3815 604 111 33 parents
3949 600 55 28 and

3370 641 41 28 for
3421 640 151 35 assaulting
3584 640 47 28 the
3641 640 82 28 child.

3403 680 58 26 The
3472 680 97 26 Sultan
3582 679 30 27 of
3622 679 124 27 Soumali
3758 678 50 27 has
3821 677 123 36 expelled
3958 678 47 26 the

3367 717 137 29 members
3528 717 30 29 of
3578 717 48 28 the
3652 717 122 29 German
3800 717 69 27 East
3892 716 113 27 African

3368 757 108 34 Society
3488 756 72 27 from
3572 755 43 28 his
3628 755 163 28 dominions.

3401 802 103 30 Wassit
3516 804 68 36 Bey,
3598 802 61 29 who
3673 802 108 35 arriyed
3794 806 28 25 at
3835 802 80 29 Cairo
3934 802 70 28 from

3367 842 47 28 the
3434 842 110 28 Soudan
3562 851 36 19 on
3616 842 67 36 July
3700 842 76 31 29th,
3795 842 126 35 reported
3944 840 60 28 that

3367 879 155 29 Khartoum
3535 879 55 27 had
3603 880 68 28 been
3685 879 89 28 raised
3786 880 36 35 by
3844 879 45 28 the
3907 878 96 28 rebels.

3368 918 34 28 In
3426 918 43 28 his
3487 917 112 38 opinion
3617 928 17 18 a
3652 918 71 28 force
3741 917 145 36 marching
3909 921 27 25 to
3961 926 26 19 re-

3367 957 128 26 establish
3518 957 47 26 the
3578 957 149 27 Khedive's
3747 957 141 31 authority
3911 955 95 27 would

3368 1003 62 19 now
3450 998 73 24 meet
3537 993 64 30 with
3623 993 129 29 welcome
3764 993 93 29 rather
3869 993 68 29 than
3961 1002 28 19 re-

3368 1033 125 28 sistance.

3402 1080 59 27 The
3486 1079 68 28 Rev.
3579 1079 97 36 Henry
3700 1079 85 28 Ward
3809 1078 122 28 Beecher
3952 1078 51 28 has

3368 1117 68 28 been
3449 1117 142 37 adversely
3603 1117 137 29 criticised
3760 1117 36 36 by
3814 1117 52 28 the
3890 1117 117 27 London

3369 1165 105 27 papers.
3521 1155 54 30 His
3596 1156 115 29 lectures
3735 1165 69 20 were
3829 1155 49 28 but
3903 1155 111 37 'poorly

3370 1194 137 28 attended.
3555 1195 58 28 The
3628 1194 149 28 admission
3796 1194 81 35 being
3897 1195 42 26 far
3959 1199 44 23 too

3370 1232 66 34 high
3450 1233 23 26 is
3485 1232 59 28 said
3562 1237 28 24 to
3603 1233 32 28 be
3648 1233 48 27 the
3709 1242 80 18 cause
3803 1233 28 26 in
3844 1235 69 33 part.

3405 1279 96 29 Davitt
3518 1279 50 29 has
3587 1281 108 27 written
3715 1284 27 24 to
3762 1279 83 34 Ford,
3871 1279 88 29 editor
3970 1278 43 32 ?of

3375 1317 46 28 the
3433 1318 69 27 New
3526 1319 72 27 York
3610 1319 78 27 Irish
3711 1317 106 34 World,
3831 1317 96 35 taking
3948 1317 59 28 him

3372 1359 28 23 to
3424 1355 59 28 task
3508 1356 42 29 for
3568 1357 126 34 advising
3718 1366 16 19 a
3763 1356 89 36 policy
3859 1358 9 31 |
3887 1355 30 28 of
3946 1355 46 27 Par-

3372 1392 164 38 liamentary
3548 1395 167 27 obstruction
3729 1403 36 18 on
3781 1393 45 28 the
3845 1397 61 32 part
3919 1393 30 26 of
3962 1392 48 27 the

3374 1430 90 29 Home
3474 1432 70 28 Rule
3568 1432 145 29 members.
3755 1432 43 27 He
3809 1441 68 26 says
3889 1431 47 28 the
3949 1435 60 24 true

3374 1470 88 35 policy
3471 1471 41 27 for
3521 1471 46 27 the
3581 1472 92 27 Homo
3687 1471 102 28 Rulers
3793 1471 33 35 js
3842 1474 27 24 to
3880 1470 130 27 advocate

3374 1508 45 28 the
3431 1508 114 28 reforms
3557 1510 124 35 required
3702 1510 37 34 by
3751 1510 47 26 the
3812 1508 144 29 workmen
3984 1508 31 26 of

3374 1546 85 30 Great
3479 1548 106 28 Britain
3598 1547 80 30 while
3692 1547 162 36 advocating
3876 1545 139 39 just:ce'J,o

3374 1585 118 28 Ireland.

3408 1632 146 29 Catherine
3565 1633 97 32 Lewis,
3672 1632 115 29 sisterof
3796 1632 103 36 Jeffrey
3908 1632 99 33 Lewis,

3375 1670 53 28 and
3442 1681 16 17 a
3471 1676 90 31 pretty
3574 1680 81 27 opera
3668 1672 124 35 comique
3803 1672 91 31 singer
3907 1670 102 28 known

3374 1709 29 29 in
3422 1710 146 33 Australia,
3582 1710 49 28 has
3649 1710 111 28 secured
3779 1720 16 18 a
3813 1710 107 28 divorce
3939 1710 68 27 from

3376 1747 50 28 her
3439 1748 134 34 husband,
3586 1749 85 27 Oscar
3681 1748 152 28 Alfredson.

3411 1796 57 27 The
3478 1795 115 28 London
3607 1795 95 29 World
3713 1806 63 25 says
3784 1796 60 27 that
3859 1796 154 28 Gladstone

3375 1834 23 27 is
3420 1834 82 35 going
3521 1843 35 18 on
3569 1843 16 18 a
3603 1834 131 36 yachting
3744 1834 142 27 excursion
3901 1844 28 17 as
3942 1843 68 18 soon

3377 1881 29 19 as
3419 1871 35 29 he
3466 1872 23 28 is
3501 1872 120 28 released
3631 1872 70 28 from
3709 1872 98 28 official
3818 1872 84 28 work.
3932 1872 79 28 After

3377 1910 45 28 the
3446 1910 177 35 preliminary
3647 1911 109 27 debates
3781 1910 33 28 he
3840 1911 56 27 will
3916 1917 47 21 not
3978 1911 32 27 be

3377 1957 64 19 seen
3455 1948 80 34 again
3547 1948 29 28 in
3589 1948 46 28 the
3650 1948 96 28 House
3760 1948 30 28 of
3807 1948 154 28 Commons
3974 1948 42 28 for

3377 1987 104 28 several
3494 1987 112 28 months
3651 1988 44 27 He
3710 1997 130 27 proposes
3852 1992 28 24 to
3894 1993 68 23 start
3975 1987 40 27 for

3381 2025 84 27 Rome
3478 2025 75 36 early
3564 2026 29 26 iu
3606 2026 163 32 November,
3784 2026 54 28 and
3856 2030 27 24 to
3908 2027 106 26 remain

3377 2062 29 29 in
3419 2063 73 37 Italy
3504 2063 71 28 until
3588 2064 69 28 after
3669 2065 106 28 Easter.

3412 2111 176 27 Excitement
3596 2111 49 27 has
3655 2112 67 27 been
3732 2112 100 27 cansed
3845 2112 33 27 in
3895 2112 121 35 political

3378 2148 94 28 circles
3495 2148 37 36 by
3556 2148 122 29 Russia's
3704 2150 159 36 occupation
3902 2150 30 28 of
3951 2150 65 28 Port

3379 2186 130 34 LazerefTf,
3523 2187 30 28 in
3566 2187 46 29 the
3626 2188 94 28 Corea.

3413 2235 58 27 The
3482 2235 76 27 Paris
3579 2235 106 35 Figaro
3698 2235 29 27 of
3747 2235 67 35 July
3828 2237 33 26 2G
3873 2236 143 36 publishes

3379 2281 16 20 a
3419 2272 165 30 sensational
3607 2274 92 28 article
3719 2274 93 35 giving
3836 2274 96 28 details
3945 2274 30 28 of
3999 2284 16 18 a

3379 2311 149 28 meditated
3564 2320 70 27 coup
3669 2312 33 26 do
3737 2314 58 25 etat
3831 2312 36 35 by
3908 2313 107 34 general

3380 2348 159 38 Boulanger

3523 2443 199 31 AMERICAN
3741 2445 128 30 ITEMS.

3414 2501 59 29 The
3483 2502 103 28 United
3598 2502 90 28 States
3698 2503 222 32 Commissioner,
3931 2504 34 28 G.
3974 2505 38 27 H.

3380 2541 92 33 Bates,
3497 2540 48 29 left
3567 2551 36 18 on
3628 2541 67 37 July
3718 2543 61 27 21st
3802 2542 41 28 for
3868 2543 100 29 Samoa
3987 2548 29 24 to

3380 2584 28 24 to
3432 2579 103 28 discuss
3561 2579 66 27 with
3641 2580 46 28 the
3700 2581 127 33 English,
3841 2582 106 27 French
3960 2582 55 27 and

3380 2617 122 28 German
3549 2617 228 29 Commissioners
3817 2620 48 26 the
3906 2620 109 27 neutral

3381 2655 116 38 position
3511 2655 29 29 of
3551 2655 46 29 the
3610 2655 103 30 Island.

3415 2704 28 27 It
3466 2704 24 26 is
3510 2704 132 35 proposed
3662 2708 28 24 to
3703 2709 116 23 connect
3831 2704 101 36 Japan,
3946 2706 68 27 New

3382 2741 129 32 Zealand,
3535 2741 54 27 and
3612 2742 138 28 Australia
3784 2742 33 33 by
3843 2743 77 28 cable
3945 2744 74 27 with

3382 2777 121 31 Canada.

3416 2826 215 29 Commissioner
3643 2827 167 36 Flemming,
3824 2827 49 30 left
3885 2828 42 29 for
3939 2829 57 35 Eng-

3382 2866 65 28 land
3467 2875 35 18 on
3515 2866 67 34 July
3596 2866 65 27 24th
3674 2870 28 23 to
3715 2866 92 28 confer
3818 2867 65 27 with
3897 2867 46 28 the
3959 2869 37 26 Im-

3382 2903 85 37 perial
3487 2903 188 29 Government
3696 2912 36 20 on
3753 2904 47 29 the
3812 2904 105 38 subject
3930 2906 30 27 of
3970 2906 47 27 the

3385 2942 125 29 Maiwell
3520 2942 148 35 murderer,
3676 2944 146 28 sentenced
3829 2949 28 24 to
3867 2944 30 28 be
3907 2945 108 37 hanged

3384 2991 37 17 on
3432 2982 107 34 August
3550 2983 68 25 21st.

3416 3027 25 26 A
3462 3027 219 27 Newfoundland
3702 3036 84 26 paper
3806 3029 27 26 of
3857 3029 68 35 July
3949 3030 65 26 28:
4018 3027 3 37 h

3382 3064 165 30 contradicts
3577 3064 47 30 the
3659 3066 166 29 sensational
3854 3071 104 33 reports
3988 3067 31 28 of

3382 3104 161 28 destitution
3564 3104 29 28 in
3615 3105 60 28 that
3687 3106 107 35 colony,
3807 3107 55 27 and
3875 3117 64 24 says
3952 3107 59 28 that

3384 3142 75 27 there
3469 3142 70 28 have
3549 3142 68 28 been
3626 3152 35 18 no
3670 3142 97 29 deaths
3777 3144 70 26 from
3856 3146 159 26 starvation.

3384 3181 57 27 The
3454 3191 74 17 same
3544 3191 84 26 paper
3640 3181 155 29 denounces
3810 3182 130 32 Weddoll,
3954 3184 63 27 who

3384 3219 22 26 is
3429 3219 29 26 in
3480 3219 113 28 Canada
3617 3219 111 36 seeking
3749 3221 157 33 assistance,
3931 3231 31 18 as
3982 3231 35 17 an

3384 3257 141 38 imposter.

3419 3306 163 35 Dispatches
3603 3307 70 26 from
3695 3307 46 27 the
3763 3308 108 27 Ottawa
3894 3309 104 26 Govern-

3385 3351 75 20 ment
3473 3342 50 29 has
3535 3353 36 18 no
3584 3344 98 28 official
3695 3344 159 37 knowledge
3867 3346 30 28 of
3914 3346 46 28 the
3974 3356 26 18 re-

3385 3381 93 36 ported
3509 3382 98 28 woeiul
3636 3382 140 29 condition
3807 3384 29 28 of
3864 3384 92 35 things
3988 3386 29 27 ia

3386 3419 147 35 Labrador,
3546 3421 54 28 and
3618 3420 103 30 believe
3741 3422 47 28 the
3809 3432 104 28 reports
3935 3428 28 24 to
3986 3423 33 29 bo

3386 3459 114 28 without
3513 3460 168 28 foundation.

3420 3507 57 27 The
3499 3508 108 33 mining
3628 3508 92 34 region
3741 3509 31 27 of
3800 3509 108 28 Menow
3932 3510 84 33 Lake,

3386 3544 155 34 California,
3561 3546 57 28 rich
3640 3546 28 28 in
3689 3556 69 25 ores,
3779 3548 47 28 the
3848 3548 123 36 working
3993 3548 28 29 of

3385 3584 91 30 which
3488 3595 57 19 was
3565 3586 203 36 impracticable
3790 3597 35 18 on
3852 3592 117 25 account
3993 3588 28 29 of

1269 70 116 45 THE
1441 70 184 41 LYELL
1678 71 186 45 TIMES,
1919 67 306 49 SATURDAY',
2281 63 226 45 AUGUST
2552 70 58 43 28,
2662 72 100 37 1886.

3403 3658 220 35 (Continuation
3635 3659 35 36 of
3683 3660 90 32 News,
3786 3669 42 19 see
3840 3660 50 28 4th
3902 3661 99 35 Page.)

246 2709 119 31 Public
383 2710 152 31 Notices.

75 2787 117 40 THE
253 2788 222 40 WINTER
527 2788 185 42 STOCK

335 2865 35 20 AT
388 2865 56 21 THE

214 2906 114 41 NEW
352 2907 222 41 ZEALAND

79 2968 307 76 Clothing
417 2971 298 73 Factory

158 3066 274 37 PALMEESTON
464 3067 171 41 STEEET,

294 3135 214 36 WESTPORT,

81 3197 58 59 IS
152 3206 61 20 now
226 3197 101 37 replete
337 3198 67 29 with
416 3208 17 19 a
442 3199 85 36 really
536 3199 180 36 Magnificent

290 3236 174 30 Assortment
476 3236 30 29 of

76 3287 124 39 Men's,
211 3287 142 31 Youths'
364 3289 70 30 and
446 3289 99 38 Boys'

218 3322 313 41 Fashionably-Cut
544 3324 171 39 Clothing,

78 3369 46 28 Ail
141 3368 82 29 made
242 3369 71 28 from
335 3369 69 28 New
422 3369 119 28 Zealand
553 3369 89 35 Wool,
655 3370 45 28 tho-

240 3406 117 39 roughly
370 3407 115 35 shrunk,
499 3407 55 30 and

77 3461 25 29 A
124 3460 95 38 Single
232 3460 106 29 Article
352 3461 68 28 Sold
432 3463 31 26 at
475 3462 124 37 Factory
611 3462 104 29 Prices.

80 3564 25 34 A
140 3562 144 45 Splendid
317 3564 188 34 Assortment
548 3564 33 34 of
620 3564 97 33 Men's

159 3610 126 31 Youths'
315 3610 59 30 and
408 3611 88 38 Boys'
531 3610 189 39 Waterproof

237 3651 151 42 Clothing,
404 3652 41 31 all
455 3651 122 33 marked
588 3652 32 31 in
630 3652 88 32 Plain

317 3696 134 40 Figures,
488 3696 58 32 and
585 3696 72 32 Sold
687 3698 32 30 at

395 3739 126 44 Factory
545 3738 109 35 Prices.

186 3854 237 32 FIRST-CLASS
442 3853 172 31 CUTTERS

82 3919 75 36 Only
170 3928 46 18 are
234 3917 123 38 engaged
378 3917 29 28 in
428 3917 48 28 the
497 3917 87 28 Order
605 3917 98 35 Depart-

314 3959 78 26 ment
404 3958 28 26 at
444 3954 47 31 the

82 4010 92 38 New
192 4008 165 40 Zealand
371 4006 167 53 Clothing
553 4008 165 52 Factory.

83 4123 32 32 A
133 4123 116 39 Single
267 4121 78 34 Suit
360 4121 105 33 Made
490 4123 37 29 to
552 4121 111 33 Order
687 4123 36 30 at

255 4171 147 39 Factory
418 4170 134 32 Prices!

374 4229 58 19 AND

87 4272 169 33 Remember
268 4270 99 34 !All
393 4271 77 33 from
494 4270 51 34 the
567 4270 89 33 finest
680 4280 28 23 se-

83 4316 98 31 lected
195 4317 72 30 New
282 4316 131 30 Zealand
434 4315 96 36 Wool,
545 4315 178 40 thoroughly

82 4358 129 39 shrunk,
226 4359 59 32 and
299 4370 18 21 a
330 4357 116 35 Perfect
460 4357 49 34 Fit
524 4357 198 35 Guaranteed.

160 4464 95 29 Terms
276 4463 109 30 CASH.
421 4464 44 29 No
482 4462 174 31 Abatement.

86 4565 108 36 Agents
223 4564 41 29 for
294 4565 47 28 the
371 4565 160 28 Unrivalled
561 4565 162 29 Wertheim

265 4603 114 29 Sewing
399 4603 153 28 Macaines.

89 4707 84 62 New
202 4705 151 64 Zealand
384 4707 160 76 Clothing
567 4707 156 76 Factory,

127 4796 329 37 PALMERSTON-ST.,
478 4798 213 29 WESTPORT.

184 4895 37 33 T.
239 4896 436 42 BLENNERHASSETT,

292 4947 132 35 Manager
435 4947 140 35 Westport
588 4947 120 28 Branch.

3561 3738 118 32 Public
3697 3738 154 33 Notices.

3436 3816 200 33 JUNCTION
3660 3817 312 36 SCHOOLHOUSE.

3388 3925 204 82 TENDESS
3627 3928 178 31 WANTED
3830 3930 45 31 for
3898 3930 98 33 EREC-

3469 3980 96 33 TION
3594 3980 31 33 of
3654 3981 301 36 SCHOOLHOUSE
3991 3988 32 28 at

3386 4032 177 42 Inangaliua
3577 4033 153 33 Junction.

3771 4075 9 10 %

3425 4142 91 31 Plans
3530 4143 59 31 and
3603 4144 216 40 specifications
3830 4156 56 21 can
3899 4146 36 32 be
3950 4158 70 20 seen

3386 4196 31 31 at
3431 4194 49 33 Mr
3493 4195 96 32 James
3603 4196 111 33 Inglis'
3730 4198 92 38 office,
3835 4199 95 42 Lyell,
3943 4201 77 31 until

3386 4247 60 31 2nd
3462 4248 183 41 September.

3425 4347 193 35 TENDERS
3646 4348 130 35 CLOSE
3802 4361 40 23 on
3869 4351 126 35 THURS-

3386 4401 93 37 DAY,
3495 4403 60 29 2nd
3570 4403 261 33 SEPTEMBER.

3426 4508 26 32 A
3466 4508 123 42 Deposit
3603 4510 33 32 of
3653 4512 40 30 5
3708 4514 31 30 to
3753 4522 181 32 accompany
3948 4513 73 33 eacli

3387 4561 113 32 tender.

3427 4614 63 32 The
3514 4615 103 32 lowest
3641 4626 33 22 or
3697 4626 59 33 any
3780 4618 103 32 tender
3904 4622 53 30 not
3970 4631 34 21 ne-

3387 4667 139 41 cessarily
3546 4669 147 40 accepted.

3653 4720 35 34 F.
3711 4721 230 41 COURTNEY,

3537 4773 163 32 Chairman
3712 4774 110 34 School
3831 4777 188 33 Committee.

3558 4859 136 39 Mining
3712 4861 152 32 Notices.

3385 4936 84 32 THE
3492 4937 170 33 CR(ESUS
3685 4939 161 38 QUARTZ
3868 4941 152 33 MINING

3497 4989 203 39 COMPANY,
3721 4992 189 33 LIMITED.

3387 5101 209 33 mENDERS
3611 5112 48 22 are
3674 5102 173 33 INVITED
3857 5104 44 32 for
3911 5104 94 33 SINK
4010 5123 9 4 -

3392 5149 28 31 J-
3468 5156 74 30 ING
3557 5166 17 20 a
3587 5156 138 31 WINZE
3738 5159 39 29 70
3787 5157 59 31 feet
3855 5158 94 31 below
3960 5158 60 31 this

3386 5206 179 44 Company's
3580 5207 56 34 No.
3649 5208 18 32 2
3681 5207 101 34 Level.

3427 5313 223 41 Specifications
3662 5316 59 30 and
3734 5316 166 32 conditions
3915 5327 55 22 can
3984 5316 36 32 be

3387 5375 69 23 seen
3477 5369 31 29 at
3531 5367 52 33 the
3605 5367 179 43 Company's
3808 5368 101 38 Office,
3924 5369 97 32 where

3387 5420 193 34 TENDERS
3605 5422 60 32 will
3688 5422 36 32 be
3749 5423 212 32 RECEIVED
3982 5436 40 30 up

3387 5475 30 29 to
3433 5476 17 28 5
3465 5484 72 30 p.m.
3553 5485 39 20 on
3617 5475 200 37 TUESDAZ,
3834 5476 54 32 7th
3911 5476 57 42 day
3992 5477 32 32 of

3389 5525 261 40 SEPTEMBER,
3667 5530 87 31 1886.

3428 5626 63 31 The
3516 5626 101 32 lowest
3642 5638 32 19 or
3698 5638 59 31 any
3781 5629 103 32 tender
3904 5631 52 30 not
3970 5640 34 21 ne-

3387 5678 140 43 cessarily
3540 5678 148 42 accepted.

3638 5734 134 31 JAMES
3792 5734 152 35 INGLIS,

3831 5786 153 42 Manager.

3429 5838 95 42 Lyell.
3541 5840 116 40 August
3671 5840 82 36 26th,
3772 5842 85 31 1886.
