4090 5960
1279 78 117 42 THE
1451 74 185 42 LYELL
1686 70 186 46 TIMES,
1928 67 305 54 SATURDAY,
2288 77 226 40 AUGUST
2567 82 57 41 28,
2684 79 100 38 1886.

234 209 136 45 Mining
388 215 149 32 Notices.

69 294 247 29 APPLICATION
332 296 71 27 FOE
416 296 156 28 SPECIAL
583 296 115 28 CLAIM

200 407 102 28 Nelson
317 409 177 28 South-West
508 409 156 33 Goldfields,

297 445 106 37 August
416 447 31 28 13
450 446 40 35 th,
504 447 75 29 1886.

104 501 41 26 To
164 509 55 19 the
238 501 129 28 Warden
384 510 35 19 at
438 503 206 27 Murchison—

72 557 36 60 I
128 558 159 28 HEREBY
305 558 82 37 apply
409 559 41 28 for
462 569 16 19 a
492 558 105 39 Special
612 560 87 28 Claim

144 597 31 27 of
184 597 47 27 the
244 597 79 27 lands
335 597 163 29 hereinafter
511 597 146 34 described,
671 598 28 27 in

71 634 163 29 accordance
258 635 65 28 with
352 636 108 28 Section
490 637 33 27 93
553 637 30 27 of
643 636 57 29 The

73 673 89 28 Mines
174 674 62 34 Act,
358 675 30 28 of
398 675 66 28 New
478 674 127 34 Zealand,
619 675 54 29 and
686 676 14 27 I

72 720 88 27 agree,
173 720 74 28 upon
260 712 46 29 the
320 713 129 36 approval
461 713 31 28 of
509 713 55 28 this
583 713 102 37 applica-

72 750 68 33 tion,
153 753 29 24 to
195 754 92 32 accept
300 760 16 19 a
330 751 106 35 Special
458 751 87 28 Claim
567 760 74 27 upon
654 751 47 29 the

72 786 73 29 basis
158 788 105 28 therein
277 788 97 34 stated,
387 789 24 28 if
420 788 46 29 the
480 789 140 29 Governor
631 788 70 29 shall

72 825 80 29 think
165 826 32 29 fit
208 829 28 27 to
250 830 80 33 grant
341 826 47 30 the
401 836 82 20 same.

231 882 126 29 Wakatu
370 883 113 28 United
497 883 80 28 Gold
591 883 110 28 Mining

319 921 140 34 Company,
473 922 133 32 Limited,

232 958 44 37 By
297 958 72 28 their
391 960 140 36 Manager,
552 958 148 30 Sheppard

297 997 26 29 J.
339 997 123 34 Reeves,
475 994 156 41 Applicant.

106 1052 90 30 Name
208 1052 53 30 and
275 1052 109 30 address
391 1054 28 27 in
429 1053 51 29 lull
490 1053 30 29 of
528 1054 171 37 applicant—

139 1091 120 30 Wakatu
280 1091 103 31 United
405 1092 70 30 Gold
498 1092 107 38 Mining
623 1093 57 30 Com-

140 1139 84 27 pany,
236 1131 130 34 Limited,
381 1131 143 36 Sheppard
545 1132 27 28 J.
586 1132 114 32 Reeves,

141 1164 141 42 Manager.

109 1215 75 33 Style
196 1216 87 28 under
294 1216 89 28 which
396 1216 21 28 it
429 1217 23 27 is
464 1216 131 28 intended
602 1219 28 25 to
638 1226 46 18 con-

142 1252 66 31 duct
229 1252 47 31 the
296 1252 278 32 business—Wakatu
598 1254 103 30 United

141 1292 71 29 Gold
226 1292 107 37 Mining
345 1293 152 36 Company,
510 1294 128 28 Limited.

108 1338 103 29 Extent
217 1339 30 29 of
254 1339 104 37 ground
366 1339 107 38 applied
481 1339 75 30 for—
615 1348 84 21 acres.

109 1386 150 29 Minimum
271 1387 117 29 number
400 1387 30 29 of
444 1397 65 18 men
527 1387 132 37 proposed
673 1390 28 25 to

141 1425 33 27 be
186 1425 142 36 employed
346 1425 36 36 by
402 1425 47 27 the
468 1425 83 28 lessee
551 1426 91 27 —For
655 1425 44 28 the

141 1462 59 29 first
207 1463 40 28 six
253 1463 121 35 months,
380 1465 16 27 6
406 1471 77 27 men;
497 1463 202 38 subsequently,

141 1501 80 29 when
234 1501 92 30 in°iull
337 1501 84 35 work,
435 1503 33 28 10
480 1512 73 19 men.

107 1548 124 30 Amount
243 1550 30 28 of
291 1548 98 37 capital
403 1549 133 37 proposed
555 1552 28 26 to
603 1548 33 30 be
657 1550 27 28 in-

141 1587 128 29 vested—
271 1588 64 33 Jgll,
337 1589 60 29 GOO.

106 1634 138 36 Proposed
262 1635 80 27 mode
360 1635 29 27 of
407 1635 122 35 working
540 1635 46 28 the
599 1634 101 29 land—

143 1670 137 39 Ordinary
292 1672 80 29 mode
385 1672 30 29 of
424 1675 94 35 quartz
532 1672 115 38 mining.

108 1719 105 28 Precise
226 1719 231 36 locality—Owen
470 1720 123 29 District.
612 1720 88 37 Being

142 1757 47 29 the
202 1757 106 38 ground
326 1757 152 38 comprised
499 1759 28 28 in
547 1759 46 29 the
614 1759 86 29 leases

139 1795 102 30 known
265 1806 30 19 as
318 1797 48 28 the
404 1797 119 29 Wakatu
553 1797 54 30 and
637 1798 62 28 Uno

137 1833 96 29 leases.

104 1881 83 29 Term
196 1881 40 29 for
243 1881 91 30 which
345 1882 99 37 special
453 1883 81 29 claim
543 1884 23 28 is
576 1884 123 36 required

137 1919 68 29 —ls
218 1929 88 27 years.

104 1966 78 29 Time
212 1967 31 28 of
275 1967 191 37 commencing
504 1969 155 37 operations

141 2005 161 37 Operations
316 2011 119 32 arejnow
449 2006 81 38 being
542 2007 103 29 carried
655 2016 44 20 on.

103 2053 116 29 General
235 2054 217 30 remarks—The
470 2055 188 29 shareholders
671 2057 28 27 in

137 2090 66 29 both
234 2091 95 35 leases,
360 2092 102 37 having
497 2093 202 37 amalgamated

138 2129 72 29 their
240 2130 174 37 Companies,
447 2141 45 20 are
523 2131 120 30 desirous
673 2133 30 28 of

139 2167 102 38 having
253 2168 46 30 the
313 2169 104 37 ground
439 2170 114 36 granted
575 2174 27 26 to
623 2171 76 29 them

137 2207 87 27 under
235 2217 52 18 one
300 2208 69 32 title,
384 2218 30 17 as
426 2209 61 27 well
508 2218 30 18 as
560 2212 27 25 to
607 2218 92 19 secure

137 2244 24 27 if
177 2244 116 37 possible
306 2254 17 19 a
341 2245 140 29 reduction
500 2246 30 28 in
551 2250 75 31 rent,;
645 2248 55 27 and

138 2282 57 27 also
207 2282 61 28 that
280 2282 103 37 having
405 2283 45 28 the
473 2283 85 29 leases
580 2285 102 36 amalga-

137 2320 93 29 mated
266 2319 90 30 would
389 2320 62 37 give
482 2321 46 29 the
558 2321 142 38 Company

137 2362 106 31 greater
255 2358 127 29 facilities
395 2360 41 27 for
457 2360 117 35 opening
595 2368 37 28 up
652 2361 47 27 the

138 2395 107 37 ground
258 2404 36 21 on
307 2404 35 20 an
356 2397 137 28 extensive
507 2397 79 29 scale.

105 2510 57 27 Tne
171 2509 84 29 above
262 2510 165 36 application
435 2510 55 28 and
501 2519 54 28 any
565 2511 133 36 objection

69 2547 105 29 thereto
198 2547 56 29 will
277 2548 31 28 be
330 2548 84 29 heard
437 2551 28 25 at
486 2549 46 28 the
556 2549 143 28 Warden's

69 2585 84 29 Office
167 2590 28 24 at
208 2585 168 35 Murchison,
386 2596 36 20 on
435 2587 185 35 TUESDAY,
633 2587 64 29 28th

70 2625 241 35 SEPTEMBER,
325 2627 45 29 188
370 2627 30 29 G.

103 2686 63 36 Any
185 2696 97 26 person
304 2687 118 36 desiring
442 2691 28 25 to
491 2688 88 36 object
598 2691 28 25 to
651 2688 47 28 the

69 2724 72 29 issue
163 2725 30 28 of
207 2735 15 19 a
244 2725 109 37 Mining
370 2726 84 29 Lease
467 2735 75 29 upon
555 2726 46 30 the
614 2726 84 29 above

71 2763 164 36 application
246 2767 95 33 {must,
363 2764 96 29 within
480 2767 34 26 30
536 2765 163 36 clearjjdays

69 2801 70 29 from
154 2803 45 28 the
212 2802 62 30 date
292 2803 30 29 of
340 2803 65 29 such
428 2804 175 37 application,
623 2808 77 26 enter

71 2841 42 26 his
135 2841 134 36 objection
289 2846 28 24 at
339 2843 47 27 the
408 2843 142 27 Warden's
569 2843 83 27 Office
671 2846 28 24 at

69 2877 88 37 Lyell.

205 2935 153 31 ALFRED
377 2938 33 28 A.
430 2937 200 34 CORFIELD,

457 2976 58 27 Pro
534 2976 129 28 Warden.

162 3036 143 27 Warden's
318 3036 92 33 Office,

102 3073 87 39 Lyell,
204 3074 73 29 18th.
290 3074 115 38 August,
420 3076 45 29 188
465 3076 31 29 G.

69 3158 247 29 APPLICATION
331 3159 73 28 FOR
416 3159 154 28 SPECIAL
579 3159 118 28 CLAIM

196 3270 103 30 Nelson
313 3271 178 29 South-West
504 3272 160 33 Goldfields,

296 3310 109 37 August
419 3311 73 34 lGth,
507 3312 75 27 1886.

106 3364 39 29 To
164 3373 56 20 the
239 3365 128 29 Warden
385 3375 34 19 at
438 3366 205 30 Murchison—

69 3422 37 60 I
126 3422 159 28 HEREBY
297 3423 84 36 apply
402 3424 42 28 for
456 3434 16 18 a
486 3424 105 36 Special
610 3425 89 28 Claim

142 3460 31 28 of
182 3460 46 29 the
240 3460 78 29 lands
328 3461 163 30 hereinafter
508 3462 149 35 described,
670 3464 27 27 in

68 3498 165 30 accordance
259 3499 65 29 with
351 3500 108 28 Section
490 3502 33 27 93
553 3501 30 29 of
643 3502 56 28 The

72 3537 90 28 Mines
174 3537 59 34 Act,
355 3538 29 28 of
395 3539 66 27 New
475 3538 129 35 Zealand,
618 3540 55 28 and
685 3540 15 27 I

70 3585 88 25 agree,
172 3585 73 28 upon
257 3576 47 29 the
318 3577 129 36 approval
461 3577 29 28 of
506 3577 56 29 this
583 3578 102 37 applica-

72 3614 67 33 tion,
152 3618 28 24 to
194 3618 95 33 accept
301 3624 16 19 a
331 3615 105 36 Special
460 3616 87 27 Claim
567 3626 74 26 upon
654 3617 45 28 the

71 3650 72 29 basis
156 3652 105 28 therein
275 3653 96 33 stated,
384 3653 23 28 if
417 3653 46 29 the
476 3653 141 30 Governor
631 3654 69 29 shall

71 3689 81 30 think
164 3690 32 30 fit
208 3693 29 27 to
249 3695 80 33 grant
341 3691 46 29 the
401 3702 84 19 same.

303 3753 172 30 MATHEW
492 3755 139 34 BYRNE,

510 3792 155 39 Applicant.

105 3846 89 29 Name
205 3847 53 28 and
268 3848 109 28 address
386 3848 28 28 in
428 3848 50 28 full
491 3849 29 28 of
529 3850 172 37 applicant—

142 3885 120 31 Mathew
276 3886 101 37 Byrne,
391 3887 112 29 Nelson.

108 3941 76 38 Style
196 3942 88 29 under
297 3943 89 29 which
399 3944 22 28 it
428 3943 23 29 is
461 3943 130 30 intended
600 3947 28 26 to
637 3954 47 20 con-

140 3983 64 27 duct
226 3982 46 30 the
292 3981 320 41 business—Enterprise
628 3985 71 30 Gold

141 4020 108 37 Mining
261 4022 151 37 Company.

102 4076 105 29 Extent
225 4077 30 28 of
270 4078 104 34 ground
388 4079 107 36 applied
507 4079 109 30 for—Gs
626 4089 75 20 acres

138 4115 16 27 3
167 4114 80 30 roods
260 4115 55 29 and
332 4117 33 29 37
379 4117 122 36 perches.

106 4169 149 29 Minimum
265 4172 117 28 number
402 4172 31 28 of
450 4182 65 19 men
527 4174 132 36 proposed
673 4178 28 25 to

141 4208 31 28 be
186 4209 144 36 employed
343 4209 36 37 by
399 4210 46 29 the
468 4210 173 30 lessee—For
654 4212 46 29 the

138 4246 60 28 first
218 4248 96 27 twelve
335 4249 121 33 months,
468 4251 15 25 6
503 4259 81 24 men;
610 4250 75 28 subse-

140 4284 123 37 quently,
277 4285 79 28 when
369 4286 29 28 in
411 4286 49 28 full
473 4286 84 35 work,
571 4288 32 28 16
616 4297 73 19 men.

105 4342 123 28 Amount
240 4343 30 28 of
289 4344 99 36 capital
405 4344 132 37 proposed
558 4349 28 25 to
607 4346 33 29 bo
661 4346 26 28 in-

139 4380 255 35 vested—£lß,ooo.

106 4435 136 38 Proposed
261 4436 80 30 mode
362 4438 29 28 of
409 4438 123 37 working
543 4439 47 28 the
602 4439 101 29 land—

139 4474 136 39 Ordinary
287 4476 94 29 modes
394 4477 30 28 of
433 4481 94 33 quartz
542 4479 115 36 mining.

104 4530 106 28 Precise
221 4531 203 37 locality—The
433 4532 104 36 ground
549 4534 153 36 comprised

137 4568 30 30 in
179 4570 48 29 the
242 4568 69 32 lease
324 4570 23 30 is
359 4570 100 31 known
473 4581 30 19 as
522 4572 47 29 the
591 4572 108 31 Broken

141 4608 70 33 Hill,
224 4610 169 35 Enteiprise,
416 4610 107 28 Golden
543 4612 90 32 Point,
647 4612 55 28 and

141 4645 137 38 Progress.

106 4702 82 28 Term
213 4702 42 28 for
278 4703 89 29 which
390 4704 99 37 special
511 4704 83 30 claim
613 4705 23 29 is
662 4714 26 20 re-

140 4741 164 36 quired—ls
316 4752 88 27 years.

105 4796 79 28 Time
197 4796 32 28 of
244 4798 191 33 commencing
457 4800 227 35 operations—lm-

139 4835 148 38 mediately
301 4836 98 37 special
412 4836 82 30 claim
509 4838 22 28 is
544 4838 122 37 granted.

106 4892 117 29 General
236 4892 217 29 remarks—The
471 4894 101 36 special
586 4894 80 29 claim
680 4895 23 28 is

140 4930 100 35 songht
252 4931 49 33 for,
316 4941 29 18 as
363 4932 22 28 it
406 4932 23 28 is
441 4932 130 29 intended
584 4936 28 25 to
626 4942 77 28 carry

140 4974 47 24 out
214 4970 188 37 immediately
426 4970 88 29 works
539 4971 29 28 of
596 4981 35 18 an
659 4981 28 19 ex-

139 5007 105 29 tensive
270 5011 98 25 nature
393 5008 28 28 in
445 5008 118 37 opening
593 5017 37 29 up
656 5010 47 28 the

140 5047 68 28 reefs
222 5055 35 19 on
271 5046 75 29 these
368 5047 103 34 leases;
490 5047 55 28 and
565 5047 58 29 also
643 5048 60 29 that

139 5085 162 35 machinery
330 5085 56 28 will
416 5084 32 28 be
484 5094 76 19 more
599 5086 104 36 readily

139 5122 185 36 forthcoming
335 5122 81 29 when
429 5122 46 29 the
485 5123 107 36 ground
604 5123 24 29 is
640 5124 63 29 held

137 5171 30 18 as
180 5171 16 18 a
208 5161 101 37 special
322 5161 90 28 claim.

103 5273 59 28 The
170 5273 85 28 above
268 5273 164 37 application
443 5273 54 28 and
508 5283 55 27 any
569 5274 133 37 objection

69 5313 106 28 thereto
197 5312 55 29 will
273 5312 33 29 be
330 5312 84 29 heard
438 5317 28 24 at
490 5313 46 28 the
562 5313 141 30 Warden's

69 5351 84 26 Office
165 5355 27 22 at
207 5350 168 33 Murchison,
389 5360 35 17 on
440 5351 184 34 TUESDAY,
638 5352 63 28 28th

71 5388 239 35 SEPTEMBER,
325 5389 75 30 1886.

103 5446 64 36 Any
190 5454 98 28 person
311 5445 120 37 desiring
451 5449 28 25 to
498 5445 87 38 object
607 5449 28 26 to
657 5447 46 28 the

69 5485 72 28 issue
155 5483 26 30 of
195 5494 15 19 a
224 5483 108 37 Mining
348 5485 84 28 Lease
455 5494 74 28 upon
550 5485 46 28 the
618 5485 85 30 above

69 5524 166 36 application
257 5527 84 29 must,
363 5523 97 28 within
483 5525 33 27 30
539 5523 73 29 clear
635 5525 68 35 days

69 5562 71 28 from
160 5561 45 27 the
228 5560 61 28 date
309 5561 30 27 of
357 5562 65 26 such
438 5562 174 35 application,
626 5567 77 23 enter

69 5599 44 29 his
135 5598 134 38 objection
292 5602 28 26 at
340 5598 46 30 the
407 5598 142 30 Warden's
574 5600 82 28 Office
675 5605 28 24 at

69 5638 88 37 Lyell.

205 5696 153 29 ALFRED
379 5697 33 28 A.
432 5696 201 33 CORFIELD,

469 5735 56 28 Pro
539 5736 128 28 Warden.

164 5791 145 30 Warden's
322 5791 93 34 Office,

103 5831 78 35 Lyell
206 5832 61 28 18th
289 5832 113 34 August,
419 5833 73 28 1886.

885 216 136 40 Mining
1048 216 151 32 Notices.

794 297 248 28 APPLICATION
1064 297 72 28 FOR
1159 296 130 28 LEASE.

859 391 103 30 Nelson
978 392 177 29 South-West
1166 390 158 33 Goldfields,

966 430 108 36 August
1092 430 64 27 lGth
1179 431 76 26 1886.

760 477 40 29 To
814 485 57 20 the
889 478 130 28 Warden
1037 486 34 20 at
1092 478 130 28 Lyell—

727 524 37 61 I
783 524 159 29 HEIiEBY
962 525 83 37 apply
1070 524 41 29 for
1133 534 16 19 a
1168 523 191 37 Gold-Mining

800 564 85 27 Lease
905 564 30 27 of
954 564 46 28 the
1018 564 80 27 lands
1117 563 164 28 hereinafter
1301 563 42 27 des-

727 600 99 35 cribed,
850 602 29 27 in
909 602 164 28 accordance
1102 602 67 27 with
1199 601 47 28 the
1277 595 90 40 Gold-!

728 638 108 38 Mining
848 640 100 30 Leases
968 639 178 38 Regulations
1165 640 30 29 of
1214 639 66 29 New
1294 639 48 28 Zea-

727 678 73 33 land,
815 678 53 28 and
891 679 14 27 I
925 689 87 26 agree,
1028 688 74 27 upon
1124 678 46 30 the
1183 678 130 36 approval
1334 678 30 28 of

727 716 55 28 this
795 716 174 37 application,
991 720 28 25 to
1036 720 109 25 execute
1166 726 16 18 a
1195 717 71 27 lease
1286 724 73 27 upon

729 754 43 28 the
786 754 71 28 basis
880 754 106 29 therein
999 755 97 32 stated,
1109 755 23 28 if
1150 755 47 28 the
1219 755 141 28 Governor

727 791 71 29 shall
811 791 80 30 think
903 792 31 29 fit
947 795 29 26 to
988 797 82 31 grant
1082 793 46 28 the
1141 802 85 19 same.

917 845 162 27 PATRICK
1098 844 193 31 BRENNAN,

848 882 147 37 Applicant
1018 882 42 29 for
1081 882 47 28 the
1152 882 95 27 Lyell
1266 882 95 27 Creek

896 920 157 28 Extended
1068 921 113 34 Quartz
1197 920 111 28 Mining

957 958 139 36 Company,
1110 959 134 26 Limited.

762 1010 89 29 Name
863 1011 55 28 and
927 1010 110 29 address
1047 1011 28 27 in
1083 1010 50 28 full
1143 1011 31 27 of
1179 1009 180 37 Applicant—

797 1048 109 29 Patrick
929 1049 139 31 Brennan,
1094 1048 141 37 Manager,
1255 1047 85 29 Broad-

795 1096 71 29 way,
876 1087 126 30 Reefton.

763 1139 78 36 Style
854 1139 87 28 under
953 1139 89 28 which
1052 1138 22 29 it
1083 1139 23 28 is
1118 1138 129 29 intended
1261 1141 27 25 to
1297 1147 46 18 con-

797 1177 64 29 duct
878 1177 47 29 the
946 1176 196 37 business—L>
1149 1176 36 30 ell
1205 1175 86 31 Creek
1305 1176 36 28 Ex-

795 1216 100 28 tended
925 1217 101 33 Quartz
1063 1216 108 35 Mining
1207 1216 152 34 Company,

796 1252 129 31 Limited.

760 1306 103 28 Extent
882 1306 29 28 of
927 1306 106 35 ground
1045 1306 108 35 applied
1171 1306 42 28 for
1214 1306 145 28 —Sixteen

795 1343 54 29 and
862 1343 89 29 a-half
960 1352 82 20 acres.

760 1396 150 27 Minimum
923 1395 117 29 number
1053 1397 29 26 of
1103 1404 63 19 men
1179 1395 133 36 proposed
1333 1398 27 25 to

794 1433 32 28 be
838 1433 145 37 employed
1004 1433 36 36 by
1057 1433 47 28 the
1116 1433 175 27 lessee—For
1313 1432 47 28 the

793 1471 61 30 first
888 1472 41 28 six
964 1471 122 34 months,
1121 1472 17 27 4
1174 1479 82 26 men;
1298 1470 45 29 sub-

794 1510 151 37 sequently,
957 1510 81 29 when
1050 1510 29 28 in
1091 1510 50 28 full
1157 1509 85 34 work,
1256 1510 16 27 8
1284 1519 64 18 men
1352 1530 14 17 v

759 1562 123 29 Amount
901 1561 30 30 of
948 1561 101 38 capital
1068 1561 134 38 proposed
1222 1563 29 28 to
1263 1560 33 30 be
1318 1561 26 29 in-

793 1600 129 30 vested—
924 1602 126 32 .£IO,OOO.

760 1651 138 38 Proposed
918 1652 80 28 mode
1011 1651 31 29 of
1059 1651 124 37 working
1194 1651 47 29 the
1260 1651 100 29 land—

794 1691 44 38 By
852 1691 162 36 tunnelling.

760 1743 108 29 Precise
881 1741 358 39 locality—Alpine|Range.
1266 1742 74 28 Boun-

797 1781 52 29 ded
864 1792 34 19 on
916 1781 47 30 the
983 1781 82 30 north
1078 1781 37 37 by
1137 1782 99 28 Crown
1257 1780 102 34 Lands,

797 1829 34 19 on
844 1820 47 28 the
913 1820 80 28 south
1015 1820 36 36 by
1073 1820 47 27 the
1142 1819 102 28 United
1261 1819 98 36 Alpine

798 1858 168 37 Company's
988 1857 114 37 ground,
1122 1867 36 19 on
1179 1857 46 29 the
1245 1861 58 25 east
1324 1856 36 37 by

797 1898 47 28 the
856 1898 80 35 Lyell
946 1897 86 28 Creek
1045 1896 142 28 Extended
1195 1896 165 35 Company's

796 1934 117 38 ground,
926 1934 55 29 and
1001 1943 36 20 on
1057 1934 48 29 the
1117 1936 66 26 west
1202 1933 37 38 by
1261 1934 98 28 Crown

795 1974 102 28 Lands.

760 2025 82 30 Term
864 2025 41 31 for
917 2025 90 31 which
1027 2025 72 30 lease
1120 2024 24 32 is
1165 2023 194 40 required—ls

794 2074 88 26 years.

760 2115 78 30 Time
862 2115 29 30 of
914 2116 189 37 commencing
1132 2115 227 38 operations—As

795 2164 66 21 soon
875 2164 30 21 as
917 2156 71 29 lease
1000 2156 23 29 is
1036 2155 123 37 granted.

762 2208 117 29 General
902 2206 124 29 remarks
1084 2208 58 27 The
1168 2208 105 36 ground
1297 2215 63 20 now

795 2245 110 37 applied
927 2246 42 28 for
981 2246 24 28 is
1019 2255 16 19 a
1047 2246 108 36 portion
1168 2246 29 28 of
1214 2255 16 18 a
1252 2245 107 35 Special

795 2284 89 28 Claim
907 2284 128 36 formerly
1060 2283 64 28 held
1153 2284 38 35 by
1219 2283 48 27 the
1292 2283 67 27 New

797 2322 86 29 South
896 2322 92 29 Wales
1000 2322 152 37 Company,
1163 2322 49 29 but
1225 2329 61 20 now
1297 2330 45 19 can-

793 2361 95 28 celled.

759 2442 59 31 The
828 2441 85 32 above
922 2441 163 40 application
1096 2441 55 31 and
1160 2451 55 30 any
1224 2440 135 41 objection

725 2483 106 27 thereto
852 2482 57 28 will
927 2483 32 27 be
983 2482 85 28 heard
1093 2486 28 23 at
1145 2482 47 28 the
1215 2482 144 28 Warden's

725 2520 83 27 Office
827 2522 29 25 at
875 2519 88 36 Lyell,
981 2528 37 19 on
1040 2519 252 33 WEDNESDAY,
1311 2519 47 29 the

725 2558 65 29 29th
805 2557 238 33 SEPTEMBER,
1058 2558 75 27 1886.

760 2597 64 37 Any
842 2605 97 29 persou
958 2596 121 37 desiring
1098 2600 27 25 to
1150 2595 89 39 object
1258 2599 28 26 to
1311 2596 48 29 the

725 2637 71 28 issue
809 2636 29 29 of
857 2646 16 18 a
888 2635 109 35 Mining
1009 2635 86 28 Lease
1118 2644 76 28 upon
1207 2635 45 29 the
1275 2636 84 28 above

725 2674 165 36 application
912 2678 84 28 must,
1019 2674 98 28 within
1139 2675 34 27 30
1197 2674 72 28 clear
1291 2674 68 35 days

724 2711 72 29 from
814 2711 46 29 the
880 2711 63 29 date
957 2711 30 29 of
1005 2711 66 29 such
1092 2711 174 37 application,
1281 2715 78 25 enter

725 2750 44 28 his
789 2750 134 37 objection
936 2754 28 25 at
981 2750 47 30 the
1051 2750 142 29 Warden's
1219 2750 84 28 Office
1330 2753 29 27 at

725 2789 87 38 Lyell.

862 2836 206 37 ALFREDJA.
1087 2835 200 30 CORFIELD.

1125 2874 56 27 Pro
1194 2874 129 28 Warden.

827 2926 144 31 Warden's
984 2926 93 36 Office,

759 2966 88 35 Lyell,
862 2966 63 26 16th
939 2967 117 34 August,
1073 2967 77 26 1886.

792 3044 249 27 APPLICATION
1062 3044 73 27 FOR
1153 3044 134 28 LEASE.

865 3128 103 27 Nelson
982 3128 167 27 South-west
1163 3128 160 33 Goldfields,

962 3165 107 37 August
1082 3164 73 33 16th,
1170 3166 75 28 1886.

758 3212 40 28 To
817 3220 56 21 the
892 3213 129 28 Warden
1039 3222 34 21 at
1091 3213 131 28 Lyell—

725 3260 37 59 I
776 3260 159 28 HEREBY
952 3260 84 36 apply
1063 3260 42 29 for
1126 3271 15 18 a
1165 3260 194 36 Gold-Mining

798 3298 85 28 Lease
903 3298 30 29 of
952 3298 47 29 the
1021 3298 78 30 lands
1122 3298 166 30 hereinafter
1300 3299 38 29 de:
1349 3316 9 6 -

726 3336 99 33 cribed,
849 3336 29 28 in
915 3337 165 29 accordance
1110 3338 67 28 with
1207 3338 46 27 the
1277 3338 81 27 Gold-

727 3374 108 36 Mining
847 3375 99 28 Leases
960 3375 178 38 Regulations
1160 3380 28 24 ot
1209 3376 68 28 New
1292 3376 49 28 Zea-

726 3413 74 33 land,
814 3413 54 28 and
890 3414 15 27 I
925 3424 87 26 agree,
1026 3424 75 27 upon
1123 3415 46 28 the
1189 3415 130 36 approval
1332 3415 29 28 of

726 3452 54 27 this
793 3451 177 37 application,
984 3457 28 24 to
1025 3457 109 24 execute
1155 3463 16 18 a
1193 3453 71 28 lease
1284 3462 73 28 upon

726 3490 46 28 the
784 3490 72 28 basis
868 3491 106 28 therein
998 3491 97 35 stated,
1108 3491 24 28 if
1150 3491 46 29 the
1219 3492 140 29 Governor

727 3529 70 28 shall
810 3529 79 28 think
903 3529 32 29 fit
948 3533 28 24 to
989 3533 80 33 grant
1082 3530 46 28 the
1142 3538 84 20 same.

812 3580 225 29 FREDERICK
1049 3581 242 29 FEDDERSEN.

1168 3620 156 37 Applicant.

761 3670 89 29 Name
863 3671 55 28 and
928 3671 111 29 address
1049 3671 28 29 in
1087 3671 50 29 full
1147 3672 31 28 of
1186 3672 174 37 applicant—

796 3709 145 31 Frederick
955 3709 164 36 Feddersen,
1133 3711 88 37 Lyell.

762 3748 76 36 Style
850 3750 86 27 under
948 3750 89 27 which
1051 3751 22 26 it
1085 3751 23 26 is
1118 3750 129 27 intended
1258 3753 28 24 to
1297 3759 47 19 con-

795 3786 64 29 duct
877 3787 47 29 the
941 3787 288 39 business—Twilight
1254 3789 104 35 Quartz

798 3826 109 34 Mining
922 3826 152 36 Company.

761 3862 104 31 Extent
878 3864 29 28 of
926 3864 104 36 grouud
1044 3864 107 38 applied
1172 3864 187 31 for—Sixteen

795 3903 54 27 and
863 3903 90 28 a-half
967 3912 82 20 acres.

762 3939 149 29 Minimum
923 3941 117 27 number
1061 3941 30 28 of
1108 3950 64 19 men
1186 3942 133 36 proposed
1331 3947 28 23 to

796 3979 32 29 be
848 3979 142 38 employed
1012 3979 37 39 by
1062 3980 46 30 the
1122 3980 176 30 lessee—For
1310 3981 47 29 the

794 4019 61 28 first
890 4020 40 28 six
964 4020 121 32 months,
1123 4022 16 26 2
1175 4029 82 24 men;
1297 4020 45 29 sub-

796 4058 151 35 sequently,
960 4058 80 28 when
1053 4059 29 26 in
1095 4058 49 27 full
1157 4058 85 32 work,
1255 4060 16 26 6
1284 4068 74 18 men.

760 4093 124 30 Amount
903 4095 29 28 of
950 4096 99 36 capital
1071 4095 134 37 proposed
1225 4100 28 23 to
1276 4096 32 29 be
1319 4096 27 29 in-

796 4132 259 35 vested—i'2o,ooo.

763 4170 138 37 Proposed
913 4172 80 27 mode
1016 4172 29 28 of
1063 4172 122 34 working
1199 4172 46 28 the
1259 4172 101 28 land—

798 4209 135 37 Ordinary
946 4209 80 29 mode
1042 4210 30 28 of
1082 4215 95 32 quartz
1192 4210 116 36 mining.

762 4247 107 28 Precise
878 4248 244 37 locality—Alpine
1141 4249 100 35 Range.
1269 4250 72 27 Boun-

797 4285 51 28 ded
861 4294 36 19 on
917 4285 46 29 the
977 4286 80 28 south
1077 4286 36 37 by
1134 4286 45 28 the
1194 4286 102 29 United
1314 4287 30 29 Al-

797 4325 62 36 pine
880 4325 103 37 Special
1004 4325 99 34 Claim,
1119 4335 36 19 on
1177 4325 46 29 the
1247 4331 58 24 east
1325 4325 36 39 by

797 4363 47 27 the
869 4364 79 35 Lyell
975 4365 85 27 Creek
1085 4365 143 27 Extended
1254 4365 106 35 Special

797 4401 98 34 Claim,
908 4411 36 19 on
953 4401 47 29 the
1011 4402 81 29 north
1106 4402 35 36 by
1152 4407 61 32 part
1226 4402 55 37 Tyr
1291 4403 51 28 Cou-

796 4439 57 29 nell
865 4440 85 28 Lease
964 4441 54 28 and
1032 4441 101 28 Grown
1146 4441 103 33 Lands,
1259 4441 56 28 and.
1324 4452 35 17 on

797 4478 45 29 the
853 4483 66 24 west
929 4479 35 37 by
976 4479 97 28 Crown
1086 4479 102 28 Lands.

762 4516 82 28 Term
857 4517 41 27 for
917 4518 89 26 which
1026 4519 72 26 lease
1118 4518 24 26 is
1159 4518 202 35 Required—ls

797 4563 87 30 years.

763 4594 77 28 Time
849 4595 29 27 of
885 4596 189 34 commencing
1083 4596 278 35 operations—When

797 4631 73 30 lease
882 4633 24 29 is
918 4634 123 36 granted.

762 4713 59 28 The
831 4713 84 29 above
924 4714 163 37 application
1098 4714 54 28 and
1162 4723 54 28 any
1225 4713 134 38 objection

729 4751 104 30 thereto
858 4753 53 28 will
936 4753 32 28 be
991 4753 84 29 heard
1100 4758 29 23 at
1152 4754 47 27 the
1218 4753 142 29 Warden's

729 4790 84 26 Office
849 4793 28 24 at
914 4791 88 34 Lyell,
1039 4800 36 19 on
1110 4791 251 33 WEDNESDAY,

731 4827 44 29 the
788 4827 65 30 29th
879 4828 237 35 SEPTEMBER,
1136 4830 76 29 1886.

763 4867 63 36 Any
848 4876 98 27 person
971 4868 118 36 desiring
1111 4872 27 25 to
1161 4869 88 36 object
1269 4870 29 26 to
1315 4868 47 29 the

729 4904 71 29 issue
821 4905 30 28 of
868 4914 17 20 a
908 4906 108 36 Mining
1030 4907 83 28 Lease
1125 4916 75 26 upon
1215 4906 46 29 the
1276 4906 85 29 above

729 4943 165 36 application
915 4950 83 27 must,
1018 4944 96 30 within
1139 4947 33 26 30
1197 4945 72 29 clear
1294 4944 67 37 days

729 4981 70 28 from
812 4982 46 27 the
872 4982 62 28 date
958 4983 31 27 of
1008 4983 65 27 such
1096 4984 175 35 application,
1286 4988 76 23 enter

731 5018 42 29 his
795 5019 134 38 objection
951 5025 28 25 at
1001 5021 47 28 the
1072 5021 142 29 Warden's
1237 5021 84 29 Office
1334 5025 28 25 at

731 5058 85 36 Lyell.

865 5105 154 29 ALFRED

1124 5146 57 28 Pro
1199 5146 128 29 Warden.

825 5181 145 29 Warden's
989 5182 93 35 Office,

764 5220 88 37 Lyell,
866 5222 65 28 16th
950 5222 115 36 August,
1080 5223 75 27 1886.

877 5305 339 31 NOTICE.

731 5410 34 59 I
785 5410 77 29 BEG
883 5414 27 26 to
923 5410 100 29 inform
1042 5411 46 28 the
1110 5412 95 28 Public
1226 5412 31 28 of
1273 5412 70 28 West-

802 5451 69 34 port,
886 5449 79 35 Lyell
978 5449 54 28 and
1052 5449 46 28 the
1112 5450 181 36 surrounding
1308 5450 39 28 dis-

729 5486 77 29 tricts
819 5487 61 29 that
896 5487 14 28 I
931 5487 69 30 have
1023 5487 168 30 determined
1204 5498 74 28 upon
1299 5498 46 20 con-

730 5526 107 35 tinuing
859 5526 47 29 the
930 5526 124 29 business
1078 5527 105 28 carried
1202 5537 35 18 on
1256 5527 35 36 by
1315 5537 46 26 my

729 5563 53 27 late
807 5563 134 34 husband,
961 5564 55 27 and
1040 5569 70 23 trust
1136 5565 60 28 that
1221 5574 36 18 an
1282 5566 80 35 equal

729 5610 125 20 measure
868 5602 30 28 of
917 5602 45 28 the
976 5602 94 29 liberal
1084 5607 148 32 patronage
1244 5603 115 37 enjoyed

729 5638 36 37 by
786 5639 59 28 him
866 5640 42 28 for
920 5650 30 18 so
967 5650 85 27 many
1074 5651 79 26 years
1174 5651 66 26 may
1264 5641 32 29 be
1318 5651 28 19 ex-

729 5677 100 29 tended
842 5683 26 23 to
884 5688 52 18 me.
973 5679 57 28 The
1044 5678 123 30 business
1179 5679 57 29 will
1251 5680 33 28 be
1297 5689 48 20 con-

729 5715 98 29 ducted
845 5717 88 28 under
951 5718 46 27 the
1017 5727 74 19 same
1111 5718 69 37 style
1200 5728 30 18 or
1249 5718 57 29 title
1331 5728 29 19 as

729 5754 128 29 hitherto.

996 5794 105 29 MARY
1121 5795 76 28 ANN
1218 5795 107 29 CORR.

762 5831 146 36 Westport,
923 5833 63 28 28th
1001 5834 74 33 July,
1091 5836 74 27 1886.

1557 207 119 34 Public
1700 205 151 34 Notices.

1467 294 79 31 FOE
1570 291 102 34 SALE
1695 289 53 33 BY
1764 285 178 34 TENDER.

1387 408 220 34 VALUABLE
1644 402 259 34 FREEHOLD
1938 400 82 31 AND

1465 457 250 37 LEASEHOLD
1743 452 224 38 PROPERTY,
1990 454 30 30 at

1466 512 136 33 LYELL
1624 505 211 40 CROSSING,
1852 506 168 33 BULLER

1466 567 139 33 RIVER.

1389 670 99 82 THE
1505 666 215 43 Undersigned,
1736 666 31 31 in
1781 673 200 32 consequence
1992 663 30 32 of

1470 722 57 31 bad
1550 720 113 37 health,
1679 719 118 31 intends
1822 716 124 41 offering
1969 715 50 32 the

1388 775 148 40 following
1550 773 161 41 properties
1733 772 45 31 for
1802 771 133 31 absolute
1960 769 59 31 sale

1388 827 38 42 by
1440 827 112 36 tender,
1568 826 32 31 in
1614 836 55 22 one
1680 825 46 32 lot
1751 835 32 21 or
1808 822 155 34 otherwise
1988 832 32 22 as

1388 879 174 42 purchasers
1576 888 70 32 may
1659 877 93 32 desire
1766 887 49 21 :

1426 938 59 31 Lot
1520 935 247 33 I—Six-roomed
1800 935 112 35 House,
1948 933 72 32 with

1505 988 93 44 Dairy
1631 988 59 33 and
1723 987 81 42 large
1840 985 102 35 Stable
1976 988 28 31 at-

1505 1042 116 37 tached,
1633 1042 60 31 and
1703 1041 85 32 other
1799 1039 219 41 Outbuildings.

1506 1096 63 33 One
1597 1091 82 36 Punt
1712 1094 33 33 in
1778 1093 75 42 good
1888 1092 133 42 working

1506 1148 94 38 order,
1615 1148 72 32 with
1702 1147 41 32 all
1767 1157 70 31 gear
1859 1147 161 31 connected

1505 1201 167 32 therewith.
1727 1201 64 31 One
1818 1200 77 31 Boat
1917 1210 7 26 ;
1962 1200 59 30 and

1506 1252 93 44 Right
1612 1254 32 32 to
1665 1251 92 44 Ferry
1781 1250 127 34 Reserve
1931 1249 31 35 of
1983 1252 37 32 85

1506 1307 100 31 Acres.

1426 1358 59 34 Lot
1499 1359 85 32 2—A
1599 1357 136 44 quantity
1748 1357 33 33 of
1792 1357 170 33 Furniture.

1426 1411 59 32 Lot
1500 1411 130 31 B—Two
1644 1411 94 36 Cows,
1753 1410 33 31 in
1799 1409 55 32 full
1868 1409 99 41 profit.

1427 1463 58 33 Lot
1500 1464 18 30 4
1526 1481 25 6 -
1559 1463 64 33 One
1633 1461 126 33 staunch
1768 1461 138 42 Draught
1915 1461 106 34 Horse.

1426 1516 59 33 Lot
1500 1529 17 20 o
1519 1516 104 32 —One
1637 1515 82 42 Dray
1733 1515 59 32 and
1806 1515 142 33 Harness.

1426 1632 204 36 TENDERS,
1646 1634 30 29 to
1689 1632 37 31 be
1741 1632 156 31 addressed
1949 1632 54 29 Pur-

1387 1684 88 33 chase
1489 1684 45 33 for
1552 1684 87 42 Lyell
1806 1683 62 33 will
1892 1682 128 35 CLOSE

1387 1747 39 22 on
1442 1736 226 38 SATURDAY,
1684 1736 54 32 4th
1760 1736 260 37 SEPTEMBER,

1388 1792 86 35 1886,
1503 1792 31 30 at
1567 1790 49 32 Mr
1649 1790 97 32 James
1779 1789 111 33 Inglis'
1920 1789 100 37 Office,

1386 1842 98 33 where
1498 1842 215 42 specifications
1728 1852 56 22 can
1804 1841 36 33 be
1865 1851 69 23 seen
1948 1851 6 30 ;
1976 1842 30 32 in-

1386 1895 160 33 formation
1559 1895 162 32 connected
1732 1895 72 32 with
1818 1895 51 31 the
1883 1898 138 38 property

1388 1957 56 23 can
1458 1947 62 33 also
1531 1946 35 34 be
1578 1946 139 34 obtained
1727 1949 32 30 at
1769 1946 139 34 Larsen's
1919 1946 100 39 Hotel,

1387 2000 160 42 Westport,
1563 2000 59 32 and
1637 2002 30 30 at
1680 1999 52 33 the
1746 2000 102 42 Ferry.

1426 2117 25 33 A
1478 2116 129 33 Deposit
1634 2116 32 34 of
1692 2119 16 30 5
1736 2127 51 31 per
1814 2118 78 32 cent,
1917 2119 31 31 to
1976 2127 30 23 ac-

1386 2170 146 34 company
1545 2161 73 34 each
1632 2161 113 33 tender.

1425 2275 64 32 The
1512 2274 121 42 highest
1656 2286 34 21 or
1713 2285 59 31 any
1785 2275 104 32 tender
1903 2277 54 30 not
1970 2286 34 21 ne-

1386 2319 139 42 cessarily
1541 2319 148 41 accepted.

1709 2375 37 31 L>
1768 2375 174 36 LARSEN,

1780 2417 86 44 Lyell
1881 2418 101 43 Ferry.

1454 2547 35 29 y.

1886 2547 34 29 R.

1418 2637 168 34 BULLER
1616 2637 162 35 COUNTY
1800 2635 188 38 COUNCIL,

1387 2773 171 83 Notice
1574 2773 25 33 is
1614 2773 172 33 hereby
1809 2773 129 34 given
1955 2774 66 33 that

1475 2832 53 31 the
1555 2832 245 32 ELECTORAL
1835 2833 107 31 ROLL
1976 2832 45 32 for

1386 2886 51 35 the
1448 2887 147 34 RIDING
1607 2888 32 33 of
1647 2888 137 33 LYELL
1795 2888 25 33 is
1831 2898 67 23 now
1912 2888 108 34 OPEN

1385 2947 46 32 for
1440 2948 246 32 INSPECTION
1698 2951 31 28 at
1740 2949 52 30 Me
1802 2949 97 31 James
1908 2949 110 31 Inglis'

1386 3003 119 39 Office,
1530 3003 95 43 Lyell,
1652 3004 58 33 and
1738 3004 118 33 County
1884 3004 134 39 Offices,

1386 3060 159 43 Westport,
1561 3061 59 32 and
1634 3062 61 32 will
1708 3062 114 32 remain
1842 3072 77 33 open
1943 3062 78 32 until

1385 3120 51 32 the
1451 3121 54 31 Brd
1520 3121 183 40 September,
1720 3123 87 30 1886.

1426 3250 49 31 All
1491 3250 248 33 OBJECTIONS
1755 3253 30 30 to
1796 3250 51 33 the
1862 3250 63 32 said
1939 3248 82 35 Rolls

1386 3309 82 30 must
1494 3307 36 33 be
1557 3308 170 33 LODGED
1753 3311 30 30 at
1806 3308 50 33 the
1880 3309 141 32 Resident

1388 3364 199 41 Magistrate's
1602 3365 101 38 Office,
1715 3365 95 43 Lyell,
1826 3377 39 21 on
1880 3376 32 22 or
1926 3365 95 34 before

1387 3422 51 32 the
1454 3423 71 31 15th
1542 3423 259 38 SEPTEMBER,
1818 3425 87 30 1886.

1563 3489 117 34 ROBT.
1703 3490 35 33 F.
1760 3488 183 40 MULLAN,

1752 3551 117 41 County
1884 3551 96 33 Clerk.

1387 3636 70 61 The
1470 3637 83 61 New
1568 3636 167 75 Saddlery
1749 3636 272 62 Establistoent

1600 3723 212 29 WESTPORT.

1389 3798 231 59 HASMUS
1644 3799 65 36 begs
1734 3803 28 25 to
1786 3798 101 30 inform
1913 3798 47 30 the
1981 3798 26 30 in-

1464 3847 9 10 ■
1511 3838 140 28 habitants
1664 3838 30 28 of
1713 3838 80 36 Lyell
1805 3838 54 27 and
1873 3838 128 28 surround-

1387 3874 48 36 ing
1446 3874 120 31 districts
1578 3875 60 30 that
1652 3875 33 30 he
1698 3875 50 30 has
1770 3875 104 38 opened
1896 3875 124 30 business

1387 3923 30 18 as
1430 3923 16 18 a
1460 3915 113 27 Saddler
1586 3915 54 28 and
1658 3915 124 28 Harness
1806 3915 96 27 Maker
1923 3915 30 26 in
1975 3915 46 27 the

1387 3960 60 20 new
1468 3951 55 29 and
1544 3952 132 37 centrally
1699 3953 117 28 situated
1839 3951 131 38 premises
1990 3952 29 28 in

1388 3990 169 31 Palmerston
1567 3994 92 31 street,
1669 3996 65 25 nezt
1746 3991 66 30 door
1824 3995 28 26 to
1867 3991 44 29 Mr
1920 3991 81 30 Hasel-

1387 4029 63 34 den,
1473 4031 135 28 Solicitor.
1645 4032 45 27 He
1711 4032 50 27 has
1783 4041 16 18 a
1822 4031 195 28 well-assorted

1387 4068 86 33 stock,
1486 4069 55 28 and
1554 4069 84 36 hopes
1653 4070 37 35 by
1702 4070 81 34 using
1795 4069 48 28 the

1388 4115 96 29 BEST
1504 4115 205 35 MATERIAL,

1457 4154 100 28 GOOD
1577 4153 300 33 WORKMANSHIP,

1568 4191 63 28 And
1645 4192 208 29 MODERATE
1874 4191 147 33 PRICES,

1456 4229 39 29 To
1507 4230 81 29 merit
1601 4240 16 19 a
1629 4230 50 29 fair
1692 4230 79 29 share
1785 4230 30 29 of
1829 4233 120 34 support.

1422 4304 123 41 Country
1558 4305 92 32 orders
1669 4306 57 31 will
1745 4306 104 31 receive
1868 4305 100 40 speciai
1982 4308 25 27 at-

1387 4347 115 32 tention,
1527 4346 54 28 and
1606 4348 136 35 anything
1766 4348 28 26 in
1819 4347 47 27 the
1890 4348 54 26 Una
1968 4346 39 28 for-

1387 4384 109 27 warded
1508 4384 42 28 for
1561 4385 91 36 repair
1664 4385 54 28 will
1739 4385 31 27 be
1792 4384 127 28 returned
1940 4384 64 28 with-

1387 4429 48 22 out
1447 4422 89 37 delay.
1573 4423 98 28 Orders
1684 4424 80 35 given
1775 4425 28 26 to
1814 4424 33 27 D.
1859 4422 160 35 Robertson,

1388 4461 161 33 coachman,
1563 4462 56 27 wili
1632 4461 103 29 receive
1749 4462 144 28 attention.

1467 4508 94 36 Every
1579 4508 107 28 Article
1704 4510 74 34 Kept
1797 4509 31 27 in
1848 4508 91 28 Stock.

1520 4584 50 37 H.
1620 4584 268 46 ASMUSS,

1390 4635 192 35 SADDLER
1605 4638 20 32 &
1647 4637 191 33 HARNESS
1866 4635 155 38 MAKER,

1483 4682 170 28 Palmerston
1669 4685 97 30 Street,
1780 4683 147 32 Westport.

2227 2446 120 33 Public
2365 2446 152 33 Notices.

2058 2530 208 37 BROWN'S
2287 2530 119 37 BOOT
2433 2528 259 38 EMPORIUM

2307 2587 134 28 LYELL.

2058 2666 43 65 :
2136 2666 140 27 BROWN
2290 2666 30 27 in
2331 2665 138 35 thanking
2481 2665 43 28 his
2543 2673 149 20 numerous

2107 2713 8 12 •
2154 2708 150 24 customers
2333 2704 42 28 for
2404 2707 63 33 past
2495 2702 120 34 favours,
2638 2702 54 29 and

2058 2742 105 37 hoping
2188 2742 42 28 for
2251 2752 16 19 a
2289 2742 181 29 continuance
2491 2742 31 28 of
2538 2741 48 29 the
2605 2751 86 23 same,

2056 2781 99 29 wishes
2168 2784 45 26 too
2227 2781 52 29 call
2291 2780 73 30 their
2383 2780 136 28 attention
2532 2782 29 26 to
2574 2779 44 29 his
2631 2789 61 19 new

2057 2819 78 29 stock
2155 2818 32 30 of
2208 2820 109 28 Ladies'
2343 2819 98 29 Maids'
2463 2819 56 28 and
2537 2819 155 28 Children's

2056 2858 86 27 Boots
2163 2859 30 25 in
2215 2861 77 31 great
2312 2858 116 34 variety.
2463 2856 77 31 Also,
2554 2857 44 26 his
2616 2855 75 36 large

2058 2895 54 30 and
2125 2894 96 31 varied
2234 2894 79 31 stock
2325 2894 31 30 of

2056 2949 120 30 Men.s.
2189 2947 142 32 Youths'
2345 2948 27 30 &
2385 2947 100 37 Boys'
2503 2947 107 30 Boots
2623 2947 69 30 and

2316 2983 118 31 Shoes.

2057 3057 89 29 Fresh
2159 3057 93 29 Goods
2265 3058 120 36 arriving
2405 3057 135 36 monthly,
2554 3056 90 29 which
2658 3056 34 29 he

2092 3097 23 30 is
2129 3097 116 37 offering
2257 3100 29 27 at
2298 3098 88 37 prices
2399 3100 28 27 to
2438 3097 54 29 suit
2505 3097 47 29 the
2566 3096 91 30 times.

2057 3137 46 26 All
2128 3137 138 35 imported
2300 3137 84 35 goods
2414 3136 117 27 marked
2560 3136 29 26 in
2617 3135 75 36 plain

2319 3174 111 36 figures.

2093 3251 70 28 N.B.
2166 3250 58 28 —A
2236 3250 100 36 supply
2349 3250 29 28 of
2399 3250 89 28 North
2502 3249 104 28 British
2620 3250 72 28 Gum

2058 3288 86 30 Boots
2170 3288 55 29 and
2251 3289 70 28 Own
2346 3288 82 29 Make
2448 3287 182 38 Watertights
2655 3287 24 29 al-

2058 3337 75 27 ways
2147 3337 35 18 on
2195 3327 85 29 hand.

2095 3366 115 36 Repairs
2223 3365 141 38 promptly
2375 3365 130 28 executed
2518 3364 55 30 and
2585 3364 107 29 elastics

2059 3404 132 29 inserted.

2086 3482 71 29 Note
2171 3481 47 30 the
2229 3481 134 29 Address:
2366 3481 134 29 —JOHN
2521 3480 148 35 BROWN,

2060 3528 89 31 Boot
2172 3528 28 32 &
2226 3528 211 32 Shoemaker
2458 3528 27 31 &
2514 3528 178 39 Importer,

2124 3574 141 35 (Opposite
2278 3572 81 29 Bank
2371 3572 30 29 of
2412 3573 67 28 New
2493 3572 140 35 Zealand.)

2177 3654 188 40 JAMES
2404 3654 172 42 RYAN,

2061 3744 245 60 Q.ENERAL
2380 3743 39 32 O
2428 3743 98 28 TORE
2530 3743 163 34 KEEPER,

2210 3822 85 27 Cliff
2319 3821 120 33 Street,
2458 3821 86 27 Lyel.

2061 3950 92 30 Goods
2167 3949 132 39 carefully
2312 3949 105 38 packed
2430 3951 28 28 to
2471 3949 37 29 all
2520 3951 76 36 parts
2609 3949 30 29 of
2648 3949 45 29 the

2317 3988 116 31 district.

2076 4115 105 26 BANK
2200 4113 112 28 PfilCE
2332 4113 120 28 GIVEN
2473 4114 73 27 FOR
2565 4114 110 27 GOLD.

2078 4193 360 39 WELCOME
2508 4193 167 47 INN,

2322 4252 104 27 Lyell.

2172 4329 153 32 ELLEN
2355 4329 233 33 WILLIAMS

2063 4379 62 28 TN
2149 4379 145 36 reluming
2311 4379 101 28 thanks
2430 4379 42 28 for
2493 4383 62 33 paat
2576 4379 118 34 favours,

2062 4409 35 30 J-
2134 4418 64 36 begs
2216 4421 27 25 to
2264 4418 101 28 inform
2382 4418 50 28 her
2449 4417 104 29 friends
2571 4417 56 29 and
2649 4418 46 28 the

2061 4456 90 37 public
2172 4457 59 28 that
2254 4456 48 28 she
2326 4457 50 27 has
2398 4457 57 36 just
2476 4456 155 37 completed
2650 4466 30 18 ex-

2062 4496 102 27 tensive
2183 4495 138 28 additions
2344 4495 55 28 and
2418 4495 160 28 alterations
2598 4500 29 23 to
2646 4495 49 27 her

2062 4532 140 37 premises,
2221 4533 55 27 and
2295 4533 47 27 the
2364 4533 208 28 accomodation
2591 4532 23 28 is
2632 4541 63 20 now

2278 4571 193 38 unsurpassed.

2061 4648 73 34 Ales,
2160 4647 103 35 Wines,
2285 4648 56 28 and
2363 4648 98 38 Spirits
2485 4648 31 29 of
2537 4649 158 29 First-class

2235 4687 111 35 Quality
2359 4687 65 35 only
2436 4687 74 35 kept.

2131 4763 78 28 Good
2228 4762 125 34 Stabling
2370 4764 255 27 Accommodation.

2235 4809 127 28 ELLEN
2385 4808 207 36 WILLIAMS,

2442 4849 219 27 Proprietress.

1439 4762 43 38 A.
1539 4762 48 40 G.
1648 4763 267 39 FENWIC
1931 4763 44 46 K,

1521 4854 128 31 Princes
1672 4854 59 37 St.,
1748 4854 148 38 Dunedin,

1390 4936 186 66 JOINING
1595 4936 79 29 AND
1691 4937 181 28 GENERAL
1886 4937 114 30 SHARE-

1625 5013 165 29 BROKER.

1439 5115 157 38 Telegrams
1616 5117 144 36 promptly
1785 5117 132 27 attended
1943 5119 35 25 to.

1527 5246 176 36 Telegraphic
1715 5246 135 28 Address:
1852 5262 34 4 —

1469 5294 147 40 Fenwick,
1639 5296 133 39 Broker,
1796 5296 148 34 Dxjnedin.

1516 5381 120 33 JOHN
1671 5382 226 41 FENNiiILL,

1392 5436 60 61 Q.
1462 5436 92 27 ENE
1564 5437 58 27 RA
1631 5438 23 26 L
1711 5438 311 61 gTOREKEEPER.

1475 5522 84 30 Wine
1578 5532 56 20 and
1654 5524 95 29 Spirit
1772 5524 170 29 Merchant.

1425 5598 102 37 Money
1546 5599 104 37 always
1670 5600 29 28 in
1722 5600 75 28 hand
1817 5600 42 30 for
1877 5600 114 38 cashing

1644 5638 127 37 cheques.

1423 5714 109 28 Liberal
1546 5715 135 28 advances
1695 5716 80 28 made
1792 5726 35 18 on
1841 5717 106 36 parcels
1962 5717 30 28 of

1603 5755 119 28 retorted
1736 5755 72 35 gold.

1533 5831 80 37 Cliff
1630 5832 120 42 Street,
1777 5833 106 44 Lyell.

2557 206 117 31 Public
2704 205 149 32 Notices.

2056 409 112 97 <&.
2191 437 335 66 'BO-AOTDHH

2845 436 353 64 DRAPERY—'B6

3205 486 8 9 1
3240 491 12 11 '•

3241 508 1 14 :
3253 508 18 14 Cs
3277 521 11 1 _
3305 508 7 12 r

2322 588 246 64 JOHN
2629 586 452 63 FENNELL

2056 700 60 29 Has
2129 701 85 29 much
2232 703 124 36 pleasure
2376 705 28 26 in
2427 705 176 35 announcing
2622 707 28 25 to
2669 703 48 28 the
2738 702 172 29 inhabitants
2931 701 30 28 of
2982 700 81 36 Lyell
3088 700 56 29 and
3168 701 183 36 surrounding

2430 742 119 29 districts
2572 743 47 28 the
2642 741 101 30 arrival
2768 741 30 28 of
2813 750 16 19 a
2848 740 125 28 LARGE

3307 825 32 56 1

3136 828 34 55 i

3257 828 25 46 t

3249 883 34 56 *

2568 988 273 32 COMPRISING—

2091 1060 96 42 The
2209 1062 158 42 Latest
2390 1062 227 42 Novelties
2635 1062 85 40 and
2745 1058 214 43 Fashions
2980 1055 39 42 in
3043 1056 167 41 Ladies'
3231 1057 85 40 and

2399 1119 154 39 Gents'
2582 1117 208 49 Wearing
2808 1114 201 50 Apparel,

2057 1205 67 32 And
2148 1206 107 31 invites
2278 1218 38 19 an
2340 1207 165 39 inspection
2530 1207 32 30 of
2583 1207 50 30 the
2657 1216 91 25 same,
2773 1206 110 38 feeling
2907 1215 66 20 sure
2998 1205 66 30 that
3088 1206 45 29 for
3161 1206 190 36 VARIETY,

2206 1249 190 42 QUALITY,
2412 1249 58 34 and
2484 1249 140 35 VALUE
2640 1249 70 44 they
2726 1248 160 34 CANNOT
2901 1248 36 34 be
2954 1248 248 34 SURPASSED.

2058 1431 142 40 Ladies'
2237 1434 72 38 and
2343 1433 199 41 Children's
2592 1432 215 41 WINTER
2851 1430 144 40 HATS
3033 1429 38 40 in
3111 1430 52 39 all
3206 1431 144 52 Shapes.

2094 1625 109 28 Ladies'
2218 1625 157 28 WINTER
2388 1625 164 29 JACKETS
2566 1625 54 28 and
2633 1625 117 28 CAPES
2762 1626 29 27 in
2804 1626 37 27 all
2853 1625 47 29 the
2911 1627 109 28 Newest
3035 1628 104 35 Shapes
3152 1629 55 28 and
3221 1630 97 36 Styles.

2205 1700 87 38 New
2313 1701 166 37 Feathers
2495 1701 8 37 !
2544 1700 88 38 New
2652 1700 175 39 Flowers!
2869 1702 87 38 New
2977 1704 206 48 Trimmings
3199 1707 7 36 !

2058 1781 76 41 gif
2155 1780 49 32 All
2232 1780 50 33 the
2310 1781 95 33 NEW
2434 1781 59 32 and
2520 1780 290 35 FASHIONABLE
2839 1783 166 33 WINTER
3032 1784 133 34 DRESS
3188 1785 163 37 STUFFS,

2361 1854 67 34 And
2449 1855 235 35 TRIMMINGS
2707 1857 31 33 of
2756 1868 87 32 every
2862 1857 188 43 description.

2121 2034 76 76 H'S,
2238 2036 117 64 BOYS'
2390 2036 72 64 and
2495 2036 180 64 YOUTHS'
2710 2039 214 63 CLOTHING
2959 2039 36 63 in
3028 2041 145 64 Endless
3198 2044 153 63 Variety.

2467 2326 121 35 CLIFF
2610 2329 170 38 STKEET,
2800 2332 149 35 LYELL.

2891 2452 119 34 Public
3033 2455 151 33 Notices.

2723 2527 162 42 FERN
2934 2531 154 42 FL'AT
3134 2535 217 49 HOTEL,

2880 2593 125 31 UPPER
3035 2596 164 31 BULLER.

2722 2667 109 51 rpHE
2845 2668 85 32 above
2942 2673 177 29 well-known
3135 2675 75 28 hotel
3229 2676 23 27 is
3274 2677 81 33 again

2729 2706 37 22 J-
2810 2708 87 29 under
2907 2709 46 29 the
2964 2716 194 33 management
3167 2713 29 28 of
3206 2713 45 29 Mr
3262 2714 93 28 Alfred

2722 2744 100 36 Smith,
2833 2747 47 28 the
2892 2748 101 29 former
3005 2752 159 34 proprietor.

2754 2824 93 36 Every
2860 2827 239 29 accommodation
3106 2829 55 27 and
3175 2831 180 28 convenience

2721 2860 40 27 for
2774 2862 141 28 travellers
2926 2863 120 29 between
3061 2866 47 27 the
3120 2866 78 28 West
3210 2867 83 27 Coast
3303 2868 52 27 and

2723 2897 111 39 Nelson,
2854 2900 152 39 Hampden
3028 2902 174 38 Matakitaki,
3225 2904 130 40 Glenroy,

2722 2939 116 33 Maruia,
2852 2940 54 28 and
2918 2940 47 30 the
2979 2943 84 28 Owen
3076 2944 89 28 Reefs.

2721 3014 162 32 Newman's
2896 3017 90 35 Royal
3008 3019 69 29 Mail
3097 3019 71 29 Line
3188 3020 31 29 of
3235 3021 120 29 Coaches

2755 3054 81 29 make
2861 3055 55 28 this
2939 3055 137 39 hostelery
3095 3058 48 29 the
3165 3059 59 29 first
3245 3060 78 37 day's

2790 3097 75 35 stage
2878 3095 71 30 from
2960 3095 76 32 West
3044 3097 83 30 Coast
3136 3101 28 27 to
3175 3099 112 30 Nelson.

2755 3169 105 31 Horses
2873 3171 54 29 and
2946 3172 146 37 equipages
3106 3183 14 19 a
3135 3174 152 38 speciality.

2903 3219 190 38 ALFRED
3116 3221 162 47 SMITH,

3156 3266 166 35 Proprietor.

2976 3349 156 40 WOLF
3178 3350 35 41 &
3258 3351 96 48 CO.,

3038 3450 170 21 WHOLESALE
3239 3452 55 19 AND

3112 3490 101 20 RETAIL

2825 3635 113 29 Dealers
2952 3635 28 27 in
2994 3636 37 27 all
3044 3635 180 37 descriptions
3237 3636 32 28 of

2738 3682 106 30 FARM
2880 3683 79 28 AND
2995 3683 120 29 DAIRY
3151 3684 189 29 PRODUCE.

2722 3761 100 28 Hotels
2830 3761 56 28 and
2898 3761 132 28 Families
3036 3762 101 27 waited
3150 3771 36 18 on
3198 3762 43 28 for
3248 3762 108 28 Orders.

2757 3838 99 29 Orders
2876 3838 139 28 delivered
3034 3842 28 24 to
3083 3838 38 28 all
3142 3842 75 33 parts
3230 3848 16 19 o
3276 3840 47 28 the

2980 3876 125 31 District.

2895 3953 73 30 Note
2982 3953 48 30 the
3044 3953 123 30 Address

2741 4003 114 31 IS'W
2874 4003 22 28 0
2916 4003 23 28 L
2959 4003 22 28 F
3053 4003 113 28 AND
3248 4003 91 35 CO.,

2775 4042 73 28 Next
2870 4042 48 28 the
2943 4042 190 28 Government
3151 4043 154 35 Buildings,

2869 4080 86 28 Cliff
2975 4080 120 31 Street,
3114 4080 104 28 Lyell.

2723 4173 114 39 THE
2895 4173 204 38 EMPIRE
3156 4173 200 48 HOTEL,

2820 4240 111 29 CLIFF
2950 4240 154 34 STREET,
3124 4240 134 29 LYELL.

2724 4353 108 58 THE
2848 4353 84 27 above
2945 4352 75 28 hotel
3038 4352 49 27 has
3100 4352 68 27 been
3190 4352 78 28 fitted
3289 4354 66 26 with

2807 4391 36 28 all
2855 4390 113 28 modern
2978 4389 216 37 improvements
3206 4391 151 33 regardless

2722 4429 30 28 of
2762 4433 66 28 cost,
2842 4429 55 28 and
2919 4429 195 37 consequently
3135 4429 80 28 oilers
3236 4432 121 34 superior

2722 4467 247 30 accommodation.

2872 4568 211 30 FENNELL'S
3103 4568 104 30 HALL

2723 4607 29 28 Is
2777 4617 16 18 a
2815 4608 151 27 well-fitted
2988 4616 87 23 room,
3100 4608 67 27 with
3189 4608 70 35 good
3281 4612 75 31 stage

2758 4646 246 34 accommodation,
3018 4645 55 29 and
3086 4645 132 29 excellent
3230 4648 91 35 piano.

2726 4741 109 36 Sample
2848 4750 100 19 rooms.
2985 4740 127 36 Boohing
3127 4741 81 36 Office
3214 4741 52 36 for
3278 4742 57 28 New-

2826 4782 89 23 mans'
2929 4779 91 35 lioyal
3038 4779 74 26 Mail
3126 4780 127 26 Coaches.

2790 4838 106 33 JOHN
2919 4838 206 38 FENNELL,
3138 4838 178 39 Proprietor.

2251 5150 346 66 IRKF

2640 5007 130 40 TEY

2644 5150 33 29 A
2831 5150 75 33 |r~)
2939 5150 24 37 ]?
3103 5151 11 31 f

2627 5164 75 51 ir\>
2750 5182 26 34 1
2830 5179 81 36 3T\
2940 5167 22 47 1
2994 5164 29 52 C
3052 5164 29 52 3
3110 5164 57 52 I\

2626 5499 59 25 ft%>
2747 5490 89 34 4V/vr?

2626 5507 59 24 '-If

2629 5752 152 38 THE
2857 5750 249 40 BEST.-

3561 206 116 31 Public
3704 206 148 32 Notices.

3424 289 192 126 pr-y>
3645 291 379 73 KewCiiamßutciiery

3407 437 20 14 ''
3438 445 19 4 ~
3608 447 6 4 -

3484 542 203 41 JAMES
3739 543 184 48 EDGE,

3758 617 79 27 AND
3883 617 141 29 DETAIL

3536 693 338 33 BUTCEER.

3389 802 99 29 Hotels
3500 804 55 28 and
3568 804 131 28 Families
3718 804 101 29 waited
3841 814 35 20 on
3891 806 81 36 Pail}-
3986 807 41 28 for

3653 844 110 27 Orders.

3441 937 75 28 Meat
3530 938 146 28 Delivered
3694 943 27 23 to
3735 939 37 27 all
3791 943 76 32 parts
3880 941 26 27 of
3929 941 45 26 the

3647 976 125 32 District.

3391 1066 118 34 NEW
3553 1067 156 33 CHUM
3748 1068 278 40 BTJTCTIEUr,

3458 1128 129 34 Opposite
3597 1128 152 27 Alhambra
3759 1129 94 30 Hotel,
3868 1129 87 35 Lyell.

3391 1216 111 54 ALL
3525 1216 242 55 NATIONS
3798 1218 230 53 BAKERY

3530 1366 169 38 HENRY
3730 1368 167 38 YOUNG

3701 1436 325 34 CONFECTIONER.

3570 1505 83 33 Cliff
3672 1507 57 38 St.,
3748 1506 104 39 Lyell.

3662 1614 58 27 and
3739 1614 134 34 Suppers'
3892 1613 136 35 supplied.

3393 1720 204 41 Christening,
3624 1721 155 41 Wedding,
3802 1723 59 29 and
3884 1722 144 41 Birthday

3391 1765 92 32 Cakes
3506 1766 85 32 made
3617 1777 38 21 on
3680 1766 50 32 the
3753 1766 127 33 shortest
3901 1766 126 41 possible

3658 1810 108 31 notice.

3433 1877 14 36 |
3467 1877 40 32 H.
3531 1876 151 37 YOUNG,
3699 1877 71 32 Cliff
3793 1877 55 36 St.,
3864 1877 95 36 Lyell.

3500 1964 176 40 JAMES
3728 1965 188 48 INCUS,

3393 2079 311 61 gHAREBROKER
3739 2083 19 24 &
3790 2081 237 28 COMMISSION

3606 2213 67 37 A;G
3692 2214 69 34 E:N
3782 2214 41 32 T,'

3467 2320 117 29 Cliff
3601 2319 206 37 'Street,';
3819 2319 72 28 Lye
3901 2328 43 19 ll
3954 2341 5 5 .

3410 2408 128 38 POST
3582 2408 194 38 OFFICE
3819 2407 191 44 HOTEL,

3597 2469 110 28 LYE
3728 2469 23 27 L
3770 2469 22 27 L
3814 2490 5 6 .

3442 2563 225 40 PETER
3697 2562 283 41 MANGOS

3393 2628 143 69 BEGS
3556 2632 28 26 to
3598 2628 102 29 inform
3720 2627 43 30 his
3782 2627 103 29 triends
3907 2627 56 29 and
3984 2627 47 30 the

3498 2668 91 36 public
3612 2668 62 27 that
3698 2667 43 26 his
3761 2676 61 18 new
3842 2667 190 26 commodious

3565 2705 87 28 Hotel
3664 2705 23 27 is
3700 2713 63 19 now
3776 2713 81 27 open.

3391 2743 154 29 Travellers
3564 2744 55 28 and
3638 2744 109 27 visitors
3766 2747 28 24 to
3814 2742 56 29 tins
3888 2742 132 29 establish

3426 2785 78 27 ment
3516 2782 57 29 will
3584 2782 59 28 find
3655 2781 73 29 their
3737 2781 119 29 comfort
3864 2781 55 28 and
3932 2791 48 19 con-

3460 2821 133 29 venience
3603 2820 168 37 thoroughly
3780 2820 131 28 attended
3924 2824 38 24 to.

3392 2859 59 28 The
3464 2859 149 27 bedrooms
3634 2868 46 18 are
3690 2859 79 33 lofty,
3784 2859 55 26 and
3851 2859 65 26 well
3927 2859 105 34 lighted

3596 2895 56 31 and
3671 2895 160 31 ventilated.

3428 2975 208 28 Comfortable
3665 2974 129 27 Parlors
3820 2981 57 20 and
3897 2974 85 27 First-

3612 3021 82 21 class
3712 3013 105 28 Table.

3411 3053 59 28 One
3493 3052 31 28 of
3544 3052 127 28 Alcock's
3685 3051 78 28 Prize
3777 3050 117 29 Billiard
3907 3050 108 29 Tables.

3393 3132 59 26 The
3465 3132 58 26 Bar
3534 3132 24 26 is
3571 3131 114 27 stocked
3694 3130 68 27 with
3775 3130 75 32 Ales,
3860 3130 105 31 Wines,
3978 3130 54 27 and

3446 3168 98 37 Spirits
3557 3169 30 27 of
3603 3167 169 37 guaranteed
3789 3166 103 29 brands
3904 3168 75 36 only.

3427 3207 24 27 A
3468 3206 145 28 first-class
3634 3206 184 28 sixteen-stall
3831 3206 87 27 stable
3932 3207 74 27 iscon-

3392 3245 99 28 nected
3504 3245 68 28 with
3586 3245 57 28 this
3657 3245 85 27 hotel.

3646 3282 125 28 PETER
3796 3282 166 31 MANGOS,

3830 3321 154 33 Proprieor.

3427 3413 265 32 FREDERICK
3709 3413 144 31 JONES
3871 3412 27 31 &
3920 3413 78 37 CO.,

3398 3463 196 61 CABINET
3609 3462 155 28 MAKERS
3777 3462 78 28 AND
3866 3462 140 28 UPHOLS-

3636 3500 157 34 TERERS,

3493 3554 185 28 Palmerston
3698 3553 54 34 St.,
3765 3553 164 33 Westpokt,

3396 3603 66 28 New
3476 3601 148 29 Furniture
3638 3601 53 28 and
3712 3601 126 35 Bedding
3851 3601 175 32 Warehouse,

3464 3639 122 37 opposite
3601 3639 123 35 Hughe's
3737 3639 112 35 Empire
3864 3639 92 28 Hotel.

3394 3687 134 39 Worshop
3540 3688 171 37 :—Opposite
3724 3686 88 28 Bailie
3825 3686 20 28 &
3859 3686 71 28 Co.'s
3941 3687 86 29 Store.

3395 3766 116 27 JONES
3533 3766 20 27 &
3575 3765 57 27 CO.
3646 3764 70 27 have
3735 3765 30 27 in
3785 3763 77 29 stock
3874 3773 15 18 a
3902 3764 70 36 good
3986 3773 27 19 as-

3396 3805 91 28 sorted
3506 3805 40 28 lot
3567 3803 30 29 of
3616 3803 105 28 Double
3744 3803 54 28 and
3821 3803 92 34 Single
3930 3803 99 36 Spring

3398 3843 168 31 Mattrasses,
3580 3841 106 28 Double
3701 3841 53 27 and
3774 3841 92 32 Single
3887 3841 65 26 Iron
3975 3841 54 26 and

3397 3880 87 29 Wood
3498 3880 159 29 Bedsteads,
3666 3879 47 28 the
3723 3878 139 37 Longford
3873 3879 73 28 Wire
3957 3879 72 28 Beds

3397 3920 145 27 Palliasses
3565 3919 68 27 Flax
3655 3918 168 31 Mattrasses,
3839 3918 110 27 Pillows
3974 3918 55 27 and

3396 3958 133 33 Bolsters,
3556 3956 191 34 Washstands,
3770 3956 131 35 Dressing
3923 3955 106 35 Tables,

3396 3997 89 29 Toilet
3500 3997 60 29 Sets
3574 3996 54 29 and
3650 3996 110 29 Glasses
3775 3995 46 37 (all
3834 3996 89 33 sizes),
3937 3996 91 28 Towel

3397 4037 86 31 Rails,
3497 4036 112 28 Cornice
3624 4035 85 32 Poles,
3721 4035 86 32 Rings
3818 4035 54 27 and
3885 4034 143 33 Brackets,

3394 4074 131 28 Austrian
3539 4073 54 28 and
3608 4073 119 27 Kitchen
3741 4073 97 28 Chairs
3852 4073 54 27 and
3920 4073 106 30 Tables,

3395 4112 133 33 Couches,
3551 4111 86 33 Sofas,
3660 4111 96 28 Chests
3776 4111 30 27 of
3823 4111 127 28 Drawers
3972 4111 56 27 and

3395 4150 186 31 Cheffioniers,
3604 4149 146 28 Whatnots
3777 4149 46 35 (all
3847 4149 91 32 sizes),
3964 4149 63 27 Side

3394 4188 56 27 and
3463 4187 86 37 Gipsy
3563 4187 97 28 Tables
3672 4187 29 27 in
3714 4186 79 28 black
3812 4187 54 27 and
3887 4186 72 33 gold,
3973 4186 55 28 and

3394 4226 73 35 gold,
3481 4226 54 28 and
3548 4225 36 29 ali
3597 4225 81 29 kinds
3691 4225 30 28 of
3740 4225 92 36 Fancy
3854 4224 96 28 Tables
3973 4225 55 27 and

3395 4264 139 28 Brackets.
3565 4264 146 26 American
3723 4263 228 32 Perambulators,
3960 4264 49 26 Bas-

3393 4302 128 36 ketware,
3535 4302 45 30 &c.

3431 4343 56 30 13s
3487 4345 10 10 3
3515 4343 44 27 All
3576 4342 92 29 orders
3690 4342 140 27 entrusted
3843 4344 27 24 to
3883 4351 33 17 us
3928 4342 54 27 will
3995 4341 33 28 be

3396 4381 160 36 punctually
3569 4380 128 28 attended
3714 4384 36 23 to.

3431 4419 149 28 N.B.—All
3593 4418 80 29 kinds
3686 4418 30 28 of
3732 4419 123 35 Turnery
3868 4417 74 29 work
3956 4418 70 28 done

3396 4468 33 19 on
3441 4459 46 27 the
3497 4459 140 35 premises.
3674 4457 113 28 Billiard
3799 4457 76 28 Balls
3885 4457 141 28 re-turned

3395 4497 55 28 and
3462 4497 136 32 coloured,
3612 4496 80 36 equal
3706 4501 26 23 to
3743 4505 69 21 new,
3826 4495 42 35 15/
3882 4505 46 25 per
3941 4501 49 22 set.

3396 4589 42 30 To
3473 4599 57 20 our
3564 4587 173 32 Customers
3768 4597 30 20 in
3829 4598 55 19 the
3916 4586 109 31 Lyell.

3573 4695 270 32 NOTICE.

3474 4803 140 37 WITH
3629 4813 16 21 a
3662 4803 73 32 view
3758 4806 29 29 to
3809 4803 140 40 reducing

3486 4840 39 45 VV
3580 4860 53 20 our
3667 4848 80 40 large
3795 4848 81 30 stock
3920 4850 32 29 of

3473 4892 192 31 DRAPERY
3686 4893 21 30 &
3732 4892 215 35 CLOTHING,

3473 4947 42 21 we
3544 4947 47 21 are
3616 4936 123 41 holding
3766 4946 17 21 a
3810 4936 139 40 Clearing

3475 4980 77 36 Bale,
3574 4981 58 29 and
3655 4980 60 30 will
3739 4979 35 31 be
3796 4979 98 40 liappv
3918 4983 30 27 to

3474 5024 35 32 do
3538 5035 16 20 a
3582 5024 60 32 line
3667 5035 32 21 or
3723 5026 57 29 two
3805 5024 71 31 with
3897 5023 51 33 the

3472 5068 75 40 good
3561 5068 102 40 people
3678 5069 31 29 of
3726 5068 49 30 the
3790 5068 86 40 Lyell
3890 5068 58 30 and

3474 5111 124 32 district.

3513 5203 53 32 We
3575 5203 75 32 have
3659 5203 126 32 reduced
3794 5214 54 21 our
3854 5203 93 41 prices

3472 5247 38 40 by
3525 5257 55 21 one
3591 5247 90 36 third,
3694 5248 58 29 and
3765 5258 31 19 as
3807 5258 86 29 every
3904 5252 28 25 at-

3473 5290 116 33 tention
3605 5290 23 32 is
3643 5290 86 42 given
3746 5292 28 31 to
3789 5290 99 33 orders
3908 5289 40 43 by

3473 5339 66 35 post
3553 5346 33 19 or
3600 5336 163 34 otherwise,
3780 5336 23 29 it
3827 5336 61 29 will
3911 5336 36 29 bo

3473 5385 29 27 to
3512 5390 73 31 your
3593 5378 123 34 interest
3728 5381 29 31 to
3768 5378 72 34 send
3852 5390 16 22 a
3880 5378 68 34 trial

3473 5424 93 32 order.

3514 5517 61 32 The
3598 5517 163 40 advantage
3786 5517 31 32 of
3838 5517 110 40 buying

3474 5564 30 27 at
3520 5561 48 30 the
3584 5563 117 37 present
3716 5562 71 29 time
3809 5561 23 29 is
3857 5560 91 40 really

3474 5604 60 31 this
3547 5616 48 19 :
3610 5604 64 32 You
3710 5607 48 37 get
3789 5605 37 30 £o
3854 5604 92 31 worth

3473 5649 43 31 for
3538 5651 62 29 -iOs.

3449 5741 44 37 E.
3523 5741 32 37 J.
3585 5740 143 38 WARN
3735 5741 66 37 EE
3828 5742 30 36 &
3885 5741 84 45 CO.,

3491 5805 12 9 7
3506 5804 12 15 T
3544 5804 88 15 no
3889 5804 27 14 n?
3938 5804 10 11 i

3401 5804 65 61 ihe
3492 5804 79 62 hdi
3596 5818 33 48 si
3654 5804 201 66 CammarGe,
3888 5804 139 62 ten.
