2550 4060
563 36 100 48 Cfte
685 37 122 42 Wrto
832 37 213 44 SBtalmtt
1067 38 312 48 <Era?ettran&
1400 38 306 48 «SRrUtngton
1728 36 257 50 &ptctatot+

60 134 45 17 see.
143 124 23 24 It
177 132 97 23 appears
292 124 59 24 their
364 124 49 24 title
430 129 23 19 to
465 124 39 25 the
516 130 40 20 site
608 126 37 24 the

60 164 57 20 town
130 159 20 22 is
172 163 41 18 not
229 158 105 30 disputed
336 169 33 5 —
370 158 48 23 that
439 158 37 24 the
489 159 156 24 Government

62 193 54 23 have
128 190 103 24 declared
252 191 50 23 that
321 190 53 31 they
386 191 29 23 do
433 197 39 17 not
492 199 62 17 mean
573 196 23 18 to
608 199 37 16 re-

60 232 62 17 serve
134 223 50 24 that
195 223 121 30 particular
325 230 51 24 spot
385 224 35 23 for
431 232 15 15 a
457 229 68 25 town,
538 225 41 23 and
594 223 49 25 that

60 258 18 23 if
93 257 52 30 they
157 256 82 32 taking
258 257 37 23 the
313 256 122 31 precedent
452 257 25 23 of
492 258 62 23 other
565 263 75 17 towns

60 289 89 30 already
169 294 36 19 set
213 295 56 22 .out,
290 289 71 24 un.ler
388 291 85 23 certain
492 291 151 28 restrictions,

62 324 52 29 they
125 322 44 23 will
182 323 87 23 receive
281 322 38 24 the
330 324 104 22 sanction
452 323 27 23 of
493 323 38 24 the
541 322 102 24 Govern-

63 360 60 20 ment
134 356 23 22 in
171 355 39 23 the
220 364 63 15 same
297 362 49 24 way
357 364 25 15 as
403 356 63 24 those
478 355 84 25 formed
573 356 71 24 under

63 390 36 22 the
118 388 104 31 auspices
234 388 26 23 of
275 388 37 24 the
332 388 58 24 New
407 390 99 23 Zealand
520 389 114 31 Company

62 421 42 25 We
116 421 109 32 certainly
238 429 66 24 agree
317 421 53 25 with
379 423 38 23 the
425 422 77 24 advice
513 421 36 25 tHe
563 421 80 25 Editor

64 454 89 25 tenders
173 454 70 30 them,
264 456 49 23 that
332 454 64 25 when
415 456 53 30 they
486 454 28 24 do
537 460 34 18 act
590 454 53 32 they

62 487 79 24 should
161 487 29 23 do
210 495 26 17 so
258 488 53 24 with
330 488 162 32 promptitude,
513 487 130 32 unanimity,

62 521 42 24 and
117 520 162 31 self-reliance,
292 529 62 16 more
366 521 144 32 particularly
523 520 68 24 under
605 521 38 24 the

59 553 43 24 last
113 553 127 32 injunction
252 555 36 24 lor
298 554 49 24 that
363 556 19 22 is
404 555 37 23 the
460 554 53 31 only
526 561 39 17 one
578 559 22 17 to
613 555 30 23 be

62 587 96 24 trusted.

58 642 179 26 SUMMARY
263 644 97 24 FROM
389 643 71 25 THE
489 643 152 25 ENGLISH

287 677 144 24 PAPERS.

1500 2149 23 7 —
1580 2146 18 13 ««
1598 2150 26 6 —
1624 2149 44 7 u_^.

1402 2170 362 25 MISCELLANEOUS.

1281 131 81 26 ;turei>
1370 135 5 4 -
1383 127 218 35 -.Tbfr..snnie#redjt
1600 146 7 8 >
1611 133 86 25 system
1706 128 82 25 andits
1797 128 79 29 effects,

1280 162 3 5 '
1290 160 45 24 wHI
1344 160 70 33 apply
1466 155 252 40 theWQntractocs^for,
1734 166 64 26 great
1805 167 68 29 jrtate

1289 193 184 32 improvements,
1476 189 156 35 ~tot%omplete
1636 193 79 24 which
1732 193 73 25 loans,
1816 201 57 18 were

1290 226 112 31 obtained,
1412 218 134 44 principally
1558 226 24 23 in
1593 220 117 36 England,
1720 231 23 20 to
1753 234 119 17 enormous

1289 265 112 24 amounts,
1412 258 45 26 and
1466 257 52 25 with
1530 258 146 31 astonishing;
1683 259 87 32 facility
1781 268 7 21 ;
1810 259 63 25 these

1290 292 174 31 improvements
1475 298 58 16 were
1544 298 162 25 unnecessary,
1727 292 95 25 because
1834 292 38 25 the

1290 325 87 23 natural
1389 324 63 26 trade
1462 324 27 24 of
1503 323 38 24 the
1553 329 96 25 country
1664 324 75 25 would
1756 331 40 19 not
1816 332 55 17 war-

1290 361 51 20 rant
1353 356 69 27 them.
1474 355 51 25 The
1543 357 122 24 inevitable
1679 357 78 26 result
1776 358 26 25 of
1815 359 56 24 such

1290 389 52 25 wild
1361 391 102 27 schemes
1484 389 21 24 is
1524 397 51 16 now
1593 395 38 18 too
1650 390 51 24 well
1718 390 113 25 known—
1830 388 5 20 :
1836 396 35 19 too

1288 423 67 31 sadly
1363 423 82 25 known
1461 422 31 31 by
1501 421 41 27 the.
1552 421 100 32 English
1664 423 152 25 creditor—to
1835 432 36 16 re-

1288 456 66 31 quire
1379 464 45 24 any
1445 455 89 24 further
1562 454 98 25 remark.
1687 466 5 2 -
1715 456 50 24 Ten
1784 457 26 24 of
1835 456 37 24 the

1288 488 52 24 best
1356 496 46 17 owe
1422 493 25 20 at
1466 487 43 24 this
1532 488 63 29 time,
1617 489 24 23 in
1660 488 72 25 round
1756 489 115 28 numbers,

1292 523 164 29 150,000,000
1466 520 83 25 dollars
1557 529 7 21 ;
1583 525 24 20 at
1626 521 38 25 the
1674 527 93 26 present
1778 529 95 25 average

1290 554 65 24 value
1376 557 26 23 of
1423 555 39 24 the
1480 553 79 25 stocks
1578 554 55 31 they
1649 562 40 18 are
1708 555 81 27 worth.
1795 557 23 23 in
1835 555 38 24 the

1289 588 88 24 market
1388 589 69 24 about
1467 585 56 32 half
1534 588 48 23 that
1595 595 50 16 sum
1654 588 7 25 !
1680 588 45 24 and
1744 588 57 25 from
1821 596 51 22 pre-

1288 625 35 19 set
1332 627 158 26 appearances,
1501 620 24 24 iv
1544 628 15 16 a
1576 620 41 24 few
1637 621 99 28 months,
1758 622 52 31 they
1828 621 45 25 will

1288 658 41 19 not
1349 653 110 32 probably
1479 653 26 23 be
1526 653 71 24 worth
1619 660 42 17 one
1678 657 97 29 quarter
1789 655 25 24 of
1835 654 38 25 the

1288 694 67 24 gross
1365 692 94 20 amount
1468 686 7 24 !

1346 720 50 25 The
1405 718 98 34 political
1513 718 94 25 horizon
1618 719 22 24 is
1649 719 56 24 dark
1717 720 45 24 and
1771 721 100 31 gloomy.

1290 751 51 25 The
1353 753 155 25 Government
1518 753 19 23 is
1551 752 96 24 reduced
1659 758 23 18 to
1696 753 38 25 the
1746 754 74 31 pitiful
1833 762 38 15 ne-

1288 787 84 31 cessity
1382 787 27 24 of
1422 785 98 31 sending
1540 785 96 24 brokers
1653 787 58 23 from
1730 794 44 17 one
1793 788 45 30 city
1850 792 23 18 to

1289 819 95 24 another
1395 825 22 19 to
1429 818 77 24 obtain
1523 818 116 24 sufficient
1649 819 69 24 funds
1730 825 23 18 to
1765 820 58 31 keep
1836 819 37 24 the

1289 852 82 23 wheels
1381 853 25 24 of
1414 854 30 22 its
1457 851 76 24 offices
1546 852 23 23 iv
1582 853 83 23 motion
1674 861 8 21 ;
1696 852 48 29 but,
1756 853 82 24 unable
1851 858 22 18 to

1288 885 47 23 find
1347 886 62 23 these
1417 884 67 24 funds
1495 889 23 19 at
1526 884 74 30 home,
1612 886 41 22 she
1663 885 69 24 sends
1743 885 41 25 her
1791 891 82 26 agents

1288 918 82 23 ahroaJ
1379 928 7 19 ;
1407 919 42 23 her
1460 917 62 32 pride
1534 926 52 22 may
1598 919 28 22 be
1638 918 98 32 brought
1756 925 38 25 yet
1805 919 68 24 lower

1290 952 28 30 by
1331 953 112 29 receiving
1454 960 13 15 a
1479 951 82 24 refusal
1575 952 56 23 from
1645 952 107 30 England
1762 958 22 19 to
1793 952 80 24 renJer

1290 983 85 26 further
1386 985 130 24 assisteoce.
1553 983 109 33 England
1680 985 72 32 ought
1763 990 22 20 to
1796 986 76 24 refuse

1291 1018 47 28 her,
1349 1018 44 24 and
1406 1020 16 22 it
1440 1018 19 23 is
1472 1022 20 19 to
1506 1018 27 24 be
1545 1018 74 31 hoped
1631 1018 48 25 that
1690 1010 42 33 sh\;
1744 1019 52 29 will,
1809 1019 34 24 for
1856 1020 17 22 it

1290 1051 44 23 will
1346 1051 56 24 have
1418 1050 39 24 the
1474 1050 66 25 effect
1551 1051 26 23 of
1593 1052 105 31 teaching
1709 1052 46 23 this
1772 1053 75 24 nation
1860 1060 13 16 a

1289 1089 64 26 great
1369 1084 71 24 moral
1459 1084 84 29 lesson,
1565 1084 73 24 which
1651 1085 45 23 will
1715 1086 68 24 stand
1793 1091 39 19 out
1849 1086 22 23 in

1289 1117 70 31 living
1368 1118 127 23 characters
1513 1115 89 32 beyoiul
1615 1118 37 24 the
1669 1124 93 25 preseut
1776 1126 95 23 genera-

1292 1150 54 25 tion.
1381 1150 52 25 The
1452 1150 75 23 nation
1541 1150 104 24 deserves
1656 1156 24 18 to
1692 1151 27 23 be
1732 1153 63 22 made
1807 1152 65 23 hum-

1290 1183 37 24 ble
1334 1192 7 21 ;
1355 1184 40 24 her
1405 1182 101 33 haughty
1516 1183 64 32 pride
1591 1183 45 24 and
1649 1184 97 24 boastful
1759 1188 63 21 tones
1833 1184 38 24 de-

1290 1225 62 15 serve
1373 1223 22 18 to
1407 1218 28 23 be
1447 1216 101 24 subdued
1556 1225 6 19 ;
1581 1217 41 22 she
1635 1216 41 25 has
1694 1218 55 23 been
1763 1217 108 28 wasteful,

1290 1255 153 27 extravagant,
1457 1249 44 24 and
1516 1249 105 29 careless,
1634 1251 43 23 aud
1697 1258 48 16 now
1762 1251 40 24 she
1814 1256 59 19 must

1290 1283 70 24 suffer
1370 1284 34 23 for
1417 1282 40 24 her
1469 1282 80 29 follies,
1568 1282 46 24 and
1628 1283 40 24 her
1680 1283 122 32 sufferings
1814 1290 60 18 must

1290 1316 27 24 be
1334 1316 79 33 deeply
1427 1316 39 23 felt
1478 1321 22 18 to
1520 1316 27 24 be
1567 1317 161 24 remembered.
1772 1317 101 32 Finding

1290 1350 48 23 that
1348 1350 41 24 she
1406 1356 42 17 can
1467 1357 28 15 no
1514 1349 80 29 longer
1605 1351 87 22 sustain
1712 1350 40 24 her
1763 1351 71 24 credit
1852 1356 23 19 at

1291 1383 64 24 home
1365 1391 26 16 or
1401 1382 90 28 abroad,
1501 1382 44 24 and
1555 1382 40 23 her
1603 1384 126 30 reputation
1740 1385 20 22 is
1767 1385 33 22 far
1807 1391 65 24 gone,

1290 1416 40 23 she
1337 1416 77 25 stands
1422 1415 46 24 like
1476 1423 42 16 one
1526 1415 117 32 desperate
1655 1422 24 18 at
1685 1425 14 14 a
1705 1416 169 32 pawnbroker's

1290 1449 54 24 door
1355 1449 95 30 offering
1468 1449 40 23 her
1527 1448 97 24 trinkets
1637 1449 34 24 for
1689 1449 38 24 the
1746 1455 57 19 most
1822 1449 51 33 they

1291 1483 43 23 will
1346 1483 73 31 bring,
1438 1482 44 23 and
1494 1483 22 22 in
1528 1483 56 22 such
1596 1491 14 14 a
1621 1483 156 31 questionaole
1787 1483 69 31 shape
1866 1484 6 24 !

1290 1515 30 25 In
1332 1516 36 24 the
1381 1516 120 24 meantime
1519 1516 41 23 she
1572 1516 20 22 is
1603 1516 137 31 reluctantly
1751 1516 121 32 compelled

1290 1554 24 18 to
1325 1555 37 18 cut
1374 1549 64 24 down
1457 1549 40 23 her
1508 1556 64 24 army
1584 1549 43 23 ami
1649 1557 66 23 navy,
1737 1550 80 24 reduce
1836 1550 37 23 the

1290 1590 42 24 pay
1342 1583 25 23 of
1377 1583 39 23 her
1429 1582 75 31 public
1511 1582 97 29 officers,
1621 1582 119 31 discharge
1749 1583 123 23 thousands

1290 1616 25 23 of
1323 1616 164 28 subordinates,
1507 1616 44 23 and
1563 1615 44 31 clip
1619 1615 29 24 ail
1667 1616 39 23 her
1718 1624 110 23 expenses
1848 1624 25 16 as

1290 1649 59 24 close
1362 1657 24 15 as
1397 1648 107 33 possible.
1541 1648 54 24 And
1609 1650 43 22 this
1675 1650 19 23 is
1706 1650 38 23 the
1756 1650 49 23 first
1823 1655 50 26 step

1291 1683 25 22 of
1326 1683 90 27 reform,
1438 1681 71 24 which
1531 1681 72 32 ought
1620 1688 22 17 to
1656 1683 55 23 have
1732 1683 54 24 been
1808 1683 64 24 made

1354 1724 51 23 ago.
1440 1715 61 23 Well
1511 1716 19 22 it
1547 1716 20 22 is
1578 1715 51 23 that
1640 1716 38 24 the
1691 1716 79 31 people
1780 1724 38 16 are
1831 1716 42 24 fal-

1290 1749 84 31 lowing
1391 1750 41 23 her
1448 1749 104 31 example
1554 1761 32 4 —
1587 1753 39 19 not
1642 1749 59 24 from
1720 1757 44 23 any
1776 1750 66 23 merit
1851 1749 26 24 of

1290 1782 58 24 their
1360 1789 56 21 own,
1430 1782 39 23 but
1486 1782 57 24 from
1556 1782 149 31 compulsion.
1743 1782 22 24 It
1785 1784 19 22 is
1816 1782 57 24 wel!.

1291 1815 23 24 It
1326 1815 44 24 will
1382 1815 65 25 teach
1459 1815 61 24 them
1532 1822 108 24 economy
1648 1816 44 23 and
1704 1815 112 31 humility,
1829 1815 44 24 and

1290 1850 19 22 it
1320 1849 45 23 will
1376 1848 67 25 make
1461 1848 61 24 them
1535 1850 53 22 wise
1600 1848 34 23 for
1652 1850 38 22 the
1704 1850 82 22 future.
1821 1848 52 24 The

1290 1883 85 31 people,
1393 1890 26 15 as
1431 1881 49 24 well
1492 1890 25 14 as
1538 1882 38 23 the
1589 1881 164 29 Government,
1773 1890 38 15 are
1824 1889 49 16 now

1289 1917 69 30 going
1371 1914 96 30 through
1480 1923 13 14 a
1502 1914 56 31 fiery
1567 1914 75 24 ordeal
1655 1915 48 23 that
1712 1915 45 24 will
1768 1920 35 25 try
1814 1915 60 23 them

1290 1949 110 30 severely,
1413 1947 43 24 and
1469 1947 53 31 they
1532 1947 29 24 all
1575 1955 83 25 appear
1671 1952 21 19 to
1706 1949 27 22 be
1744 1948 97 23 sensible
1853 1948 24 23 of

1280 1975 35 30 'it.
1351 1981 77 24 While
1448 1980 36 23 the
1506 1982 78 22 nation
1604 1981 44 24 and
1670 1982 38 22 the
1720 1982 78 31 people
1819 1981 56 23 have

1290 2012 90 34 palssed/
1393 2014 46 23 this
1462 2014 87 23 critical
1570 2019 72 26 stage,
1664 2015 48 23 real
1742 2016 132 30 prosperity,

1288 2047 93 31 gradual
1405 2046 43 23 ami
1471 2046 120 30 enduring,
1615 2047 45 23 will
1683 2053 85 18 return.
1813 2047 60 24 How

1290 2080 76 30 dearly
1375 2078 128 33 purchased
1511 2086 38 17 are
1560 2079 38 24 the
1605 2086 65 25 great
1676 2079 88 25 lessons
1772 2080 25 24 of
1807 2088 66 24 every

673 131 24 14 or
707 122 65 28 other
781 124 81 25 earths;
873 124 117 27 sea-weed,
998 124 89 29 ground
1094 124 72 28 wood,
1176 129 53 24 peat
1232 127 31 26 jir

667 150 70 22 •other
747 157 64 19 moss,
820 157 27 15 or
855 151 129 27 anyHeavea
989 158 25 16 or
1023 158 45 21 any
1078 151 66 22 herbs
1154 159 27 14 or
1188 152 74 27 plants

673 176 50 26 (not
739 177 68 27 being
827 177 93 22 tobacco
937 178 75 22 leaves
1027 185 27 14 or
1067 175 100 30 plants,)'
1176 185 26 17 or
1216 186 45 21 any

662 208 2 9 1
672 209 74 21 syrup,
763 202 77 28 liquid,
862 204 124 25 substance,
1008 204 108 26 material,
1139 208 80 20 master
1236 214 27 14 or

673 226 63 30 thing
744 233 23 18 to
778 230 27 21 be
814 229 55 22 used
885 237 26 15 or
924 230 91 28 capable
1032 231 26 22 of
1068 231 69 27 being
1146 230 55 23 used
1211 239 24 15 as
1248 240 13 16 a

673 255 118 23 substitute
800 256 42 26 for,
853 263 25 15 or
887 260 22 18 to
924 256 99 23 increase
1040 257 37 22 the
1092 258 84 26 weight
1190 258 27 22 of
1228 263 34 17 to-

663 281 78 23 -btcco
757 289 25 14 or
797 282 66 27 snuff,
879 289 28 16 on
924 283 53 28 pain
992 284 27 22 of
1027 283 115 27 forfeiting
1152 283 37 23 the
1200 292 61 16 same

672 308 44 22 and
728 313 41 17 two
779 308 102 23 hundred
892 310 92 26 pounds.
985 322 27 5 —
1012 310 113 27 Liverpool
1129 317 77 21 piper.

697 335 54 22 The
767 336 100 21 Turf.—
869 335 59 23 Fiat
944 337 119 22 Justitia:
1080 338 68 22 Roat
1163 338 96 22 Ccelum.

671 373 28 5 —
699 361 48 22 Tne
765 362 60 21 issue
840 362 57 22 tried
911 370 31 15 on
963 364 107 22 Saturday
1088 364 51 27 last,
1159 364 101 23 between

667 387 120 24 .Thornton
799 388 42 22 and
852 388 38 23 the
900 389 104 23 stewards
1014 390 26 21 of
1050 390 38 23 the
1098 390 88 29 Jockey
1196 391 64 28 Club,

672 420 44 15 was
727 414 36 23 the
774 417 57 19 most
839 415 116 28 generally
970 416 126 28 important,
1113 425 24 14 as
1152 425 109 15 concerns

673 440 36 22 the
720 447 109 21 economy
840 441 26 22 of
878 442 37 22 the
930 442 51 26 turf,
989 442 4 3 '
1002 449 52 16 ever
1068 444 123 22 submitted
1208 449 22 18 to
1248 453 13 14 a

673 468 95 21 tribunal
794 470 73 20 whose
891 468 98 23 decision
1014 469 71 23 would
1116 470 92 23 become
1232 478 29 16 an

672 493 112 28 au-h:>rty.
822 494 59 23 Who
899 494 58 23 shall
977 496 60 22 write
1055 496 36 22 for
1110 497 38 21 the
1159 498 47 21 turf
1223 498 38 22 the

673 520 94 23 memoir
777 520 26 23 of
836 522 49 22 The
892 522 58 22 hour
956 522 42 22 and
1006 521 37 24 the
1052 523 54 22 Man
1116 523 13 10 MM
1130 534 28 6 —
1159 525 38 21 the
1207 524 54 23 time

670 546 20 23 is
699 547 72 26 ripe—
776 547 48 22 who
833 547 21 22 is
863 552 24 17 to
894 548 29 22 be
933 548 37 22 the
980 548 118 28 champion
1106 550 10 21 1
1144 551 26 22 If
1179 550 12 22 I
1202 557 58 16 were

671 573 69 22 asked
751 578 23 18 to
783 575 65 27 point
857 579 39 17 out
905 574 38 23 the
953 576 144 27 composition
1113 577 26 22 of
1149 578 72 21 works
1239 582 22 18 to

672 600 72 22 which
754 601 93 22 modern
858 600 56 29 days
928 602 58 21 have
1000 603 66 27 given
1081 603 115 23 existence
1212 604 49 23 that

671 628 118 22 contained
800 628 36 21 the
846 634 96 20 greatest
953 629 125 27 proportion
1095 630 27 21 of
1133 630 44 23 bad
1195 638 66 15 sens?

671 653 46 22 and
729 661 68 14 worse
805 661 120 20 granmer,
939 654 10 23 I
961 656 64 21 could
1035 656 57 22 have
1102 664 29 14 uo
1141 657 118 23 hesitation

671 680 22 21 in
705 680 115 27 declaring
830 681 18 21 it
857 686 23 16 to
891 681 27 22 be
929 682 36 21 the
975 682 56 22 code
1042 682 26 21 of
1080 684 85 27 racing,
1175 692 25 15 as
1213 684 47 23 laid

671 710 64 18 down
746 708 28 26 by
787 707 35 22 the
833 706 87 29 Jockey
930 708 63 22 Club.
1031 709 43 22 Let
1092 717 44 21 any
1152 719 51 14 man
1221 718 39 15 ex-

671 733 75 22 amine
756 734 23 27 it,
788 734 46 21 and
843 734 78 22 decide
928 734 36 22 for
973 736 95 27 himself,
1077 736 65 23 while
1150 744 34 15 we
1191 745 29 20 go
1230 745 29 15 on

672 764 23 17 to
706 761 133 27 investigate
849 762 27 20 its
887 765 76 18 recent
973 762 82 22 effects.
1093 764 53 22 Two
1161 772 25 14 or
1196 764 63 23 three

671 794 64 19 years
759 795 42 19 ago
820 787 61 22 Lord
901 788 120 22 Litehfield
1040 789 66 22 made
1123 799 14 14 a
1154 792 67 21 sortie
1237 794 24 19 at

671 813 119 28 Liverpool
805 815 85 26 against
906 814 34 22 his
955 814 69 28 allies,
1040 816 53 27 and,
1109 818 106 28 although
1232 818 28 22 he

672 847 44 14 was
725 841 110 27 defeated,
845 841 29 22 he
883 848 56 20 gave
950 849 27 14 no
987 843 63 21 small
1068 843 193 29 discouragement

671 872 22 16 to
704 867 63 22 there
777 875 73 14 cause.
890 868 54 23 Last
953 870 71 26 year's
1035 870 76 27 Derby
1128 878 71 21 came,
1215 871 45 23 and

673 894 51 21 with
740 894 29 22 its
788 901 166 21 consequences
973 895 37 22 the
1031 896 64 23 s-.'eds
1118 898 72 22 which
1205 898 56 23 shall

671 926 94 17 convert
781 922 48 21 into
855 922 73 21 velvet
944 922 37 22 the
1006 923 96 22 hitherto
1125 926 71 24 rough
1215 924 46 23 and

671 948 125 27 dangerous
814 948 93 23 surface'
918 949 26 20 of
954 955 40 16 our
1005 950 50 22 turf.
1095 951 49 23 One
1165 952 94 27 Gurney

671 974 38 22 d:d
720 981 24 16 as
755 975 122 22 thousand-;
887 976 75 21 before
973 976 45 22 and
1028 978 60 21 since
1098 977 57 24 luve
1173 978 15 23 d
1197 986 64 15 »ne—

672 1001 28 22 he
711 1002 64 21 made
786 1010 13 13 a
809 1002 72 27 heavy
900 1003 56 21 book
972 1009 28 16 on
1016 1004 47 21 that
1081 1011 59 16 race.
1181 1006 20 21 It
1218 1012 43 15 was

671 1029 140 22 constructed
822 1037 28 13 on
862 1030 37 21 Ihe
910 1030 105 27 principle
1025 1031 26 21 of
1063 1031 100 27 'betting
1172 1032 88 26 round,'

671 1062 14 14 a
696 1055 77 28 theory
787 1056 91 28 equally
892 1056 94 28 papular
999 1065 84 19 among
1097 1058 28 22 all
1142 1059 80 22 cla-s.-s
1238 1060 25 22 of

673 1082 69 22 better
746 1091 14 13 <.
798 1085 40 19 We
850 1088 58 17 must
915 1088 38 17 not
960 1086 102 20 conceive
1074 1084 47 22 that
1131 1086 37 22 the
1177 1090 84 23 system

673 1109 17 20 is
700 1109 103 22 confined
813 1115 23 16 to
847 1109 36 23 the
1073 1119 25 14 or
1131 1112 49 28 leg;
1216 1113 17 22 it
1243 1119 18 16 is

671 1135 104 22 followed
799 1135 58 22 alike
881 1137 28 27 by
934 1142 36 17 tne
993 1139 76 25 prince
1092 1139 45 22 and
1161 1142 99 24 peasant.

673 1162 158 27 Something—
834 1167 15 16 >t
875 1164 19 20 is
920 1163 78 27 utterly
1021 1164 133 23 immaterial
1176 1169 24 19 to
1224 1166 37 23 ths

672 1188 75 21 merits
766 1190 27 19 of
812 1189 38 21 the
869 1196 50 15 case
940 1190 57 21 what
998 1201 26 5 —
1025 1192 107 21 occurred
1153 1196 22 18 to
1194 1200 65 15 came

673 1214 89 22 debtors
773 1222 28 14 on
813 1216 114 27 Gurney's
937 1222 94 16 account
1040 1222 22 17 to
1080 1225 116 17 announce
1213 1220 49 22 that

671 1240 54 27 they
743 1242 76 21 would
838 1248 38 15 not
896 1250 43 19 pay
959 1243 31 22 till
1008 1244 97 22 satisfied
1120 1246 48 21 that
1178 1246 28 23 he
1219 1248 42 21 had

672 1269 79 20 SL-tded
763 1268 51 21 with
826 1268 34 21 his
871 1270 105 21 creditors
1011 1271 55 22 Tnia
1074 1271 134 24 declaration
1219 1281 42 15 was

673 1295 120 26 supported
812 1300 23 16 to
857 1295 37 22 ihe
914 1296 63 23 letter
996 1298 30 27 by
1045 1297 37 22 the
1102 1300 58 21 rales
1178 1301 26 21 of
1226 1301 35 22 the

673 1321 87 28 Jockey
772 1322 67 26 Club;
854 1329 27 15 no
892 1322 69 23 doubt
978 1324 96 22 wholeso
1084 1332 27 15 ne
1127 1327 134 27 regulations

672 1348 23 21 in
712 1354 13 14 a
745 1350 89 26 sociery,
857 1350 37 21 the
914 1350 92 28 majoiry
1018 1352 27 20 of
1062 1352 73 23 whose
1153 1354 108 23 members

672 1375 111 26 speculate
800 1382 15 15 a
831 1376 158 23 liiinttred-f.tld
1007 1378 88 27 beyond
1114 1380 37 21 the
1170 1385 92 18 amount

673 1402 26 20 of
723 1401 57 22 their
803 1404 90 26 capital.
915 1415 3 6 <
945 1404 61 22 Does
1033 1411 47 21 any
1101 1413 41 16 one
1164 1407 98 27 imagine

662 1432 2 19 I
673 1429 48 20 that
745 1429 20 21 if
798 1429 38 22 the
869 1430 66 21 noble
968 1431 58 22 lords
1059 1432 43 21 and
1134 1434 127 26 gentleman

674 1458 59 18 want
743 1460 22 17 to
775 1457 66 21 make
852 1457 202 27 twenty-thousand
1065 1460 77 26 pound
1157 1461 67 22 books
1235 1469 27 15 on

674 1482 82 27 Epsom
767 1488 117 22 meetings,
892 1491 12 14 a
913 1485 90 27 solitary
1011 1485 123 23 individual
1145 1495 51 15 ever
1205 1493 58 18 went

674 1509 65 22 down
758 1510 32 21 to'
800 1510 226 28 Hyde-park-corner
1041 1520 30 14 on
1090 1515 99 28 pay-day
1208 1516 54 22 with

674 1536 65 21 funds
749 1542 22 15 to
786 1538 65 20 make
866 1545 12 14 a
894 1538 105 23 dividend
1013 1540 26 20 of
1052 1547 14 14 a
1081 1541 91 27 shilling
1187 1542 23 22 in
1224 1542 38 23 the

674 1563 82 27 pound,
765 1570 54 15 save
829 1571 59 19 upon
900 1565 38 22 ihe
947 1566 179 28 coulingencyof
1137 1569 125 27 receiving?

675 1589 64 22 Hear
750 1594 58 18 wliat
816 1590 91 23 Colonel
921 1592 107 33 Peel^said
1039 1600 27 15 on
1077 1593 38 22 the
1126 1596 102 22 occasion
1240 1601 22 17 to

676 1616 70 22 which
758 1617 9 21 I
779 1625 35 14 am
824 1624 50 16 now
892 1618 117 29 adverting
1021 1620 23 21 in
1061 1620 114 24 reference
1186 1625 23 19 to
1220 1623 42 23 this

674 1644 94 26 especial
782 1644 101 28 question
899 1646 26 21 of
937 1646 84 23 honour
1028 1655 6 14 :
1051 1647 15 16 '♦
1074 1646 40 29 My
1128 1649 92 27 opinion
1235 1651 19 21 is
1255 1667 8 10 r

674 1670 47 21 that
732 1679 14 13 a
756 1678 52 15 man
824 1672 49 21 who
890 1673 38 21 has
943 1673 44 22 List
999 1681 82 20 nuney
1092 1674 26 28 by
1130 1676 86 27 betting
1234 1684 28 14 on

674 1697 157 28 horse-racing,
850 1705 84 16 cannot
949 1701 25 20 he
984 1702 96 20 excused
1090 1702 58 21 from
1160 1702 36 22 the
1208 1710 54 20 pay-

676 1728 61 18 ment
746 1726 24 20 of
785 1731 17 16 it
817 1727 67 20 under
898 1734 41 19 any
949 1729 159 20 circumstances
1137 1740 28 4 —
1165 1730 44 22 and
1225 1731 37 22 the

674 1750 66 23 Duke
760 1753 26 20 of
807 1753 147 22 Richmond's
974 1755 60 27 rij;ht
1056 1755 100 28 princely
1176 1758 86 22 avowal

698 1780 57 20 whe.i
765 1786 14 13 a
787 1786 50 15 man
846 1781 50 26 bits,
906 1783 25 19 he
940 1783 63 25 ought
1014 1785 22 18 to
1046 1783 51 20 have
1106 1790 71 20 money
1184 1786 78 24 enough

674 1807 21 18 to
701 1813 45 20 pay
755 1808 57 20 what
826 1808 27 20 he
969 1810 59 21 That
1041 1810 54 21 such
1111 1811 120 28 capability
1243 1812 19 22 is

674 1835 88 25 implied
780 1836 29 25 by
820 1836 37 21 the
873 1837 62 26 spirit
951 1836 26 22 of
990 1844 65 19 every
1074 1844 149 21 engagement
1239 1839 24 22 of

673 1860 87 23 honour
770 1862 62 22 there
843 1870 41 14 can
895 1864 27 21 be
938 1871 28 14 no
976 1863 97 23 duubt—
1074 1865 52 21 with
1137 1865 37 22 the
1186 1865 76 23 incon-

675 1889 97 25 venient,
793 1889 21 21 if
829 1895 38 16 not
891 1890 120 27 dishonest,
1031 1891 125 23 relaxation
1175 1893 26 21 of
1215 1893 48 22 that

674 1914 176 29 understanding
860 1917 124 27 originated
994 1918 37 22 the
1045 1921 83 24 system
1139 1919 72 22 which
1222 1919 40 23 has

675 1942 95 27 brought
783 1944 76 24 racing
876 1945 136 26 speculation
1030 1948 22 18 to
1068 1952 24 14 so
1109 1945 42 23 low
1168 1953 29 15 an
1212 1947 49 21 ebb.

673 1968 48 22 Tne
730 1970 64 21 a.t'air
805 1972 25 20 of
843 1971 93 27 Gurney
947 1979 51 19 w.is,
1013 1979 30 15 no
1058 1973 109 27 question,
1179 1980 43 15 one
1237 1975 26 20 of

673 1997 104 26 rascality
785 2004 6 18 ;
808 1997 39 22 but
858 1994 52 26 wtiih
921 2006 23 14 so
961 1999 58 22 fresh
1031 2007 14 13 a
1058 2000 69 22 result
1136 2001 25 20 of
1172 2000 38 22 the
1221 2001 41 21 law

674 2022 27 19 of
707 2022 53 21 libel
772 2025 73 19 before
855 2027 41 24 in/
904 2031 57 21 tyes,
975 2025 10 21 I
994 2025 58 21 slull
1069 2027 26 19 ba
1106 2027 97 20 exctissd
1213 2034 49 18 par-

675 2048 97 22 ticulars.
815 2050 81 22 Unless
919 2058 13 14 a
954 2051 82 26 speedy
1060 2051 44 22 and
1135 2052 126 23 eiticaciou.s

676 2075 91 27 remedy
775 2076 29 21 be
813 2077 150 26 propounded,
974 2077 19 21 it
1001 2077 44 22 will
1056 2084 62 15 serve
1129 2086 24 14 as
1163 2086 13 14 a
1185 2086 77 19 prece-

675 2099 55 22 dent
747 2102 85 21 in*tead
850 2103 26 21 of
890 2110 14 14 a
915 2104 104 27 warning.
1049 2104 21 21 A
1087 2108 34 18 sat
1134 2107 26 19 of
1173 2105 89 23 fellows

676 2126 56 23 have
738 2128 51 28 only
792 2135 21 16 to
821 2128 165 24 discoversome
993 2131 269 28 unfortunatespeculator

676 2158 20 17 to
708 2154 70 23 whom
791 2156 52 27 they
852 2164 38 15 are
904 2158 75 26 losers,
991 2158 52 21 with
1059 2158 73 28 heavy
1142 2159 118 27 liabilities,

674 2180 34 22 for
719 2181 36 23 the
767 2182 114 28 discharge
893 2184 25 21 of
930 2184 71 22 which
1019 2185 28 21 he
1063 2185 119 23 calculates
1200 2193 59 20 upon

676 2207 36 22 the
728 2215 113 17 resources
852 2215 22 17 to
886 2211 25 21 be
921 2211 91 22 derived
1022 2211 56 22 from
1089 2212 60 22 ihem
1156 2220 6 19 ;
1178 2213 43 22 and
1233 2213 29 29 by

673 2235 99 29 refusing
782 2241 23 16 to
815 2245 42 20 pay
869 2238 52 26 him,
934 2238 52 27 they
999 2238 81 22 relieve
1097 2239 134 23 themselves
1240 2247 22 15 ot

674 2262 27 21 all
714 2263 121 25 obligation
846 2265 26 21 of
885 2265 169 23 disbursement.
1083 2267 30 21 So
1127 2267 54 27 long
1191 2275 24 14 as
1224 2269 37 21 the

675 2289 39 20 law
726 2290 116 22 continues
854 2298 23 15 as
888 2291 18 22 it
920 2292 24 26 is,
955 2291 47 23 that
1013 2293 50 26 plea
1074 2293 43 21 will
1127 2293 87 23 furnish
1225 2295 37 22 the

674 2316 155 28 ready-witted
838 2319 52 21 with
900 2326 28 14 an
935 2319 125 28 indemnity
1071 2321 85 26 against
1162 2321 98 28 ill-luck;

674 2343 42 22 and
727 2351 35 14 ins
771 2345 42 21 cad
824 2345 26 21 of
857 2345 126 27 defaulters,
1002 2354 31 14 we
1050 2347 56 21 shall
1121 2347 56 23 hear
1187 2349 25 21 of
1223 2348 39 22 de-

673 2370 100 23 fetfdaurs
785 2373 21 20 in
818 2373 82 27 equity,
913 2380 27 14 on
951 2380 14 14 a
975 2373 77 28 Dc>rby
1061 2374 135 23 settlement.
1212 2375 49 23 The

673 2397 52 22 laws
736 2399 26 21 of
770 2399 35 22 the
817 2399 86 28 Jockey
914 2400 122 22 ClubmtiJt
1047 2401 26 22 be
1083 2401 100 28 revised;
1200 2402 59 28 then,

674 2424 19 22 if
699 2424 71 24 found
781 2427 27 21 of
819 2434 14 14 a
847 2432 79 17 nature
937 2431 22 18 to
974 2428 100 22 advance
1088 2427 44 23 'the
1148 2429 114 23 character

673 2452 45 21 and
735 2453 104 22 interests
858 2454 25 22 of
895 2462 14 14 a
918 2461 54 20 very
986 2456 94 27 popular
1096 2456 101 27 pastime,
1210 2457 52 28 they

674 2479 42 21 will
733 2481 86 21 receive
836 2480 37 23 the
889 2481 98 22 sanction
1007 2483 27 20 of
1047 2484 92 26 popular
1149 2488 110 23 approval,

674 2505 37 22 the
727 2508 51 27 only
793 2514 77 16 means
887 2508 102 27 whereby
1005 2509 53 27 they
1075 2517 41 14 can
1134 2510 26 22 be
1175 2510 86 23 car.icd

674 2538 45 17 out.
734 2538 3 2 '
750 2534 25 22 In
787 2535 56 21 tiieir
855 2539 88 22 present
958 2535 123 27 condition,
1092 2536 87 22 instea.l
1189 2538 26 21 of
1222 2537 38 22 do-

674 2566 37 21 ing
720 2562 85 21 service
814 2565 22 18 to
847 2561 38 23 the
895 2569 63 15 came
968 2563 35 21 for
1019 2563 72 22 whose
1110 2563 83 23 benefit
1207 2564 53 28 they

673 2594 38 14 are
721 2587 92 27 framed,
829 2589 129 28 theyprove
969 2590 27 22 its
1011 2595 58 17 most
1085 2590 72 22 ferule
1173 2598 89 16 sources

673 2614 26 22 of
706 2617 221 21 embarrassment.—
928 2617 103 21 Chavem.

1898 127 39 22 the
1953 120 101 34 buil&ng
2067 127 18 22 is
2099 127 77 28 nearly
2186 127 37 23 the
2238 135 60 15 same
2313 136 24 14 as
2351 129 49 23 that
2409 132 26 20 of
2447 131 38 22 the

1894 153 134 22 .Parthenon
2038 153 26 22 of
2070 153 41 23 .the
2122 154 118 27 Acropolis
2249 155 26 21 of
2283 155 93 28 Athens,
2388 156 14 22 b
2404 157 50 28 jing
2461 157 28 22 of

1899 179 38 23 the
1956 179 67 23 Doric
2033 179 63 28 style,
2110 181 51 21 with
2171 181 28 22 its
2209 181 73 23 frieze,
2292 183 144 21 ornamented
2447 185 38 20 tri-

1899 206 88 31 glyphs.
2011 204 114 29 Fifty-two
2131 206 109 27 columns,
2246 208 43 22 five
2298 209 46 21 feet
2350 209 53 21 nine
2410 209 76 22 inches

1899 239 25 15 in
1936 232 113 26 diameter
2065 233 58 28 from,
2137 233 38 21 the
2184 235 98 30 porticos
2296 235 24 21 in
2331 235 69 24 front,
2406 235 52 25 and.
2460 235 25 23 in

1900 259 38 21 the
1948 265 57 15 rear.
2032 259 48 23 The
2089 263 43 17 two
2141 259 219 28 psdimentscoutaiu
2371 267 116 22 represen-

1899 286 83 21 tations
1993 284 28 22 of
2031 284 99 29 episodes
2144 286 25 21 of
2180 286 37 22 the
2233 286 68 24 battle
2316 287 24 22 in
2354 287 74 23 which
2445 290 42 20 Ar-

1899 311 84 22 minitiß
1997 311 137 27 (Hermann)
2150 313 127 28 conquered
2292 312 78 27 Varus,
2386 314 44 22 and
2446 313 41 25 de-

1901 337 85 23 livered
1995 338 112 28 Germany
2112 339 58 21 from
2182 338 36 23 the
2230 339 86 23 Roman
2325 340 65 28 yoke.
2412 341 75 23 These

1897 366 187 26 representations
2091 372 38 15 are
2137 366 120 27 composed
2263 366 27 23 of
2296 373 62 15 more
2367 367 53 23 than
2428 368 60 26 forty

1890 388 2 26 !
1899 391 83 27 figures
1998 391 22 22 in
2030 392 45 21 alto
2092 392 89 27 relievo,
2192 392 102 22 fourteen
2304 393 46 22 feet
2362 392 61 29 high,
2441 393 47 23 and

1900 417 37 22 the
1956 416 126 35 pediments
2101 424 45 16 are'
2156 418 38 22 the
2212 418 53 28 only
2281 420 92 21 modern
2390 426 54 16 ones
2461 420 25 22 in

1901 440 72 25 which
1983 444 80 27 figures
2077 451 38 15 are
2124 444 87 23 formed
2228 446 23 21 in
2267 445 40 23 full
2322 445 78 27 relief,'
2409 453 24 15 or
2447 454 40 15 en-

1890 470 2 30 j
1899 469 66 29 tirely
1974 470 101 23 isolated.
2104 469 68 24 From
2181 471 38 23 the
2229 471 48 23 foot
2285 472 27 22 of
2323 472 37 22 the
2369 472 54 22 rock
2433 480 54 16 runs

1901 503 13 16 a
1923 497 57 22 wide
1990 496 63 28 flight
2063 496 26 23 of
2098 497 66 23 white
2174 498 85 22 marble
2269 501 65 25 steps,
2350 498 139 29 conducting

1890 531 2 19 I
1901 527 28 17 to.
1935 522 37 23 the
1986 524 84 26 portico
2081 524 26 22 of
2118 524 37 22 the
2170 525 111 28 principal
2296 526 68 22 front.
2392 526 96 22 Arou.id

1902 548 36 23 the
1954 550 89 22 interior
2053 551 26 21 of
2092 550 38 22 the
2144 550 103 27 budding
2260 552 18 21 is
2287 559 14 15 a
2311 551 67 23 frieze
2391 553 42 22 292
2443 554 46 20 feet

1890 583 2 15 I
1899 575 60 28 long,
1977 576 145 23 ornamented
2132 578 52 21 with
2199 578 121 28 sculptures
2336 581 152 26 representing

1901 602 39 23 the
1972 607 58 18 ran«t
2061 604 139 22 remarkable
2230 605 83 22 actions
2343 609 23 18 ot
2398 606 91 22 ancient

1903 629 97 23 German
2012 630 87 27 history,
2118 630 56 23 from
2186 630 45 23 the'
2238 630 76 23 heroic
2331 633 66 21 times
2412 636 23 18 to
2449 637 39 17 the

1901 656 73 26 epoch
1983 656 26 22 of
2016 658 30 21 St.
2057 657 113 27 Boniface,
2183 656 48 23 who
2240 658 47 21 first
2295 658 109 26 prenched
2414 659 75 22 Chris-

1902 682 79 28 tianity
1988 682 24 22 in
2023 682 36 23 the
2066 687 99 23 country.
2193 684 49 22 The
2252 684 108 23 Walhalla
2368 686 19 21 is
2397 687 39 21 223
2442 686 48 22 feet

1901 709 21 22 in
1934 709 85 26 length,
2031 710 38 23 103
2080 710 21 21 in
2112 709 74 29 width,
2198 710 45 23 and
2252 711 28 22 59
2287 712 22 21 in
2320 711 83 27 height,
2412 712 77 22 exclu-

1901 736 47 21 sive
1958 736 26 21 of
1998 735 37 23 the
2050 735 119 29 pediment.
2198 737 23 22 It
2232 744 43 15 was
2286 738 57 22 built
2358 738 58 22 after
2424 740 65 26 plans

1901 762 66 27 given
1984 762 31 28 by
2024 762 37 23 the
2077 763 59 27 king,
2154 764 72 21 under
2239 764 37 22 the
2291 764 198 27 superintendence

1901 789 28 22 of
1941 789 38 22 the
1993 788 131 23 celebrated'
2131 790 113 27 architect,
2257 790 32 23 M.
2308 791 58 22 L?on
2384 791 103 29 Kleutze,

1902 819 22 18 to
1939 815 73 22 whom
2026 823 40 15 our
2082 816 78 27 capital
2176 818 18 21 is
2208 816 107 24 indebted
2328 817 34 22 for
2378 818 27 22 its
2422 819 67 23 finest

1903 842 91 22 modern
2012 848 147 17 monuments.
2191 843 49 23 The
2259 844 122 28 sculptures
2400 852 30 15 on
2449 847 38 21 the

1903 868 123 27 pediments
2045 877 57 14 were
2120 870 108 23 executed
2244 870 29 28 by
2287 871 31 22 M.
2334 872 155 28 Stigelmayer,

1903 895 45 23 and
1958 896 37 21 the
2004 900 62 21 great
2072 896 67 22 frieze
2150 897 22 21 in
2183 898 38 21 the
2229 897 91 22 interior
2325 905 45 15 was
2378 899 111 22 modelled

1903 922 29 28 by
1943 922 32 23 M.
1995 922 113 28 Wageuer,
2124 929 23 16 at
2163 923 77 23 Rome.
2268 924 49 23 The
2331 924 55 28 king
2399 926 92 22 intends

1902 949 157 28 inaugurating
2078 950 37 21 the
2135 948 111 25 Walhalla
2264 950 96 28 himself,
2387 952 44 22 and
2450 953 48 22 the'

1902 982 119 22 ceremony
2031 977 42 22 will
2091 976 52 23 take
2158 977 65 27 place
2240 978 94 22 towards
2348 980 39 21 the
2404 979 44 22 end
2464 980 29 22 of

1902 1003 95 28 August,
2021 1011 26 15 or
2065 1004 37 22 the
2126 1003 122 29 beginning
2266 1004 26 22 of
2312 1006 132 26 September
2465 1009 26 19 at

1931 1056 102 23 Honour
2045 1064 106 16 amongst
2165 1057 109 24 Thieves.
2276 1069 27 6 —
2307 1059 42 21 The
2361 1059 92 22 Journal
2460 1060 31 21 dx

1901 1084 75 21 Havre
1993 1083 80 24 relates
2087 1085 37 21 the
2143 1084 112 28 following
2269 1086 102 27 anedote,
2388 1087 102 28 supplied

1902 1110 30 28 by
1943 1118 13 14 a
1965 1111 171 27 correspondent
2144 1119 5 14 :
2151 1122 27 5 —
2179 1113 15 9 *•
2204 1113 20 21 A
2232 1112 55 22 little
2297 1114 53 21 lime
2361 1112 55 23 back
2426 1121 62 15 soms

1904 1137 92 27 English
2005 1138 91 22 travelle
2108 1145 11 14 s
2129 1138 62 23 hired
2202 1147 14 14 a
2224 1139 98 27 carriage
2329 1140 35 21 for
2374 1140 115 27 Grenada,

1903 1166 52 24 and,
1974 1164 85 26 fearing
2070 1170 21 16 to
2103 1173 26 14 ue
2139 1165 91 26 robbed,
2247 1166 83 28 prayed
2341 1168 38 20 the
2393 1168 98 25 mayoral

1903 1191 94 25 (driver)
2014 1195 22 17 to
2054 1198 92 20 procure
2165 1191 59 23 lh»m
2240 1201 28 13 an
2284 1197 79 18 escort.
2390 1194 55 22 This
2460 1194 31 22 he

1903 1215 37 25 did
1957 1218 40 21 but
2011 1218 36 21 the
2063 1218 49 22 four
2128 1218 69 23 shires
2211 1218 29 23 he
2255 1220 54 22 brou
2315 1219 35 23 rht
2360 1227 57 15 were
2434 1222 55 21 such

1902 1244 223 28 cut-throat-looking
2136 1244 61 28 dog.*,
2216 1246 43 22 and
2276 1246 56 22 their
2350 1247 106 23 demand*
2466 1255 25 15 so

1902 1272 133 26 exorbitant,
2052 1272 48 21 that
2111 1272 37 21 the
2162 1273 115 22 travellers
2287 1273 115 23 dismissed
2419 1275 69 27 them,

1903 1305 24 14 as
1938 1298 48 21 well
1997 1305 23 15 as
2031 1298 37 23 the
2077 1300 100 26 mayoral,
2189 1300 46 21 and
2245 1304 33 17 set
2287 1304 39 18 out
2336 1302 28 26 by
2376 1302 114 22 Serrano's

1903 1324 124 28 dilligence.
2059 1326 95 27 Midway
2164 1326 38 22 the
2212 1326 98 28 carriage
2321 1335 44 14 was
2378 1328 110 27 attacked,

1903 1356 22 16 to
1936 1351 37 22 the
1983 1356 61 22 great
2053 1353 97 26 surprize
2160 1353 26 22 of
2197 1353 38 22 the
2245 1354 130 27 conductor,
2386 1354 49 22 who
2446 1356 45 21 had

1902 1378 155 27 compounded
2075 1380 53 21 witli
2146 1379 38 22 the
2202 1380 57 21 band
2271 1380 33 22 for
2318 1381 72 27 safety
2405 1389 29 15 on
2456 1382 35 22 his

1899 1405 116 27 journeys.
2044 1405 37 22 He
2095 1404 112 29 protested
2221 1406 86 27 against
2316 1407 38 22 the
2364 1410 43 24 act,
2417 1408 74 28 .alleg-

1903 1433 40 25 ing
1953 1432 37 21 the
2000 1431 56 22 faith
2064 1432 26 21 of
2101 1432 95 22 treaties.
2224 1434 49 21 The
2282 1434 62 22 chief
2350 1434 27 22 of
2383 1434 37 22 the
2431 1435 60 22 band

1903 1458 102 22 declared
2021 1465 52 21 very
2090 1460 134 27 respecfully
2239 1460 49 22 that
2310 1461 27 22 he
2353 1461 46 22 had
2421 1465 23 19 to

1903 1484 52 28 only
1967 1484 51 23 with
2029 1486 83 22 certain
2128 1486 95 28 English
2238 1488 119 27 travellers,
2368 1488 56 26 who,
2435 1488 56 23 after

1903 1512 83 26 having
1995 1512 91 23 entered
2102 1513 47 21 into
2158 1521 15 14 a
2186 1514 92 26 bargain
2292 1515 50 21 with
2359 1522 62 14 some
2437 1523 53 15 men

1903 1538 26 23 of
1936 1539 33 21 his
1979 1544 59 21 troop
2050 1544 20 17 Jo
2080 1543 71 18 escort
2166 1540 62 23 them
2239 1545 22 17 to
2272 1541 111 26 Grenada,
2400 1541 46 23 had
2456 1542 35 22 af-

1904 1568 103 19 terwards
2017 1566 100 27 changed
2129 1566 57 23 their
2193 1567 79 22 minds.
2301 1569 94 21 Serrano
2404 1569 85 27 replied

1903 1592 55 26 that,
1976 1592 22 22 in
2012 1600 67 20 every
2094 1593 98 22 Chritian
2209 1597 100 24 country,
2329 1594 38 22 the
2380 1594 45 27 flag
2440 1603 51 20 pro-

1904 1618 73 23 tected
1988 1620 36 21 the
2042 1627 76 19 cargo;
2135 1621 46 21 and
2191 1621 49 21 that
2249 1621 18 21 it
2278 1627 42 15 was
2335 1621 112 23 sufficient
2458 1622 33 22 for

1904 1646 60 22 those
1976 1646 142 28 Englishmen
2129 1651 22 18 to
2162 1648 28 21 be
2201 1647 117 27 travelling
2328 1648 22 21 in
2362 1648 33 21 his
2404 1648 87 24 vehicle

1904 1677 21 17 to
1946 1674 26 21 be
1990 1677 89 23 exempt
2095 1674 56 21 from
2169 1674 108 22 violence.
2305 1674 53 22 This
2375 1680 116 22 argument

1905 1707 43 14 was
1960 1700 107 21 admitted
2083 1699 91 22 without
2189 1701 68 27 reply,
2273 1700 45 23 and
2336 1701 37 22 the
2388 1702 103 28 briganJs

1904 1726 110 27 preferred
2024 1726 103 27 allowing
2137 1726 37 23 the
2186 1726 146 28 Englishmen
2346 1733 23 17 to
2378 1736 79 21 esca-pe
2468 1735 22 17 to

1903 1753 107 26 breaking
2021 1753 56 22 their
2087 1753 55 22 faith
2152 1754 52 22 with
2216 1756 37 20 the

1932 1780 37 21 Do
1979 1787 42 21 you
2030 1780 93 23 smoke?
2150 1780 48 23 Not
2203 1781 95 27 exactly,
2310 1782 40 22 but
2355 1789 40 15 our
2400 1782 91 24 kitchen

1904 1806 54 22 does
1967 1807 172 28 confoundedly.

1931 1834 64 21 Dean
2016 1834 62 22 Swift
2094 1835 108 27 proposed
2221 1838 23 19 to
2262 1838 37 19 tax
2310 1836 81 22 female
2401 1836 90 29 beauty,

1904 1860 44 21 and
1956 1865 23 17 to
1990 1860 61 23 leave
2059 1868 67 20 every
2135 1860 55 28 lady
2200 1867 23 16 to
2235 1869 23 15 rrfca
2261 1866 5 10 f
2268 1870 13 14 e
2290 1862 41 22 her
2339 1869 49 15 own
2395 1863 96 23 charms.

1908 1886 33 22 He
1952 1886 45 23 said
2009 1886 38 23 the
2065 1892 37 17 tax
2120 1888 72 22 would
2209 1890 25 20 be
2252 1888 122 29 cheerfully
2384 1890 53 28 paid
2446 1890 47 23 and

1904 1921 68 21 prove
1983 1921 51 21 very
2043 1914 138 28 productive.

1939 1947 73 24 Good
2024 1948 112 23 Wishes.
2139 1961 34 5 —
2174 1949 38 24 An
2226 1949 121 25 American
2358 1957 71 26 paper
2438 1951 54 25 thus

1904 1980 118 24 addresses
2035 1982 28 23 its
2085 1981 91 25 readers
2195 1991 29 15 on
2245 1983 39 24 the
2297 1990 195 19 commencement

1899 2014 31 37 |of
1945 2013 38 24 the
1995 2022 47 15 n«w
2054 2022 54 23 year
2128 2027 32 4 —
2189 2015 42 24 We
2252 2017 78 24 tender
2345 2024 42 17 our
2398 2023 94 26 patrons

1905 2046 38 24 the
1954 2046 64 24 usual
2032 2048 158 30 compliments
2202 2049 25 23 of
2242 2049 39 24 the
2292 2058 91 21 season,
2396 2051 98 32 wishing

1905 2079 60 25 them
1986 2080 59 31 good
2068 2080 53 24 tires
2145 2082 95 23 without
2261 2083 83 31 smoky
2364 2083 128 33 chimneys,

1904 2112 73 32 sleigh
1989 2113 60 25 rides
2069 2114 95 24 without
2184 2118 154 30 overturning,
2352 2124 71 17 warm
2438 2125 55 24 gar-

1906 2151 73 19 ments
2002 2147 97 24 without
2127 2154 78 26 empty
2228 2149 103 31 pockets,
2360 2156 134 25 arguments

1905 2181 93 22 without
2009 2188 76 24 anger,
2090 2195 2 16 |
2097 2180 44 24 and
2155 2182 77 31 plenty
2246 2182 25 24 of
2284 2183 60 32 good
2362 2184 71 29 cider,
2445 2185 48 24 and

1905 2213 74 24 withal
1991 2215 59 30 good
2063 2215 128 29 memories,
2202 2215 71 24 which
2284 2217 45 23 will
2338 2217 80 24 enable
2431 2217 63 26 them

1905 2252 24 18 to
1951 2246 57 32 keep
2020 2248 22 23 in
2063 2247 62 24 mind
2146 2248 40 24 the
2204 2248 38 24 old
2261 2249 78 32 adage,
2354 2251 49 23 that
2415 2251 79 24 'short

1905 2279 140 25 settlements
2070 2279 161 33 (particularly
2256 2281 54 25 nith
2332 2283 37 24 the
2387 2283 105 32 printer)

1906 2314 68 23 mak»
1991 2314 54 31 long
2058 2314 101 24 friends.'
2195 2315 56 24 And
2269 2321 22 18 to
2311 2316 39 24 the
2369 2316 71 25 ladies
2461 2325 33 17 we

1906 2347 54 24 wish
1979 2355 62 16 more
2061 2347 129 25 Chinchilla
2214 2349 53 24 than
2289 2349 117 32 Leghorn,
2428 2359 64 16 more

1905 2380 81 25 flannel
2009 2380 53 25 than
2082 2381 79 29 calico,
2179 2390 63 16 more
2259 2382 62 32 plaid
2342 2384 54 23 than
2416 2392 76 24 crape,

1905 2422 62 16 more
1979 2415 60 31 piety
2052 2415 54 23 than
2125 2415 105 31 prudery,
2245 2424 60 15 more
2322 2417 102 31 patience
2437 2418 56 24 than

1906 2448 125 31 petulance,
2044 2456 62 16 more
2127 2448 40 24 red
2186 2449 84 23 cheeks
2291 2450 54 24 than
2364 2450 73 25 naked
2457 2452 34 23 el-

1906 2481 61 24 bows
1976 2490 7 20 ;
1997 2481 43 24 aud
2052 2481 75 31 lastly,
2140 2490 14 15 a
2166 2483 110 31 complete
2288 2484 85 31 victory
2386 2492 55 16 over
2452 2485 39 24 old

1939 2549 23 23 A
1984 2556 84 18 great
2086 2557 174 18 difference.
2273 2563 33 6 —
2319 2551 24 25 A
2359 2551 132 32 gentleman

1905 2582 123 32 belonging
2047 2589 23 17 to
2093 2584 116 31 Glasgow,
2229 2592 45 16 was
2297 2586 39 23 the
2359 2586 65 23 other
2447 2586 45 31 day

1905 2616 78 31 giving
1994 2616 44 24 and
2049 2623 96 17 account
2165 2624 22 17 to
2206 2619 36 22 his
2261 2626 55 16 cara
2334 2626 68 24 sposa
2414 2619 26 24 of
2455 2619 37 24 the

1906 2650 137 23 dimensions
2061 2650 25 24 of
2108 2650 38 24 the
2167 2654 99 21 monstre
2285 2652 105 31 chimney
2409 2657 23 19 at
2453 2653 36 23 St.

1906 2682 91 29 llollox,
2010 2685 150 29 mentioning,
2170 2690 23 17 at
2206 2685 38 23 the
2256 2692 62 17 same
2332 2686 62 28 time,
2405 2686 88 24 several

1905 2716 79 23 details
2003 2717 122 23 connected
2145 2718 55 23 with
2218 2718 31 23 its
2261 2719 108 28 erection,
2388 2719 45 24 and
2453 2719 39 25 the

1904 2750 145 30 magnificent
2061 2757 105 25 prospect
2184 2758 23 17 to
2226 2751 28 24 be
2273 2752 96 32 enjoyed
2386 2753 59 23 from
2459 2753 30 24 its

1905 2784 100 28 summit,
2048 2784 94 31 During
2161 2784 37 24 the
2216 2786 165 28 conversation,
2401 2786 29 24 he
2451 2794 41 16 ex-

1906 2817 91 31 pressed
2009 2817 36 24 his
2053 2818 112 24 intention
2178 2818 26 23 of
2212 2818 81 30 taking
2304 2827 30 15 an
2345 2820 148 31 opportunity

1906 2850 25 23 of
1941 2850 94 31 making
2047 2851 38 23 the
2097 2857 79 18 ascent
2187 2852 25 23 of
2226 2852 37 24 the
2275 2852 114 31 chimney,
2402 2853 40 24 but
2455 2853 38 24 the

1906 2883 52 31 lady
1983 2885 105 31 strongly
2110 2884 45 24 and
2181 2885 167 32 affectionately
2371 2886 123 24 dissuaded

1906 2917 47 23 him
1971 2917 57 23 from
2050 2918 113 31 exposiug
2181 2918 96 24 himself
2299 2924 23 18 to
2342 2926 46 24 any
2409 2919 85 32 danger

1906 2949 72 24 which
2000 2951 74 31 might
2101 2951 26 23 be
2148 2952 107 23 incurred
2277 2952 24 23 in
2325 2952 39 24 the
2386 2956 105 28 attempt.

1906 2983 47 24 She
1964 2984 66 23 could
2042 2989 39 19 not
2101 2984 28 23 be
2148 2985 101 23 satisfied
2267 2993 61 24 upon
2346 2993 45 24 any
2403 2986 91 31 ground

1906 3016 49 24 that
1963 3017 72 31 going
2045 3022 23 19 to
2080 3025 14 16 a
2104 3017 80 31 height
2197 3018 25 23 of
2230 3020 50 22 450
2291 3020 44 23 feet
2342 3019 23 24 in
2373 3027 15 16 a
2400 3019 92 29 bucket,

1907 3049 51 24 with
1977 3058 14 15 a
2010 3050 171 31 landing-place
2200 3052 132 31 apparently
2344 3052 54 31 only
2417 3061 15 15 a
2451 3053 43 23 few

1906 3083 45 24 feet
1960 3083 25 24 in
1996 3083 116 30 diameter,
2125 3084 66 24 could
2214 3085 27 23 be
2258 3085 168 31 accomplished
2439 3085 55 26 with

1906 3116 110 32 anything
2026 3117 48 24 like
2087 3116 82 33 safety.
2204 3118 34 24 At
2249 3118 87 32 length,
2350 3124 22 20 to
2385 3118 109 26 diminish

1906 3151 40 23 her
1955 3149 69 30 fears,
2037 3150 38 26 the
2096 3150 103 27 husband
2220 3151 129 25 mentioned
2371 3152 38 25 the
2426 3160 66 18 name

1905 3183 27 24 of
1946 3191 13 16 a
1977 3184 97 24 married
2091 3186 164 30 acquaintance
2277 3186 26 23 of
2317 3185 44 30 his,
2378 3186 49 24 who
2449 3186 45 24 had

1907 3217 55 24 been
1974 3218 87 23 carried
2079 3222 23 19 to
2124 3217 40 24 the
2183 3223 49 27 top-
2241 3218 25 24 of
2282 3219 38 23 the
2338 3219 70 29 stalk,
2428 3219 67 24 when

1906 3250 40 24 she
1963 3250 94 32 quickly
2075 3251 102 32 rejoined
2179 3264 33 5 —
2304 3252 42 24 but
2366 3261 45 22 you
2427 3252 67 25 know

1906 3283 36 24 his
1953 3283 38 24 life
2003 3284 20 24 is
2035 3283 99 30 insured,
2147 3285 44 23 and
2202 3285 50 24 that
2264 3285 79 24 makes
2357 3286 30 23 all
2398 3285 38 24 the
2448 3285 45 25 dif-

1904 3317 89 24 ference
2005 3318 23 23 in
2040 3317 39 24 the
2091 3318 69 24 world
2170 3319 6 25 !
2200 3331 35 5 —
2238 3318 106 32 Glasgow
2356 3318 104 25 Courier.

1938 3350 26 25 It
1984 3351 102 31 requires
2108 3351 40 24 the
2167 3351 85 33 faculty
2270 3353 26 22 of
2311 3352 181 25 discrimination

1905 3384 25 23 in
1940 3391 30 17 no
1978 3384 106 31 ordinary
2100 3383 84 32 degree
2201 3390 24 19 to
2240 3386 129 31 appreciate
2379 3386 115 32 .properly

1904 3415 39 26 the
1954 3417 83 24 talents
2048 3417 25 24 of
2088 3417 66 26 those
2165 3419 75 25 whom
2251 3426 33 17 we
2296 3419 62 24 have;
2364 3417 84 26 known
2466 3419 26 24 in

1904 3450 63 33 early
1977 3450 47 30 life,
2036 3451 46 27 and
2099 3450 57 27 thus
2176 3452 19 24 it
2213 3452 29 29 is,
2261 3452 51 26 that
2327 3448 94 37 parents
2437 3452 58 25 have

1903 3483 116 32 generally
2042 3493 14 16 a
2073 3485 70 24 lower
2161 3486 93 32 opinion
2269 3485 27 25 of
2310 3486 40 24 the
2360 3484 99 26 abilities
2469 3485 27 24 of

1904 3517 59 25 their
1974 3516 103 28 children
2089 3518 55 25 than
2158 3523 125 28 strangers,
2301 3518 105 25 however
2423 3517 71 26 much

1903 3550 54 32 they
1968 3558 53 24 may
2031 3559 55 17 over
2102 3552 107 25 estimate
2229 3553 64 24 there
2310 3550 72 27 moral
2400 3551 75 25 worth
2483 3560 9 21 ;

1904 3583 98 26 Fathers
2012 3592 49 22 are,
2070 3593 30 17 no
2119 3584 80 31 doubt,
2216 3584 75 35 proud
2311 3584 26 25 of
2359 3582 61 26 their
2437 3592 56 18 sons

1904 3617 49 25 who
1983 3617 90 33 display
2094 3617 89 31 talent;
2210 3618 43 25 but
2274 3617 55 33 only
2350 3615 61 27 until
2438 3617 56 34 they

1903 3650 93 26 become
2003 3650 140 26 sensibhTof
2156 3651 60 25 their
2226 3650 138 32 superiority
2374 3654 24 21 to
2416 3650 76 26 them-

1903 3684 83 30 selves,
1997 3684 46 25 and
2052 3684 63 29 then,
2129 3684 30 25 oh
2166 3685 8 25 !
2184 3684 115 25 invidious
2309 3683 87 25 hnman
2402 3689 91 25 nature,

1903 3717 54 32 they
1967 3718 92 24 become
2067 3716 100 33 jealous,
2179 3717 46 25 and
2234 3715 63 27 often
2307 3723 81 19 averse
2396 3722 25 20 to
2428 3718 68 26 those

1904 3749 54 32 they
1967 3758 57 17 once
2033 3751 54 24 best
2096 3750 67 25 lovea
2171 3743 46 32 I>T
2226 3760 4 4 •
2257 3748 25 33 Jl

2109 3807 175 25 FREIGHTS.

1322 2228 57 24 The
1403 2227 113 24 Yankee
1542 2227 155 24 Geologist.
1704 2240 34 5 —
1743 2227 50 24 The
1817 2226 56 25 New

1290 2261 65 24 York
1379 2259 97 26 Tribune
1504 2260 63 31 gives
1591 2260 38 23 the
1659 2269 66 16 name
1748 2261 25 23 of
1824 2260 50 24 The

1290 2295 96 24 Yankee
1556 2300 23 17 to
1591 2294 37 23 the
1643 2295 117 31 ingenious
1773 2293 102 25 machine

1292 2328 69 23 which
1372 2328 19 23 it
1402 2327 114 24 describes
1528 2328 23 23 in
1563 2327 37 24 the
1613 2328 103 23 annexed
1728 2328 76 23 article
1816 2336 5 15 :—:
1824 2340 33 4 —

1320 2359 38 22 We
1375 2358 53 30 pud
1447 2366 14 13 a
1475 2358 71 28 flying
1561 2358 49 22 visit
1625 2366 29 15 on
1670 2359 109 27 Saturday
1797 2359 41 21 last
1855 2362 21 18 to

1315 2386 67 22 Oris's
1393 2386 73 21 Steam
1641 2387 23 21 in
1675 2386 119 27 Brooklyn,
1806 2385 70 23 where

1290 2414 17 21 it
1317 2414 17 21 is
1351 2417 22 18 at
1391 2413 65 25 work,
1474 2412 93 28 digging
1577 2413 64 21 dowi
1661 2413 36 22 the
1716 2413 38 22 hill
1771 2413 105 26 formerly

1290 2441 77 21 known
1379 2447 24 15 as
1414 2439 52 21 Fort
1473 2440 82 26 Green,
1567 2439 44 22 and
1619 2439 73 28 filling
1699 2448 30 18 up
1738 2441 37 21 the
1786 2439 88 22 shallow

1289 2467 55 22 inlet
1361 2465 46 23 and
1420 2467 115 26 quagmire
1549 2466 93 22 entitled
1657 2467 38 21 the

1290 2502 25 14 or
1324 2501 24 15 so
1358 2493 66 22 much
1434 2493 25 21 of
1471 2494 19 20 it
1499 2500 23 14 as
1539 2493 38 22 lie*
1595 2493 69 23 above
1681 2493 38 23 the
1729 2493 37 23 old
1781 2494 52 22 roal
1851 2499 22 16 to

1290 2520 113 27 Flushing.
1431 2520 48 21 The
1494 2520 14 10 '*
1670 2521 20 21 is
1706 2521 72 26 surely
1792 2528 13 14 a
1814 2525 64 23 great

1290 2547 110 31 curiosicy.
1430 2546 36 22 He
1476 2546 68 23 walk*
1559 2547 58 27 right
1633 2547 47 23 into
1695 2555 14 14 a
1725 2552 113 18 mountain
1852 2555 25 14 as

1290 2575 82 27 thuujli
1384 2574 17 21 it
1414 2581 54 14 were
1479 2581 14 14 a
1503 2573 59 28 plate
1572 2575 25 21 of
1607 2573 40 23 hot
1658 2575 73 26 cakes,
1747 2575 43 22 and
1802 2574 47 28 dips
1859 2575 18 21 it

1290 2610 37 19 up,
1335 2610 14 14 a
1356 2600 94 23 cartload
1460 2604 23 18 at
1490 2607 14 15 a
1511 2601 116 27 shovelful,
1635 2608 24 15 as
1666 2602 45 21 fast
1716 2608 24 16 as
1744 2609 44 20 you
1795 2602 73 26 please

1290 2629 36 22 He
1341 2633 48 17 cuts
1403 2628 59 27 rignt
1487 2629 45 21 and
1546 2630 40 20 left
1604 2634 13 15 a
1633 2628 53 27 path
1701 2636 61 15 some
1777 2629 35 21 six
1826 2628 51 22 rods

1290 2656 55 22 wide
1356 2655 96 26 through,
1468 2654 38 22 the
1523 2655 46 25 hill,
1586 2655 46 21 and
1651 2656 52 21 then
1723 2655 61 23 takes
1799 2663 15 14 a
1828 2662 47 15 new

1288 2682 77 22 swath,
1397 2682 34 22 lie
1442 2689 19 14 is
1471 2681 140 27 locomotive,
1627 2682 44 22 and
1683 2682 110 22 advances
1803 2683 29 26 by
1843 2682 34 22 his

1290 2717 49 15 own
1349 2713 70 19 steam
1435 2715 84 21 power;
1539 2709 120 22 whenever
1668 2709 38 22 the
1716 2709 62 22 earth
1793 2710 38 21 has
1843 2716 34 14 re-

1290 2737 68 22 ceded
1367 2736 76 21 before
1455 2736 44 21 him
1511 2736 26 22 he
1548 2735 80 27 grades
1635 2737 44 21 and
1689 2737 73 21 stakes
1769 2737 63 21 down
1841 2736 35 22 for

1290 2763 99 26 himself;
1410 2762 44 22 and
1469 2762 54 28 only
1539 2770 99 21 requires
1657 2770 43 15 one
1714 2770 52 15 man
1786 2768 23 16 to
1824 2763 54 22 tend

1289 2791 85 26 shovel,
1389 2789 46 22 and
1450 2788 92 24 another
1558 2793 23 19 to
1595 2789 52 23 look
1662 2791 56 21 after
1730 2791 36 21 the
1777 2789 38 23 fire
1831 2789 45 23 and

1290 2819 86 26 engine,
1387 2817 84 27 though
1482 2823 45 16 one
1535 2823 25 15 or
1577 2821 42 17 two
1630 2817 74 22 ochers
1718 2824 37 15 are
1764 2817 113 28 generally

1291 2844 115 28 employed
1421 2848 22 17 to
1454 2843 86 23 smooth
1559 2843 37 22 the
1607 2844 62 22 track
1687 2844 74 22 before
1772 2845 52 25 him,
1835 2844 41 22 &c.

1292 2871 84 22 bejidt-s
1387 2871 37 21 the
1433 2874 64 23 carts,
1509 2870 70 22 which
1589 2871 112 27 approach
1711 2876 23 17 to
1744 2872 26 21 be
1781 2871 59 21 filled
1847 2877 29 15 on

1290 2906 42 14 one
1344 2898 40 23 rail
1395 2897 60 23 track
1466 2896 45 24 aud
1520 2905 29 20 go
1560 2897 34 22 off
1601 2897 81 23 loaded
1693 2898 28 27 by
1731 2897 99 22 another.

1318 2925 26 22 If
1350 2925 27 22 he
1386 2930 73 16 comes
1469 2928 22 18 to
1502 2931 14 15 a
1526 2927 64 19 stone
1599 2924 110 29 weighing
1719 2924 52 28 only
1781 2932 12 14 a
1804 2929 38 17 ton
1852 2931 26 15 or

1290 2953 54 20 such
1353 2960 14 13 a
1377 2955 85 22 matter,
1473 2950 38 22 the
1518 2951 117 27 Geologist
1666 2956 75 17 nvtk.es
1752 2960 29 13 uo

1290 2979 27 21 of
1334 2979 24 26 it,
1374 2979 44 21 -but
1426 2978 85 28 pitches
1526 2979 19 21 it
1554 2977 46 23 into
1610 2978 37 22 the
1657 2982 48 18 cart
1714 2977 45 23 like
1767 2985 12 15 a
1789 2978 56 27 peck
1855 2977 25 23 of

1290 3006 82 27 gravel.
1402 3005 24 22 It'
1440 3005 27 21 he
1478 3011 74 16 comes
1570 3009 21 17 to
1601 3012 15 14 a
1625 3008 62 18 stone
1699 3003 108 29 weighing
1816 3012 60 15 some

1290 3034 49 21 four
1349 3039 25 15 or
1383 3031 43 22 five
1435 3034 58 23 tons,
1513 3032 28 21 he
1557 3032 63 21 takes
1635 3031 45 22 him
1699 3038 28 22 up
1743 3038 60 16 more
1812 3038 63 16 care-

1290 3059 61 29 fully,
1368 3059 44 22 and
1426 3058 50 28 lays
1491 3057 46 23 him
1555 3062 38 18 out
1606 3058 39 23 the
1661 3057 71 24 other,
1739 3059 48 22 side
1803 3058 26 23 of
1842 3058 35 22 his

1290 3089 59 25 path.
1378 3085 39 23 All
1426 3087 43 20 this
1480 3085 118 22 isfctfecied
1607 3085 30 28 by
1645 3092 28 15 an
1683 3087 106 20 immense
1800 3085 76 22 shovel

1292 3114 50 22 with
1351 3120 14 15 a
1375 3112 82 28 sliding
1464 3113 92 26 bottom,
1567 3117 23 17 at
1595 3111 38 23 the
1644 3111 46 24 end
1697 3113 25 22 of
1729 3120 28 14 an
1767 3113 109 22 immense

1290 3140 47 23 and
1346 3139 141 29 conplicated
1502 3146 56 20 arm,
1570 3139 89 22 worked
1676 3139 28 28 by
1715 3140 68 22 much
1792 3140 85 27 ingeni-

1290 3175 40 15 ous
1341 3167 45 23 and
1396 3167 67 22 novel
1474 3166 135 28 machinery.

1316 3194 48 23 The
1379 3194 104 21 inventor
1496 3193 20 23 is
1535 3200 49 15 now
1600 3193 66 23 dead.
1703 3193 48 24 The
1756 3200 121 21 .company

1290 3227 62 22 spent
1362 3220 191 28 thirty-thousand
1561 3220 82 23 dollars
1649 3227 59 22 upon
1719 3221 36 21 the
1762 3220 114 23 invention

1292 3248 73 22 before
1381 3248 36 21 the
1426 3247 49 23 first
1489 3248 102 21 muchine
1602 3254 44 15 was
1662 3248 72 26 make,
1751 3248 44 21 and
1809 3247 67 22 much

1289 3282 59 15 more
1365 3273 136 24 afterwards.
1536 3274 48 23 Tne
1600 3278 78 23 patent
1694 3274 82 26 (winch
1793 3281 19 16 v
1828 3280 49 16 now

1289 3301 93 23 secured
1393 3301 133 27 throughout
1540 3301 98 27 Europe)
1656 3301 20 22 is
1690 3300 105 29 probabjy
1806 3302 70 21 worth

1289 3336 14 15 a
1309 3328 86 23 million
1404 3328 25 22 of
1435 3327 88 23 dollars.
1549 3329 37 21 An
1619 3328 126 23 Excavator
1752 3327 6 9 '
1767 3327 110 28 complete

1289 3360 57 18 costs
1360 3355 68 22 about
1437 3356 64 25 6,000
1509 3354 89 27 dollars,
1613 3354 46 23 and
1669 3354 44 23 will
1722 3354 38 28 dig
1770 3355 46 22 and
1826 3354 50 23 load

1290 3384 61 26 1,000
1358 3382 63 23 cubic
1431 3381 67 27 yards
1506 3382 24 22 of
1539 3381 63 22 earth
1612 3388 40 22 per
1661 3381 137 29 day—equal
1806 3386 23 17 to
1839 3381 37 22 the

1287 3409 79 23 labour
1375 3408 27 23 of
1414 3410 40 21 150
1468 3415 63 20 men-;
1549 3415 63 16 cares
1628 3408 95 28 nothing
1732 3408 36 23 for
1786 3408 50 23 cold
1851 3415 26 16 or

1288 3436 58 28 heat,
1363 3436 48 22 rain
1422 3443 26 15 or
1455 3435 44 22 fair
1509 3436 103 26 weather,
1628 3434 40 24 but
1676 3442 54 21 goes
1739 3443 19 14 a-
1763 3434 60 24 head
1831 3434 45 25 and

1288 3463 74 22 minds
1370 3463 28 21 its
1407 3469 49 15 own
1467 3462 100 23 business
1579 3462 96 28 through
1685 3462 36 23 all.
1730 3468 6 6 '

1316 3490 120 23 Bavarian
1446 3488 95 23 Temm-e
1555 3496 27 15 of
1593 3488 89 24 Glob*.
1683 3500 28 6 —
1711 3489 23 23 A
1743 3488 66 25 letter
1817 3488 60 24 from

1288 3515 96 24 Munich
1399 3516 100 22 contains
1513 3516 38 21 the
1570 3515 115 28 following
1750 3515 48 24 The
1816 3516 60 23 Wal-

1287 3542 68 27 halla,
1372 3550 24 15 or
1410 3542 95 27 Temple
1515 3542 26 22 of
1554 3541 79 29 Glory,
1647 3542 73 25 which
1735 3542 37 23 the
1783 3542 61 28 King
1853 3543 27 22 of

1288 3571 87 22 Bavara
1384 3569 93 23 ordered
1486 3572 23 19 to
1519 3570 29 22 be
1554 3570 148 27 constructed,
1714 3570 39 22 has
1759 3568 49 28 ju3t
1817 3570 59 23 been

1288 3596 140 27 terminated,
1443 3596 46 22 and
1505 3596 90 28 already
1605 3597 42 22 200
1656 3596 52 24 bust
1716 3596 26 23 of
1753 3596 123 24 illustrious

1288 3624 117 24 Germans,
1420 3622 35 23 for
1471 3622 75 23 whom
1562 3623 35 22 his
1616 3623 98 29 Majerty
1728 3623 42 24 has
1787 3623 92 24 himself

1287 3650 117 30 composed
1423 3650 38 22 the
1478 3649 150 29 inscriptions,
1653 3650 58 24 have
1729 3650 57 23 been
1804 3649 71 24 there.

1287 3678 46 23 The
1355 3676 111 23 Walhalla
1482 3676 27 28 is,
1531 3677 93 23 without
1642 3677 170 27 contradiction,
1836 3678 39 23 the

1283 3706 100 31 greatest
1392 3704 79 22 edifice
1480 3708 22 17 at
1515 3706 92 26 present
1615 3704 96 28 existing
1718 3704 24 23 in
1753 3703 122 28 Germany.

1287 3731 23 23 It
1327 3731 21 23 is
1362 3729 96 24 situated
1475 3737 28 15 on
1518 3737 15 16 a
1542 3734 62 24 steep
1619 3731 59 28 lock,
1694 3732 42 22 304
1754 3730 44 23 feet
1813 3730 61 29 high,

1287 3757 58 23 close
1361 3760 23 19 to
1399 3757 39 23 the
1451 3757 42 22 left
1508 3756 61 24 bank
1574 3780 3 4 .
1584 3756 27 23 of
1622 3757 39 24 the
1676 3756 103 29 Danube,
1795 3758 26 22 in
1837 3758 39 23 the

1287 3782 184 30 neighbourhood
1489 3784 28 22 of
1532 3784 184 28 Donanahaufen,
1739 3787 44 20 two
1800 3784 76 23 hours'

1283 3811 98 28 journey
1393 3810 61 23 from
1468 3810 118 28 Ratisbon,
1602 3811 47 22 and
1662 3810 99 28 opposite
1776 3810 38 25 the
1827 3810 49 30 pic*

1282 3842 107 24 4ut«sque
1396 3838 61 23 ruins
1464 3837 27 22 of
1497 3838 40 23 the
1544 3838 89 23 fortress
1638 3838 28 23 of
1671 3836 78 29 Ham?,
1754 3836 74 26 which
1836 3845 40 16 are

1288 3872 35 16 oil
1326 3863 41 26 the
1375 3864 64 23 other
1450 3862 63 25 bank
1521 3864 27 23 of
1560 3862 40 23 the
1612 3864 68 23 river.
1706 3864 48 25 The
1763 3863 114 24 Walhalla

1286 3892 23 22 is
1315 3890 112 28 rs&edyon
1440 3890 64 25 three
1520 3894 108 23 terraces,
1644 3890 88 24 formed
1745 3897 44 16 one
1804 3891 72 24 above

1287 3918 38 23 the
1339 3917 71 27 other,
1424 3916 113 25 immense
1549 3916 80 23 blocks
1638 3916 28 24 of
1676 3916 111 25 unhewen
1800 3920 75 24 stone,

1283 3943 81 30 joiae4
1374 3942 102 32 together
1489 3942 94 26 without
1596 3946 97 23 cement
1720 3942 50 26 The
1777 3944 59 25 form
1850 3944 29 24 of

674 2668 207 28 PECUNIARY
897 2671 112 24 CRISIS
1031 2671 39 25 IN
1087 2671 168 25 AMERICA.

706 2708 52 25 The
769 2709 116 32 following
896 2710 67 24 letter
973 2716 105 26 presents
1090 2719 14 16 a
1115 2711 146 32 remarkably

673 2742 60 24 vivid
746 2742 43 24 and
805 2748 49 22 true
867 2744 86 31 picture
965 2746 26 22 of
1007 2745 38 23 tiie
1062 2744 110 24 financial
1189 2746 72 22 situa-

674 2775 47 23 tion
740 2777 25 22 of
791 2776 39 24 the
849 2776 89 25 United
960 2777 80 25 States
1062 2784 25 18 at
1108 2779 39 24 the
1170 2784 91 26 present

674 2808 54 24 time
737 2818 7 14 :
746 2821 36 6 —

854 2843 55 25 New
921 2844 75 30 York,
1008 2845 96 31 August
1116 2845 23 30 7,
1154 2846 75 24 1842.

849 2877 27 23 of
890 2878 82 23 'Hard
985 2880 68 22 times
1059 2880 7 9 1
1087 2880 41 22 has
1146 2884 41 18 not
1206 2878 56 25 been

673 2915 26 16 so
717 2907 54 25 loud
782 2908 37 24 for
832 2917 68 24 many
911 2919 64 23 years
986 2920 26 15 as
1025 2913 18 23 it
1054 2913 20 23 is
1085 2918 24 18 at
1121 2912 39 24 the
1172 2918 91 26 present

674 2941 63 25 lime.
784 2942 50 24 The
858 2943 57 29 rich,
934 2952 26 15 as
977 2946 52 23 well
1047 2954 25 16 as
1092 2946 39 23 thfc
1142 2953 63 24 poor,
1220 2946 43 24 feel

673 2974 80 33 deeply
767 2975 38 24 the
814 2977 95 30 general
921 2976 131 32 depression
1071 2979 73 24 which
1163 2978 100 32 prevails

673 3008 140 32 throughout
834 3009 39 25 the
893 3015 104 26 country.
1045 3012 144 29 Merchants,
1212 3020 51 16 me-

672 3041 101 30 chanics,
785 3042 44 24 and
842 3045 135 31 operatives,
990 3044 59 25 from
1067 3045 39 24 the
1126 3045 93 33 highest
1238 3051 22 18 to

673 3074 38 25 the
721 3075 80 25 lowest
812 3075 94 31 classes,
924 3085 39 17 are
981 3078 132 33 struggling
1123 3080 91 31 against
1226 3078 37 26 the

671 3108 110 26 disasters
793 3110 74 25 which
877 3111 58 24 have
946 3112 102 32 recently
1061 3120 63 17 come
1144 3120 61 24 upon,
1224 3112 39 25 the

672 3143 76 24 nation
761 3145 24 22 in
798 3144 65 33 rapid
881 3146 140 29 succession,
1039 3146 109 31 reducing
1168 3147 19 23 it
1203 3146 59 24 from

671 3183 29 17 an
712 3177 105 24 artificial
825 3178 126 32 prosperity
960 3184 22 19 to
994 3187 14 16 a
1017 3184 60 19 state
1085 3179 25 24 of
1120 3179 142 33 bankruptcy

671 3210 44 23 and
728 3211 60 24 ruin.
832 3210 51 26 The
901 3211 105 25 facilities
1022 3214 35 22 for
1069 3213 120 32 obtaining
1199 3213 64 30 large

671 3242 66 25 loans
744 3244 24 23 in
780 3243 110 32 England
901 3253 60 23 upon
970 3247 99 23 nominal
1078 3247 118 24 securities
1206 3245 57 26 have

672 3276 56 24 been
739 3276 36 25 for
784 3278 89 24 several
883 3286 69 23 years,
960 3285 52 24 past
1023 3287 25 16 so
1061 3288 63 23 easy,
1138 3281 39 23 the
1194 3280 67 23 ruin-

671 3317 42 17 ous
724 3316 86 25 system
822 3311 28 23 of
863 3313 107 29 granting
982 3313 55 31 long
1047 3313 85 24 credits
1151 3314 23 23 in
1193 3320 69 25 every

671 3342 85 26 branch
768 3344 27 24 of
809 3344 72 30 trade,
890 3344 45 24 and
947 3346 39 22 the
997 3346 98 31 rapidity
1115 3346 55 24 with
1188 3346 74 25 which

671 3376 102 25 fortunes
786 3377 57 24 have
856 3378 55 25 been
923 3379 66 24 made
1001 3380 24 23 in
1033 3379 161 33 speculations,
1205 3379 57 26 have

670 3409 30 24 all
712 3410 83 24 tended
807 3416 24 19 to
843 3412 67 24 make
923 3412 38 24 the
973 3412 81 33 people
1066 3413 87 25 believe
1161 3413 51 24 that
1222 3413 39 25 the

671 3443 76 25 nation
761 3452 51 18 was.
817 3445 71 31 really
901 3446 22 23 in
936 3453 14 16 a
968 3453 63 17 more
1047 3454 139 24 prosperous
1205 3454 56 16 con-

670 3476 71 25 dition
754 3477 56 24 than
824 3485 43 24 ar.y
880 3478 64 24 other
953 3486 30 16 on
992 3479 40 25 the
1043 3480 50 24 face
1104 3480 27 24 of
1138 3480 38 24 the
1183 3479 77 31 globe.

671 3508 59 26 This
741 3510 70 24 belief
827 3511 37 24 led
877 3512 112 31 naturally
1004 3517 23 20 to
1045 3520 30 17 an
1094 3518 167 26 extravagance

670 3542 23 23 in
711 3544 143 31 everything,
876 3544 75 25 which
968 3553 56 17 noon
1037 3546 97 24 reached
1146 3547 59 23 from
1217 3553 44 17 one

670 3575 67 26 circle
750 3583 23 18 to
787 3578 104 29 another,
911 3578 36 24 till
965 3578 31 25 all
1014 3579 87 25 classes
1118 3579 71 25 found
1212 3579 49 26 that

671 3608 57 25 their
739 3611 151 30 expenditure
902 3618 58 18 were
970 3612 37 24 far
1017 3618 91 27 greater
1121 3613 28 25 in
1165 3617 96 21 amount

671 3642 52 24 than
734 3643 60 25 their
805 3644 109 25 incomes.
956 3645 79 32 Large
1053 3645 67 25 debts
1132 3646 59 24 have
1202 3646 57 24 been

670 3677 142 32 unnessarily
825 3678 128 26 contracted
964 3679 93 29 abroad,
1076 3680 102 32 pay-day
1197 3687 62 17 came

669 3709 80 31 round,
761 3711 44 24 and
816 3710 39 25 the
864 3711 129 26 merchants
1001 3713 26 24 of
1036 3712 39 25 the
1083 3713 105 24 Atlantic
1195 3713 64 24 cities

668 3744 125 31 attempted
822 3748 24 20 to
875 3744 80 26 collect
983 3746 60 24 their
1059 3745 58 25 dues
1138 3746 61 25 from
1221 3744 39 26 the

669 3775 129 26 merchants
817 3776 27 26 of
859 3777 38 25 the
914 3778 98 25 interior,
1027 3783 73 20 states
1109 3787 9 22 ;
1136 3778 46 25 and
1193 3777 66 26 when

668 3809 54 31 they
740 3810 25 24 in
788 3814 54 21 turn
864 3810 71 26 called
954 3819 64 24 upon
1047 3811 60 25 their
1134 3819 125 17 numerous

667 3842 101 31 debtors,
779 3847 24 21 to
814 3843 60 25 their
885 3844 169 25 astonishment
1064 3843 56 33 they
1128 3845 75 24 found
1210 3843 50 27 that

666 3875 45 24 few
721 3883 27 18 or
758 3884 31 18 no
800 3871 134 35 collections
944 3878 69 24 could
1028 3878 30 27 be,
1069 3878 76 24 .made
1153 3878 8 24 !
1207 3876 52 26 The

666 3908 67 25 effect
744 3909 28 25 of
780 3909 53 28 ,thfe
844 3909 95 26 reached
950 3910 43 26 the
1003 3910 109 26 Atlantic
1121 3908 136 33 /merchant,

666 3941 45 24 and
722 3946 75 28 swept
804 3942 93 25 onward
907 3946 25 21 to
951 3942 40 25 the
1014 3942 104 34 English
1139 3944 119 26 manufaci-

670 3984 34 18 "•""'•'"
716 3988 26 22 •>.
805 3994 12 11 *■
967 4003 5 3 -
989 4001 4 2 -
1050 4006 3 4 .
1109 4007 3 3 ,
1204 3986 11 24 '.
1245 3996 2 6 '

86 724 66 23 Kino
175 724 68 23 Peel.
253 735 28 5 —
291 724 102 28 Imagine
417 726 36 21 the
478 725 163 22 consternation

59 750 74 23 which
144 750 38 22 fell
199 758 58 15 uuon
269 751 36 22 the
320 751 59 25 Tory
391 751 96 22 benches
497 759 27 14 on
535 750 108 24 Wednes-

60 778 44 27 day
114 777 71 27 night,
199 778 60 21 when
278 777 59 23 Lord
353 778 146 26 Palmerston,
510 778 98 26 alluding
620 783 23 17 to

60 804 37 22 the
115 807 114 25 prospects
247 804 72 23 which
339 812 57 15 were
415 805 86 27 opened
522 809 20 17 to
563 805 80 23 British

60 838 126 15 commerce
205 830 27 33 b*y
248 832 37 21 the
303 832 72 27 policy
393 832 95 26 adopted
506 832 26 27 by
546 831 36 23 ihe
598 832 45 22 late

60 861 148 25 government
217 865 22 15 in
252 858 163 28 Affgnanistan,
426 858 113 23 described
548 858 18 22 it
575 867 22 14 as
631 868 12 13 a

59 884 73 29 policy
145 884 71 23 which
226 885 38 22 the
277 891 87 21 present
373 889 147 24 government
530 885 64 22 could
603 891 40 17 not

60 912 111 26 abandon,
190 919 23 14 as
232 913 18 21 it
264 912 52 22 had'
326 912 110 27 virtually,
452 912 44 22 and
517 913 25 27 by
557 920 14 14 a
588 917 55 18 most

59 938 128 28 expressive
202 944 44 22 act,
257 939 100 27 signified
372 939 58 22 their
445 940 101 28 approval
562 940 25 21 of
599 941 16 21 it
618 952 26 4 —

58 965 93 27 having,
180 965 81 23 almost
287 966 151 28 immediately
462 973 58 21 upon
542 968 101 26 entering

60 992 71 26 office,
149 994 117 26 requested
285 989 192 36 LordjrAucklnnd
490 999 22 16 to
524 993 67 22 retain
606 995 37 21 the

60 1020 263 27 governor-generalship
332 1018 36 24 'of
386 1020 63 22 India
521 1020 65 22 Amid
606 1021 38 22 the

60 1046 166 21 consternation
244 1047 44 20 and
308 1047 135 21 excitement
464 1047 73 22 visible
558 1055 27 14 on
606 1048 38 22 the

60 1071 58 27 Tory
135 1070 99 23 benches
250 1076 22 17 at
288 1072 43 21 this
346 1073 159 22 unlooked-for
518 1081 126 15 announce-

60 1102 69 22 ment,
141 1098 18 21 it
168 1104 44 15 was
223 1103 37 16 not
270 1105 13 15 a
293 1098 55 21 little
359 1099 103 25 amusing
478 1105 20 16 to
511 1102 83 20 witness
606 1101 37 22 the

60 1124 126 28 expressive
210 1125 79 22 tokens
308 1125 27 20 of
349 1125 133 27 incredulity
499 1127 43 21 and
561 1126 84 23 d'ssent

60 1150 73 23 which
143 1151 35 22 Sir
187 1150 77 23 Jninen
274 1150 99 23 Graham
385 1152 125 26 exlubired;
525 1161 23 12 as
559 1152 84 30 though

60 1178 30 23 he
101 1185 43 14 was
154 1177 123 28 absolutely
287 1178 124 22 astounded
420 1184 22 15 at
453 1178 37 23 the
500 1178 144 23 recklessness

61 1205 27 22 of
95 1205 106 22 assertion
213 1204 72 23 which
295 1204 67 23 could
378 1205 52 27 only
440 1205 52 27 give
501 1210 110 18 utterance
622 1211 21 17 to

62 1239 13 15 a
86 1231 136 22 declaration
233 1239 24 14 so
268 1232 79 26 utterly
359 1232 110 23 destitute,
482 1237 37 17 not
528 1233 82 27 merely
621 1234 26 21 of

61 1259 68 25 truth,
140 1258 43 21 but
189 1258 25 21 of
222 1258 139 26 probability.
366 1269 3 5 •
391 1258 59 23 Lord
459 1258 132 23 Palmerston
600 1267 44 14 saw

62 1286 45 21 and
127 1284 69 23 heard
213 1285 35 22 the
267 1285 129 26 disclaimer,
415 1285 51 25 and,
487 1286 105 25 directing
610 1286 35 22 his

62 1312 81 28 speech
160 1312 80 21 toward
258 1312 35 21 the
308 1312 59 25 ri^ht
382 1313 52 21 lion,
446 1312 65 23 home
525 1319 118 21 secretary,

62 1339 124 22 exclaimed
187 1350 28 4 —
217 1340 14 9 '"
239 1339 44 22 Did
292 1340 36 20 tlie
336 1338 58 28 right
403 1340 50 21 hon.
464 1340 89 21 baronet
559 1340 86 26 dLpute

62 1366 36 22 the
111 1368 42 19 (act
166 1365 97 26 (cheers)
272 1366 48 21 that
332 1366 36 22 the
381 1366 111 22 ('resident
499 1366 22 22 of
528 1366 37 22 the
575 1367 69 22 Hoard

62 1393 26 22 of
96 1392 91 23 Control
198 1397 66 17 wrote
274 1400 13 14 a
297 1394 64 21 letter
372 1398 20 17 to
405 1393 56 22 Lord
471 1393 112 22 Auckland
593 1401 52 21 very

62 1427 54 15 soon
136 1420 56 21 after
210 1419 36 22 the
262 1427 29 18 go
307 1425 103 16 eminent
428 1427 63 15 came
509 1420 45 22 into
573 1420 70 27 office,

63 1448 81 26 urging
160 1447 45 20 him
222 1451 21 17 to
253 1446 104 23 continue
373 1448 22 21 in
413 1446 37 23 the
466 1453 143 21 government
622 1448 25 21 of

63 1473 81 22 India?
174 1473 74 25 (Loud
264 1474 93 26 cheers.)
388 1474 36 21 He
444 1474 54 26 said,
515 1474 48 21 that
580 1474 63 22 when

64 1500 43 23 this
118 1507 43 15 was
172 1501 62 26 done,
245 1502 17 20 it
273 1508 44 14 was
326 1507 13 14 a
356 1500 65 28 proof
431 1500 49 23 that
493 1500 35 23 the
544 1501 101 22 Govern-

64 1531 63 18 ment
144 1528 112 26 approved
274 1527 27 22 of
316 1526 34 23 his
368 1528 80 27 policy,
469 1528 42 22 and
531 1531 75 18 meant,
622 1531 23 19 to

62 1561 82 21 pursue
158 1554 28 27 it,*
203 1554 94 22 because
311 1554 29 21 he
358 1554 64 22 could
438 1557 40 19 not
492 1561 89 21 suppose
598 1556 48 20 that

63 1582 52 27 they
126 1580 109 23 intended
241 1585 22 18 to
274 1585 87 18 entreat
370 1581 45 22 him
427 1586 22 17 to
459 1586 47 24 stay
514 1583 21 20 in
547 1583 98 26 Septem-

63 1608 46 27 ber,
119 1608 46 22 and
180 1607 53 23 then
250 1611 21 18 to
290 1608 38 22 tell
344 1609 54 23 him,
410 1608 22 22 in
450 1608 129 26 December,
598 1608 48 22 that

63 1636 54 27 they
123 1634 66 23 could
197 1638 39 18 not
246 1642 83 15 concur
338 1635 21 22 in
372 1635 34 22 his
411 1635 80 28 policy.

63 1662 36 22 Sir
109 1662 86 22 Robert
206 1661 50 22 Peel
265 1669 44 14 was
324 1662 21 22 in
357 1662 34 22 his
401 1663 62 21 usual
475 1663 66 26 place,
553 1662 43 22 and
607 1670 38 20 ap-

63 1689 84 27 peared
164 1688 112 22 unmoved
291 1689 29 27 by
339 1690 38 21 the
394 1690 103 21 assertion
516 1689 70 21 which
602 1690 43 21 had

64 1716 82 22 caused
156 1723 24 14 so
195 1716 66 22 much
276 1716 95 27 surprise
382 1716 45 22 and
441 1716 112 22 confusion
565 1723 79 21 among

63 1742 64 23 those
137 1742 85 23 around
233 1742 54 22 him.
317 1743 33 21 Sir
365 1743 76 22 James
457 1743 96 22 Graham
564 1744 81 26 caught

63 1769 39 23 the
112 1777 41 20 eye
165 1770 25 21 of
195 1769 36 21 his
239 1770 72 26 chief;
327 1770 44 22 and
378 1777 39 15 one
429 1770 50 22 look
491 1778 39 14 was
537 1770 108 22 sufficient

98 1796 107 22 convince
221 1797 44 21 him
278 1796 48 22 that
335 1796 84 29 though
429 1796 24 22 of
466 1797 36 22 the
511 1797 94 26 cabinet,
617 1798 28 21 he

65 1830 45 15 was
125 1827 40 18 not
177 1823 134 28 acquainted
331 1824 51 21 with
400 1824 129 27 everything
543 1824 32 21 wh
586 1825 26 21 eh
627 1825 18 21 is

64 1850 110 28 supposed
194 1855 21 16 to
235 1851 83 26 pertain
339 1855 22 17 to
380 1850 37 22 the
432 1851 90 22 cabinet.
551 1851 94 22 Neither

65 1876 60 23 Lord
141 1877 90 28 Stanley
243 1884 42 14 nor
299 1877 35 22 Sir
351 1877 76 22 James
443 1877 96 23 Graham
556 1878 44 22 had
619 1879 26 26 (it

65 1904 75 22 would
149 1906 69 24 seem)
231 1905 54 21 been
302 1904 118 27 informed,
431 1911 55 15 even
502 1912 23 14 as
538 1912 13 14 a
566 1909 79 18 matter

65 1931 27 21 of
107 1935 109 23 couitosy,
234 1931 26 21 of
275 1931 59 21 what
349 1931 52 27 they
417 1931 105 28 certainly
537 1931 68 28 ought
623 1937 21 17 to

65 1957 58 23 have
133 1957 81 23 known
224 1966 24 14 as
257 1965 14 15 a
281 1957 88 23 caution
381 1958 43 22 and
432 1959 65 26 guide
509 1964 21 16 to
545 1958 60 22 them
622 1959 20 22 in

64 1984 88 26 debate,
163 1985 19 21 if
196 1985 52 26 they
255 1983 46 23 had
312 1992 29 14 no
350 1985 58 26 right
419 1989 22 17 to
453 1985 25 22 be
488 1986 112 21 consulted
616 1994 28 14 on

63 2010 44 31 the^
119 2014 79 18 matter
215 2018 24 15 as
258 2013 109 20 members
386 2011 25 21 of
427 2011 37 22 the
483 2013 91 20 cabinet.
591 2020 3 8 :
605 2013 40 21 Wb

64 2036 92 21 alluded
164 2037 115 27 yesterday
286 2043 24 15 to
319 2037 38 22 the
365 2037 120 28 petulancy
491 2039 70 20 which
573 2039 73 21 mark-

65 2062 34 28 ed,
107 2063 46 21 and
159 2065 37 19 the
204 2064 105 20 manifest
313 2064 125 20 destitution
446 2064 24 20 of
478 2064 168 22 self-command

64 2089 73 22 which
149 2096 43 15 was
207 2088 135 30 perceptible
358 2090 137 26 throughout,
511 2090 57 21 Lord
583 2091 62 21 Stan-

64 2116 55 27 ley's
130 2116 62 28 reply
203 2121 21 17 to
237 2116 58 22 Lord
313 2116 139 22 Palmersston
469 2123 26 15 on
509 2116 137 29 Wednesday

64 2143 71 27 night.
166 2145 40 19 We
220 2145 58 19 must
293 2143 71 21 admit
380 2143 23 21 th
412 2146 15 18 it
441 2142 37 22 the
491 2146 119 19 treatment
619 2144 27 22 he

65 2170 45 21 had
118 2170 102 22 received
229 2169 54 22 from
293 2169 35 22 his
335 2169 62 23 chief
405 2176 43 15 was
457 2169 155 23 ill-calculated
624 2175 22 17 to

64 2196 72 23 afford
146 2196 45 22 him
201 2197 101 26 pleasure
312 2204 25 14 or
346 2201 21 17 to
379 2196 79 28 inspire
473 2196 43 22 him
532 2198 49 20 with
593 2204 53 16 con-

65 2224 93 21 fidence.
187 2223 47 22 The
250 2224 84 21 Herald
346 2224 19 21 is
380 2223 79 22 almost
473 2231 21 14 as
510 2224 65 22 much
594 2229 25 17 at
631 2232 14 14 a

64 2250 45 22 loss
119 2255 22 16 to
151 2250 135 22 understand
296 2251 44 22 this
348 2250 74 22 rather
431 2250 107 22 awkward
553 2257 60 16 want
623 2252 24 22 of

65 2278 154 26 co-operation
229 2285 81 20 among
320 2277 36 23 the
366 2277 115 24 ministers,
490 2285 24 14 as
525 2278 34 22 Sir
569 2278 76 22 James

66 2304 100 22 Graham
187 2311 25 14 or
229 2304 57 22 Lord
307 2304 96 27 Stanley.
441 2304 106 27 Alluding
565 2309 23 17 to
608 2305 37 23 the

65 2331 162 28 inconsistency
238 2331 100 23 between
352 2331 37 22 the
405 2331 79 27 speech
492 2332 25 21 of
529 2331 36 23 the
579 2333 65 21 noble

65 2362 110 23 secretary
194 2357 35 23 for
248 2359 38 21 the
305 2358 94 22 colonies
419 2358 43 21 and
481 2358 36 22 the
539 2359 65 21 letter
621 2360 26 22 of

64 2388 89 25 request
168 2389 23 17 to
207 2385 59 23 Lord
283 2385 119 23 Auckland
419 2390 22 16 to
455 2386 101 22 continue
572 2386 22 21 in
612 2386 33 22 his

63 2415 152 24 government,
222 2419 41 15 our
269 2413 92 21 amazed
373 2415 162 24 contemporary
546 2413 99 23 remarks

64 2452 28 5 —
117 2439 57 21 Lord
189 2439 90 28 Stanley
296 2446 72 15 seems
381 2443 22 17 to
418 2438 55 22 have
484 2439 55 23 been
555 2439 54 28 kept
622 2441 22 21 in

64 2466 121 24 ignorance
202 2468 21 19 of
239 2466 37 22 the
293 2470 114 24 request—
408 2474 24 14 so
443 2466 92 28 unfairly
544 2468 43 20 and
601 2467 33 23 dis

64 2492 138 27 honourably
209 2493 108 22 disclosed
323 2497 22 18 to
352 2493 59 23 Lord
420 2493 129 23 Palmerston
551 2505 28 4 —
580 2497 63 20 made

64 2519 29 28 by
105 2519 35 22 his
149 2519 124 28 colleagues
283 2524 22 18 to
318 2520 57 22 Lord
384 2519 129 28 Aucklaud;
530 2521 36 22 the
577 2522 66 22 noble

64 2545 49 24 lord
128 2549 87 25 cannot,
229 2547 63 26 then,
296 2548 34 20 .be
344 2546 107 29 regarded
467 2554 21 15 as
505 2547 36 23 the
556 2549 88 22 mouth-

64 2573 63 27 piece
142 2574 25 21 of
178 2573 37 23 the
232 2574 90 22 cabinet
337 2582 28 14 on
382 2574 84 27 foreign
480 2575 76 28 policy,
572 2582 26 15 or
612 2576 33 21 his

64 2600 80 23 srueech
163 2601 105 27 accepted
288 2608 24 14 as
326 2608 14 14 a
357 2601 126 22 ministeiinl

64 2627 48 23 The
121 2627 84 22 Herald
219 2627 79 23 should
309 2627 56 23 have
376 2627 103 29 specified
493 2628 73 23 whose
578 2629 67 22 confi-

64 2653 70 24 dence
145 2654 58 22 Lord
213 2650 137 27 Palmerston
363 2654 103 29 betrayed
475 2656 21 21 in
507 2656 91 27 making
606 2657 39 21 the

64 2680 127 24 disclosure.
220 2682 47 22 The
286 2685 56 19 want
358 2682 26 22 of
396 2682 130 22 connection
544 2683 100 23 between

64 2707 38 23 the
113 2708 57 22 head
180 2708 45 22 and
234 2709 111 22 members
354 2709 26 21 of
387 2709 37 21 the
434 2716 141 19 government
586 2715 59 17 must

64 2733 28 23 be
107 2735 92 22 obvious
217 2740 21 18 to
253 2735 38 22 all.
320 2735 75 28 Truly,
407 2735 38 22 the
461 2740 86 23 present
557 2737 18 21 is
585 2744 13 14 a
610 2744 35 14 re-

63 2761 116 23 markable
196 2762 110 28 specimen
316 2762 27 22 of
415 2762 75 22 united
617 2775 29 5 —

65 2787 84 26 [There
166 2795 46 15 was
230 2796 29 14 no
280 2789 81 21 breach
376 2788 27 22 of
417 2789 126 22 confidence
562 2789 24 23 in
606 2791 39 22 the

65 2818 91 24 matter;
173 2815 37 21 the
225 2814 72 22 whole
311 2815 63 22 affair
389 2815 27 26 is,
431 2814 87 28 indeed,
536 2822 15 16 a
565 2817 80 28 capital

65 2840 73 29 juke.]

91 2868 51 22 The
152 2869 152 22 Conference
315 2876 25 14 in
351 2868 123 22 London.—
474 2869 54 23 -The
533 2869 113 28 delegates

64 2895 28 21 of
102 2894 38 22 the
149 2895 163 22 anti-corn-law
324 2895 75 27 league
409 2895 63 27 again
482 2897 123 23 assembled
617 2906 28 14 on

64 2920 109 29 Monday,
185 2926 24 17 at
224 2922 86 26 twelve,
321 2921 23 22 in
361 2922 152 32 Palace-yard,
525 2925 43 21 Mr.
580 2924 23 23 P.
615 2926 30 21 A.

64 2946 88 29 Taylor,
163 2948 22 22 in
197 2947 37 24 the
249 2948 68 23 chair.
319 2960 28 5 —
347 2949 48 21 The
410 2949 120 28 chairman,
540 2951 58 22 after
612 2952 34 21 al-

62 2973 79 29 luding
151 2979 21 18 to
184 2975 35 23 the
229 2975 55 29 duty
293 2975 71 23 which
375 2982 44 16 was
429 2977 96 27 imposed
535 2984 59 21 upon
606 2979 38 22 the

62 3001 133 23 conference
204 3007 21 17 to
236 3003 106 22 continue
353 3003 26 22 its
388 3003 85 27 sittings
483 3004 54 22 until
547 3005 29 21 all
587 3005 57 29 hope

62 3026 80 25 should
158 3029 27 22 be
199 3029 66 27 given
281 3036 30 21 up
328 3029 25 23 in
370 3030 92 28 despair,
478 3031 123 28 proceeded
621 3036 23 19 to

62 3055 54 22 read
126 3055 38 23 the
175 3056 113 27 following
297 3056 162 24 characteristic
468 3058 62 23 letter
539 3058 56 23 from
606 3059 38 23 the

62 3081 68 25 Puke
139 3083 26 21 of
176 3083 143 28 Wellington,
330 3083 23 23 in
362 3083 67 28 reply'
435 3088 22 18 to
466 3085 36 22 the
511 3086 134 27 application

63 3107 35 23 for
109 3116 28 16 an
145 3109 115 26 interview
277 3111 52 21 with
345 3111 35 22 his
388 3118 64 19 grace
461 3111 33 23 for
504 3113 36 21 the
551 3120 94 20 purpose

62 3135 28 24 of
105 3135 131 29 impressing
259 3144 27 15 on
304 3137 33 21 his
359 3137 62 23 mind
439 3138 34 23 the
493 3143 56 18 state
564 3140 25 21 of
605 3141 38 22 the

61 3167 103 27 country,
174 3163 43 22 and
231 3163 38 22 the
285 3164 66 22 awful
366 3170 162 22 consequences
544 3166 68 29 likely
622 3173 22 17 to

62 3196 70 16 ensue
147 3189 22 23 if
184 3189 127 26 something
320 3197 64 15 .were
399 3195 40 17 not
454 3192 55 22 done
525 3198 23 17 to
562 3194 82 23 relieve

61 3215 39 23 the
111 3216 113 23 distresses
239 3217 29 21 of.
276 3216 37 22 the
319 3234 3 5 .
328 3217 77 27 people
413 3225 6 14 :
421 3229 30 5 —
547 3221 95 23 marshal

60 3242 40 24 the
117 3243 64 23 Duke
196 3245 26 21 of
240 3243 135 27 Wellington
388 3247 101 24 presents
502 3245 37 24 his
552 3248 92 27 compli-

60 3274 73 18 ments
145 3274 23 18 to
187 3270 41 24 Mr.
239 3270 89 28 Taylor,
339 3270 43 22 and
401 3271 51 27 begs
464 3276 22 17 to
503 3280 39 20 say
558 3274 47 22 that
615 3276 28 21 he

59 3297 21 22 is
90 3302 39 17 not
138 3297 23 23 in
170 3297 64 23 office
244 3298 24 22 in
284 3297 37 23 the
337 3298 99 25 Queen's
450 3298 94 27 political
559 3302 84 22 service

58 3335 28 6 —
90 3323 66 28 (cries
170 3324 26 22 of
208 3325 14 11 '•
229 3325 45 26 Oh,
292 3324 29 22 oh
330 3324 5 22 f
344 3325 5 8 '
359 3326 7 25 )
370 3337 26 5 —
397 3325 28 22 he
442 3325 18 21 is
478 3330 38 18 not
533 3326 107 24 intrusted

58 3351 56 21 with
124 3350 38 24 the
172 3351 98 23 exercise
279 3351 27 23 of
317 3351 98 28 political
426 3358 71 21 power
497 3365 26 5 —
524 3353 38 26 (oil
571 3353 6 23 !
588 3355 28 22 oh
624 3355 17 26 !)

58 3375 32 23 he
103 3377 41 23 has
157 3385 28 15 no
201 3378 100 23 controul
317 3386 53 15 over
386 3380 62 21 those
462 3380 49 21 who
526 3387 45 15 are.
583 3381 59 25 (Oh!

59 3403 56 27 oh!)
144 3405 38 21 He
196 3405 54 28 begs
266 3410 22 17 to
304 3405 26 23 be
347 3406 96 22 excused
455 3405 35 23 for
499 3407 111 27 declining
620 3412 23 18 to

58 3430 89 24 receive
164 3431 140 28 deputations
316 3432 59 23 from
390 3433 147 27 associations,
549 3441 25 14 or
584 3434 57 23 from

56 3456 145 27 individuals,
211 3459 23 22 in
243 3459 69 24 order,
323 3466 24 15 to
361 3466 112 17 converse,
483 3460 53 23 with
552 3460 44 23 him
613 3470 28 15 on

57 3484 99 27 poltical
171 3485 80 23 affairs.
280 3485 45 24 But
341 3485 25 26 if.
377 3493 45 22 any
436 3487 125 26 gentlemen
573 3487 69 24 >think

56 3517 83 22 proper
149 3515 23 18 to
185 3511 51 28 give
252 3512 44 22 him
312 3513 141 22 information
469 3514 23 22 in
509 3515 87 26 writing
612 3523 29 14 on

46 3544 55 22 -any
116 3538 94 27 subject,
222 3538 27 23 he
266 3539 42 22 will
321 3547 77 20 peruse
414 3541 35 22 the
463 3548 61 15 same
539 3541 52 22 with
608 3546 34 19 at-

182 3565 90 27 (Hear.)

86 3592 157 23 Interesting
260 3600 26 15 to
301 3593 106 24 Tobacco
420 3594 121 24 Fanciers.
542 3607 28 5 —
571 3596 20 22 A
601 3596 40 22 bill

55 3618 21 22 is
86 3626 49 15 now
145 3619 77 23 before
231 3619 132 35 parliament
372 3622 127 27 containing
507 3622 39 23 the
556 3622 85 23 follow-

55 3645 40 29 ing
105 3647 73 22 clause
187 3647 50 29 :-^'
245 3647 54 22 And
310 3647 27 22 be
346 3647 17 22 it
372 3648 91 23 enacted
470 3648 47 23 that
524 3655 29 16 no
563 3656 78 17 manu-

54 3673 100 22 facturer
164 3673 27 22 of
201 3673 91 22 tobacce
308 3673 57 23 shall
380 3676 85 21 receive
480 3682 24 15 or
518 3675 51 23 take
584 3676 55 28 into,

56 3706 27 16 or
90 3700 59 22 have
158 3700 22 23 in
189 3699 36 24 his
233 3701 95 28 custody
337 3708 25 15 or
375 3702 122 28 possession
511 3709 45 21 any
566 3709 74 21 sugar,

55 3727 90 27 treacle,
157 3727 114 27 molasses,
282 3734 25 15 or
321 3727 74 29 honey
407 3729 86 29 (except
507 3730 37 21 for
553 3729 38 22 the
601 3737 40 16 ne-

56 3759 88 22 cessary
163 3753 44 24 and
222 3754 104 27 ordinary
342 3761 40 16 use
401 3755 26 22 of
443 3755 36 22 his
497 3755 85 29 family,
603 3756 38 23 the

54 3780 69 27 proof
133 3779 101 24 whereof
243 3781 58 24 shall
314 3781 30 23 lie
354 3788 30 16 on
394 3781 51 24 such
454 3781 184 30 manufacturer,)

39 3812 59 21 ..nor
111 3807 57 24 shall
187 3814 45 24 any
245 3807 168 24 manufacturer
427 3808 27 28 of,
477 3809 76 24 dealer
565 3809 32 27 in,
615 3818 26 15 or

55 3833 89 24 retailer
152 3834 24 23 of
189 3837 94 21 tobacco
291 3835 87 23 receive
387 3842 28 15 or
422 3836 51 23 take
481 3836 56 28 into,
548 3843 25 16 or
580 3836 60 24 have

56 3858 25 23 in
91 3859 34 24 his
140 3862 94 28 custody
250 3869 26 16 or
289 3862 126 28 possession
429 3869 44 21 any
482 3863 124 28 commings
615 3871 25 16 or

57 3889 60 20 roots
126 3888 25 22 of
157 3888 63 29 malt,
229 3896 27 15 or
264 3896 44 21 any
316 3889 89 27 ground
414 3896 27 19 or,
443 3890 118 28 ungrourid
570 3894 70 19 roast-

37 3934 2 3 .
57 3912 119 31 edmafee,
190 3915 96 28 ground.
291 3922 26 15 or
332 3915 119 29 ungrqund
468 3916 98 29 chicory,
585 3916 62 24 lime'

38 3955 5 3 -
52 3940 60 23 Mod
126 3943 50 25 (apt
187 3942 69 29 being
271 3942 94 24 tobacco
377 3941 73 30 sandi)
463 3944 87 27 umbre,
563 3942 75 30 ochre,

1918 3847 83 17 .ONQON
2210 3853 7 7 •
2291 3847 7 14 i
2396 3842 19 21 6
2438 3842 17 22 0

1918 3867 43 22 Few
1975 3866 79 24 Sooth
2069 3865 87 23 Wales
2169 3872 48 17 and
2225 3865 31 23 V.
2265 3866 33 24 D.
2307 3867 28 24 L.
2362 3868 52 22 ..2
2438 3869 17 22 0

1918 3893 81 23 rstsoK
2395 3895 18 23 2
2438 3895 37 28 0,,

1918 3920 109 26 'ara,nam
2036 3926 47 16 and
2088 3919 114 23 Coast...
2333 3931 47 12 ...»
2396 3921 16 25 3
2438 3921 26 23 0.
2464 3917 11 13 v<

1918 3953 115 19 luckianq
2171 3943 46 27 «^.
2318 3954 63 17 ..;.,
2425 3947 40 24 niL
