2559 3999
1239 35 100 33 THE

69 90 460 132 NEW
638 92 869 132 ZEALAND
1616 95 861 137 GAZETTE

1229 255 101 32 AND

67 287 1150 142 WELLINGTON
1332 287 1150 142 SPECTATOR.

600 518 131 32 PORT
753 517 287 40 NICHOLSON,
1062 519 262 32 SATURDAY
1345 519 241 41 MORNING,
1608 524 172 32 MARCH
1806 528 49 32 13,
1881 528 90 29 IS4I.

69 522 61 31 No.
153 520 66 40 48.]

2336 529 100 41 [Vol.
2459 531 27 30 1.

2105 619 212 22 EDUCATION.

1921 649 103 48 MRS.
2045 651 44 21 and
2111 651 70 22 MISS
2206 652 188 23 WAKEFIELD
2418 656 86 22 receive

2007 677 74 27 pupils
2090 685 29 13 on
2131 677 37 22 the
2178 678 115 28 following
2302 684 108 19 terms:—

1943 707 44 22 For
2006 709 76 26 bosird,
2102 710 53 22 with
2175 711 99 27 washing
2289 712 44 22 and
2349 713 33 21 in-

1971 736 106 21 struction
2084 738 21 19 in
2111 738 91 25 general
2212 738 90 27 English
2309 739 73 22 litera-

1971 765 55 23 ture,
2044 763 94 27 writing,
2153 764 44 22 and
2211 765 116 27 aritnietic,
2344 774 40 19 per

1971 792 90 23 quarter
2382 795 14 20 8
2424 796 13 20 8
2464 797 14 19 0

1944 816 78 20 Under
2033 824 6 13 1
2053 823 64 20 years
2127 817 27 21 of
2164 824 41 20 age
2383 821 13 21 7
2425 821 13 22 7
2464 823 15 20 0

1943 840 51 28 Day
2006 842 104 23 boarders
2383 849 14 19 4
2424 849 15 20 4
2465 850 14 20 0

1945 867 50 27 Day
2006 869 72 26 pupils
2384 875 13 20 2
2426 875 13 20 2
2466 877 14 19 0

1943 893 82 24 Junior
2034 895 56 22 ditto
2383 896 11 25 j
2413 901 23 21 n
2465 903 14 19 0

1918 926 93 28 French,
2028 927 89 29 Italian,
2133 929 44 22 and
2195 931 112 28 Drawing,
2317 932 32 22 £1
2366 934 44 21 11s.
2420 934 37 23 6d.
2467 942 40 20 per

2161 962 97 23 quarter.

1943 986 89 23 Private
2042 987 85 24 lessons
2137 990 22 21 in
2172 990 76 26 music,
2262 999 24 13 or
2296 999 44 20 any
2351 992 26 22 of
2387 993 38 22 the
2436 994 69 22 above

1916 1012 108 23 branches
2035 1015 27 21 of
2073 1015 126 26 education,
2216 1024 42 15 one
2274 1018 75 22 hour's
2366 1019 140 28 instruction,

1917 1040 48 21 four
1975 1040 85 23 le.ssonj
2078 1042 35 21 for
2123 1049 43 15 one
2176 1044 89 25 guinea.

1943 1073 135 23 References
2088 1079 22 17 to
2122 1075 37 22 the
2168 1076 116 29 following
2290 1079 127 26 gentlemen
2429 1079 79 28 kindly

1917 1101 117 25 permitted
2044 1108 6 14 :—:
2051 1112 28 5 —

1943 1133 63 27 Capt.
2019 1134 34 21 W.
2067 1134 31 22 M.
2110 1136 79 26 Smith,
2203 1136 67 28 R.A.,
2279 1138 85 28 Survey
2368 1146 32 15 or-
2405 1139 104 23 General

1947 1160 8 20 1
1963 1176 6 5 .
1983 1160 21 21 M
2028 1160 121 28 Partridge,
2161 1162 54 28 Esq.

1943 1187 22 20 S.
1978 1186 97 27 Revans,
2088 1188 52 28 Esq.

1916 1218 186 29 Tinakore-road,
2119 1221 79 23 March
2211 1225 32 24 10,
2256 1225 60 21 1841.

2140 1277 148 22 ADDRESS.

1963 1307 64 22 ME.
2053 1309 32 20 A.
2110 1309 27 21 J.
2161 1310 191 27 SKSSIDAN,
2377 1313 80 25 M.D.,

2042 1342 102 15 SURGEON
2161 1345 46 14 AND
2223 1345 155 21 ACCOUCHEUR,

2026 1361 55 22 Mrs.
2104 1362 102 27 Millar's,
2233 1364 76 22 K'nnu
2333 1366 64 21 Toto.

2149 1418 21 21 A
2185 1418 93 22 CARD.

2020 1450 76 21 MH.
2123 1451 35 21 H.
2184 1453 32 20 B.
2241 1454 160 26 RELPH,

2074 1484 104 16 SUUGI'.ON
2195 1487 155 21 ACCOUCHELH,

2156 1512 120 23 PE'IONI.

2150 1567 239 27 Surveyor-General's
2399 1570 79 28 Ojfice,

2217 1594 101 28 January
2329 1596 19 25 7,
2364 1597 60 21 1841.

1920 1623 203 49 SURVEYORS
2138 1625 144 24 WANTED:
2312 1628 43 21 For
2366 1629 86 22 further
2457 1638 51 19 par-

1984 1651 90 22 ticulars
2084 1653 66 27 apuly
2160 1658 23 17 at
2197 1653 44 22 this
2256 1654 77 28 Office,
2351 1656 102 23 between
2471 1658 36 22 the

1920 1676 66 22 hours
1997 1679 21 19 of
2033 1680 13 20 9
2056 1679 44 21 and
2109 1681 21 20 4.

2083 1715 34 22 W.
2134 1716 33 22 M.
2183 1717 108 28 SMITH,
2303 1719 62 27 Capt.
2377 1720 68 27 R.A.,

2266 1745 228 28 Surveyor-General.

2152 1798 121 27 Surveyor-
2276 1799 117 22 General's
2403 1801 78 27 Office,

2220 1825 100 28 January
2331 1828 19 25 7,
2368 1828 59 21 1841.

1919 1854 146 47 NOTICE
2076 1856 26 23 IS
2115 1856 126 24 HEREBY
2253 1859 107 27 GIVEN,
2373 1860 46 22 that
2428 1861 81 22 hence-

1999 1882 101 25 forward,
2114 1884 21 21 in
2147 1884 66 22 order
2223 1890 21 16 to
2255 1886 50 26 give
2316 1887 54 21 time
2385 1888 33 20 for
2435 1888 74 22 Land-

1919 1914 85 15 owners
2020 1910 44 21 and
2082 1910 87 26 Agents
2185 1915 23 18 to
2224 1912 86 28 inspect
2327 1914 95 21 districts
2439 1915 71 21 under

1918 1941 87 20 survey,
2022 1936 48 21 that
2084 1936 37 22 the
2138 1938 105 22 seleclion
2263 1940 25 21 of
2305 1940 54 22 such
2375 1941 96 21 sections
2486 1949 25 15 as

1918 1968 51 20 may
1980 1962 27 21 be
2016 1963 69 26 ready
2096 1964 45 21 will
2152 1965 50 21 take
2213 1966 61 26 place
2285 1973 27 14 on
2325 1967 37 21 the
2373 1968 47 20 first
2427 1968 83 22 Thurs-

1919 1987 42 26 day
1972 1988 22 21 in
2010 1996 67 24 every
2091 1991 87 25 month,
2196 1992 77 22 unless
2289 2000 28 15 an
2335 1994 176 23 advertisement

1919 2018 92 20 appears
2022 2017 22 17 to
2055 2014 36 21 the
2102 2022 112 21 contrary.

1946 2039 36 21 On
2006 2039 63 23 these
2093 2043 115 22 occasions
2230 2044 29 21 all
2290 2044 151 24 Landowners
2464 2047 46 22 and

1919 2066 87 25 Agents
2016 2067 49 21 who
2083 2068 44 21 still
2145 2069 56 22 have
2219 2070 57 23 their
2291 2072 87 22 choices
2396 2077 22 17 to
2436 2074 72 26 make,

1918 2098 37 14 are
1965 2094 118 25 requested
2093 2098 23 18 to
2132 2096 85 27 attend,
2236 2105 23 13 as
2274 2098 17 21 it
2307 2099 19 20 is
2341 2099 128 27 impossible
2488 2107 21 15 to

1919 2125 37 19 say
1966 2122 23 18 to
1996 2120 59 22 what
2063 2122 96 21 nu.nbcr
2166 2123 38 22 the
2211 2124 75 22 choice
2296 2133 51 19 may
2355 2126 75 22 reach.
2456 2128 53 27 Any

1919 2146 77 21 holder
2006 2147 25 21 of
2043 2154 12 14 a
2065 2147 52 22 land
2136 2149 65 22 order
2217 2151 97 27 residing
2329 2154 21 20 in
2370 2153 36 22 the
2423 2154 86 28 Colony

1918 2173 48 20 who
1978 2173 52 21 does
2041 2178 38 17 not
2089 2176 84 27 attend,
2186 2177 43 22 will
2241 2178 26 21 be
2276 2180 130 21 considered
2418 2185 23 16 to
2452 2180 56 22 have

1917 2200 103 22 reserved
2031 2200 33 22 his
2074 2201 84 26 choice,
2171 2204 76 22 unless
2257 2212 61 15 some
2327 2206 64 23 other
2401 2215 80 17 p-jrson
2490 2209 19 21 is

1918 2227 97 26 deputed
2025 2232 22 17 to
2058 2227 80 23 choose
2150 2230 33 21 for
2194 2230 53 22 him.

2083 2262 33 22 W.
2133 2263 33 22 M.
2182 2264 107 28 SMITH,
2302 2267 61 27 C.ipt.
2375 2267 67 27 R.A.,

2263 2293 115 27 Surveyor-
2385 2295 106 22 General.

1936 2341 113 21 UNION
2065 2343 122 22 STEAM
2202 2347 89 21 MILL
2306 2349 185 22 COMPANY.

1924 2375 141 47 NOTICE
2074 2377 18 22 is
2110 2377 83 29 hereby
2210 2380 74 28 given,
2297 2381 47 22 that
2355 2389 12 14 a
2384 2383 43 21 call
2438 2384 26 21 of
2476 2385 33 21 £2

1988 2403 42 21 10s.
2042 2411 38 19 per
2090 2404 65 23 share
2172 2406 40 21 has
2224 2407 55 22 heen
2298 2409 65 21 made
2380 2409 30 28 by
2420 2410 37 22 the
2469 2411 40 22 Di-

1917 2434 84 17 rectors
2009 2446 4 9 ,
2030 2430 44 22 and
2085 2430 38 23 the
2138 2432 155 24 shareholders
2309 2442 38 15 are
2357 2438 117 25 requested
2486 2443 22 17 to

1917 2462 42 20 pay
1971 2456 37 21 the
2018 2464 60 15 same
2088 2458 48 21 into
2147 2459 36 22 the
2196 2460 74 23 Union
2284 2462 61 22 Bank
2354 2463 26 21 of
2386 2465 121 26 Australia,

1919 2483 75 21 within
2005 2490 43 15 one
2058 2485 79 22 month
2149 2486 55 22 from
2217 2487 36 22 the
2265 2488 49 22 date
2326 2489 92 23 thereof.

1945 2535 28 5 ...
1989 2536 22 5 ...
2103 2538 25 8 „,
2167 2539 6 7 ,
2193 2514 28 21 G-
2235 2515 23 20 B.
2273 2515 68 28 Eaup,
2354 2517 128 24 Chairman.

1949 2542 17 13 «
1976 2537 113 27 ellington,
2103 2538 78 23 March
2192 2542 20 25 4,
2226 2542 59 22 1841.

1930 2591 230 24 DISSOLUTION
2175 2596 43 19 OF
2233 2596 260 26 PARTNERSHIP.

1916 2624 146 48 NOTICE
2083 2626 27 22 IS
2133 2627 127 24 HEREBY
2281 2630 106 28 GIVEN,
2406 2632 49 23 that
2469 2634 38 22 the

1997 2653 140 28 partnership
2157 2655 121 28 subsisting
2297 2657 99 23 between
2417 2667 33 19 us,
2470 2661 37 22 the

1917 2678 61 21 Hon.
1997 2678 30 22 H.
2046 2679 34 21 W.
2098 2680 71 25 petre,
2192 2682 45 21 and
2258 2684 26 21 F.
2304 2684 28 21 A.
2356 2685 151 27 Molesworth,

1917 2705 87 27 trading
2015 2705 101 27 together
2126 2711 23 18 at
2159 2708 86 28 Petoni,
2264 2710 22 22 in
2306 2710 52 23 Port
2375 2712 123 24 Nicholson

1916 2738 23 14 as
1949 2733 90 25 general
2055 2738 84 22 agents
2157 2735 93 29 dealers,
2269 2738 44 22 and
2331 2738 117 29 chapmen,
2466 2741 40 23 has

1916 2759 42 21 this
1968 2759 43 27 day
2022 2759 57 22 been
2088 2759 112 25 dissolved
2211 2763 28 27 by
2249 2765 84 22 mutual
2349 2772 101 18 consent.

2227 2797 24 22 F.
2265 2798 27 22 A.
2305 2799 172 28 Molesworth,

2225 2824 85 23 Hknky
2323 2825 34 23 W.
2370 2827 83 23 Petre.

1916 2851 125 24 Witness—
2042 2854 35 22 W.
2088 2855 29 22 V.
2127 2856 95 28 Brewer,
2235 2858 199 31 bairister-at-law,
2451 2863 55 22 New

2079 2882 109 23 Zealand.

2046 2908 25 22 T.
2084 2909 32 21 M.
2130 2910 121 28 Partridge.

1942 2932 113 30 February
2065 2937 33 25 25,
2117 2937 60 22 1811.

2004 2990 258 25 IMMIGRATION
2281 2996 131 22 OFFICE.

1917 3022 27 21 T
1966 3022 61 22 ISTS
2039 3024 26 21 of
2071 3024 73 28 newly
2154 3027 87 22 arrived
2254 3028 143 29 Immigrants
2408 3039 38 14 are
2455 3031 53 28 kept

1916 3053 45 16 J-i
1991 3053 23 18 at
2033 3053 43 19 this
2096 3053 79 26 Omce,
2197 3054 73 22 where
2290 3057 82 26 parties
2391 3059 116 27 requiring

1916 3078 111 19 workmen
2039 3084 26 14 or
2080 3083 101 17 servants
2192 3088 41 14 can
2251 3088 86 16 receive
2352 3084 153 28 information,

1916 3104 42 19 and
1978 3104 62 20 those
2056 3108 39 18 out
2109 3105 26 21 of
2147 3107 153 28 employment
2312 3117 43 15 can
2372 3111 59 22 have
2448 3112 59 23 their

1915 3135 77 16 names
2002 3131 128 27 registered,
2142 3140 28 14 on
2182 3134 108 29 applying
2299 3140 22 18 to

2091 3165 94 24 Daniel
2201 3167 137 31 RiDniroßD,

2244 3196 155 28 Immigration
2420 3199 86 28 Agent.

1940 3222 122 24 Thorndon
2075 3226 72 27 Qua}-,
2159 3227 145 30 Wellington,

2009 3251 126 23 December
2147 3256 35 24 30,
2199 3257 59 21 1840.

2086 3308 44 20 TO
2144 3308 182 25 BUILDERS.

2149 3343 135 24 WANTED
2307 3346 35 22 for
2364 3347 103 27 building
2492 3355 14 15 a

1914 3366 46 22 JLi
1991 3372 65 22 store,
2069 3370 29 22 all
2109 3369 38 23 the
2156 3372 116 22 materials
2289 3373 25 21 of
2327 3373 71 23 whicli
2416 3375 44 21 will
2477 3375 27 22 be

1913 3395 77 23 found.
2019 3397 44 21 For
2072 3397 134 27 particulars
2215 3399 67 28 apply
2295 3404 21 18 to

2207 3432 82 23 Waitt
2306 3433 45 22 and
2367 3434 108 22 Tinline.

1940 3455 146 28 Wellington,
2098 3457 81 22 March
2189 3460 21 25 5,
2224 3460 59 21 1841.

2138 3514 140 22 NOTICE.

1914 3544 90 37 fpHE
2015 3545 71 23 Cattle
2097 3546 146 29 depasturing
2251 3556 29 14 on
2293 3548 75 28 Kapiti
2377 3547 57 23 have
2444 3548 58 22 been

1920 3570 28 22 JL
1988 3572 79 27 placed
2077 3573 72 22 under
2158 3574 38 22 the
2206 3575 202 27 superintendance
2418 3575 27 21 of
2456 3575 44 23 Mr.

1913 3598 84 22 Robert
2008 3599 62 23 Jillet
2082 3600 29 27 by
2121 3601 38 21 the
2170 3601 158 28 undersigned.

1940 3632 95 22 Masters
2047 3633 25 22 of
2084 3634 82 22 vessels
2176 3634 46 23 and
2237 3634 73 22 others
2328 3641 37 15 are
2380 3634 122 23 cautioned

1911 3660 88 25 against
2006 3660 137 28 purchasing
2150 3668 45 21 any
2203 3661 26 22 of
2239 3660 38 23 the
2285 3661 69 21 above
2363 3660 72 23 Cattle
2442 3661 60 24 from

1911 3686 37 21 the
1958 3686 100 28 Natives,
2070 3688 73 22 under
2156 3695 44 21 any
2211 3692 103 24 pretence
2324 3687 120 23 whatever.

2190 3721 33 21 W.
2236 3721 25 21 B.
2273 3721 93 22 Rhodes
2376 3721 45 22 and
2432 3721 40 23 Co.

1910 3773 72 48 ON
1997 3774 86 27 SALE,
2098 3779 23 19 at
2131 3774 42 22 this
2184 3774 79 28 Office,
2274 3774 47 23 files
2330 3775 27 21 of
2368 3775 38 23 the
2444 3777 58 22 New

1986 3800 101 24 Zealand

1907 3853 95 49 JUST
2025 3855 165 27 RECEIVED,
2217 3855 191 25 PARCHMENT
2437 3858 63 23 FOR

1972 3881 109 25 DEEDS,

2056 3909 6 9 '
2084 3907 79 27 Office,
2176 3909 53 23 Jan.
2240 3909 20 26 7,
2273 3911 60 21 1841.

717 611 113 21 UNION
845 611 101 20 BANK
960 612 44 19 OF
1019 612 219 21 AUSTRALIA.

680 644 94 22 London
792 644 94 22 Office.
903 643 43 22 No.
960 645 37 23 3s,
1015 645 51 21 Old
1084 645 183 21 Eroad-street.

733 676 93 28 Capital,
836 677 122 25 .£500,000;
980 677 50 27 paid
1041 685 38 20 up,
1094 678 119 27 £300,000.

914 714 118 13 directors:

784 737 67 20 George
860 737 37 17 Fire
906 738 66 20 Angas,
981 738 48 21 Esq.,

784 757 66 17 Robert
860 758 73 19 Brooks,
943 759 49 20 Esq..

783 779 61 16 J.imes
851 779 48 16 John
907 779 100 18 Cummins,
1017 779 48 21 Esq.,

775 799 74 17 -Robert
858 800 95 19 Gardener,
967 800 47 21 Esq.,
1028 800 121 19 Manchester,

783 819 46 18 John
839 820 50 18 Gore,
902 821 47 20 Esq.,

783 840 46 17 John
839 841 78 17 William
925 841 75 18 Buckle.
1006 841 48 22 Esq.,

783 861 93 21 Benjamin
886 861 20 17 E.
914 862 62 18 Lindo,
985 862 47 20 Esq.,

783 882 71 17 Charles
866 882 74 17 Kdward
947 882 87 21 Mangles,
1044 883 49 20 Esq..

782 903 114 21 Chrix'opher
905 903 83 19 Rawson,
997 903 48 21 Esq..
1059 903 80 20 Halifax,

782 924 78 16 Thomas
868 924 62 19 Sands
940 924 48 21 Esq.,
999 924 98 21 Liverpool,

781 944 61 16 James
851 945 54 19 Bogle
913 945 64 17 Smith,
984 945 48 19 E^q.,

781 965 61 16 James
851 965 77 16 Ruddell
936 965 56 18 Todd,
1002 965 41 20 Esq.

675 992 96 17 Truiteet:
787 992 81 15 Gsoass
880 992 56 15 Cahr
948 992 61 17 Glym,
1023 992 47 19 Esq.,
1081 992 53 17 Jork
1146 992 61 19 Gore,
1218 992 45 19 Esq.,

822 1013 36 15 and
866 1012 66 16 James
940 1012 15 16 J.
964 1012 101 18 Cummiks,
1076 1013 42 20 Esq.

703 1039 90 17 Bankers:
807 1038 73 17 Messrs.
888 1039 61 18 Glys,
962 1039 114 19 Haliifax,
1086 1040 69 19 Mills,
1164 1040 36 16 and
1209 1039 28 17 Co.

794 1066 102 20 Secretary.
908 1067 84 16 Samuel
999 1066 95 20 Jackson,
1102 1068 42 20 Esq.

766 1092 80 18 Colonial
853 1094 94 20 Inspector
952 1099 3 11 :
968 1094 17 16 J.
994 1094 18 16 C.
1021 1094 39 17 ML
1063 1099 60 14 arek,
1133 1095 41 20 Esq.

796 1140 71 20 New
884 1141 123 21 Zealand
1026 1142 116 21 Branch.

675 1173 52 18 Local
736 1174 90 17 Directors
832 1179 5 11 :
853 1174 46 16 Geo.
912 1174 17 16 S.
942 1174 72 18 Evaks,
1027 1174 48 21 Esq.,
1089 1175 69 19 D.C.L.,
1171 1176 38 16 and.
1220 1176 44 16 Geo.

897 1195 91 19 Hunter,
1001 1195 42 21 Esq.

676 1221 95 22 Manager:
783 1221 47 18 John
839 1222 71 17 Smith,
920 1222 47 20 Esq.,
977 1223 36 16 late
1021 1223 20 16 of
1050 1223 31 16 the
1089 1223 118 17 Commercial
1214 1223 51 16 Bank

844 1243 21 16 of
873 1242 88 21 England,
974 1243 123 17 Manchester.

786 1270 114 22 Branches
910 1275 24 16 at
948 1270 98 28 Sydney,

951 1293 172 31 ItobartTown,

951 1324 8 21 I
971 1329 129 22 aunceston,
1112 1325 45 22 and

951 1351 7 21 I
969 1355 33 18 ort
1014 1351 80 28 Philip.

677 1385 52 21 Port
739 1384 130 27 Nicholson,
881 1384 78 22 March
971 1386 33 24 21,
1018 1386 61 21 IS4O.

677 1439 90 33 rpilE
786 1438 112 22 Directors
915 1438 27 21 of
957 1438 39 22 the
1014 1438 55 22 New
1086 1439 101 22 Zealand
1202 1439 63 22 Land

684 1460 28 27 X
751 1466 116 26 Company
882 1465 78 27 herebj
981 1465 51 26 give
1050 1466 81 25 no'ice,
1150 1466 48 21 that
1214 1467 50 26 they

675 1491 57 22 have
740 1499 112 15 EFFECTED
866 1499 25 13 AN
905 1499 43 13 AKR
954 1499 122 14 4NGEMENT
1085 1493 51 21 With
1145 1493 37 21 the
1192 1493 71 21 Ulliol)

676 1519 62 21 Bank
755 1519 26 21 of
796 1518 121 25 Australia,
934 1518 43 21 N.>.
995 1520 33 24 38,
1045 1519 44 21 Old
1107 1520 156 24 Broad-street,

677 1545 101 26 London,
789 1545 34 21 fir
832 1544 38 22 the
883 1545 168 22 establishment
1066 1546 27 21 of
1104 1553 14 14 a
1136 1546 127 21 BRANCH

676 1572 88 22 BANK
780 1571 31 22 IN
828 1571 72 22 NEW
915 1571 158 28 ZEALAND,
1087 1572 96 28 through
1195 1573 69 22 which

675 1598 37 22 the
722 1598 101 23 business
835 1598 28 22 of
875 1598 38 22 the
931 1599 57 21 New
1004 1599 101 21 Zealand
1120 1599 64 22 Lnnd
1201 1600 65 21 Com-

674 1632 60 21 pany
744 1625 43 22 will
797 1625 28 21 be
835 1625 134 22 transacted.
999 1625 47 21 The
1064 1626 113 21 Directors
1194 1627 71 21 there-

675 1652 45 22 fore
731 1651 144 23 recommend
886 1656 22 18 to
926 1651 110 23 Colonists
1053 1652 38 22 the
1110 1653 73 22 Union
1202 1653 68 26 Bank,,

674 1679 27 21 of
720 1678 112 23 Australia
851 1686 24 14 as
893 1686 28 14 an
948 1679 171 22 establishment
1141 1680 125 27 possessing

675 1705 57 21 their
748 1705 70 22 entire
842 1705 137 23 confidence,
1000 1705 45 22 an:!
1065 1706 50 22 able
1134 1710 22 18 to
1176 1707 89 26 provide

674 1731 126 28 elFectmlly
816 1731 35 23 for
867 1731 38 23 the
919 1732 106 22 financial
1040 1737 71 17 wants
1128 1733 26 21 of
1166 1733 36 22 the
1220 1733 46 22 first

674 1759 135 22 settlement.

843 1798 35 29 By
888 1799 65 22 order
963 1799 28 22 of
1000 1799 37 22 the
1048 1799 81 27 Board,

920 1840 86 22 JOHN
1021 1840 105 27 WARD,
1142 1841 124 27 Secretary.

675 1880 56 22 New
741 1879 99 23 Zealand
851 1879 64 22 Land
925 1881 136 26 Company's
1072 1881 78 26 Office,

702 1908 18 24 1,
733 1907 159 25 Adam-street,
905 1907 104 27 Adi-lphi,
1020 1907 54 22 27th
1084 1908 68 26 Aug.,
1166 1909 59 20 1839.
1281 1909 1 20 i

833 1961 50 20 EX

675 1995 92 45 THE
783 1994 182 20 UNDERSIGN
972 1990 245 23 Br^Imve-h-rccivcxl
1234 2001 29 12 ;.n
1279 1983 3 14 '

750 2022 134 18 assortment
893 2017 26 22 of
927 2017 107 26 blankets,
1045 2019 56 25 10-1,
1110 2020 45 25 9-4,
1166 2018 44 22 and
1220 2020 43 24 3-4,

674 2046 23 21 in
708 2044 69 23 bales.

703 2072 81 26 Heavy
792 2074 76 19 cotton
880 2077 59 20 rugs
950 2070 61 27 large
1021 2070 54 27 size,

703 2100 39 21 100
757 2098 48 22 doz.
816 2097 84 27 striped
910 2097 74 27 shirts,

702 2125 91 22 Fustian
806 2128 109 22 trowsers,

702 2151 105 27 Superior
817 2151 109 22 moleskin
938 2150 62 26 ditto,

703 2180 7 19 1
729 2185 51 15 case
790 2178 77 28 prints,
879 2178 76 21 choice
965 2182 106 23 patterns,

704 2207 8 20 1
731 2205 55 22 ditto
797 2205 45 22 fine
853 2204 101 27 shirting,

703 2234 9 20 1
731 2232 55 22 ditto
797 2239 66 19 curry
874 2232 95 26 powder,

704 2258 94 23 Manilla
808 2258 57 26 hats,
876 2258 105 22 coloured
992 2262 170 24 counterpanes,
1179 2259 84 26 braces,

675 2286 71 21 men's
767 2284 70 27 socks
857 2286 105 21 women's
973 2285 121 27 stockings
1112 2286 74 21 m^n's
1202 2286 61 26 ditto,

675 2313 68 27 pipes,
755 2314 48 24 &c,
814 2313 21 20 in
846 2312 99 21 addition
962 2316 23 17 to
1000 2312 57 21 their
1074 2312 83 22 former
1171 2312 63 22 stock
1245 2321 19 18 o,

674 2340 46 21 Tea
745 2340 23 21 in
800 2338 73 22 chests
892 2339 45 21 and
955 2338 52 21 half
1028 2338 63 27 ditto,
1128 2340 76 21 brown
1226 2340 43 21 anf

676 2366 65 22 white
752 2373 40 18 supr
800 2373 35 18 ir«,
854 2369 101 18 currants
965 2366 23 21 in
999 2365 57 22 80lb.
1073 2366 61 26 kegs,
1152 2366 113 21 Wiltshird

674 2393 88 27 cheese,
774 2392 49 28 pick
833 2400 31 19 es,
875 2400 20 14 m
907 2393 73 25 istard,
990 2392 98 27 vinegar,
1097 2392 86 23 bottled
1190 2394 75 21 fruitse

675 2427 56 21 soup
741 2420 45 22 and
796 2420 84 25 boiiilli,
893 2420 130 26 lime-juice,
1034 2419 71 25 hams,
1115 2420 80 26 butter,
1214 2420 52 21 cho-

674 2447 79 27 coldt**,
766 2446 48 22 loif
825 2453 73 20 sugar,
910 2446 98 28 alUpice,
1030 2446 77 22 mixed
1122 2447 68 27 spice,
1202 2447 63 22 black

675 2481 84 21 pepper
768 2474 22 21 in
802 2473 60 27 bugs,
879 2473 59 22 bible
949 2473 45 22 an.l
1004 2480 67 20 cargo
1082 2473 52 27 ricp,
1154 2474 45 21 fine
1210 2474 56 21 flour

675 2501 56 22 from
752 2500 94 23 colonial
865 2500 78 25 wheat,
961 2505 121 17 airi>wroot
1099 2500 22 21 in
1139 2508 70 18 cases,
1226 2500 41 22 salt

675 2528 54 21 beef
741 2527 45 23 and
803 2527 57 27 tripe
880 2528 25 20 of
929 2527 42 21 last
991 2528 72 26 year's
1082 2527 85 27 curing,
1197 2535 69 19 pr.me

675 2554 55 28 pork
739 2555 23 21 in
774 2554 62 21 hhds.
849 2554 101 26 recently
960 2554 78 21 salted,
1057 2561 81 20 square
1148 2554 30 26 fig
1193 2554 74 22 tobac-

677 2589 25 14 co
740 2582 85 25 tierces,
840 2580 72 23 Brazil
926 2581 92 22 tobacco
1023 2580 23 22 in
1054 2580 80 22 lOOlbs.
1148 2580 117 28 packages,

677 2608 96 22 Manilla
789 2607 78 27 cigars,
884 2608 63 21 dates
964 2608 21 21 in
1000 2608 54 26 jnrs,
1074 2607 56 27 pilot
1145 2608 60 21 cloth
1223 2608 42 21 and

677 2635 127 21 Petersham
814 2638 64 22 great
888 2638 66 22 coats,
973 2640 116 16 velveteen
1101 2634 44 22 and
1157 2635 108 21 moleskin

675 2662 105 26 shooting
797 2667 68 21 coats,
890 2662 113 26 superfine
1027 2665 87 18 surtout
1138 2662 45 21 and
1206 2662 60 21 dress

675 2693 68 22 coats,
764 2688 109 22 buckskin
893 2688 59 22 cloth
973 2692 111 22 trowsers,
1108 2688 69 27 fancy
1199 2693 65 20 vests,

675 2715 80 23 shawls
765 2715 44 22 and
819 2719 94 23 cravats,
924 2715 110 22 moleskin
1046 2715 45 21 and
1101 2715 54 21 cord
1171 2715 93 27 jackets,

675 2742 84 22 flannel
765 2742 93 28 jackets,
868 2743 153 25 men'sstrong
1029 2741 78 22 winter
1112 2742 61 26 hose,
1182 2747 85 22 regatta

675 2769 73 27 shirts,
760 2768 80 23 Scotch
851 2777 59 19 caps,
922 2769 77 21 ladle's
1009 2768 103 27 bonnets,
1131 2769 59 21 duck
1202 2774 63 16 trow-

675 2804 52 18 sers,
754 2803 54 20 grey
832 2796 76 26 calico,
936 2796 78 24 check,
1040 2795 77 22 chintz
1137 2796 127 26 furnitures,

675 2824 120 26 carpeting,
807 2822 108 27 bed-tick,
927 2822 39 22 sail
986 2829 101 15 canvass,
1105 2822 67 26 duck,
1192 2823 72 26 twinp,

676 2851 70 21 men's
757 2850 63 21 boots
830 2849 43 21 and
885 2849 70 25 shoes,
967 2849 150 27 gentlemen's
1129 2849 134 26 Wellington

675 2877 71 25 boots,
757 2875 66 22 black
833 2876 98 25 holland,
941 2876 70 22 scales
1018 2876 45 21 and
1071 2876 99 26 weights,
1179 2876 38 21 Bri
1227 2884 38 14 an-

676 2903 38 21 nia
731 2902 67 22 metal
815 2907 36 16 tea
868 2902 44 22 and
932 2903 69 21 coffee
1014 2907 56 23 pots,
1087 2903 117 27 japanned
1221 2903 44 21 and

675 2930 67 21 block
763 2929 30 22 tin
814 2929 64 23 ditto,
899 2930 92 21 tinware
1011 2930 25 21 of
1061 2930 30 21 all
1110 2930 154 27 descriptions,

677 2956 75 22 Dutch
763 2955 81 27 clocks,
856 2956 68 26 locks,
936 2956 135 26 hand-saws,
1082 2961 110 17 cross-cut
1203 2956 61 24 ditto,

677 2983 59 22 table
747 2982 78 23 knives
835 2982 45 22 and
890 2982 62 22 forks
962 2983 23 21 in
1006 2988 43 16 sets
1060 2984 107 26 superior,
1185 2984 80 26 pocket

676 3010 86 26 knives,
774 3017 103 14 common
888 3009 63 27 ditto,
962 3010 98 27 pruning
1070 3010 64 26 ditto,
1152 3010 113 22 butcher's

676 3037 63 25 ditto,
750 3043 82 20 razors,
844 3037 97 24 scissors,
957 3037 145 26 tomahawks,
1119 3044 61 19 axes,
1192 3037 72 27 adzes,

677 3064 111 27 pickaxes,
798 3064 112 27 grubbing
920 3063 60 27 hoes,
999 3064 83 26 garden
1100 3064 60 26 hoes,
1178 3064 85 27 spades,

676 3090 95 26 shovels,
783 3090 115 27 iro.i-pots,
911 3098 129 20 saucepans,
1052 3091 87 27 boilers,
1147 3095 117 23 stewpans,

676 3124 40 21 rag
734 3123 81 20 stones,
837 3117 82 22 double
939 3118 108 22 barrelled
1069 3118 52 21 flint
1136 3125 66 18 guns,
1220 3125 44 20 gun

676 3152 59 20 caps,
746 3144 56 22 bells
812 3144 35 21 for
857 3144 74 27 cattle,
943 3152 54 20 soap
1006 3145 22 21 in
1040 3145 77 25 boxes,
1134 3145 77 21 brown
1222 3144 45 22 and

677 3171 65 23 white
755 3171 104 21 Windsor
868 3171 92 22 scented
971 3179 60 20 soap,
1044 3171 99 27 caudles,
1162 3175 43 18 two
1217 3175 49 18 tons

676 3199 26 21 of
709 3199 64 26 nails,
785 3198 122 26 consisting
917 3198 26 22 of
952 3200 21 25 3,
983 3200 21 23 4,
1016 3200 19 25 5,
1047 3200 21 24 6,
1085 3199 20 26 7,
1124 3200 31 24 10,
1173 3200 33 25 18,
1222 3198 45 22 and

666 3225 86 26 '211b5.,
768 3224 60 28 clasp
848 3225 64 26 nails,
934 3227 25 20 10
976 3225 45 22 and
1041 3225 76 26 161b5.,
1143 3232 50 15 rose
1203 3225 62 26 ditto,

677 3252 78 22 hudle
769 3251 64 27 nail<,
845 3251 96 28 flooring
956 3252 74 26 brads,
1048 3251 66 23 horse
1132 3252 65 26 nails,
1216 3252 51 22 boat

675 3279 65 28 nails,
761 3278 81 23 tiniber
861 3279 63 26 nail--,
945 3279 78 27 sprigs,
1049 3279 47 21 lath
1116 3279 45 21 and
1180 3279 86 26 shingle

675 3307 64 26 nails,
751 3305 81 29 spikes,
842 3307 21 25 4,
880 3307 20 23 5,
917 3305 43 22 and
977 3307 14 20 6
1005 3305 60 27 inch,
1085 3307 14 20 4
1119 3305 45 22 and
1181 3307 14 20 5
1214 3305 53 23 inch

675 3333 56 22 solid
741 3332 75 27 heads
828 3333 35 21 for
872 3332 159 28 shipbuilding,
1040 3333 47 23 b.ir.
1105 3333 49 25 rod,
1173 3333 45 21 and
1228 3333 39 21 flat

675 3360 58 27 iron,
744 3360 59 27 hoop
820 3366 55 19 iron,
894 3359 66 22 white
971 3359 57 27 lead,
1049 3360 65 26 paint
1129 3359 37 27 oil,
1184 3359 82 28 Epsom

675 3387 60 26 salts,
746 3386 101 27 Taylor's
863 3386 74 22 brown
955 3390 61 18 stout
1032 3387 46 21 and
1095 3391 78 22 strong
1182 3387 41 26 ale,
1242 3387 23 21 in

675 3414 73 25 hhds.,
760 3413 76 27 sherry
848 3413 22 21 in
888 3412 103 27 draught,
1010 3413 70 22 claiet
1096 3413 23 21 in
1131 3413 49 22 doz.
1197 3420 68 19 cases,

675 3441 79 21 hearth
766 3444 81 18 stones,
865 3439 149 27 grindstones,
1032 3439 161 28 earthenware,
1213 3440 54 21 win-

675 3467 48 22 dow
731 3468 66 27 glass,
809 3466 81 22 timber
900 3466 26 22 of
938 3467 29 22 all
983 3467 155 28 descriptions,
1150 3467 35 22 for
1195 3467 72 22 build-

675 3495 46 27 ing.

943 3520 35 22 W.
996 3521 25 21 B.
1037 3521 96 22 Rhodes
1143 3520 46 22 and
1199 3520 40 22 Co.

703 3555 56 23 New
769 3555 69 26 Store,
850 3554 195 29 Taranaki-place.

675 3611 28 21 'I
710 3610 57 22 'HE
794 3609 230 22 UNDERSIGNED
1053 3609 86 27 having
1162 3608 103 23 received

689 3631 16 28 1
750 3636 85 24 several
846 3636 148 28 applications
1004 3636 127 28 respecting
1138 3636 38 21 the
1183 3636 82 26 impor-

674 3664 69 22 tation
755 3664 27 22 of
792 3664 68 21 cattle
870 3663 45 22 and
924 3663 76 26 sheep.
1038 3662 85 23 Should
1132 3670 13 14 a
1154 3662 111 23 sufficient

673 3692 104 48 auantity
787 3690 60 26 offer,
868 3690 92 28 Captain
974 3690 90 22 Rhodes
1081 3690 43 21 will
1137 3688 95 35 proceed
1242 3692 22 18 to

691 3725 19 15 le
720 3719 82 26 colony
809 3718 26 21 of
848 3717 54 22 New
914 3717 69 22 South
1002 3716 82 25 Wales,
1100 3712 46 26 and
1161 3716 103 27 superin-

673 3745 54 22 tend
752 3746 36 21 the
812 3744 108 22 selection
943 3744 46 22 and
1012 3744 115 28 shipment
1146 3742 27 23 of
1202 3742 61 22 them

673 3771 136 29 personally.

929 3797 36 22 W.
980 3798 27 21 B.
1023 3797 95 22 Rhodes
1135 3796 46 23 and
1197 3796 39 22 Co.

679 3857 86 22 TUST
779 3855 133 23 OPENED,
929 3855 90 22 various
1033 3853 68 23 kinds
1117 3853 26 21 of
1161 3852 102 22 WItAP-

670 3880 27 26 O
735 3882 77 24 PING
826 3881 110 25 PAPER.

852 3914 79 28 Office,
942 3914 55 23 Dec.
1008 3915 34 24 24,
1053 3914 62 22 1840.

120 614 81 21 NEW
221 613 169 21 ZEALAND
409 612 183 21 COMPANY.

58 647 93 29 Capital,
167 647 117 26 £100,000,
299 646 24 21 in
334 647 56 20 4000
399 645 80 22 Shares
487 644 27 22 of
524 645 47 21 £25
581 644 64 26 each,

282 672 30 22 all
323 672 51 27 paid
386 679 36 18 up.

190 707 101 16 Governor:
307 706 75 16 Joiefh
391 706 70 16 Somes,
468 705 43 21 Esq.

119 734 172 21 Deputy-Governor
296 739 4 11 :
316 732 46 18 Hon.
368 733 74 17 Francis
449 732 70 21 Suing,
529 732 52 20 M.P.,

294 764 120 13 directors:

141 788 88 17 Viscount
238 788 86 21 Ingestre,
332 788 54 18 M.P.,

142 809 45 17 Lord
196 809 58 18 Petre,

140 830 62 21 Henry
211 830 22 16 A.
240 829 94 20 A?lionby,
343 829 49 20 E*q.,
400 828 52 21 M.P.,

139 851 48 16 John
196 850 81 16 Ellorker
285 850 88 18 Boulcott,
388 850 46 21 Ktiq.,

140 871 48 17 John
197 870 78 17 William
284 870 73 19 Buckle,
365 870 48 21 Esq.,

142 891 72 17 Russell
223 891 61 19 Eilice,
294 891 48 21 Esq.,

140 913 62 16 James
210 912 65 17 Robert
284 912 71 19 Gowen,
365 911 49 21 Esq.,

140 933 48 17 John
197 933 54 18 Hine,
261 933 46 20 Esq.,

141 954 78 16 William
228 953 52 18 Hutt,
289 953 49 21 Esq..

140 974 76 17 Stewart
224 974 127 19 Majorilianks,
364 974 49 21 Esq.,

139 995 104 17 Alexander
251 994 61 18 Nairn,
322 995 47 19 Esq.,

139 1015 47 17 John
195 1015 54 18 Pirie,
258 1016 22 14 Jii
282 1019 22 15 q..
313 1014 105 17 Alderman.

139 1037 12 15 S
160 1040 9 12 r
175 1036 69 19 George
251 1035 80 16 Sinclair,
341 1035 55 16 Bart..
406 1034 18 17 M
432 1035 26 17 P.,

139 1056 47 17 John
195 1056 44 16 Abel
247 1056 63 18 Smith,
319 1056 49 19 Esq.,
379 1055 54 18 M.P.,

141 1077 45 16 Win,
198 1077 110 19 Thompson.
324 1076 47 20 Esq.,
388 1076 100 16 Alderman.
504 1075 54 19 M.P.,

140 1097 48 16 Hun.
197 1097 93 16 Frederick
298 1096 38 17 Jas.
343 1096 119 19 Tolleinache,
472 1096 53 19 M.P.,

140 1119 76 16 Edward
225 1118 21 16 G.
254 1117 101 17 Wakefield,
363 1117 37 21 E*q
408 1127 4 8 ,

139 1139 30 16 Sir
176 1139 63 19 Henry
249 1138 59 17 Webb,
318 1138 54 19 Bart.,

141 1160 68 16 Arthur
217 1159 62 18 Wilus,
288 1159 49 19 Esq.,

141 1181 68 19 George
218 1179 94 17 Frederick
322 1179 70 20 Young,
401 1178 42 21 Eiq.

201 1207 101 19 Secretary:
315 1206 52 16 John
376 1206 69 18 Ward,
454 1205 41 21 Esq.

58 1235 53 49 TI
117 1235 8 21 I
130 1235 16 21 E
157 1234 59 22 main
228 1234 96 21 features
331 1233 26 21 of
364 1233 37 21 the
409 1238 80 22 system
498 1233 26 20 of
531 1232 112 22 coloniza-

131 1262 45 20 tion
188 1259 95 28 adopted
294 1260 29 27 by
334 1259 36 22 the
385 1260 120 27 Company,
522 1266 45 20 are,
569 1272 32 4 —
605 1261 37 25 Ist,

56 1289 36 21 the
103 1288 45 22 sale
158 1288 27 21 of
194 1285 71 28 lands,
280 1291 22 17 at
317 1294 28 14 an
360 1286 99 22 uniform
472 1286 45 22 and
532 1286 110 21 sufficient

58 1315 69 28 price;
145 1314 44 22 and
203 1313 75 27 2ndly,
296 1313 38 21 the
350 1313 151 27 employment
516 1313 26 21 of
555 1320 12 14 a
583 1313 60 27 large

58 1342 83 27 portion
153 1341 25 21 of
185 1341 37 21 the
233 1340 208 28 purchase-money,
453 1347 21 15 as
485 1347 28 14 an
526 1340 117 26 Immigra-

56 1369 45 21 tion
114 1367 71 23 Fund.
216 1368 26 20 In
254 1367 60 21 these
324 1371 104 23 respects,
445 1366 36 22 the
491 1367 119 27 principles
621 1367 26 21 of

56 1395 68 22 South
139 1394 114 22 Australia
266 1393 58 21 have
339 1393 57 21 been
412 1393 101 21 followed
526 1400 25 14 as
566 1393 77 28 nearly

56 1430 22 14 as
97 1422 171 21 circumstances
285 1420 79 27 would,
386 1420 23 22 in
424 1420 37 22 the
479 1425 88 23 present
585 1427 57 20 case,

58 1449 85 27 permit.

81 1482 47 21 The
143 1480 72 28 grand
231 1480 72 27 object
318 1480 27 21 of
359 1480 38 21 the
412 1487 54 20 new,
482 1487 24 14 or
519 1480 123 28 improved,

56 1513 81 23 system
148 1508 26 21 of
186 1508 35 21 th&
233 1507 96 27 disposal
343 1507 27 20 of
387 1507 93 21 colonial
495 1507 72 27 lands,
585 1508 19 21 is
621 1512 22 17 to

56 1535 97 27 regulate
169 1534 36 21 the
221 1534 78 27 supply
317 1534 25 21 of
358 1541 51 14 new
423 1533 59 26 land,
498 1534 30 26 by
545 1534 37 21 the
597 1534 46 21 real

57 1567 67 16 wants
137 1562 26 20 of
177 1561 37 21 the
230 1560 116 27 Colonists,
363 1568 25 13 so
404 1560 48 21 that
464 1560 37 22 the
517 1561 54 22 land
586 1560 57 23 shall

57 1596 65 14 never
141 1588 27 21 be
186 1588 72 21 either
276 1587 187 27 superabundant,
486 1595 24 14 or
529 1587 113 27 deficient,

54 1615 70 22 either
141 1620 37 15 too
193 1614 77 28 cheap,
289 1621 25 14 or
334 1620 35 15 too
389 1614 60 21 dear.
487 1614 21 22 It
526 1614 41 22 has
586 1615 56 22 been

54 1642 76 21 shown
141 1642 47 21 that
198 1641 38 22 the
247 1640 42 23 due
301 1641 129 27 proportion
447 1641 99 22 between
564 1642 79 26 people

56 1668 45 22 and
108 1668 52 22 land
168 1675 50 21 may
225 1668 27 21 be
260 1668 127 26 constantly
393 1668 90 21 secured
492 1668 28 27 by
527 1668 116 23 abandon-

56 1696 37 26 ing
104 1696 35 21 the
150 1695 37 21 old
197 1700 81 21 system
291 1694 26 21 of
329 1701 95 20 grants,
436 1694 43 22 and
489 1695 115 28 requiring
614 1703 28 14 an

56 1722 97 21 u.iifurm
164 1722 59 27 price
233 1729 39 20 per
281 1728 58 19 acre,
355 1721 34 22 for
399 1721 27 22 all
438 1729 47 14 new
495 1722 72 26 lands
579 1722 65 22 with-

59 1753 37 18 out
105 1749 125 27 exception.
259 1748 24 21 If
294 1748 37 21 the
343 1748 59 27 price
414 1748 27 21 be
456 1752 38 18 not
507 1752 38 18 too
560 1749 49 26 low,
626 1750 18 21 it

57 1776 72 21 deters
136 1775 136 27 speculators
282 1775 57 21 from
354 1775 116 27 obtaining
484 1775 62 27 land,
562 1776 53 21 with
631 1785 13 13 a

58 1803 53 21 view
119 1806 24 17 to
153 1802 90 26 leaving
253 1801 56 22 their
318 1806 105 28 property
433 1802 22 21 in
465 1809 13 14 a
489 1802 75 22 desert
576 1806 66 24 state,

56 1830 44 21 and
113 1830 52 21 thun
179 1832 103 24 prevents
292 1828 110 27 injurious
412 1828 120 28 dispersion
540 1838 5 17 ;
561 1830 17 21 it
588 1830 54 27 also,

58 1858 26 26 by
94 1855 136 28 compelling
238 1863 65 19 every
313 1855 103 22 labourer
423 1859 22 18 to
454 1856 57 21 work
520 1856 35 21 for
564 1863 78 21 wages,

56 1883 55 22 until
121 1883 28 22 he
160 1882 38 22 has
209 1882 67 22 saved
291 1882 37 21 the
339 1882 54 27 only
404 1889 76 15 means
489 1882 26 21 of
527 1883 118 27 obtaining

56 1910 59 25 land,
125 1910 87 21 insures
227 1917 13 13 a
255 1908 79 28 supply
350 1909 26 21 of
387 1909 76 22 labour
478 1910 34 21 for
527 1909 55 22 hire.
614 1910 27 27 If,

56 1944 27 13 on
95 1936 36 21 the
141 1936 64 21 other
216 1935 66 27 hand,
298 1935 38 22 the
347 1936 60 26 price
418 1936 26 21 be
454 1941 38 16 not
503 1940 36 17 too
550 1936 61 27 high,
627 1937 16 21 it

57 1963 84 21 neither
150 1962 101 22 confines
261 1962 35 21 the
308 1962 87 21 aetllers
411 1962 73 22 within
499 1970 14 14 a
527 1971 66 19 space
609 1964 35 21 in-

56 1990 158 26 conveniently
230 1995 92 20 narrow,
340 1996 41 13 nor
397 1988 53 21 does
463 1990 18 21 it
496 1994 95 22 prevent
606 1990 37 21 the

56 2016 74 26 thrifty
147 2016 103 19 labourer
260 2016 60 18 -from
337 2015 119 26 becoming
467 2022 15 13 a
493 2015 149 26 land-owner,

57 2042 55 21 after
122 2041 99 26 working
232 2048 59 14 some
303 2040 54 21 time
367 2040 36 21 for
414 2048 77 19 wages.

86 2076 19 21 A
122 2075 118 26 sufficient,
257 2074 39 21 but
316 2078 39 17 not
374 2081 62 14 more
458 2074 48 22 than
529 2074 115 22 sufficient

58 2103 57 26 price
127 2103 33 21 for
172 2102 28 20 all
216 2108 49 15 new
278 2101 62 27 land,
357 2102 19 20 is
392 2101 36 21 the
444 2102 59 21 main
519 2102 87 21 feature
621 2102 26 21 of

58 2134 35 17 tne
113 2136 47 14 new
174 2133 84 27 system
273 2128 25 21 of
315 2128 155 22 colonization.
505 2128 21 21 It
543 2128 101 22 obviates

57 2164 65 18 every
133 2162 84 21 species
233 2155 26 21 of
271 2154 102 28 bondage
380 2162 6 18 ;
406 2155 30 27 by
451 2155 117 27 providing
583 2162 61 15 com-

58 2182 85 22 binable
153 2182 85 26 labour,
249 2182 16 21 it
275 2181 90 22 renders
375 2181 102 28 industry
484 2189 54 20 very
548 2182 96 27 produc-

58 2210 49 25 tive,
118 2209 44 22 and
172 2208 119 22 maintains
300 2208 54 22 both
365 2208 54 27 high
436 2216 77 19 wages,
530 2209 45 21 and
590 2209 52 27 high

58 2237 84 26 profits;
165 2236 17 21 it
197 2235 76 21 makes
292 2235 38 21 the
349 2235 82 27 colony
447 2242 21 14 as
486 2235 118 23 attractive
619 2244 25 13 as

58 2263 99 27 possible,
172 2262 54 22 both
243 2267 22 16 to
279 2262 123 27 capitalists
418 2262 43 22 and
476 2265 22 18 to
513 2262 116 22 labourers
638 2270 5 19 ;

57 2290 43 21 and
110 2295 38 15 not
158 2289 84 27 merely
253 2293 20 17 to
284 2289 69 26 these,
367 2289 42 21 but
418 2289 51 26 also,
480 2289 30 27 by
521 2289 124 27 bestowing

57 2324 27 14 on
100 2317 35 21 the
146 2317 89 26 colony,
252 2315 36 21 the
299 2315 73 22 better
388 2315 115 22 attributes
518 2316 27 21 of
562 2324 28 14 an
607 2316 37 22 old

56 2344 87 27 society,
155 2348 22 16 to
186 2343 63 21 those
258 2343 48 21 who
313 2342 58 22 have
379 2350 13 13 a
400 2342 88 22 distaste
496 2343 35 21 for
539 2343 58 21 what
604 2343 41 22 has

57 2370 119 22 heretofore
186 2370 59 21 been
256 2369 36 23 the
307 2369 114 28 primitive
431 2369 113 23 condition
557 2370 26 21 of
594 2378 50 14 new

57 2397 103 21 colonies.

82 2425 45 21 The
136 2427 62 24 great
209 2423 73 27 object
291 2423 27 21 of
329 2423 37 21 the
376 2423 61 27 price
447 2423 16 22 is
476 2427 22 17 to
513 2430 79 15 secure
606 2423 38 22 the

58 2456 53 16 most
122 2450 114 22 desirable.
240 2450 141 27 proportions
390 2450 97 22 between
503 2451 81 26 people
599 2451 45 21 and

58 2477 50 22 land
115 2486 4 18 ;
135 2478 38 21 but
185 2477 36 22 the
233 2477 50 27 plan
295 2477 40 21 has
345 2476 39 22 the
392 2477 83 22 further
483 2477 70 22 result
560 2478 26 21 of
594 2485 50 20 pro-

58 2505 80 26 ducing
147 2512 13 14 a
170 2511 103 19 revenue,
291 2503 72 22 which
380 2503 44 22 will
440 2509 39 17 not
494 2504 54 27 only
564 2505 81 28 supply

59 2531 34 22 the
106 2531 103 28 requisite
223 2531 65 27 profit
303 2535 23 17 to
341 2531 38 21 the
395 2531 154 22 shareholders
564 2532 26 21 of
606 2532 38 21 the

58 2559 118 26 Company,
200 2558 42 22 but
265 2557 111 22 furnishes
400 2557 37 23 the
461 2566 77 14 means
557 2559 34 21 for
614 2566 28 14 an

61 2585 148 27 Immigration
221 2584 70 27 Fund,
293 2597 32 4 —
327 2592 12 14 a
346 2584 58 22 fund
412 2585 126 28 constantly
546 2585 99 28 applica-

58 2612 34 21 ble
108 2616 22 17 to
146 2612 36 21 the
198 2619 94 20 purpose
310 2611 27 22 of
350 2611 107 28 bringing
468 2613 80 21 labour
566 2617 22 17 to
606 2612 38 22 the

57 2639 77 31 colony
135 2651 31 4 —
168 2639 47 21 that
230 2639 25 26 is,
272 2639 22 21 in
313 2639 94 26 causing
423 2639 38 21 the
477 2639 49 21 best
545 2646 56 14 sort
621 2639 26 21 of

57 2666 144 21 colonization
214 2669 22 17 to
246 2665 94 32 proceed
351 2670 23 16 at
386 2664 37 23 the
437 2670 95 21 greatest
546 2666 97 27 possible

57 2698 51 16 rate.
136 2693 54 21 And
197 2692 45 22 this
249 2700 17 14 is
273 2692 38 22 the
319 2692 85 22 second
414 2692 83 23 feature
506 2693 28 22 of
546 2692 38 23 the
594 2700 50 15 new

58 2724 86 23 system.

82 2753 45 22 The
138 2753 151 28 employment
299 2752 27 22 of
341 2752 38 22 the
393 2752 211 28 purchase-monoy,
620 2761 26 14 or

58 2779 34 22 the
103 2780 105 28 principal
219 2784 49 23 part
278 2780 25 21 of
314 2780 24 26 it,
349 2780 22 21 in
385 2780 124 28 conveying
519 2780 87 23 settlers
621 2784 23 18 to

58 2806 34 22 the
103 2807 85 27 colony,
200 2806 41 22 has
251 2806 36 22 the
296 2806 117 28 following
423 2808 81 21 effects.
536 2807 21 21 It
567 2807 78 22 makes

58 2833 34 22 the
108 2834 130 27 purchasers
253 2834 25 20 of
293 2833 54 22 land
362 2841 37 14 see
414 2834 91 27 plainly,
522 2833 48 22 that
586 2834 60 22 their

59 2867 77 21 money
146 2860 43 22 will
198 2860 30 21 be
238 2860 105 22 returned
353 2860 23 21 in
392 2860 38 21 the
443 2860 67 28 sliape
524 2861 26 21 of
565 2861 80 22 labour

58 2888 41 21 and
108 2887 138 28 population.
276 2887 21 21 It
306 2886 73 27 tends,
395 2886 23 22 in
429 2887 50 27 fact,
495 2890 22 19 to
527 2887 70 22 lower
606 2888 38 21 the

59 2921 112 21 necessary
190 2914 106 21 standard
316 2914 26 21 of
357 2914 69 26 price,
442 2914 101 26 because,
562 2913 55 22 with
632 2921 13 14 a

59 2945 99 18 constant
167 2940 72 21 influx
250 2940 25 21 of
285 2940 80 23 people
375 2943 23 18 to
409 2940 36 21 the
457 2940 86 28 colony,
553 2940 38 22 the
602 2940 43 22 due

60 2973 121 22 proportion
190 2973 97 15 between
296 2972 80 22 people
384 2970 44 18 and
437 2967 50 22 land
494 2974 53 20 may
555 2967 28 22 be
590 2967 55 28 kept

60 3001 26 20 up
95 2996 27 26 by
132 3003 12 13 a
156 2994 67 22 lower
233 2993 65 28 price,
313 2993 53 22 than
377 2993 21 22 if
410 2993 59 23 there
481 3001 57 15 were
549 3001 29 14 no
588 2994 55 22 such

59 3020 143 28 immigration
210 3037 6 5 .
237 3020 21 22 It
267 3020 112 22 therefore
386 3020 128 23 diminishes
522 3020 38 23 the
568 3021 77 28 period

61 3048 74 27 during
145 3048 71 22 which
227 3048 37 21 the
273 3048 105 21 labourer
392 3051 60 18 must
463 3048 59 22 work
538 3048 34 22 for
588 3048 56 28 hire,

61 3075 40 21 and
111 3076 27 26 by
148 3075 37 22 the
198 3074 65 28 rapid
277 3082 102 19 progress
395 3074 70 23 whicli
481 3076 17 21 it
512 3075 95 28 imparts
621 3079 23 18 to

61 3100 33 23 the
103 3102 47 21 best
159 3107 45 16 sort
214 3102 26 21 of
251 3102 158 26 colonization,
424 3102 18 21 it
457 3102 100 28 explains
572 3106 24 17 to
606 3102 38 22 the

62 3127 12 22 li
81 3128 90 27 bouring
180 3129 57 22 class
247 3128 25 22 of
278 3128 148 28 immigrants,
439 3128 46 23 that
494 3137 68 20 every
570 3137 44 14 one
622 3130 26 21 of

62 3154 55 23 tl.em
130 3156 48 21 who
193 3156 20 21 is
228 3156 137 21 industrious
381 3156 45 21 and
445 3156 83 28 thrifty,
546 3163 54 20 may
616 3157 28 21 be

61 3189 45 14 sure
116 3187 20 16 to
147 3183 91 22 become
251 3187 39 18 not
303 3182 87 28 merely
405 3190 28 15 an
451 3191 74 14 owner
540 3184 27 21 of
581 3183 62 27 land,

63 3208 35 21 but
113 3209 44 22 also
172 3210 21 21 in
216 3210 34 21 his
268 3214 60 22 turn,
349 3217 29 14 an
400 3210 114 28 employer
532 3210 28 22 of
579 3210 65 22 hired

63 3234 111 28 labourers,
186 3244 12 14 a
207 3240 82 18 master
299 3237 27 21 of
336 3242 109 16 servants.

88 3262 60 23 From
158 3262 61 23 these
229 3264 184 26 considerations,
428 3264 36 21 the
474 3264 120 27 Company
604 3264 41 22 has

64 3288 87 28 adopted
170 3290 37 22 the
223 3298 61 14 same
300 3295 85 23 system
402 3290 26 22 of
444 3291 115 27 disposing
572 3291 28 21 of
615 3291 29 22 its

65 3320 59 17 waste
134 3317 70 27 lands,
220 3325 25 14 as
261 3318 38 21 has
315 3317 93 28 already
421 3318 83 26 proved
519 3318 80 27 highly
610 3319 34 21 fa-

64 3343 96 22 vourable
174 3349 21 17 to
211 3344 38 22 the
263 3344 183 28 productiveness
461 3345 24 21 of
499 3344 107 28 industry
619 3345 23 22 in

64 3368 61 23 South
136 3371 119 21 Australia.
284 3372 27 21 In
322 3378 13 14 a
346 3378 50 15 new
409 3372 85 26 colony,
507 3371 98 32 planted
619 3372 23 22 in

64 3401 10 14 <»
84 3396 66 22 fertile
159 3398 43 21 and
218 3399 114 21 extensive
348 3398 112 33 territory,
474 3399 19 21 it
506 3398 20 22 is
541 3399 101 27 obvious,

64 3420 42 23 that
122 3424 37 21 the
174 3425 169 22 establishment
357 3425 28 21 of
400 3425 55 21 sucli
468 3432 15 14 a
497 3429 83 23 system
598 3425 18 22 is
631 3434 11 13 a

65 3453 71 18 matter
151 3452 25 20 of
193 3452 37 22 the
248 3452 90 28 deepest
355 3457 104 17 moment
472 3457 24 17 to
513 3452 39 22 the
568 3452 76 22 future

66 3476 77 23 welfare
155 3478 24 21 of
191 3479 91 27 society.
335 3479 67 22 From
418 3479 17 21 it
450 3479 36 22 the
501 3479 51 22 best
567 3479 77 22 effects

65 3508 43 20 may
117 3504 50 22 with
176 3505 129 23 confidence
315 3506 28 22 be
352 3506 136 27 anticipated
496 3514 5 13 :
517 3514 14 14 a
538 3510 104 19 constant

64 3528 38 23 Hud
111 3532 82 26 regular
202 3533 80 27 supply
292 3533 27 21 of
330 3540 49 14 new
390 3533 54 21 land
454 3533 21 22 in
491 3533 45 22 due
550 3540 93 21 propor-

61 3558 40 19 tion
111 3561 21 17 t»
141 3558 35 21 the
195 3564 70 17 wtiiits
273 3560 26 21 of
310 3567 14 14 a
332 3560 131 27 population
475 3560 129 27 increasing
614 3561 30 27 by

63 3582 60 23 nirths
132 3585 43 22 and
188 3586 151 27 immigration
346 3595 5 17 ;
370 3587 30 21 all
416 3587 38 22 the
466 3587 140 27 advantages
620 3591 23 18 to

64 3609 61 22 winch
135 3612 98 22 facilities
244 3613 24 21 of
278 3617 115 25 transport
399 3614 46 22 and
452 3614 189 23 communication

62 3641 33 16 are
105 3639 95 21 essential
209 3648 5 16 ;
231 3641 109 27 certainty
354 3641 27 21 of
391 3641 74 27 limits,
483 3641 45 23 and
543 3641 99 28 security

63 3662 22 20 of
94 3664 44 22 title
147 3670 22 16 to
178 3671 102 24 property
290 3667 23 22 in
329 3667 55 22 land
390 3676 5 17 ;
412 3667 37 22 the
459 3672 98 23 greatest
569 3668 73 22 facili-

62 3690 36 20 ties
106 3697 25 15 on
141 3693 114 28 acquiring
264 3694 36 22 the
313 3694 43 22 due
366 3695 102 28 quantity
474 3702 6 19 ;
496 3695 38 21 the
544 3699 98 23 greatest

62 3721 36 15 enc
251 3725 21 17 to
282 3721 152 28 immigration
445 3721 44 23 and
498 3723 132 21 settlement
637 3731 4 18 ;

63 3747 11 14 a
75 3747 27 17 »a
114 3744 34 22 the
163 3751 56 18 most
232 3748 62 27 rapid
310 3756 104 20 progress
428 3748 27 22 of
468 3748 38 22 the
520 3749 82 28 people
616 3750 24 22 in

63 3771 88 23 material
161 3774 93 22 comfort
263 3775 45 22 and
318 3775 70 22 social

158 3827 97 23 BILLS
268 3830 44 21 OF
327 3829 206 22 EXCHANGE.

64 3857 152 49 I)MNTED
230 3865 104 25 FORMS
348 3864 63 22 FOR
425 3864 78 24 SALE
517 3866 43 22 AT
572 3866 67 22 THE

87 3911 21 9 VT
128 3888 107 25 OFFICE
248 3892 38 22 OF
299 3892 75 22 THIS
390 3892 107 22 PAPER.

87 3914 120 26 November
216 3919 21 25 4,
249 3920 60 21 1840-
647 3926 2 17 1

1300 612 72 48 ON
1396 613 85 26 SALE,
1503 618 23 17 at
1545 614 36 22 the
1601 614 74 22 Stort-s
1694 614 25 22 of
1741 614 36 22 the
1797 614 87 22 Under-

1377 639 78 27 signed
1463 648 5 13 :—:
1471 651 28 5 —

1326 678 88 29 Pomy's
1425 680 82 23 Medoc
1518 680 75 27 claret,
1603 681 22 21 in
1636 688 69 20 cases,
1717 683 9 19 1
1740 681 47 22 doz.
1800 680 62 23 each.

1406 706 63 22 Ditto
1605 707 56 22 ditto
1715 709 13 20 2
1765 707 63 22 ditto.

1325 731 60 29 Very
1395 733 100 25 superior
1503 737 51 23 port
1564 734 62 25 wine,
1637 734 58 21 ditto
1716 736 12 19 .'{
1766 734 62 21 ditto.

1408 759 60 22 Ditto
1604 760 63 25 ditto,
1679 760 22 22 in
1713 764 89 24 quarter
1812 760 69 22 casks.

1324 784 81 28 Sherry
1407 797 25 4 —
1433 786 84 27 b^own,
1536 786 60 27 gold,
1614 787 58 27 pale,
1692 782 36 27 old
1752 787 83 27 brown,
1859 787 24 22 in

1298 816 88 23 qturter
1396 812 71 22 casks.

1326 838 95 28 Brandy,
1433 839 22 22 in
1467 846 61 15 cases
1538 840 26 21 of
1576 841 9 20 1
1598 839 48 22 doz.
1657 840 62 23 each.

1407 866 63 21 Ditto
1578 868 13 19 :i
1629 866 64 26 ditto,

1325 891 67 27 Rum,
1408 892 21 21 in
1446 892 64 22 hhds.
1526 892 26 22 of
1562 894 27 20 43
1598 892 94 28 gallons.

1406 918 63 22 Ditto
1564 920 28 21 47
1627 919 64 22 ditto.

1324 945 52 24 Gin,
1388 944 50 23 half
1449 953 69 16 cases,
1529 947 9 20 1
1552 945 70 22 dozen
1634 946 62 22 each.

1322 970 101 29 Taylor's
1434 976 66 23 stout,
1512 973 22 20 in
1547 972 68 22 wood.

1340 997 63 22 Ditto
1432 999 49 27 pale
1493 999 42 26 ale,
1548 999 61 22 ditto.

1341 1024 62 21 Ditto
1432 1029 66 21 stout,
1510 1026 22 21 in
1542 1026 74 24 bottle,
1629 1026 64 23 casks
1699 1026 25 23 of
1729 1028 14 20 3
1752 1026 49 22 doz.
1810 1025 62 24 each.

1323 1050 175 24 Ilebblewhite's
1508 1056 66 23 stout,
1586 1052 55 22 ditto
1752 1052 61 23 ditto.

1369 1078 62 22 Ditto
1508 1079 42 27 ale,
1584 1079 55 22 ditto
1750 1080 62 22 ditto.

1569 1120 107 22 Richard
1688 1120 85 26 Baker,

1513 1152 125 22 Wholesale
1651 1153 66 22 Wine
1729 1153 126 23 Merchant.

1326 1184 144 28 Well'ng'on,
1482 1185 54 22 Feb.
1548 1188 32 24 18,
1593 1188 58 20 1841.

1300 1239 156 48 MESSRS.
1493 1240 159 27 WALLACE,
1692 1241 112 26 WHITE,
1839 1242 44 21 and

1390 1266 152 23 WALLACE
1555 1267 55 22 have
1626 1275 29 14 on
1665 1268 53 22 sale,
1729 1275 30 14 an
1769 1268 114 22 extensive

1296 1296 134 18 assortment
1437 1294 24 20 of
1474 1301 64 19 guns,
1548 1294 79 22 double
1635 1294 46 21 and
1688 1294 71 27 single
1766 1294 115 27 barrelled,

1298 1324 53 21 pots,
1373 1319 86 27 kettles,
1479 1327 129 21 saucepans,
1630 1320 40 23 fl.it
1688 1320 67 26 irons
1778 1322 105 26 crockery

1294 1353 66 20 yare,
1381 1348 135 25 carpenters'
1536 1347 56 22 tools
1609 1348 22 20 of
1656 1355 66 19 every
1742 1348 141 27 description,

1284 1373 153 26 ■^agricultural
1455 1374 148 26 implements,
1620 1375 49 25 &i\,
1688 1374 71 21 which
1777 1374 52 28 they
1846 1382 38 14 are

1287 1399 89 26 Celling
1386 1404 22 17 at
1418 1400 147 28 exceedingly
1576 1400 41 22 low
1627 1401 78 27 prices,
1717 1405 24 18 at
1748 1401 56 22 their
1813 1402 70 26 Store,

1297 1433 53 14 near
1359 1426 33 22 Te
1402 1428 47 20 Aro
1461 1427 56 22 Flat.

1340 1480 146 21 THOMAS
1502 1482 74 20 AND
1592 1482 141 20 SAMUEL
1750 1482 89 21 COOK

1298 1514 90 48 BEG
1399 1519 21 17 to
1430 1515 81 21 inform
1523 1515 36 21 the
1571 1515 79 28 public,
1663 1515 47 22 that
1726 1515 83 27 having
1824 1523 61 15 com-

1375 1541 73 27 pleted
1467 1542 57 21 their
1547 1542 113 22 extensive
1680 1542 205 22 weather-boarded

1297 1568 70 26 Store,
1378 1567 52 28 they
1441 1568 56 22 have
1515 1576 67 20 every
1599 1569 151 22 convenience
1767 1569 34 22 for
1817 1576 68 16 ware-

1297 1594 95 27 housing
1400 1595 76 26 goods,
1488 1600 23 17 at
1521 1603 13 14 a
1545 1602 52 20 very
1606 1595 114 23 moderate
1731 1596 89 27 charge.

1326 1627 109 22 Lambton
1447 1629 72 27 Quay,
1531 1628 144 28 Wellington,
1689 1629 53 22 Jan.
1752 1631 33 24 29,
1799 1632 58 19 1841.

1503 1684 69 21 FOR
1588 1684 93 26 SALE,

1300 1715 118 49 GOOD
1428 1715 85 28 sherry,
1525 1717 23 21 in
1559 1721 89 23 quarter
1658 1717 70 22 casks.

1381 1743 110 27 Crockery
1503 1743 45 21 and
1557 1748 124 18 iron-stone
1692 1752 64 14 ware.

1326 1769 122 28 Eight-day
1459 1770 43 21 and
1514 1770 75 22 Dutch
1601 1770 81 22 clocks.

1326 1796 100 27 Fowling
1437 1796 79 27 pieces,
1527 1797 103 26 muskets,
1642 1797 46 21 and
1698 1797 126 23 umbrellas.

1326 1825 104 25 Cooper's
1442 1830 64 19 wart,
1519 1823 53 22 such
1583 1831 23 13 as
1616 1823 99 28 buckets,
1727 1825 89 28 churns,
1828 1825 58 28 tubs,

1298 1849 113 28 kneading
1421 1849 99 28 troughs
1531 1851 41 21 &c.
1583 1851 39 21 &c.
1632 1851 42 21 &c.

1326 1877 96 21 Brushes
1433 1877 27 21 of
1470 1877 28 21 all
1510 1877 72 22 kinds.

1281 1915 3 32 j
1538 1911 25 21 T.
1576 1911 32 22 M.
1620 1912 134 22 Partridge
1765 1913 44 21 and
1821 1913 37 21 Co.

1521 1966 144 20 TIMBER.

1280 1987 11 29 '/,
1303 1990 179 25 QEASOMI'.n
1493 1991 87 23 board*,
1595 1993 5 16 1
1613 1999 39 16 m.,
1666 1994 9 21 J
1687 1992 37 24 in.,
1735 1993 44 21 and
1791 1995 9 20 I
1813 1994 29 21 in.

1300 2011 33 24 O
1381 2013 104 22 Weather
1496 2015 87 20 boards.

1379 2041 117 26 Scantling
1506 2041 26 21 of
1543 2041 29 22 all
1582 2041 63 22 sizes.

1379 2067 97 28 Norway
1487 2068 68 22 deals.

1380 2094 100 21 Battens.

1378 2122 28 20 50
1416 2121 58 27 pairs
1484 2121 87 22 French
1581 2121 112 29 windows,
1704 2126 43 19 two
1757 2124 64 22 sizes.

1380 2147 123 22 Funnelled
1514 2148 73 22 doors.

1517 2182 26 22 T.
1559 2183 33 21 M.
1609 2183 134 23 Partridge
1759 2185 44 22 and
1819 2185 38 23 Co.

1298 2215 194 27 Manners-street,
1503 2216 145 28 Wellington,

1348 2243 32 21 Ist
1391 2242 130 27 December,
1535 2245 59 20 1840.

1299 2297 86 47 FOII
1409 2297 86 25 SALE,
1516 2305 13 14 a
1548 2299 102 27 quantity
1668 2300 26 21 of
1715 2299 75 23 Water
1809 2301 76 27 Casks,

1371 2325 77 26 neaiiy
1460 2331 55 15 new.
1545 2325 74 28 Apply
1630 2329 24 18 to

1471 2358 129 27 Ridgways,
1613 2359 104 27 Guyton-,
1730 2361 45 21 and
1785 2361 71 22 Evrp.

1503 2415 178 22 BREWING.

1298 2447 87 48 FOR
1395 2448 84 25 SALE,
1492 2455 13 14 a
1514 2448 62 22 small
1589 2449 61 27 plant
1660 2449 91 27 capable
1762 2450 25 21 of
1794 2450 68 27 doing
1872 2459 14 15 a

1355 2471 138 31 respectable
1504 2476 62 21 trade
1574 2484 5 16 ;
1596 2476 46 21 also
1652 2484 14 13 a
1675 2477 103 27 quantity
1788 2477 26 21 of
1820 2479 64 25 grain

1296 2501 35 21 f.ir
1339 2505 89 23 present
1439 2509 45 15 use.
1514 2502 47 21 The
1573 2502 120 22 advertiser
1700 2503 21 21 in
1730 2511 155 21 consequence

1296 2528 26 21 of
1328 2535 12 14 a
1355 2528 108 22 domestic
1481 2529 111 28 calamity,
1609 2529 42 22 will
1668 2530 84 27 shoitly
1769 2531 62 22 leave
1848 2532 37 21 the

1296 2554 93 28 Colony,
1401 2556 93 26 thereby
1505 2556 113 27 resigning
1635 2556 34 22 his
1686 2557 108 27 sanguine
1804 2566 81 14 expec-

1296 2582 82 21 tations
1393 2586 20 17 ot
1431 2589 88 15 success
1535 2590 24 14 as
1575 2591 14 13 a
1603 2583 84 22 brewer
1703 2583 59 23 here.
1799 2585 32 21 To
1847 2585 37 23 the

1296 2613 62 22 party
1370 2609 140 27 purchasing,
1523 2610 27 21 he
1560 2610 50 26 will,
1622 2610 20 22 if
1653 2611 108 27 required,
1774 2611 26 21 be
1809 2611 76 28 lvippy

1295 2640 22 16 to
1341 2635 82 23 render
1448 2636 33 22 his
1507 2637 119 21 assistance
1655 2637 45 22 and
1723 2638 159 27 observations,

1295 2662 83 27 having
1394 2663 56 21 been
1470 2670 67 20 many
1555 2671 65 20 years
1637 2665 125 21 connected
1779 2665 51 21 with
1847 2665 37 23 the

1294 2689 129 22 celebrated
1443 2690 105 22 Windsor
1565 2691 34 21 ale
1620 2691 108 27 brewery.
1766 2692 75 27 Apply
1861 2697 23 17 to

1474 2724 80 22 Frank
1566 2724 97 28 Losack,
1675 2725 147 27 Wellington.

1443 2780 85 19 NEW
1543 2780 189 21 ARRIVALS.

1294 2813 104 47 DS.
1414 2813 75 22 DURI
1497 2813 16 22 E
1523 2814 43 22 and
1577 2814 45 22 CO.
1634 2814 57 22 have
1701 2815 101 23 received
1808 2816 30 27 by
1846 2816 37 22 the

1352 2851 10 11 •
1394 2840 66 22 latest
1469 2841 92 21 arrivals
1569 2858 6 5 .—.
1576 2852 28 5 —

1321 2873 76 28 Sperm
1413 2874 45 22 and
1474 2875 66 22 black
1554 2876 36 26 oil,
1609 2876 61 21 York
1687 2876 44 22 and
1747 2876 137 28 Westphalia

1292 2899 72 24 hams,
1376 2901 118 26 molasses;
1514 2902 99 27 EnglUh,
1625 2903 82 25 Dutch,
1723 2904 44 21 and
1782 2904 101 23 Colonial

1293 2926 92 28 cheese;
1402 2928 78 22 basket
1489 2929 50 25 salt,
1555 2929 56 22 Bath
1627 2930 80 26 bricks,
1723 2931 99 26 superior
1836 2935 48 18 teas

1293 2954 22 21 in
1336 2955 116 27 packages
1475 2956 61 26 lump
1554 2956 45 22 and
1618 2957 44 21 soft
1681 2964 82 19 sugars,
1783 2959 101 26 superior

1296 2980 93 23 Manilla
1399 2989 78 20 cigars,
1489 2982 61 28 palm
1561 2991 47 14 wax
1620 2984 97 27 candles,
1726 2984 103 22 Windsor
1839 2985 45 23 and

1293 3008 86 23 marine
1390 3016 61 20 soap.

1458 3043 71 15 FRESH
1543 3044 86 15 BUTTER
1642 3044 78 16 DAILY.

1320 3068 147 29 Wellington,
1483 3070 78 22 March
1574 3072 31 25 12,
1618 3072 61 20 1841.

1293 3123 89 48 FOR
1393 3123 129 23 immediate
1537 3125 53 22 sale,
1602 3125 157 27 commencing
1768 3133 28 14 on
1816 3126 67 22 Mon-

1352 3150 43 28 day
1405 3156 62 19 next,
1479 3154 23 18 at
1517 3151 37 22 the
1573 3151 75 22 Warre
1659 3152 27 22 of
1699 3152 74 23 Frank
1783 3152 97 28 Losack,

1292 3183 56 15 near
1357 3176 37 23 the
1404 3177 58 22 head
1475 3178 26 21 of
1507 3178 38 22 the
1554 3178 44 28 bay
1607 3187 4 13 :—:
1613 3190 28 4 —

1321 3210 80 23 Ladies
1425 3211 129 29 mahogany
1578 3212 120 27 wardrobe,
1722 3213 13 21 5
1761 3212 73 23 chests
1859 3214 27 22 of

1291 3236 104 28 drawers,
1409 3238 123 23 Pembroke
1543 3239 65 26 table,
1619 3241 12 19 5
1643 3239 79 28 chairs,
1734 3240 70 22 music
1815 3240 65 25 stool,

1291 3265 15 20 4
1315 3264 48 22 iron
1380 3265 125 26 bedsteads,
1518 3273 41 14 one
1571 3270 23 18 ol
1610 3266 71 22 which
1698 3266 18 22 is
1731 3266 38 22 the
1787 3267 49 21 best
1846 3267 36 26 ja-

1291 3291 99 27 panned,
1405 3291 124 23 household
1540 3293 68 27 linen,
1623 3293 70 22 ladies
1703 3293 45 22 and
1759 3293 119 22 children's

1294 3319 99 26 apparel.

1321 3351 31 22 At
1362 3352 37 22 the
1409 3354 86 20 Bazaar
1506 3355 69 23 Slore,
1584 3356 54 19 next
1646 3353 75 28 Mi'jnr
1728 3353 95 27 Dune's,
1832 3354 49 27 pair

1292 3378 53 22 card
1361 3380 47 21 tabl
1416 3388 22 19 -s,
1457 3381 55 25 sofa,
1531 3380 148 27 gentlemen's
1696 3380 78 28 chairs,
1785 3386 87 22 carpets

1292 3412 58 19 rugs,
1369 3408 54 21 door
1442 3412 65 21 mats,
1529 3407 120 22 children's
1668 3406 81 28 chaise,
1770 3407 48 27 pier
1836 3408 45 22 and

1292 3432 62 21 toilet
1377 3433 66 27 glass,
1464 3441 13 14 a
1497 3434 102 28 splendid
1620 3434 80 27 guitar,
1721 3434 49 22 dish
1796 3442 83 20 covers,

1292 3458 100 24 German
1411 3460 63 22 brass
1492 3461 77 22 bound
1594 3461 69 26 chest,
1683 3468 29 15 an
1736 3460 48 23 iron
1810 3461 69 27 chest,

1291 3485 75 28 china,
1377 3486 59 28 glass
1451 3487 44 22 and
1507 3488 75 27 plated
1592 3487 75 27 goods,
1679 3495 14 14 a
1702 3492 34 17 set
1746 3488 25 21 of
1785 3488 97 28 farming

1291 3512 150 28 implements,
1462 3514 63 28 dairy
1552 3514 97 26 utensils,
1670 3522 14 13 a
1710 3514 86 22 smith's
1818 3515 62 27 forge

1291 3540 118 27 complete,
1427 3541 167 29 ironmongery,
1611 3541 38 22 the
1672 3541 66 22 finest
1754 3542 127 27 perfumery

1290 3566 45 21 and
1345 3573 61 21 soap,
1417 3575 13 14 a
1449 3568 113 21 M'lntosh
1573 3564 44 26 'life
1633 3575 124 24 preserver,
1775 3576 105 23 marquee

1290 3592 44 22 and
1345 3597 43 18 two
1399 3598 66 23 tents,
1477 3595 45 22 and
1532 3603 13 14 a
1555 3595 117 22 collection
1683 3594 26 22 of
1717 3594 75 27 books,
1804 3595 52 22 with
1867 3603 13 14 a

1289 3624 64 22 great
1364 3622 84 27 variety
1459 3622 25 21 of
1491 3622 73 21 useful
1574 3621 88 22 articles
1672 3621 33 22 far
1713 3625 37 18 too
1759 3629 120 15 numerous

1289 3651 23 16 to
1322 3648 108 26 mention,
1442 3648 44 22 and
1504 3649 45 22 will
1563 3649 28 22 be
1607 3648 49 22 sold
1672 3652 24 17 at
1705 3655 13 14 a
1727 3652 63 23 great
1800 3648 79 23 reduc-

1289 3674 45 21 tion
1347 3675 22 20 of
1380 3674 57 23 their
1448 3675 74 22 value.

1289 3729 89 48 FOR
1396 3729 85 26 SALE,
1502 3737 13 14 a
1533 3729 65 22 small
1614 3729 103 27 quantity
1734 3730 27 21 of
1777 3730 102 26 superior

1361 3756 79 22 SEED
1457 3756 121 22 WHEAT.
1607 3756 75 28 Apply
1698 3759 23 18 to
1740 3755 43 23 Mr.
1800 3756 77 23 James

1290 3782 67 27 Watt,
1369 3782 145 28 Wellington.

1460 3843 106 21 BRIEF
1580 3841 125 22 PAPER.

1288 3883 88 49 FOR
1390 3883 86 28 SALE,
1488 3886 24 19 at
1521 3883 37 23 the
1705 3881 77 28 Office,
1790 3882 86 23 36-line

1359 3910 66 23 Brief
1435 3910 82 28 Paper.
