2559 3999
861 1764 34 16 TO
912 1763 174 17 SUBSCRIBERS.

705 1792 39 18 Mr.
752 1793 94 20 Deiarhton
852 1792 35 18 has
896 1791 117 18 undertaken
1020 1792 20 16 to
1049 1791 30 17 act
1087 1794 21 13 as
1119 1791 57 20 agent
1184 1790 19 16 at
1210 1789 57 17 Wan-

684 1814 66 22 ganui,
764 1813 38 18 ami
816 1813 36 18 Mr.
867 1814 74 16 Barrett
956 1814 20 15 at
989 1811 31 18 the
1037 1810 99 26 Plymouth
1151 1810 116 22 Company's

683 1834 112 19 settlement
803 1836 20 15 at
830 1834 99 17 Taranaki.
952 1832 46 18 Care
1006 1832 38 18 will
1060 1831 22 18 be
1095 1832 55 17 taken
1159 1833 20 15 to
1187 1831 80 18 forward

684 1860 69 17 papers
760 1855 25 21 by
794 1859 53 17 every
855 1854 129 22 opportunity.
1006 1854 16 17 A
1032 1853 34 18 few
1074 1853 69 21 copies,
1150 1853 31 16 for
1195 1857 11 12 a
1215 1852 52 17 short

684 1876 54 21 time,
750 1877 36 16 will
799 1877 22 16 be
833 1878 43 15 sent
884 1880 24 13 on
916 1876 38 16 sale
961 1880 5 15 j
979 1875 34 16 but
1026 1878 79 17 persons
1112 1875 20 15 at
1143 1873 55 17 these
1205 1874 62 21 places

684 1897 83 24 wishing
778 1899 20 15 to
812 1897 47 17 have
872 1897 33 17 the
912 1900 62 17 paper,
983 1897 20 15 to
1011 1899 66 13 secure
1086 1894 15 17 it
1110 1895 100 21 regularly,
1218 1895 49 16 must

684 1919 53 19 place
745 1918 50 17 their
801 1921 65 14 names
874 1921 25 14 on
906 1917 32 17 the
946 1916 130 21 subscription
1083 1916 39 17 list.

859 1964 115 19 LATEST
987 1964 111 19 DATES.

682 2231 120 44 New
839 2229 210 41 Zealand
1079 2227 188 48 Gazette

729 2291 66 22 AND
811 2289 212 23 WELLINGTON
1038 2288 182 23 SPECTATOR.

797 2345 129 24 Saturday,
942 2344 87 21 March
1048 2344 32 24 13,
1097 2343 59 21 IS4I.

1905 126 55 23 with
1970 126 47 24 less
2029 133 108 24 expense,
2149 126 55 23 with
2216 125 112 31 infinitely
2335 133 62 17 moise
2408 124 84 24 advan-

1906 162 51 26 tage
1980 163 23 18 to
2024 159 40 23 the
2087 159 97 29 Colony.
2221 158 34 23 At
2277 158 30 23 its
2331 158 98 30 opening
2451 157 40 23 the

1906 191 74 30 valley
1990 192 21 22 is
2024 190 90 24 divided
2121 195 50 25 \nto
2183 195 44 19 two
2237 195 72 26 parts,
2319 190 32 30 by
2358 197 13 16 a
2382 189 43 24 low
2435 189 42 23 hill
2483 198 7 20 ;

1907 232 14 14 a
1938 224 84 22 rivulet
2041 224 63 22 flows
2123 221 48 25 into
2191 222 49 24 the'
2248 223 103 23 Tiarbour
2371 220 64 25 from'
2453 221 39 24 the

1907 261 89 18 eastern
2025 256 49 23 side
2075 268 32 4 —
2107 255 55 24 here
2191 263 40 16 our
2260 255 67 31 guide
2349 254 82 23 landed
2454 261 36 21 us,

1907 288 81 30 telling
2004 296 28 15 us
2053 289 49 22 that
2121 288 49 23 that
2181 296 46 15 was
2244 287 37 24 his
2291 288 78 30 point;
2389 286 38 24 the
2445 286 46 23 tide

1907 327 45 16 was
1974 325 23 18 at
2017 320 69 23 about
2103 320 51 23 half
2168 320 68 28 flood,
2255 320 44 23 and
2316 324 40 26 yet
2372 319 62 23 there
2446 326 47 15 was
2493 338 28 3 —

1907 360 14 16 a
1931 353 155 23 considerable
2097 353 41 23 flat
2149 357 24 18 at
2191 352 45 24 this
2257 352 43 23 end
2317 351 133 28 uncovered,
2464 359 26 15 as

1907 392 33 15 we
1951 385 45 22 had
2008 385 70 22 found
2090 389 23 23 a,t
2123 385 44 24 the.
2170 385 64 23 other
2243 385 43 22 end
2293 385 26 22 of
2328 384 97 23 Porirua
2432 384 59 30 Bay.

1907 417 43 23 We
1957 417 126 31 proceeded
2090 421 23 19 to
2121 418 54 22 seek
2183 418 35 22 for
2224 417 37 23 the
2268 417 56 31 path
2330 416 91 31 leading
2427 421 22 18 to
2456 416 39 23 the

1909 449 70 24 Hutt.
2013 449 45 24 We
2077 449 92 23 crossed
2187 449 38 23 the
2243 449 80 24 mouth
2341 449 26 24 of
2383 458 14 14 a
2408 453 83 19 stream

1908 482 25 23 of
1941 482 69 23 about
2022 482 38 23 the
2071 489 62 16 same
2145 482 90 23 volume
2246 489 25 16 as
2283 482 38 23 the
2334 482 160 30 Ki-na-poura

1906 527 34 4 —
1941 515 45 23 and
2005 522 57 16 soon
2081 514 90 24 arrived
2190 522 29 15 on
2241 515 38 23 the
2300 514 63 32 right
2383 514 62 23 bank
2469 514 26 22 of

1907 548 101 23 another.
2046 548 82 23 Before
2140 547 144 31 proceeding,
2295 547 111 27 however,
2419 547 17 22 it
2448 546 46 23 will

1907 580 27 24 be
1946 588 26 15 as
1989 580 52 24 well
2060 585 22 18 to
2095 580 102 23 describe
2209 580 38 22 the
2259 579 109 23 southern
2386 579 65 23 shore
2471 578 27 26 o.f

1907 613 45 23 this
1963 613 87 23 branch
2062 613 26 22 of
2096 613 39 22 the
2147 613 105 23 Porirua.
2288 612 35 23 At
2336 612 38 22 the
2386 616 106 19 entrance

1907 646 37 22 the
1956 646 54 22 land
2022 645 112 31 appeared
2147 649 22 19 to
2187 646 30 22 be
2232 644 75 24 fertile
2319 644 45 23 and
2375 644 50 23 well
2445 644 48 23 cul-

1907 679 83 22 tivated
1998 688 6 19 ;
2018 679 19 22 it
2049 686 44 15 was
2106 678 49 23 said
2165 678 32 30 by
2211 686 41 15 our
2270 677 68 31 guide
2358 682 21 18 to
2388 677 30 23 be
2453 677 40 22 nui

1907 711 36 30 pai
1966 723 35 4 —
2001 719 56 22 very
2067 711 66 30 good,
2154 711 35 23 till
2206 719 33 15 we
2251 709 98 24 reached
2365 717 13 15 a
2389 710 64 30 point
2469 709 24 23 of

1907 743 52 23 land
1972 743 72 24 called
2057 743 127 23 Tutamaru
2192 752 5 20 ;
2218 743 90 31 beyond
2320 742 45 24 this
2377 749 34 16 we
2422 749 46 15 saw
2479 750 15 14 a

1907 776 66 23 small
1997 776 42 23 but
2064 776 176 31 comparatively
2265 776 57 30 deep
2347 776 45 30 bay
2421 774 73 24 called

1909 808 148 29 Rabakawai,
2075 809 49 23 into
2135 809 73 22 which
2223 817 13 15 a
2248 808 66 24 small
2326 812 84 19 stream
2420 808 73 22 flows.

1907 841 23 22 A
1938 842 66 30 point
2011 841 26 23 of
2044 841 53 23 land
2105 841 86 23 divides
2199 841 45 23 this
2253 841 59 23 from
2320 840 95 24 another
2425 840 69 23 small

1908 874 51 29 bay,
1996 874 71 23 called
2093 874 127 23 Pohoreru.
2267 874 71 22 From
2363 873 45 23 this
2429 873 66 30 point

1908 907 37 22 the
1970 906 54 23 land
2043 914 29 15 on
2091 906 46 23 this
2156 906 49 23 side
2229 906 25 23 of
2274 906 38 23 the
2334 905 99 24 harbour
2451 913 42 23 ap-

1907 940 83 29 peared
2001 943 23 19 to
2035 939 29 23 be
2075 947 56 23 poor
2144 939 45 23 and
2206 938 114 31 profitless
2321 951 33 3 —
2354 938 89 31 beyond
2455 938 39 23 the

1907 973 113 29 precincts
2034 972 24 23 of
2067 973 40 22 the
2117 972 100 23 harbour
2235 971 105 24 however
2352 971 63 23 there
2426 971 20 23 is
2464 978 31 16 an
2507 989 2 3 .

1907 1013 140 22 appearance
2060 1005 24 23 of
2092 1009 66 26 great
2171 1005 166 30 improvement
2348 1004 95 23 towards
2456 1004 39 23 the

1907 1037 61 25 S.E.
2012 1038 52 24 The
2083 1038 82 23 timber
2183 1037 84 24 looked
2276 1038 82 27 better,
2378 1037 43 23 and
2434 1036 35 23 for
2482 1045 14 15 a

1907 1070 55 32 long
1974 1071 101 23 distance
2086 1071 65 23 there
2163 1070 113 32 appeared
2286 1074 23 19 to
2325 1070 29 23 be
2366 1077 29 16 no
2408 1069 87 24 sudden

1906 1105 46 22 rise
1964 1105 24 21 in
2000 1104 39 22 the
2050 1104 62 24 land.
2147 1103 45 23 We
2211 1103 110 23 observed
2340 1103 47 23 also
2407 1103 24 22 in
2446 1102 48 24 this

1907 1136 118 29 direction,
2049 1137 50 22 that
2121 1136 24 23 in
2168 1136 39 23 the
2230 1136 85 23 distant
2336 1135 55 23 hills
2418 1134 76 24 which

1907 1169 74 23 divide
1994 1169 38 23 the
2044 1169 99 23 Porirua
2160 1169 88 23 district
2266 1168 60 24 from
2337 1168 38 23 the
2387 1168 73 30 valley
2472 1169 26 22 of
2507 1188 4 2 .

1907 1201 38 24 the
1970 1202 70 28 Hutt,
2062 1202 64 23 there
2149 1209 47 16 was
2209 1209 13 15 a
2242 1201 77 28 notch,
2344 1208 24 16 as
2387 1201 21 22 if
2428 1201 65 23 there

1906 1242 46 15 was
1965 1242 13 15 a
1989 1242 54 23 pass
2055 1235 22 22 in
2090 1234 38 23 the
2139 1234 55 23 hills
2206 1234 71 23 there.
2314 1234 26 23 If
2349 1234 56 23 such
2417 1241 13 15 a
2439 1241 56 24 pass

1906 1267 72 30 really
1997 1267 54 23 does
2070 1268 67 27 exist,
2161 1269 19 20 it
2202 1267 46 22 will
2270 1267 29 22 be
2317 1267 39 22 the
2372 1274 79 16 means
2471 1267 26 23 of

1907 1300 98 30 opening
2017 1300 94 23 another
2122 1300 55 23 road
2196 1300 24 22 of
2236 1303 65 27 great
2312 1300 138 30 importance
2466 1303 24 20 to

1907 1333 38 23 the
1959 1333 96 29 Colony.

1942 1366 62 23 Soon
2016 1366 58 23 after
2083 1366 94 30 parting
2187 1365 59 24 from
2258 1373 41 16 our
2310 1364 68 32 guide
2391 1364 36 24 the
2438 1365 57 31 path

1906 1399 93 23 became
2011 1399 61 23 clear
2083 1399 99 30 enough,
2194 1403 24 18 at
2226 1399 51 23 first
2288 1399 95 30 passing
2396 1398 98 30 through

1907 1440 14 14 a
1931 1439 70 24 grove
2014 1431 25 24 of
2050 1436 55 19 tawa
2114 1441 6 19 ;
2133 1431 67 23 when
2211 1435 23 19 at
2245 1432 65 28 fault,
2328 1439 14 16 a
2352 1431 42 24 few
2406 1431 88 24 broken

1906 1465 113 23 branches
2038 1465 90 23 shewed
2145 1472 28 15 us
2192 1464 38 23 the
2248 1464 66 24 track
2333 1465 74 30 again.
2449 1464 45 24 We

1908 1497 91 24 crossed
2024 1505 13 15 a
2055 1498 66 23 small
2144 1502 83 19 stream
2251 1497 88 24 several
2361 1498 73 28 times,
2455 1497 38 24 the

1907 1535 96 25 country
2027 1530 124 31 ascending
2173 1530 85 31 gently,
2282 1531 121 30 becoming
2429 1538 63 16 more

1907 1571 67 23 open,
1987 1564 45 22 and
2043 1563 126 31 producing
2180 1571 63 16 some
2254 1563 45 23 fine
2311 1563 82 24 timber
2401 1572 6 19 ;
2424 1563 70 23 about

1908 1601 42 19 two
1963 1596 71 24 hours
2045 1597 59 23 from
2116 1596 38 24 the
2166 1597 54 23 time
2238 1604 33 15 we
2288 1596 80 31 parted
2388 1595 53 23 with
2453 1604 42 15 our

1907 1629 68 31 guide
1993 1637 35 15 we
2046 1629 89 24 arrived
2153 1634 24 18 at
2194 1629 38 23 the
2253 1630 131 23 confluence
2402 1629 25 22 of
2447 1633 43 19 two

1908 1663 67 23 small
1992 1663 43 23 but
2051 1663 112 23 beautiful
2182 1666 102 25 streams,
2286 1675 33 4 —
2321 1662 37 23 the
2377 1662 74 30 larger
2472 1662 25 23 of

1908 1696 38 23 the
1959 1700 42 19 two
2015 1701 95 18 streams
2129 1703 63 16 came
2209 1695 60 23 from
2286 1695 39 23 the
2347 1695 59 23 S.E.
2443 1694 51 24 Our

1908 1728 55 24 road
1980 1729 38 23 led
2035 1737 27 14 us
2079 1729 68 30 along
2166 1729 30 22 its
2212 1728 62 31 right
2298 1728 63 23 bank
2378 1728 35 23 for
2431 1735 64 16 more

1909 1762 54 23 than
1975 1770 14 15 a
1999 1762 63 28 mile,
2074 1761 66 23 when
2157 1769 33 15 we
2202 1761 91 23 crossed
2311 1761 26 28 it,
2349 1761 40 23 the
2406 1761 89 30 ground

1908 1795 53 23 here
1972 1795 48 23 had
2030 1794 58 23 been
2107 1794 89 23 cleared
2213 1799 24 18 to
2255 1801 63 16 some
2331 1794 66 23 small
2407 1799 86 23 extent,

1908 1828 42 23 but
1960 1828 19 22 it
1990 1835 46 15 was
2055 1827 115 23 sufficient
2182 1832 22 18 to
2222 1827 82 31 puzzle
2322 1835 27 15 us
2368 1827 34 23 for
2420 1835 13 15 a
2451 1827 42 23 few

1909 1862 98 22 minutes
2015 1870 6 19 ;
2036 1860 37 24 the
2085 1860 55 31 path
2151 1860 104 23 however
2264 1868 45 15 was
2321 1867 55 16 soon
2388 1860 107 31 regained

1909 1894 44 23 and
1963 1901 34 15 we
2009 1893 133 31 proceeded.
2180 1893 51 23 Our
2243 1897 64 19 route
2318 1900 46 16 was
2377 1901 48 15 now
2438 1901 31 23 up
2482 1902 13 14 a

1908 1927 79 30 gentle
2000 1927 44 23 and
2065 1926 83 23 almost
2160 1926 171 32 imperceptible
2344 1926 104 31 acclivity
2459 1926 35 24 for

1909 1968 13 14 a
1935 1960 155 22 considerable
2102 1961 62 27 time,
2173 1959 65 23 when
2251 1960 18 22 it
2279 1959 74 30 began
2366 1964 21 18 to
2395 1959 100 23 increase

1908 1992 127 30 gradually,
2048 1992 39 23 the
2098 1992 56 30 path
2173 1992 116 31 generally
2305 1992 68 23 clear.
2409 1992 29 23 In
2451 1992 45 23 this

1909 2032 48 22 way
1969 2032 32 15 we
2015 2025 125 29 proceeded
2160 2025 96 22 towards
2269 2025 37 22 the
2319 2025 117 22 mountain
2449 2029 46 26 top,

1909 2064 49 15 now
1978 2057 126 30 beginning
2123 2061 22 18 to
2163 2057 54 22 look
2228 2057 34 22 for
2274 2060 77 25 water,
2364 2065 26 14 as
2401 2057 38 23 the
2452 2065 44 15 sun

1909 2097 46 15 was
1974 2090 94 29 sinking
2091 2090 46 22 fast
2159 2090 97 22 towards
2279 2090 39 22 the
2340 2095 64 19 west.
2453 2090 43 24 We

1909 2130 57 15 were
1978 2123 113 22 fortunate
2104 2123 90 30 enough
2213 2126 23 19 to
2256 2123 46 23 find
2314 2127 69 20 water
2394 2131 53 15 near
2459 2124 38 23 the

1909 2156 57 23 head
1979 2157 25 22 of
2014 2164 13 14 a
2038 2156 81 30 valley,
2129 2156 45 24 and
2185 2156 53 23 here
2250 2164 33 15 we
2291 2161 67 26 spent
2370 2156 38 24 the
2420 2156 73 31 night.

1910 2189 39 23 On
1967 2189 38 23 the
2024 2189 116 31 following
2160 2189 105 31 morning
2283 2197 33 15 we
2335 2190 120 23 continued
2467 2198 30 15 on

1909 2230 41 15 our
1962 2222 99 23 crooked
2073 2222 43 23 and
2130 2222 47 23 still
2189 2222 124 31 ascending
2327 2222 55 31 path
2398 2222 36 24 for
2453 2227 43 21 two

1910 2255 75 28 hours,
1999 2255 66 24 when
2077 2263 33 15 we
2123 2255 96 24 reached
2227 2255 36 23 the
2271 2256 102 23 summit.
2397 2256 24 23 A
2433 2257 63 23 short

1909 2289 54 22 time
1971 2289 58 23 after
2037 2289 157 30 commencing
2206 2297 41 15 our
2255 2288 100 29 descent,
2363 2297 33 15 we
2405 2289 68 24 found
2483 2299 14 13 a

1908 2322 91 30 plateau
2012 2323 25 22 of
2045 2322 40 23 flat
2097 2322 54 23 land
2163 2322 54 23 with
2228 2323 46 22 fine
2286 2323 89 28 timber,
2389 2323 43 22 and
2444 2330 53 23 very

1909 2355 57 24 little
1991 2355 138 24 underwood
2138 2365 6 19 ;
2176 2355 86 30 shortly
2299 2354 130 25 afterwards
2462 2364 31 15 we

1908 2388 71 24 found
1993 2389 117 23 ourselves
2132 2389 24 23 in
2175 2396 14 15 a
2206 2396 69 23 grove
2295 2388 26 23 of
2337 2388 68 24 black
2420 2389 73 29 birch,

1908 2421 75 24 which
1993 2421 46 24 had
2051 2430 13 15 a
2075 2426 61 19 most
2146 2421 59 31 park
2213 2422 47 23 like
2271 2429 139 23 appearance
2417 2431 5 19 ;
2433 2422 62 24 there

1908 2462 58 16 were
1978 2463 62 15 some
2052 2455 62 23 ferns
2127 2463 29 15 on
2169 2455 37 23 the
2218 2455 90 30 ground
2319 2454 40 24 but
2371 2462 28 16 no
2411 2455 83 24 brush-

1909 2488 63 23 wood
1983 2488 122 24 whatever.
2137 2488 43 23 We
2191 2495 50 16 now
2252 2488 84 31 passed
2347 2487 38 24 the
2396 2489 63 22 ruins
2472 2489 25 23 of

1908 2529 30 15 an
1950 2521 37 23 old
1999 2522 52 30 pah,
2064 2521 67 24 when
2144 2529 41 15 our
2197 2521 55 32 path
2264 2521 73 30 began
2349 2525 23 19 to
2389 2521 104 24 descend.

1907 2554 35 23 At
1954 2563 13 14 a
1978 2554 65 24 short
2060 2554 103 24 distance
2182 2554 71 24 below
2272 2554 39 23 the
2329 2554 46 32 pah
2392 2562 33 16 we
2436 2563 58 16 were

1908 2587 116 32 delighted
2036 2588 54 23 with
2102 2596 14 15 a
2127 2588 119 23 beautiful*
2254 2589 57 21 view
2331 2587 25 23 of
2372 2587 37 24 the
2423 2588 72 31 valley

1908 2620 26 24 of
1943 2621 37 23 the
1994 2621 62 24 Hutt
2075 2621 44 23 and
2138 2621 38 23 the
2194 2621 104 24 Tararua
2307 2629 7 20 ;
2326 2628 40 15 our
2377 2621 55 31 path
2447 2629 50 16 now

1907 2653 93 25 became
2013 2662 53 23 very
2078 2654 97 24 difficult
2186 2659 23 18 to
2220 2654 56 28 find,
2289 2653 91 32 leading
2391 2662 27 16 us
2431 2655 66 30 along

1908 2686 37 24 the
1958 2687 82 24 trunks
2053 2688 26 23 of
2089 2692 68 19 trees.
2183 2687 148 31 Descending
2340 2688 37 23 till
2387 2695 68 21 noon,
2464 2695 30 16 we

1906 2721 99 23 reached
2023 2721 38 23 the
2080 2720 73 24 River
2173 2720 70 24 Hutt.
2279 2720 45 23 We
2341 2720 105 24 followed
2465 2722 28 22 its

1907 2761 88 21 course,
2004 2754 131 23 sometimes
2147 2761 31 16 on
2188 2754 30 23 its
2228 2753 92 31 shingly
2328 2753 83 29 banks,
2420 2762 73 16 some-

1906 2787 67 23 times
1985 2787 24 23 in
2022 2788 29 22 its
2062 2787 52 29 bed,
2128 2787 44 23 and
2182 2787 92 23 crossed
2284 2787 46 23 and
2337 2787 130 24 re-crossed
2479 2789 17 21 it

1905 2820 107 31 upwards
2032 2820 25 23 of
2077 2825 86 26 twenty
2182 2821 80 28 times;
2283 2828 33 15 we
2328 2827 47 17 saw
2396 2829 14 15 a
2432 2826 63 26 great

1907 2860 68 25 many
1995 2862 54 22 very
2068 2854 45 23 fine
2137 2858 74 19 totara
2226 2859 68 24 trees,
2314 2859 61 18 most
2392 2854 26 24 of
2434 2854 59 23 them

1907 2888 129 29 prostrated
2053 2887 31 31 by
2104 2887 40 24 the
2161 2887 61 24 flood
2231 2896 5 20 ;
2257 2887 39 23 the
2314 2888 60 23 river
2391 2888 24 23 in
2432 2887 61 24 these

1906 2925 64 26 parts
1989 2928 96 25 appears
2104 2921 24 23 in
2147 2921 67 23 times
2237 2920 26 24 of
2282 2920 89 24 freshes
2392 2925 23 19 to
2438 2920 55 24 have

1907 2954 122 23 overflown
2051 2954 40 23 the
2113 2958 90 28 greater
2224 2958 52 28 part
2299 2954 25 23 of
2351 2954 38 23 the
2410 2953 80 32 valley.

1907 2987 43 23 We
1963 2987 60 32 slept
2034 2995 30 15 on
2074 2987 39 24 the
2128 2987 75 24 banks
2222 2987 26 24 of
2263 2987 39 23 the
2320 2987 59 24 river
2396 2987 73 23 under
2480 2994 13 16 a

1907 3021 68 22 small
1984 3025 57 27 pent
2051 3021 72 23 house
2142 3021 75 23 which
2234 3028 34 16 we
2288 3021 143 23 constructed
2444 3028 25 15 as
2480 3027 13 16 a

1907 3052 85 24 shelter
2003 3054 61 23 from
2074 3054 39 23 the
2127 3054 145 31 threatening
2288 3055 57 28 rain,
2359 3054 44 24 and
2414 3062 29 15 oil
2455 3053 36 23 the

1905 3086 118 31 following
2040 3088 109 29 morning
2165 3094 34 15 we
2217 3087 94 22 crossed
2331 3087 49 24 the.
2392 3087 60 23 river
2469 3091 22 19 at

1906 3119 109 23 Barton's
2037 3120 65 31 point
2127 3120 70 23 about
2221 3120 54 22 nine
2296 3120 95 29 o'clock,
2409 3120 84 30 having

1905 3152 89 24 broken
2005 3161 31 22 up
2049 3161 41 15 our
2102 3153 96 23 bivouac
2210 3157 24 18 at
2244 3153 38 23 six
2293 3154 25 22 in
2328 3153 40 24 the
2378 3154 112 29 morning.

1939 3185 31 23 In
1982 3186 141 28 conclusion,
2135 3194 34 15 we
2179 3194 53 23 may
2240 3191 58 19 state
2311 3194 32 16 we
2354 3194 45 16 saw
2408 3195 14 15 a
2430 3187 60 30 large

1905 3219 106 31 quantity
2023 3219 25 23 of
2057 3219 74 24 fertile
2144 3219 44 24 and
2200 3219 110 24 available
2321 3219 61 30 land,
2396 3220 49 23 that
2455 3219 35 24 the

1905 3252 85 24 easiest
2002 3253 114 31 approach
2128 3257 23 19 to
2163 3253 50 33 the,
2219 3257 91 27 greater
2327 3257 51 28 part
2396 3253 26 23 of
2437 3254 18 22 it
2471 3254 19 22 is

1905 3293 28 15 on
1954 3285 38 24 the
2011 3286 99 24 Porirua
2130 3286 48 23 side
2188 3285 38 29 -Jbf
2247 3287 39 23 the
2305 3287 62 29 hills,
2379 3286 45 24 and
2445 3286 45 23 that

1905 3318 38 24 the
1962 3319 56 23 road
2036 3319 59 24 from
2118 3320 47 23 this
2182 3324 24 19 to
2230 3320 105 29 Porirua,
2354 3320 55 24 both
2432 3327 25 15 as
2479 3326 11 16 a

1904 3360 79 15 means
2003 3353 25 23 of
2048 3353 101 31 opening
2166 3353 38 23 the
2228 3357 96 27 country

1905 3385 45 23 and
1969 3393 26 16 as
2006 3386 38 23 the
2064 3391 66 26 great
2149 3386 54 24 road
2222 3386 26 24 of
2263 3386 40 23 the
2323 3391 103 26 country,
2445 3386 45 23 into

1904 3418 76 24 which
1997 3427 125 16 numerous
2140 3420 68 23 roads
2226 3423 62 19 must
2307 3419 40 24 fall
2365 3420 24 23 in
2402 3419 37 24 the
2451 3427 39 23 ap-

1905 3452 85 31 proach
2008 3457 22 19 to
2057 3452 46 24 this
2130 3453 64 29 Port,
2214 3457 84 19 cannot
2321 3452 28 24 be
2368 3461 52 15 over
2438 3452 51 23 esti-

1905 3485 77 23 mated
1992 3486 25 22 in
2035 3486 30 23 its
2084 3487 140 30 importance
2243 3490 23 19 to
2287 3486 57 23 Port
2359 3485 129 28 Nicholson,

1905 3518 45 24 and
1975 3518 83 24 should
2083 3519 113 23 therefore
2218 3520 28 22 be
2269 3519 66 24 made
2359 3518 131 31 thoroughly

1904 3551 107 32 passable
2029 3552 35 23 for
2083 3553 114 31 carriages
2218 3556 24 20 at
2262 3552 32 24 all
2313 3553 74 28 times,
2399 3552 91 23 without

1905 3585 82 31 regard
1998 3589 22 20 to
2034 3585 38 24 the
2084 3593 100 24 expense
2197 3586 74 24 which
2284 3588 18 22 it
2312 3593 52 25 may
2371 3586 87 31 require
2459 3596 31 5 —

1904 3619 76 23 which
1991 3626 33 16 we
2036 3619 47 23 will
2095 3619 52 30 add,
2154 3627 34 16 we
2200 3619 104 24 however
2316 3619 103 24 consider
2431 3619 59 30 quite

1905 3652 80 23 within
1996 3652 38 24 the
2046 3657 94 26 present
2149 3661 76 22 power
2236 3654 26 22 of
2271 3653 45 23 this
2328 3652 135 24 settlement.

715 2401 59 25 Last
785 2401 62 23 week
856 2408 34 16 we
898 2399 78 32 joined
983 2399 38 23 the
1030 2398 235 31 Surveyor-General,

681 2441 45 23 and
738 2441 54 23 with
803 2445 43 19 two
857 2448 53 15 men
921 2439 86 24 started
1019 2446 62 23 upon
1095 2446 13 15 a
1122 2438 59 23 little
1198 2445 67 23 expe-

681 2481 79 28 dition,
773 2481 25 23 of
813 2480 73 24 which
898 2479 37 24 the
948 2478 119 31 subjoined
1074 2478 20 22 is
1101 2486 14 15 a
1121 2478 143 31 description.

681 2521 100 31 Though
793 2528 40 16 our
844 2520 71 23 whole
930 2519 98 31 journey
1042 2518 37 23 did
1089 2522 40 19 not
1140 2521 93 19 amount
1243 2522 23 18 to

680 2561 51 32 fifty
741 2561 73 29 miles,
827 2565 39 26 yet
880 2568 25 16 as
923 2563 60 20 most
1003 2558 25 24 of
1051 2566 41 15 our
1108 2558 83 23 travels
1208 2565 58 16 were

681 2610 53 15 over
745 2601 88 32 ground
846 2605 39 27 yet
902 2599 149 24 untraversed
1068 2599 32 30 by
1118 2606 44 23 any
1181 2598 24 24 of
1228 2606 39 16 our

679 2641 75 25 fellow
767 2641 122 28 Colonists,
902 2648 32 16 we
947 2640 71 23 doubt
1029 2643 41 19 not
1084 2646 28 16 an
1131 2643 96 19 account
1244 2640 24 22 of

680 2690 42 15 our
734 2683 44 29 trip
790 2681 46 24 will
846 2681 28 24 be
887 2680 137 32 acceptable.

714 2722 104 30 Starting
839 2721 59 23 from
920 2720 143 30 Wellington
1082 2724 22 18 at
1122 2720 69 22 about
1211 2721 53 21 nine

680 2755 97 28 o'clock,
788 2762 33 15 we
828 2754 56 24 took
892 2754 37 23 the
936 2753 55 24 road
998 2753 31 31 by
1042 2753 48 23 Kai
1097 2753 82 23 Warra
1185 2753 79 23 Warra

681 2793 23 19 to
730 2789 104 23 Torirua.
870 2787 25 23 It
915 2787 21 23 is
960 2787 61 30 quite
1042 2786 104 31 passable
1167 2786 35 23 for
1221 2786 43 23 fobt

680 2829 144 23 passengers,
837 2820 45 23 and
893 2822 20 21 is
923 2820 72 30 being
1006 2819 109 24 rendered
1122 2819 104 31 passable
1234 2819 30 23 for

682 2855 79 23 horses
774 2862 24 15 as
815 2854 99 31 speedily
933 2860 26 16 as
976 2853 110 30 possible.
1121 2852 51 24 The
1195 2852 69 24 whole

682 2888 102 23 distance
795 2887 58 24 from
865 2886 48 24 Kai
922 2886 85 23 Warra
1017 2885 83 24 Warra
1110 2890 22 19 to
1142 2885 39 24 the
1188 2885 76 24 mouth

683 2921 25 23 of
717 2921 38 23 the
766 2921 59 23 river
836 2920 161 31 Kirna-poura
1009 2920 20 22 is
1037 2927 13 15 a
1060 2919 58 23 little
1126 2927 53 15 over
1187 2919 76 25 twelye

682 2954 74 28 miles,
776 2953 44 24 and
838 2951 55 25 with
902 2950 40 28 .the
961 2953 120 30 exception
1098 2952 24 23 of
1136 2952 70 23 about
1225 2960 38 15 one

683 2987 45 24 and
740 2995 14 15 a
764 2986 50 24 half
827 2986 74 29 miles,
914 2994 52 22 may
976 2986 30 22 be
1024 2985 65 23 made
1108 2993 28 15 an
1156 2985 108 23 excellent

682 3021 68 22 horse
760 3020 62 28 road,
835 3027 25 16 or
872 3027 55 16 even
940 3027 13 15 a
969 3019 101 30 carriage
1081 3019 60 28 road,
1156 3022 23 19 at
1190 3027 13 15 a
1214 3026 49 23 very

683 3054 88 31 trifling
787 3061 107 24 expense.
938 3052 94 29 Indeed,
1052 3059 34 16 we
1102 3052 87 23 believe
1212 3059 51 16 even

681 3095 52 15 now
744 3094 14 16 a
769 3086 96 24 Yankee
877 3085 73 24 would
962 3085 63 23 drive
1034 3093 29 15 an
1074 3084 122 25 American
1204 3092 59 24 wag-

681 3128 47 24 gon
740 3128 52 16 over
803 3120 26 24 it.
865 3120 37 30 By
920 3119 38 23 the
977 3123 95 26 present
1082 3123 63 18 route
1158 3118 37 24 the
1207 3118 56 29 riv^r

682 3158 63 19 must
760 3154 30 23 be
807 3153 93 23 crossed
916 3160 69 22 many
1004 3152 75 28 times,
1100 3151 42 24 but
1161 3160 29 15 on
1201 3151 62 24 horse

680 3187 61 23 back
753 3186 47 24 this
809 3187 21 23 is
842 3186 25 23 of
881 3186 59 23 little
959 3192 161 23 consequence,
1144 3185 39 23 the
1198 3189 64 19 water

680 3221 72 30 being
764 3219 100 24 shallow.
898 3218 45 24 We
956 3217 68 24 think
1034 3225 69 24 many
1110 3217 25 24 of
1144 3218 38 23 the
1192 3226 70 15 cross-

682 3255 52 30 ings
746 3262 53 23 may
808 3254 29 22 be
848 3252 93 24 avoided
948 3261 7 20 ;
968 3252 46 23 this
1027 3251 102 24 however
1140 3251 47 24 will
1195 3252 44 23 add
1246 3255 16 20 to

682 3287 40 24 the
733 3294 99 24 expense
844 3285 24 25 of
882 3286 96 30 making
988 3285 40 23 the
1038 3285 63 29 road,
1115 3292 25 16 as
1153 3285 18 23 it
1182 3285 46 23 will
1238 3285 24 23 bj

682 3328 121 23 necessary
821 3324 23 19 to
863 3323 38 19 cut
919 3320 24 22 in
961 3326 64 16 some
1039 3318 116 23 instances
1171 3318 48 23 into
1230 3318 32 23 tie

683 3353 61 24 sides
767 3354 26 23 of
806 3353 39 24 the
868 3353 53 22 hills
931 3361 5 20 ;
955 3351 75 24 where
1053 3351 90 30 bridges
1166 3359 53 23 may
1240 3351 22 23 be

683 3386 99 31 thought
794 3391 22 18 to
832 3386 29 23 be
878 3393 122 22 necessary
1018 3384 54 31 they
1088 3392 53 23 may
1159 3385 28 23 be
1199 3384 63 24 easilr

684 3419 150 29 constructed,
854 3419 37 24 for
902 3418 38 24 the
951 3418 76 30 valley
1044 3417 103 24 abounds
1164 3418 24 24 in
1206 3418 56 38 largj

684 3454 45 22 and
741 3452 112 24 excellent
863 3452 91 23 timber.
989 3451 49 24 But
1055 3458 33 17 we
1100 3450 28 24 do
1139 3455 42 19 not
1192 3451 68 24 thinlc

685 3490 82 27 except
776 3485 35 24 for
823 3485 38 23 the
872 3485 84 23 benefit
967 3484 26 24 of
1007 3483 48 25 foot
1064 3492 144 23 passengers,
1221 3485 41 23 tha

684 3519 92 31 bridges
787 3518 46 24 will
842 3518 30 23 be
882 3525 120 23 necessary
1014 3521 24 19 nt
1049 3525 44 24 any
1105 3525 81 16 season
1197 3518 26 23 of
1231 3511 30 31 thi

684 3560 62 24 year,
770 3560 25 15 as
813 3560 33 15 we
863 3551 57 24 have
938 3551 59 23 beeri
1014 3550 112 24 informed
1140 3550 31 32 by
1190 3551 70 24 Lieut,

686 3586 102 23 Thomas
799 3585 49 24 that
860 3584 28 24 he
905 3584 43 25 has
965 3584 72 23 found
1049 3584 37 23 the
1098 3584 59 23 river
1169 3584 86 25 fordabl

686 3623 24 18 at
720 3619 31 22 all
762 3619 75 22 times.

719 3652 52 24 The
781 3659 73 24 upper
865 3655 50 27 part
927 3650 25 25 of
966 3650 38 24 the
1016 3650 73 32 valley
1096 3650 20 23 is
1123 3658 96 22 narrow,
1232 3651 31 24 thi

685 3685 53 24 hills
751 3687 24 22 in
786 3689 62 27 parts
861 3692 37 16 are
910 3689 71 26 steep,
988 3684 43 23 but
1038 3683 38 24 the
1088 3684 49 29 soil,
1148 3684 20 23 if
1178 3692 32 16 we
1219 3678 44 38 maf

682 3719 72 31 judge
766 3718 58 24 from
835 3718 39 23 the
887 3717 86 31 growth
981 3717 25 24 of
1016 3716 38 25 the
1061 3717 89 28 timber,
1164 3718 18 22 is
1195 3718 67 23 excel'

686 3752 48 26 lent
742 3760 6 24 ;
768 3751 71 26 below
858 3751 38 23 the
914 3751 64 31 point
997 3750 75 24 where
1089 3749 38 25 the
1146 3751 55 30 path
1212 3746 50 29 frorl

687 3785 83 24 Petoni
781 3792 88 16 crosses
929 3784 68 28 river,
1010 3784 36 23 for
1058 3783 37 24 the
1106 3784 52 23 first
1168 3784 55 24 time
1234 3779 28 28 thi'

686 3818 74 31 valley
776 3817 106 24 becomes
900 3817 79 28 wider,
993 3816 86 31 though
1089 3816 39 24 the
1140 3816 53 24 hills
1205 3812 57 43 occaj

686 3851 96 31 sionally
794 3859 62 15 come
868 3850 61 32 quite
942 3850 66 23 down
1019 3854 23 19 to
1053 3850 37 23 the
1102 3850 88 24 water's
1204 3851 56 31 edge.

687 3884 51 24 The
748 3884 80 24 widest
842 3888 52 27 par.t
910 3884 21 23 is
943 3887 91 20 nearest
1052 3887 23 19 to
1093 3883 38 23 the
1148 3884 79 24 mouth
1247 3892 15 16 a

687 3917 37 24 the
735 3918 59 23 river
804 3925 5 20 ;
835 3916 37 25 the
890 3916 80 24 timber
981 3916 55 24 here
1048 3916 102 25 however
1161 3918 19 22 is
1193 3922 39 18 not
1244 3907 17 41 sj

1931 3707 49 22 The
1998 3709 123 27 Brougham
2137 3716 45 15 was
2195 3709 48 28 just
2257 3712 43 18 two
2315 3708 74 22 weeks
2401 3706 88 26 landing

1904 3734 42 22 her
1959 3742 67 21 cargo
2041 3741 24 17 at
2077 3736 122 26 Tarajiaki.
2227 3736 75 22 When
2315 3736 40 21 she
2369 3734 76 26 sailed,
2456 3732 33 23 the

1905 3765 66 19 exact
1980 3762 99 24 location
2087 3763 26 23 of
2120 3763 38 22 the
2168 3767 59 18 town
2234 3762 46 23 had
2289 3766 41 18 not
2337 3762 57 22 been
2403 3759 86 24 decided

1904 3796 60 21 upon
1970 3797 6 19 ;
1989 3790 45 27 but,
2041 3791 60 22 from
2109 3790 59 23 what
2175 3798 33 14 we
2215 3790 58 22 have
2283 3789 76 27 heard,
2367 3796 32 14 we
2410 3788 79 22 believe

1905 3815 37 23 the
1959 3816 85 29 feeling
2060 3825 45 15 was
2121 3818 24 22 in
2161 3817 80 23 favour
2257 3816 26 22 of
2298 3824 13 14 a
2327 3816 41 22 site
2386 3821 55 16 near
2456 3812 33 23 the

1905 3843 145 27 Sugar-Loaf
2060 3844 98 23 Islands.
2191 3844 38 22 An
2249 3842 143 28 agricultural
2410 3840 79 28 gentle-

1904 3877 61 20 man,
1977 3871 50 22 who
2036 3875 61 19 went
2105 3879 32 20 up
2146 3871 24 22 in
2178 3871 38 22 the
2225 3872 121 25 Brougham
2356 3873 21 18 to
2385 3868 68 29 judge
2460 3866 29 23 for

1903 3896 95 24 himself
2014 3898 100 23 whether
2133 3898 38 22 the
2189 3901 107 19 accounts
2313 3896 126 29 respecting
2456 3893 32 22 the

1903 3925 78 21 merits
1999 3926 26 21 of
2039 3926 38 21 the
2087 3924 113 23 Tavanaki
2211 3925 87 21 district
2308 3923 44 24 had
2362 3923 55 21 boen
2429 3927 58 20 exftjj-,

1294 131 45 22 fine
1350 138 26 15 as
1387 131 19 22 it
1425 131 20 21 is
1456 136 79 17 nearer
1547 129 55 29 this,
1622 128 128 36 consisting
1762 127 82 31 chiefly
1856 127 26 23 of

1295 167 65 19 tavsra.

1327 195 35 23 At
1372 195 30 23 its
1414 194 78 24 mouth
1505 194 37 23 the
1553 193 161 32 Ki-na-poura
1721 193 24 22 is
1747 191 92 37 Joined
1848 192 31 30 by

1296 227 93 24 another
1400 227 67 23 small
1477 228 66 27 river,
1554 227 82 30 falling
1645 225 85 30 nearly*
1734 229 23 18 at
1768 223 62 31 right
1837 231 42 16 an-

1295 260 48 31 gles
1355 260 55 22 with
1420 260 25 27 it,
1467 260 49 22 into
1528 259 99 23 Porirua
1644 258 58 30 Bay.
1738 257 59 23 This
1819 257 60 23 river

1295 300 33 16 we
1340 292 111 23 ascended
1457 291 34 24 for
1499 292 69 22 about
1574 291 51 22 four
1630 291 70 22 hours
1712 299 6 19 ;
1732 289 38 23 the
1778 289 101 23 distance

1296 324 116 24 traversed
1422 325 24 22 in
1457 324 37 23 the
1506 324 55 23 time
1571 331 33 15 we
1617 322 80 24 should
1707 322 99 30 imagine
1818 326 23 18 to
1850 321 30 22 be

1296 357 68 23 about
1382 357 63 23 three
1462 364 25 15 or
1506 357 63 22 three
1589 355 43 23 and
1648 363 14 15 a
1677 354 51 24 half
1742 354 78 27 miles;
1840 354 40 22 the

1295 388 53 25 land
1361 397 28 16 on
1400 388 39 23 the
1449 388 41 24 left
1500 388 63 24 bank
1575 388 24 23 of
1609 388 38 23 the
1667 393 83 17 stream
1768 385 113 32 appeared

1296 422 46 28 flat,
1355 421 38 23 the
1415 421 54 23 hills
1489 421 76 23 which
1582 428 57 16 were
1657 419 89 24 neither
1763 418 57 31 high
1837 425 43 15 nor

1298 458 61 27 steep
1371 453 141 32 approached
1523 454 38 23 the
1576 453 63 31 right
1649 452 61 23 bank
1720 461 6 20 ;
1747 459 24 16 as
1789 458 33 16 we
1839 450 40 23 ad-

1296 486 85 24 vanced
1396 486 39 23 the
1453 486 52 23 hills
1522 486 94 23 became
1628 489 88 27 steeper
1734 484 44 23 and
1788 483 91 31 higher.

1297 519 76 23 Lieut.
1393 519 101 22 Thomas
1514 519 47 22 had
1578 519 87 30 spoken
1690 522 22 18 to
1731 525 28 15 us
1778 516 39 24 the
1836 516 44 30 day

1295 552 76 22 before
1383 551 26 23 of
1423 551 38 23 the
1472 551 123 30 feasibility
1608 551 24 23 of
1647 551 105 29 carrying
1770 549 38 23 the
1825 548 56 23 road

1296 588 21 20 to
1336 583 99 24 Porirua
1453 583 67 31 along
1531 584 38 23 the
1582 584 61 30 right
1660 582 62 24 bank
1743 581 25 24 of
1781 581 40 23 the
1833 581 47 23 Ki-

1296 624 119 24 na-poura,
1435 616 34 23 for
1485 616 40 24 the
1536 617 68 23 latter
1621 620 52 27 part
1684 615 25 23 of
1723 616 31 21 its
1766 621 78 16 course
1856 618 24 18 at

1296 649 63 28 least,
1373 649 102 30 crossing
1489 649 39 23 the
1540 654 84 19 stream
1634 656 33 16 we
1679 648 57 23 have
1752 647 51 31 just
1820 648 59 22 been

1296 681 129 31 describing
1435 689 53 16 near
1500 682 30 23 its
1541 682 88 28 mouth,
1648 681 105 29 carrying
1769 680 39 22 the
1825 679 55 23 road

1296 718 21 19 to
1328 714 38 23 the
1377 714 60 23 back
1448 714 25 23 of
1487 714 39 24 the
1536 714 60 29 hills,
1609 714 46 23 and
1662 714 102 29 crossing
1771 712 39 23 the
1816 712 64 29 ferry

1296 751 20 18 to
1329 747 39 22 the
1380 747 108 22 eastward
1500 747 26 22 of
1540 747 39 23 the
1590 747 84 30 fishing
1692 746 93 23 station.
1822 744 57 24 This

1295 787 45 15 was
1352 779 171 23 recommended
1534 780 96 22 because
1643 779 44 23 this
1693 785 97 24 passage
1798 778 20 22 is
1825 785 54 15 nar-

1296 820 69 15 rower
1377 812 46 23 and
1432 812 38 22 the
1481 816 69 19 water
1562 811 122 24 smoother.
1722 810 34 24 To
1768 818 66 22 carry
1843 809 36 23 the

1295 845 53 23 road
1359 844 85 24 behind
1455 844 37 24 the
1505 844 52 23 hills
1568 844 56 28 will,
1636 852 33 15 we
1681 844 93 27 believe,
1788 843 28 22 be
1834 842 45 23 im-

1294 877 107 31 possible,
1421 884 24 16 as
1456 884 33 16 we
1502 876 83 25 looked
1603 876 94 24 without
1716 882 91 16 success
1818 874 37 23 for
1867 882 12 15 a

1294 917 96 23 passage
1401 910 72 26 fit.for
1484 910 38 23 the
1535 917 106 23 purpose.
1677 908 52 24 The
1740 908 54 23 road
1806 907 73 30 might

1295 943 26 23 be
1329 942 87 24 carried
1423 942 67 31 along
1496 942 38 23 the
1543 947 87 18 eastern
1641 941 47 23 side
1693 941 30 25 .of
1731 941 45 23 this
1785 940 92 28 branch,

1295 983 28 16 on
1334 976 39 23 the
1384 975 78 29 beach,
1475 976 42 23 but
1528 979 40 19 not
1579 975 84 23 behind
1674 974 38 23 the
1729 973 53 24 hills
1790 982 6 20 ;
1815 973 64 22 how-

1295 1015 57 22 ever,
1366 1016 24 15 as
1402 1009 19 23 it
1433 1008 43 23 will
1489 1013 27 18 be
1528 1016 120 22 necessary
1659 1011 23 19 to
1693 1014 90 16 reserve
1801 1013 14 16 a
1825 1006 55 23 road

1295 1048 28 15 on
1334 1041 55 23 both
1401 1041 58 23 sides
1472 1041 25 23 of
1511 1041 38 23 the
1559 1041 106 28 harbour,
1678 1041 17 22 it
1707 1041 20 22 is
1740 1048 12 14 a
1763 1042 83 20 matter
1858 1039 24 23 of

1295 1081 27 16 no
1335 1077 67 27 great
1415 1081 153 24 consequence
1578 1074 49 31 just
1638 1080 57 16 now.

1329 1107 49 22 The
1391 1106 116 23 character
1518 1107 25 22 of
1559 1107 38 22 the
1605 1107 80 22 timber
1693 1113 54 15 near
1755 1105 37 23 the
1799 1104 80 24 mouth

1295 1140 24 22 of
1328 1138 45 24 this
1385 1143 83 19 stream
1480 1140 20 22 is
1513 1139 38 23 the
1563 1147 62 15 same
1632 1147 26 14 as
1667 1138 49 23 that
1723 1143 23 18 at
1754 1138 38 23 the
1799 1137 80 23 mouth

1295 1172 24 23 of
1328 1171 38 24 the
1378 1171 167 32 Ki-na-poura,
1559 1172 82 29 chiefly
1653 1176 57 18 tawa
1716 1180 7 19 ;
1743 1178 25 15 as
1780 1178 33 16 we
1824 1178 55 22 pro-

1295 1204 81 24 ceeded
1387 1204 88 23 further
1486 1212 31 24 up
1529 1205 18 22 it
1566 1204 38 23 the
1616 1204 42 23 soil
1669 1203 111 31 appeared
1801 1207 22 19 to
1834 1203 45 22 im-

1295 1244 76 23 prove.
1406 1237 44 23 We
1462 1237 96 23 climbed
1571 1245 13 15 a
1596 1241 62 26 steep
1674 1236 45 23 and
1735 1236 71 29 rocky
1825 1243 56 23 spur

1295 1270 25 23 of
1329 1270 38 23 the
1378 1270 53 23 hills
1444 1277 28 16 on
1484 1270 38 23 the
1533 1269 63 31 right
1613 1269 62 23 bank
1684 1269 25 22 in
1721 1268 37 23 the
1770 1268 72 31 hopes
1857 1269 25 22 of

1295 1304 88 30 getting
1401 1311 14 15 a
1432 1303 64 28 view,
1513 1303 43 22 but
1575 1302 66 23 could
1659 1309 37 15 see
1715 1301 59 23 little
1793 1301 25 22 of
1841 1301 38 22 the

1295 1335 152 31 surrounding
1458 1340 103 26 country.
1597 1335 44 22 We
1660 1338 47 19 met
1724 1333 54 24 with
1790 1342 14 14 a
1815 1338 65 26 great

1296 1376 67 23 many
1384 1368 46 23 fine
1451 1372 73 19 totara
1548 1373 66 23 trees,
1639 1375 40 15 one
1703 1367 26 23 of
1750 1366 74 23 which
1846 1374 34 15 we

1295 1402 125 28 measured,
1433 1401 44 23 and
1488 1401 71 23 found
1571 1402 18 21 it
1596 1404 22 19 to
1625 1401 29 22 be
1665 1399 162 31 twenty-three
1834 1399 47 23 feet

1293 1434 26 27 jn
1330 1434 173 23 circumference
1510 1444 7 19 ;
1530 1434 47 23 fine
1585 1433 80 23 timber
1672 1432 126 24 abounded.
1829 1432 51 23 The

1296 1472 94 26 country
1402 1467 68 24 about
1481 1467 46 23 this
1538 1471 53 27 part
1609 1466 24 23 of
1648 1465 37 25 the
1704 1466 59 23 river
1775 1466 105 23 becomes

1295 1507 62 16 more
1369 1508 56 23 open
1432 1509 7 19 ;
1458 1500 70 23 about
1538 1500 63 23 three
1613 1499 44 24 and
1669 1507 13 15 a
1689 1498 49 24 half
1749 1499 65 22 miles
1821 1498 58 23 from

1296 1533 37 23 the
1351 1533 79 24 mouth
1447 1533 24 23 of
1481 1533 38 23 the
1536 1534 60 22 river
1613 1532 38 23 the
1663 1531 74 31 valley
1747 1531 72 28 forks,
1837 1539 43 15 one

1295 1565 86 24 branch
1404 1566 91 30 coming
1517 1566 59 23 from
1601 1566 38 22 the
1659 1565 76 28 north,
1757 1564 87 31 having
1867 1573 13 14 a

1295 1599 66 23 small
1379 1604 69 18 water
1465 1606 80 16 course
1564 1599 25 23 in
1605 1599 26 28 it,
1653 1598 43 23 but
1715 1597 100 32 scarcely
1836 1605 43 23 any

1295 1636 68 19 water
1382 1636 24 19 at
1427 1636 92 27 present
1525 1640 6 20 ;
1552 1631 38 24 the
1603 1631 64 24 other
1677 1631 60 23 from
1749 1630 38 23 the
1799 1630 80 23 south-

1295 1669 64 19 west.
1395 1665 51 23 The
1463 1665 75 30 valley
1556 1664 53 24 here
1625 1665 121 30 becoming
1762 1663 58 32 hilly
1836 1664 45 22 and

1294 1698 67 22 much
1373 1697 96 29 broken,
1481 1705 33 16 we
1524 1697 116 24 returned.
1674 1697 45 23 We
1731 1704 58 15 were
1802 1697 77 30 disap-

1294 1730 94 31 pointed
1399 1735 23 19 at
1432 1731 89 30 finding
1531 1731 40 23 the
1583 1730 72 31 valley
1667 1730 61 23 close
1741 1738 25 14 so
1778 1737 64 21 soon,
1856 1738 24 14 as

1294 1771 34 15 we
1339 1763 110 31 expected
1460 1771 14 15 a
1484 1764 70 23 much
1565 1767 88 27 greater
1662 1767 78 19 extent
1747 1763 24 22 of
1780 1763 40 22 flat
1827 1763 54 22 land

1293 1797 60 23 from
1365 1797 38 23 the
1416 1804 138 23 appearance
1567 1797 24 23 of
1606 1797 38 23 the
1661 1800 103 26 country,
1783 1804 25 14 as
1827 1803 54 15 seen

1294 1830 60 23 from
1365 1829 39 24 the
1416 1830 78 23 mouth
1504 1830 24 23 of
1545 1829 38 27 the
1594 1829 169 30 Ki-na-poura,
1783 1829 45 22 and
1848 1836 33 15 we

1295 1867 83 18 cannot
1388 1862 42 24 but
1441 1862 66 24 think
1519 1871 57 15 even
1587 1869 57 22 now,
1653 1862 50 23 that
1715 1861 86 30 though
1812 1869 68 22 many

1295 1896 25 23 of
1335 1895 39 24 the
1392 1896 74 30 slopes
1482 1903 34 16 we
1535 1903 46 16 saw
1598 1902 58 16 were
1674 1902 55 22 very
1747 1895 72 31 rapid,
1843 1899 38 25 yet

1295 1928 49 24 that
1355 1929 39 23 the
1406 1929 51 23 hills
1470 1937 37 15 are
1518 1933 41 19 not
1569 1928 64 31 high,
1648 1928 45 23 and
1703 1928 48 23 that
1771 1927 37 24 the
1827 1927 54 24 land

1295 1969 30 15 on
1336 1962 39 23 the
1387 1966 38 26 top
1436 1970 53 22 may
1503 1962 29 23 be
1550 1961 59 23 level
1628 1961 42 23 and
1689 1961 84 30 g00d...
1793 1960 29 23 In
1842 1961 39 23 the

1294 1994 119 21 afternoon
1423 2002 33 13 we
1467 1994 126 28 proceeded
1604 1999 23 17 to
1639 1994 38 22 the
1693 1994 86 28 fishing
1797 1994 84 22 station

1295 2028 24 18 at
1330 2024 38 23 the
1382 2024 49 23 Pah
1444 2024 129 29 Paramata,
1586 2029 23 17 at
1620 2024 38 23 the
1669 2024 67 22 north
1747 2024 43 22 end
1803 2024 25 23 of
1843 2024 37 23 the

1294 2062 96 17 western
1402 2057 86 23 branch
1500 2057 25 23 of
1541 2057 103 29 Porirua,
1658 2057 37 22 the
1709 2057 92 30 general
1813 2065 66 15 name

1295 2090 66 28 given
1374 2094 23 19 to
1409 2090 63 23 these
1486 2094 90 20 waters.

1328 2123 64 23 Next
1402 2125 107 29 morning
1519 2131 34 15 we
1575 2123 91 28 started,
1690 2123 86 31 having
1799 2123 82 30 agreed

1294 2156 54 22 with
1367 2164 14 15 a
1399 2158 73 21 mauri
1488 2161 22 19 to
1530 2157 61 23 shew
1609 2165 27 15 us
1655 2156 38 23 the
1705 2156 54 31 path
1771 2156 59 23 from
1843 2156 38 23 the

1293 2189 59 23 head
1364 2189 25 23 of
1404 2189 37 24 the
1453 2194 89 19 eastern
1555 2189 84 24 branch
1652 2189 25 23 of
1693 2189 38 23 the
1749 2189 98 23 Porirua
1858 2193 23 19 to

1293 2222 39 23 the
1345 2222 70 24 Hutt.
1451 2222 51 24 Our
1520 2223 76 30 guide,
1609 2222 111 28 E-hi-ho,
1733 2222 65 23 made
1816 2230 29 15 us
1866 2231 13 14 a

1293 2255 83 23 sketch
1387 2255 24 24 of
1427 2255 45 24 this
1484 2255 93 29 branch,
1590 2256 45 23 and
1646 2264 57 22 gave
1715 2264 27 14 us
1754 2256 39 23 the
1801 2263 80 16 names

1294 2288 25 23 of
1329 2296 68 23 every
1406 2290 64 29 point
1482 2289 43 22 and
1538 2290 44 29 bay
1597 2297 29 15 on
1642 2288 56 24 both
1717 2289 68 22 sides.
1822 2289 59 23 This

1293 2321 82 23 sketch
1387 2329 32 16 we
1435 2322 71 23 found
1516 2330 55 22 very
1584 2326 92 25 correct,
1690 2322 45 23 and
1745 2322 30 23 he
1787 2322 93 31 pointed

1294 2359 39 18 out
1345 2354 37 24 the
1392 2355 103 24 different
1502 2355 99 24 features
1609 2356 25 23 of
1643 2355 75 23 which
1725 2354 28 24 he
1761 2355 44 23 had
1813 2356 67 30 given

1293 2395 28 15 us
1333 2387 38 24 the
1382 2396 87 16 names.
1505 2388 52 24 The
1568 2388 54 24 land
1639 2392 23 19 at
1681 2388 38 23 the
1738 2392 108 20 entrance
1859 2389 23 23 of

1293 2420 46 23 this
1351 2429 49 15 arm
1411 2422 97 23 consists
1517 2422 25 23 of
1551 2421 40 24 lo*v
1604 2422 61 28 hills,
1678 2421 74 23 which
1764 2429 38 16 are
1816 2422 62 31 quite

1293 2453 109 25 available
1422 2455 34 23 for
1475 2455 147 31 agricultural
1639 2462 119 23 purposes.
1794 2455 36 23 As
1848 2463 32 15 we

1293 2487 124 30 proceeded
1424 2488 87 23 further
1519 2496 42 23 up,
1573 2488 37 23 the
1618 2488 53 23 hills
1680 2495 29 16 on
1720 2487 38 24 the
1771 2488 109 23 southern

1293 2519 48 25 side
1352 2520 54 24 here
1418 2520 45 24 and
1473 2521 63 23 there
1550 2529 58 15 were
1620 2521 63 28 bare,
1702 2521 102 31 shewing
1817 2523 62 29 signs

1293 2553 26 23 of
1334 2561 13 15 a
1358 2554 77 32 clayey
1448 2554 42 26 soij
1498 2563 5 20 ;
1523 2554 39 23 the
1582 2559 58 18 trees
1656 2562 56 15 near
1731 2554 63 23 these
1803 2554 76 32 places

1295 2594 56 16 were
1364 2587 80 30 chiefly
1456 2587 125 29 manukou,
1601 2587 75 23 which
1688 2588 19 22 is
1723 2587 118 32 generally
1852 2596 28 15 an

1292 2619 122 24 indication
1427 2620 24 23 of
1466 2629 56 23 poor
1534 2621 50 29 soil,
1603 2621 42 23 but
1655 2621 40 23 the
1706 2620 108 23 northern
1831 2622 48 23 side

1292 2652 45 24 had
1348 2661 14 15 a
1372 2653 72 23 better
1456 2661 139 24 appearance
1606 2653 124 32 generally.
1766 2653 52 23 The
1830 2654 49 24 first

1293 2686 73 30 valley
1376 2686 91 32 leading
1486 2687 61 23 from
1559 2687 44 23 this
1616 2688 18 23 is
1654 2686 73 24 called
1745 2686 132 30 Kaw-kaw,

1292 2719 45 23 and
1343 2720 20 22 is
1375 2720 68 23 about
1455 2725 43 18 two
1510 2720 66 23 miles
1583 2720 62 31 long,
1653 2721 38 22 the
1700 2720 59 23 sides
1768 2728 37 15 are
1816 2725 62 27 steep

1292 2752 41 23 but
1344 2752 52 23 well
1406 2753 111 23 timbered
1524 2762 5 20 ;
1550 2753 38 23 the
1607 2758 90 18 eastern
1712 2754 64 30 point
1789 2753 26 23 of
1829 2754 19 23 it
1858 2755 19 22 is

1292 2785 72 23 called
1375 2786 145 23 To-ka-xak.
1549 2786 23 24 It
1579 2787 20 22 is
1607 2794 15 15 a
1629 2794 54 23 very
1690 2790 76 27 pretty
1773 2786 45 24 and
1825 2795 52 15 use-

1291 2818 34 23 ful
1336 2819 41 22 flat
1388 2823 23 19 at
1421 2820 58 28 first,
1498 2819 40 24 the
1549 2815 53 28 hills
1615 2820 74 30 rising
1708 2820 119 30 gradually
1840 2820 38 23 be-

1292 2851 63 24 hind.
1391 2852 94 31 Beyond
1509 2852 47 24 this
1576 2854 21 22 is
1622 2860 27 16 an
1674 2854 116 22 extensive
1803 2854 75 31 valley

1292 2885 74 23 which
1385 2894 40 15 our
1442 2886 68 30 guide
1529 2886 49 23 told
1592 2894 28 15 us
1632 2886 119 23 abounded
1768 2886 55 23 with
1834 2887 44 23 fine

1291 2918 89 29 timber,
1394 2919 43 23 and
1448 2927 42 15 our
1502 2920 133 31 experience
1647 2920 25 22 in
1684 2920 37 22 the
1738 2927 140 24 appearance

1291 2951 25 23 of
1325 2951 46 24 this
1383 2957 94 27 country
1494 2953 81 31 taught
1592 2961 28 15 us
1639 2958 23 19 to
1680 2953 88 26 believe
1779 2953 58 29 him,
1855 2954 24 23 in

1291 2984 45 24 this
1347 2986 110 28 instance,
1477 2991 23 18 at
1517 2986 66 24 least.
1620 2986 51 24 The
1689 2986 53 24 hills
1760 2986 119 31 bounding

1291 3018 45 23 this
1348 3018 74 31 valley
1434 3017 85 31 (called
1529 3019 105 31 Horoki)
1646 3024 23 19 to
1682 3019 37 24 the
1736 3020 141 29 north-east,

1291 3051 64 23 trend
1366 3052 96 23 towards
1474 3052 38 23 the
1523 3052 145 29 north-west,
1681 3052 44 24 and
1743 3053 60 23 from
1819 3053 58 23 their

1291 3084 101 24 distance
1411 3085 44 23 and
1472 3085 96 31 bearing
1585 3094 34 15 we
1640 3085 58 24 have
1708 3094 82 15 reason
1802 3090 23 19 to
1837 3086 40 23 be-

1289 3117 59 24 lieve
1361 3118 53 30 they
1426 3126 38 16 are
1477 3118 84 31 closely
1571 3118 124 24 connected
1705 3119 55 23 with
1772 3118 39 24 the
1823 3119 54 23 hills

1290 3154 23 20 at
1324 3151 38 23 the
1374 3151 60 25 back
1452 3152 25 23 of
1486 3151 130 24 Waikenai.
1653 3151 26 24 If
1689 3153 17 22 it
1717 3152 82 23 should
1806 3160 70 22 prove

1290 3183 49 24 that
1350 3192 14 15 a
1375 3184 55 23 road
1441 3192 41 16 can
1494 3185 29 23 be
1540 3184 71 27 found
1628 3185 99 31 through
1745 3186 40 22 the
1804 3185 72 31 valley

1290 3221 23 19 to
1324 3217 39 24 the
1376 3225 38 16 sea
1425 3222 70 25 coast,
1507 3219 19 22 it
1538 3218 45 23 will
1594 3219 28 22 be
1634 3218 25 24 of
1673 3226 55 22 very
1746 3222 65 28 great
1833 3219 43 22 im-

1290 3254 107 27 portance
1409 3255 22 19 to
1444 3252 39 23 the
1496 3251 96 31 Colony,
1612 3255 40 20 not
1670 3252 53 31 only
1736 3260 25 15 as
1773 3260 14 15 a
1797 3259 79 16 means

1291 3283 26 23 of
1325 3285 98 30 opening
1434 3292 31 16 an
1475 3286 116 23 extensive
1610 3285 149 31 agricultural
1779 3285 96 29 district,

1290 3317 42 23 but
1350 3325 25 15 as
1398 3317 112 31 affording
1533 3318 38 24 the
1588 3326 80 16 means
1685 3318 25 23 of
1724 3327 14 15 a
1757 3318 47 24 safe
1823 3318 54 24 land

1290 3351 190 24 communication
1502 3351 102 24 between
1626 3351 46 24 this
1696 3351 54 24 Port
1773 3351 45 24 and
1838 3351 38 23 the

1289 3383 73 24 whole
1375 3384 25 23 of
1413 3384 39 23 the
1463 3384 77 24 useful
1549 3389 53 26 part
1608 3385 26 23 of
1641 3386 40 22 the
1691 3384 110 24 southern
1813 3389 63 19 coast

1290 3416 26 24 of
1324 3417 46 23 this
1382 3417 107 24 favoured
1500 3418 82 24 island.
1618 3418 44 24 We
1681 3426 40 23 say
1740 3418 39 23 the
1801 3417 76 24 useful

1289 3454 59 27 part,
1362 3450 95 25 because
1468 3451 18 23 it
1496 3451 21 23 is
1530 3451 50 24 well
1592 3451 84 24 known
1687 3452 50 23 that
1747 3452 59 23 from
1820 3451 57 24 Port

1290 3483 127 24 Nicholson
1434 3488 24 19 to
1477 3484 105 29 Porirua,
1606 3485 45 23 and
1668 3485 58 23 from
1744 3485 99 23 Porirua
1853 3489 23 19 to

1289 3516 130 29 Waikenai,
1431 3516 64 25 there
1507 3518 21 23 is
1543 3518 42 23 but
1601 3526 14 15 a
1625 3518 68 23 small
1710 3519 133 30 proportion
1855 3518 24 24 of

1289 3549 39 24 the
1340 3558 40 16 sea
1390 3550 70 24 board
1466 3550 27 25 fit
1499 3551 36 23 for
1547 3551 147 30 agricultural
1700 3559 120 23 purposes,
1833 3551 44 24 and

1290 3583 48 23 still
1348 3584 47 23 less
1405 3583 36 24 for
1453 3591 14 16 a
1476 3584 64 23 road.
1564 3584 48 23 But
1623 3584 39 24 the
1673 3584 55 24 road
1738 3584 72 32 being
1816 3593 58 23 open

1289 3616 59 24 from
1361 3617 57 23 Port
1429 3616 127 24 Nicholson
1568 3622 23 19 to
1604 3617 105 29 Porirua,
1724 3626 25 14 as
1761 3619 19 22 it
1790 3618 47 23 will
1848 3618 28 23 be

1290 3650 96 32 shortly,
1402 3650 21 23 if
1438 3650 20 23 it
1475 3657 43 16 can
1538 3650 25 24 be
1582 3650 123 24 continued
1719 3650 101 32 through
1838 3651 38 24 the

1290 3683 74 31 valley
1394 3683 93 23 Horoki
1510 3688 23 19 to
1561 3683 38 25 the
1627 3689 70 24 coast,
1728 3684 38 24 the
1797 3692 79 16 neces-

1291 3717 44 31 sity
1357 3716 36 24 for
1413 3716 99 32 making
1536 3716 37 24 the
1588 3739 2 3 .
1604 3718 56 23 road
1688 3718 59 23 from
1778 3717 98 24 Porirua

1290 3754 23 19 to
1343 3749 110 30 Pukinia,
1484 3750 46 24 and
1552 3750 80 24 thence
1656 3755 23 19 to
1702 3751 69 25 Parri
1799 3751 77 30 Parri,

1289 3783 47 24 will
1348 3791 63 16 cease
1418 3793 5 19 ;
1438 3783 44 24 and
1494 3784 21 23 if
1531 3791 31 16 we
1574 3791 52 24 may
1636 3789 95 19 venture
1744 3789 23 19 to
1779 3784 56 24 offer
1847 3793 29 16 an

1290 3816 92 32 opinion
1394 3824 29 16 on
1435 3817 90 31 cutting
1536 3825 13 15 a
1560 3817 55 24 road
1626 3817 99 32 through
1736 3826 45 23 any
1789 3822 52 27 part
1853 3818 26 24 of

1289 3850 45 26 this
1347 3855 94 26 country
1453 3850 26 23 of
1486 3850 75 24 which
1572 3858 32 16 we
1615 3859 42 16 can
1676 3856 38 26 get
1732 3851 53 31 only
1798 3860 14 15 a
1823 3859 52 16 cur-

1289 3891 53 24 sory
1350 3885 63 27 view,
1425 3891 35 16 we
1472 3883 82 25 should
1566 3892 40 23 say
1616 3884 51 24 that
1677 3884 39 24 the
1726 3892 42 16 one
1776 3885 100 32 through

1289 3916 36 25 the
1338 3917 75 24 valley.
1425 3916 90 25 Horoki
1536 3918 72 24 would
1627 3918 27 24 be
1675 3918 104 24 attended
1799 3919 21 23 if
1836 3923 41 19 not

533 55 102 30 ¥HE
649 54 111 31 NEW
780 53 224 32 ZEALAND
1021 51 223 33 GAZETTE
1259 49 103 31 AND
1382 47 325 33 WELLINGTON
1730 46 291 31 SPECTATOR.

747 767 169 24 SHIPPING
934 763 272 27 INTELLIGENCE.

904 815 143 18 ARRIVED.

718 845 84 24 March
820 846 24 26 9,
863 844 53 30 trig
941 842 130 25 Ullswater,
1092 842 54 27 133,
1167 842 95 26 Gibson,

687 879 56 23 from
758 878 141 23 Launceston
908 885 7 19 ;
934 875 91 31 general
1037 881 89 23 cargoe.

718 911 84 23 March
821 913 39 25 11,
879 908 108 24 schooner
1005 906 93 29 Jewess,
1112 905 87 29 Moore,
1211 905 53 23 from

687 944 89 21 Mokou
787 943 45 22 and
841 941 130 24 Taranaki;
987 947 80 18 .cargo,
1079 943 111 22 potatoes.

918 989 119 21 SAILED.

717 1020 84 24 March
813 1022 23 26 9,
847 1019 103 24 H.M.S.
962 1016 116 29 Favorite,
1088 1016 66 32 Capt.
1164 1015 101 31 Dunlop,

684 1054 35 23 for
737 1053 103 24 Akaroa.
887 1052 141 29 Passengers
1030 1062 34 3 —
1064 1049 66 30 Lady
1146 1048 119 29 Franklin,

685 1087 60 22 Miss
757 1085 151 26 Williamson,
921 1084 44 23 and
977 1082 76 24 Lieut.
1068 1083 81 28 Bagot.

718 1119 68 23 Same
806 1119 50 30 day,
875 1117 109 23 schooner
1002 1115 117 30 Surprise,
1131 1115 133 29 M'Gregor,

685 1152 33 23 for
734 1151 147 31 Wanganui;
906 1148 93 32 general
1014 1155 77 23 cargo.
1127 1147 137 30 Passengers

685 1185 131 23 —Messrs.
840 1183 109 28 Johnson,
977 1180 100 29 Tinline,
1107 1180 57 28 Bell,
1195 1179 69 29 Balls,

685 1217 105 28 Duncan,
810 1216 129 27 Bannister,
959 1213 103 28 Colville,
1081 1213 94 27 Berner,
1199 1212 65 29 Reid,

685 1250 44 24 Dr.
740 1249 85 31 Healy,
839 1249 59 23 Mrs.
913 1247 95 28 Locket,
1021 1246 46 23 and
1078 1254 14 15 a
1103 1244 123 25 constable.

913 1297 30 18 IN
963 1297 84 18 PORT.

720 1327 115 23 Schooner
853 1327 94 24 Curlew.

720 1360 56 30 Brig
790 1359 127 28 Ullswater,
929 1357 96 24 Gibson.

720 1392 115 24 Schooner
844 1390 92 29 Jewess,
948 1390 91 23 Moore.

854 1449 245 17 THERMOMETER.

692 1993 91 24 London
1047 1991 54 24 Oct.
1127 1993 40 23 20.

692 2025 86 30 Sydney
1046 2021 52 23 Jan.
1129 2022 39 27 16,

692 2058 42 30 3ay
747 2059 24 21 of
787 2057 91 23 Islands
1048 2054 57 24 Feb.
1144 2056 23 26 5,

692 2091 45 23 fan
748 2090 119 23 Dieman's
880 2088 67 25 Land
969 2104 57 7 ....
1049 2087 57 25 Feb.
1127 2088 39 26 19,

692 2124 49 28 ?prt
754 2123 85 31 Phillip
1048 2121 50 23 Jan.
1144 2121 22 26 1,

692 2149 102 31 Adelaide
1047 2153 58 24 Dec.
1144 2154 22 26 5,

1194 1993 73 19 1840.

1194 2022 72 21 1841.

1194 2054 72 22 1841.

1194 2087 71 22 1841.

1193 2121 72 21 1841.

1194 2153 71 23 IS4O.

172 139 240 26 GOVERNMENT
429 138 137 25 NOTICE.

295 171 73 22 Police
378 170 76 26 Office,
466 170 52 23 Port
529 169 127 28 NicHo&on,

366 200 3 3 •
390 197 177 27 Ma,rdiß,.lß4l.

94 231 150 22 ANNUAL
263 230 189 21 LICENSING
470 230 172 21 MEETING.

80 263 143 50 NOTICE
249 264 26 21 IS
300 263 123 21 HEREBY
447 262 106 27 GIVEN,
578 262 49 22 that
646 270 12 13 a

162 290 94 22 General
266 289 103 27 Meeting
378 289 25 21 of
413 289 38 21 the
461 289 94 21 Justices
561 289 26 20 of
594 289 64 26 Petty

80 317 105 26 Sessions,
195 317 74 24 acting
278 316 23 20 in
313 315 43 21 and
366 315 34 21 for
408 315 37 21 the
459 315 93 21 District
565 315 26 21 of
607 314 53 22 Port

78 343 130 25 Nicholson,
219 342 44 20 will
272 341 28 21 be
310 341 51 21 held
371 345 23 17 at
402 341 43 21 this
461 341 70 21 Office
545 347 31 15 on
590 341 70 21 Tues-

79 369 50 26 day,
141 369 37 21 the
186 367 52 22 20th
248 368 43 27 day
305 368 26 21 of
345 367 69 32 April,
432 369 57 25 1841,
507 371 23 21 to
544 367 52 21 take
611 367 48 21 into

78 394 161 22 consideration
249 394 55 21 such
314 394 144 26 applications
466 392 37 23 -for
517 394 106 26 Licenses
637 399 23 14 as

77 428 48 19 may
135 421 50 19 have
194 421 46 19 been
251 421 73 25 lodged
332 421 51 19 with
392 427 31 13 me
432 426 27 14 on
473 426 24 16 or
503 421 77 24 J>efgre
586 421 76 19 .Tues-.

77 448 47 26 day,
137 449 34 19 the
181 448 36 20 6tk
228 447 40 26 day
278 447 27 26 of
312 448 71 25 April,
391 447 60 24 1841,
460 447 71 21 under
536 447 123 26 provisions

77 475 26 20 of
113 475 46 20 Act
168 474 25 20 of
204 474 99 26 Council,
313 475 14 19 2
337 474 98 21 Victoria
444 473 42 21 No.
497 474 27 20 18
534 474 26 20 of
571 474 61 20 1838.

270 504 134 25 WALTER
419 505 157 26 MANTRLL,

411 533 66 21 Clerk
489 532 26 22 of
526 533 36 21 the
571 531 86 23 Bench.

211 586 125 21 PUBLIC
352 585 170 21 MEETING.

73 612 98 48 WE,
190 612 38 21 the
246 612 156 27 undersigned,
419 609 135 23 inhabitants
564 611 26 21 of
606 611 52 21 Port

160 638 127 26 Nicholson,
298 641 89 24 request
402 644 12 14 a
422 638 98 26 meeting
529 637 26 21 of
567 644 41 15 our
618 637 40 21 fel-

73 663 43 23 low
134 665 115 26 Colonists,
260 668 24 17 at
294 664 103 23 Barrett's
407 663 75 27 Hotel,
498 670 29 14 on
541 663 117 28 Thursday

74 694 62 23 next,
148 691 36 21 the
195 691 50 21 18th
260 690 61 25 inst.,
332 691 39 20 for
380 689 35 21 the
432 696 94 21 purpose
541 689 26 23 of
581 689 77 28 taking

73 717 49 21 into
133 717 161 21 consideration
305 712 36 25 the
352 719 56 23 steps
416 722 116 21 necessary
538 719 23 18 to
571 720 87 23 protect

73 743 38 21 the
121 743 74 26 public
205 743 56 21 from
272 742 38 22 the
321 745 99 23 outrages
430 742 26 21 of
469 741 36 22 the
519 742 71 27 police
601 746 57 18 esta-

73 769 127 21 blishment.

101 802 40 21 All
150 802 80 26 parties
239 801 50 22 who
298 802 57 21 have
363 801 93 22 suffered
464 802 125 26 aggression
600 802 57 23 from

74 827 37 22 the
122 828 70 21 hands
203 828 25 21 of
241 828 36 21 the
289 828 76 27 police,
377 835 36 14 are
422 828 116 27 requested
553 832 23 17 to
586 833 72 18 trans-

73 855 42 20 mit
125 855 84 21 written
220 858 130 18 statements
361 855 25 22 of
399 855 36 20 the
453 854 172 23 circumstances
634 860 22 17 to

74 888 45 19 any
136 881 25 21 of
172 881 36 21 the
218 881 81 27 parties
316 881 72 21 whose
402 888 78 14 names
497 888 36 14 are
548 881 108 23 hereunto

73 907 136 22 subscribed.

101 941 28 21 G.
141 940 25 24 B,
178 941 65 28 Earp,
396 940 98 22 Richard
503 941 56 27 Ball,

100 966 60 22 John
178 967 72 27 Wade,
397 967 24 22 F.
433 968 25 20 C.
468 968 92 27 Losack,

99 993 23 21 J.
138 993 111 27 fiidgway,
397 994 27 21 D.
437 994 21 21 S.
469 994 76 27 Durie,

100 1019 85 22 Robert
197 1020 73 26 Waitt,
399 1021 26 20 A.
437 1020 142 26 Hornbrook,

99 1044 40 22 W:
149 1046 25 21 B.
185 1046 97 26 Rhodes,
390 1046 103 24 .William
503 1047 77 27 Allen,

99 1071 98 22 Thomas
206 1072 125 27 Buckland,
397 1073 86 25 George
494 1073 85 28 Moore,

100 1098 23 21 J.
135 1098 77 26 Minet,
397 1099 26 21 R.
435 1099 26 21 B.
473 1100 91 27 Barnes,

102 1124 97 22 William
210 1125 71 27 Lyon,
395 1126 25 21 T.
433 1126 28 20 A.
472 1126 93 27 Knight,

102 1151 29 21 G.
143 1150 75 27 Wade,
396 1152 97 21 Thomas
505 1153 67 26 Cook,

101 1178 89 21 Samuel
202 1178 96 26 Revans,
397 1178 24 21 T.
433 1178 32 20 M.
476 1179 131 27 Machattie,

101 1203 108 22 Rowland
222 1204 75 27 Davis,
399 1204 34 21 W.
446 1205 58 27 Hay,

101 1230 22 21 J.
137 1230 28 21 H.
179 1230 103 27 Wallace,
397 1231 82 22 Daniel
489 1232 125 22 Riddiford.

100 1256 61 21 John
172 1257 107 27 Douglas,

99 1288 49 22 The
164 1290 98 26 meeting
279 1290 43 22 will
340 1290 50 22 take
406 1291 62 27 place
486 1293 23 19 at
526 1292 25 20 11
571 1292 85 22 o'clock

72 1315 116 28 precisely.

211 1372 29 20 To
250 1372 24 20 be
284 1372 52 20 Sold
345 1373 24 24 by
379 1373 99 24 Auction,
491 1373 25 25 by

141 1404 138 21 MESSRS.
299 1406 24 20 J.
338 1406 73 20 AND
426 1406 31 21 G.
473 1406 114 24 WADE,

75 1437 71 48 ON
166 1438 149 27 TUESDAY,
338 1439 77 21 March
432 1441 32 24 16,
482 1440 59 27 1841,
560 1443 23 19 at
600 1439 57 23 their

150 1464 81 27 Stores,
243 1465 37 21 the
291 1465 113 27 following
411 1465 68 27 goods
487 1474 5 13 :—:
496 1477 26 4 —

127 1498 107 27 Flushing
242 1499 66 27 slops,

127 1524 110 23 Moleskin
248 1526 62 27 ditto,

127 1551 86 27 Striped
223 1556 75 18 cotton
308 1552 71 28 shirts,

127 1578 94 26 Regatta
231 1579 63 27 ditto,

127 1604 105 28 Sheeting
241 1606 45 21 and
295 1606 93 27 shirting
397 1606 75 28 calico,

127 1630 63 22 Plaid
199 1632 87 27 shawls,

127 1658 68 21 Great
204 1662 67 24 coatSj

127 1683 63 22 Cloth
201 1686 44 21 and
254 1686 86 22 merino
350 1685 80 28 cloaks,

125 1711 66 27 Rum,

125 1735 98 29 Brandy,

126 1763 108 23 Teneriffe
245 1765 63 27 wine,

125 1791 133 27 Negrohead
268 1792 96 26 tobacco,

125 1817 101 22 Tobacco
234 1818 69 27 pipes,

126 1844 89 27 Sydney
225 1844 57 28 beef,

126 1871 89 27 Biscuit,

126 1898 64 27 Soap,

125 1924 78 27 Hams,

125 1951 54 26 Salt,
192 1960 3 4 •

125 1978 57 21 Seed
191 1977 74 23 wheat
277 1978 45 22 and
331 1982 54 19 oats.

70 2010 52 22 Sale
132 2014 21 18 to
164 2018 128 15 commence
303 2015 23 17 at
336 2014 24 18 12
374 2012 90 21 o'clock.
465 2024 29 5 —
494 2013 78 21 Terms
588 2017 22 17 to
627 2014 28 20 be

186 2038 65 20 made
263 2038 80 20 known
354 2041 22 18 at
385 2039 53 20 time
448 2038 26 21 of
483 2039 53 20 sale.

218 2091 83 21 NEW
319 2092 184 20 POTATOES.

70 2124 68 49 TO
152 2124 38 22 BE
202 2125 78 21 SOLD
292 2125 39 21 BY
341 2125 143 27 AUCTION,
498 2133 26 14 on
536 2126 117 27 Saturday,

146 2151 52 26 (this
207 2151 53 27 day)
279 2152 77 21 March
367 2154 32 24 12,
411 2154 59 22 1841,
482 2156 23 17 at
515 2159 43 15 one
569 2153 85 21 o'clock

70 2177 113 28 precisely,
196 2185 12 14 a
218 2178 102 27 quantity
331 2178 22 21 of
367 2178 54 22 New
433 2179 108 27 Potatoes,
559 2180 26 21 of
600 2187 54 19 very

70 2205 98 26 superior
176 2205 90 27 quality,
277 2212 26 14 ex
311 2205 37 21 the
496 2206 56 21 from
560 2206 92 21 Mokou.

69 2229 32 24 To
112 2231 26 22 be
149 2235 39 23 put
197 2239 29 20 up
236 2232 23 20 in
270 2232 42 21 lots
323 2235 22 18 to
355 2232 43 21 suit
412 2232 29 21 all
451 2232 139 27 purchasers.

339 2259 111 21 Bethune
460 2259 44 21 and
515 2259 109 22 Hunter.

244 2314 125 21 PUBLIC
386 2314 93 21 SALE.

70 2347 156 48 MESSRS.
239 2347 102 23 Bethune
351 2347 43 22 and
405 2348 90 22 Hunter
510 2348 45 22 will
566 2349 45 21 Sell
623 2349 31 26 by

148 2374 104 27 Auction,
263 2382 28 14 on
308 2373 146 29 Wednesday,
466 2375 52 21 17th
528 2375 87 27 March,
632 2380 22 18 at

68 2401 26 20 12
105 2400 90 27 o'clock,
207 2408 28 14 ex
247 2401 37 21 the
296 2402 108 20 Ullsw:ter
411 2411 7 11 :
420 2413 27 4 —

96 2429 13 19 3
120 2430 49 18 tons
179 2427 83 22 second
272 2428 84 27 quality
366 2428 62 27 flour,

97 2455 41 20 200
147 2453 90 22 bushels
246 2455 63 26 bran,

98 2480 56 22 Seed
164 2480 78 27 wheat,
256 2484 52 24 oats,
320 2481 45 23 and
373 2482 83 27 barley,

97 2508 10 20 1
120 2514 48 15 case
179 2507 65 28 Navy
254 2508 51 22 blue
315 2508 44 22 and
368 2509 63 21 other
440 2509 77 28 prints,

95 2534 13 20 5
120 2534 61 21 casks
192 2534 67 26 flints,

96 2560 124 27 Mauritius,
234 2561 101 28 Manilla,
346 2562 44 22 and
399 2563 85 21 refined
494 2570 75 20 sugar,

98 2587 54 26 Oils,
163 2588 79 27 paints,
254 2589 43 21 and
308 2589 91 27 colours,

96 2614 88 22 Bottled
194 2615 34 21 ale
238 2615 46 22 and
292 2619 58 19 stout
359 2616 120 27 (Dunbar's
489 2616 45 22 and
543 2615 80 28 other,)

97 2643 41 20 100
147 2648 60 15 cases
218 2642 92 22 Geneva
322 2643 71 26 (fine,)

96 2667 66 28 Rum,
173 2669 93 27 brandy,
277 2669 45 21 and
332 2669 109 23 Hollands
451 2670 23 22 in
486 2669 58 28 cask,

96 2694 80 27 Sherry
187 2695 23 21 in
219 2697 14 20 3
244 2695 48 22 doz.
303 2703 66 20 cases,

98 2721 94 23 Masdeu
202 2722 45 21 and
256 2726 50 23 port
314 2723 56 22 wine
380 2723 24 21 in
416 2723 56 28 cask,

96 2748 49 22 Van
156 2749 116 21 Dieman's
283 2749 62 22 Land
355 2750 75 27 apples
440 2751 32 24 (in
484 2751 44 21 fine
540 2750 83 27 order,)

97 2775 49 21 Red
156 2775 82 22 twilled
249 2776 64 22 shirts
324 2777 44 21 and
378 2777 78 21 Scotch
467 2784 59 21 caps,
538 2777 50 26 &c,

99 2801 93 27 Pickles,
204 2802 99 27 vinegar,
315 2803 43 22 and
367 2803 105 28 mustard,

98 2829 87 26 Copper
193 2829 45 21 and
248 2829 53 22 land
311 2830 62 27 nails,
383 2830 53 22 boat
445 2831 84 27 chains,

98 2855 22 21 A
131 2855 64 22 small
204 2856 87 23 invoice
302 2857 25 21 of
332 2864 163 21 ironmongery,

98 2884 75 25 20,000
183 2882 50 22 Van
245 2883 114 23 Dieman's
370 2884 64 22 Land
443 2884 104 27 shingles,

97 2911 74 24 10,000
181 2909 70 22 broad
259 2910 92 27 palings,
364 2911 44 21 and
418 2911 62 21 other
489 2911 77 27 goods.

98 2936 55 21 Also
163 2939 23 18 at
202 2943 12 14 a
230 2936 97 22 reduced
345 2941 64 23 upset
425 2937 66 28 price,
503 2941 43 19 two
557 2938 97 22 sections

71 2962 28 22 of
116 2962 52 22 land
176 2971 6 18 ;
203 2966 58 19 town
279 2970 60 16 acres
356 2963 55 23 Nos.
427 2965 47 26 453,
496 2966 48 26 884,
568 2972 29 15 on
616 2965 38 22 the

70 2989 111 28 Surveyor
191 2990 115 22 General's
316 2991 58 27 plan.

99 3016 99 28 Country
214 3016 61 22 land.
277 3028 27 5 —
306 3017 79 23 Choice
400 3017 55 22 Nos.
472 3017 40 24 726
528 3019 46 21 and
592 3020 61 25 1084,

70 3046 42 18 not
119 3043 67 27 being
195 3047 38 24 yet
239 3044 100 27 selected,
348 3045 51 21 thus
406 3045 109 27 affording
522 3045 132 28 purchasers

70 3076 29 15 an
117 3071 143 27 opportunity
274 3071 25 21 of
312 3072 113 27 acquiring
439 3071 53 23 land
507 3073 25 21 in
548 3073 38 21 the
597 3075 58 19 most

70 3097 102 22 valuable
182 3097 102 23 districts.

98 3123 68 23 Town
185 3132 50 14 acre
252 3125 44 21 No.
312 3125 47 26 453,
371 3125 101 28 (already
488 3125 105 23 enclosed
610 3126 45 22 and

70 3150 72 22 xinder
159 3151 140 28 cultivation)
315 3148 52 26 with
383 3153 38 21 the
437 3156 95 23 country
548 3153 55 22 land
621 3157 33 18 at-

70 3177 97 27 taching,
179 3178 131 22 subdivided
319 3180 47 20 into
375 3179 51 22 four
434 3179 50 22 lots.
503 3180 22 21 A
534 3180 55 27 plan
598 3183 22 18 to
625 3181 29 21 be

72 3210 51 15 seen
134 3208 23 17 at
166 3204 36 22 the
213 3208 144 20 auctioneers.

99 3230 143 28 Wellington,
255 3232 49 22 11th
315 3233 85 27 March,
413 3234 59 21 1841.

98 3286 80 20 FOR
205 3287 115 24 SALE,
348 3288 54 20 BY
430 3288 201 21 PRIVATE

241 3314 241 26 CONTRAGT,

73 3346 91 34 npHE
180 3346 126 27 Good-will,
317 3348 197 27 Dwelling-house,
533 3348 60 27 Shop
610 3349 45 21 and

81 3370 29 25 _L
134 3373 71 27 Oven,
215 3374 48 26 &c,
275 3374 110 27 presently
395 3375 106 27 occupied
515 3375 31 27 by
562 3376 45 22 Mr.
618 3376 35 22 W.

73 3400 145 26 Goodfellow,
229 3396 76 31 baker,
316 3401 47 21 who
373 3402 18 21 is
399 3402 67 22 about
473 3405 21 19 to
502 3402 52 22 visit
561 3402 94 22 another

72 3431 50 23 part
132 3428 25 20 of
169 3426 36 22 the
218 3426 83 22 Island.

109 3454 53 21 This
185 3452 81 23 affords
291 3461 28 14 an
338 3454 108 22 excellent
465 3456 144 27 opportunity
633 3456 25 22 of

73 3481 103 27 carrying
199 3487 29 15 on
248 3487 13 14 a
279 3479 106 23 lucrative
406 3481 67 27 trade,
494 3483 34 21 for
548 3490 44 20 any
613 3490 42 14 one

73 3508 99 21 desirous
182 3508 25 21 of
219 3506 132 29 continuing
360 3507 37 27 the
407 3508 108 22 business.
545 3509 76 28 Apply
633 3513 21 19 to

72 3534 46 22 Mr.
129 3534 146 26 Goodfellow,
287 3541 25 14 or

338 3561 111 23 Bethune
463 3562 45 22 and
518 3563 109 27 Hunter,

412 3589 156 23 Auctioneers.
590 3597 3 3 •

99 3615 146 27 Wellington,
256 3614 78 22 March
345 3616 33 26 11,
390 3616 61 23 1841.
478 3613 14 12 ''

73 3669 246 25 WELLINGTON,
337 3669 136 26 PETONI,
492 3670 76 22 AND
586 3671 70 21 THE

251 3696 111 20 RIVER
381 3696 103 20 HUTT.
503 3699 7 6 *
543 3693 22 14 ••'

106 3733 72 28 fi£^-
199 3727 26 34 A
247 3726 217 23 FAST-SAILING
479 3729 27 20 10
519 3730 40 19 ton
573 3729 84 23 decked

89 3749 149 39 J^^il
265 3753 53 23 boat
335 3753 43 22 will
397 3753 37 28 ply
453 3753 60 28 daily
538 3755 118 33 (Saturday

75 3777 157 30 «2§3K§£»and
242 3780 90 27 Sunday
342 3780 116 32 excepted)
479 3781 102 23 between
598 3783 60 22 Wel-

72 3808 95 28 liugton,
179 3807 86 27 Petoiii,
276 3807 46 22 and
331 3807 37 22 the
378 3807 68 22 River
456 3807 66 23 Hutt.
574 3809 3 7 '

101 3842 139 28 Passengers,
252 3843 31 20 2s.
312 3841 43 22 For
371 3840 82 27 freight
468 3840 45 23 and
529 3842 64 22 other
608 3850 50 20 par-

73 3868 98 27 ticulars,
181 3868 68 28 apply
259 3871 22 19 to
289 3868 106 26 Wallace,
404 3867 81 27 White,
495 3868 46 22 and
552 3868 104 29 Wallace,

73 3895 137 27 Wellington
217 3904 6 19 ;
244 3903 26 14 or
286 3898 22 19 to
319 3895 20 21 J.
351 3894 78 28 Watts,
441 3894 215 31 Wellington-hotel,

74 3922 85 22 Petoni.

686 135 67 20 FOR
767 133 202 26 AUCKLAND,
988 134 119 23 RIVER,
1115 132 152 23 THAMES,

707 161 75 20 AND
795 160 76 21 BAY
886 161 43 22 OF
943 159 304 33 ISLANDS,^DIRECT.

686 193 68 28 Daily
763 193 107 28 expected
879 193 57 21 from
945 192 135 31 Wanganui,_
1090 192 45 22 and
1144 190 42 24 will
1197 190 38 22 sail
1244 190 24 22 in

810 225 4 3 '
832 227 13 13 a
856 220 40 20 few
906 219 54 27 days
972 219 56 21 after
1037 216 89 28 arrival,

734 261 57 23 £^.
801 253 88 31 rpl-IE
902 253 45 21 fine
962 253 107 20 schooner
1085 249 182 27 ELIZABETH,

712 275 82 32 «(rf£ffik
807 273 28 28 JL
873 279 79 26 Styles,
969 282 82 18 master
1060 286 4 18 ;
1086 277 45 22 and
1147 277 36 21 the
1199 279 69 19 cutter

688 299 107 32 «£sii2S»
802 305 163 26 HARRIETT,
974 303 131 26 M'Donald,
1112 306 81 18 master
1199 310 6 18 ;
1216 302 53 21 hav-

686 334 40 26 ing
734 334 100 26 superior
843 331 190 22 accommodotion
1043 330 36 21 for
1092 335 136 21 passengers.

713 366 45 21 For
766 364 82 28 freight
856 371 25 14 or
889 369 99 22 passage,
998 362 67 28 apply
1076 365 22 18 to
1114 360 72 23 David
1201 360 66 27 Scott,

688 392 61 27 Esq.,
760 391 58 22 or'to

764 423 3 4 •
784 421 4 6 •
801 414 6 6 *
995 414 101 22 Waters
1107 413 45 22 and
1161 413 80 22 Smith.

713 450 145 26 Wellington,
872 448 41 22 3rd
922 447 86 27 March,
1019 448 62 20 1841.

686 503 68 21 FOR
769 501 200 21 WANGANUI
984 501 74 21 AND
1071 499 196 23 TARANAKI.

929 534 27 21 be
964 533 69 26 ready
1042 536 23 18 to
1075 531 40 23 sail
1124 539 28 14 on
1160 531 107 27 Monday,

712 555 82 31 £3E&
810 553 43 30 VV
882 561 79 21 March
970 561 34 25 15,
1013 560 60 24 1841,
1082 558 37 21 the
1131 557 47 21 well
1187 557 81 22 known

689 580 109 34 fSSSSgL
801 588 130 20 fast-sailing
939 586 107 22 schooner
1053 584 121 25 JEWESS,
1182 583 85 27 Moore,

686 622 89 17 master.
804 615 43 22 For
855 614 83 25 freight
947 620 24 14 or
980 618 99 21 passage,
1090 610 65 27 apply
1166 613 22 19 to

873 647 27 22 T.
912 646 33 22 M.
955 646 134 21 Partridge
1100 643 45 22 and
1154 643 47 26 Co.,
1213 650 23 15 or

874 673 87 21 Willts
972 671 45 22 and
1027 670 40 21 Co.

713 708 80 23 March
804 709 32 25 11,
849 708 59 21 1841.
