3435 4368
480 46 2950 1 THE

480 46 1180 350 OXFORD
1857 46 1573 350 OBSERVER

1135 430 183 55 AND
1393 425 589 60 CANTERBURY
2052 427 500 68 DEMOCRAT,

1271 535 523 38 CIRCUI^TING
1869 537 521 37 THROUGHOUT

1714 703 229 32 Established
1988 705 90 30 1889.

35 860 139 30 Volumn
195 857 97 32 VI—
292 856 61 32 No.
395 855 104 31 NEW
516 850 156 35 SERIES.

1234 848 107 31 EAST
1365 846 187 36 OXFORD,
1575 845 246 38 SATURDAY,
1842 846 244 31 NOVEMBER
2102 849 54 34 10,
2181 849 92 31 1894.

2923 857 136 31 Peice—
3060 858 86 31 ONE
3183 860 156 31 PENNY.

2883 1004 52 38 G.
2963 1005 49 38 E.
3043 1000 347 52 WEY'LANDT,

2996 1067 111 27 FAMILY
3125 1069 148 27 BUTCHER.

2903 1111 161 41 EAST
3093 1114 267 41 OXFORD.

2940 1176 121 26 Families
3072 1178 89 25 waited
3170 1186 67 25 upon
3248 1179 76 32 daily.

2967 1293 283 36 ASTOUNDING
3262 1300 15 31 I

2923 1349 70 25 CAN
3029 1351 82 26 THIS
3140 1352 46 25 BE
3220 1354 112 25 TKUE?

2952 1435 63 26 YES,
3029 1437 21 20 A
3063 1437 135 23 DECIDED
3210 1439 83 22 FACT.

2852 1508 100 32 NEW
2961 1510 142 32 YEARS
3114 1513 277 33 CONCESSION.

2878 1590 51 76 C.
2972 1590 61 79 H.
3076 1592 287 82 MANNING

2940 1803 358 32 PHOTOGRAPHER

2849 1882 43 21 BY
2929 1882 126 22 SPECIAL
3092 1884 221 22 APPOINTMENT
3350 1886 38 21 TO

2983 1916 266 22 EARLOFONSLOW.

2850 1978 105 25 TX7TLL,
2971 1978 91 27 During
3077 1980 42 21 tbe
3142 1980 84 21 Month
3244 1982 23 20 of
3285 1982 103 27 January

2860 2001 27 26 YY
2914 2011 4 4 •
2925 2006 60 26 only,
2997 2007 55 20 1894
3060 2007 65 20 Issue
3133 2007 27 20 to
3168 2008 42 19 the
3218 2008 87 21 Public.

2996 2039 85 30 ONE
3102 2040 147 31 DOZEN

2850 2084 29 22 Of
2888 2085 37 21 his
2939 2086 190 27 Widely-known,
3146 2086 243 29 Superiorly-finished,

3044 2119 47 19 and
3107 2119 92 27 Highly

2851 2150 190 23 ENAMELLED
3097 2153 134 22 CABINET
3277 2155 112 21 PHOTO-

2851 2183 121 21 GRAPHS
2985 2184 41 20 AT
3035 2184 62 20 THE
3106 2185 144 21 NOMINAL
3264 2185 125 23 CHARGE

3103 2222 30 15 of

3086 2255 66 29 15s.

2848 2335 174 21 DUPLICATE
3037 2337 118 20 OEDEES
3170 2337 40 20 AT
3227 2337 63 20 THE
3306 2336 82 21 SAME

3078 2369 85 22 BATE.

2874 2434 49 21 The
2932 2434 82 21 Public
3023 2441 39 14 are
3077 2435 95 20 advised
3187 2436 26 20 to
3231 2435 62 21 avail
3310 2436 76 21 them-

2846 2466 74 20 selves
2939 2466 24 20 of
2980 2467 48 20 this
3046 2467 147 26 opportunity
3211 2467 25 20 of
3264 2467 122 27 obtaining

2846 2500 124 26 high-class
2979 2501 61 20 work
3050 2501 25 20 at
3083 2500 57 21 such
3147 2507 14 14 a
3169 2500 115 22 moderate
3293 2502 93 25 charge.

2845 2574 175 21 EEMEMBEE
3030 2575 60 21 FOE
3100 2575 61 21 ONE
3172 2575 110 21 MONTH
3294 2576 92 21 ONLY.

2872 2632 49 21 The
2928 2633 52 20 vast
2989 2633 132 27 experience
3137 2634 108 21 obtained
3257 2635 31 26 by
3301 2634 85 22 C.H.M

2846 2667 25 21 m
2879 2667 40 21 the
2928 2668 157 22 innumerable
3093 2669 112 21 branches
3219 2669 24 21 of
3252 2670 40 21 the
3303 2670 81 26 photo-

2846 2702 94 26 graphic
2950 2703 37 20 art
2997 2702 84 26 during
3092 2703 37 20 his
3138 2703 84 20 Indian
3232 2704 46 19 and
3286 2702 98 22 Austra-

2846 2736 39 20 ian
2903 2736 93 24 travels,
3010 2736 46 21 and
3074 2737 40 20 the
3135 2737 115 25 thorough
3269 2737 116 25 apprecia-

2846 2770 49 19 tion
2904 2768 30 27 by
2942 2770 40 20 the
2991 2770 94 26 general
3102 2770 77 26 public
3192 2770 24 20 of
3231 2770 40 20 the
3283 2776 70 18 same,
3363 2771 21 19 is

2846 2803 111 21 sufficient
2972 2803 124 26 guarantee
3104 2803 55 21 that
3177 2803 32 21 all
3226 2803 62 21 work
3306 2803 78 21 issued

2846 2836 60 22 from
2912 2836 37 22 his
2958 2836 87 22 Atelier
3051 2836 44 22 will
3101 2837 29 21 be
3139 2836 24 22 of
3170 2837 40 21 the
3216 2837 94 26 highest
3316 2837 67 21 order

2874 2954 80 21 WILL
2965 2954 41 21 DO
3016 2954 53 21 HIS
3079 2954 72 21 OWN
3161 2954 196 21 OPEEATIONS.

2848 3019 80 20 Studio
2928 3031 29 3 —
2957 3020 41 19 150
3005 3020 106 20 Colombo
3120 3020 78 24 street,
3218 3018 168 21 Christchurch.

3011 3052 156 26 Telephone—
3166 3052 42 19 No.
3219 3052 46 20 592.

2890 3149 47 31 R.
2983 3148 56 31 H.
3085 3146 279 36 PARISH,.

2974 3206 104 30 Easts
3101 3202 161 34 Oxford

2848 3267 46 17 one
2907 3257 27 26 of
2944 3258 43 25 the
2998 3258 94 31 largest
3102 3257 146 28 purchasers
3264 3257 28 23 m
3303 3255 84 28 EEorth

3025 3295 152 31 Canterbury
3194 3294 25 25 of

2846 3335 188 29 EDWABDS,
3057 3334 193 24 BENNETTS
3264 3334 19 27 &
3306 3333 83 27 00-8

3048 3376 74 26 Slock
3139 3375 26 25 of

2848 3503 62 25 Will
2931 3502 32 25 be
2985 3502 54 24 sold
3062 3501 79 24 below
3164 3501 144 28 -wholesale',
3323 3500 63 23 cost.

2879 3587 211 40 BURRELL
3107 3585 243 45 BROTHERS-

2926 3636 374 36 PHOTOGRAPHIES

2847 3690 66 20 Have
2916 3688 106 21 removed
3026 3689 24 20 to
3054 3694 61 14 more
3121 3686 150 28 conunodj-pus
3276 3686 112 27 premises

2958 3721 165 26 VICTOEIA
3142 3720 136 32 STB^ET

2848 3774 117 31 Opposite
2988 3772 130 25 Salvation
3146 3772 86 31 Ase&#>
3256 3770 131 25 Barracks.

2881 3806 57 24 And
2949 3812 42 17 are
3004 3805 77 31 doing
3098 3803 151 33 Enas^Sted
3269 3803 118 25 Cabinets

2846 3846 39 25 for
2895 3845 43 33 8/6
2947 3853 44 24 per
3003 3845 88 24 dozen.
3116 3845 80 30 Guef^
3204 3843 185 32 Photographic

2848 3883 125 32 Surprise-
3020 3883 54 25 One
3103 3883 34 28 ot.
3151 3883 43 27 i&e
3215 3883 94 29 largest
3332 3889 61 18 ever

2846 3922 155 26 introduced.
3046 3923 87 29 Froxgi
3147 3922 61 27 ©cc.
3231 3921 70 25 11th.
3323 3921 68 27 until

2846 3963 44 25 the
2900 3963 62 25 New
2973 3963 76 26 Year.
3086 3963 55 31 O^i
3150 3963 89 25 Dozen
3257 3962 68 31 large
3337 3962 56 28 si^

2846 4003 149 25 Enamelled
3010 4003 148 31 PhoA^tor
3172 4002 53 34 15/-
3238 4003 75 25 usual
3323 4002 70 34 puioe

2847 4044 38 24 £1
2898 4045 54 23 10s.
2990 4045 126 28 Sectjae,*
3132 4044 96 31 deposit
3251 4043 81 26 ticket
3351 4045 42 23 for

2846 4082 42 33 2/6
2900 4089 58 17 now
2971 4083 93 35 reactyi.
3092 4083 63 25 This
3174 4083 23 24 is
3217 4082 42 24 the
3283 4083 109 32 $i»easest»

2846 4122 100 25 wonder
2957 4123 27 24 of
3068 4132 55 24 age.
3158 4123 80 25 Don't
3256 4122 61 31 $&tes
3339 4121 58 30 tbist.

2845 4162 101 26 clumce.

2876 4201 169 30 ■BUSB®U«

3126 4243 200 39 P&fctagraphera

2968 4293 111 27 Yistoria
3095 4294 89 36 SU'egtj
3199 4287 192 39 iJiipigieburrh.

2460 987 117 27 GREAT
2608 988 87 28 SALE

2566 1035 31 18 OF

2283 1063 2 23 I
2313 1061 210 32 TEWELLRY,
2559 1065 180 29 WATCHES,
2774 1068 61 25 DIA

2305 1096 24 20 O
2471 1096 101 24 MOND
2589 1098 122 30 GOODS,

2307 1129 129 27 SILVER
2454 1131 72 26 AND
2549 1134 285 29 ELECTRO-PLATE

2304 1167 49 27 AT
2368 1169 25 26 A
2410 1169 175 28 DISCOUNT
2609 1173 45 26 OF
2670 1175 30 25 4s
2716 1175 39 26 IN
2772 1176 63 25 THE

2284 1224 4 17 >
2404 1209 128 30 POUND,
2544 1212 69 25 FOR
2625 1213 22 24 A
2664 1214 80 27 FEW

2284 1244 6 16 k
2456 1249 124 27 WEEKS
2590 1252 101 25 ONLY.

2340 1291 115 31 £10,000
2472 1293 75 27 value
2558 1296 27 25 to
2596 1296 77 26 select
2695 1298 67 26 from
2782 1300 27 26 at

2284 1350 89 65 ,M.
2435 1354 400 52 SANDSTEIN

2313 1427 109 22 DIRECT
2436 1429 155 27 IMPOBTEB,
2619 1433 208 23 WATCHMAKER

2449 1467 60 21 AND
2523 1468 165 27 JEWELLER,

2300 1500 115 22 CASHEL
2431 1504 40 20 ST.
2491 1505 88 25 WEST,
2602 1506 233 24 OHBISTCHUBCH

2443 1603 166 27 Established
2621 1608 74 25 1862.

2322 1676 32 21 M.
2366 1677 162 23 SANDSTEIN
2538 1681 41 21 has
2594 1683 116 25 appointed
2720 1684 44 20 Mb.
2773 1685 26 20 B.
2808 1685 27 20 H.

2294 1708 82 22 Parish
2392 1717 25 14 as
2433 1711 36 20 his
2485 1713 80 22 Oxford
2578 1715 105 25 AGENT,
2697 1717 49 21 who
2761 1718 44 20 will
2814 1719 21 20 at

2294 1745 44 21 any
2347 1741 52 21 time
2408 1749 96 20 procure,
2518 1750 29 14 on
2562 1747 149 27 approbation,
2730 1749 105 25 Watches,

2295 1773 82 26 Clocks,
2387 1776 44 21 and
2440 1777 117 26 Jewellery,
2576 1785 25 14 or
2616 1780 36 20 his
2664 1781 81 21 Oxford
2761 1783 74 21 clients

2295 1807 22 20 to
2327 1809 66 20 select
2406 1809 65 25 from,
2482 1811 24 20 at
2516 1811 36 20 the
2570 1818 60 15 same
2638 1814 59 25 price
2713 1821 24 14 as
2744 1815 91 26 charged

2294 1839 22 20 at
2326 1839 37 21 the
2373 1839 155 24 Christchnrch
2537 1842 179 25 Establishment.

2339 1892 58 42 M.
2443 1895 336 43 SANDSTEIN

2442 1952 112 23 OASHEL
2567 1954 119 27 STREET,

2384 1996 360 30 CHRISTCHURCH.

2313 2086 264 49 WALTEE
2637 2091 180 49 ETDE.

2401 2183 117 21 TIMBER
2543 2185 177 25 MERCHANT.

2375 2250 120 31 WEST
2568 2253 183 40 OXFOKD.

2294 2316 257 84 ROBERT
2601 2344 230 73 FISHES,

2328 2417 178 29 GENERAL
2532 2420 266 28 STOREKEEPER

2292 2465 96 46 Teas,
2430 2465 133 46 Coffees,
2602 2466 130 46 Cocoas,
2764 2467 70 39 and

2397 2513 144 39 General
2563 2514 184 39 Groceries-

2344 2563 148 32 WEST
2556 2564 224 32 OXFORD.

2297 2678 28 75 g
2351 2676 482 77 MANNIN&IOOIKPANV

2495 2764 139 21 LIMITED.

2325 2822 271 26 CHRISTCHURCH
2615 2822 185 26 BREWERY.

2526 2883 63 20 THE

2428 2965 130 21 BREWED
2568 2965 41 20 BY
2622 2965 73 20 THIS

2385 3005 370 35 COMI^AJSTY

2486 3059 84 20 FROM
2579 3059 62 20 THE

2297 3100 222 40 omwmr
2536 3100 269 40 w^itiw?
2809 3101 24 35 b

2411 3151 46 20 Are
2467 3151 176 26 acknowledged
2651 3152 25 20 to
2684 3151 29 20 be

2294 3189 149 20 SUPERIOR
2453 3189 35 20 IN
2499 3189 137 23 QUALITY
2646 3189 37 20 TO
2692 3189 65 20 ANY
2763 3189 72 20 PRO-

2361 3229 103 21 DUCED
2478 3230 35 21 IN
2527 3230 74 22 NEW
2615 3230 150 22 ZEALAND.

2323 3268 109 27 Sxipplied
2437 3269 25 21 to
2466 3269 81 21 Hotels
2554 3269 46 21 and
2606 3269 94 21 Private
2706 3269 129 21 Customers

2294 3296 24 20 m
2327 3295 144 26 Hogsheads,
2482 3297 100 24 Barrels,
2593 3296 140 24 Kilderkins,
2744 3296 44 20 and
2799 3297 35 19 10-

2293 3323 89 24 --gallons
2392 3323 64 25 Kegs
2466 3323 61 25 only.

2295 3374 118 41 PALE
2436 3374 92 41 ALE
2552 3374 95 41 AND
2678 3374 156 41 EXTRA

2488 3425 136 42 STOUT

2379 3478 93 22 Bottled
2495 3480 24 19 m
2529 3479 85 25 Quarts
2624 3479 47 21 and
2680 3479 71 20 Pints.

2326 3601 264 77 SMITH
2618 3600 58 78 &
2703 3600 107 93 Co.,

2302 3718 71 24 THE
2383 3718 159 24 LEADING
2550 3718 121 25 FRAME
2680 3718 142 24 MAKERS

2293 3767 120 19 CORNER
2433 3765 144 21 COLOMBO
2597 3765 18 20 &
2635 3765 199 21 GLOUCESTER

2347 3803 140 21 STREETS.
2534 3803 244 20 CHRISTCHUSCH.

2375 3840 54 24 The
2436 3840 118 31 cheapest
2561 3840 63 31 shop
2631 3840 28 24 m
2667 3840 87 24 Town.

2323 3883 138 32 Importers
2473 3883 27 25 of
2510 3883 153 32 Mouldings,
2683 3883 83 29 Glass..
2779 3883 53 23 En-

2389 3923 117 32 gravings
2529 3923 50 24 and
2608 3923 124 24 Pictures.

2292 4038 54 44 P.
2360 4038 52 45 C.
2427 4037 404 47 JOHANNSEN

2394 4111 339 33 BA.SKETMAKEB.

2289 4184 90 25 Chairs
2401 4184 118 30 Baskets,
2547 4185 50 24 and
2619 4184 212 31 Perambulators,

2421 4231 76 26 Made
2521 4233 50 24 and
2582 4233 132 31 Repaired.

2322 4282 119 30 QUEEN
2457 4282 145 33 STREET,
2620 4283 65 27 East
2697 4283 99 26 Oxford.

1794 980 455 45 SADDLER?.

1750 1060 81 52 H.
1858 1060 63 52 J.
1939 1061 338 55 LAMING

1844 1137 350 36 SADDLER

1984 1182 64 22 AND

1751 1218 291 40 HARNESS
2076 1218 201 42 MAKER

1896 1269 72 26 Near
1987 1270 151 31 Saleyabds,
2177 1279 5 5 *

1784 1313 46 41 O
1854 1314 66 41 2Z
1944 1315 199 42 FOR
2167 1317 47 40 D
2239 1346 15 11 .

1746 1385 88 26 Orders
1847 1387 51 24 and
1914 1387 106 32 Eepairs
2031 1388 127 32 promptly
2170 1391 107 24 executed

1909 1432 27 23 at
1947 1430 87 26 lowest
2046 1433 75 23 rates.

1849 1495 145 40 HORSE
2018 1496 165 40 COVERS

1745 1545 101 39 made
1858 1547 38 38 to
1912 1547 103 39 Order
2031 1548 70 39 and
2115 1548 162 51 Repaired

1760 1606 23 24 A
1796 1606 77 26 Stock
1885 1608 27 24 of
1922 1608 83 25 Horse
2016 1609 124 25 Medicine
2152 1618 34 16 on
2194 1610 76 30 hand,

1821 1650 163 22 SOLOMON'S
2000 1652 151 22 SOLUTION
2165 1654 36 21 &c.

1763 1712 56 44 E.
1842 1713 58 44 R
1918 1714 346 47 ALLPRESS

1853 1783 136 27 Consulting
1998 1785 46 21 and
2050 1785 90 27 Family
2146 1787 106 26 Chemist,

1742 1841 2 13 }
1934 1817 57 24 239.
2005 1816 91 25 Cashel
2107 1818 82 24 Street
2203 1819 74 29 West,

2001 1854 276 28 CHEISTCHUBCH.

1851 1891 10 33 (
1869 1891 66 25 Next
1944 1892 107 25 Zetland
2063 1893 75 26 Arms
2151 1895 77 25 Hotel
2235 1896 11 32 )

1743 1940 11 28 |(
1759 1941 27 19 34
1794 1947 66 21 years
1876 1942 132 26 experience
2022 1943 25 21 at
2057 1943 72 21 Home
2138 1944 47 21 and
2200 1946 25 19 m
2241 1945 36 21 the

1955 1975 116 27 Colonies)

1771 2006 38 19 Mr
1817 2006 102 25 Allpress
1928 2006 57 26 begs
2001 2008 24 19 to
2034 2008 82 21 tender
2127 2009 37 20 his
2180 2009 97 26 grateful

1745 2037 82 21 thanks
1836 2037 24 20 to
1870 2037 35 21 his
1919 2043 121 16 numerous
2050 2039 81 21 clients
2140 2041 137 25 throughout

1744 2069 142 26 Canterbury
1895 2069 36 21 for
1940 2070 40 21 the
1989 2072 95 25 support
2091 2072 75 21 which
2172 2073 42 20 has
2224 2073 53 21 been

1744 2103 138 22 vouchsafed
1899 2105 27 19 to
1944 2104 48 21 him
2008 2105 83 26 during
2111 2107 40 19 the
2173 2107 104 21 nineteen

1744 2144 66 21 years
1818 2138 30 21 he
1857 2138 42 21 has
1908 2138 105 22 followed
2021 2140 37 21 his
2074 2140 124 27 profession
2208 2141 25 21 m
2242 2142 35 21 the

1745 2173 115 24 Province,
1886 2173 46 21 and
1945 2173 91 28 finding
2058 2175 20 20 ifc
2101 2175 121 21 incumben
2232 2177 11 20 t
2256 2177 21 19 to

1745 2207 120 21 centralize
1883 2207 37 20 his
1933 2208 105 21 business
2051 2209 25 20 m
2098 2209 66 21 order
2177 2210 26 20 to
2224 2210 53 26 keep

1744 2242 48 20 him
1806 2242 25 21 m
1844 2243 70 20 touch
1930 2243 52 20 with
1999 2243 35 20 his
2054 2244 129 26 supporters
2197 2244 25 19 m
2239 2244 38 20 the

1744 2274 153 27 surrounding
1906 2276 97 25 country
2009 2275 108 24 districts,
2125 2276 29 19 he
2161 2276 42 19 has
2210 2276 67 19 taken

1744 2308 40 22 the
1794 2309 70 21 above
1873 2309 109 26 premises
1992 2309 73 22 where
2084 2310 30 21 he
2122 2310 50 21 will
2180 2310 28 21 be
2226 2310 51 27 glad

1743 2344 25 19 to
1777 2344 87 20 receive
1874 2344 37 19 his
1920 2343 88 21 friends
2016 2345 130 25 personally
2159 2350 26 14 or
2192 2345 85 20 receive

1744 2375 60 21 their
1813 2375 78 21 orders
1905 2380 42 22 per
1959 2375 58 27 post.
2045 2375 43 21 His
2107 2375 61 22 Well
2186 2376 91 24 Known,

1744 2407 67 21 Tried
1834 2407 47 20 and
1903 2407 121 27 Approved
2046 2407 119 22 Eemedies
2192 2408 37 21 for
2248 2409 29 20 all

1744 2434 83 21 classes
1836 2434 24 21 of
1877 2434 106 21 Diseases
1992 2441 39 14 are
2039 2441 51 14 now
2099 2441 24 14 so
2133 2435 51 20 well
2198 2436 79 19 known

1744 2467 25 15 as
1787 2462 25 20 to
1825 2461 58 20 need
1904 2467 29 14 no
1951 2461 90 22 further
2064 2462 101 21 mention
2189 2463 25 20 m
2233 2462 44 21 this

1743 2488 136 26 necessarily
1890 2489 65 20 short
1964 2488 185 21 advertisement.

1770 2515 21 20 A
1799 2515 45 20 full
1851 2516 63 25 price
1923 2516 50 19 List
1982 2516 23 19 of
2013 2516 33 19 all
2054 2516 36 19 his
2099 2516 92 20 various
2208 2516 69 20 Rem-

1743 2542 61 21 edies
1813 2548 43 15 can
1865 2542 28 21 be
1903 2542 47 21 had
1959 2542 55 21 Post
2027 2543 56 20 Free
2093 2549 29 14 on
2135 2543 142 25 application,

1743 2568 45 21 and
1801 2575 83 20 among
1898 2569 64 21 them
1971 2569 89 21 besides
2069 2569 66 20 those
2144 2570 23 19 of
2176 2577 15 12 a
2198 2570 79 26 purely

1743 2595 98 21 Medical
1860 2596 122 20 Character
1999 2596 47 19 will
2063 2596 28 20 be
2109 2596 73 20 found
2196 2596 81 24 Horse,

1743 2622 74 21 Cattle
1832 2622 46 21 and
1893 2623 52 25 Dog
1960 2622 131 24 Medicines,
2107 2622 23 21 of
2147 2623 130 20 undoubted

1743 2648 89 27 efficacy
1841 2649 103 25 together
1958 2649 55 20 with
2026 2650 21 19 A
2063 2650 60 20 Host
2132 2650 24 19 of
2165 2650 112 21 Domestic

1743 2676 104 21 Utilities
1856 2676 74 21 Toilet
1944 2676 159 26 Preparations
2112 2676 18 21 &
2140 2676 137 26 Perfumery.

1770 2703 37 20 Mr
1815 2703 103 25 Allpress
1927 2704 85 21 invites
2027 2704 150 25 applications
2192 2704 37 20 for
2243 2704 34 20 his

1743 2729 49 21 List
1801 2730 47 20 and
1862 2730 47 21 will
1923 2731 55 20 send
1987 2730 58 21 Free
2054 2730 24 21 of
2086 2736 97 20 expence
2192 2737 29 14 on
2231 2735 46 16 rec-

1743 2756 48 26 eipt
1800 2756 24 21 of
1832 2756 57 21 Five
1898 2757 107 26 shillings
2015 2758 46 19 and
2071 2757 102 26 upwards
2185 2758 23 19 m
2218 2758 59 25 post-

1743 2783 22 20 al
1774 2784 65 19 notes
1850 2789 26 14 or
1883 2784 66 19 order
1959 2790 46 19 any
2011 2784 79 20 article
2098 2784 82 20 named
2189 2784 88 20 therein

1743 2810 55 20 such
1808 2810 66 20 order
1888 2816 53 20 may
1950 2811 105 20 emanate
2069 2810 57 21 from
2137 2816 41 15 one
2187 2816 90 20 person,

1743 2843 23 14 or
1775 2837 29 21 be
1813 2837 65 20 made
1886 2843 32 21 up
1928 2843 82 20 among
2019 2837 137 27 neighbours
2165 2838 50 20 who
2228 2843 49 21 may

1743 2864 82 26 depute
1844 2871 42 14 one
1899 2864 24 21 of
1938 2865 61 20 their
2011 2864 96 21 number
2118 2865 26 20 to
2158 2866 66 19 make
2239 2865 38 20 the

1743 2891 138 24 remittance,
1890 2892 87 19 receive
1981 2891 40 20 the
2030 2891 70 26 goods
2104 2890 46 21 and
2158 2892 119 20 distribute

1743 2918 39 19 the
1791 2924 61 13 same
1862 2924 29 13 on
1900 2918 92 20 arrival.

1743 2951 74 26 Agent
1827 2949 35 22 for
1872 2951 87 20 Oxford
1968 2950 148 22 anclDistriot
2122 2951 36 21 Mr
2165 2951 26 21 B.
2200 2951 77 21 Keats.

1789 3010 190 57 Money
1993 3013 54 42 to
2070 3012 154 44 Lend.

1797 3098 17 28 I
1830 3098 79 29 have
1938 3109 113 28 money
2079 3103 32 25 to
2140 3099 72 29 lead
2247 3100 30 28 m

1743 3138 84 38 large
1853 3147 35 19 or
1916 3139 91 28 small
2036 3148 85 20 sums
2159 3148 30 20 to
2219 3140 58 29 suit

1743 3178 178 29 Borrowers
1952 3183 33 25 at
2012 3178 110 30 lowest
2155 3184 122 24 current

1743 3221 89 27 rates.

1822 3259 193 31 WILLIAM
2037 3259 157 38 HOBAN,

1917 3299 189 29 SOLICITOK,

1775 3337 48 23 204
1836 3337 121 24 Hereford
1968 3337 39 24 St.
2021 3337 198 24 Christchukbh
2231 3339 46 23 and

1952 3374 110 25 Kaiapoi.

1743 3466 11 21 '
1767 3469 126 38 THE
1917 3470 128 37 RED
2058 3471 219 39 HOUSE'

1880 3521 74 21 under
1963 3523 41 19 the
2013 3523 124 20 Verardah

1743 3559 39 20 109
1801 3558 106 21 Colombo
1926 3558 63 22 Sreet
2018 3559 244 22 CHRISTCHURCH.

1792 3595 157 38 JOHN
1989 3596 235 39 WILSON

1743 3648 97 20 General
1848 3647 88 24 Dealer,
1952 3648 125 20 Furniture
2086 3648 91 26 Broker,
2189 3650 18 19 &
2212 3651 65 20 Hotel

1796 3685 118 20 Valuatrr.
1952 3685 148 20 Established
2110 3687 28 19 20
2147 3686 78 21 Years-

1743 3737 60 21 John
1812 3737 88 20 Wilson
1907 3738 113 20 embraces
2030 3738 39 20 the
2079 3739 92 24 present
2177 3741 100 24 opportu-

1744 3763 49 26 nity
1802 3764 25 20 to
1839 3763 75 20 thank
1924 3763 37 21 his
1972 3765 130 24 supporters
2112 3765 35 20 for
2156 3765 62 21 their
2228 3772 49 14 cus-

1743 3791 44 20 tom
1797 3790 47 20 and
1851 3791 127 25 patronage
1991 3791 46 19 and
2052 3797 90 15 assures
2154 3792 64 20 them
2227 3793 50 19 that

1743 3823 23 14 as
1775 3817 25 19 m
1810 3817 40 19 the
1857 3817 53 24 past
1918 3817 30 20 he
1963 3817 28 20 is.
1996 3817 109 26 prepared
2114 3818 24 20 to
2148 3819 82 26 supply
2239 3819 38 21 the

1743 3844 50 20 best
1801 3843 125 21 Furniture
1937 3843 43 26 <fee.,
1995 3843 36 21 &c.
2048 3845 26 19 at
2088 3845 76 25 pricey
2176 3846 61 26 fully
2252 3847 25 20 20

1743 3877 38 20 per
1791 3871 53 20 cent
1851 3871 46 19 less
1904 3870 58 20 than
1972 3870 111 21 hitherto.

1796 3908 59 20 John
1878 3907 88 20 Wilson
1994 3908 45 19 will
2062 3908 92 20 furnish
2175 3915 14 13 a
2208 3909 69 21 house

1743 3934 134 26 throughout
1884 3934 36 19 for
1929 3935 53 23 .£2O,
2013 3934 61 21 John
2083 3934 89 21 Wilson
2180 3936 48 20 will
2236 3937 41 20 sell

1743 3968 42 20 you
1799 3968 14 13 a
1834 3961 118 20 Duchesse
1976 3960 70 21 Chest
2054 3961 113 21 Drawsers
2177 3962 36 20 for
2227 3964 50 26 50/-.

1767 3988 60 20 John
1836 3988 88 20 Wilson
1943 3988 47 19 will
2010 3988 41 19 sell
2070 3994 45 19 you
2132 3995 13 13 a
2165 3989 70 21 Chest
2255 3991 22 20 of

1743 4016 100 20 Drawers
1852 4014 36 21 for
1897 4013 50 26 20/-.
1991 4015 59 20 John
2060 4015 90 21 Wilson
2172 4017 46 21 will
2238 4019 39 19 sell

1743 4049 41 20 you
1812 4042 90 21 Double
1929 4042 54 20 Iron
2007 4042 126 20 Bedsteads
2165 4043 38 21 for
2226 4045 50 26 25/-.

1743 4069 79 26 Spring
1832 4069 132 20 Mattresses
1973 4068 46 26 25/-
2029 4068 122 22 Palliasses
2161 4076 45 20 any
2215 4071 62 25 price

1743 4102 41 20 you
1797 4096 52 20 li«e.
1888 4095 144 26 Everything
2047 4095 69 26 chfap
2133 4096 143 29 Everything

1743 4123 54 26 good
1806 4122 46 21 and
1861 4128 46 20 you
1916 4127 43 15 can
1972 4122 41 26 get
2023 4123 138 26 everything
2170 4123 59 22 from
2237 4125 40 21 the

1743 4147 70 24 useful
1821 4150 62 20 little
1891 4149 81 21 needle
1986 4149 25 20 to
2029 4149 41 20 the
2088 4151 127 24 proverbial
2238 4159 39 15 an-

1743 4178 53 20 chor.
1904 4188 14 2 •-

1743 4204 55 20 THE
1817 4204 62 20 RED
1893 4202 111 21 HOUSE.
2027 4203 40 19 100
2077 4202 105 22 Colombo
2192 4205 81 23 Street.

1900 4229 81 20 JOHN
1996 4228 128 22 WILSON.

1763 4257 124 20 Furniture
1896 4256 104 26 Bought,
2008 4262 7 4 -
2026 4255 52 20 cold
2123 4263 11 14 c
2164 4259 93 21 excban
2269 4276 4 4 .

1743 4284 56 22 Sales
1815 4282 110 22 attended
1933 4289 28 14 on
1972 4282 156 24 commission.-

1197 987 176 47 JOHN
1446 983 290 56 ENX£RAM,

1226 1057 488 37 AUCTIONEER

1197 1117 106 25 LICENCED
1323 1116 59 25 LAND
1392 1115 94 30 BROKER,
1500 1115 126 28 VALUATOR,
1643 1115 93 25 ESTATE.

1210 1148 133 29 INSURANCE,
1354 1148 16 25 &
1379 1147 101 26 GENERAL
1490 1147 140 26 COMMISSION
1641 1147 81 26 AGENT.
1735 1146 2 11 '

1192 1184 69 25 Agent
1265 1184 38 25 for
1313 1183 34 21 the
1356 1183 104 21 National
1469 1183 114 21 Insurance
1594 1182 105 26 Company
1714 1181 22 26 of\

1371 1214 51 21 New
1436 1214 102 20 Zealand.

1216 1246 173 31 OXFORD
1410 1247 30 28 &
1463 1244 256 32 SHEFFIELD.

1443 1303 34 21 <+>

1191 1351 151 27 Fortnightly
1350 1351 99 20 Auction
1460 1351 64 21 Sales
1533 1351 56 20 held
1597 1350 25 21 m
1626 1351 41 20 the
1674 1350 59 21 Mar-

1188 1385 44 21 ket
1241 1385 76 20 Yards
1327 1385 129 24 OXFORD,
1467 1390 70 21 every
1545 1384 84 21 second
1647 1385 86 19 Thurs-

1191 1417 51 25 day.
1258 1416 108 27 Monthly
1376 1416 64 21 Sales
1450 1416 55 21 held
1515 1416 26 21 at
1549 1416 91 21 Market
1649 1416 82 25 Yards,

1192 1448 181 20 SHEFFIELD.
1435 1448 95 21 Private
1547 1448 102 21 Auction
1669 1448 64 21 Sales

1190 1481 144 20 undertaken
1343 1486 47 20 any
1398 1481 54 25 part
1461 1481 25 20 of
1494 1481 41 20 the
1547 1481 103 26 country.
1677 1481 55 20 Pro-

1189 1513 66 25 perty
1266 1512 102 26 Bought,
1377 1512 59 24 Sold,
1447 1518 25 14 or
1481 1512 49 21 Let.
1542 1512 48 21 and
1595 1512 136 21 Valuations

1190 1546 111 26 carefully
1310 1546 73 21 made.
1414 1545 66 21 Land
1489 1546 106 25 Brought
1604 1545 73 21 under
1690 1546 41 20 the

1190 1580 107 21 Transfer
1305 1579 51 26 Act,
1386 1579 128 26 Transfers,
1528 1580 90 25 Leases,
1632 1580 18 20 &
1655 1580 75 21 Deeds

1189 1612 22 21 of
1220 1612 136 27 Mortgages
1371 1611 77 22 drawn
1456 1618 39 20 up.
1532 1612 86 26 Money
1626 1612 106 21 invested

1189 1643 47 22 and
1244 1644 110 21 obtained
1362 1644 35 21 for
1406 1644 87 21 Clients
1503 1650 29 15 on
1543 1644 130 26 Mortgage.
1693 1643 38 21 In-

1223 1682 97 15 surance
1338 1676 97 21 effected
1451 1682 30 14 on
1490 1675 125 27 Buildings
1624 1675 24 21 of
1657 1681 46 21 any

1267 1708 145 26 description,
1422 1707 47 21 and
1477 1707 63 21 their
1549 1707 111 21 contents.

1190 1743 59 23 HAS
1263 1744 58 21 FOB
1335 1743 72 23 SALE
1423 1743 39 21 BY
1477 1743 126 21 PRIVATE
1617 1743 113 21 TREATY

1218 1781 21 20 A.
1247 1780 56 25 good
1321 1780 158 27 Agricultural
1488 1780 46 21 and
1542 1780 104 21 Pastoral
1662 1780 69 21 Farm

1191 1813 132 24 containing
1333 1813 40 19 522
1382 1818 63 14 acres
1455 1812 113 20 Freehold
1575 1812 17 19 &
1598 1813 42 19 240
1651 1813 79 20 Lease-

1192 1845 54 22 hold
1254 1846 26 21 at
1288 1844 65 23 View
1362 1846 51 20 Hill
1422 1846 153 21 devidedinto
1585 1846 27 21 12
1617 1846 114 26 paddocks

1192 1881 51 20 well
1251 1881 100 21 watered
1359 1881 81 20 within
1449 1880 28 26 4J
1486 1881 66 20 miles
1561 1880 60 21 from
1630 1880 102 27 Railway

1193 1913 98 24 Station,
1307 1912 140 22 substantial
1467 1913 12 20 5
1489 1913 93 20 roomed
1599 1913 75 20 House
1693 1919 39 14 sur

1193 1947 103 21 rounded
1307 1947 33 26 by
1347 1953 15 14 a
1370 1946 51 21 nice
1429 1946 139 27 plantation,
1577 1947 65 26 large
1653 1946 78 22 Stable

1194 1980 46 22 and
1248 1982 41 21 out
1300 1981 57 21 lieds
1364 1980 97 22 thereon
1461 1992 24 3 —
1485 1981 65 27 rprice
1559 1987 56 21 very
1623 1980 49 21 low.

1223 2030 40 20 150
1280 2030 69 20 Acres
1368 2030 24 20 at
1410 2029 64 21 View
1493 2029 49 21 Hill
1561 2029 44 21 and
1623 2029 109 27 complete

1196 2062 50 21 Saw
1248 2061 57 21 -mill
1313 2061 73 27 plant,
1392 2061 91 24 Horses,
1492 2061 108 21 Bullocks
1607 2062 43 21 etc.

1383 2095 64 22 Price
1469 2095 67 22 .£750.

1223 2131 41 20 308
1275 2131 69 21 Acres
1354 2130 116 27 adjoining
1480 2130 40 21 the
1530 2130 81 26 above.

1359 2164 63 23 Price
1441 2170 54 22 very
1513 2164 51 23 low.

1293 2241 33 21 On
1336 2243 92 20 account
1437 2243 23 20 of
1470 2244 35 21 Mr
1520 2242 65 23 kuLi
1585 2248 59 17 bess.

1223 2284 41 21 His
1273 2291 51 21 very
1333 2286 174 22 nice'residence
1516 2288 98 25 opposite
1624 2288 39 21 the
1676 2287 57 20 Par-

1194 2324 82 20 sonage
1283 2319 57 20 East
1344 2319 85 21 Oxford
1435 2319 37 22 for
1477 2320 47 21 sale
1533 2326 57 21 vary
1596 2319 77 28 cheap,
1683 2319 50 21 half

1194 2357 50 14 acre
1255 2350 23 21 of
1287 2351 62 25 land,
1359 2351 57 26 good
1425 2352 92 26 garden.

1283 2437 36 20 On
1328 2437 99 20 account
1434 2436 24 21 of
1467 2436 38 21 Mr
1514 2436 35 21 W.
1559 2436 80 21 Munn.

1220 2478 44 21 His
1284 2478 59 27 Shop
1363 2479 46 20 and
1426 2479 128 26 Dewelling
1572 2477 78 23 House
1675 2479 56 21 with

1193 2515 48 21 half
1251 2522 50 14 acre
1310 2516 23 20 of
1340 2515 56 21 land
1406 2522 29 14 on
1453 2516 41 20 the
1503 2516 97 21 Terrace
1609 2516 67 21 West
1686 2516 45 20 Ox-

1192 2552 59 21 ford.
1279 2553 21 20 A
1310 2553 49 20 real
1367 2554 104 25 bargain.

1256 2678 36 20 On
1300 2679 97 20 account
1407 2679 25 20 of
1441 2679 37 20 Mr
1487 2679 29 21 D.
1530 2679 135 27 Thompson.

1219 2720 10 20 1
1240 2727 51 14 acre
1301 2721 25 20 of
1334 2721 65 21 Land
1408 2721 57 21 with
1483 2721 99 26 Cottage
1591 2721 96 21 thereon
1705 2722 25 20 m

1191 2758 91 19 Church
1293 2758 74 20 Street
1376 2765 50 13 now
1435 2759 25 19 m
1469 2759 134 26 occupation
1613 2758 25 20 of
1645 2759 38 20 Mr
1722 2758 7 13 l

1190 2794 106 21 Osborne.

1219 2969 45 21 For
1277 2969 138 27 particulars
1430 2970 71 27 apply
1514 2971 25 20 to

1189 3023 195 33 JOHN
1415 3024 309 33 INGRAM

1246 3191 261 25 CALEDONIAN
1524 3191 147 26 HOUSE.

1188 3252 220 45 JAMES

1269 3309 83 26 BOOT.
1371 3308 85 27 SHOE.
1472 3309 26 26 &
1513 3309 126 27 SUPPER

1321 3340 264 30 Manufacturer.

1290 3384 118 32 WEST
1443 3385 181 30 OXFORD.

1188 3436 48 21 Has
1247 3443 29 13 on
1284 3435 64 21 hand
1357 3442 13 13 a
1380 3436 104 26 splendid
1491 3437 134 20 assortment
1631 3437 24 20 of
1660 3437 69 20 Boots

1189 3468 43 21 and
1243 3468 69 20 Shoes
1323 3467 66 21 made
1408 3473 30 15 on
1448 3467 39 21 the
1496 3468 107 25 premises
1623 3469 25 20 at
1658 3468 70 26 prices

1188 3500 53 20 that
1250 3500 52 26 defy
1312 3500 153 25 competition.
1493 3500 62 26 Boys
1563 3500 81 20 School
1651 3500 77 25 Boots,

1188 3532 58 21 back
1255 3538 72 14 seams
1337 3532 46 19 and
1392 3532 64 19 front
1465 3531 63 20 hand
1535 3536 67 18 sewn,
1610 3532 84 19 cannot
1700 3532 29 19 be

1188 3563 126 26 surpassed.
1347 3562 74 22 Men's,
1425 3563 51 21 best
1481 3563 151 25 watertights,
1642 3563 86 26 pegged

1189 3595 50 29 15/-.
1278 3595 100 27 Bespoke
1401 3594 142 27 department
1566 3594 106 26 carefully
1696 3595 34 20 at-

1188 3627 68 22 tende
1287 3629 30 19 to.
1347 3628 40 20 Fit
1405 3627 47 20 and
1470 3627 171 27 Workmanship
1660 3627 69 20 Guar-

1188 3660 88 20 anteed.
1303 3660 94 24 Repairs
1406 3659 78 23 neatly
1494 3658 47 20 and
1548 3659 116 26 promptly
1673 3659 57 20 done

1188 3692 25 19 at
1220 3691 132 20 reasonable
1361 3690 74 26 prices

1199 3745 91 20 Branch
1303 3744 183 21 Establishment
1514 3743 60 21 Near
1592 3743 68 21 Town
1670 3743 55 20 Hall

1376 3770 58 21 Eist
1443 3770 94 21 Oxford.

1238 3956 77 38 GK
1368 3956 317 46 SMITH,

1189 4029 88 45 ZINC,
1300 4028 70 40 TIN,
1395 4029 65 38 AND
1484 4029 115 40 SHEET,
1625 4030 103 38 STEEL

1394 4095 139 21 WORKER
1565 4115 5 3 .

1222 4132 88 41 High
1334 4132 112 39 Street,
1469 4132 81 32 East
1573 4132 126 36 Oxforql.

1188 4234 40 25 All
1239 4234 73 25 kinds
1324 4235 28 24 of
1366 4236 96 30 Pumps
1474 4235 76 25 Fixed
1563 4236 22 22 &
1601 4235 122 32 Eepaired

1302 4278 27 24 at
1340 4277 44 25 the
1397 4277 110 25 shortest
1517 4277 91 25 notice.

91 89 30 31 °
151 86 22 48 i

91 119 82 38 OB
268 150 26 23 p
287 141 7 6 -
327 152 7 6 .

92 173 79 61 M
206 195 23 25 a
268 174 26 60 I

92 215 78 49 og
201 225 27 15 M
267 220 26 47 U

90 261 28 30 d
149 250 21 34 5
212 275 16 20 ■;
267 246 25 43 8

146 371 22 33 2
203 371 23 26 s
264 371 26 22 h

146 410 21 18 O
202 401 22 14 W
265 411 25 16 OQ

85 436 28 27 ft
146 430 21 16 °
218 451 6 5 •
262 437 26 26 W

85 460 81 57 of
199 458 25 45 i
261 465 28 54 1

83 592 27 15 w
142 564 21 43 3
259 579 26 20 EH

83 626 26 16 W
141 633 20 15 02

81 717 28 24 w

959 1678 206 56 CROWTH\\

67 1735 570 115 \^kKSSS^
623 1775 57 41 w
711 1771 128 44 WOOL
861 1768 156 43 WHICH
1118 1735 48 115 J

701 1850 87 43 THE
807 1846 124 44 BEST
948 1839 203 56 PRICE#

120 2122 426 89 Infant's
636 2119 456 88 Powders

229 2248 87 33 FOR
335 2246 229 34 CHILDREN
597 2245 201 34 CUTTING
828 2245 153 33 TEETH

71 2294 90 31 Have
177 2293 115 37 proved
308 2301 57 22 one
379 2292 34 31 of
426 2292 54 30 the
494 2293 139 39 greatest
647 2290 99 31 boons
769 2300 72 21 ever
854 2290 185 31 introduced
1068 2293 32 27 to
1128 2290 53 31 the

29 2347 119 40 public.
194 2346 88 39 They
296 2354 52 20 are
364 2344 137 40 charged
515 2344 97 40 solely
631 2342 77 31 with
723 2353 19 19 a
769 2342 116 40 special
920 2342 201 40 preparation
1149 2342 32 30 of

28 2398 83 29 mine
126 2408 67 19 own
215 2396 61 31 and
293 2407 52 19 are
360 2395 190 41 guaranteed
565 2393 152 41 perfectly
742 2393 160 31 harmless,
927 2406 5 6 -
961 2393 130 31 Fathers
1120 2393 61 31 and

28 2448 139 32 Mothers
183 2448 34 30 of
228 2448 158 30 hundreds
401 2449 30 28 of
445 2446 134 31 families
595 2445 194 31 recommend
803 2445 86 29 them
912 2445 77 31 with
1004 2444 177 31 confidence

28 2511 33 20 as
75 2502 92 38 being
182 2500 100 39 ample
294 2503 33 26 to
341 2509 123 21 remove
476 2498 42 30 all
530 2499 50 29 the
593 2497 146 39 ordinary
751 2497 237 38 derangements
1002 2496 71 31 that
1088 2507 92 20 occur

27 2542 114 40 during
153 2541 158 30 dentition.

22 2627 124 39 THEY
161 2626 96 40 COOL
272 2626 89 38 THE
382 2625 127 46 GUMS,

110 2678 193 40 COMPORT
324 2677 90 39 THE
452 2676 139 40 CHILD.
640 2673 143 40 CHECK
808 2671 283 45 CONVULSO3STS,

350 2735 94 39 AND
458 2733 186 41 RENDER
665 2730 222 41 TEETHING
900 2730 129 51 QUITE
1044 2729 130 39 EASY.

66 2797 98 30 These
180 2796 142 30 Genuine
338 2795 146 31 Powders
501 2805 52 20 are
567 2795 34 29 m
614 2803 56 21 use
685 2794 42 39 by
743 2793 42 29 all
800 2792 111 30 classes
926 2791 33 30 of
973 2791 125 40 society,
1116 2790 61 29 and

24 2840 32 29 m
71 2838 42 31 all
128 2841 86 37 parts
229 2837 33 31 of
270 2837 75 31 New
361 2836 145 31 Zealand.

323 2888 61 25 Sold
395 2887 27 25 m
434 2887 81 26 Boxes
527 2885 148 31 containing
687 2885 31 24 12
730 2883 112 33 powders
855 2883 37 32 1/-

102 2967 364 25 G-U-A-lEa-A-nsnTIEIEID
482 2963 309 25 PEBFECTLT
812 2960 301 24 ZHLA^IE&IMIXjESS-

20 3001 60 27 Posfc
91 3003 50 25 free
153 3005 26 23 to
191 3010 49 24 aay
251 3004 55 29 part
318 3000 27 26 of
355 3000 62 25 New
428 2998 110 26 Zealand
545 3006 32 17 on
589 2996 148 27 remittance
746 2995 28 26 of
786 2995 45 33 1/-.
889 2993 124 31 Prepared
1024 2993 48 25 and
1083 2991 54 26 sold
1143 2991 33 32 by

417 3043 116 31 JOHN
556 3041 30 32 S.
612 3040 148 36 COOKE,

369 3094 146 31 Registered
548 3090 212 27 Pharmacentical
778 3089 120 29 Chemist,

711 3128 112 27 Cashel
850 3128 117 31 Street,

843 3162 281 27 OHRISTCHURCH.

190 3209 614 39 coisrsTjT,TATioisrs
843 3206 196 35 ;f:r:e;id

162 3349 120 44 ASK
341 3348 168 43 YOUR
569 3344 277 47 GROCERS
907 3341 121 45 FOR

80 3602 167 69 g§2gr
309 3600 43 47 A
382 3598 160 47 GOOD
574 3595 245 47 HONEST
850 3591 121 47 TEA
998 3590 119 45 FOR

378 3715 169 45 YOUR
606 3712 231 46 MONEY.

480 3825 129 33 SOLD
640 3824 68 33 BY

181 3911 102 45 MR.
315 3911 244 44 ALFRED
592 3910 132 54 LEE,
757 3904 243 47 OXFORD

47 4007 111 47 MR.
192 4006 48 46 F.
271 4005 52 46 A.
355 3999 381 55 WATERMAN,
798 3998 122 44 East
951 3993 194 46 Oxford.

162 4103 133 47 MRS
327 4102 53 46 R,
410 4099 242 54 FISHER,
682 4097 142 46 West
856 4092 195 49 Oxford.

219 4203 111 46 MR.
362 4201 51 43 E.
444 4198 73 53 W.
553 4195 249 53 COOPER,
835 4193 128 43 Oust.

327 4297 60 30 and
402 4305 97 26 many,
511 4292 89 32 other
614 4291 225 40 Storekeepers.
