3520 4580
2355 1838 80 108 The
2462 1838 160 108 Oxford
2649 1838 240 108 Observer.

2355 1946 283 108 PUBLISHED
2669 1946 220 108 WEEKLY.

2355 2054 153 108 SATURDAY
2527 2054 153 108 NOVEMBER
2699 2054 95 108 10th,
2813 2054 76 108 1894

2355 2162 84 32 THE
2458 2162 172 32 SCHEME
2646 2163 85 33 FOR
2747 2163 142 33 CHEAP

2538 2215 162 32 MONEY.

2415 2326 98 23 WHAT
2528 2326 51 23 ITS
2601 2326 138 25 DETAILS
2753 2328 76 23 ARE.

2394 2370 67 30 The
2486 2370 221 40 Government.
2730 2371 162 32 Advances

2351 2413 33 26 to
2402 2410 130 30 Settlers
2546 2411 64 29 Bill
2625 2413 140 29 contains
2779 2413 113 30 details

2351 2450 36 29 of
2396 2450 54 30 the
2464 2460 70 21 new
2549 2452 123 29 scheme
2694 2452 48 29 for
2763 2453 129 40 lending

2352 2491 98 39 cheap
2466 2501 111 31 money
2592 2492 49 30 for
2651 2493 142 32 farmers.

2393 2551 65 21 THE
2469 2551 85 22 LAND
2565 2552 41 21 ON
2617 2552 111 22 WHICH
2737 2554 112 22 MONEY

2444 2592 102 21 SHALL
2559 2593 40 20 BJB
2614 2594 184 23 ADVANCED.

2394 2633 64 31 The
2471 2634 142 32 business
2641 2636 33 30 of
2688 2636 54 31 the
2750 2661 3 5 ,
2765 2636 125 31 Advan-

2351 2684 51 20 ces
2416 2676 33 28 to
2466 2674 130 32 Settlers
2612 2674 94 32 Office
2721 2676 79 31 shall
2810 2676 37 31 be
2857 2680 33 27 to

2351 2715 138 31 advance
2504 2725 113 31 money
2631 2728 41 19 on
2697 2718 69 29 first
2794 2723 96 25 mort-

2351 2765 94 30 gages
2455 2756 32 30 of
2497 2756 54 30 the
2562 2757 159 41 following
2734 2758 113 31 classes
2857 2760 34 30 of

2350 2797 89 30 lands
2468 2798 33 29 m
2537 2797 76 31 New
2648 2800 148 35 Zealand,
2824 2800 66 30 free

2349 2838 82 29 from
2450 2838 43 29 all
2521 2840 248 34 encumbrances,
2800 2840 88 36 liens,

2351 2878 59 29 and
2425 2878 145 30 interests
2585 2880 88 29 other
2695 2880 77 29 than
2797 2881 92 30 lease-

2350 2919 75 29 hold
2443 2919 199 30 interests:—-

2391 2958 31 31 1.
2438 2960 153 29 Freehold
2605 2961 75 28 land
2693 2961 74 30 held
2778 2962 32 29 m
2824 2962 64 30 fee-

2349 3000 113 40 simply
2478 3000 99 31 under
2588 3000 52 32 the
2669 3000 91 32 Land
2775 3001 113 32 Trans-

2349 3041 49 30 fer
2412 3043 69 35 Act;
2497 3040 92 38 1885,
2588 3053 52 20 -or
2757 3055 20 4 -

2390 3083 26 27 2.
2436 3081 111 31 Crown
2562 3083 74 29 land
2650 3083 70 30 held
2746 3094 40 19 on
2814 3095 73 29 per-

2347 3122 106 41 petual
2470 3123 81 29 lease
2575 3125 105 28 -under
2713 3125 55 29 the
2796 3125 91 29 Land

2347 3161 69 38 Act,
2430 3163 90 37 1885,
2542 3174 36 20 or

2391 3206 28 28 3.
2436 3205 111 30 Crown
2561 3206 75 30 land
2650 3206 73 31 held
2737 3217 40 21 ou
2804 3208 83 30 lease

2346 3245 34 28 m
2394 3247 179 40 perpetuity
2600 3248 100 29 under
2713 3248 56 29 the
2796 3248 91 30 Land

2349 3285 70 36 Act,
2436 3285 82 32 18S»2
2520 3310 7 11 f
2527 3281 13 9 v
2546 3295 37 21 or
2607 3281 3 8 ;
2624 3281 8 6 '
2698 3285 4 6 '
2807 3280 4 12 :

2388 3328 29 28 4.
2432 3327 114 31 Native
2560 3328 74 31 land
2648 3330 73 29 held
2735 3340 50 26 on,
2803 3331 83 30 lease

2345 3368 35 29 m
2407 3368 182 40 perpetuity,
2601 3370 101 33 under
2716 3371 51 35 the.
2773 3396 4 4 ,
2797 3372 90 33 West

2347 3407 96 32 Coast
2460 3408 184 32 Settlement
2655 3410 152 32 Reserves
2815 3411 70 37 Act,

2514 3468 24 5 ■■•
2603 3447 9 1 ~
2636 3446 118 38 ':::/::
2804 3448 17 27 :..

2387 3511 77 22 HOW
2477 3510 171 24 ADVANCES
2662 3511 66 23 AXE
2740 3512 39 22 TO
2793 3513 39 21 BE

2434 3553 4 6 1
2449 3551 93 22 MADE
2556 3552 70 22 AND
2652 3553 140 22 REPAID.-
2805 3558 3 9 1

2386 3589 48 30 No
2446 3589 137 32 advance
2598 3591 80 29 shall
2688 3592 38 29 be
2752 3593 133 37 granted

2345 3629 34 30 of
2392 3629 61 31 less
2467 3629 75 31 than
2566 3626 68 35 £56
2650 3640 35 21 or
2706 3643 87 26 npx>re
2807 3629 76 33 £hari

2345 3663 119 50 £po6.
2486 3668 30 42 .;
2535 3702 5 13 ;
2542 3672 12 42 ;
2565 3664 22 11 ::r
2592 3696 4 10 :
2614 3672 21 37 ;■
2690 3665 70 45 ■■;;;"■'
2785 3675 101 43 i^r;

2355 3739 10 4 
2375 3734 5 19 j
2385 3707 48 33 No
2600 3705 90 37 shall^
2743 3705 7 13 i
2751 3709 143 49 grante2T'

2344 3761 40 20 on
2398 3751 15 29 f
2413 3748 131 45 reehpldj
2553 3753 75 33 land
2636 3777 5 11 :
2642 3746 50 42 |or
2697 3774 7 12 r
2706 3759 92 31 mQre;
2805 3748 78 38 titan

2342 3792 175 32 tworthirds
2532 3794 33 28 of
2579 3793 52 31 the
2655 3792 101 32 value'
2775 3796 36 29 of
2830 3796 53 30 the

2343 3832 145 40 security,
2506 3825 107 47 or.Jqp!.
2638 3835 29 31 le
2662 3866 4 7 ;
2669 3834 126 37 asfeho],d
2801 3864 3 5 .
2808 3836 75 33 Jand

2426 3882 91 22 more'
2525 3873 78 31 than
2622 3876 146 30 .one-half
2782 3877 33 31 of
2828 3878 55 31 the

2342 3912 121 32 lessee's
2476 3914 138 32 interest.
2669 3918 100 30 There
2798 3919 83 31 shall

2342 3953 37 36 l?e
2390 3964 41 20 no
2443 3954 138 34 advance
2593 3956 288 42 on.le^sehQldJand

2342 3995 82 29 until
2438 3995 42 29 all
2493 3997 56 29 the
2568 3998 180 32 conditions,
2768 3989 113 42 .oflihe

2340 4035 83 29 lease
2438 4035 80 31 have
2532 4037 79 30 been
2626 4040 153 38 complied
2803 4043 78 28 with

2340 4075 66 29 and
2416 4076 98 30 untill
2518 4076 59 32 'the
2583 4078 152 33 "lessee'is"

2340 4118 33 28 to
2388 4119 232 38 compensation
2646 4120 53 30 for
2725 4122 154 41 improve-

2339 4161 116 26 ments.

2382 4196 65 31 The
2461 4200 80 29 term
2552 4198 37 32 of
2602 4200 75 31 each
2699 4202 71 31 loan
2798 4204 82 32 shall

2339 4233 38 37 Be
2390 4237 163 41 thirty-six
2566 4241 63 29 and
2648 4252 19 19 a
2695 4242 68 31 half
2776 4255 100 31 years,

2339 4273 128 36 and*the
2488 4280 71 31 loan
2587 4282 78 29 with
2673 4284 3 8 !
2688 4272 131 55 int^resl
2819 4282 10 17 e

2338 4318 52 32 the
2398 4324 68 26 rate
2481 4320 35 31 of
2527 4321 18 30 5
2560 4332 57 30 per
2629 4319 93 45 'cpfr,
2720 4321 5 15 5
2743 4322 143 38 SMIW

2337 4358 107 42 repaid
2458 4361 48 42 bj;
2517 4361 246 45 ?B*lialFjfeafly
2770 4367 107 33 instal-

2336 4404 111 36 ments,
2463 4402 55 31 the
2532 4404 70 31 first
2619 4405 34 30 of
2667 4406 100 31 which
2795 4409 83 33 shall

2336 4442 39 31 be
2386 4443 59 30 due
2453 4444 49 29 six
2510 4445 125 32 months
2645 4446 82 31 after
2728 4453 2 11 1
2735 4448 55 32 the
2804 4451 73 33 date

2335 4484 35 31 of
2379 4484 53 33 the
2441 4481 83 36 16am
2553 4485 120 44 -Every
2681 4489 79 32 such
2767 4490 109 35 instal-

2904 215 95 35 ment,
3015 216 112 38 except
3140 214 54 30 the
3208 214 71 36 last,
3309 214 80 31 shall
3404 214 39 31 be

2905 257 32 26 at
2949 254 53 31 the
3011 257 67 28 rate
3087 255 33 30 of
3131 255 46 31 £3
3190 255 47 30 for
3248 266 95 30 every
3354 254 88 34 £100

2905 295 33 30 of
2966 295 54 30 the
3049 295 80 32 loan.
3180 296 64 30 The
3278 298 164 36 borrower,

2905 345 80 30 may,
3001 336 150 38 however,
3167 347 62 30 pay
3244 342 33 25 at
3291 348 61 28 any
3368 339 75 30 time

2904 381 56 26 not
2969 376 27 29 It
2998 387 31 20 ss
3043 376 78 30 than
3135 378 58 29 £5.
3210 388 35 17 or
3258 388 85 20 more
3352 379 31 29 m
3395 389 48 20 re-

2905 417 128 30 duction
3060 418 33 29 of
3107 417 54 30 the
3175 417 81 30 debt.

2947 458 105 40 Every
3066 459 75 31 land
3159 459 82 31 bond
3256 460 49 31 for
3319 470 40 21 an
3389 461 54 31 ad-

2905 510 97 19 vance
3017 503 56 26 out
3087 501 34 28 of
3130 501 53 29 the
3192 501 73 30 land
3276 503 82 30 bond
3366 503 80 30 fund

2907 541 80 29 shall
3002 541 38 29 be
3053 541 50 30 for
3118 546 55 24 not
3186 542 61 30 less
3262 543 76 30 than
3364 543 79 36 £10,

2909 581 75 30 with
2998 581 130 31 interest
3143 582 33 30 of
3204 582 39 41 3J
3268 594 56 29 per
3353 588 91 33 cent.,

2907 621 132 40 payable
3067 622 71 30 naif
3140 625 131 37 -yearly.
3321 624 29 31 A
3373 626 75 29 land

2910 662 84 30 bond
3016 662 80 31 shall
3117 663 81 31 have
3212 664 54 31 the
3281 675 83 21 same
3379 677 69 20 cur-

2908 715 94 29 rency
3011 714 34 20 as
3055 704 53 30 the
3116 708 163 38 mortgage
3287 708 50 29 for
3347 708 101 30 which,

2907 746 27 28 it
2947 755 64 21 was
3025 746 131 36 issured,
3178 747 80 30 shall
3269 748 38 30 be
3317 750 132 39 payable

2909 789 33 27 to
2956 786 120 36 bearer,
3091 788 61 28 and
3168 788 80 30 shall
3262 799 72 29 pass
3345 791 42 37 by
3396 790 52 30 de-

2910 826 112 40 livery,
3036 827 134 29 without
3196 829 191 39 assignment
3415 840 35 20 or

2911 868 220 29 indorsement.

2952 908 63 29 For
3028 908 55 31 the
3096 918 149 31 purposes
3269 912 33 29 of
3328 913 54 30 the
3406 913 44 30 in-

2912 951 153 28 vestment
3092 949 34 30 of
3152 953 85 28 trust
3263 953 95 30 funds
3387 955 63 29 and

2912 989 171 37 otherwise,
3098 991 74 30 land
3196 992 96 31 bonds
3315 1004 51 20 are
3395 995 51 31 de-

2912 1031 103 30 clared
3028 1034 34 27 to
3076 1033 38 30 be
3124 1031 211 34 Government
3349 1046 99 20 secur-

2912 1071 85 35 ities..

2954 1111 51 32 All
3018 1122 127 31 moneys
3159 1115 141 31 received
3317 1116 80 31 shall
3411 1119 39 29 be

2912 1153 75 40 kept
3001 1155 35 28 m
3050 1164 19 20 a
3083 1159 140 36 separate
3237 1161 141 30 account,
3389 1159 62 29 and

2913 1198 198 37 repayments
3133 1196 52 30 for
3206 1196 86 32 loaas
3318 1209 71 29 may
3413 1199 39 31 be

2914 1236 89 29 made
3013 1236 136 40 through
3157 1240 211 35 postmasters.

2928 1297 179 22 ASSURANCE
3117 1298 65 22 AND
3197 1299 135 23 SINKING
3340 1301 95 23 FUND.

2959 1337 169 31 One-tenth
3138 1337 35 30 of
3178 1348 125 31 moneys
3311 1341 142 30 received

2917 1380 32 29 m
2960 1381 121 36 respect
3095 1378 34 30 of
3141 1379 126 31 interest
3279 1390 40 20 on
3338 1383 115 29 invest-

2916 1423 102 28 ments
3033 1419 81 30 shall
3128 1419 37 30 be
3178 1421 75 36 paid
3266 1432 75 20 over
3355 1425 34 26 to
3400 1424 53 29 the

2916 1461 110 30 Public
3041 1460 130 31 Trustee
3185 1471 33 20 as
3234 1471 38 20 an
3288 1473 167 21 assurance

2916 1503 89 35 fund,
3022 1506 32 26 to
3070 1503 38 29 be
3122 1501 142 31 invested
3281 1503 33 29 m
3328 1504 55 34 the.
3411 1515 44 21 se-

2917 1544 125 28 curities
3051 1543 179 29 sanctioned
3239 1543 44 38 by
3291 1544 117 30 section
3415 1546 40 28 10

2918 1583 33 29 of
2960 1582 55 30 the
3023 1582 110 29 Public
3148 1581 95 31 Trust
3273 1583 96 31 Office
3396 1583 61 32 Act

2919 1623 207 30 Amendment
3140 1622 71 37 Act,
3230 1624 73 30 1893
3313 1648 7 6 .

2959 1664 73 30 Into
3046 1664 52 30 the
3107 1674 84 20 same
3203 1675 166 21 assurance
3380 1666 77 32 fund

2919 1705 82 33 shall
3013 1705 39 30 be
3066 1705 73 41 paid
3149 1705 54 31 the
3213 1705 128 32 balance
3352 1708 104 31 stand-

2918 1748 57 39 ing
2988 1751 32 27 to
3030 1748 54 30 the
3095 1747 95 31 credit
3201 1748 33 30 of
3244 1748 54 31 the
3311 1759 146 30 manage-

2920 1792 84 26 ment
3018 1792 132 27 account
3177 1791 33 27 at
3231 1788 55 31 the
3314 1790 82 31 close
3424 1792 33 29 of

2919 1830 77 30 each
3009 1828 145 32 financial
3163 1839 85 30 year.

2961 1870 208 41 Repayments
3221 1872 34 29 of
3302 1873 156 40 principal

2919 1921 127 31 moneys
3067 1911 81 30 shall
3175 1912 40 29 be
3243 1913 71 38 paid
3342 1917 34 26 to
3404 1915 54 30 the

2919 1952 108 30 Public
3042 1953 129 29 Trustee
3193 1953 49 28 for
3270 1953 188 32 investment

2919 2004 34 21 a3
2965 2003 18 20 a
3002 1993 126 40 sinking
3142 1993 87 31 fund.

2975 2059 78 22 FEES
3067 2060 42 22 TO
3124 2060 40 22 BE
3179 2060 79 22 PAID
3269 2060 43 22 BY
3326 2061 75 22 BOR-

3119 2101 141 23 ROWERS.

2961 2139 105 41 Every
3080 2140 189 40 application
3291 2140 49 31 f)r
3354 2152 19 19 a
3387 2142 72 31 loan

2920 2180 80 33 shall
3016 2181 35 32 be
3065 2183 90 31 made
3182 2183 34 30 m
3236 2181 137 43 writing,
3397 2185 63 31 and

2919 2221 80 32 shall
3007 2223 39 30 be
3055 2225 219 38 accompanied
3288 2225 42 40 by
3341 2237 19 19 a
3370 2227 87 29 valu-

2919 2263 85 30 ation
3018 2264 61 36 fee*,-
3086 2275 48 18 -as.-
3154 2265 224 31 follows:—^Qn
3403 2277 54 28 ap-

2919 2303 149 40 plication
3081 2304 52 30 for
3140 2305 71 29 loan
3222 2308 55 27 not
3289 2306 169 42 exceeding

2920 2346 98 36 £200,
3042 2346 46 36 ss;
3117 2347 51 30 for
3196 2347 71 31 loan
3292 2348 166 42 exceeding

2919 2387 98 35 £200,
3029 2388 69 28 and-
3105 2391 56 26 not
3175 2390 170 38 exceeding
3355 2390 100 38 £500,

2921 2425 73 40 10/6
3002 2435 7 27 ;
3032 2427 51 31 for
3096 2428 72 30 loan
3183 2429 169 38 exceeding
3366 2430 90 30 £500

2919 2467 62 29 and
2994 2471 55 26 not
3074 2467 170 41 exceeding
3272 2470 116 36 £1000,
3409 2472 48 29 £1

2919 2508 47 35 Is;
2997 2508 62 30 and
3083 2509 50 31 for
3164 2520 94 30 every
3287 2510 171 33 additional

2919 2547 117 38 £1000,
3063 2549 83 41 10/6.

2949 2600 4 3 ■
2961 2590 64 30 The
3042 2595 80 26 costs
3136 2592 63 29 and
3213 2593 66 30 fees
3307 2594 51 29 for
3385 2605 73 28 pre-

2918 2630 110 40 paring
3042 2635 161 37 motgages
3215 2634 79 29 shall
3306 2634 39 30 be
3354 2644 34 21 as
3397 2636 59 29 fol-

2917 2672 61 28 low
2992 2672 51 38 (to
3125 2674 151 29 deducted
3300 2675 80 30 from
3403 2677 54 30 the

2919 2712 201 41 advance).:—
3120 2714 84 30 -Law
3218 2718 82 28 costs
3301 2720 7 17 I—lf1
3308 2734 34 4 —
3342 2715 33 32 If
3403 2718 53 29 ad-

2917 2763 98 20 vance
3028 2755 39 29 be
3081 2759 56 26 not
3151 2756 171 40 exceeding
3337 2759 120 36 £1000,

2919 2795 69 35 10s;
3003 2795 26 30 if
3040 2795 136 32 advance
3190 2797 40 30 be
3244 2806 77 22 over
3335 2799 120 38 £1000,

2917 2835 45 29 £1
2975 2837 50 34 Is;
3037 2836 77 30 with
3123 2837 72 30 cash
3211 2837 245 35 disbursements

2917 2875 102 34 which
3042 2887 53 20 are
3116 2878 50 30 the
3195 2889 83 21 same
3300 2880 33 30 m
3362 2891 95 31 every

2917 2927 80 25 case,
3025 2919 125 39 namely
3164 2921 152 30 —search
3335 2922 64 35 fee,,
3420 2924 35 29 2s

2915 2960 162 36 mortgage
3090 2959 83 29 form
3191 2961 47 34 2s;
3255 2962 201 39 registration

2917 2998 64 36 10s,
2996 2999 78 30 with
3083 3009 40 21 an
3145 3000 169 32 additional
3343 3003 35 30 2s
3406 3004 49 30 for

2915 3049 95 30 every
3025 3041 167 31 certificate
3220 3043 34 30 of
3277 3044 70 31 title
3372 3044 83 31 after

2914 3080 54 29 the
2983 3081 77 29 first.
3105 3082 88 29 Costs
3218 3084 61 28 and
3306 3085 64 29 fees
3404 3086 51 29 for

2916 3119 160 40 discharge
3091 3122 33 28 of
3146 3126 167 36 mortgage,
3345 3125 27 28 if
3394 3126 58 28 dis-

2915 3160 134 42 charged
3061 3162 42 41 by
3117 3162 54 32 the
3191 3161 62 33 Aid
3272 3167 32 27 to
3322 3163 129 34 Settlers

2915 3202 135 31 Office—
3050 3203 77 31 Law
3139 3209 91 32 costs,
3246 3206 45 36 ss;
3306 3208 145 38 registra-

2914 3244 66 28 tion
3002 3244 59 35 fee,
3074 3246 45 34 ss,
3135 3246 76 28 with
3227 3257 40 19 an
3282 3248 171 30 additional

2915 3283 35 30 2s
2964 3283 51 30 for
3029 3293 94 32 every
3146 3286 167 31 certificate
3332 3288 33 30 of
3384 3289 67 31 title

2915 3324 81 31 after
3009 3325 54 31 the
3075 3326 78 31 first.

2912 3469 221 28 MEDICAL
3165 3469 284 28 JOTTINGS.

2912 3519 111 17 WRITTEN
3038 3519 146 17 ESPECIALLY
3199 3519 44 17 FOR
3258 3519 44 17 THE
3317 3519 132 17 OBSERVER.

2945 3594 102 25 Hamlet
3054 3595 87 32 rudely
3152 3596 111 26 reminds
3276 3597 172 31 Ophelia-that

2912 3634 73 25 while
2997 3634 56 25 God
3063 3636 45 23 lias
3129 3635 74 32 given
3216 3636 88 25 -ladies
3327 3646 46 16 one
3395 3638 54 25 face

2912 3675 57 31 they
2979 3674 74 25 insist
3065 3683 31 16 on
3117 3674 100 32 making
3239 3676 68 24 them
3313 3678 72 24 selves
3398 3686 51 16 'an-

2911 3714 79 24 other,
3025 3714 41 25 fie
3077 3721 58 25 says
3146 3714 33 25 he
3179 3713 6 15 J
3190 3716 43 24 bas
3249 3716 75 24 hearfcl
3336 3717 33 24 of
3381 3718 70 24 ttheirr
3453 3725 3 9 r

2910 3752 132 31 paintings,
3061 3751 45 26 but
3117 3753 33 24 lie
3160 3753 87 25 makes
3258 3762 34 17 no
3294 3758 4 5 1
3304 3754 108 26 allusion
3424 3760 25 22 to

2910 3789 65 27 their
2983 3791 76 29 teeth,
3059 3792 9 14 :
3069 3792 50 24 and
3126 3800 37 17 we
3171 3800 40 17 are
3218 3793 95 31 willing
3320 3796 27 23 to
3355 3794 93 26 believe
3453 3805 3 5 1

2911 3831 56 24 that
2979 3831 124 31 Ophelia's
3114 3839 65 18 were
3193 3832 44 25 the
3249 3833 47 32 gift
3315 3834 28 24 of
3351 3836 98 24 nature.

2910 3866 189 41 Had'she'liyea
3110 3869 86 28 iri'tlie
3204 3876 9 14 '*•
3219 3875 97 29 present
3336 3874 49 33 day
3406 3874 48 26 the*

2910 3908 105 26 chances
3080 3909 68 33 they'
3162 3911 83 25 would
3331 3913 62 25 been

2909 3946 146 26 handiwork
3066 3947 26 25 of
3108 3948 43 24 the
3281 3951 50 24 and
3343 3952 105 27 Hamlet

2908 3979 381 41 niight^ossißlyiave-lea'rht-
3294 3991 44 26 the
3348 3992 56 26 feet*

2908 4026 118 26 hiscost/
3057 4027 23 25 A
3090 4032 85 28 young
3176 4034 3 9 1
3186 4029 56 31 lady
3242 4037 5 8 1
3254 4031 28 24 of
3291 4030 56 27 New
3360 4033 88 32 Jersey
3447 4038 9 10 1

2910 4072 50 17 was
2972 4064 110 32 recently
3092 4065 83 25 kissed
3186 4066 41 33 by^
3230 4067 47 26 her
3298 4069 67 26 lover
3388 4071 63 26 with

2908 4107 63 25 such
2982 4108 153 26 swinburian
3146 4109 100 27 fervour
3325 4114 43 26 the
3391 4117 58 31 gold

2907 4147 85 33 filling
2999 4148 42 26 fell
3050 4151 44 23 out
3102 4150 28 24 of
3137 4158 46 16 one
3193 4151 28 25 of
3225 4152 46 25 her
3280 4154 66 26 teeth
3353 4174 6 6 .
3394 4150 58 32 The'

2908 4187 127 31 ungallant
3047 4189 81 34 s^ain,
3134 4186 80 34 s^eeins
3226 4189 101 28 tolia^e'
3331 4194 63 25 been

2906 4225 96 33 willing
3018 4227 26 24 to
3055 4234 49 24 pay
3121 4222 43 36 .for
3175 4228 42 30 th^
3235 4238 164 26 unnecessary
3409 4243 27 17 re
3433 4229 7 12 7
3439 4250 8 5 ,

2906 4264 102 35 repairs.
3192 4259 144 36 flihatHhe
3344 4265 102 41 engage-

2906 4304 71 23 ment
2992 4296 121 34 hasVbe&a
3124 4300 101 37 broken;
3230 4295 45 37 off*
3295 4305 50 28 arid
3369 4307 78 30 Chide

2905 4340 23 25 i$
2939 4338 77 35 suing.
3026 4341 126 31 Strephoh
3164 4342 39 25 for
3214 4343 44 26 the
3270 4346 72 25 valae
3365 4344 28 28 6f
3400 4349 48 26 her

2905 4381 123 32 damaged
3037 4376 81 31 MSiih.
3132 4391 4 4 -
3138 4381 3 12 !
3153 4383 79 32 Truly
3235 4381 27 28 if
3282 4386 52 26 this
3356 4388 23 25 is
3402 4390 45 25 the

2904 4420 50 26 law
2954 4421 52 25 :'the
3017 4418 60 28 man
3185 4423 73 32 fancy
3272 4424 92 35 lightly
3374 4429 73 26 turns

2904 4461 27 24 to
2933 4455 11 11 i!
2942 4455 126 38 thougliFs'
3075 4455 90 32 oFßve
3183 4459 91 37 mipt,
3279 4462 61 29 *W
3347 4466 99 29 TBiich-

2905 4497 72 28 stone
2988 4508 57 25 says
3274 4504 28 27 of
3322 4515 15 17 a
3355 4504 92 30 fearful

981 61 172 33 OXFORD
1202 59 228 33 OBSERVER
1475 58 242 38 SATURDAY,
1760 58 239 33 NOVEMBER
2044 62 49 35 10,
2151 59 87 32 1894

2368 214 135 27 UNITED
2521 214 205 27 METHODIST
2746 214 94 26 FREE

2448 254 145 27 CHURCH
2617 255 148 26 OXFORD.

2338 342 78 58 THE
2436 342 245 27 ANNIVERSARY
2706 342 171 27 SERVICES

2383 374 50 26 will
2444 374 31 26 be
2486 374 60 27 held
2566 383 32 18 on
2618 376 102 32 Sunday
2734 374 142 27 NOVEM-

2337 414 72 26 BER
2422 414 69 25 11th.
2526 415 53 26 The
2599 416 54 25 Rev
2665 416 30 25 A.
2707 416 42 25 W.
2761 414 116 27 Ashcroft

2337 452 28 27 of
2373 453 143 25 Richmond
2526 453 52 26 will
2589 454 106 25 conduct
2709 453 44 26 the
2766 452 111 27 Services

2338 501 28 18 as
2375 493 102 26 follows.
2477 508 35 5 —

2338 533 71 24 West
2418 531 94 26 Oxford
2522 534 29 23 11
2565 541 60 16 a.m.
2660 533 117 25 Carleton
2789 535 24 23 3.
2825 540 53 24 p.m

2338 569 72 26 West
2422 569 84 25 Oxord
2526 571 57 24 6.80
2594 578 61 24 p.m,
2673 571 144 25 collections
2829 571 49 25 will

2338 608 30 24 be
2379 607 76 24 taken
2467 615 33 17 on
2512 608 87 24 behalf
2608 609 26 24 of
2644 609 43 24 the
2696 609 121 25 aforesaid
2829 616 49 17 ser-

2338 647 74 25 vices.

2373 693 40 26 On
2436 693 45 26 the
2509 693 127 33 following
2657 694 223 26 WEDNESDAY

2340 736 78 26 NOV.
2432 736 70 30 14th,
2526 736 44 26 the

2387 799 286 45 ANNUAL
2695 799 141 45 TEA.

2480 909 52 24 will
2543 909 32 24 be
2585 909 60 25 held
2656 910 27 24 m
2695 909 43 26 the

2343 954 249 27 ODDFELLOW'S
2633 956 96 25 HALL
2779 956 103 26 WEST

2543 995 150 25 OXFORD.

2377 1049 52 24 Tea
2446 1057 34 17 on
2491 1049 79 25 tables
2582 1053 26 22 at
2620 1052 16 24 6
2647 1058 62 24 p.m.
2728 1050 101 25 Tickets
2845 1050 39 25 for

2343 1088 83 26 adults
2440 1090 47 32 ]/-,
2500 1089 112 26 children
2626 1090 80 24 under
2717 1091 33 24 10
2761 1097 71 24 years
2843 1089 41 25 old

2346 1127 41 29 9d,

2379 1164 69 25 After
2552 1173 16 17 a
2578 1165 84 32 public
2674 1166 113 31 Meeting
2797 1164 51 25 will
2855 1166 31 24 be

2345 1204 58 25 held
2415 1205 73 25 when
2500 1206 206 25 ADDRESSES
2714 1206 52 24 will
2772 1205 31 25 be
2811 1206 74 31 given

2346 1243 33 31 by
2387 1243 44 24 the
2443 1243 73 25 Rev's
2526 1244 28 23 T.
2563 1244 33 24 R.
2606 1244 114 28 Garbett,
2729 1244 31 24 A.
2768 1244 40 25 W.
2821 1243 65 25 Ash-

2346 1280 64 24 croft
2417 1281 50 23 and
2476 1281 31 24 D.
2519 1281 31 24 D.
2559 1281 120 31 Rodgers.
2698 1281 107 24 Musical
2812 1281 74 24 items

2347 1319 51 25 will
2409 1319 31 25 be
2451 1320 120 24 rendered
2582 1321 31 29 by
2625 1320 65 25 local
2698 1321 89 24 talent.

2381 1358 54 25 The
2447 1359 76 24 Chair
2533 1359 49 25 will
2593 1359 31 25 be
2630 1360 74 24 taken
2717 1362 27 23 at
2756 1362 15 23 8
2783 1360 103 25 o'clock.

2349 1397 76 25 Com*
2430 1399 55 24 -and
2496 1399 60 31 help
2578 1401 27 23 to
2622 1400 70 24 make
2704 1400 51 24 this
2778 1408 15 16 a
2820 1402 68 23 most

2348 1439 136 24 Euccessful
2495 1439 167 32 Anniversary
2674 1439 36 25 all
2721 1448 43 16 are
2783 1440 103 25 invited.

2382 1477 98 26 Tickets
2495 1486 59 25 may
2575 1479 31 25 be
2628 1479 51 25 had
2702 1487 28 17 as
2752 1479 101 30 follows,
2855 1495 33 3 —

2349 1516 54 24 The
2418 1516 150 31 Parsonage,
2592 1517 96 24 Messrs
2716 1517 25 25 J.
2762 1517 126 30 Knowles,

2349 1552 31 24 D.
2407 1553 102 27 Hawke,
2540 1553 52 24 Mrs
2629 1554 99 30 Dalley,
2761 1554 41 24 Mr
2825 1555 65 23 Seed

2350 1589 127 30 Carleton,
2504 1590 41 24 Mr
2558 1590 107 25 Watson
2678 1590 144 25 Wood3ide.

2382 1632 95 26 Messrs
2489 1633 90 25 Buddo
2591 1633 50 25 and
2653 1634 124 25 Meredith
2794 1642 42 17 are
2848 1643 41 17 ex-

2349 1673 87 32 pected
2448 1675 26 23 to
2483 1673 31 25 be
2531 1675 109 30 present.

2008 213 75 21 NEW

1764 293 293 46 SUMMER

1976 378 330 46 DRAPERY

1903 454 43 21 EX
1961 454 45 23 S.S.
2021 455 120 22 TAINUI.

1768 507 107 39 NEW
1900 506 221 41 SEASON'S
2159 506 148 41 GOODS

1810 567 60 26 Just
1885 566 105 30 arrived,
2002 567 51 25 and
2064 567 51 25 will
2124 567 31 25 be
2166 568 57 25 sold
2233 569 28 25 at

1851 636 190 34 LOWEST
2077 636 155 34 PRICES

1759 694 2 23 I
1966 697 35 18 on
2017 689 96 26 record.

1788 807 239 26 MANCHESTER
2043 804 249 28 DEPARTMENT.

1773 879 115 37 Prints,
1910 879 114 30 checks
2039 880 62 29 and
2124 879 115 39 stripes

1773 927 97 30 Table
1892 926 162 37 Damasks,
2077 926 232 31 unbleached—
2319 926 2 32 !

1856 976 114 42 special
1992 977 94 31 value
2102 976 82 32 from
2201 976 45 41 1/-

1774 1034 117 29 Brown
1912 1032 138 31 Holland
2065 1043 78 29 very
2159 1032 99 40 cheap
2272 1032 41 40 4J

1775 1084 193 31 Flannelette
1983 1084 61 30 and
2060 1083 152 40 Shirting,
2234 1084 81 40 good

1858 1136 91 30 value
1969 1136 80 30 from
2071 1136 51 30 4d.

1776 1186 96 31 Floor
1893 1185 91 32 Cloth
2006 1187 82 40 good
2109 1190 34 28 at
2165 1186 51 31 9d.

1776 1238 91 31 Wide
1887 1239 112 29 Forfar
2020 1242 33 26 at
2075 1239 50 30 6d.

1779 1443 122 31 Ladies'
1924 1443 89 31 Eock
2027 1442 103 32 Straw
2143 1443 134 31 Boaters

1821 1519 20 13 „
1925 1495 108 41 Fancy
2056 1494 99 32 Sailor

1780 1546 95 39 Boys'
1891 1547 63 28 and
1967 1545 102 31 Maids
2084 1545 143 32 Galateas

1781 1639 100 31 Black
1896 1639 124 32 French
2035 1638 182 33 Cashmeres

1781 1690 101 31 Black
1896 1692 29 28 &
1938 1690 64 32 Col.
2022 1690 124 32 French
2164 1689 156 32 Merinoes

1830 1773 229 45 GREAT
2102 1773 169 45 SALE

2040 1841 34 30 of

1782 1892 154 26 EDWARD
1969 1892 186 26 BENNETTS
2203 1890 117 28 STOCK.

1828 1942 454 38 PLANNELETTS

1888 2004 17 28 3
1928 2012 95 30 pence
2044 2012 58 29 per
2122 2001 89 40 yard.

1799 2059 118 26 Reduced
1933 2059 65 26 from
2016 2059 40 25 6d.
2074 2060 27 25 to
2117 2059 42 26 4d.
2176 2066 44 25 per
2236 2059 69 31 yard.

1816 2109 117 26 Reduced
1944 2110 65 25 from
2022 2109 40 25 9d.
2075 2111 26 23 to
2115 2109 39 25 6d.
2167 2117 44 24 per
2219 2109 69 32 yard.

1816 2163 117 26 Reduced
1944 2163 56 28 fron
2018 2163 37 35 1/-
2073 2165 27 24 to
2117 2163 40 26 Bd.
2175 2170 45 26 per
2235 2163 70 33 yard.

2039 2208 37 24 at.

1887 2252 37 31 R.
1947 2250 41 30 H.
2013 2250 197 32 PARISH'S

1924 2309 92 28 EAST
2035 2311 147 26 OXFORD.

1843 2437 46 45 C.
1934 2439 329 54 CLEAVES,

1981 2532 143 22 CARRIER

1797 2595 129 37 OXFORD
1957 2596 42 36 TO
2031 2596 274 41 CHRISTCHURCH.

1809 2763 58 45 L.
1900 2763 391 48 GRIFFITHS.

1829 2869 3 4 .
1907 2839 130 34 CARTS
2060 2841 126 32 WOOL

1798 2900 143 26 OXFORD
1966 2901 43 25 TO
2031 2901 273 27 CHRISTCHUROH

1929 2949 34 25 At
1983 2949 87 25 lowest
2081 2951 94 28 Rates/

1878 3117 136 44 FOR
2040 3118 182 44 SALE.

1882 3280 112 32 EAST
2017 3280 185 33 OXFORD.

1818 3327 67 32 Has
1900 3340 41 20 on
1955 3329 86 31 hand
2056 3341 19 20 v
2100 3330 143 40 splendid
2271 3331 46 32 lot

1776 3376 35 30 of
1823 3375 225 33 BACONand
2062 3377 113 32 LARD
2186 3380 51 31 for
2253 3381 64 31 sale

1775 3424 83 32 from
1872 3436 19 20 a
1907 3427 106 38 pound
2028 3429 34 27 to
2076 3438 19 19 a
2109 3430 63 29 ton.

1777 3487 56 18 i...
1841 3497 19 19 v
1873 3470 106 33 Bacon
1993 3473 72 45 pi^s
2080 3475 130 43 bought.
2256 3503 4 2 .

1830 3646 63 30 MR
1917 3647 179 31 SPECIAL
2125 3650 133 31 RAPID

1767 3692 47 37 :..,
1842 3685 19 45 ■.
1869 3711 26 21 r
1897 3687 133 49 ./A^)
2039 3721 8 14 /
2047 3687 133 49 ;5uN,;.
2193 3685 127 48 ,.',/.....

1771 3746 233 39 TRAVELLING-
2015 3748 303 42 PHOTOGRAPHERS

1769 3818 5 23 I
1791 3802 128 31 ..Vifews
1920 3805 4 12 1
1921 3826 8 18 ,
1948 3803 133 39 Houses;
2093 3806 133 39 Grroups,
2236 3808 76 29 Por-

1769 3842 112 38 traits'/
1900 3844 141 31 Animals'
2058 3847 5 9 '
2070 3845 54 39 &o,
2149 3847 95 31 taken
2279 3851 35 28 at

1763 3885 3 34 ;
1768 3901 5 13 :
1773 3894 62 29 any
1851 3884 106 40 place;
1989 3884 60 41 6/-;
2062 3887 81 41 10/-;
2161 3887 67 42 24/-
2257 3897 57 32 per

1772 3925 106 30 dozen.
1878 3925 8 21 1
1923 3926 164 39 Specimen
2100 3929 111 40 kindly
2226 3930 94 30 exhi-'

1771 3965 84 30 bited
1870 3966 35 29 m
1928 3965 52 32 Mr
2010 3967 134 33 Parish's
2168 3971 152 32 windo%-.v

1761 4010 118 25 ■•Address
1879 4011 2 12 1
1961 4010 101 15 ■>-..■...■;-
2092 4012 6 3 -
2126 4022 4 5 ,
2142 4011 17 16 •.-
2188 4012 5 3 -
2218 4012 33 21 •••_..
2274 4017 11 7 ..
2301 4014 17 13 ■,

1762 4068 6 10 ,
1783 4054 30 18 ;i*
1870 4047 52 24 MR
1935 4048 148 26 SPECIAL
2094 4050 116 32 RAPID,

1762 4104 4 16 i
1786 4092 32 24 it-
1846 4101 21 15 -it
1898 4107 3 10 ■.
1921 4103 11 14 a
1962 4103 33 9 •«..
1999 4103 13 17 i4
2016 4086 210 37 i.^h9tograpli^r
2220 4108 5 14 i
2228 4099 23 20 ,T
2268 4099 10 14 .;
2305 4105 4 3 •

1762 4132 43 29 '>:■■■•
1838 4155 3 3 ■
1889 4147 62 15 •--,
1980 4152 48 11 ,.

1760 4252 1 46 [
1782 4291 45 7 .......
1855 4266 149 34 COPIES
2031 4269 50 32 Ol
2081 4270 4 13 I
2091 4298 5 3 .
2108 4271 88 30 THE

1760 4313 2 43 \
1929 4313 229 32 OBSERVER

1759 4375 2 8 ,
1885 4357 54 26 Can
1961 4357 31 26 be
2015 4358 117 27 obtained
2153 4362 27 24 at

1769 4393 178 28 CARGILL'S
1959 4404 87 17 corner
2068 4397 28 26 of
2109 4397 138 29 CASHEL
2258 4403 51 25 and

1814 4433 13 11 *
1841 4426 12 19 x
1853 4423 183 38 *COliOMfi§
2037 4428 9 19 ;
2051 4425 157 41 STRiEfTS
2209 4435 14 16 J
2238 4435 18 17 r
2260 4446 12 6 -

1252 201 251 38 HEALTH
1542 200 133 37 TEA.

1223 304 53 24 The
1287 303 224 26 undermentioned
1523 303 66 23 firms
1596 302 64 24 have
1670 302 64 24 been

1196 336 133 31 appointed
1353 338 88 29 agents
1464 336 38 24 for
1518 334 52 26 this
1593 334 142 25 celebrated

1198 370 78 23 brand
1285 369 26 24 of
1322 369 51 24 Tea
1384 367 83 26 which
1479 367 46 25 has
1537 367 52 24 met
1600 367 59 24 with
1672 366 64 25 such

1198 409 16 16 a
1224 400 170 32 phenomenal
1406 400 52 25 sale
1475 400 27 23 m
1524 400 43 23 the
1590 399 145 24 Australian

1199 433 116 26 Colonies
1327 433 50 25 and
1389 433 124 25 wherever
1520 432 21 25 it
1553 432 46 24 has
1611 431 64 25 been
1696 432 39 24 in-

1199 467 115 24 troduced
1331 466 28 24 m
1377 466 61 25 New
1450 465 119 25 Zealand.

1233 505 147 25 HEALTH
1392 505 72 24 TEA
1475 505 23 24 is
1515 506 45 23 not
1571 512 16 16 a
1597 503 141 26 medicated

1201 539 48 24 Tea
1260 538 47 25 but
1318 539 21 23 is
1347 537 107 25 blended
1476 537 64 24 from
1564 537 45 23 the
1631 536 107 24 choicest

1201 571 50 24 and
1278 571 87 31 purest
1391 569 106 32 growths
1525 569 28 25 of
1573 568 97 32 Ceylon
1687 567 51 26 ard

1203 603 91 25 Indian
1304 603 65 24 Teas
1385 602 34 31 by
1431 603 97 30 experts
1546 601 30 25 of
1582 601 44 25 the
1637 600 102 33 highest

1202 636 79 25 order.

1237 679 54 24 One
1303 678 192 32 specialleature
1506 676 77 27 about

1203 712 52 24 Tea
1265 711 22 25 is
1298 712 42 24 the
1351 719 98 23 process
1461 710 82 25 which
1558 710 22 24 it
1602 710 139 31 undergoes

1204 744 82 25 which
1298 744 102 25 renders
1410 744 22 24 it
1443 744 53 23 free
1509 743 64 25 from
1584 743 45 24 the
1651 742 90 25 tannin

1205 785 27 17 so
1240 777 129 32 prevalent
1379 777 28 24 m
1419 776 113 31 ordinary
1543 776 73 28 Teas,
1629 774 83 26 whilst
1720 774 21 25 it

1205 811 101 24 renders
1317 809 45 25 the
1372 810 92 24 release
1476 809 27 25 of
1514 810 43 23 the
1579 809 82 24 better
1671 808 70 31 qual-

1205 842 56 26 ities
1273 842 27 25 of
1310 842 42 26 the
1365 842 51 25 Tea
1428 850 67 18 more
1513 849 66 24 easy.

1239 882 147 25 HEALTH
1409 882 69 24 TEA
1496 882 21 24 is
1534 881 150 32 unequalled
1704 879 40 25 for

1208 915 124 32 strength,
1346 914 125 26 beautiful
1490 922 86 18 aroma
1590 913 50 26 and
1663 913 81 31 lovely

1207 948 105 25 flavour.

1240 986 92 28 Prices,
1346 985 43 33 2/6
1399 985 50 25 and
1458 985 37 33 2/-
1539 984 27 25 Bb
1577 984 28 25 m
1616 987 18 27 i
1642 983 51 25 and
1702 982 42 25 lib

1207 1019 101 32 packets
1317 1019 50 25 and
1384 1021 14 23 5
1411 1018 51 25 and
1474 1020 32 23 10
1513 1018 27 24 ft>
1551 1018 61 24 tins.

1341 1051 87 31 Agent
1438 1051 38 25 for
1488 1051 101 24 Oxford.

1308 1084 51 25 MR
1370 1084 31 24 F.
1414 1084 30 24 A.
1453 1081 208 27 WATERMAN.

1209 1123 82 32 Agent
1303 1122 40 26 for
1357 1122 70 26 Cust.
1446 1122 41 25 Mr
1499 1121 32 25 E.
1545 1121 40 26 W.
1601 1119 143 27 COOPER.

1240 1271 266 48 SITTING
1555 1271 165 44 EGGS

1311 1338 120 38 FOR
1475 1337 174 38 SALE-

1252 1393 59 29 -Ist.
1350 1390 91 32 Cross
1455 1390 206 30 Andalusians
1689 1387 61 31 and

1214 1434 162 38 Hamburg
1409 1431 109 31 Black.
1577 1431 51 30 Ist
1657 1428 93 32 Cross

1210 1474 104 31 White
1336 1472 147 33 Leghorn
1497 1471 61 31 and
1584 1472 166 38 Hamburg

1211 1515 104 32 Black.

1245 1561 82 24 These
1335 1559 71 26 fowls
1423 1566 41 17 are
1473 1558 63 25 used
1543 1558 28 24 m
1589 1557 163 25 Amsterdam

1211 1599 28 23 m
1251 1599 43 24 the
1306 1597 92 32 largest
1405 1597 56 25 fowl
1471 1596 77 25 farms
1558 1595 50 25 and
1614 1602 40 18 are
1661 1595 91 25 known

1212 1639 26 24 to
1249 1638 31 26 be
1287 1637 45 26 the
1340 1638 67 25 most
1416 1636 97 32 prolific
1524 1636 92 32 layers.

1378 1676 85 33 Apply

1411 1709 41 27 W.
1477 1707 274 32 CHARLSWORTH,

1563 1747 70 25 West
1651 1745 102 26 Oxford.

1213 1913 46 44 J.
1282 1913 54 44 T.
1365 1912 202 52 Brown,
1589 1912 41 44 &
1652 1912 103 44 Son

1266 1979 113 20 TIMBER
1388 1980 19 19 &
1417 1979 73 20 COAL
1504 1978 184 22 MERCHANTS.

1389 2016 166 26 IMPORTERS

1213 2053 35 28 Of
1278 2053 141 28 TIMBER
1449 2055 55 26 and
1533 2054 50 27 All
1612 2053 90 28 Kinds
1726 2053 29 28 of

1266 2100 190 28 BUILDING
1480 2100 224 27 MATERIALS.

1404 2146 154 29 CORNER

1214 2189 165 26 COLOMBO
1421 2191 19 23 &
1469 2189 98 25 TUAM
1597 2188 158 27 STREETS

1373 2233 196 25 Chbistohuboh

1243 2396 197 55 George
1461 2397 271 44 Gardener.

1347 2456 156 25 CARRIER
1542 2457 75 25 ETC.

1296 2498 104 32 EAST
1480 2499 180 32 OXFORD.

1339 2571 120 37 FOR
1479 2571 160 37 SALE

1213 2620 184 27 OATSHEAF
1414 2622 122 31 CHAFF,
1567 2622 30 25 T.
1611 2622 32 24 F.
1656 2622 95 27 OATS.

1406 2681 43 25 TO
1484 2681 78 26 LET.

1212 2722 22 24 A
1244 2730 86 24 young
1339 2724 117 31 pedigree
1464 2725 136 25 Berkshire
1615 2726 65 24 Boar
1689 2725 62 24 from

1372 2786 4 5 .
1395 2761 68 32 prize
1490 2762 77 26 stock.

1258 2891 26 20 A.
1298 2892 87 20 FlesJier
1395 2892 18 26 ].
1614 2893 36 27 [.F.
1664 2895 84 21 Fuller.

1224 2937 206 39 FLESHER
1452 2939 70 38 ana
1544 2940 188 39 FULLER.

1390 2994 181 28 SOLICITORS,

1250 3033 13 20 9
1274 3032 124 21 Cathedral
1409 3033 92 26 Square,
1517 3034 191 23 Christchttbch.

1211 3066 116 26 (Between
1337 3067 110 19 Morten's
1457 3067 117 26 buildings
1584 3069 19 19 &
1612 3069 57 21 Post
1675 3070 74 20 Office.

1249 3100 189 56 Money
1466 3102 54 42 to
1557 3102 144 44 Lend

1209 3166 35 21 On
1253 3166 32 21 all
1294 3166 56 21 kind
1360 3166 24 21 of
1394 3166 112 28 Security,
1514 3168 26 21 at
1558 3168 57 22 Low
1629 3170 78 21 Rates
1725 3170 25 21 of

1235 3211 107 21 Interest.
1373 3212 88 26 Special
1475 3212 78 21 Terms
1562 3212 36 22 for
1607 3213 111 22 Farmers.
1725 3223 4 11 :

1238 3335 261 56 Boarding
1536 3337 181 47 House

1439 3409 82 24 'AND'"'"
1599 3415 48 17 ."'•"
1683 3415 26 24 ."'-'_
1737 3415 3 12 :
1744 3416 11 4 "'

1207 3456 322 51 pEFE^SHMENT
1590 3460 154 33 BOOMS.

1206 3514 69 58 MR
1303 3514 137 26 ESKETT
1464 3516 107 31 begsio
1589 3517 96 25 inform
1707 3519 39 25 his

1381 3547 57 27 that
1455 3548 33 26 he
1510 3550 46 25 has
1584 3551 100 31 opened-
1703 3551 43 26 the

1205 3587 117 30 premises
1334 3587 116 33 formerly
1459 3589 92 25 known
1560 3598 28 16 as
1593 3590 48 31 /the
1653 3591 102 36 Oxford^

1206 3624 77 25 Hotel
1295 3633 27 17 as
1332 3633 15 17 a
1358 3625 129 32 Boarding
1497 3627 88 25 House
1597 3628 50 24 and
1659 3628 47 25 will
1717 3628 29 25 bo

1205 3661 55 25 able
1271 3664 26 22 to
1310 3664 89 30 supply
1410 3664 129 25 travellers
1559 3665 50 24 and

1205 3701 169 31 seqkers^with
1384 3702 52 27 ,refr
1434 3721 3 11 ;
1437 3703 126 25 eshnients
1574 3704 73 33 atjall
1657 3704 86 26 hours.

1198 4012 3 4 .
1224 3975 128 39 OXFORD
1373 3953 375 75 |O;CHRIBtCHIiRCIi:i

1241 4029 120 35 Leaves'/
1371 4033 95 26 Oxford
1494 4043 73 23 every
1587 4037 154 25 MONDAY

1202 4069 50 25 and
1276 4070 202 31 THURSDAY,
1513 4074 131 32 returning
1670 4083 78 25 every'

1202 4097 380 41 TUE'SbAiantfmD&Y.'
1598 4111 4 5 '
1653 4125 3 3 •
1688 4108 6 14 '

1195 4153 2 9 :
1213 4148 3 8 '
1240 4149 14 22 /
1302 4145 20 13 -■•■•
1365 4146 16 14 '-■
1412 4146 37 15 i-v.
1584 4147 31 16 -1.-.
1619 4151 59 16 :•;-,.,•.
1696 4150 43 19 ui<

1195 4171 28 27 U
1258 4184 44 12 •■(■■•■
1332 4178 2 8 '■
1348 4175 18 22 ■;'!
1410 4185 30 10 '"■
1466 4189 4 3 -
1559 4192 1 1 ■
1595 4189 10 6 ..
1634 4186 7 7 -■
1662 4184 28 11 ■;..
1702 4193 9 2 ..
1739 4190 7 5 

1192 4213 32 25 j-5
1301 4213 66 23 fr-~l
1382 4226 25 11 -.
1432 4215 40 23 H.{
1569 4222 38 21 ■Ji
1671 4230 8 10 f
1706 4232 18 15 :Jt
1731 4239 1 1 .
1734 4233 12 12 a

1290 4245 136 47 FOR
1480 4247 172 47 SALE.

1207 4341 6 7 '
1237 4349 29 31 A
1298 4340 168 51 COiJNET
1479 4345 46 49 %
1536 4353 104 31 afirst
1658 4351 81 37 clasb

1197 4404 117 33 M^Ker.
1325 4406 45 27 -i'-'d
1565 4423 15 17 :{s
1581 4417 47 25 Ut
1635 4407 5 6 '
1647 4418 38 25 ai*
1691 4421 52 22 ten

1403 4479 96 30 Office
1509 4480 33 29 of
1549 4480 63 30 this
1622 4479 113 40 Paper.

630 653 318 83 BURRELL
976 653 195 96 BROS.,

751 745 317 43 Photographers

634 799 194 38 VICTORIA
850 797 150 47 STUDIO,
1024 796 60 39 CH.
1111 796 60 39 CH.

719 850 70 25 Take
806 849 42 25 the
864 849 58 25 lead
938 856 60 17 once
1016 856 69 16 more

638 894 67 39 Our
713 892 464 51 Photographsalltherage

641 972 119 25 November
777 964 59 39 FOR
861 964 18 38 2
904 963 141 39 MONTHS
1060 969 118 26 November

638 1005 10 11 •
675 1006 46 14 AND
857 1014 85 12 /wrT-v
1090 1003 46 15 AND

641 1026 118 25 DECEMBER
857 1014 85 23 ONLY
1061 1023 118 26 DECEMBER

641 1069 107 81 Wof
755 1075 41 14 our
805 1068 52 21 well
862 1068 81 20 known
953 1067 82 27 highly
1050 1068 18 30 <|
1077 1067 31 24 A
1127 1066 12 32 /
1145 1067 30 24 A

705 1096 98 21 finished
810 1094 124 22 enamelled
941 1094 108 21 Cabinets
1056 1089 13 28 1
1076 1089 14 28 1
1096 1089 13 28 1
1122 1089 11 32 /
1144 1089 33 28 X

868 1123 35 20 for
929 1122 57 24 &g°
1052 1111 75 36 HI/
1145 1111 32 34 U

645 1190 16 38 1
673 1188 104 40 dozen
797 1186 205 40 Enamelled
1017 1185 163 40 CaTDinets

643 1240 98 39 with
753 1238 281 39 onelsxl2Matt
1043 1237 137 39 surface

645 1290 298 50 Enlargement
958 1288 223 48 Beautifully

753 1335 148 41 Framed
923 1335 52 39 for
997 1335 62 38 £1.

645 1385 62 24 This
718 1385 21 24 is
751 1392 33 17 no
795 1384 80 25 sham,
888 1383 46 25 but
946 1391 14 16 a
972 1383 51 24 real
1035 1382 45 32 gift
1091 1382 38 24 for
1137 1381 44 25 the

645 1423 99 31 coming
763 1422 121 31 holidays.
927 1421 45 25 All
993 1421 66 25 work
1075 1420 63 25 done
1149 1420 32 31 by

645 1460 160 33 experienced
826 1460 90 24 hands.
969 1459 148 25 Eemember
1137 1466 46 16 our

663 1500 154 26 Concession,
828 1499 30 23 18
871 1499 26 23 to
908 1498 43 24 the
959 1498 79 24 dozen
1049 1496 38 25 for
1096 1496 69 32 10/6.

645 1542 61 23 This
724 1541 44 24 the
786 1541 58 30 only
859 1540 61 24 time
934 1540 27 23 m
979 1540 44 23 the
1043 1540 104 29 History
1158 1538 26 24 of

645 1580 178 32 Photography
835 1579 56 24 that
909 1578 62 26 tuch.
988 1586 15 17 a
1026 1579 92 24 cbance
1135 1577 48 25 has

646 1627 56 17 ever
722 1618 59 25 b-2en
802 1617 104 32 brought
926 1616 82 26 before
1027 1617 44 25 the
1090 1616 91 32 public,

646 1660 50 24 and
707 1667 58 24 may
775 1666 75 17 never
862 1665 88 17 occure
962 1658 81 31 again.
1064 1657 39 25 Sit
1115 1656 68 32 early

646 1700 184 31 appointments
843 1698 90 26 should
944 1697 30 26 be
986 1698 73 24 made
1076 1696 22 26 if
1115 1704 69 25 poss-

645 1738 57 24 ible.
725 1736 200 26 EEMEMBEE
946 1736 70 25 OUE
1029 1735 64 25 BIG
1105 1735 78 26 CON-

646 1777 147 25 CESSION
806 1776 67 25 FOE
889 1777 14 23 2
915 1775 146 25 MONTHS
1081 1775 100 24 ONLY.

645 1851 98 25 Letters
755 1851 32 31 by
797 1851 57 30 post
864 1849 148 32 punctually
1024 1848 119 26 attended
1155 1849 26 25 to

657 1909 226 27 PICTURE
932 1909 237 27 FRAMING

794 1943 25 19 m
829 1943 32 20 all
869 1943 32 20 its
911 1943 120 20 branches.

643 1974 165 25 BUEEELL
826 1974 107 29 BEOS.,
956 1974 209 32 Photographers,

771 2013 111 25 Victoria
894 2015 84 28 street,
991 2013 190 25 Christchurch.

643 2057 111 32 opposite
766 2057 44 25 the
821 2057 129 26 Salvation
962 2057 76 32 Array
1051 2056 130 26 Barracks.

701 2224 195 40 MUSICAL
937 2225 180 41 TUITION

644 2290 141 40 PIANO,
812 2290 157 38 VIOLIN,
995 2291 188 38 SINGING,

686 2332 149 31 OEGAN
899 2332 86 32 ETC.
1048 2333 93 31 ETC.

749 2378 63 30 MB,
850 2378 30 30 S.
912 2378 181 32 MAYSON.

648 2417 121 40 (holder
794 2418 32 30 of
842 2417 184 31 Certificate.
1057 2418 123 40 Trinity
1183 2417 2 11 1

770 2458 123 40 College
915 2458 142 42 London)

678 2498 103 33 Having
797 2499 77 24 taken
890 2507 34 24 up
957 2500 40 25 his
1014 2500 125 25 residence
1156 2500 27 24 m

645 2531 90 26 Oxford
751 2533 23 24 is
790 2533 118 30 prepared
934 2533 27 25 to
978 2533 93 25 receive
1099 2533 85 31 pupils:

644 2563 38 26 for
692 2573 48 23 any
752 2565 27 25 of
802 2565 43 25 the
874 2565 76 25 above
961 2566 92 25 named
1064 2566 118 32 subjects.

680 2598 42 23 All
745 2598 211 24 communication
989 2598 134 24 addressed
1156 2600 27 22 to

644 2630 138 25 Methodist
824 2630 143 31 Parsonage
1005 2631 51 24 will
1089 2631 94 24 receive

643 2664 98 31 prompt
753 2662 131 26 attention.
920 2662 118 26 Distance
1047 2671 33 17 no
1092 2662 89 33 object.

644 2705 191 44 Pianos
857 2705 100 43 and
984 2705 197 55 Organs

775 2770 78 26 tuned
871 2770 49 25 and
937 2770 121 33 repaired.

676 2906 37 23 To
724 2905 42 24 tlie
783 2904 161 25 Inhabitants
965 2904 27 26 of
1010 2904 94 26 Oxford
1132 2907 50 23 and

1035 2932 146 10 •I

643 2947 61 25 Cust
716 2948 51 23 and
778 2947 169 30 surrounding
963 2948 115 24 districts.

876 2989 72 25 THE

641 3035 244 78 HEALTH
946 3036 233 78 SUPPLY

809 3127 207 33 COMPANY.

605 3200 3 4 .
786 3194 3 13 :
796 3202 8 8 .,
817 3203 2 2 .
901 3187 30 18 OF

641 3231 60 28 245
724 3229 169 30 CASHEL
919 3229 74 32 ST..
1009 3231 99 31 CH—
1109 3231 67 35 CH,

673 3285 54 31 Beg
738 3287 26 23 to
775 3285 81 31 notify
864 3283 58 27 that
933 3284 60 33 they
1001 3285 63 26 have
1076 3287 101 31 appoint

640 3323 313 25 tecxMrsNEWNHAMi
966 3332 28 16 as
1005 3325 66 24 their
1086 3325 90 31 Ag*nt;

639 3363 49 24 and
700 3363 64 24 from
776 3363 45 24 her
842 3370 59 24 may
929 3363 30 24 be
988 3364 122 30 obtained,
1141 3365 36 24 Dr

643 3401 238 27 SCHUbSLEE'B
922 3405 99 24 famous
1042 3422 3 5 >
1056 3404 120 25 BIOCH-

640 3442 86 25 EMIC
761 3443 193 26 BEMEDIE'S
981 3444 59 26 and.
1057 3444 119 27 INFLUr

639 3482 93 25 ENZA
766 3482 43 25 PO
815 3483 123 25 VVDEES
989 3483 44 25 Dr.
1059 3484 117 26 CEOSS-

638 3520 115 26 LANDS
762 3520 135 26 wonderful
906 3521 127 31 vegetable
1042 3522 134 25 Headache

638 3560 119 32 powders;
775 3560 118 29 Enemas,
919 3560 124 33 Syringes,
1076 3561 100 33 Sprays.

638 3600 49 24 and
699 3600 32 24 all
743 3600 125 25 Chemists
881 3601 120 28 sundries,
1014 3609 28 18 as
1064 3603 56 25 well
1149 3610 27 18 as

600 3633 5 38 ']
639 3638 218 31 STATIONARY;
866 3640 49 24 &c.'
923 3634 9 37 ,'
969 3666 4 4 .
989 3634 19 37 //
1023 3634 12 30 !'
1042 3635 13 36 /
1066 3634 28 35 .'"'
1168 3631 4 16 ;
1183 3662 2 4 ,

671 3677 52 24 Mrs
735 3677 160 30 Newnham,.
898 3678 67 25 Next
986 3679 33 29 .to
1042 3679 42 24 the
1113 3679 63 25 Free
1183 3681 2 23 !

600 3734 1 3 .
636 3714 137 26 Methodist
781 3714 99 25 Church
1167 3708 6 14 i

600 3741 3 16 1
899 3752 153 28 OXFORD.

824 3801 2 2 .
833 3787 2 9 :
1008 3792 2 2 •
1059 3798 3 2 .
1166 3785 4 14 '

1083 3870 2 2 .
1137 3862 2 3 ■
1165 3859 4 16 i

634 3897 226 27 PREVENTION
876 3899 33 26 IS
927 3900 139 26 BETTER
1071 3890 102 37 'THAN

600 3925 1 20 1
791 3930 4 4 '
868 3939 117 25 CURE,'
1006 3956 10 9 ..
1047 3944 62 11 ■•-

599 4014 2 8 v
747 4011 59 24 that,
812 4010 44 25 the
868 4011 131 25 Influenza
1010 4012 129 31 Epidemic
1150 4014 23 28 is.

633 4036 32 30 ]J\
688 4064 3 5 ,
707 4042 76 24 about
803 4041 42 25 the
854 4043 191 33 .neighbouring
1063 4045 109 31 districts,

599 4090 2 7 i
631 4082 33 17 no
676 4082 75 18 nonie
762 4069 95 32 should'
863 4075 28 25 be
891 4069 124 32 i'wit'tibW
1019 4075 44 27 the
1063 4073 14 16 V;
1078 4072 92 38 slatyi

599 4132 2 7 ,
631 4116 48 23 pus
684 4108 86 25 Brand
777 4108 31 25 'of
819 4108 155 32 Eucalyptus
981 4109 132 27 -Globultis-
1118 4111 56 25 Ex-

631 4142 64 23 tract
707 4143 27 22 to
745 4142 30 24 be
786 4142 77 23 taken
867 4149 3 4 4
879 4149 70 23 upon
966 4151 81 21 f.ugar,
1067 4151 28 16 or
1117 4144 28 24 m
1156 4155 14 16 v

630 4173 71 27 little.
820 4173 53 27 The.
883 4175 67 22 most
962 4174 149 24 convenient
1122 4176 48 24 and

629 4205 113 31 pleasant
753 4213 55 24 way
819 4209 27 21 to
857 4205 57 25 take
931 4205 157 33 Eucalyptus
1104 4207 23 25 is
1142 4208 28 25 m

629 4238 46 25 the
682 4238 226 33 'Platypus-Brand-
915 4238 27 25 of
951 4238 156 33 Eucalyptus
1123 4240 45 25 Ju-

610 4291 3 3 .
626 4271 83 32 jubes,
716 4272 63 31 -they
787 4279 42 17 are
840 4272 98 27 iru<such
946 4280 16 18 a
968 4272 126 31 palatable
1103 4273 64 24 form

628 4305 114 31 pleasant
782 4304 28 25 to
852 4305 71 28 taste,
939 4304 151 32 ..antiseptic
1105 4330 3 3 .
1119 4306 50 24 and

628 4337 140 25 stimulant.
818 4336 117 32 Sprinkle
953 4345 64 24 your
1043 4337 115 26 Jbandker
1158 4330 4 16 I
1158 4354 9 4 -

629 4370 68 25 chief
705 4370 50 25 and
765 4377 84 18 rooms
860 4369 63 26 witK
932 4369 45 26 the
989 4370 42 25 oil.
1091 4379 3 2 ■
1114 4387 2 7 ;

629 4410 27 25 BE
666 4410 59 25 SURE
732 4409 43 26 YOU
784 4409 117 26 PURCHASE
909 4409 46 26 THE
963 4410 115 26 PLATYPUS
1087 4410 80 32 BRAp

631 4455 35 14 .»•■•
689 4442 159 31 iE.Tarish.
853 4442 83 33 Agent
947 4443 46 27 for:
998 4443 102 26 Oxford.
1158 4460 5 15 ,

628 4488 74 25 Omce
710 4488 39 26 No
760 4489 14 24 9
788 4486 136 27 Cathedral
932 4495 37 25 sq.
983 4487 182 27 Cbristchurch

139 656 266 50 NOTICE.

102 737 96 25 EYEE
208 735 124 27 WATEE
341 733 101 26 RACE.

48 818 103 26 OTICE
172 817 22 25 is
216 816 90 31 hereby
327 815 73 32 given
422 812 56 25 that
499 811 45 25 the

65 850 125 26 WATER
202 850 53 24 will
276 849 30 24 be
332 847 59 25 shut
419 846 36 24 off
479 846 65 23 from

39 884 115 24 ONDAY
199 880 198 26 NOVEMBEE
431 878 63 24 12th
518 879 27 22 to

204 915 43 24 the
260 915 67 26 17th,
337 913 38 24 for
386 912 44 24 the
440 917 107 24 purpose

48 949 108 31 clearing
170 947 74 25 Head
266 947 66 24 Eace
356 945 51 24 and
422 943 126 31 repairing

43 990 78 17 umes.

183 1019 25 24 J.
220 1018 35 24 H.
270 1015 145 27 SHAEPE.

281 1057 71 25 Clerk
368 1058 26 23 to
407 1056 42 25 the
458 1053 91 26 Board.

87 1208 146 26 OXFORD
250 1206 92 25 EOAD
363 1204 124 26 BOARD.

43 1293 150 27 LENDERS
211 1301 41 16 are
264 1292 92 24 invited
367 1291 33 31 by
412 1291 42 24 the
463 1288 92 26 Oxford

87 1328 70 24 Road
169 1326 81 25 Board
261 1326 64 24 from
348 1325 141 29 competent
502 1328 52 24 per-

44 1370 36 16 ms
92 1361 37 24 for
140 1359 156 25 VALUING
313 1357 41 25 the
375 1355 93 26 Oxford
487 1354 69 24 Road

43 1394 90 28 ►istrict,
147 1392 145 26 Conditions
304 1392 26 23 to
346 1390 29 25 be
387 1397 56 16 seen
468 1389 26 23 at
516 1387 40 24 the

48 1427 70 26 oards
132 1426 82 27 Office,
237 1425 81 24 where
338 1422 109 25 Tenders
468 1420 50 25 will
529 1420 27 23 be

43 1460 89 26 -ceived
161 1467 33 22 up
223 1462 26 20 to
278 1458 30 23 12
321 1455 93 26 o'clock
436 1462 66 17 noon
525 1460 32 17 on

44 1482 108 40 iiursday
172 1489 191 27 NOVEMBER
381 1488 74 24 22nd.

156 1524 110 24 JAMES
290 1523 33 22 H.
356 1520 134 25 SHARPE

254 1554 72 25 Cleik
338 1555 25 23 to
375 1553 43 24 the
431 1550 90 25 Board.

98 1712 93 25 EYRE
222 1709 127 27 WATER
379 1707 99 25 RACE.

43 1799 80 25 Totice
151 1799 20 23 is
180 1796 93 33 hereby
284 1796 72 32 given
379 1794 57 25 that
445 1793 35 25 all
487 1800 70 24 gorse
568 1801 4 2 •

43 1823 11 35 S
79 1841 27 16 or
117 1832 81 32 plants
207 1829 147 31 interfering
365 1828 61 25 with
432 1827 42 24 the
481 1826 75 24 clear-

49 1866 50 31 gof
109 1867 41 22 the
161 1864 68 31 Eyre
247 1863 85 24 Water
339 1862 88 27 Races,
447 1860 69 23 must
527 1858 30 25 be

45 1898 72 25 eared
128 1905 66 22 away
207 1896 29 30 by
248 1895 42 24 the
310 1893 124 31 occupiers
451 1891 105 25 without

45 1932 54 29 jlay,
112 1930 126 24 otherwise
250 1928 42 23 the
304 1926 82 25 Board
398 1925 50 25 will
460 1924 31 25 do
514 1923 42 25 the

43 1964 44 23 oik
99 1966 26 21 at
137 1961 122 31 occupieis
276 1966 113 24 expense.

54 1996 38 28 By
109 1995 70 23 order
592 1997 2 27 j

168 2025 111 25 JAMES
294 2025 33 23 H.
349 2022 138 26 SHARPE

217 2057 75 26 Clerk
314 2058 27 23 to
363 2056 42 25 the
429 2053 91 26 Board.

145 2211 72 37 NEW
240 2208 114 38 YEAR'S
371 2208 58 37 DAY

45 2271 250 45 )XFORD
309 2267 246 47 SPORTS

269 2347 28 23 m

128 2389 187 25 PEARSON'S
344 2389 99 23 PARK.

84 2434 88 23 Public
184 2432 111 30 Meeting
319 2432 25 23 to
356 2432 74 23 make
441 2438 113 22 arrange-

41 2456 19 35 V
78 2467 90 28 ments,
182 2465 51 25 will
246 2465 29 24 be
287 2464 59 24 held
356 2464 28 23 m
396 2464 43 24 the
451 2463 104 32 Library

42 2507 8 17 l
74 2500 109 29 Monday
206 2500 59 23 next
276 2502 25 19 at
314 2498 58 23 7.30
394 2505 61 23 p.m.

314 2530 32 25 G.
367 2530 89 24 SairrH.

163 2682 261 47 NOTICE.

78 2757 193 46 Robert
301 2756 194 44 Fisher.

43 2834 21 24 N
77 2834 131 29 returning
220 2832 93 25 thanks
324 2835 26 22 to
362 2832 43 24 the
416 2831 88 25 Public
516 2831 40 24 for

67 2866 41 25 the
132 2866 85 24 liberal
239 2867 102 29 support
361 2865 118 23 accorded
501 2864 53 23 him

39 2900 70 30 Living
121 2900 40 24 the
170 2899 49 24 last
232 2900 30 22 18
270 2906 77 23 years,
360 2898 59 30 begs
429 2900 26 21 to
464 2897 90 24 inform

39 2932 18 24 is
71 2932 144 23 Customers
233 2932 56 22 that
311 2930 32 24 he
363 2931 47 23 has
433 2930 120 23 RELIN-

42 2964 135 25 UISHED
189 2964 42 23 the
243 2963 108 30 Grocery
374 2962 50 24 and
444 2961 110 32 Drapery

39 2998 93 24 usiness
144 3005 31 16 on
193 2996 106 24 account
311 2999 24 20 ot
356 2995 87 31 failing
466 2994 87 25 health

40 3032 27 23 id
79 3031 42 24 the
133 3030 109 25 business
254 3029 52 25 will
316 3029 27 24 m
354 3029 85 24 future
450 3027 30 26 be
501 3036 51 17 car-

40 3064 29 22 ed
81 3071 33 15 on
126 3064 25 22 m
163 3062 44 24 the
217 3069 74 16 name
304 3062 26 22 of
339 3062 40 22 his
391 3061 56 23 wife
456 3059 13 12 *
472 3061 81 23 Sarah

41 3096 49 22 liza
109 3094 96 26 Fisher,
229 3092 235 24 COMMENCING
487 3092 66 24 from

41 3127 169 25 OVEMBER
223 3128 46 26 Ist,
282 3126 59 24 inst.

221 3166 139 26 ROBERT
378 3165 139 25 FISHEE.

73 3320 156 43 MISS
257 3316 235 47 BENCH
577 3353 3 3 .

173 3403 226 25 DRESSMAKER.

72 3450 162 31 bay
277 3450 215 34 :roai>

146 3503 89 25 EAST
270 3504 146 24 OXFORD.
457 3508 29 10 ■■■■■

69 3674 99 47 £50
205 3675 283 47 REWARD
532 3693 4 10 ■

69 3793 131 30 Eeward
210 3794 32 30 of
251 3795 67 29 £50
330 3795 64 31 will
403 3796 38 30 be
451 3796 93 39 giy;en
564 3801 10 28 \

46 3861 1 10 ,
69 3837 32 25 to
127 3835 52 29 the
214 3845 112 29 person
355 3846 50 20 or.
414 3847 129 29 persons
567 3861 2 4 •

41 3876 37 28 lio
94 3875 79 29 shall
184 3876 52 39 lay
249 3877 78 30 such
341 3878 203 31 information
581 3905 3 3 .

56 3916 64 30 will
134 3916 70 30 lead
219 3922 31 24 to
260 3918 52 29 the
327 3920 174 29 conviction
511 3921 37 28 of

45 3968 14 18 (j
73 3966 114 36 person
202 3968 34 20 or
247 3968 127 30 persons
384 3960 70 31 who
462 3961 80 30 have

46 4009 37 19 en
98 3998 107 41 laying
219 4000 146 36 poisoned
381 3999 93 32 'meat'
500 4012 41 19 on
566 4001 2 4 '

43 4049 16 19 c
81 4038 103 40 public
213 4039 75 30 road
310 4040 79 30 East
405 4042 135 36 Oxford,

45 4083 99 30 tween
172 4080 51 29 Mr
236 4080 140 32 Parish's
400 4082 62 30 and
488 4078 66 35 Mr'

59 4120 127 31 Fntch's
206 4120 104 32 House.
499 4128 2 3 '
516 4130 2 4 '

51 4170 54 28 All
118 4171 204 30 information
344 4176 33 26 to
394 4173 114 36 beileffc
520 4185 20 19 a
556 4203 3 5 ,
567 4203 10 10 v

43 4221 12 19 c
71 4212 85 30 office
171 4213 32 29 of
219 4213 62 30 this
296 4222 112 31 paper...
422 4229 21 18 ■••;•
453 4244 4 11 t
472 4237 6 11 .-
506 4238 24 11 ..
553 4240 8 7 ..
572 4231 3 4 •

47 4344 288 47 SELLING
384 4346 130 59 (pT

95 4419 324 49 DRAPERY

53 4487 25 24 at
101 4485 165 26 PARISH'S
283 4485 64 26 East
365 4485 101 26 Oxford.

42 259 283 28 ENGINEERS
354 261 107 26 AND
492 261 166 26 CYCLE
688 256 455 31 MANUFACTURERS

41 319 25 17 ye
77 312 39 24 for
127 312 50 24 sale
188 319 15 17 a
215 312 128 31 shipment
354 312 28 25 of
423 312 105 24 ORION
573 313 88 30 cycles.
674 313 48 24 No.
734 313 25 28 1,
772 312 52 24 £12
843 312 44 23 10s
895 319 7 20 ;
937 310 49 24 No.
998 311 25 25 2,
1041 310 52 22 £14
1112 309 53 22 10s.

181 376 65 25 Gash
255 384 28 16 or
293 383 58 24 easy
361 375 128 31 payment,
535 373 84 32 Every
630 373 115 25 machine
757 372 160 33 guaranteed.

104 449 146 26 Illustrated
261 449 49 24 and
321 448 157 32 Descriptive
489 448 152 31 Catalogues
680 447 112 32 Calliope
830 445 89 33 Cycles
930 449 57 28 post
997 445 60 25 free.

63 524 185 31 SAVILLE
273 525 28 27 &
324 522 63 36 Co.,
417 521 155 31 Colombo
588 521 137 36 Street,
755 519 353 33 CHRISTCHURCH.
