3520 4580
1191 65 172 31 OXFORD
1410 64 226 31 OBSERVER
1680 64 241 35 SATURDAY,
1958 60 237 33 NOVEMBER
2218 60 49 35 10,
2307 60 88 30 1894.

2929 4266 106 30 Printed
3035 4264 73 47 yaiii
3147 4271 139 34 fublisLtid
3314 4281 33 33 Ly
3382 4282 90 29 Laura

2962 4309 83 27 Anjtie
3067 4312 104 32 ?abish,
3196 4313 28 30 it
3246 4314 48 30 ter
3325 4321 147 34 Kegistered

3188 4346 82 55 Jfeb
3295 4362 93 30 Street.
3412 4367 60 27 East

2920 4419 4 3 .
2963 4395 104 30 Ojcford.
3074 4394 172 43 Oautex^ryl'

2973 4446 131 29 Saiubda^
3119 4450 141 29 Novembeb
3274 4456 37 26 10
3323 4473 7 14 ,
3349 4458 66 27 1894

2923 232 171 51 WATCH
3137 219 160 79 A|
3324 243 147 52 CLOCK

3046 395 302 41 FITTED

3187 458 31 16 AT

2944 492 182 38 Parish's
3156 498 103 36 East
3283 502 162 45 Oxford.

3105 751 252 50 SUSIE'S

2967 956 206 44 MACHINE
3220 960 202 42 NEEDLES

2938 1046 122 50 From
3093 1047 72 57 I/-
3194 1061 73 47 pr
3304 1051 147 50 Uun.

3051 1783 3 5 •
3187 1779 42 21 AT

2991 1844 421 46 PARISH'S

2930 1934 191 35 EAST
3167 1938 297 37 OXFORD

2925 2083 65 46 n.
3030 2086 79 45 w.
3123 2088 342 62 mfOL&ND,

2928 2160 140 40 Timber
3083 2164 69 39 and
3175 2166 77 40 Coal
3280 2168 186 43 Merchant

2928 2245 162 65 LAEGE
3111 2247 108 28 STOCK
3236 2250 45 25 OF
3293 2252 173 29 BUILDING

3104 2281 213 40 MATERIALS^

2995 2320 35 25 Of
3050 2329 73 26 every
3154 2325 158 33 description,
3344 2331 121 25 seasoned

3028 2361 76 32 ready
3110 2361 39 26 for
3156 2371 52 23 use,
3217 2364 90 33 always
3315 2374 31 18 on
3353 2367 78 26 hand.

2963 2401 68 31 Also,
3063 2404 152 28 Galvanised
3245 2408 69 31 Iron,
3344 2411 121 26 Portland

2930 2441 104 27 Cement
3043 2444 50 24 and
3103 2444 126 28 Builders'
3241 2448 191 36 Ironmongery.

2964 2490 111 36 Country
3090 2494 92 27 Orders
3206 2498 127 34 Carefully
3354 2501 113 28 Selected

3097 2535 50 24 and
3154 2535 145 29 forwarded.

2930 2579 99 27 TUAM
3036 2581 144 34 STEEET,
3194 2586 273 34 CHEISTCHUECH

2992 2706 214 48 HOLLAND
3240 2714 156 45 FINISH

3111 2767 156 44 CALICO

3043 2827 64 34 3d.
3142 2839 73 31 per
3235 2838 115 36 yard.

3187 2910 33 26 at

3044 2952 64 33 8.-.
3108 2952 33 33 H.
3163 2955 196 39 PARISH'S

2930 3264 144 45 YODNG
3160 3270 293 49 CHANCELLOR

3116 3352 9 5 -
3144 3337 50 25 will
3208 3335 78 31 vfeit-

3088 3390 212 37 OXFORD

2928 3472 74 26 every
3027 3467 198 35 THUESDAY,
3250 3473 38 26 for
3318 3477 147 30 particulars

3143 3519 76 33 apply
3231 3522 27 24 to

3082 3561 32 26 G.
3126 3563 33 24 E.
3176 3564 142 32 Weylandt,

3162 3631 3 5 ,
3215 3606 66 27 East
3295 3608 99 28 Oxford.

3061 3643 36 26 Or
3104 3652 85 24 groom
3201 3646 28 26 m
3246 3648 89 33 charge

2994 3704 92 27 JOHN
3104 3706 144 34 MEEEIN,
3261 3710 136 34 Propritor.

2959 3871 220 53 PUBLIC
3227 3879 239 51 NOTICE.

2963 3977 173 39 Telegraphic
3147 3982 133 39 Messages
3300 3995 50 18 can
3361 3997 62 18 now
3434 3990 34 27 be

2929 4026 61 24 sent
3013 4026 54 27 and
3085 4029 121 28 received
3226 4034 29 24 at
3280 4032 66 28 East
3368 4034 105 30 Oxford

2929 4069 116 45 Station,
3062 4074 52 33 and.
3133 4075 93 29 Postal
3245 4079 87 27 Notes
3352 4090 61 27 may
3435 4083 34 26 be

2928 4118 157 31 purcnasecL
3095 4114 19 35 V

2415 199 426 46 EUCALYPTUS

2541 275 80 5 —
2621 271 12 14 ♦
2633 276 78 4 —

2415 298 59 19 THE
2490 298 72 19 BEST
2576 298 87 21 HOME
2680 297 155 23 EEMEDIE.

2473 336 36 14 are
2523 329 36 21 the
2569 330 135 26 preparation
2715 329 25 22 of
2747 329 35 20 the

2358 366 170 21 TASMANIAN
2546 367 187 20 EUCALYPTUS
2748 366 48 21 OIL
2810 366 82 20 COMP.

2387 404 136 26 Universally
2533 404 103 21 admitted
2645 404 37 21 the
2690 404 79 24 BEST,
2782 402 114 22 PUREST

2359 441 43 21 and
2412 442 57 19 most
2474 441 98 20 'effective
2582 442 135 25 Eucalyptus
2740 441 105 20 Globulus
2861 441 33 20 Oil

2358 474 33 19 for
2413 473 170 25 INFLUENZA,
2605 473 91 26 Coughs,
2716 472 64 22 Colda
2805 472 43 22 and
2866 473 30 21 all

2359 505 65 19 Chest
2441 505 42 19 and
2492 505 63 24 Lung
2571 505 113 20 affections
2698 505 77 25 speedy
2784 505 60 19 relief
2854 505 43 19 and

2360 536 55 20 Cure
2433 536 33 20 for
2481 536 157 25 Rheumatism,
2659 536 123 26 Neuralgia,
2797 537 100 25 Sprains-

2359 564 72 20 Burns
2451 564 34 20 &c.

2386 596 133 26 Eucalyptus
2537 597 104 20 Globulus
2659 597 92 21 Extract
2760 597 91 27 sprayed
2864 597 33 20 in-

2348 632 3 9 -1
2359 628 63 21 haled
2438 628 43 20 and
2496 630 65 19 taken
2570 628 117 27 internally
2704 630 34 19 for
2753 630 36 19 the
2807 629 87 26 Throat,

2360 664 97 26 Catarrh,
2474 664 47 25 Haj
2521 672 6 6 r
2528 679 6 9 ,
2558 665 97 25 Typhoid
2672 666 43 20 and
2730 666 82 20 Scarlet
2821 666 77 21 Fevers

2361 696 129 20 MEASLES
2502 697 35 19 the
2544 698 54 18 most
2608 698 137 24 satisfactory
2754 698 144 24 preventative

2360 727 43 21 and
2417 728 61 20 Cure.
2506 728 56 21 Send
2575 728 52 21 Post
2643 729 55 20 Card
2709 730 22 19 to
2742 729 35 21 the
2788 729 63 21 Office
2863 729 35 21 for

2360 759 96 20 Circular
2469 759 120 27 describing
2608 761 122 20 treatment.
2758 761 139 26 Eucalyptus,

2360 793 112 20 Ointment
2481 794 37 20 the
2527 794 70 25 Magic
2606 795 80 20 Healer
2699 795 23 19 of
2737 795 69 23 Sores,
2819 795 79 25 Burns,

2361 824 102 24 Wounds,
2470 842 3 5 .
2480 825 59 20 Boils
2557 826 45 23 &c,
2626 825 133 26 Eucalyptus
2779 826 57 25 Soap
2850 826 43 20 Fra

2360 855 62 25 grant
2432 855 43 21 and
2484 856 124 26 refreshing,
2633 856 133 26 Eucalyptus
2775 856 89 27 Jujubes
2874 863 24 14 or

2359 886 102 20 Pastilles
2471 887 34 20 for
2514 887 37 20 the
2575 888 81 21 Throat
2667 888 43 20 and
2718 888 64 21 Voice
2800 894 28 14 an
2842 889 55 20 anti-

2360 918 68 25 septic
2437 919 43 19 and
2490 919 121 21 stimulant.

2360 951 127 26 Veterinary
2502 952 37 20 Oil
2548 952 43 21 and
2601 953 112 20 Ointment
2722 953 33 20 for
2765 953 37 20 the
2811 953 86 21 stables.

2387 985 30 20 Be
2426 991 50 14 sure
2485 992 43 18 you
2537 986 109 20 Purchase
2660 984 39 22 the
2709 986 105 25 Platypus
2830 987 69 19 brand

2360 1016 50 25 only
2420 1016 23 20 of
2450 1016 29 21 all
2488 1017 114 25 Chemists,
2607 1017 89 21 Grocers
2702 1017 43 20 and
2752 1017 146 26 Storekeepers

2360 1048 43 20 and
2416 1049 24 19 at
2454 1048 36 21 the
2501 1049 64 20 Office
2574 1050 13 20 9
2596 1049 115 21 Cathedral
2720 1055 76 19 square
2805 1049 93 21 between

2360 1079 101 21 Morten's
2474 1081 114 26 Buildings
2596 1083 40 19 and
2648 1082 37 20 the
2694 1082 52 20 Post
2756 1081 70 21 Office.

2525 1115 88 21 Oxford
2624 1116 79 26 Agent

2414 1150 26 21 R.
2450 1150 30 21 H.
2494 1150 120 27 PARISH,
2637 1152 77 20 EAST
2728 1152 120 21 OXFORD

2440 1188 141 27 Eucalyptus
2591 1189 38 21 Oil
2643 1189 30 27 1/-
2687 1196 41 20 per
2736 1190 78 21 bottle.

2358 1270 102 21 RONGO
2497 1272 54 20 PAI
2572 1272 95 21 TENEI
2681 1272 56 20 KEI
2751 1272 124 21 KOUTOU

2573 1307 111 20 KATOA.

2400 1342 191 39 MACBEAN
2634 1343 220 39 STEWART'S

2358 1397 75 21 NEW
2447 1399 79 20 CURE
2541 1399 59 20 FOR
2614 1399 127 21 ASTHMA

2412 1434 75 21 NEW
2501 1434 78 23 CURE
2593 1434 59 21 FOR
2666 1434 97 22 CROUP

2471 1470 73 20 NEW
2560 1470 79 21 CURE
2652 1470 59 20 FOR
2724 1470 173 21 DIPHTERIA

2412 1500 73 21 NEW
2500 1501 80 21 CURE
2593 1501 59 21 FOR
2667 1500 133 22 CHRONIC

2494 1544 4 2 ■
2535 1538 190 22 BRONCHITIS.

2372 1575 115 28 Prepared
2495 1575 60 21 from
2563 1575 42 20 the
2614 1575 121 20 Mountain
2746 1576 47 20 and
2801 1576 82 21 Forest
2890 1585 13 11 :-■

2478 1603 82 22 Plants
2574 1602 24 23 of
2610 1603 56 22 New
2680 1603 106 22 Zealand.

2357 1639 30 20 In
2395 1638 99 20 Asthma
2503 1638 42 20 the
2554 1638 55 20 New
2617 1638 61 20 Cure
2686 1637 45 23 has.
2738 1638 86 26 proved
2832 1638 65 23 itself

2399 1665 26 20 to
2433 1665 29 20 be
2472 1664 65 20 Head
2546 1664 46 20 and
2602 1664 124 20 Shoulders
2735 1665 72 21 above
2816 1665 34 19 p!1

2541 1690 73 21 Other
2627 1691 77 20 Cures.

2386 1730 29 21 In
2424 1735 30 15 no
2462 1729 104 21 instance
2574 1728 45 21 has
2626 1736 15 14 a
2647 1729 70 21 death
2724 1730 109 24 occurred
2838 1729 61 22 from

2360 1758 132 26 diphtheria
2509 1757 67 20 when
2593 1757 42 20 the
2855 1758 43 19 has

2359 1784 59 21 been
2426 1783 74 26 freely
2508 1783 59 20 used
2574 1782 61 21 from
2639 1783 42 20 the
2689 1782 52 21 first
2747 1783 77 21 outset
2829 1783 23 20 of
2858 1784 41 20 the

2361 1811 93 23 disease,
2471 1810 47 19 and
2537 1815 26 13 so
2581 1810 66 25 great
2666 1815 38 14 are
2722 1810 33 20 its
2773 1810 126 25 protective

2359 1842 92 20 powers,
2463 1836 55 20 that
2525 1835 41 21 the
2575 1836 125 25 complaint
2708 1836 44 20 has
2762 1842 71 15 never
2841 1836 58 21 been

2360 1864 81 21 known
2450 1862 24 22 to
2485 1862 82 28 spread
2574 1862 26 22 to
2609 1862 69 22 other
2692 1862 112 23 members
2821 1862 24 22 of
2858 1863 41 22 the

2359 1891 88 25 family.

2388 1925 48 21 The
2442 1925 57 20 New
2508 1926 66 23 Cure,
2583 1926 25 19 3s
2618 1925 40 24 6d;
2671 1925 117 20 Grindelia
2796 1925 105 20 Robusta

2425 1952 136 26 Cigarettes,
2570 1953 26 19 2s
2603 1960 7 15 j
2620 1952 98 20 Asthma
2730 1952 108 23 Tobacco,

2530 1979 26 19 2s
2570 1978 30 20 6d
2613 1978 46 20 and
2673 1979 31 19 Is.

2386 2090 186 40 HEALTH
2594 2088 305 40 GUARANTEED

2365 2172 184 27 QUPFERERS
2584 2173 59 20 from
2687 2171 212 27 RHEUMATISM,

2364 2198 24 23 O
2417 2199 156 24 LUMBAGO,
2591 2199 188 23 NEURALGIA,
2796 2199 105 20 Nervous

2363 2226 142 24 exhaustion,
2513 2226 100 26 wasting
2619 2226 99 26 dibility,
2728 2226 47 20 lost
2784 2226 80 26 vigour
2876 2226 25 20 of

2361 2253 68 26 body,
2438 2259 158 19 nervousness,
2606 2253 46 21 loss
2661 2252 23 22 of
2702 2252 57 22 flesh
2777 2252 47 22 and
2842 2252 59 22 vital

2361 2286 81 21 power,
2465 2281 93 19 restless
2590 2280 69 26 sleep,
2682 2279 97 25 dreams,
2796 2279 104 27 pimples,

2361 2307 65 20 -weak
2434 2307 63 23 back,
2508 2307 63 19 want
2589 2307 24 19 of
2622 2306 164 25 development,
2803 2307 98 20 varicose

2361 2333 73 25 veins,
2442 2333 135 27 incapacity,
2596 2333 94 26 urinary
2711 2329 118 30 disorders,
2849 2333 52 21 skin

2363 2361 47 22 and
2418 2361 69 21 blood
2496 2361 97 21 diseases
2602 2361 47 21 and
2657 2360 33 21 all
2698 2360 107 22 ailments
2814 2361 88 26 arising

2362 2389 57 21 from
2429 2388 63 26 early
2501 2394 24 14 or
2534 2387 60 21 later
2612 2388 44 27 day
2669 2393 75 15 errors
2753 2388 50 25 etc.,
2828 2387 73 21 CON-

2363 2415 75 21 SULT
2447 2414 80 25 FREE.
2550 2415 84 20 PROF.
2656 2414 153 22 NOTMANN
2826 2415 32 21 M.
2868 2415 33 25 E.,

2363 2443 28 20 E.
2420 2442 30 20 M.
2466 2441 26 21 G.
2516 2441 129 21 MARKET
2662 2441 95 21 PIACE
2777 2441 125 22 CHRIST-

2363 2468 125 21 CHURCH
2529 2468 119 27 (Opposite
2690 2468 107 22 Colombo
2825 2469 77 21 Street

2363 2495 85 27 Bride)

2372 2546 4 2 -
2390 2532 50 21 The
2448 2533 55 26 only
2518 2532 89 26 Expert
2625 2532 144 27 advertising
2784 2533 54 21 that
2854 2533 48 20 will

2371 2560 125 27 guarantee
2505 2566 15 14 a
2528 2559 116 27 thorough
2650 2565 61 16 cure.

2390 2602 252 22 MANUFACTURER
2652 2603 23 21 of
2684 2603 41 21 the
2734 2604 54 25 only
2807 2609 95 21 guaran-

2363 2630 54 22 teed
2426 2629 97 22 Electric
2531 2630 50 20 belt
2600 2630 45 20 and
2658 2630 66 20 other
2742 2630 86 27 special
2845 2631 57 20 elec-

2362 2657 69 21 trical
2440 2657 128 26 appliances
2577 2657 26 19 m
2611 2657 40 19 the
2661 2657 110 21 Colonies.
2802 2657 100 20 Medical

2363 2683 115 22 Batteries
2487 2684 43 20 etc.
2558 2683 139 28 Disciriptive
2707 2683 133 28 Pamphlets
2849 2684 53 27 post

2362 2711 64 21 Free.

2441 2853 367 47 IMPOETANT

2361 2960 85 31 ALL
2475 2960 122 33 WOOL
2620 2961 173 32 EOSLYN
2812 2961 88 32 AND

2397 3036 298 32 WELLINGTON
2718 3036 153 32 TWEED

2508 3103 259 43 SUITS

2403 3171 68 41 35/-
2490 3172 86 31 Suits
2590 3172 147 31 Reduced
2744 3175 35 28 to
2802 3165 68 47 25*/-
2881 3180 6 4 '

2402 3232 76 41 45/-'
2513 3257 22 16 „
2620 3257 20 13 „
2723 3256 20 14 „
2810 3233 68 40 35/-

2402 3280 149 34 Trousers
2566 3283 62 30 and
2642 3281 76 32 Vest
2782 3280 77 42 13/6

2596 3342 53 21 AT

2387 3393 198 34 PARISH'S
2611 3395 91 31 East
2725 3394 144 32 Oxfokd.

2408 3550 191 57 Money
2617 3553 54 42 to
2693 3551 157 44 Lend.

2400 3613 19 30 I
2453 3614 81 31 Lave
2555 3624 114 30 money
2702 3617 35 28 to
2757 3614 76 31 lend
2866 3614 35 30 m

2358 3654 88 40 large
2474 3664 36 20 or
2531 3656 91 29 small
2656 3664 85 22 sums
2767 3658 35 29 to
2837 3656 64 31 suit

2358 3694 177 33 Borrowers
2573 3699 34 27 at
2634 3697 110 30 lowest
2772 3700 129 27 current

2358 3741 93 26 rates.

2417 3776 63 39 W.
2506 3776 45 40 H.
2578 3776 262 42 SPACEMAN

2535 3824 193 31 SOLICITOR,

2428 3864 193 26 Christchubch
2632 3866 51 24 and
2694 3865 137 27 Rangiora.

2388 3990 46 45 S.
2475 3990 70 45 W
2592 3990 279 48 TUKPEN.

2359 4057 244 40 WATCHMAKER.
2638 4059 176 40 JEWELLER
2840 4061 59 33 <&c

2436 4117 89 27 MAIN
2539 4118 136 26 STREET
2694 4119 140 27 OXFORD

2553 4168 62 18 near
2626 4161 84 25 Bank.

2378 4271 74 40 W-
2496 4271 407 41 WOODWARD-

2357 4329 155 26 PAINTER
2528 4329 72 26 AND
2617 4329 281 36 PAPERHANGrER,.

2460 4378 113 33 EAST
2617 4379 183 34 OXFORD.

2407 4472 135 31 Allprdew
2552 4473 122 33 promptly
2685 4475 116 28 attended
2812 4480 27 24 to
2869 4478 4 11 ;

1290 204 168 56 H.E.
1488 202 445 60 BOARDMAN
1973 200 54 57 &
2057 196 147 63 CO.,

1196 282 142 20 BAILIFFS
1352 282 64 20 AND
1432 279 184 22 COMMISSION
1634 278 127 21 AGENTS.
1807 278 101 20 HOTEL
1922 273 138 23 BROKERS
2074 271 64 21 AND
2151 268 149 21 VALUERS.

1294 329 60 27 222
1378 325 233 31 HEREFORD
1635 323 171 36 STREET,
1851 313 341 39 CHRISTCHURCH.

1484 395 164 15 ►♦♦♦♦♦♦♦♦♦»4
1651 392 308 17 »+♦♦»»♦♦♦♦♦♦♦♦»♦♦»♦♦♦♦
1964 390 99 15 «M«M»

1241 431 42 23 We
1301 431 150 32 respectfully
1464 431 39 30 beg
1522 435 21 19 to
1555 430 74 23 thank
1638 438 43 16 our
1693 429 89 24 Clients
1790 429 49 23 and
1848 427 36 23 the
1896 426 89 24 Public
1994 422 124 35 generally
2121 422 47 30 for
2176 419 39 26 the
2230 419 100 30 support

1171 475 116 23 accorded
1298 482 35 21 us,
1347 476 49 21 and
1407 482 46 16 can
1464 481 82 18 assure
1558 481 43 16 our
1604 473 100 32 friends
1715 473 53 23 that
1776 480 44 16 our
1830 471 104 23 business
1945 468 50 24 still
2001 473 102 18 remains
2119 464 76 24 under
2213 462 37 25 the
2267 466 63 18 same

1172 523 162 28 management
1353 527 27 14 as
1389 518 107 27 hitherto,
1507 518 49 23 and
1565 517 49 22 that
1624 516 135 30 everything
1769 513 120 25 entrusted
1899 516 22 19 to
1929 520 29 16 us
1969 511 52 23 will
2029 510 26 23 he
2062 509 79 24 wider
2152 507 36 23 the
2199 504 131 25 immediate

1171 562 147 31 supervision
1329 563 31 29 of
1367 570 44 15 our

1371 603 124 33 MR.
1527 602 68 33 H.
1620 602 54 32 E.
1701 593 428 40 BOARDMAN

1407 725 268 37 -LOCAL

1291 776 402 46 BAHLOV
1736 773 166 42 AUD
1949 763 276 47 PRICE

1477 828 191 42 Coventry
1707 825 113 43 Cycle
1868 820 131 36 Works

1340 884 38 29 88
1402 880 199 32 COLOMBO
1626 878 174 34 STREET,
1845 866 346 38 CHRISTCHURCH.

1173 944 56 30 We
1244 944 120 38 having
1379 943 94 29 taken
1488 951 74 19 over
1576 939 52 30 the
1642 938 72 31 well
1727 937 115 29 known
1851 933 113 34 works,
1980 930 181 36 machinery
2170 925 62 31 and
2241 924 90 31 stock

1171 986 34 28 m
1218 985 90 29 trade
1322 984 78 30 wish
1414 987 33 25 to
1462 983 113 29 inform
1590 980 54 29 the
1666 978 105 40 public
1785 977 70 30 that
1869 986 46 19 we
1931 983 52 21 are
1997 969 152 42 prepared
2162 970 34 27 to
2216 969 113 27 under-

1171 1026 73 30 take
1260 1024 103 31 orders
1377 1025 49 29 for
1439 1033 69 21 new
1522 1020 158 32 machines
1696 1019 61 30 and
1773 1019 127 28 execute
1919 1022 118 32 repairs
2060 1014 33 26 at
2115 1011 53 27 the
2194 1011 136 26 shortest

1305 1066 102 30 notice
1421 1065 49 30 for
1491 1064 42 30 all
1547 1063 93 29 kinds
1655 1059 35 32 of
1700 1057 214 42 Engineering
1928 1055 62 30 and
2002 1052 94 41 Cycle
2109 1051 95 29 work.

1336 1120 127 22 SPECIAL
1476 1115 178 24 ATTENTION
1670 1114 94 22 GIVEN
1779 1113 38 21 TO
1832 1108 141 24 COUNTRY
1988 1106 123 23 ORDERS.

1173 1162 120 31 ftacinff
1307 1158 160 30 Machines
1491 1155 62 31 and
1575 1154 99 39 Light
1696 1151 167 31 Roadsters
1879 1160 19 18 a
1912 1147 157 40 specialty.
2112 1143 49 29 No
2174 1141 155 40 imported

1171 1202 156 29 machines
1341 1200 77 37 kept
1432 1198 32 30 m
1480 1196 98 32 stock,
1595 1195 43 29 all
1652 1193 88 31 work
1754 1193 79 28 done
1848 1200 41 19 on
1902 1189 54 29 the
1978 1194 157 32 premises.
2149 1224 11 3 _
2188 1186 30 26 A
2243 1186 86 34 large

1202 1242 89 31 stock
1305 1240 35 31 of
1350 1241 126 37 Lamps,
1487 1237 96 34 Bells,
1599 1236 62 29 and
1677 1233 129 33 Saddles
1820 1242 40 19 on
1874 1229 84 30 hand
1973 1231 32 26 at
2018 1235 114 22 reduce
2144 1225 130 38 dpnees.

1303 1320 114 84 R.
1486 1315 134 87 H.
1679 1303 515 96 PARISH

1447 1445 196 63 EAST
1691 1437 328 66 OXFORD

1256 1547 4 5 ■
1317 1541 9 19 <
1395 1536 78 31 has
1489 1529 189 36 received
1698 1538 25 22 a
1739 1525 294 41 consignment
2049 1522 44 32 of

1169 1590 300 57 Messrs
1529 1582 418 60 Johnsons
2000 1573 67 59 &
2126 1572 202 57 Sons

1345 1666 268 58 GREAT
1674 1654 450 64 YARMOUTH

1237 1757 228 90 OIL
1545 1746 695 94 CLOTHING

1353 1888 338 52 ENORMOUS
1752 1883 388 48 REDUCTIONS

1170 2007 81 26 fTIHE
1270 2005 116 30 question
1396 2004 22 24 is
1430 2001 134 26 natural—
1668 1997 60 27 send
1743 1999 26 24 to
1781 1995 179 27 Christchurcii
1979 1993 39 27 for
2035 2000 63 26 your
2115 1992 130 32 Drapery?
2279 1990 52 26 The

1177 2027 20 39 I
1235 2041 103 27 drapery
1350 2038 54 25 sold
1413 2037 26 23 m
1447 2035 57 26 that
1515 2035 51 30 city
1578 2040 72 23 every
1661 2039 47 18 one
1720 2031 95 29 knows,
1827 2029 22 25 is
1860 2030 46 24 not
1916 2028 73 25 made
2000 2028 77 28 there,
2098 2027 45 24 but
2153 2027 130 31 imported.
2318 2027 13 22 I

1172 2076 94 27 import
1277 2074 65 24 from
1353 2071 44 26 the
1407 2069 55 26 best
1473 2066 108 34 English
1593 2065 51 27 and
1660 2064 90 27 Scotch
1761 2063 101 26 houses.
1906 2061 73 26 lam
1991 2060 105 26 enabled
2106 2060 27 25 to
2143 2059 124 32 purchase
2284 2058 47 26 low

1171 2109 52 24 and
1231 2107 46 26 sell
1289 2107 27 24 at
1325 2113 15 16 a
1350 2106 54 23 rate
1416 2102 27 24 of
1452 2101 74 32 profit
1540 2101 53 32 (my
1604 2105 120 25 expences
1736 2097 72 31 being
1819 2095 83 32 small)
1914 2096 57 24 that
1982 2094 83 25 would
2076 2094 31 25 be
2125 2093 145 24 considered
2289 2093 42 24 ab-

1171 2141 59 25 surd
1241 2140 33 27 by
1289 2147 49 20 any
1359 2134 179 28 Christchurch
1562 2131 199 26 establishment.
1814 2128 44 32 My
1880 2127 77 26 Stock
1975 2127 22 23 is
2015 2126 45 24 the
2079 2126 95 31 largest
2192 2126 51 23 and
2264 2126 67 22 most

1169 2174 97 26 tvaried
1275 2172 58 25 that
1342 2171 46 24 has
1400 2176 56 18 ever
1466 2168 64 24 been
1541 2165 88 25 shown
1639 2164 28 24 m
1678 2163 44 25 the
1733 2162 104 28 district,
1850 2160 50 25 and
1911 2160 39 25 for
1961 2159 92 32 quality
2073 2159 49 24 and
2141 2158 73 25 value
2230 2158 59 30 puts
2306 2164 25 17 m

1171 2209 33 22 he
1215 2206 78 25 shade
1310 2203 77 33 goods
1398 2200 93 26 offered
1500 2199 34 31 by
1546 2198 103 30 visiting
1661 2195 117 25 hawkere
1789 2196 64 22 from
1864 2193 44 24 the
1926 2192 183 25 Christchurch
2119 2199 47 23 rag
2176 2192 89 23 marts.

1204 2259 95 25 Dress
1311 2256 166 29 Materials,
1489 2253 89 25 Plain
1589 2243 77 37 and*
1666 2243 98 37 Fancy
1776 2249 80 25 from
1869 2247 50 25 3d.
1931 2251 56 27 per
1995 2246 85 30 yard.

1204 2319 28 26 A
1249 2317 110 28 Strong
1375 2315 88 25 Stout
1479 2312 134 24 Durable
1630 2309 127 30 Kaiapoi
1773 2307 115 25 Tweed
1903 2306 52 31 2/6
1967 2310 55 25 per
2032 2305 78 29 yard

1804 2350 110 26 Makes
1924 2349 157 25 first-class
2098 2347 84 31 Boys
2183 2348 6 10 1
2208 2346 91 27 Suits.

1206 2414 57 25 Art
1280 2412 140 29 Muslins,
1440 2408 157 30 Gretones,
1616 2406 80 26 Lace
1714 2403 139 27 Curtains
1872 2401 54 26 &c.

1206 2484 26 30 A
1248 2481 111 26 Choice
1376 2477 169 26 Collection
1562 2474 34 26 of
1610 2472 123 30 Gloves,
1759 2470 78 30 Ties,
1866 2468 131 31 Aprons,
2027 2465 166 26 Insertions
2211 2465 54 25 &c.

1206 2532 121 32 Striped
1343 2530 125 25 Galatea
1484 2528 55 32 4/6
1551 2531 55 26 per
1617 2526 107 28 dozen,
1754 2521 164 26 worthed,
1936 2524 56 26 per
2008 2518 85 30 yard.

1205 2598 103 26 Prints
1320 2595 80 26 from
1411 2593 53 25 4d.
1476 2597 56 27 per
1543 2590 84 32 yard.
1641 2588 139 30 Muslins,
1794 2585 139 31 Selesias,
1947 2583 126 32 Calicos,
2088 2581 54 27 &c.

1792 2629 89 26 With
1898 2628 88 25 other
2002 2626 195 25 Manchester
2213 2626 87 29 lines.

1205 2693 89 30 Hats,
1312 2690 104 31 Fancy
1433 2688 60 25 and
1510 2686 107 31 Sailor,
1635 2685 32 25 m
1683 2682 105 26 White
1804 2681 62 26 and
1882 2679 117 27 Colors.

1750 2726 127 26 Newest
1893 2724 125 31 Shapes.
2053 2721 97 31 Large
2166 2722 133 32 Variety,

1205 2789 149 28 Flowers,
1371 2785 156 28 Feathers,
1545 2782 149 29 Ribbons,
1714 2778 106 31 Laces,
1837 2777 77 31 Jets,
1933 2776 55 25 &c.

1678 2818 89 28 With
1783 2818 42 26 all
1841 2816 185 26 necessaries
2043 2815 48 26 for
2107 2813 192 31 Trimmings.

1204 2880 104 29 Fancy
1323 2877 142 29 Frillings
1482 2875 79 31 3yds
1571 2874 48 25 for
1628 2872 37 33 1/-
1682 2871 103 26 worth
1796 2869 50 31 9d,
1864 2873 56 27 per
1930 2867 85 32 yard,

1741 2914 185 29 Umbrellas,
1943 2912 153 30 Parasols,
2114 2909 184 31 Sunshades,

1349 2980 54 14 •mjw
1420 2980 40 13 mw
1462 2980 3 7 1
1481 2978 41 14 ■»»
1547 2977 40 13 mm
1606 2976 44 14 *w
1668 2976 42 13 *rw
1732 2975 36 14 *»
1796 2975 38 13 m*
1856 2974 41 13 **
1917 2974 42 13 mfw
1980 2973 37 12 *»
2105 2977 15 6 -^
2128 2977 12 6 -

1318 3017 336 46 SPECIAL
1740 3013 424 43 FTTBCBii.SE

1171 3093 111 36 BOYS
1313 3091 91 32 AND
1434 3087 174 34 YOUTHS
1646 3083 219 34 COLONIAL
1896 3082 156 32 TWEED
2078 3082 253 33 OVERCOATS

1656 3147 78 33 with
1755 3146 98 42 Capes

1447 3213 94 31 From
1564 3213 67 30 17s.
1675 3209 51 31 6d.
1771 3206 101 33 worth
1915 3206 67 31 255.
2029 3204 50 31 6d.

1323 3277 197 37 Men's
1564 3274 227 35 Tweed
1834 3272 351 35 Overcoats

1646 3329 97 30 From
1765 3328 66 30 15s.

1404 3421 677 54 Blankets

1169 3507 134 41 English
1317 3508 129 40 Witney
1454 3507 150 31 Blankets
1618 3509 35 27 to
1667 3507 38 30 be
1720 3505 69 32 sold
1803 3509 32 26 at
1845 3505 60 30 less
1913 3505 79 29 than
2005 3503 183 30 Melbourne
2201 3502 130 32 Whole-

1169 3559 64 30 sale
1254 3561 84 40 price
1340 3577 40 5 —
1380 3560 122 32 Double
1516 3558 70 32 Bed
1602 3557 69 32 Size
1694 3557 65 30 12s.
1785 3557 49 30 6d.
1884 3556 103 30 worth
2002 3556 67 29 16s.
2107 3554 50 31 6d.
2178 3564 58 30 per
2248 3554 78 41 pair.

1338 3629 131 40 cheaper
1482 3628 79 30 than
1576 3622 226 35 Christchurch
1815 3623 114 31 houses
1943 3621 66 32 will
2022 3621 59 31 sell
2095 3621 95 31 them.

1171 3722 299 80 MISSES'
1533 3719 260 80 CAPES
1845 3718 60 79 &
1964 3718 362 80 JACKETS

1228 3832 89 50 Tbs
1332 3832 166 49 Hewest
1527 3830 157 60 Sh3pes
1701 3829 110 49 from
1831 3827 31 49 3
1883 3827 33 49 6
1940 3829 144 48 worth
2102 3826 167 51 a<mbl«.

1173 3954 526 102 PRINTS!
1742 3957 493 89 PBINTS
2260 3957 61 89 !!

1252 4096 140 50 tetow
1409 4095 75 47 tea
1485 4092 77 53 W
1581 4097 105 49 cost,
1707 4092 185 49 Etfwartf
1913 4092 202 52 Bsaastts
2134 4094 117 50 $t*&

1173 4170 325 104 ROLLER
1564 4168 518 104 TOWELLING
2169 4173 157 94 4d.

1518 4313 143 50 worth
1679 4312 64 50 6d
1766 4323 73 50 Jsr
1857 4313 121 60 yard.

1178 4425 2 2 .
1208 4409 3 4 ■
1230 4415 21 6 ...
1286 4410 3 1 -
1307 4406 58 21 ■:.-fh
1370 4410 4 12 ;
1379 4409 17 20 :.
1412 4410 12 12 i!
1428 4413 3 3 .
1439 4401 104 22 ..:;■;■.•:
1559 4410 19 12 =.
1599 4406 2 14 :
1625 4412 17 15 ..
1658 4394 21 31 -?i
1690 4393 36 33 *g
1728 4412 7 13 ;
1740 4387 12 39 l
1813 4425 3 2 .
1838 4387 24 42 '..
2145 4425 2 2 .
2211 4391 3 2 '
2297 4426 3 2 .

605 544 268 49 GEORGE
906 542 235 47 KEATS.

630 622 158 27 BUILDER
797 621 71 25 AND
880 619 240 26 UNDERTAKER

708 675 105 31 EAST
854 674 181 30 OXFORD.

638 767 122 25 Funerals
768 765 151 28 Conducted,
932 764 89 24 Adults
1028 764 67 24 from
1105 763 38 23 £3

606 812 114 24 Children
739 810 65 24 from
823 809 69 31 22/6.

625 1006 222 24 ozxiiFOiiaiD

708 1051 214 29 Established
946 1047 89 30 1862.

654 1117 124 28 FLOUR,
790 1116 56 25 best
856 1113 81 26 brand
948 1112 59 32 only
1018 1111 69 32 kept.

605 1160 133 26 SHARPS
743 1178 6 10 ,
785 1158 52 25 0A
848 1158 18 23 T
875 1157 28 24 M
912 1156 79 28 EAL,
1026 1152 111 26 BRAN

695 1199 291 30 CHICKENWHEAT,
1006 1198 41 25 &c.

631 1247 41 20 AT
699 1245 122 21 LOWEST
850 1241 141 22 CURRENT
1018 1239 105 24 RATES,

693 1348 53 45 F.
778 1346 51 43 B.
852 1341 189 54 LANE.

709 1421 91 40 (Late
814 1419 39 30 E.
873 1416 160 38 Butcher.)

605 1482 250 31 Watchmaker,
885 1477 183 32 Jeweller,
1086 1473 51 30 &c.

604 1532 123 32 Importer
761 1530 27 24 of
828 1526 106 26 Musical
969 1524 171 25 Instruments

703 1567 111 26 Victoria
835 1565 38 27 St.
904 1564 135 30 Rangiora.

607 1659 98 31 Special
717 1658 70 24 value
809 1656 28 23 m
859 1654 81 24 Extra
963 1653 86 28 strong
1061 1648 80 26 Cased

604 1702 88 31 highly
700 1698 109 27 finished
823 1696 108 31 English
949 1695 80 24 Lever
1037 1692 103 26 Watch-

606 1753 35 17 es.
687 1740 191 29 Manufactured
895 1741 26 23 to
943 1746 43 23 my
1015 1736 71 26 order

606 1785 55 24 best
673 1783 105 25 London
796 1780 107 25 makers.
938 1775 158 32 Unequalled
1103 1775 39 24 for

607 1826 122 25 excellent
742 1822 178 31 Timekeeping
936 1820 50 24 and
997 1818 143 30 durability.

638 1869 30 25 F.
686 1868 32 25 B.
730 1865 96 27 LANE
839 1863 140 34 personally
1000 1861 72 26 visits
1093 1860 48 26 Ox-

605 1913 55 25 ford
680 1910 124 32 monthly,
829 1908 115 32 carrying
963 1915 15 16 a
1000 1906 70 31 large
1092 1904 50 25 and

606 1955 85 25 choice
725 1953 70 25 stock
824 1952 27 24 of
882 1950 128 27 Watches,
1039 1948 102 26 Chains,

605 1997 134 27 Brooches,
750 1995 88 31 Rings,
849 1993 86 28 Studs,
953 1990 129 26 Pendants
1094 1991 47 27 etc,

607 2040 141 32 Spectacles
770 2036 124 34 (Pebbles,
911 2035 169 30 Pantoscopsc
1092 2032 50 26 and

606 2083 109 32 Crystal)
729 2081 96 29 Clocks,
844 2079 109 33 (Marble
973 2077 50 25 and
1040 2076 102 32 Wood,)

705 2124 157 26 Accordeons
873 2122 51 25 and
935 2121 107 26 Violins.

637 2169 82 25 Exact
731 2168 58 24 date
800 2166 28 26 of
838 2165 62 26 each
911 2165 60 25 visit
993 2164 23 24 is
1027 2161 107 26 notified

753 2211 29 23 m

605 2256 115 24 Repairs.
722 2268 32 4 —
756 2253 42 25 All
809 2251 94 33 repairs
920 2258 43 17 are
980 2248 120 26 executed
1109 2247 32 32 by

605 2298 93 31 myself
718 2305 28 16 or
762 2296 80 24 under
858 2301 43 23 my
921 2292 222 32 superintendence

606 2349 28 17 so
655 2341 57 25 that
731 2340 103 31 patrons
846 2345 47 17 can
915 2336 52 32 rely
990 2342 33 18 on
1046 2333 97 33 getting

607 2383 155 26 satisfaction
771 2383 26 25 at
809 2381 43 25 the
863 2388 60 23 very
933 2380 87 24 lowest
1029 2378 112 31 charges.

638 2427 106 32 Repairs
756 2434 28 17 or
792 2425 85 25 orders
885 2431 59 24 may
954 2423 31 25 be
993 2421 46 26 left
1050 2423 27 23 at
1077 2435 34 4 —

605 2475 27 25 J.
649 2474 136 29 Weeber's,
819 2473 66 24 East
908 2470 101 26 Oxford.

605 2520 27 23 at
654 2518 42 25 W.
719 2517 37 24 M.
780 2516 38 27 C,
842 2515 65 25 East
931 2514 102 25 Oxiora.
1150 2512 2 24 !

605 2561 25 24 J.
647 2561 100 29 Brown,
760 2557 161 30 Bootmaker,
945 2556 72 26 West
1040 2554 102 26 Oxford.

604 2605 41 25 W.
658 2604 25 25 J.
696 2603 119 26 Crothers
825 2603 19 24 &
856 2601 45 26 Co.
910 2619 6 7 .
938 2600 71 26 Oust.

638 2648 50 24 and
705 2646 52 25 will
763 2646 30 24 be
804 2644 128 33 promptly
943 2642 119 26 attended
1073 2643 36 24 to.
1150 2648 2 26 j

606 2690 55 31 All
783 2689 78 30 done
873 2698 40 20 on
926 2688 55 29 the
992 2686 152 30 Premises

728 2742 62 29 and
805 2738 201 41 guaranteed.

644 2870 92 43 ■W\
783 2867 315 45 STOCKS,

601 2929 345 35 MONUMENTAL
967 2927 176 36 MASON,

725 2982 133 31 Madras
881 2980 128 35 Steeet,

643 3031 456 37 CHRISTCHURCH.

602 3128 162 29 TX7ISHES
781 3130 28 24 to
825 3128 89 25 inform
925 3133 101 26 persons
1043 3125 27 25 m
1078 3124 65 26 want

614 3169 29 22 H
692 3163 27 26 of
732 3162 169 25 Monumental
924 3161 76 24 Work
1028 3159 55 24 that
1110 3159 31 23 he

600 3198 96 24 intends
716 3199 26 21 to
763 3194 91 27 SELL
881 3193 64 26 HIS
978 3190 163 28 PRESENT

600 3229 117 26 LARGE
738 3227 120 30 STOCK,
875 3226 134 31 consisting
1025 3225 27 24 of
1063 3223 78 26 Gran-

599 3263 34 25 ite
651 3262 103 31 Marble,
779 3260 49 25 and
853 3260 69 24 other
949 3258 76 28 Stone
1053 3257 90 25 Monu-

600 3299 87 26 ments,
716 3298 27 21 at
771 3293 162 32 considerably
969 3290 171 27 REDUCED

600 3328 134 27 PRICES.
767 3328 58 24 Iron
842 3326 103 30 Fences,
963 3325 114 25 Concrete
1093 3324 49 25 and

602 3363 75 24 Stone
693 3361 126 30 Kerbings,
837 3360 102 24 reduced
949 3359 27 23 m
992 3358 73 30 price.
1099 3357 42 23 In-

600 3395 127 32 scriptions
745 3393 49 25 and
811 3392 35 26 all
861 3390 68 27 work
945 3391 26 24 m
999 3389 142 26 connection

601 3429 57 24 with
675 3429 42 24 the
733 3427 70 25 trade
814 3427 62 24 done
886 3425 27 25 m
924 3424 134 26 fir3t-class
1070 3424 70 31 style.

600 3461 77 31 Early
694 3460 135 31 inspection
846 3458 101 25 invited.
984 3457 97 27 Several
1089 3464 53 17 new

601 3495 62 24 lines
679 3495 76 29 lately
783 3491 103 26 arrived.
920 3490 55 32 Any
1003 3489 138 25 reasonable

601 3527 60 24 offer
677 3526 38 25 for
731 3526 41 24 the
790 3528 94 28 present
901 3524 71 24 stock
988 3523 51 24 will
1064 3521 78 26 result

600 3560 26 24 m
643 3568 15 16 a
675 3560 60 24 sale.
769 3558 78 25 Want
870 3558 27 24 to
913 3557 94 24 realise.

604 3667 92 40 MR
716 3666 65 43 W.
806 3666 52 42 N.
881 3664 259 47 CATHRO,

645 3738 182 23 BARRISTER
841 3737 69 22 AND
926 3735 175 24 SOLICITOR.

755 3779 234 32 EANGIORA.

602 3831 133 33 Attends
750 3831 123 33 Oxford
887 3841 40 21 on
938 3831 98 31 Court
1044 3829 97 42 Days.

602 3905 168 27 Instructions
778 3904 34 33 by
822 3906 57 31 post
890 3904 53 26 will
953 3904 94 25 receive
1058 3910 83 25 prom-

767 3944 28 31 pt
824 3942 133 26 attention.

723 3991 109 21 MONEY
859 3990 39 21 TO
926 3989 89 21 LEND.

650 4102 46 53 S.
729 4102 50 45 B.
802 4099 309 53 SEYMOUR,

800 4168 141 27 DENTIST,

642 4210 42 21 215
698 4210 106 22 Colombo
819 4203 82 31 Street,
924 4199 171 32 Christchurcii.

770 4281 180 23 CHARGES:—

668 4323 95 27 Pilling,
778 4323 40 26 se;
851 4323 135 21 Extraction
995 4323 26 20 2s
1034 4321 38 22 6&.
1100 4328 3 5 •

597 4401 14 9 «.
626 4388 95 21 Nitrous
731 4386 60 23 Oxid
800 4386 46 22 Gas
855 4386 170 22 Administered
1029 4386 39 21 for
1072 4385 69 21 Pain-

597 4429 47 22 less
654 4428 135 22 Extraction
798 4427 25 21 of
831 4427 81 22 Teeth.
946 4429 46 21 Fee
1000 4427 39 22 fear
1046 4426 94 22 Admin-

598 4467 110 22 istration
719 4467 32 21 ss.
943 4469 6 15 t
990 4485 2 3 ,
1091 4459 5 7 '
1125 4470 13 13 •=•

722 4490 3 6 :
788 4490 16 15 .:
818 4494 1 1 ■
841 4495 1 2 '
915 4496 14 8 :•■
944 4499 2 1 •
980 4487 22 18 il'
1014 4492 12 12 -7
1071 4493 5 5 ••
1083 4493 11 12 I;
1117 4496 2 5 ■
1145 4496 1 1 •

149 205 20 14 '"
186 211 251 48 NOTICE.

30 312 100 43 Job
148 311 235 55 Printing
395 312 10 42 !

204 378 100 44 Job
329 376 246 55 Printing

73 441 174 30 OXFOKD
304 439 195 31 OBSERVE
507 438 28 29 E

113 490 162 39 Machine
306 489 181 48 Printing-

211 541 169 38 WORKS

98 602 90 24 MAIN
202 601 144 27 STREET,
357 600 152 24 OXFORD.

101 678 129 36 TjWE
283 679 63 34 T>
349 675 154 25 BINTING

77 752 38 30 In
130 752 74 39 Any
233 750 128 40 Variety
376 760 35 19 or
437 748 96 37 Style.

35 845 71 24 THE
137 844 115 24 CHEAP
281 842 122 24 MONEY
424 839 151 27 SCHEME.

72 936 121 24 Whether
205 943 89 21 money
306 934 22 23 is
340 935 25 22 to
384 932 31 25 be
432 930 143 25 considered

35 987 28 17 as
75 979 95 30 having
183 986 31 15 an
226 977 112 24 intrinsic
360 976 82 27 value,
455 982 27 16 or
494 982 28 16 as
533 973 41 25 be-

38 1023 44 29 ing
92 1030 14 15 a
118 1020 157 31 commodity,
284 1027 15 16 a
306 1018 125 27 standard,
441 1025 14 16 a
465 1024 110 17 measure

39 1073 28 16 or
85 1073 14 15 a
111 1064 117 31 pledge—
231 1071 26 16 as
271 1063 21 23 is
304 1062 122 30 variously
443 1059 132 32 suggested

43 1113 31 26 t>y
86 1109 91 23 writers
181 1122 28 2 —
212 1107 49 24 and
272 1106 110 25 whether
393 1106 42 23 the
456 1106 54 22 true
520 1103 55 25 idea

42 1151 28 25 of
79 1158 87 23 money
169 1165 29 2 —
201 1158 27 16 as
240 1149 60 25 sueh
302 1164 30 2 —
334 1149 30 23 be
376 1150 45 23 not
440 1148 135 30 altogether

42 1193 56 25 that
111 1194 24 23 of
147 1201 15 15 a
174 1192 73 24 ticket,
257 1200 27 16 or
292 1192 119 23 counter?

209 1236 21 23 it
238 1235 60 25 doth
309 1236 44 23 not
365 1235 63 23 have
440 1233 77 24 much,
531 1233 44 23 im-

43 1282 54 29 port
112 1282 25 22 to
160 1279 63 24 have
245 1287 15 16 a
288 1278 67 31 right
384 1277 145 30 conception
551 1275 24 24 of

43 1331 88 22 money
141 1323 10 22 ?
164 1322 49 23 and
223 1321 111 24 whether
344 1321 32 23 its
389 1322 55 21 true
464 1319 49 23 and
522 1318 53 31 just

42 1365 55 24 idea
108 1365 31 23 be
150 1366 44 22 not
212 1364 56 24 that
280 1363 25 24 of
315 1371 15 15 a
349 1362 75 24 ticket
437 1369 26 16 or
475 1364 100 21 counter

43 1409 115 29 entitling
167 1409 25 22 to
204 1414 88 23 power,
312 1405 50 24 and
372 1404 73 25 fitted
457 1405 24 23 to
493 1402 82 26 record

43 1452 49 23 and
104 1450 105 25 transfer
222 1451 91 30 power?

211 1500 79 24 power
302 1493 24 22 to
339 1490 133 25 command
484 1490 41 23 the
537 1489 37 24 in-

44 1538 84 31 dustry
141 1536 26 26 of
177 1536 83 25 others
284 1535 29 25 be
333 1536 45 24 not
390 1534 51 25 real
463 1532 90 26 wealth
564 1532 11 23 ?

43 1581 50 23 and
104 1579 110 25 whether
230 1586 86 22 money
339 1578 31 23 be
390 1578 45 22 not
456 1576 28 23 m
506 1575 69 24 truth

42 1624 88 25 tickets
143 1632 27 16 or
179 1623 85 25 tokens
285 1621 37 25 for
333 1619 135 33 conveying
478 1618 49 25 and
538 1627 37 16 re-

43 1668 103 30 cording
157 1666 59 23 such
229 1673 81 23 power
318 1665 13 22 ?
354 1665 48 22 and
423 1662 111 25 whether
556 1662 19 23 it

42 1710 31 22 be
85 1709 26 23 of
120 1709 70 30 great
202 1713 167 25 consequence
376 1706 68 24 what
451 1704 124 24 materials

44 1752 43 25 the
99 1752 88 25 tickets
200 1759 39 16 are
250 1750 73 24 made
336 1749 43 25 of?

210 1793 77 28 trade,
301 1792 79 24 either
391 1791 95 30 foreign
498 1798 27 16 or
536 1790 39 23 do-

43 1837 94 28 mestic,
148 1835 29 24 be
189 1836 27 23 m
228 1835 68 24 truth
309 1842 48 21 any
369 1840 68 18 more
454 1832 64 25 than
529 1832 46 24 this

43 1883 134 18 commerce
189 1874 26 26 of
221 1874 134 31 industry?

208 1921 25 22 to
251 1918 120 31 promote,
394 1915 111 30 transfer,
529 1914 46 25 and

44 1969 85 16 secure
138 1961 50 24 this
198 1967 137 17 commerce
347 1960 48 23 and
404 1958 50 25 this
462 1959 113 29 property

43 2004 27 23 m
85 2004 96 23 human
192 2002 95 29 labour,
299 2009 35 21 or,
346 2000 28 25 m
395 1999 71 26 other
487 1999 88 31 words,

42 2047 52 24 this
106 2054 81 24 power
198 2046 30 24 bs
239 2047 44 23 not
294 2046 43 23 the
345 2046 51 23 sole
407 2051 87 17 means
502 2044 25 24 of
534 2051 41 16 en-

42 2089 99 31 riching
152 2097 15 16 a
177 2088 86 31 people
282 2088 48 24 and
342 2087 56 26 how
409 2087 38 25 far
459 2087 49 24 this
518 2094 57 23 may

42 2132 30 24 be
85 2133 60 23 done
157 2131 191 31 independently
360 2130 26 25 of
395 2129 58 32 gold
472 2129 50 24 and
534 2129 41 25 sil-

40 2183 42 16 ver
92 2176 11 22 ?

75 2216 122 26 Whether
208 2223 15 17 a
234 2216 112 24 national
365 2222 120 24 currency
496 2214 79 25 would

42 2261 45 23 not
98 2260 31 24 be
143 2267 68 17 more
233 2258 130 25 beneficial
386 2258 63 24 than
471 2265 63 17 even
562 2265 13 16 a

43 2302 143 31 gold-mine,
200 2301 50 23 and
261 2301 112 24 whether
381 2300 56 24 that
445 2300 30 23 be
483 2302 42 21 not
534 2300 41 23 the

43 2347 56 22 true
110 2343 177 33 philosopher's
304 2345 71 22 stone
397 2343 26 24 m
452 2350 15 16 a
491 2341 71 25 State
571 2350 4 21 ;

42 2388 50 25 and
114 2387 110 26 whether
251 2395 91 23 money
371 2386 82 25 would
475 2394 57 16 ever
549 2387 26 22 be

41 2432 111 31 wanting
163 2432 26 23 to
201 2431 41 23 the
254 2430 118 24 demands
385 2430 27 24 of
430 2429 115 31 Industry
557 2429 18 24 if

40 2482 37 18 we
88 2475 63 24 have
164 2481 14 17 a
189 2474 114 24 national
314 2472 66 25 bank
390 2474 12 22 ?

337 2516 97 24 Bishop
449 2515 126 23 Berkley.

96 2632 108 24 CHILD
216 2631 108 24 BIRTH
337 2630 95 29 SAFE,
445 2630 75 24 AND

146 2674 138 24 ALMOST
293 2672 172 25 PAINLESS

37 2717 93 65 BY
176 2716 73 33 using
285 2715 48 27 DR
378 2714 197 27 FAWCETT'S

140 2750 131 25 Medicine.

72 2792 71 24 MRS
166 2791 165 25 BURRELL
353 2791 59 31 begs
435 2792 27 23 to
484 2790 90 25 inform

38 2829 44 26 the
94 2829 90 25 Ladies
196 2829 56 25 that
261 2829 44 25 she
313 2829 47 24 has
369 2828 63 25 been
441 2827 131 32 appointed

36 2870 58 25 Sole
115 2871 73 31 agent
210 2869 27 25 m
261 2868 177 27 Christchurch
465 2868 38 25 for
529 2868 44 25 the

36 2909 77 24 above
125 2908 125 24 Medicine
261 2909 26 23 to
302 2907 117 24 facilitate
433 2906 139 25 Accouche-

33 2949 89 23 ments.
157 2947 90 24 Ladies
259 2955 47 16 can
328 2947 31 24 be
380 2946 113 32 supplied
512 2946 60 24 with

33 2985 43 25 the
99 2985 75 24 above
196 2983 33 33 by
254 2983 104 33 sending
381 2992 28 17 or
431 2983 92 33 calling
546 2985 26 23 at

34 3025 41 24 Mr
97 3025 122 24 Burrell's
242 3025 181 31 Photographic
445 3024 72 32 place
547 3023 28 26 of

33 3064 124 27 business,
170 3063 106 26 Gould's
298 3063 132 33 Buildings
432 3082 6 11 }
460 3063 112 26 Victoria

35 3103 89 30 Street,
138 3102 182 29 Christchurch,
339 3102 83 24 where
441 3102 34 24 all
494 3102 77 25 infor-

32 3143 98 25 mation
158 3150 46 17 can
231 3142 32 26 be
291 3142 116 26 obtained
434 3142 58 29 free,
522 3142 50 26 and

32 3182 119 31 perfectly
193 3181 157 31 satisfactory
381 3180 50 25 and
465 3181 106 31 genuine

32 3218 170 26 testimonials
214 3226 47 17 can
271 3218 32 25 be
313 3225 66 18 seen.

34 3348 175 30 OXFORD
253 3350 189 30 LIBBARY
483 3350 89 31 AND

129 3397 196 32 BEADING
344 3399 132 32 BOOM.

37 3497 53 26 The
120 3498 92 25 Oxford
238 3499 105 32 Library
370 3501 23 25 is
419 3509 63 23 open
504 3511 69 24 every

38 3540 112 33 Tuesday
162 3541 50 24 and
233 3541 121 34 Saturday
383 3543 96 32 nights,
507 3545 65 25 from

38 3584 13 22 6
66 3584 31 23 30
109 3591 69 23 p.m.,
200 3585 24 23 to
245 3585 16 23 8
271 3592 72 23 p.m.,
366 3586 50 24 and
447 3594 33 17 on
503 3596 71 24 every

37 3625 121 25 alternate
169 3626 131 32 Thursday
324 3627 139 31 afternoon,
493 3630 80 33 (Sale-

37 3667 71 33 days)
131 3669 64 24 from
207 3670 61 25 230
278 3677 66 25 p.m..
360 3672 26 24 to
398 3673 14 24 5
424 3679 60 25 p.m.
522 3674 52 25 The

37 3711 113 33 Reading
162 3712 78 25 Room
252 3714 21 24 is
285 3721 64 24 open
371 3716 27 24 to
420 3715 44 25 the
489 3717 85 31 public

36 3754 60 33 free)
102 3755 65 32 daily
179 3756 65 24 from
251 3758 29 22 11
293 3765 71 20 a.m.,
386 3762 26 21 to
437 3759 136 30 Sundown,

36 3798 128 33 (Sundays
193 3799 126 33 excepted)
355 3801 49 24 and
444 3801 71 26 when
531 3803 43 26 the

35 3841 104 34 Library
176 3843 22 25 is
233 3851 72 25 open,
340 3844 42 26 the
419 3845 154 33 circulating,

37 3885 104 32 Library
153 3886 111 26 contains
277 3888 75 28 1,700
362 3888 121 30 volumes,
508 3898 66 17 coin-

37 3929 95 30 prising
143 3937 40 16 :—
184 3929 110 32 History,
315 3930 109 31 Science,
458 3932 116 33 Theoogy

38 3972 146 31 Biography,
225 3973 85 24 Travel
343 3974 50 24 and
421 3974 151 36 Adventure,

38 4013 79 26 Books
127 4015 39 24 for
177 4015 42 25 the
240 4016 92 32 Young
344 4017 41 24 &c.
421 4017 58 26 This
501 4018 23 26 is
547 4027 27 16 a-

39 4060 96 30 mongst
157 4059 44 26 the
212 4059 92 33 largest
327 4060 50 25 and
388 4061 56 25 best
467 4062 104 26 selected

37 4102 102 32 Library
151 4103 26 23 m
207 4104 61 24 New
280 4104 119 25 Zealand.
434 4105 22 24 A
465 4106 108 25 number

39 4144 81 26 ifnew
143 4146 76 25 books
242 4147 49 25 will
313 4146 96 33 shortly
429 4147 30 25 be
482 4148 89 26 added.

39 4189 47 24 The
98 4189 151 25 Committee
272 4190 49 25 will
332 4191 30 24 be
373 4191 56 30 glad
440 4193 27 23 to
478 4192 94 25 receive

39 4232 174 24 jontributions
238 4232 28 25 of
291 4233 106 24 suitable
421 4234 78 25 books
522 4235 50 24 and

39 4274 135 26 )eriodicals
197 4275 38 26 for
245 4276 43 25 the
299 4275 107 34 Library
426 4276 51 26 and
489 4277 81 26 Read-

40 4327 36 24 ng
103 4326 78 18 room.

223 4359 25 22 L.
265 4359 126 32 REEVES,

313 4397 68 26 Hon.
393 4398 142 26 Librarian.

82 4441 178 25 Subscription
272 4441 38 32 2/-
322 4449 50 17 PEn
391 4441 128 31 Quaeteb.
