4260 5920
2464 4299 150 38 Mount
2656 4297 158 47 Benger
2856 4294 115 38 Mail.

2595 4397 63 19 JUST
2676 4396 55 19 AND
2751 4395 67 19 FEAR

2527 4474 117 26 FRIDAY,
2661 4473 141 21 JANUARY
2819 4472 32 26 28,
2872 4471 54 22 1898.

2517 4574 136 49 Sunday
2681 4571 232 42 Observance.

2440 4656 61 27 The
2556 4651 138 29 Christian
2719 4649 148 35 Outlook/'
2894 4649 95 28 misled

2441 4696 37 31 bv
2492 4694 46 29 the
2561 4691 155 40 ambiguity
2741 4690 28 29 of
2794 4701 16 17 a
2835 4689 155 38 paragraph

2442 4736 89 28 which
2540 4732 135 39 appeared
2685 4732 28 27 in
2724 4731 47 28 the
2812 4730 89 37 Otago
2910 4729 80 37 Daily

2578 4773 49 27 has
2641 4775 49 33 got
2702 4771 58 29 into
2781 4780 16 18 a
2816 4770 118 28 ferment
2955 4779 35 18 on

2444 4817 46 29 the
2503 4813 108 40 subject
2624 4813 29 29 of
2665 4812 47 30 the
2722 4812 53 30 due
2784 4811 165 29 observance
2962 4810 30 30 of

2444 4858 45 28 the
2516 4854 133 35 Sabbath,
2672 4853 88 29 which
2779 4852 22 28 it
2823 4851 120 28 declares
2960 4855 28 24 to
2998 4851 1 38 ,

2444 4898 69 28 have
2526 4896 69 28 been
2620 4892 119 30 violated
2755 4892 37 38 by
2805 4891 47 29 the
2867 4890 126 29 Minister

2444 4938 29 29 of
2504 4935 97 30 Public
2626 4933 105 30 Works
2755 4932 54 29 and
2833 4931 78 29 those
2933 4931 59 29 who

2444 4975 193 39 accompanied
2659 4975 56 28 him
2729 4974 102 33 during
2845 4972 40 27 his
2899 4976 93 24 recent

2444 5018 65 29 visit
2529 5021 28 25 to
2578 5016 53 29 this
2644 5014 117 29 district.
2800 5012 57 29 The
2912 5011 80 38 Daily

2445 5058 91 29 Times
2586 5055 89 30 stated
2689 5054 60 30 that
2761 5064 34 18 on
2816 5052 116 35 Sunday
2946 5052 46 28 the

2445 5099 74 28 Hon.
2534 5097 45 29 Mr
2592 5094 165 30 Hall-Jones
2777 5092 53 29 and
2851 5096 82 33 party
2951 5103 28 17 ar-

2445 5137 77 30 rived
2536 5137 28 29 in
2578 5134 153 38 Koxburgh
2744 5134 70 28 from
2828 5131 98 29 Heriot
2938 5131 54 29 and

2446 5178 104 29 Millers
2576 5176 71 35 Flat,
2661 5175 54 28 and
2741 5177 71 25 went
2837 5183 35 17 on
2894 5175 29 24 to
2945 5182 47 27 say

2447 5219 64 37 they
2524 5226 71 20 were
2616 5219 57 25 met
2694 5215 37 37 by
2752 5225 15 17 a
2792 5212 157 39 deputation
2964 5212 30 28 of

2446 5259 48 29 the
2541 5256 98 30 Heriot
2652 5272 11 6 -
2676 5253 152 38 Roxburgh
2873 5252 58 27 Kail
2937 5261 57 28 way

2447 5299 110 37 League
2570 5300 28 25 at
2611 5293 215 35 Dunrobin,who
2837 5291 66 29 with
2917 5292 73 28 them

2447 5336 142 40 inspected
2601 5336 48 28 the
2670 5334 65 30 Moa
2758 5333 61 29 Flat
2841 5335 87 25 estate
2939 5331 54 28 and

2447 5378 47 28 the
2504 5375 134 40 proposed
2647 5374 108 37 railway
2764 5371 142 30 extension
2916 5374 77 25 route

2446 5416 72 30 from
2543 5415 99 31 Heriot
2666 5418 28 26 to
2724 5411 161 39 Koxburgh.
2924 5410 52 29 Fur-

2449 5458 71 35 ther,
2532 5457 61 27 that
2605 5456 47 28 the
2666 5454 89 29 works
2779 5453 28 27 in
2832 5451 159 29 connection

2450 5496 67 29 with
2530 5496 47 28 the
2590 5505 59 19 new
2659 5494 99 38 bridge
2776 5495 29 25 at
2819 5491 105 28 Millers
2940 5490 59 28 Flat

2451 5546 71 20 were
2532 5536 98 37 briefly
2640 5533 154 36 examined,
2802 5531 54 29 and
2865 5531 47 29 the
2920 5535 79 34 party

2451 5576 149 30 continued
2613 5576 72 29 their
2694 5574 117 39 journey
2824 5583 34 18 on
2879 5571 120 38 Monday

2452 5616 135 37 morning.
2626 5614 91 29 Based
2740 5624 35 18 on
2795 5613 77 28 theee
2893 5611 106 36 alleged

2454 5656 70 28 facts
2538 5666 65 18 over
2614 5658 54 26 two
2681 5654 122 29 columns
2812 5652 28 29 of
2853 5651 130 29 denuncia-

2452 5696 59 29 tion
2524 5696 29 28 of
2565 5696 46 28 Mr
2623 5694 165 30 Hall-Jones
2797 5693 53 28 and
2864 5691 42 29 his
2919 5695 78 34 party

2453 5736 137 38 appeared
2621 5736 28 27 in
2673 5735 47 28 the
2954 5731 45 28 the

2454 5776 97 30 Editor
2572 5774 106 39 stating
2701 5774 61 31 that
2785 5773 35 29 he
2844 5771 103 30 wished
2972 5767 27 32 to'

3009 212 64 39 give
3086 212 47 30 the
3147 214 101 26 matter
3260 209 100 36 special
3373 209 183 40 prominence,

3009 253 54 28 and
3093 253 49 28 the
3168 252 95 28 article
3295 249 146 30 concludes
3501 249 56 27 The

3012 292 138 30 Christian
3163 292 132 29 churches
3307 291 28 28 in
3349 291 46 28 the
3409 289 108 29 district
3531 288 28 29 of

3012 344 79 28 every
3107 332 203 30 denomination
3331 331 98 29 should
3451 333 28 25 at
3493 339 67 19 once

3013 375 64 28 take
3109 377 75 34 steps
3209 376 28 26 to
3258 372 73 29 issue
3356 382 15 17 a
3397 374 96 34 strong
3518 379 28 19 re-

3013 417 174 27 monstrance
3201 412 109 38 against
3322 412 55 28 this
3390 411 117 29 insolent
3520 420 28 18 in-

3015 456 93 28 vasion
3135 454 29 29 of
3194 453 71 29 their
3293 462 125 19 common

3016 496 78 33 Now,
3108 495 74 28 what
3194 505 45 18 are
3252 494 47 28 the
3320 492 55 30 real
3390 492 71 28 facts
3476 491 27 29 of
3516 491 47 28 the

3016 546 61 20 case
3088 536 11 29 ?
3138 535 111 37 Firstly,
3282 534 46 28 the
3357 533 127 29 Minister
3509 541 54 18 was

3017 579 46 26 not
3077 579 54 25 met
3145 577 35 35 by
3195 585 51 26 any
3272 574 160 37 deputation
3446 577 28 23 at
3488 572 57 27 Dun-

3018 617 77 29 robin
3115 626 30 18 or
3168 614 144 30 elsewhere
3326 624 33 18 on
3376 612 111 38 Sunday
3500 611 4 39 :
3530 611 35 28 he

3018 668 54 18 was
3098 659 55 25 met
3180 656 36 37 by
3240 655 47 29 the
3307 654 122 38 Railway
3454 653 110 38 League

3018 696 158 40 deputation
3201 701 29 23 at
3252 695 142 29 Dunrobin
3422 705 34 18 on
3471 694 78 28 Satur-

3019 738 61 37 day.
3120 736 145 37 Secondly,
3285 736 32 27 he
3331 735 47 28 did
3401 737 46 26 not
3459 734 106 38 inspect

3019 780 46 27 the
3075 778 63 28 Moa
3148 776 63 29 Flat
3222 780 85 25 estate
3317 776 66 28 with
3394 776 46 28 the
3451 776 97 37 deputa-

3020 820 57 27 tion
3102 828 34 18 on
3163 817 130 36 Sunday:
3326 817 60 27 that
3420 816 56 28 also
3500 815 66 29 took

3021 860 75 36 place
3110 868 35 18 on
3159 856 144 35 Saturday.
3342 856 122 38 Thirdly,
3476 856 33 28 he
3519 855 46 29 did

3021 901 46 25 not
3098 907 68 18 even
3383 896 106 37 inspect
3520 895 47 28 the

3023 937 104 29 Millers
3147 936 61 28 Flat
3227 936 97 38 bridge
3339 936 88 28 works
3441 947 35 17 on
3496 934 53 29 Sun-

3023 978 52 38 day
3091 990 5 16 :
3117 978 34 28 he
3163 977 46 28 did
3223 987 28 18 so
3265 987 33 18 on
3316 976 143 38 Saturday.
3499 976 51 28 Fur-

3023 1020 145 34 thermore,
3218 1018 47 28 the
3303 1018 126 28 Minister
3479 1017 86 29 stated

3023 1060 26 27 in
3091 1059 76 37 reply
3211 1062 28 24 to
3277 1068 16 18 a
3330 1068 85 27 query
3453 1061 29 25 to
3512 1058 54 26 him

3025 1099 59 28 that
3122 1099 33 27 he
3187 1097 90 29 would
3303 1103 48 22 not
3382 1097 103 28 receive
3516 1107 51 26 any

3025 1138 159 39 deputation
3209 1148 35 18 on
3272 1138 120 36 Sunday,
3412 1136 55 28 and
3492 1136 78 28 made

3025 1190 16 16 a
3066 1178 118 38 practice
3216 1178 28 28 of
3275 1181 49 23 not
3348 1177 85 37 doing
3455 1187 38 17 so.
3534 1176 36 28 So

3026 1219 81 28 much
3129 1218 44 28 for
3194 1218 48 28 the
3294 1216 118 30 Outlook
3469 1216 102 35 article,

3027 1260 52 28 and
3093 1260 27 26 in
3135 1259 46 27 the
3200 1258 127 27 interests
3346 1258 29 27 of
3388 1257 117 37 fairplay
3517 1257 53 27 and

3024 1299 100 39 justice
3145 1298 23 28 it
3188 1300 72 25 must
3282 1296 35 28 be
3338 1296 58 28 said
3411 1297 56 27 -the
3490 1307 84 27 paper

3028 1339 97 30 should
3151 1338 34 28 be
3211 1336 101 30 careful
3337 1340 29 25 to
3390 1336 88 38 verify
3503 1336 72 30 their

3028 1380 70 28 facts
3124 1378 95 29 before
3243 1376 129 39 levelling
3394 1388 15 16 a
3434 1377 88 29 tirade
3545 1377 30 29 of

3028 1421 85 27 abuse
3126 1423 28 23 at
3167 1418 137 37 anybody,
3324 1428 66 17 even
3407 1417 22 27 if
3441 1418 21 27 it
3474 1418 23 28 is
3510 1418 63 37 only

3029 1460 108 38 against
3150 1468 16 18 a
3208 1462 53 24 two
3275 1467 64 29 year
3352 1456 45 30 old
3411 1457 126 29 Minister
3547 1458 28 28 of

3030 1501 97 29 Public
3295 1500 88 27 whom
3432 1509 16 17 a
3467 1500 107 28 curious

3029 1543 78 35 irony
3121 1540 28 29 of
3159 1540 56 28 fate
3235 1539 53 28 had
3302 1539 78 29 made
3401 1549 15 19 a
3435 1549 97 28 person
3547 1540 28 28 of

3030 1592 73 19 some
3125 1579 213 39 consequence''.
3385 1579 80 35 Now,
3486 1580 22 28 if
3528 1580 47 28 the

3056 1621 138 29 Christian
3423 1623 86 25 wants
3560 1632 15 15 a

3030 1661 118 35 genuine
3170 1660 98 28 breach
3293 1659 29 29 of
3345 1659 111 39 Sunday
3483 1660 76 28 obser-

3028 1712 85 19 vance
3133 1705 28 24 to
3184 1700 81 28 make
3285 1711 15 17 a
3324 1700 112 28 crusade
3458 1701 117 36 against,

3027 1742 54 28 and
3103 1745 48 24 not
3172 1750 15 18 a
3212 1740 128 28 fictitious
3366 1749 70 25 case,
3462 1749 40 19 we
3524 1749 49 19 can

3026 1782 106 29 furnish
3147 1781 73 29 them
3235 1780 65 28 with
3314 1790 50 18 one
3378 1780 106 38 worthy
3498 1780 29 29 of
3540 1780 33 29 all

3025 1825 71 28 their
3103 1832 105 28 powers
3218 1821 29 28 of
3255 1820 201 30 denunciation.
3496 1821 74 36 They

3024 1874 46 18 are
3083 1861 132 40 probably
3229 1870 87 18 aware
3335 1860 61 28 that
3408 1860 35 27 all
3455 1860 117 37 dredges

3025 1916 29 18 as
3068 1903 60 30 well
3148 1913 29 18 as
3197 1901 107 39 mining
3327 1900 93 29 claims
3443 1901 29 28 of
3491 1911 82 27 every

3025 1947 68 28 kind
3109 1946 39 35 (at
3161 1943 35 28 all
3216 1947 96 23 events
3325 1942 83 38 along
3427 1942 47 28 the
3487 1943 87 28 whole

3024 1987 88 36 valley
3126 1984 29 30 of
3163 1984 46 27 the
3220 1982 110 37 Clutha)
3344 1982 74 28 work
3429 1983 81 38 night
3519 1982 54 29 and

3025 2027 52 38 day
3099 2023 170 39 throughout
3293 2023 48 28 the
3363 2022 76 29 week
3462 2023 52 29 and
3538 2034 33 19 on

3026 2067 135 35 Saturday
3201 2067 29 24 at
3267 2063 137 37 midnight
3441 2063 47 29 the
3520 2064 53 28 last

3154 2117 31 18 or
3197 2114 76 29 gang
3282 2103 28 30 of
3322 2113 60 19 men
3396 2114 76 19 cease
3485 2104 85 35 work,

3025 2150 47 28 the
3092 2150 67 26 next
3178 2147 68 28 shift
3265 2144 110 38 coming
3397 2155 35 18 on
3454 2149 29 24 at
3505 2145 51 27 mid-

3026 2189 81 38 night
3135 2197 34 19 on
3204 2185 112 37 Sunday
3347 2184 89 38 night.
3489 2185 87 30 What

3028 2230 101 30 chance
3148 2228 70 29 have
3244 2226 67 29 such
3332 2236 62 18 men
3413 2225 30 29 of
3464 2226 111 38 Sunday

3029 2271 167 29 observance
3216 2267 28 29 of
3260 2277 53 27 any
3333 2265 78 36 kind,
3431 2271 98 34 except
3549 2270 28 25 to

3030 2314 55 26 rest
3098 2309 72 29 their
3183 2307 115 30 wearied
3316 2306 95 29 bodies
3423 2307 54 28 and
3498 2307 80 29 make

3031 2363 36 27 up
3080 2352 43 28 for
3135 2350 55 28 loss
3203 2349 29 29 of
3249 2349 83 36 sleep.
3373 2347 86 29 These
3474 2358 69 25 men,
3557 2346 22 29 if

3032 2393 64 36 they
3110 2390 97 30 ceased
3226 2389 85 35 work,
3326 2399 56 26 say,
3396 2391 28 26 at
3444 2390 16 27 8
3474 2388 105 30 o'clock

3032 2444 34 18 on
3077 2429 501 39 Saturdayeveningandcommenced

3033 2473 81 38 again
3126 2475 29 25 at
3177 2472 16 28 8
3202 2481 63 18 a.m.
3286 2480 35 18 on
3342 2469 120 37 Monday
3483 2469 70 28 have
3566 2479 15 17 a

3032 2513 103 29 chance
3147 2515 28 25 to
3195 2510 96 30 attend
3305 2509 92 29 divine
3418 2509 103 29 service
3544 2519 35 19 on

3035 2554 122 38 Sunday,
3170 2552 22 29 if
3201 2552 65 37 they
3277 2562 29 18 so
3319 2550 117 29 desired.
3476 2551 74 28 Here
3561 2549 20 29 is

3034 2606 15 17 a
3074 2594 153 38 legitimate
3255 2591 179 38 opportunity
3459 2591 43 27 for
3533 2591 47 27 the

3227 2632 22 28 if
3270 2631 71 29 their
3364 2631 56 28 zeal
3442 2631 23 29 is
3485 2634 48 26 not
3545 2630 35 28 all

3033 2674 145 40 expended
3197 2685 35 17 on
3253 2674 47 26 the
3322 2672 137 37 supposed
3481 2672 84 27 misdo-

3033 2717 62 35 ings
3133 2715 30 29 of
3187 2714 47 28 the
3265 2712 128 29 Minister
3423 2712 30 29 of
3484 2711 96 29 Public

3034 2756 111 29 Works.
3185 2755 75 36 Very
3273 2763 91 27 many,
3382 2763 39 17 we
3436 2753 88 37 might
3535 2762 46 27 say

3033 2798 46 28 the
3100 2796 127 39 majority
3246 2793 29 29 of
3288 2794 77 28 these
3383 2792 108 38 mining
3512 2803 51 17 con-

3033 2848 86 25 cerns,
3143 2846 45 19 are
3213 2834 150 30 controlled
3389 2833 36 38 by
3451 2832 128 29 Dunedin

3033 2880 186 31 directorates,
3232 2886 30 18 or
3275 2875 36 37 by
3324 2874 78 29 those
3415 2874 59 28 who
3489 2873 91 29 would

3032 2919 34 26 be
3096 2915 154 31 influenced
3281 2915 37 37 by
3350 2914 47 28 the
3427 2914 91 28 action
3552 2912 29 28 of

3032 2958 128 27 Dunedin
3190 2965 62 18 men
3283 2954 27 28 in
3335 2954 67 28 such
3433 2963 16 17 a
3472 2956 108 26 matter.

3033 2997 87 27 These
3131 2994 126 30 Dunedin
3271 2993 157 38 gentleman
3441 2992 140 28 doubtless

3032 3036 95 30 attend
3159 3034 101 30 church
3289 3034 29 26 in
3349 3032 157 28 broadcloth
3544 3043 33 17 on

3033 3078 121 36 Sunday,
3163 3075 53 29 and
3230 3074 116 37 mayhap
3357 3072 71 28 their
3438 3072 125 29 contribu-

3031 3118 58 28 tion
3108 3121 28 24 to
3150 3116 47 29 the
3215 3114 142 28 collection
3371 3113 73 38 plate
3470 3112 23 28 is
3515 3123 48 18 con-

3032 3157 143 29 siderable.
3213 3155 82 29 Their
3316 3153 179 38 Christianity
3514 3153 64 29 does

3031 3200 48 25 not
3102 3197 134 32 however,
3251 3194 101 28 extend
3373 3197 28 24 to
3424 3193 139 27 considera-

3030 3237 57 29 tion
3108 3236 28 30 of
3149 3236 46 30 the
3214 3234 125 40 question
3359 3245 30 17 as
3408 3236 29 27 to
3458 3233 121 29 whether

3030 3279 72 27 their
3121 3278 163 37 neighbour,
3298 3276 60 28 who
3371 3275 23 29 is
3415 3274 112 37 delving
3536 3274 43 28 for

3030 3318 75 29 them
3116 3318 28 28 in
3156 3319 45 27 the
3212 3316 70 29 back
3292 3315 105 36 blocks,
3406 3325 48 19 can
3465 3314 113 28 observe

3031 3358 114 38 Sunday
3159 3368 30 18 or
3211 3360 57 25 not.
3309 3356 43 28 He
3371 3355 23 29 is
3414 3365 16 18 a
3449 3354 127 29 dividend

3030 3398 155 39 producing
3204 3396 133 36 machine,
3357 3395 55 30 and
3431 3394 22 30 if
3470 3394 33 30 he
3516 3398 61 35 gets

3029 3440 136 28 sufficient
3178 3439 74 35 sleep
3266 3448 36 18 on
3316 3437 111 37 Sunday
3440 3439 29 26 to
3481 3434 96 30 enable

3028 3479 57 28 him
3100 3482 28 25 to
3142 3479 81 35 again
3237 3481 69 25 start
3319 3477 46 28 the
3378 3475 101 30 eternal
3490 3474 86 30 round

3028 3522 28 25 at
3070 3519 98 28 twelve
3182 3518 103 29 o'clock
3296 3528 35 18 on
3343 3516 112 37 Sunday
3465 3515 81 38 night
3556 3515 21 28 it

3028 3559 98 28 should
3148 3558 92 29 suffice
3262 3558 43 28 for
3326 3556 144 29 himbut
3491 3556 85 28 above

3027 3599 36 28 all
3075 3599 96 38 things
3184 3599 47 28 the
3251 3597 144 30 dividends
3415 3599 73 26 must
3501 3605 75 19 come

3028 3639 37 28 in.
3097 3639 38 28 So
3144 3639 81 28 much
3234 3638 44 29 for
3288 3640 64 26 cant
3358 3636 53 30 and
3422 3636 153 37 hypocrisy.

3028 3679 40 28 As
3081 3689 41 19 we
3132 3678 69 29 have
3215 3678 66 33 said,
3296 3678 39 29 let
3347 3677 46 29 the

3027 3719 112 28 address
3165 3719 165 28 themselves
3357 3721 28 25 to
3407 3716 55 30 this
3484 3716 89 29 actual

3027 3758 99 29 breach
3148 3758 29 29 of
3198 3758 114 39 Sunday
3331 3758 167 29 observance
3521 3756 52 28 and

3027 3800 65 36 they
3114 3799 54 27 will
3190 3800 64 36 help
3279 3803 30 25 to
3331 3799 82 28 effect
3434 3808 16 18 a
3476 3797 98 29 reform

3024 3839 61 28 that
3095 3839 144 37 humanity
3253 3839 54 29 and
3326 3838 180 38 Christianity
3521 3837 54 29 will

3025 3880 33 28 be
3072 3880 109 36 gainers
3192 3880 45 34 by.

3048 3955 43 20 The
3111 3954 78 21 Millers
3207 3955 46 20 Flat
3270 3955 68 20 school
3352 3953 102 28 reopened
3474 3954 53 21 after
3542 3953 35 21 the

3023 3990 92 25 holidays
3124 3989 39 21 last
3178 3989 93 26 Monday.

3049 4031 29 20 At
3089 4031 35 20 the
3137 4030 67 20 Police
3215 4029 64 21 Court
3289 4029 114 26 yesterday,
3414 4029 70 21 before
3501 4029 33 21 Mr
3549 4029 27 21 D.

3023 4064 108 26 Cormack,
3152 4062 57 28 J.P.,
3228 4062 55 21 John
3301 4061 139 28 Rowbottom,
3457 4061 33 22 for
3502 4061 76 27 having

3025 4099 50 21 been
3086 4097 65 22 found
3161 4097 75 25 drunk,
3247 4104 39 13 was
3297 4096 55 21 fined
3361 4097 22 20 5s
3392 4097 40 20 and
3441 4098 60 20 costs.

3051 4137 19 20 A
3090 4135 80 27 general
3191 4135 88 25 meeting
3298 4134 21 21 of
3337 4134 35 21 the
3383 4134 195 26 Roxburgh-Heriot

3025 4171 93 26 Railway
3132 4171 81 25 League
3232 4170 16 21 is
3267 4170 64 21 called
3349 4170 32 21 for
3398 4170 76 26 Friday
3491 4170 86 26 evening

3024 4207 56 26 (next
3090 4205 64 26 week)
3170 4207 22 19 at
3210 4205 36 21 the
3265 4205 124 21 Athenaeum
3407 4207 22 19 at
3448 4205 12 21 8
3476 4212 50 19 p.m.

3047 4245 42 21 The
3098 4245 87 25 meeting
3194 4244 21 20 of
3234 4243 36 21 the
3288 4244 80 26 Jockey
3384 4243 60 28 Club,
3464 4243 62 22 dated
3544 4243 34 21 for

3023 4280 128 26 Wednesday
3161 4279 85 26 evening
3257 4279 46 24 last,
3316 4287 40 13 was
3365 4280 59 26 again
3434 4278 138 27 unavoidably

3023 4314 113 27 postponed
3163 4313 32 21 till
3221 4314 51 20 next
3298 4313 131 24 Wednesday
3448 4313 85 24 evening
3550 4314 22 18 at

3021 4347 106 27 Spooner's
3137 4345 71 23 Hotel.

3046 4388 33 19 An
3103 4384 110 22 occasional
3238 4385 158 25 correspondent
3419 4386 52 19 from
3492 4384 73 20 Heriot

3021 4421 67 21 write*
3127 4419 42 22 The
3176 4425 58 22 cropa
3250 4418 48 22 here
3313 4419 41 22 and
3368 4420 23 22 at
3406 4419 111 22 Crookston
3533 4424 34 14 are

3020 4454 61 21 much
3090 4454 35 20 the
3135 4460 54 13 same
3198 4460 22 13 as
3228 4454 58 19 usual
3300 4454 150 26 averageFor
3465 4452 66 21 wheat
3542 4451 25 21 40

3020 4489 88 26 bushels,
3117 4490 44 18 oats
3170 4488 26 20 60
3204 4488 87 23 bushels,
3304 4488 79 25 turnips
3392 4496 11 12 a
3417 4494 49 19 very
3483 4487 72 26 promis-

3020 4525 34 25 ing
3062 4530 54 19 crop,
3126 4523 39 21 and
3174 4530 55 19 grass
3239 4522 97 28 plentiful
3345 4523 28 21 all
3382 4530 54 13 over.

3046 4559 50 20 Miss
3105 4558 67 25 Clark,
3185 4558 44 20 who
3238 4558 17 20 is
3264 4558 67 25 acting
3347 4565 21 12 as
3382 4558 96 23 relieving
3491 4557 81 20 teacher

3018 4595 23 19 at
3057 4593 35 21 the
3107 4593 51 21 local
3167 4593 67 21 school
3244 4593 53 21 until
3307 4593 36 20 the
3349 4593 142 26 appointment
3498 4591 22 21 of
3531 4593 34 19 the

3019 4634 45 14 new
3080 4627 97 25 mistress,
3187 4627 84 20 entered
3279 4633 26 14 on
3319 4626 37 21 her
3371 4626 67 21 duties
3453 4627 23 18 at
3486 4625 35 21 the
3532 4624 21 21 be-

3018 4661 71 27 gining
3111 4661 22 21 of
3154 4661 36 20 the
3215 4661 63 21 week.
3304 4661 41 21 She
3371 4666 56 15 came
3451 4659 48 21 here
3516 4659 53 21 from

3019 4696 109 28 Papakaio,
3139 4695 67 22 where
3214 4695 36 22 she
3260 4702 40 14 was
3310 4695 40 22 last
3358 4694 104 28 relieving.

3046 4737 110 20 Extensive
3166 4743 54 19 grass
3230 4735 41 21 and
3280 4736 59 21 scrub
3358 4736 45 20 fires
3420 4741 54 14 were
3482 4734 88 26 burning

3020 4772 22 19 at
3051 4771 37 21 the
3097 4771 50 20 back
3157 4770 21 21 of
3187 4770 36 21 the
3229 4770 40 21 Old
3277 4770 48 20 Man
3333 4769 70 26 Range
3409 4776 25 14 on
3445 4767 127 28 Wednesday

3020 4804 67 28 night,
3098 4805 82 26 causing
3197 4811 13 15 a
3227 4811 49 18 very
3286 4803 69 28 bright
3364 4803 53 27 glow
3426 4802 20 22 in
3456 4802 37 22 the
3503 4802 37 27 sky
3551 4804 22 19 to

3019 4841 36 20 the
3066 4841 69 22 south.
3161 4840 115 26 Yesterday
3284 4840 94 25 morning
3386 4846 12 13 a
3408 4839 36 20 fire
3453 4838 79 21 started
3541 4845 27 14 on

3020 4876 35 20 the
3065 4876 47 20 hills
3122 4878 21 18 to
3152 4875 37 21 the
3199 4875 50 20 back
3258 4874 22 21 of
3295 4875 36 20 the
3341 4873 109 26 township,
3470 4873 39 21 but
3519 4879 54 14 some

3020 4913 113 25 opportune
3142 4911 87 21 showers
3239 4910 40 21 had
3298 4910 35 21 the
3351 4910 60 21 effect
3429 4908 23 21 of
3470 4908 99 26 checking

3020 4945 37 21 the
3065 4945 73 27 spread
3147 4944 21 21 of
3178 4944 35 21 the
3223 4944 41 26 fire,
3275 4943 40 22 and
3325 4944 15 21 it
3349 4942 75 23 burned
3435 4944 37 20 out
3482 4942 90 22 without

3021 4980 60 24 doing
3091 4986 40 18 any
3141 4979 91 25 damage.

3047 5018 43 22 The
3102 5018 95 26 Borough
3207 5017 85 22 Council
3305 5016 47 21 held
3367 5022 12 14 a
3396 5015 75 27 special
3485 5014 89 26 meeting

3023 5061 26 14 on
3060 5053 128 27 Wednesday
3196 5054 22 20 to
3226 5052 92 22 consider
3326 5051 82 22 tenders
3414 5051 32 21 for
3452 5049 122 26 completion

3022 5089 21 21 of
3055 5089 35 21 the
3100 5089 99 21 reservoir
3208 5089 40 21 and
3258 5089 31 21 for
3299 5087 119 28 appointing
3434 5085 139 26 half-holiday

3022 5124 65 21 under
3095 5124 36 21 the
3140 5124 56 26 Sbop
3208 5123 118 22 Assistants'
3345 5123 48 21 Act.
3420 5122 49 21 Two
3490 5120 82 22 tenders

3022 5166 53 14 were
3083 5158 179 22 receivedthose
3281 5158 22 21 of
3321 5158 65 21 Reece
3403 5157 40 21 and
3462 5156 63 21 Davis
3542 5155 32 21 for

3022 5193 40 22 62
3071 5194 41 21 and
3122 5194 23 21 T.
3156 5193 91 22 Stadden
3257 5194 22 20 at
3288 5192 96 22 schedule
3391 5192 50 26 rate,
3452 5191 62 21 about
3524 5190 47 22 BO.

3021 5229 43 20 The
3091 5228 76 21 former
3195 5228 72 21 tender
3296 5234 41 14 was
3366 5226 103 26 accepted,
3494 5226 38 21 but
3553 5226 20 21 in

3022 5271 136 20 consequence
3168 5264 21 21 ot
3206 5270 26 14 an
3252 5270 55 14 error
3325 5263 20 21 in
3364 5262 65 22 Reece
3446 5261 40 21 and
3505 5261 69 22 Davis'

3022 5299 104 21 estimates
3135 5299 17 21 it
3162 5306 39 14 was
3211 5298 91 26 resigned
3312 5298 26 26 by
3349 5298 57 21 them
3417 5296 41 21 and
3471 5303 39 14 was
3523 5296 49 21 then

3022 5334 58 26 given
3090 5335 22 19 to
3121 5333 36 22 the
3168 5333 73 22 second
3250 5332 102 23 tenderer.
3381 5332 43 21 The
3433 5331 136 25 half-holiday

3022 5375 40 12 was
3072 5368 54 19 fixed
3134 5375 22 12 as
3166 5367 122 20 heretofore.

3046 5401 44 21 The
3104 5400 69 22 school
3195 5400 116 22 committee
3333 5400 43 21 met
3394 5405 25 15 on
3441 5397 130 28 Wednesday

3022 5437 85 25 evening
3125 5438 21 19 to
3163 5443 47 14 cons
3218 5436 35 20 der
3270 5436 36 20 the
3321 5434 133 28 applications
3478 5433 91 22 receired

3022 5469 53 21 from
3090 5469 36 21 the
3144 5469 62 21 board
3216 5469 31 21 for
3256 5468 36 21 the
3302 5468 85 25 position
3403 5467 22 20 of
3442 5467 90 20 mistrpss
3551 5466 20 21 of

3021 5503 36 21 the
3078 5503 51 21 local
3158 5502 76 22 school.
3260 5503 66 20 Seven
3358 5501 132 27 applications
3521 5507 50 14 were

3020 5537 112 22 submitted
3156 5542 21 15 to
3193 5536 65 27 them,
3276 5535 28 21 all
3321 5535 36 21 the
3375 5534 113 27 applicants
3508 5533 62 27 being

3020 5571 211 28 bighl/certificated.
3259 5571 27 21 Of
3298 5571 64 26 those,
3370 5572 42 19 two
3427 5576 52 14 were
3497 5568 73 22 chosen

3020 5608 46 20 who
3075 5608 39 20 had
3125 5608 34 21 the
3170 5607 44 20 best
3224 5605 143 25 testimonials,
3377 5604 40 21 and
3436 5604 70 26 finally
3525 5604 42 20 Mrs

3022 5642 70 25 Little,
3103 5641 46 21 who
3158 5641 40 21 last
3207 5641 74 26 taught
3290 5643 23 18 at
3330 5638 127 22 Waikouaiti
3476 5637 40 22 and
3534 5637 36 21 has

3020 5678 54 20 sinco
3087 5676 58 22 acted
3158 5683 22 14 as
3199 5676 98 26 relieving
3314 5674 88 26 teacher,
3423 5672 92 22 received
3535 5672 35 22 the

3021 5713 98 25 suffrages
3125 5712 21 21 of
3154 5711 37 22 the
3201 5712 124 20 committee.
3351 5709 43 21 Mrs
3404 5708 63 22 Little
3474 5708 36 20 has
3520 5714 48 20 veiy

3022 5747 49 26 high
3081 5747 119 21 certificates
3210 5746 38 20 nod
3259 5744 140 25 testimonials,
3406 5744 39 20 and
3452 5743 36 21 the
3497 5743 68 21 school

3025 5780 67 21 hould
3101 5780 25 21 be
3136 5779 104 21 fortunate
3249 5778 20 21 in
3278 5778 36 21 liev
3323 5777 148 24 appointment.

3612 205 39 21 His
3660 205 122 26 Excellency
3790 204 37 22 the
3840 204 107 22 Governor
3955 202 41 22 and
4009 202 61 25 party
4078 204 50 21 spen-

3587 242 35 19 ten
3631 240 49 26 days
3689 243 21 19 at
3724 241 37 21 the
3776 241 71 25 Lakes,
3858 240 40 21 and
3908 246 52 14 were
3970 235 108 30 delighted
4087 232 53 24 with

3587 275 35 21 the
3650 282 90 20 scenery.
3780 275 56 21 Time
3859 275 36 21 did
3924 275 37 20 not
3982 272 77 28 permit
4081 268 54 23 Lord

3589 309 101 28 Ranfurly
3714 312 21 19 to
3752 310 101 26 complete
3870 310 37 21 the
3924 307 107 29 goldfields
4049 309 48 19 tour
4111 305 22 21 at

3589 346 88 25 present,
3687 353 22 14 as
3717 345 26 22 he
3752 345 40 22 had
3801 347 23 20 to
3832 347 70 19 return
3912 347 22 19 to
3943 342 155 24 Christchurch.

3615 383 62 22 What
3686 384 16 21 is
3711 384 104 21 doubtless
3824 391 24 14 an
3869 383 118 22 unfounded
4006 381 75 23 canard
4098 379 39 22 has

3589 418 50 21 been
3648 418 59 26 going
3716 419 36 20 the
3770 418 75 21 rounds
3864 418 21 21 of
3903 425 55 14 some
3970 417 21 20 of
4010 416 36 21 the
4065 420 74 22 papers

3590 452 46 21 that
3646 454 32 19 Mr
3687 454 86 20 Thomas
3784 453 115 24 M'Kenzie,
3909 454 21 19 at
3940 452 35 21 the
3987 451 71 26 expiry
4068 450 22 21 of
4105 449 32 21 his

3592 488 52 18 term
3653 487 21 19 of
3684 486 56 21 office
3750 487 20 19 in
3782 486 85 21 London
3879 493 21 13 as
3906 485 158 27 repsesentative
4074 483 22 20 of
4105 484 36 20 the

3595 522 53 21 N.Z,
3659 522 100 20 Farmers'
3770 521 140 26 Co-operative
3929 520 135 26 Association,
4074 517 67 23 would

3593 557 59 21 stand
3671 557 21 19 in
3716 557 36 19 the
3771 557 80 20 Liberal
3871 557 94 20 interests
3987 556 33 20 for
4037 554 103 25 Tuapeka,

3594 590 33 20 Mr
3638 588 110 22 M'Kenzie
3757 589 36 20 has
3804 596 55 13 more
3868 588 49 21 than
3926 595 49 14 once
3984 588 66 21 slated
4060 587 49 20 both
4121 586 20 20 in

3596 626 34 20 the
3642 624 69 27 colony
3722 624 40 21 and
3771 624 21 21 in
3810 624 85 22 London
3913 624 45 20 that
3976 623 26 21 he
4018 622 65 22 would
4093 621 48 25 only

3594 666 21 14 re
3625 663 58 16 enter
3695 658 124 21 Parliament
3828 665 21 14 as
3858 658 36 20 the
3904 657 159 25 representative
4076 655 21 21 of
4111 654 30 21 his

3594 692 33 21 old
3637 691 148 26 constituency,
3796 691 40 21 and
3854 691 17 21 it
3890 691 17 20 is
3924 690 115 26 altogether
4048 687 92 26 unlikely

3594 727 47 20 that
3651 727 25 20 he
3687 725 67 21 would
3763 724 67 21 desert
3837 724 84 24 Clutha,
3931 723 66 20 where
4008 722 24 21 he
4039 722 17 20 is
4065 721 76 21 certain

3594 760 22 21 of
3626 761 79 25 return,
3716 761 21 19 to
3747 760 31 25 try
3788 757 32 21 for
3829 764 12 14 a
3850 758 43 20 seat
3902 756 107 26 anywhere
4019 755 48 21 else.

3619 800 33 20 Mr
3662 800 23 20 D.
3698 797 98 23 Cormack
3803 797 41 21 had
3861 804 12 13 a
3886 802 78 14 narrow
3982 801 70 19 escape
4062 793 52 21 from
4128 800 12 14 a

3594 836 77 20 serious
3690 834 67 26 buggy
3776 832 91 21 accident
3885 838 26 13 on
3930 830 95 26 Monday-
4055 829 31 20 He
4101 835 40 14 was

3594 870 80 25 driving
3691 868 50 21 with
3759 868 40 20 Mrs
3817 866 99 21 Cormack
3931 865 39 21 and
3981 865 53 21 their
4043 863 54 22 little
4106 870 35 14 son

3594 905 52 20 from
3658 904 77 20 Millers
3755 902 47 20 Flat
3821 903 22 18 to
3860 900 111 25 Roxburgh
3982 906 25 13 on
4018 899 35 20 the
4062 900 80 18 eastern

3595 937 42 22 side
3647 936 21 21 of
3686 936 35 21 the
3740 936 59 24 river,
3819 933 41 22 and
3879 933 58 21 when
3955 940 12 13 a
3980 932 57 21 short
4054 931 91 21 distance

3596 972 52 21 from
3658 971 36 21 the
3703 969 70 26 bridge
3783 969 35 21 the
3832 967 44 22 bolt
3893 967 21 22 of
3931 973 37 15 one
3986 966 21 21 of
4025 966 35 21 the
4079 964 66 22 shafts

3596 1007 90 27 dropped
3705 1007 37 20 out
3763 1004 40 22 and
3825 1004 35 21 the
3879 1003 56 22 shaft
3952 1002 37 22 fell
4006 1002 66 22 down.
4101 1000 43 21 The

3597 1042 64 20 whole
3684 1040 21 20 of
3728 1040 36 20 the
3786 1039 108 24 occupants
3916 1037 21 20 of
3954 1037 35 20 the
4006 1036 67 25 buggy
4091 1042 53 14 were

3597 1077 79 19 thrown
3686 1077 44 23 out,
3741 1074 39 20 and
3790 1074 42 19 Mrs
3850 1072 99 21 Cormack
3968 1072 104 19 sustained
4090 1077 55 14 some

3597 1117 49 18 very
3670 1115 68 14 severe
3761 1107 83 20 bruises.
3871 1105 43 21 The
3933 1104 58 20 horse
4009 1104 77 25 bolted,
4105 1103 40 21 and

3599 1145 57 19 when
3667 1143 68 26 trying
3744 1143 22 19 to
3780 1143 48 18 turn
3844 1141 22 20 at
3884 1140 35 20 the
3938 1139 70 25 bridge
4026 1138 35 21 the
4079 1138 66 26 buggy

3599 1185 39 12 was
3652 1174 140 26 considerably
3810 1173 105 26 damaged.
3943 1173 32 20 Mr
3994 1172 98 21 Cormack
4105 1171 40 22 and

3599 1210 35 21 the
3655 1209 34 21 lad
3710 1206 157 29 providentially
3898 1206 84 27 escaped
4003 1213 40 19 any
4065 1205 78 21 serious

3599 1246 77 26 injury.

3627 1285 18 18 A
3656 1282 100 21 mistaken
3770 1281 111 26 paragraph
3890 1280 67 20 which
3966 1279 101 26 appeared
4081 1279 20 20 in
4112 1279 36 20 the

3631 1316 97 27 Tuapeka
3736 1315 67 21 Tiroes
3831 1314 36 20 has
3876 1313 64 21 found
3949 1313 26 21 its
3990 1319 44 18 way
4053 1312 43 21 into
4114 1312 36 21 the

3601 1352 92 20 columns
3702 1350 21 21 of
3732 1350 36 20 the
3778 1348 54 21 Gore
3842 1348 39 21 and
4020 1353 79 19 papers,
4110 1345 40 22 and

3603 1385 16 21 is
3629 1384 59 21 liable
3700 1385 22 19 to
3731 1383 25 20 be
3764 1381 119 25 misleading
3897 1381 16 21 if
3921 1382 37 19 not
3967 1380 111 21 corrected.
4106 1379 44 21 The

3601 1419 113 27 paragraph
3724 1425 21 13 as
3755 1416 75 28 quoted
3844 1416 17 21 is
3874 1423 21 14 as
4053 1415 54 21 Hon.
4119 1414 26 21 G.

3603 1454 20 20 F.
3645 1451 134 25 Richardson,
3797 1449 91 21 member
3907 1449 32 20 for
3956 1449 101 25 Mataura,
4077 1446 72 26 passed

3602 1488 89 27 through
3702 1488 106 20 Lawrence
3817 1493 25 14 on
3852 1485 92 27 Tuesday
3954 1485 46 27 last,
4010 1492 25 14 on
4053 1484 32 23 his
4103 1490 45 20 way

3602 1527 21 19 to
3642 1524 95 21 Dunedin
3756 1522 52 21 from
3825 1521 130 25 Manorburn,
3976 1521 65 21 where
4060 1521 26 21 he
4108 1521 37 21 has

3602 1559 49 20 been
3665 1557 82 26 visiting
3761 1556 31 20 his
3810 1562 43 18 son,
3872 1555 45 20 who
3934 1555 17 20 is
3966 1555 19 21 in
4004 1555 73 27 charge
4097 1555 21 21 of
4137 1562 12 14 a

3603 1594 74 26 dredge
3801 1592 44 20 Our
3867 1591 106 21 Lawrence
3994 1592 155 26 contemporary

3603 1629 104 25 evidently
3719 1627 96 21 confused
3827 1627 35 19 the
3872 1627 54 20 Hon.
3937 1627 26 21 G.
3974 1627 23 21 F.
4013 1627 134 24 Richardson,

3604 1656 96 25 M.H.R.,
3712 1655 51 20 with
3780 1655 35 19 the
3834 1653 54 21 Hon.
3907 1653 87 21 Edward
4014 1654 131 24 Richardson,

3604 1684 81 22 M.L.C.
3712 1683 22 20 It
3743 1689 40 13 was
3792 1681 35 22 the
3836 1681 62 21 latter
3908 1681 44 21 who
3959 1681 73 22 visited
4040 1682 31 20 his
4080 1688 36 15 son
4125 1684 22 18 afc

3603 1712 36 20 the
3652 1710 121 21 Manorburn
3783 1709 74 25 dredge
3870 1715 21 13 as
3909 1710 68 19 stated
3994 1709 27 26 by
4039 1716 23 13 us
4081 1715 10 14 a
4109 1709 41 20 few-'

3603 1738 67 20 weeks
3679 1743 44 18 ago,
3734 1736 40 20 and
3783 1736 62 19 hence
3855 1735 35 19 the
3899 1736 112 19 confusion.
4039 1736 42 20 The
4094 1736 53 21 Hon.

3603 1766 26 21 G.
3641 1766 22 21 F.
3674 1763 123 22 Richardson
3808 1762 34 21 did
3852 1764 36 18 not
3898 1762 47 21 visit
3964 1763 131 27 Manorburn,
4109 1763 40 21 and

3603 1794 37 21 has
3650 1800 25 14 no
3686 1799 34 14 son
3731 1791 58 21 there
3797 1793 22 18 to
3828 1790 54 21 visit.

3628 1832 104 24 Certainly
3747 1831 35 20 the
3796 1832 53 19 most
3864 1830 92 20 effective
3970 1830 97 21 medicine
4079 1830 21 20 in
4111 1830 37 21 the

3604 1860 62 20 world
3684 1859 17 20 is
3718 1858 114 20 SANDER
3844 1857 39 20 and
3900 1856 75 21 SONS'
3991 1857 159 21 EUCALYPTI

3603 1885 136 24 EXTRACT.
3767 1885 47 21 Test
3821 1884 27 21 its
3854 1884 111 26 eminently
3972 1884 99 26 powerful
4078 1884 72 22 effects

3608 1916 21 20 in
3641 1913 82 27 coughs,
3736 1913 61 26 colds,
3807 1913 116 26 influenza,
3944 1912 36 21 the
3989 1912 58 22 relief
4057 1913 15 20 is
4082 1912 67 22 instan

3605 1945 90 18 taneous.
3726 1942 24 20 In
3766 1942 75 19 serious
3850 1947 54 13 cases,
3917 1940 40 20 and
3971 1940 101 21 accidents
4086 1940 21 20 of
4121 1940 29 20 all

3606 1970 66 24 kinds,
3683 1969 25 21 be
3717 1969 49 25 they
3777 1968 91 23 wounds,
3879 1968 66 21 burns,
3954 1967 104 25 sealdings,
4076 1967 74 21 bruises

3617 1998 73 26 prains,
3700 1999 16 19 it
3724 1997 18 20 is
3749 1997 36 21 the
3793 1995 62 21 safest
3864 1994 133 26 remedyno
4008 1994 142 26 swellingno

3604 2025 155 22 inflammation.
3788 2023 49 21 Like
3846 2022 110 26 surprising
3967 2023 71 21 effects
4048 2022 101 27 produced

3603 2054 20 20 in
3637 2059 70 20 croup,
3717 2051 107 28 diptheria,
3838 2050 116 25 bronchitis,
3968 2050 146 21 inflammation
4126 2051 23 20 of

3605 2081 37 20 the
3665 2080 66 25 lungs,
3745 2079 106 24 swellings,
3860 2081 38 17 etc.
3918 2077 107 25 diarrhoea,
4040 2077 97 24 dysontrv

3604 2109 88 21 diseases
3701 2107 20 21 of
3731 2106 35 22 the
3780 2105 84 26 kidneys
3873 2103 39 23 and
3927 2104 81 27 urinary
4017 2111 78 20 organs.
4121 2105 25 21 In

3619 2143 21 13 se
3647 2138 22 17 at
3672 2135 30 20 all
3707 2134 98 25 hospitals
3811 2133 39 20 and
3857 2131 85 21 medical
3947 2132 74 25 cliaics,
4034 2133 94 25 patronis:
4135 2133 14 21 d

3605 2163 27 26 by
3641 2163 38 19 His
3689 2163 87 24 Majesty
3785 2161 36 20 the
3831 2159 55 26 King
3895 2159 21 21 of
3926 2159 63 27 Italy,
3999 2160 91 21 crowned
4105 2160 45 20 .(nth

3606 2190 66 21 medal
3681 2189 41 21 and
3730 2188 90 27 diploma
3827 2190 23 18 at
3863 2187 147 21 International
4023 2187 124 27 Exhibition,

3607 2217 138 21 Amsterdam.
3772 2215 62 21 Trust
3843 2221 22 14 in
3874 2215 42 20 this
3924 2215 102 25 approved
4034 2214 70 22 article
4111 2215 39 21 and

3609 2246 63 25 rejeot
3681 2244 28 21 all
3719 2246 75 19 others.

3609 2309 121 42 Teviot
3755 2307 235 43 Horticultural
4006 2304 146 52 Society.

3647 2398 24 27 A
3685 2394 122 39 meeting
3820 2392 28 30 of
3868 2392 47 28 the
3935 2392 84 30 above
4037 2391 100 29 associa-

3609 2438 58 28 tion
3680 2446 54 18 was
3748 2435 62 29 held
3828 2437 28 24 at
3875 2433 46 28 the
3934 2433 165 28 Athenseum
4121 2441 35 18 on

3610 2475 183 37 Wednesday.
3833 2473 116 28 Present
3950 2472 138 28 Messrs
4115 2470 40 29 M.

3612 2516 139 41 Campbell
3768 2516 37 36 (in
3826 2514 46 29 the
3891 2512 96 39 chair),
4012 2511 141 35 Williams,

3610 2560 27 29 J.
3674 2557 85 34 Snell,
3797 2555 156 34 Matthews,
3987 2554 32 28 B.
4055 2552 104 38 Reilly,,

3613 2601 109 32 Haines,
3735 2598 107 32 Dunne,
3855 2595 56 27 and
3925 2596 40 25 Dr
3977 2594 105 27 Mullin.

3648 2640 56 29 The
3727 2638 116 29 minutes
3864 2645 70 19 were
3956 2632 150 32 confirmed
4117 2643 33 19 as:

3611 2681 72 27 read.

3648 2721 54 28 The
3727 2717 142 38 following
3883 2726 70 19 were
3967 2713 147 41 appointed
4128 2716 28 26 to

3610 2766 44 25 act
3666 2773 29 16 as
3705 2760 101 38 judges
3819 2763 29 22 at
3859 2757 46 28 the
3918 2757 83 34 show,
4014 2755 107 38 subject
4130 2758 30 24 to

3610 2802 70 28 their
3704 2802 115 27 consent
3857 2798 84 37 being
3975 2795 145 30 obtained:

3611 2842 76 30 Class
3701 2842 23 29 I.
3741 2841 59 38 (pot
3812 2838 114 40 plants),
3944 2837 70 29 class
4028 2836 39 29 11.
4084 2836 65 36 (bor-

3609 2884 49 27 der
3671 2883 111 37 plants),
3796 2881 69 27 class
3886 2878 55 29 111.
3968 2878 98 35 (fruit),
4089 2876 74 29 class.

3610 2922 49 30 IV.
3685 2919 190 37 'vegetables),
3900 2918 44 28 Mr
3966 2916 124 30 Howden
4118 2915 42 34 (of

3609 2962 150 32 Dunedin).
3799 2959 75 28 Class
3901 2957 34 29 V.
3966 2957 109 35 (honey)
4103 2955 53 27 and

3609 3002 68 28 class
3691 3000 49 28 VI.
3757 2999 79 34 (fartn
3851 2996 142 39 produce),
4008 2996 43 26 Mr
4066 2994 72 28 Whit-

3608 3042 26 28 in
3640 3052 18 13 a-
3670 3040 53 29 and
3748 3039 58 28 Mrs
3828 3036 130 29 Andrew.
3998 3034 77 29 Class
4088 3033 58 28 VII
4150 3054 14 12 K

3612 3081 62 35 (live
3688 3078 131 40 poultry),
3830 3077 44 28 Mr
3885 3076 30 28 T.
3927 3074 113 29 Staden.
4080 3073 85 29 Class-

3607 3121 84 29 VIII.
3707 3117 154 40 (industrial
3884 3116 97 36 work),
4002 3113 163 30 Mesdames.

3609 3161 99 27 Mullin
3721 3160 55 28 and
3787 3158 112 29 Haiues.

3645 3201 46 28 Mr
3712 3200 113 33 Haines,
3844 3196 41 28 Dr
3910 3195 96 29 Mullin
4033 3194 54 28 and
4109 3194 47 28 the

3607 3240 158 31 secretaries
3779 3248 69 19 were
3867 3235 148 41 appointed
4041 3247 17 17 a
4083 3246 57 18 com-

3608 3283 92 27 mittee
3713 3285 29 24 to
3754 3280 68 29 allot
3834 3278 98 38 special
3942 3276 87 38 prizes
4040 3276 27 28 in
4081 3286 76 18 cases

3606 3323 90 27 where
3710 3320 100 39 special
3821 3319 98 28 classes
3930 3327 70 19 were
4011 3320 48 25 not
4069 3316 73 39 speci-

3606 3362 52 28 fied
3672 3362 35 37 by
3721 3361 47 28 the
3781 3360 109 28 donors.

3643 3401 26 30 It
3695 3411 53 19 was
3773 3398 124 31 resolved
3921 3397 61 30 that
4000 3397 106 39 objects
4128 3396 32 31 of

3605 3443 113 28 interest
3740 3441 29 28 of
3793 3440 36 28 all
3855 3438 84 29 kinds
3951 3439 28 27 in
3993 3438 161 29 connection

3606 3483 65 28 with
3685 3482 45 29 the
3744 3481 73 28 show
3838 3478 91 37 might
3954 3478 35 29 be
4013 3477 143 29 exhibited

3606 3523 56 28 free
3675 3522 22 28 if
3709 3524 48 26 not
3770 3518 111 31 entered
3904 3518 43 28 for
3966 3518 187 38 competition.

3643 3562 57 29 The
3714 3563 66 26 next
3802 3558 121 37 meeting
3949 3568 54 18 was
4025 3557 72 29 fixed
4111 3557 43 29 for

3607 3601 185 36 Wednesday,
3806 3600 48 28 9th
3868 3597 150 37 February.

3747 3676 124 51 Mining
3910 3675 111 42 Notes.

3643 3760 56 28 The
3713 3758 104 38 mining
3831 3758 106 28 returns
3956 3754 43 28 for
4011 3753 53 29 last
4077 3753 76 30 week

3605 3811 69 18 WGre
3676 3798 144 30 httrick
3838 3796 90 35 12^oz-,
3944 3794 104 29 Golden
4070 3795 65 27 Trea-

3605 3851 62 20 sure
3683 3842 26 27 11
3717 3850 31 19 oz
3761 3838 89 30 2dwts
3878 3836 71 35 6grs,
3975 3835 89 38 Otago
4085 3835 68 29 370z

3606 3883 97 31 6dwts,
3713 3877 157 39 Enterprise
3879 3876 75 33 290z,
3966 3875 105 28 Golden
4082 3873 70 30 Gate

3607 3923 67 28 560z
3691 3920 103 29 12dwts
3807 3918 55 35 (for
3871 3916 52 28 five
3937 3913 101 31 weeks'
4052 3913 97 38 work.)

3643 3962 52 29 We
3709 3962 64 27 hear
3786 3959 46 29 the
3852 3956 87 30 Edina
3962 3955 104 38 dredge
4088 3965 48 19 con-

3606 4004 89 27 tinues
3709 4005 28 24 to
3749 4005 47 33 get
3817 3997 71 39 good
3902 4000 115 30 returns,
4040 3996 45 27 the
4099 3995 52 28 last

3607 4043 71 28 wash
3693 4051 35 29 up
3742 4039 124 37 showing
3879 4036 67 28 20oz
3963 4035 42 28 for
4017 4046 16 17 a
4046 4035 85 28 week.

3653 4083 46 28 Ihe
3735 4080 103 30 Golden
3864 4077 61 29 Run
3952 4076 125 38 Sluicing
4103 4075 48 29 Co.

3607 4122 90 30 closed
3710 4122 78 28 down
3802 4123 27 25 at
3843 4118 46 28 the
3904 4116 52 29 end
3970 4116 30 28 of
4013 4116 51 28 last
4076 4116 75 28 week

3607 4162 118 38 through
3739 4160 137 29 shortness
3889 4157 29 29 of
3930 4159 92 27 water.

3643 4203 57 28 The
3719 4201 77 28 claim
3810 4196 107 40 applied
3930 4197 43 27 for
3995 4195 87 29 under
4104 4195 47 29 the

3607 4252 78 19 name
3697 4242 29 27 of
3740 4241 44 27 the
3798 4238 105 30 Golden
3921 4236 95 38 Valley
4032 4235 57 36 Co.,
4102 4235 33 29 ad-

3604 4283 106 39 joining
3723 4282 46 27 the
3784 4280 126 28 Pleasant
3921 4277 95 38 Valley
4027 4275 59 36 Co.,
4097 4276 55 29 will

3607 4323 102 36 shortly
3735 4322 33 27 be
3790 4319 93 39 placed
3909 4328 35 18 on
3969 4317 47 29 the
4035 4316 116 30 market.

3610 4365 22 26 A.
3646 4362 115 28 number
3782 4360 29 28 of
3834 4358 136 38 enquiries
3993 4357 41 28 for
4059 4357 93 29 shares

3606 4402 68 29 have
3688 4400 108 37 already
3819 4400 69 28 been
3904 4397 86 36 made,
4004 4396 46 30 the
4062 4396 76 30 excel-

3607 4443 57 28 lent
3677 4444 141 36 prospects
3832 4438 127 31 obtained
3986 4438 102 38 having
4113 4437 58 29 al-..

3606 4483 84 37 ready
3715 4480 99 30 caused
3845 4478 158 30 favourable
4027 4481 135 33 expecta-.

3606 4523 73 29 tions
3691 4533 35 18 on
3740 4522 46 28 the
3799 4525 61 34 part
3882 4518 29 30 of
3937 4518 47 28 the
4008 4517 101 39 public,
4123 4527 30 19 so

3608 4563 78 28 much
3700 4572 30 18 so
3745 4562 61 27 that
3831 4561 22 27 it
3878 4560 24 27 is
3926 4558 167 37 anticipated
4106 4558 47 28 the

3606 4602 85 28 whole
3704 4602 29 29 of
3746 4601 46 29 the
3806 4600 93 29 shares
3909 4598 53 28 will
3973 4598 34 28 be
4020 4597 82 29 taken
4116 4607 35 28 up

3605 4642 105 35 locally.

3641 4681 26 29 A
3692 4678 214 40 correspondent
3931 4676 70 28 from
4027 4675 46 29 the
4099 4675 53 29 Old

3605 4722 66 28 Man
3706 4722 95 33 Kange
3826 4719 90 29 writes
3928 4730 6 16 :
3937 4717 94 27 The
4055 4715 97 38 Upper

3606 4761 126 29 Waikaia
3755 4759 124 38 Sluicing
3904 4757 47 29 Co.
3965 4765 45 19 are
4023 4755 79 38 again
4116 4765 35 18 on

3605 4803 47 30 the
3664 4811 87 26 move,
3763 4800 55 31 and
3840 4798 71 31 their
3934 4797 78 29 claim
4037 4796 55 29 will
4115 4795 36 31 be
4164 4795 4 42 >

3605 4844 46 29 the
3666 4852 79 20 scene
3759 4841 28 29 of
3799 4838 186 31 considerable
3999 4838 112 37 activity
4121 4847 28 18 as

3605 4884 46 28 the
3670 4892 93 19 season
3789 4880 143 29 advances.
3971 4877 56 28 The
4053 4876 47 30 Co.
4127 4877 23 27 is

3605 4934 59 19 now
3677 4921 159 40 registered,
3849 4919 53 29 and
3914 4918 64 38 they
3989 4928 45 18 are
4047 4917 103 38 having

3605 4965 45 28 the
3664 4964 115 37 fluming
3791 4962 54 28 and
3866 4960 86 39 pipes,
3968 4958 86 28 which
4068 4958 81 28 could

3605 5008 47 25 not
3665 5005 34 28 be
3719 5002 120 39 brought
3861 5011 65 18 over
3951 4999 45 29 the
4020 4998 47 28 hill
4093 4998 53 28 last

3605 5055 103 25 season,
3721 5042 121 40 brought
3855 5045 47 25 out
3921 5044 29 24 at
3972 5049 66 19 once
4052 5039 35 38 by
4102 5038 48 29 the

3606 5086 101 28 Messrs
3731 5084 105 36 Ottrey,
3861 5081 29 29 of
3914 5080 106 29 Heriot.
4060 5079 44 28 Mr
4116 5078 42 35 P.,

3606 5125 117 29 Kiordan
3736 5124 49 28 has
3806 5123 66 28 been
3888 5124 48 35 put
3958 5120 27 28 in
4005 5119 101 38 charge
4118 5118 31 31 of
4165 5130 6 25 /

3605 5166 45 28 the
3664 5165 87 33 claim,
3766 5164 65 28 than
3853 5162 87 28 whom
3956 5171 16 17 a
3984 5169 73 19 more
4070 5169 62 26 prac-

3603 5206 63 29 tical
3681 5205 85 28 miner
3779 5214 30 18 or
3822 5214 14 18 a
3850 5213 60 17 man
3922 5201 29 29 of
3964 5202 107 37 greater
4080 5198 68 30 local

3603 5245 159 39 experience
3775 5243 79 30 could
3865 5247 48 23 not
3921 5242 35 27 be
3968 5239 93 29 found.
4100 5239 44 28 He

3604 5286 48 29 has
3677 5290 28 24 at
3729 5287 110 36 present
3871 5281 185 30 half-a-dozen
4082 5289 62 19 men

3604 5325 86 29 under
3699 5325 55 28 him
3768 5323 161 37 continuing
3942 5322 46 28 the
4001 5319 108 38 cutting
4118 5320 29 28 of

3604 5365 46 28 the
3664 5374 68 25 race,
3746 5364 53 28 and
3824 5374 16 16 a
3864 5365 78 34 great
3967 5369 82 28 many
4073 5369 74 19 more
4170 5364 1 35 .

3603 5404 87 29 hands
3704 5404 53 29 will
3770 5404 68 28 have
3852 5406 27 25 to
3899 5401 34 29 be
3958 5404 50 35 put
4020 5409 35 19 on
4069 5398 80 34 when
4168 5398 3 41 ,

3602 5446 46 27 the
3662 5446 77 36 plant
3752 5445 23 27 is
3789 5454 33 18 on
3837 5443 46 28 the
3900 5440 115 37 ground.
4056 5439 51 29 We
4120 5440 29 28 in

3603 5486 45 26 the
3660 5484 141 38 adjoining
3812 5482 93 28 claims
3915 5491 45 17 are
3970 5479 164 38 looking.for-

3602 5525 73 28 ward
3689 5524 64 29 with
3767 5523 113 28 interest
3901 5525 27 25 to
3951 5520 47 28 the
4019 5519 114 41 develop-

3601 5569 76 25 ment
3689 5565 29 29 of
3731 5565 45 28 the
3804 5562 94 40 Upper
3924 5560 122 29 Waikaia
4073 5560 76 31 Co/a

3601 5605 78 28 claim
3681 5626 7 14 ;
3702 5604 54 28 and
3768 5613 30 18 as
3811 5603 22 27 it
3852 5602 47 28 has
3914 5600 136 30 excellent
4071 5611 61 28 pros-

3601 5649 75 33 pects
3709 5654 49 18 our
3782 5640 188 39 expectations
4000 5651 46 18 are
4082 5652 67 28 very

3599 5684 122 39 hopeful.
3779 5682 13 28 I
3824 5682 65 28 hear
3927 5680 61 30 that
4033 5681 116 40 Captain

3599 5725 134 27 Andrews
3747 5723 52 28 and
3813 5732 73 18 some
3913 5721 29 28 of
3956 5721 46 28 the
4015 5721 134 34 directors:
4163 5745 8 7 .

3598 5764 95 27 intend
3707 5770 28 21 to
3749 5762 63 29 visit
3826 5762 45 28 the
3885 5761 79 28 claim
3978 5771 75 20 soon,

3453 115 164 49 Friday,
3640 115 192 49 January
3856 114 58 43 28,
3940 103 123 48 1898'

1729 127 197 46 MOUNT
2009 130 229 43 BEHGEB
2325 126 153 41 MAIL.

131 2232 61 55 R.
212 2235 34 38 J.
277 2234 43 38 B.
352 2232 161 42 YULE,
538 2231 143 43 L.D.S.,

215 2316 192 45 Surgeon
441 2311 163 44 Dentist,

258 2383 300 33 INVERCAKGILL.

235 2470 46 28 Mr
303 2469 77 28 Yule
402 2467 56 29 will
477 2467 64 28 visit

148 2539 252 36 DISPENSAIIY,
422 2535 247 36 ALEXANDRA,

197 2595 79 28 From
291 2593 66 29 24th
370 2596 29 25 to
411 2591 68 29 28th
493 2590 130 37 January.

372 2639 64 29 And

141 2688 161 30 HERON'S
317 2686 134 35 HOTEL,
461 2683 222 35 ROXBURGH,

204 2736 80 30 From
299 2735 66 29 28th
378 2738 28 26 to
420 2735 61 28 31st
494 2733 131 38 January.

238 2833 44 36 C.
321 2832 36 37 J.
400 2831 186 49 Coombs,

162 2893 191 32 SURGICAL
373 2893 23 29 &
414 2889 254 32 MECHANICAL

331 2944 174 38 DENTISTj

348 2998 38 25 (By
401 2998 80 23 Exam.)

202 3057 24 28 R
248 3055 149 30 COOMBS
414 3065 61 26 may
489 3054 34 28 be
538 3052 148 31 Consulted

394 3100 29 24 at

295 3137 123 28 Hekon's
440 3135 93 29 Hotel

124 3191 59 27 aOn
209 3189 155 33 FRIDAY,
396 3189 65 26 21st
493 3185 193 30 JANUARY.

176 3267 40 28 As
230 3266 14 29 I
258 3265 92 30 intend
365 3265 113 36 visiting
496 3263 56 30 this
571 3262 115 31 District

139 3306 184 40 periodically,
336 3307 22 27 it
366 3305 53 28 will
428 3314 63 19 save
505 3304 123 29 Patients
638 3304 47 29 the

138 3356 118 29 expense
269 3347 29 28 of
310 3346 86 38 going
409 3349 28 25 to
450 3349 73 24 town
536 3356 7 24 ;
563 3344 53 28 and
630 3354 30 19 as
670 3345 14 28 I

139 3392 148 33 guarantee
306 3386 35 27 all
365 3385 86 35 work,
477 3385 123 28 Patients
621 3394 63 28 may

136 3427 57 40 rely
207 3438 34 19 on
254 3426 111 40 getting
378 3437 15 19 a
406 3425 142 30 first-class
559 3424 122 31 denture.

135 3507 90 23 TEETH
252 3507 82 21 WADE
361 3507 38 21 BY
430 3505 94 21 OTHER
550 3505 134 21 DENTISTS

154 3533 130 23 PROVING
293 3532 254 23 UNSATISFACTORY
555 3532 61 21 MAY
627 3533 36 21 BE

188 3561 194 22 REMODELLED
397 3561 35 21 AT
446 3559 93 22 SMALL
553 3559 73 22 COST.

136 3631 122 29 Painless
287 3629 162 30 Extraction
477 3627 66 29 with
568 3626 113 31 Nitrous

171 3671 87 29 Oxide
279 3670 65 34 Gas,
367 3669 126 34 Cocaine,
505 3667 95 35 Ether,
614 3678 31 19 or

316 3709 182 30 Chloroform.

111 3806 7 7 v
131 3785 132 30 Stopping
283 3792 71 21 with
374 3783 84 36 Gold,
480 3780 147 38 Amalgam,
647 3789 34 21 oe

346 3826 122 28 Cement.

219 3903 34 29 C.
301 3902 28 29 J.
382 3898 207 37 COOMBS,

269 3950 128 29 Surgeon
420 3947 118 29 Dentist

171 3992 144 38 (Opposite
329 3989 129 40 CargilPs
472 3989 173 37 Monument)

336 4031 80 20 DUNE
420 4029 59 21 DIN.

240 4071 80 36 (Late
334 4069 77 29 Kidd
423 4068 55 29 and
493 4067 59 38 Co.)

146 4277 126 34 Florist,
292 4275 173 29 Weolesale
483 4283 54 20 and
560 4273 101 30 Retail

267 4316 87 29 Seeds
374 4316 167 33 Merchant,

155 4367 138 31 MORAY
312 4366 132 36 PLACE,
464 4365 191 38 DUNEDIN,

131 4421 114 26 (Successor
253 4421 22 19 to
283 4419 51 20 Geo.
341 4418 20 20 M
364 4425 10 12 a
377 4417 229 21 ttliewaEstablished
614 4417 56 21 1850.

258 4486 149 30 FLORAL
428 4486 127 29 WORK.

167 4528 66 30 Ihis
262 4528 24 27 is
311 4527 46 28 the
383 4525 125 40 Leading
533 4526 95 30 House
651 4527 29 29 in

131 4568 128 32 Dunedin
273 4568 44 28 for
336 4567 93 28 Bridal
454 4567 133 34 Showers,
608 4567 54 29 Bou-

129 4614 92 36 quets,
242 4607 140 37 Wreaths,
397 4607 113 40 Sprays,
522 4606 55 30 and
591 4607 89 31 Floral

126 4652 130 37 Designs.

166 4692 50 38 My
229 4689 140 31 continual
378 4689 56 29 And
449 4689 132 30 unvaried

126 4744 152 23 SUCCESSES
291 4742 39 23 AT
341 4742 59 22 THE
413 4742 131 22 DUNEDIN
560 4742 120 23 FLOWER

354 4770 99 21 SHOWS

127 4809 24 30 is
167 4807 137 31 snfficienfc
321 4805 81 40 proof
423 4805 30 31 of
465 4816 48 29 my
531 4805 148 41 capability

127 4852 28 27 in
169 4850 56 28 this
237 4849 106 29 branch
356 4847 29 29 of
397 4848 49 28 the
458 4847 135 30 business.

165 4890 51 37 My
225 4889 161 37 experience
396 4887 112 29 enables
520 4897 45 18 me
577 4890 29 25 to

160 4947 76 22 PACK
249 4946 91 22 THESE
353 4944 141 23 DELICATE
508 4943 136 23 ARTICLES

128 4984 44 30 for
191 4983 51 29 rail
262 4993 30 17 or
314 4986 117 24 steamer
443 4981 67 28 with
533 4980 66 29 such
619 4989 61 18 care

127 5024 56 29 and
206 5031 108 20 success
327 5032 30 17 as
370 5024 29 26 to
411 5030 99 19 ensure
531 5019 73 30 their
622 5019 58 28 safe

127 5064 56 30 and
193 5062 106 40 perfect
310 5061 129 37 delivery,
449 5070 68 19 even
526 5059 71 29 after
605 5069 74 19 some

128 5105 69 36 days
209 5104 28 27 in
251 5102 108 28 transit.

165 5144 15 28 I
193 5143 70 29 have
276 5150 148 20 numerous

129 5192 195 24 UNSOLICITED
333 5189 207 21 TESTIMONIALS
550 5188 79 22 FROM
638 5188 42 21 MY

321 5217 165 23 CUSTOMERS

131 5256 57 29 and
201 5256 118 27 Patrons
332 5254 133 37 attesting
486 5256 29 24 to
528 5263 45 26 my
586 5251 96 38 ability

129 5297 28 29 in
171 5296 55 29 this
239 5294 156 41 particular.

345 5365 128 30 SEEDS.

171 5410 15 29 I
211 5409 102 38 import
343 5407 66 38 only
440 5406 70 29 from
543 5405 48 30 the
621 5404 63 30 best

132 5451 147 37 European
294 5448 52 29 and
359 5446 175 31 Continental
549 5445 134 36 Growers,

133 5501 31 19 so
176 5490 61 28 that
249 5489 163 38 purchasers
426 5497 49 18 can
488 5487 60 37 rely
569 5496 35 18 on
621 5488 46 36 get-

131 5530 63 39 ting
206 5529 116 38 nothing
339 5529 52 28 but
406 5527 47 30 the
466 5527 61 29 best
541 5525 100 30 strains
653 5524 30 31 of

129 5571 96 31 Seeds.

169 5612 40 28 To
221 5612 78 28 thcce
312 5611 62 29 who
386 5611 71 27 have
474 5611 50 27 not
536 5609 84 38 given
634 5617 46 27 my

132 5652 72 30 Ser.u
226 5662 16 18 a
261 5651 72 36 trial,
347 5651 15 28 I
371 5649 91 30 would
483 5649 56 28 like
563 5649 76 28 them
651 5651 28 24 at

129 5693 70 29 lea.-t
212 5696 29 26 to
254 5692 66 29 send
334 5701 44 19 me
390 5702 16 18 a
420 5689 78 30 small
517 5689 63 29 trial
600 5684 91 34 order!

129 5733 56 29 and
198 5743 126 28 compare
336 5732 109 35 results,
458 5731 55 29 and

150 5785 9 21 i
172 5784 44 24 AM
230 5784 129 21 WILLING
371 5783 35 21 TO
420 5783 88 20 ABIDE
522 5782 38 21 BY
573 5780 89 22 THEIR

335 5809 143 22 DSCIPION.

738 221 121 30 'EVIOT
917 214 327 35 HORTICULTURAL

890 259 170 32 SOCIETY.

764 343 222 49 Programme
1018 336 40 43 of
1084 335 100 43 Show

844 398 39 30 To
894 398 35 29 be
941 396 65 30 beld
1019 399 28 26 at
1060 395 48 29 the

745 454 120 29 Athene
868 461 37 19 cm
931 451 86 33 Hall,
1042 448 160 34 Roxburgh,

954 501 43 30 On

718 555 218 35 THURSDAY,
952 555 69 28 17TH
1041 552 93 35 FEB.,
1150 551 80 29 1898.

836 646 69 21 Class
919 643 89 22 1.-Pot
1020 641 95 22 Plants.

713 684 11 20 1
738 682 80 22 Double
828 681 87 21 Fuchsia

713 711 12 20 2
738 710 68 26 Single
815 708 86 22 Fuchsia

713 740 12 19 3
739 738 64 20 Three
813 736 100 23 Fuchsias,
929 732 95 22 varieties

714 766 11 19 4
739 765 63 20 Three
814 764 93 20 Petunias
957 761 26 20 do

715 794 12 19 5
740 792 67 26 Single
816 790 111 22 Geranium

715 821 12 20 6
741 819 78 22 Double
828 818 110 21 Geranium

716 849 11 20 7
741 847 64 21 Three
814 846 127 23 Geraniums,
952 842 93 22 varieties

717 877 12 17 X
743 875 47 21 Btst
802 872 141 27 Pelargonium

717 904 12 19 it
741 903 65 19 Three
816 900 157 24 Pelargoniums,
983 898 94 20 varieties

711 930 18 20 !0
742 929 43 19 One
795 929 37 25 Ivy
842 927 111 20 Geranium

711 957 15 20 U
743 956 49 21 Best
806 955 72 21 Cactus

711 984 19 22 12
743 983 82 25 Foliage
835 981 87 26 Eegonia

711 1013 19 20 13
744 1012 49 20 Best
805 1011 112 22 Flowering
927 1007 89 25 Begonia

711 1041 18 20 14
743 1039 111 22 Collection
865 1037 21 21 of
894 1037 42 21 Cut
946 1036 90 21 Flowers
1047 1034 32 28 (12
1090 1033 93 25 blooms),
1195 1032 30 20 six
1233 1037 22 15 or

779 1074 56 13 more
844 1065 94 21 varieties

713 1095 18 20 !5
743 1095 48 19 Best
800 1093 105 26 Specimen
920 1091 59 20 Plant

711 1122 19 21 16
745 1122 54 20 Most
809 1121 67 26 point
886 1120 20 20 in
916 1119 63 20 above
990 1118 56 21 Class

814 1174 69 20 Class
897 1171 147 21 ll.Boeder
1061 1171 88 20 Plants.

720 1209 7 19 ]
745 1208 65 20 Three
821 1207 66 19 Sweet
898 1205 101 20 Williams

720 1236 12 20 2
746 1236 66 20 Three
821 1234 42 21 Sun
874 1233 89 21 Flowers

722 1263 11 22 3
746 1264 45 20 One
801 1263 43 20 Sun
854 1262 85 24 Flower,
949 1260 75 26 largest

722 1291 12 20 4
747 1291 65 20 Three
821 1288 77 22 French
908 1287 110 24 Marigolds

723 1319 12 19 5
748 1317 65 21 Three
823 1316 83 22 African
916 1314 109 26 Mangold#

724 1346 11 19 6
749 1345 34 21 Six
793 1344 127 25 Carnations,
937 1342 94 21 varieties

724 1374 11 20 7
749 1374 34 19 Six
794 1373 90 20 Picotees
983 1369 26 21 do

724 1401 12 20 8
749 1401 34 20 Six
794 1400 60 20 Show
865 1398 81 22 Pansies
956 1397 47 25 (self
1012 1395 96 27 colours),
1115 1394 94 23 varieties

724 1428 12 21 9
750 1428 35 20 Six
795 1427 68 25 Fancy
872 1426 89 25 Pansie,
972 1424 94 22 varieties

712 1455 24 21 10
749 1455 65 20 Three
828 1454 69 20 Lillies
1009 1451 27 21 do

713 1483 19 20 11
748 1482 64 20 Thiee
821 1481 63 21 Roses
1009 1479 26 21 do

712 1511 24 20 12
748 1510 35 20 Six
796 1510 63 21 Roses
1009 1507 26 21 do

712 1538 24 20 13
748 1538 65 19 Three
824 1536 79 21 Double
912 1535 83 21 Dahlias
1009 1535 26 19 do

712 1565 23 20 14
748 1565 35 19 Six
794 1564 79 21 Double
883 1563 83 20 Dahlias
1007 1561 26 21 do

713 1592 23 21 15
748 1592 64 20 Tiirei-
822 1591 27 21 Sii
858 1590 33 27 gle
898 1590 84 21 Dahlias
1007 1589 26 20 do

713 1620 22 19 ](i
748 1620 64 19 Thiee
822 1620 71 19 Aster*
1007 1617 26 19 do

713 1647 21 20 17
748 1646 33 20 Six
795 1648 70 18 Asters
1007 1644 26 20 do

712 1673 22 20 IS
748 1673 21 20 T1
779 1680 32 13 r<*t-
821 1672 50 18 Veil
880 1678 47 13 euas
1007 1670 26 20 do

713 1702 21 19 I!>
748 1701 63 20 Three
823 1699 103 21 Di.<ntbus
1007 1698 26 21 do

711 1729 23 19 20
747 1728 64 21 TlTee
821 1728 94 24 Phloxes,
930 1726 107 21 Perennial
1053 1726 19 24 (I
1089 1726 54 19 stem
1158 1723 22 21 of
1193 1722 65 26 each),

785 1755 78 18 VMleti'
870 1762 9 11 H

711 1782 23 21 21
747 1782 49 21 Tim
803 1782 41 20 eP:
855 1782 60 20 !o\es.
927 1778 137 23 Drumnriondi
1106 1779 54 20 stem
1166 1776 21 21 of
1193 1775 64 26 each),

786 1810 93 21 viijieti>

711 1838 23 20 22
747 1837 59 20 Tine,
824 1840 56 17 Aiitu
888 1837 98 24 ihinums,
997 1834 93 21 varieties

750 1865 18 19 K'
773 1871 24 13 'in
811 1865 11 18 S
828 1864 2 20 i
835 1865 48 18 oi'.ks
894 1864 15 20 (1

711 1892 22 20 24
748 1892 47 19 Tin
803 1898 9 13 e
823 1891 95 23 GU.dioii,
928 1890 93 20 varieties

711 1919 23 22 25
748 1919 54 21 Four
812 1919 34 21 Ho
856 1918 82 21 Ivhi'cks

711 1948 23 20 26
747 1947 85 21 Wreath
843 1947 20 21 of
873 1947 88 20 Floweis

711 1975 23 21 27
749 1975 67 21 Bridal
829 1975 93 26 Bouquet

711 2003 23 20 28
748 2003 131 20 Ornamental
894 2001 73 21 I'asket
976 2000 21 21 of
1006 2000 88 20 Flowers

711 2031 23 20 29
750 2030 59 20 Hand
819 2030 96 27 Bouquet

711 2058 23 21 30
747 2058 62 21 Table
819 2058 94 26 Bouquet

711 2086 23 21 31
748 2086 72 20 Gent's
830 2084 135 21 Button-hole

711 2113 24 21 32
748 2112 74 27 Lady's
832 2112 73 21 Breast
915 2111 94 27 Bouquet

711 2142 23 20 33
748 2141 112 21 Collection
868 2140 21 20 of
898 2140 41 21 Cut
947 2139 87 21 Flowers

711 2169 24 20 34
750 2168 111 20 Collection
871 2168 22 19 of
903 2167 41 20 Cut
952 2165 93 22 Annuals

711 2196 25 20 35
750 2195 111 21 Collection
872 2194 22 20 of
904 2192 126 25 Everlasting
1040 2191 88 21 Flowers

711 2223 25 21 36
750 2222 112 21 Collection
872 2222 21 21 of
903 2220 130 22 Ornamental
1043 2218 84 22 Grasses

711 2251 24 21 37
750 2250 61 21 Hand
821 2250 103 27 Bouquet,
936 2248 57 22 made
1004 2254 29 18 up
1047 2246 26 27 by
1089 2246 90 21 children
1196 2252 20 14 ui
1225 2245 32 21 (lei

786 2278 24 21 14
819 2285 58 19 years

711 2305 23 21 38
747 2305 79 27 Special
835 2304 63 21 Table
906 2302 120 23 Decoration

711 2333 23 21 39
748 2333 55 21 Most
812 2333 68 26 points
893 2332 19 20 in
922 2330 64 22 above
994 2330 57 21 Class

871 2379 70 22 Class
955 2376 144 23 lllFruit.

722 2416 11 20 1
746 2416 51 20 Five
806 2415 86 28 Apples,
902 2415 83 21 Dessert

722 2444 12 20 2
747 2444 49 20 Five
806 2443 85 26 Apples,
901 2441 92 26 Cooking

721 2471 12 20 3
746 2471 51 20 Five
806 2470 96 24 Peaches,
912 2469 118 24 Clingtone

721 2499 13 19 4
746 2498 51 21 Five
806 2497 96 26 Peaches,
912 2496 109 21 Freetone

722 2526 12 20 5
749 2525 47 21 Five
806 2525 95 26 Apricots

721 2553 13 21 6
748 2552 49 22 Five
808 2552 119 21 Nectarines

722 2581 12 22 7
747 2581 51 20 Five
807 2581 61 20 Pears

722 2609 12 20 8
747 2608 49 21 Five
806 2608 67 24 Pears,
884 2607 83 20 Dessert

722 2635 13 21 9
748 2635 82 20 Twelve
839 2634 73 26 Gages,
923 2633 66 21 Green
1000 2639 23 13 or
1032 2630 77 22 Yellow

712 2663 23 22 10
749 2662 81 22 Twelve
839 2662 64 26 Large
913 2661 75 23 Plums,
1000 2667 39 19 any
1048 2659 69 21 colour

712 2692 22 20 II
750 2691 80 20 Twelve
840 2690 93 20 Medium
943 2688 77 25 Plums,
1030 2694 39 19 any
1078 2687 70 20 colour

712 2718 24 21 12
748 2716 142 28 Twenty-four
898 2716 101 21 Damsons

712 2746 24 20 13
749 2745 110 21 Collection
870 2744 21 21 of
901 2744 55 21 Nuts

713 2773 23 21 14
750 2773 109 21 Collection
870 2771 21 22 of
899 2771 98 20 Walnuts

713 2801 24 20 15
751 2800 110 21 Collection
873 2798 21 21 of
903 2798 59 21 Fruit
971 2803 68 21 grown
1052 2796 28 26 by
1089 2795 110 22 Exhibitor

714 2828 24 20 16
752 2827 66 21 Three
827 2827 47 25 Figs

715 2855 23 21 17
751 2855 48 21 Two
808 2854 94 22 Bunches
911 2853 22 20 of
941 2853 49 20 Best
999 2852 85 25 Grapes,
1094 2850 72 21 injoor

718 2883 21 20 18
752 2883 47 21 Two
809 2881 94 23 Bunches
913 2880 21 22 of
943 2881 49 21 Best
1000 2880 86 26 Grapes,
1100 2878 87 22 outdoor

714 2911 24 21 19
752 2909 147 25 Gooseberries,
910 2915 38 13 one
958 2908 45 26 pint

713 2938 26 20 20
752 2937 71 20 White
833 2936 106 24 Currants,
949 2934 44 21 half
1001 2941 13 13 a
1023 2934 45 26 pint

713 2965 22 20 21
752 2964 61 21 Black
823 2964 106 23 Currants,
991 2962 26 20 do

713 2992 25 20 22
751 2991 45 20 Red
810 2991 105 24 Currants,
992 2989 26 19 do

713 3018 25 21 23
752 3018 54 20 Most
814 3017 59 27 point
882 3016 21 20 in
912 3015 64 22 above
985 3015 57 21 Class

836 3067 71 21 Class
920 3066 40 22 IV.
964 3066 176 20 Veqetabceh.

726 3102 8 21 1
750 3101 81 22 Twelve
840 3101 66 21 Broad
916 3101 23 20 B
946 3106 35 14 ans

727 3130 11 20 2
751 3128 141 26 Twenty-four
900 3128 75 19 Butter
985 3127 65 19 Beans

725 3158 13 20 3
750 3156 141 26 Twenty-four
901 3153 78 22 French
990 3154 65 20 Beans

724 3185 13 20 4
750 3182 143 26 Twenty-four
901 3182 78 21 Scarlet
992 3181 95 20 Runners

725 3212 13 19 5
750 3210 65 20 Three
825 3210 43 20 Red
878 3209 51 20 Beet

725 3237 12 20 fi
750 3237 47 21 Two
807 3236 103 26 Cabbages
919 3234 32 21 for
960 3233 55 21 table

725 3266 12 22 7
750 3266 47 20 Two
807 3265 98 21 Heaviest
914 3262 104 26 Cabbages

725 3294 12 20 8
749 3293 48 20 Two
806 3292 44 21 Red
859 3291 104 25 Cabbages

724 3321 12 20 9
749 3320 48 21 Two
806 3319 137 22 Cauliflowers
989 3323 8 12 *

712 3348 25 21 10
749 3347 65 21 Three
823 3347 73 25 Celery

712 3376 22 20 11
749 3374 111 22 Collection
871 3374 22 19 of
903 3370 123 28 Vegetables
1035 3376 70 20 grown
1115 3368 26 27 by
1152 3368 108 21 Exhibitor

712 3403 24 21 12
750 3401 36 21 Six
795 3402 103 24 Potatoes,
908 3406 38 14 one
953 3398 79 31 variety

713 3430 23 22 13
748 3429 82 22 Twelve
839 3428 104 25 Potatoes,
952 3425 12 22 3
978 3424 101 27 varieties,
1090 3424 12 22 4
1112 3422 50 23 each

712 3459 24 21 14
748 3458 49 20 Two
806 3455 132 26 Cucumbers,
948 3453 69 22 forced

711 3486 25 20 15
748 3485 49 20 Two
806 3483 132 25 Cucumbers,
947 3487 53 19 open
1008 3480 31 21 air

711 3513 24 21 16
747 3511 36 21 Six
792 3511 85 24 Onions,
887 3509 39 26 dry

711 3540 23 20 17
748 3539 35 20 Six
792 3538 74 25 Spring
875 3536 78 21 Onions

711 3567 23 21 18
746 3565 66 21 Three
821 3563 96 26 Parsnips

711 3594 23 20 19
746 3593 87 25 Twenty
843 3591 43 22 Pod
899 3591 51 20 Pea*

711 3621 23 22 20
749 3619 51 23 Half
808 3619 49 22 Pint
866 3617 84 22 Shelled
960 3616 50 21 Peas

711 3649 19 21 21
746 3648 35 21 Six
793 3647 68 21 Stalks
871 3646 44 20 best
924 3642 100 24 Rhubarb

711 3675 21 21 22
745 3675 35 20 Six
790 3674 69 21 Stalks
868 3672 99 21 Heaviest
975 3669 100 22 Rhubarb

711 3702 21 22 23
745 3701 65 22 Three
820 3699 81 23 Garden
910 3698 89 26 Turnips

711 3730 21 22 24
745 3729 66 21 Three
819 3727 59 22 Field
887 3727 87 24 Turnips

711 3758 21 20 25
745 3757 45 20 One
799 3755 113 26 Vegetable
921 3754 95 23 Marrow,
1026 3751 91 21 heavieit

711 3784 21 22 26
745 3784 45 21 One
798 3781 113 28 Vegetable
920 3781 94 24 Marrow,
1026 3779 55 22 table

711 3812 20 21 27
745 3811 45 21 One
802 3809 104 27 Pumpkin

711 3839 21 21 28
745 3838 36 21 Six
790 3838 83 21 Carrots

711 3866 21 22 29
745 3865 66 22 Three
820 3864 62 21 heads
891 3862 90 23 Shallots

711 3894 21 21 30
745 3893 65 20 Three
819 3893 74 20 Potato
901 3891 78 20 Onions

713 3921 15 20 II
744 3920 65 20 Three
818 3920 50 20 Coss
881 3918 87 21 Lettuce

711 3948 21 21 32
745 3947 64 21 Three
818 3946 93 26 Cabbage
920 3944 87 22 Lettuce

711 3975 21 21 33
745 3974 66 21 Three
819 3974 51 21 Tree
879 3973 77 22 Onions

711 4003 21 21 34
744 4001 51 22 Dish
804 4000 103 28 Spinnach

711 4030 21 20 35
745 4030 34 19 Six
788 4030 114 24 Tomatoes,
912 4027 74 26 largest

711 4056 21 21 36
745 4056 34 19 Six
789 4056 112 22 Tomatoes,
913 4054 60 21 finest

711 4082 21 23 37
745 4082 50 22 Bet
803 4082 105 22 collection
919 4080 21 23 of
948 4080 108 22 Tomatoes

711 4111 21 21 38
746 4110 79 20 Twelve
835 4110 57 26 Long
901 4109 99 21 Radishes

711 4138 21 20 39
745 4137 81 20 Twelve
834 4136 78 26 Turnip
921 4136 100 20 Radishes

711 4165 21 20 40
745 4163 112 22 Collection
867 4163 22 21 of
898 4163 39 21 Pot
951 4162 68 21 Herbs

711 4193 20 19 41
745 4192 36 20 Six
792 4191 65 21 Leeks

711 4219 21 21 42
746 4219 54 20 Most
810 4219 67 25 points
886 4217 21 21 in
917 4217 63 21 above
992 4216 56 22 Class

869 4264 70 21 Class
952 4263 141 21 V.Honet.

721 4301 11 21 1
746 4301 72 25 Honey
828 4299 20 22 in
856 4299 83 21 Frames

720 4329 12 20 2
747 4327 72 26 Honey
828 4327 20 21 in
858 4327 92 20 Sections

719 4356 13 21 3
746 4353 90 23 Drained
845 4354 81 26 Honey,
936 4352 66 22 under
1011 4351 55 23 121bs

812 4401 68 20 Class
893 4399 131 22 Vl.Farm
1037 4398 110 21 Produce.

722 4437 10 21 1
746 4435 44 23 31bs
800 4435 62 22 Fresh
872 4435 73 21 Butter
954 4433 21 22 in
984 4433 34 22 lib
1027 4432 48 23 rolls

721 4464 13 21 2
746 4464 44 21 31bs
801 4462 109 22 Powdered
921 4463 74 20 Butter

721 4492 12 21 3
746 4491 44 21 21bs
800 4491 67 25 Fancy
877 4490 75 20 Butter

721 4519 12 20 4
746 4518 44 21 31bs
800 4517 44 22 Salt
853 4518 74 20 Butter

721 4547 12 20 5
746 4546 46 21 Full
803 4545 62 22 Milch
875 4544 84 27 Cheese,
969 4543 58 22 made
1037 4543 27 27 by
1073 4542 110 22 Exhibitor

720 4574 13 21 6
746 4574 67 19 Green
823 4573 53 20 Ham

721 4601 11 22 7
746 4600 47 21 Side
802 4600 21 21 of
834 4600 74 25 Bacon,
919 4597 113 22 unmarked

721 4628 13 22 8
747 4628 46 21 Roll
804 4627 21 22 of
833 4627 74 27 Bacon,
918 4625 114 23 unmarked

720 4657 13 21 9
746 4656 88 21 Smoked
845 4656 53 21 Ham

711 4684 22 22 10
746 4684 56 21 Plain
812 4683 65 21 Oaten
889 4682 55 21 Cake

711 4712 21 22 11
745 4711 72 21 Girdle
824 4711 79 24 Scones,
914 4709 56 27 plain

711 4740 21 22 12
745 4739 56 21 Oven
809 4739 81 26 Scones,
899 4738 56 26 plain

711 4768 20 20 13
745 4767 67 25 Fancy
821 4766 73 20 Scones

711 4795 21 21 14
745 4793 50 21 Loaf
806 4791 133 23 Home-made
949 4790 74 28 Bread,
1032 4791 37 20 not
1078 4789 66 22 under

711 4822 21 22 15
745 4821 60 22 Fruit
814 4821 70 21 Wines

711 4851 20 20 16
744 4849 80 21 Twelve
834 4849 46 21 Hen
891 4848 52 25 Eggs
953 4845 91 27 (weight)

711 4877 21 21 17
745 4877 80 20 Twelve
833 4875 60 21 Duck
904 4876 52 24 Eggs
966 4873 90 26 (weight)

711 4903 20 22 18
745 4903 66 21 Home
820 4903 57 21 made
887 4901 58 22 Jams

711 4931 21 22 19
746 4930 135 22 Home-made
890 4929 79 22 Pickles

711 4959 20 21 20
746 4958 111 22 Preserved
866 4957 60 21 Fruit
935 4957 20 21 in
965 4955 79 23 Bottles

711 4986 18 21 21
745 4986 50 21 Best
803 4985 112 21 Collection
924 4985 21 20 of
955 4984 63 20 Dried
1028 4983 66 25 Fruit,
1103 4990 70 19 grown
1183 4981 74 26 locally

711 5013 21 21 22
746 5013 49 20 Best
804 5012 111 21 Collection
926 5011 21 21 of
955 5011 72 21 Jellies

711 5040 20 21 23
745 5040 47 21 Pair
803 5039 87 21 Trussed
900 5038 66 21 Fowls

711 5067 20 21 24
746 5068 46 20 Pair
800 5066 88 22 Trussed
898 5066 70 21 Ducks

711 5095 20 20 25
745 5095 55 20 Most
809 5095 67 25 points
884 5094 21 20 in
914 5093 64 21 above
986 5093 58 20 Class

814 5140 70 22 Class
893 5139 133 22 Vll.Lite
1040 5138 108 21 Poultrt.

732 5174 51 21 Best
790 5174 55 21 Cock
854 5174 40 20 and
905 5173 45 20 Hen
960 5173 21 20 in
992 5171 48 21 each
1051 5172 21 20 of
1084 5171 36 21 the
1129 5170 104 25 following

932 5199 77 21 Classes

722 5228 9 20 1
746 5228 63 21 Black
817 5228 44 21 Red
870 5228 65 20 Game

721 5255 13 20 2
747 5255 65 20 Game
822 5255 44 20 Pile

722 5282 12 21 3
746 5281 87 27 Spanish

722 5310 12 19 4
747 5308 111 26 Plymouth
867 5307 57 22 Rock

723 5337 12 20 5
748 5336 91 25 Dorking

723 5363 13 20 6
749 5362 112 26 Hamburg,
872 5368 40 19 any
922 5359 61 22 breed

723 5390 12 21 7
749 5389 161 25 Brahmapootra

723 5416 12 21 8
748 5415 77 22 Cochin
835 5415 65 21 China

723 5444 12 21 9
749 5443 105 26 Langhan

712 5471 23 20 10
748 5472 86 19 Bantam

711 5498 23 21 11
747 5498 54 20 Barn
811 5496 55 22 Yard

711 5525 23 22 12
746 5524 126 27 Wyandotte

711 5554 22 20 13
746 5552 88 22 Houdan

711 5581 23 21 14
748 5580 136 21 Andalusians

711 5609 23 20 15
746 5607 86 26 Spanish
842 5607 78 21 Poland

711 5636 22 20 16
747 5635 99 20 Minorcas

711 5663 22 21 17
747 5661 59 22 Duck
816 5661 40 21 and
866 5661 68 21 Drake
944 5658 131 28 (Aylesbury)

711 5690 23 22 18
747 5690 59 21 Duck
816 5689 40 21 and
866 5688 68 22 Drake
943 5688 88 27 (Rouen)

711 5719 21 21 19
746 5717 65 22 Pekin
820 5717 69 21 Ducks

711 5747 22 20 20
746 5745 99 26 Tuikeys,
855 5745 44 19 best
908 5744 44 25 fir

711 5773 20 21 21
748 5774 70 20 Geese,
828 5771 45 21 Vest
882 5772 44 25 pair

711 5801 21 20 22
746 5800 49 20 Beat
804 5799 78 26 Canary
893 5798 19 20 in
924 5797 58 26 Cagej

1347 213 71 21 Class
1430 213 232 26 YIII.>-Industbial

1286 248 11 21 1
1312 248 106 27 Specimen
1425 249 21 21 of
1453 250 217 28 Cork,Cone,Shell,or
1676 251 76 22 similar
1761 254 61 22 Work

1286 277 12 19 2
1311 277 106 24 Specimen
1426 277 22 20 of
1457 277 88 23 Leather
1555 280 65 21 Work

1286 304 13 20 3
1312 303 112 21 Collection
1434 305 23 20 of
1465 306 66 27 Paper
1542 307 87 21 Flowers

1286 331 14 21 4
1314 331 85 21 Exhibit
1408 331 90 28 showing
1509 334 44 21 best
1562 343 35 13 use
1608 335 21 21 of
1639 334 70 21 Waste
1717 334 107 27 Products,

1350 359 50 21 such
1408 366 22 14 as
1439 359 63 28 Cork,
1512 362 63 26 Rags,
1587 363 77 21 Broken
1674 362 73 26 China,
1758 363 33 21 &c.

1288 387 12 20 5
1314 387 104 26 Specimen
1428 387 22 20 of
1458 388 101 23 Macrame
1568 391 64 20 Work

1288 415 13 20 6
1314 414 105 26 Specimen
1429 415 21 21 of
1460 416 69 22 Berlin
1542 418 58 21 Wool
1611 418 63 21 Work

1288 442 13 21 7
1314 443 105 25 Specimen
1430 443 22 20 of
1460 444 64 26 Crazy
1535 444 62 22 Work
1607 453 23 13 or
1639 444 63 22 Patch
1714 444 65 21 Work

1289 470 13 20 8
1315 469 105 25 Specimen
1429 470 21 20 of
1460 470 77 21 Crewel
1547 473 65 20 Work
1621 474 20 19 in
1651 473 44 20 Silk

1289 497 13 22 9
1314 497 66 21 Three
1390 497 138 22 Home-made
1540 500 168 25 Handkerchiefs,
1717 499 21 21 in
1749 500 76 21 Drawn

1352 524 80 22 Thread
1521 526 114 29 (initialled)

1279 553 24 21 10
1316 553 87 21 Dressed
1412 553 48 21 Doll

1279 581 23 19 11
1316 581 43 20 One
1368 581 50 24 yard
1427 581 88 20 Crochet
1524 582 59 25 Lace,
1594 583 63 20 about
1664 583 33 21 3in
1707 582 19 20 in
1738 582 64 25 depAh

1282 607 21 20 12
1316 607 44 20 One
1369 607 108 25 Traycloth
1488 609 18 19 in
1517 610 153 20 mountmelliek

1279 635 24 20 13
1317 635 70 25 Apron
1397 635 20 21 in
1428 635 59 21 Cross
1496 635 74 27 Stitch,
1578 637 49 21 with
1636 635 108 28 Ingrained
1750 635 76 23 Cotton

1279 663 24 19 14
1319 663 45 19 Best
1374 663 97 20 Starched
1482 663 63 21 Man's
1556 664 71 21 White
1637 665 57 21 Shirt

1279 691 24 20 15
1317 691 48 20 Beat
1383 690 57 21 Plain
1458 691 80 26 Sewing
1558 691 48 27 (any
1623 692 86 27 article),
1728 692 26 23 by
1772 691 55 22 child

1353 718 65 20 under
1430 719 23 19 14

1281 745 23 20 16
1317 745 44 21 One
1375 747 44 24 pair
1431 746 61 20 Girl's
1502 746 57 21 Plain
1570 747 88 21 Knitted
1672 747 116 25 Stockings,
1803 746 26 27 by

1354 772 54 22 child
1420 773 64 21 under
1496 774 22 21 13

1281 800 30 22 17.
1328 801 43 21 One
1381 801 43 26 pair
1433 801 72 21 Gent's
1515 802 47 25 Sox,
1571 802 81 21 knitted
1660 802 46 26 purl
1714 802 40 21 and
1761 801 54 27 plain
1824 809 5 19 ;

1356 828 26 27 by
1391 828 55 21 child
1457 830 65 20 under
1532 830 24 21 15

1306 889 19 20 A
1335 889 85 20 number
1429 889 22 20 of
1461 889 77 26 Special
1549 891 67 19 Prizes
1627 890 42 20 will
1677 891 25 19 be
1711 890 93 20 allotted.

1309 921 41 21 The
1366 922 121 20 Secretaries
1503 923 40 20 will
1561 924 77 19 receive
1648 923 80 20 Entries
1739 929 29 14 ud
1777 924 22 19 to
1809 923 25 20 10

1283 955 50 20 p.m.
1350 956 25 13 on
1396 949 188 28 WEDNESDAY,
1599 951 54 21 16th
1670 950 162 26 FEBRUARY,

1283 977 43 25 (the
1335 976 85 27 evening
1430 977 69 22 before
1510 978 35 21 the
1556 979 75 25 Show).

1310 1013 35 21 All
1356 1013 95 21 Exhibits
1460 1016 56 19 must
1559 1016 21 19 at
1597 1014 37 21 the.
1652 1015 50 21 Hall
1717 1014 26 27 by
1757 1015 12 20 9
1785 1022 49 14 a.m.

1284 1048 26 14 on
1320 1041 35 21 the
1365 1042 93 26 morning
1467 1042 21 21 of
1498 1042 35 21 the
1542 1043 73 22 Show..

1309 1077 43 19 The
1361 1076 61 21 Show
1432 1077 40 20 will
1488 1078 24 20 be
1527 1084 51 19 open
1588 1078 53 20 from
1650 1078 12 20 3
1671 1085 50 19 p.m.
1733 1079 21 19 to
1763 1078 12 20 5
1784 1085 50 18 p.m.

1284 1104 40 20 and
1341 1103 50 21 from
1403 1104 78 20 7tolo
1490 1105 19 20 in
1521 1105 35 20 the
1566 1105 92 26 evening.
1695 1105 139 21 Admission

1286 1131 164 26 Non-members,
1472 1133 33 24 Is;
1527 1132 109 27 Members,
1654 1133 55 25 free;
1728 1133 108 20 Members'

1284 1158 92 25 families,
1388 1159 26 21 3d
1424 1159 54 21 each.

1312 1194 66 25 Entry
1395 1202 74 14 money
1488 1196 40 20 will
1547 1196 91 20 beFor
1657 1203 40 19 any
1715 1196 86 20 number
1817 1196 21 20 of

1286 1221 103 27 Exhibits,
1397 1223 21 21 5s
1427 1230 5 18 ;
1446 1223 31 21 six
1486 1223 101 26 Exhibit?,
1596 1223 34 26 2s;
1640 1223 63 26 single
1709 1223 87 27 exhibit,
1804 1223 32 22 6d.

1311 1258 34 20 No
1366 1257 87 22 Exhibit
1469 1261 21 18 to
1509 1260 23 19 be
1548 1260 93 20 removed
1658 1260 68 20 before
1744 1259 62 22 how
1821 1260 17 20 is

1287 1285 66 21 closed
1364 1289 73 23 except
1446 1287 24 25 by
1478 1286 35 21 the
1520 1287 69 20 authoi
1596 1288 29 24 ity
1636 1288 21 19 of
1667 1287 29 20 tli.
1712 1293 125 14 eomai'.itee.

1446 1325 223 31 P.J.DUANE
1694 1329 21 39 \
1728 1328 72 28 Hon.

1446 1367 31 28 B.
1495 1368 33 28 V.
1544 1367 165 36 BEILLYj
1726 1368 75 29 Sees.

1287 1445 138 29 TEYIOT
1436 1446 161 28 WESLEY
1599 1448 51 26 AN
1667 1446 170 30 CHURCII.

1289 1550 74 45 (~)N
1384 1551 114 38 Sunday
1512 1551 124 29 Services
1648 1551 56 29 will
1726 1552 33 28 be
1773 1561 46 19 con-

1374 1591 100 29 ducted
1487 1602 29 18 as
1530 1591 139 29 follow:

1287 1648 110 24 Roxburgh
1408 1647 20 23 (7
1438 1647 85 25 p.m.)
1524 1648 52 20 Rev.
1585 1648 22 19 J.
1618 1648 28 20 H.
1657 1648 83 24 ITurp^r

1331 1674 132 26 (Subject''
1473 1676 18 19 A
1501 1675 49 20 Sum
1563 1674 19 21 in
1593 1675 64 20 Profit
1667 1683 17 12 *i
1693 1676 12 19 <1

1286 1701 47 21 Coal
1345 1702 63 21 Creek
1418 1702 20 25 (3
1448 1702 82 26 p.m.)
1533 1703 51 21 Rev.
1594 1702 21 21 J.
1627 1702 21 21 H
1666 1703 39 20 Hw
1714 1710 36 19 per

1288 1729 78 20 Ettrick
1374 1729 27 25 (11
1414 1730 118 24 a.m.)Mr
1541 1730 56 20 Eden
1610 1730 29 23 (of
1652 1730 84 25 Hawea)

1382 1756 20 24 (7
1417 1758 59 24 p.m.)
1481 1757 56 20 Mr
1546 1757 96 20 Eden'of
1651 1757 85 25 Hawea)

1288 1846 214 29 ROXBURGH
1512 1848 159 28 BAKERY
1683 1848 22 28 &
1717 1847 118 29 STOR:.

1307 2036 140 37 BAKER,
1476 2037 294 31 CONFECTIONER
1796 2037 23 30 &

1422 2086 282 35 STOREKEEPER,

1326 2144 148 22 SCOTLAND
1497 2145 113 26 STREET,
1632 2145 167 21 ROXBURGH.

1276 2239 1 33 i
1330 2240 69 29 K.K.
1410 2240 104 28 desires
1528 2244 28 24 to
1570 2239 87 29 thank
1672 2239 45 29 the
1730 2239 93 30 inhabi-

1276 2278 1 40 j
1293 2286 70 22 taiits
1378 2281 28 27 of
1424 2280 150 38 Koxburgh
1588 2280 53 28 and
1653 2280 182 37 surrounding

1276 2319 1 39 i
1290 2321 120 28 districts
1436 2321 42 28 for
1500 2321 45 28 ihe
1568 2324 115 34 support
1705 2319 131 30 accorded

1276 2359 1 40 :
1290 2361 53 28 him
1359 2362 24 27 in
1401 2362 46 28 the
1459 2366 71 33 past,
1544 2361 52 28 and
1611 2365 28 24 to
1647 2359 100 30 inform
1763 2361 74 28 them

1276 2401 1 39 :
1291 2402 58 28 that
1364 2402 114 37 nothing
1478 2401 3 39 1
1494 2401 55 28 will
1563 2402 34 28 be
1610 2401 123 39 wanting
1746 2412 36 18 oil
1794 2401 42 29 his

1276 2441 1 39 !
1291 2450 59 30 part
1364 2443 24 27 in
1403 2443 46 28 the
1462 2444 90 26 future
1563 2446 29 25 to
1601 2441 80 29 merit
1688 2452 16 17 a
1713 2441 125 30 continu-

1276 2482 1 39 I
1288 2492 68 19 ance
1368 2483 29 28 of
1411 2483 69 28 their
1493 2487 122 34 support.

1319 2584 139 22 WEDDING
1477 2586 60 20 AND
1556 2586 149 21 BIRTHDAY
1724 2586 91 21 CAKES

1439 2620 80 19 MADE
1536 2620 35 20 TO
1585 2620 103 20 ORDER.

1290 2665 123 28 SOIREES,
1437 2666 110 22 PICNICS
1570 2666 15 21 k
1605 2666 85 21 BALLS
1709 2666 130 22 CATERED

1334 2701 55 20 FOR
1404 2701 37 22 ON
1458 2702 56 20 THE
1528 2701 142 22 SHORTEST
1690 2701 112 22 NOTICE.

1293 2743 126 41 Nothing
1433 2744 50 29 but
1498 2745 45 28 the
1556 2746 60 27 best
1627 2745 124 28 material
1764 2745 75 29 m-ed.

1291 2839 77 21 GOOD
1382 2839 184 21 ASSORTMENT
1576 2840 35 20 OF
1620 2840 165 27 GROCERIES,
1795 2840 45 26 kc.,

1495 2873 37 22 ON
1552 2874 81 21 HAND

1379 2944 119 29 Liberal
1517 2945 139 30 Discount
1668 2955 49 19 for
1738 2945 84 29 Cash.

1359 3105 414 43 BERNSTONE,

1338 3202 77 29 THE

1435 3269 93 34 (From
1556 3270 149 37 Dunediu),

1368 3347 67 44 \JT'
1446 3347 63 28 ILL
1525 3348 65 28 visit
1604 3347 163 39 Roxburgh,

1384 3382 14 20 *
1483 3388 105 28 Millers
1618 3388 70 35 Flat,
1713 3389 55 27 and

1363 3428 187 40 surrounding
1585 3428 121 30 districts
1738 3433 29 25 nt

1362 3469 108 38 regular
1482 3469 140 35 intervals,

1497 3522 78 28 when
1590 3523 34 28 he

1371 3587 103 29 WILL
1488 3587 103 30 TAKE
1606 3588 148 31 ORDERS

1361 3650 29 26 to
1415 3648 54 28 suit
1481 3648 47 28 the
1542 3649 181 29 convenience
1735 3649 30 29 of

1435 3694 47 29 the
1498 3693 69 30 local
1587 3694 101 40 public.

1404 3795 128 31 Charges
1555 3797 159 30 Moderate.

1360 3905 74 30 Suits
1444 3906 70 29 from
1523 3908 39 28 3
1573 3908 43 35 3s;
1630 3907 131 30 Trousers

1464 3953 71 30 from
1550 3955 49 28 16s
1612 3954 45 30 6d.

1358 4058 45 29 Fit
1415 4058 174 31 Guaranteed
1608 4070 31 20 or
1658 4060 102 40 Money

1459 4113 48 24 not
1520 4110 140 37 accepted.

1284 4210 221 54 JONES'S
1594 4211 240 56 (JOALPIT,

1431 4285 99 30 COAL
1552 4285 138 34 CREEK.

1276 4365 1 52 |
1287 4365 119 52 J)EST
1426 4365 156 30 LIGNITE
1602 4368 28 28 in
1652 4368 46 29 the
1719 4368 114 30 District

1373 4406 43 28 for
1450 4406 140 39 Steaming
1617 4417 30 19 or
1672 4408 160 28 Household

1285 4454 131 31 purposes
1433 4446 137 29 delivered
1584 4451 66 24 at

1543 4487 81 28 Cash.
1690 4487 124 30 Booked.

1285 4525 153 40 Roxburgh
1507 4550 28 6 ...
1563 4527 45 28 10s
1667 4528 48 27 lis
1728 4538 49 28 per
1786 4532 47 24 ton

1284 4567 58 28 The
1356 4567 45 27 Pit
1509 4589 28 6 ...
1579 4568 31 27 5s
1684 4569 32 27 6s

1284 4606 153 39 Roxburgh
1476 4605 66 31 East
1564 4607 46 29 lis
1670 4608 47 29 12s

1284 4647 58 30 The
1355 4647 126 39 Dredges
1509 4671 30 6 ...
1562 4647 131 31 Contract
1714 4649 101 29 Prices.

1322 4725 58 30 The
1401 4725 157 38 Proprietor
1570 4725 49 30 has
1633 4726 98 34 special
1749 4727 73 28 facili-

1285 4765 51 28 ties
1347 4767 43 26 for
1402 4765 122 37 delivery
1537 4765 27 27 in
1578 4776 53 27 any
1655 4774 61 29 part
1739 4767 30 25 of
1787 4768 48 25 the

1286 4804 124 37 District,
1437 4804 54 29 and
1518 4804 159 31 Customers
1702 4816 60 28 may
1777 4806 55 39 rely

1286 4857 35 18 on
1335 4847 84 37 being
1429 4846 139 38 promptly
1582 4847 134 38 supplied.

1324 4886 101 29 Orders
1437 4896 63 27 may
1514 4886 34 27 be
1562 4885 51 28 left
1625 4891 29 23 at
1674 4887 47 28 the
1736 4887 100 28 Mount

1286 4926 115 29 Benoer
1415 4925 75 28 Mail
1503 4924 92 31 Office.

1287 5000 55 56 JJ
1447 5000 28 28 J.
1563 5000 273 37 WALLES,

1456 5049 73 30 Coal
1567 5051 103 29 Creek.

1289 5124 115 39 Repairs
1425 5123 141 29 Executed
1588 5127 28 25 to
1641 5124 35 29 all
1695 5124 100 29 classes
1808 5125 30 29 of

1427 5164 83 28 Small
1531 5164 169 38 Machinery.

1326 5202 111 38 Sewing
1454 5203 141 30 Machines
1615 5204 118 30 Cleaned
1747 5205 54 29 and

1448 5244 120 28 Refitted
1581 5244 43 28 for
1637 5247 40 25 ss.

1362 5283 88 29 Teeth
1463 5288 50 34 put
1526 5284 28 28 in
1570 5283 59 39 Cog
1642 5284 121 29 Wheels.

1466 5356 93 28 Terms
1580 5355 84 30 Cash.

1330 5430 101 29 Orders
1457 5437 62 28 may
1545 5430 34 29 be
1610 5429 52 32 left
1685 5435 30 26 at
1738 5430 103 30 Mount

1291 5471 112 29 Benger
1417 5470 75 28 Mail
1503 5469 94 31 Office.

1317 5541 96 39 The
1430 5543 150 38 Wife's
1597 5543 214 38 Welfare.

1294 5587 79 19 Treatise
1385 5588 64 23 posted
1462 5590 43 18 free.
1529 5590 18 18 It
1557 5590 37 19 will
1608 5590 55 18 teach
1677 5594 37 19 you
1728 5594 50 14 more
1790 5589 46 18 than

1293 5611 23 17 all
1331 5611 32 17 the
1376 5616 54 18 years
1444 5613 65 21 you've
1523 5613 55 18 lived.
1607 5613 60 22 Every
1681 5618 72 13 woman
1768 5612 67 18 should

1293 5634 43 17 read
1344 5634 20 17 It
1386 5634 56 18 Write
1448 5635 94 18 Professor
1547 5636 101 22 Hermann,
1654 5635 72 19 French
1733 5635 102 23 Specialist,

1293 5657 20 17 40
1319 5656 134 24 Collins-place,
1462 5658 114 20 Melbourne.

1392 5703 188 40 YOUNG
1604 5705 132 45 MEN,

1293 5748 56 18 Write
1356 5749 21 18 to
1383 5754 30 14 me
1421 5750 29 18 for
1457 5750 84 18 valuable
1552 5751 38 18 free
1601 5750 52 18 Book
1660 5749 112 21 oonoerninc
1782 5752 43 19 your-

1291 5771 64 18 selves.
1379 5772 93 19 Professor
1487 5773 102 22 Hermann>
1604 5773 103 23 Specialist,
1723 5773 21 17 40
1760 5772 75 18 Collin*

1291 5794 58 23 place,
1357 5794 113 21 Melbourne.

1871 223 185 33 BOROUGH
2085 224 47 30 OF
2160 215 222 37 ROXBURGH.

1854 324 189 36 TENDERS
2063 326 50 27 will
2137 325 29 27 be
2189 318 112 32 received
2320 327 34 26 up
2375 320 26 24 to

1934 364 14 25 7
1973 364 91 26 o'clock
2095 374 58 23 p.m.
2179 370 31 18 on
2235 355 142 29 WEDNES-

1855 397 81 35 DAY,
1951 400 40 28 the
2003 401 73 27 26th
2091 395 163 35 INSTANT,
2268 394 48 27 and
2330 399 67 21 must

1855 435 28 26 be
1895 437 90 36 lodged
1996 440 25 25 in
2033 440 42 25 the
2086 437 153 29 Letter-box,
2250 433 151 27 Athenaeum

1857 472 127 37 Building-,
2014 476 38 27 for
2076 471 182 32 BUILDING
2289 471 22 25 A
2344 468 38 26 RE-

1855 510 153 31 TAINING
2035 512 106 29 WALL
2167 513 20 26 &
2215 505 187 33 CUNCRETE

1858 547 139 31 BOTTOM
2017 552 26 26 of
2053 561 54 17 new
2123 548 143 29 Reservoir.

2008 599 136 28 HENRY
2164 595 165 34 BAILLIE,

2273 646 96 35 Mayor.

2008 740 242 32 NOTICE.

1878 822 21 28 A
1914 821 47 30 LL
1982 823 101 30 Claims
2104 824 108 37 against
2236 822 48 28 the
2308 820 85 28 under-

1952 863 95 39 signed
2062 867 73 26 must
2152 864 35 29 be
2201 866 60 25 sent
2274 861 28 28 in
2316 860 94 30 before

1862 902 47 27 the
1920 903 8 26 1
1936 906 25 23 st
1971 903 146 34 MARCH,
2127 902 143 29 otherwise
2279 902 65 34 they
2355 900 55 27 will

1864 945 47 24 not
1931 942 35 28 be
1989 942 170 33 recognised.
2198 942 46 28 All
2271 941 141 28 Accounts

1865 982 53 28 due
1931 988 28 23 to
1980 994 41 17 me
2043 992 72 20 must
2139 984 33 27 be
2195 982 99 29 settled
2318 981 94 28 betore

1866 1023 47 28 the
1931 1028 38 23 Ist
1982 1025 87 37 April.

2164 1063 45 29 W.
2231 1063 144 29 SELIGE.

1867 1158 220 53 gAILEY
2163 1159 33 37 &
2266 1158 148 55 RIDD,

2032 1229 210 37 BUTCHERS,

1919 1283 240 30 MILLERS
2224 1282 141 35 FLAT,

1854 1323 1 45 I
1874 1337 56 31 Beg
1944 1340 28 23 to
1984 1345 141 19 announce
2138 1339 27 24 to
2179 1335 46 28 the
2238 1334 134 29 residents
2387 1333 29 29 of

1870 1377 117 28 Millers*
1991 1376 61 28 Flat
2071 1376 54 28 and
2148 1374 184 37 surrounding
2353 1373 46 28 Dis-

1871 1417 77 29 tricts
1960 1416 59 40 thpt
2032 1416 65 37 they
2118 1415 97 29 intend
2233 1415 129 36 carrying
2380 1423 34 19 on

1869 1467 14 17 a
1902 1456 133 37 liulcny
2055 1456 130 27 Business
2205 1455 77 28 there
2305 1463 36 19 on
2362 1453 52 28 and

1869 1497 70 29 after
2018 1498 41 27 Ist
2073 1496 148 38 February,
2236 1495 53 29 and
2302 1495 71 38 hope
2388 1497 27 26 to

1869 1542 47 35 get
1931 1529 206 47 tlulpatronuge
2150 1537 29 29 of
2192 1537 46 28 the
2252 1536 117 28 district,

1854 1602 1 41 |
1868 1617 65 19 BEST
1950 1615 68 21 Bi-EF
2041 1615 61 21 AND
2125 1614 118 21 MUTTON
2268 1612 145 22 SUPPLIED.

1854 1658 1 15 I
2189 1658 4 15 *

1867 1684 155 30 Customers
2035 1683 54 29 will
2104 1684 32 28 be
2157 1681 98 30 waited
2277 1690 36 19 on
2337 1680 78 29 twice

2080 1735 15 16 a
2120 1723 86 27 week.

2061 1810 0 0 I

2061 1812 38 38 [\
2121 1810 97 38 Card.]

1868 1963 45 54 Q
2007 1959 216 32 HUBE
2255 1958 82 29 NE
2369 1957 46 35 R,

1918 2008 12 13 *
1941 2022 132 22 TEACnER
2094 2021 35 21 OF
2151 2020 57 21 THE
2229 2018 110 27 VIOLIN,

1867 2076 67 28 Will
1948 2074 64 30 visit
2026 2072 155 40 Roxburgh
2194 2071 105 37 weekly
2324 2071 92 38 (every

2068 2121 140 37 Monday.)

1867 2212 95 29 Terms
1974 2222 34 18 on
2017 2212 164 38 application
2191 2214 28 25 to
2231 2210 51 28 self
2292 2221 30 18 or
2333 2208 84 30 Office

2041 2260 28 28 of
2083 2260 55 28 this
2151 2260 98 37 Paper.

2027 2345 180 30 T.BO
2227 2345 37 28 W
2285 2345 24 28 D
2330 2345 23 28 E
2372 2345 28 29 N

1942 2421 176 27 CAUPENTER,
2144 2420 115 26 JOINER,
2287 2420 61 21 AND

2042 2449 207 26 UNDKBTAKEK,

1868 2489 97 26 Desires
1993 2495 23 18 to
2043 2488 76 26 thank
2146 2488 41 26 the
2218 2487 87 27 Public
2330 2487 24 27 of
2379 2486 40 28 the

1870 2526 102 27 District
1988 2526 35 25 for
2042 2532 55 29 past
2115 2532 112 29 support,
2247 2525 48 27 and
2315 2525 60 34 begs
2395 2531 24 20 to

1867 2565 89 26 inform
1988 2564 64 25 them
2088 2565 54 26 that
2174 2565 29 26 he
2234 2564 43 26 has
2307 2563 112 28 resumed

1871 2603 118 25 Business
2003 2604 23 22 in
2041 2602 150 34 Roxburgh.

1870 2678 133 26 Estimates
2015 2678 72 30 given
2100 2678 46 24 and
2160 2678 119 35 Building
2290 2677 131 27 Contracts

1972 2720 22 20 (it
2015 2713 30 27 all
2066 2714 73 26 kinds
2156 2715 161 26 undertaken.

1907 2790 74 26 Plans
1994 2790 47 27 and
2062 2790 185 34 Specifications
2261 2789 123 36 prepared.

1870 2971 141 29 NOTICE
2021 2970 47 29 OF
2078 2970 259 28 APPLICATION
2347 2971 74 29 FOR

1945 3010 243 30 OCCUPATION
2215 3010 130 30 LEASE.

1996 3063 4 30 .
2048 3063 32 29 y

1873 3095 24 25 T
1927 3090 144 30 ALFRED
2088 3092 103 27 LOUIS
2207 3092 210 35 WESCOMRE,

1949 3134 23 23 ol
1986 3131 95 32 Millars
2096 3130 63 31 Fiat,
2170 3130 87 26 hereby
2270 3132 57 32 give
2338 3132 79 27 notice

1873 3170 51 25 that
1940 3168 9 27 J
1963 3169 59 25 have
2042 3168 96 35 applied
2158 3168 78 26 under
2256 3170 41 25 the
2316 3170 102 33 Mining

1876 3205 113 26 Districts
2008 3205 70 26 Land
2101 3205 152 35 Occupation
2275 3208 48 25 Act
2343 3206 74 32 1894,

1873 3243 35 28 for
1921 3253 30 18 an
1965 3243 152 35 Occupation
2137 3243 77 26 Lease
2236 3253 57 20 over
2313 3245 15 26 8
2350 3254 67 17 acres

1871 3282 26 26 of
1912 3281 65 32 land,
1991 3281 105 26 situated
2116 3289 33 21 at,
2170 3281 47 26 and
2237 3284 72 34 being
2327 3290 54 27 part
2394 3283 28 26 of

1871 3320 97 26 Section
1981 3320 39 31 62,
2036 3318 77 27 Block
2128 3318 53 33 111,
2193 3319 99 36 Benger
2306 3320 112 33 District;

1870 3356 48 27 and
1932 3358 52 24 that
1999 3356 58 26 such
2071 3356 148 36 application
2232 3358 47 26 will
2300 3358 28 26 be
2342 3358 74 26 heard

1871 3396 32 36 by
1919 3396 39 25 the
1974 3395 67 26 Land
2059 3394 79 27 Board
2153 3402 24 18 at
2190 3394 128 35 Dunedin,
2330 3405 32 17 on
2377 3395 40 26 the

1869 3435 63 27 23rd
1954 3433 46 35 day
2026 3432 27 27 of
2080 3432 125 37 February
2235 3435 74 33 1898,
2335 3439 25 22 at
2386 3434 29 27 11

1869 3471 91 27 o'clock
1975 3480 56 17 a.m.

1854 3506 2 42 j
1904 3509 80 26 Dated
1998 3516 24 19 at.
2035 3509 97 27 Millers
2152 3506 57 31 Flat
2222 3509 49 27 this
2290 3509 60 27 25th
2363 3508 49 36 day

1867 3548 24 26 of
1903 3546 121 36 January,
2040 3547 71 27 1898.

1897 3599 153 32 ALFRED
2063 3598 114 30 LOUIS
2191 3598 225 30 WESCOMBE.

1868 3678 259 33 APPLICATION
2152 3678 75 29 FOR
2255 3678 162 30 SPECIAL

2078 3719 132 30 CLAIM.

2034 3790 122 27 District:
2174 3789 82 35 Otago
2271 3789 110 32 Mining.

1989 3828 65 28 Date
2067 3838 5 17 :
2095 3827 58 27 17th
2167 3826 123 37 January,
2307 3826 72 28 1898.

1897 3880 37 28 To
1948 3880 40 26 the
2005 3878 106 27 VVarden
2124 3882 25 22 at
2163 3876 146 35 Roxburgh.

1865 3929 91 27 TT7E
1982 3927 89 36 hereby
2104 3925 74 36 apply
2205 3925 37 27 for
2271 3934 13 18 a
2315 3924 87 34 Specia

1969 3966 79 28 Claim
2066 3964 36 28 for
2115 3963 166 33 Goldmining
2294 3972 116 26 purposes

1864 4005 78 26 under
1954 4004 41 26 the
2008 4003 137 35 provisions
2167 4001 28 26 of
2238 4001 53 26 The
2311 4001 104 34 Mining

1866 4045 56 28 Act,
2061 4038 27 28 of
2106 4038 42 27 the
2172 4037 71 27 lands
2269 4037 147 27 hereinafter

1854 4074 1 38 ,
1863 4078 134 31 described,
2008 4077 79 27 which
2099 4077 61 27 have
2173 4076 60 28 been
2244 4074 58 38 duly
2313 4075 101 28 marked

1854 4113 1 37 I
1863 4119 24 25 in
1902 4118 148 26 accordance
2065 4116 58 25 with
2138 4115 41 26 the
2201 4115 98 33 mining
2320 4113 82 36 regula-

1864 4156 71 25 tions.

1866 4198 183 30 PLEASANT
2067 4196 143 28 VALLEY
2229 4196 161 28 GOLDMIN-

1995 4235 65 28 ING
2075 4235 60 33 CO.,
2147 4233 163 28 LIMITED.

1863 4289 51 35 (By
1923 4287 66 27 their
2000 4287 90 34 Agent,
2104 4284 83 27 Robt.
2193 4282 57 29 Jas.
2258 4283 154 36 Pitchers)

1899 4336 38 26 No
1966 4334 46 26 nnd
2051 4334 56 26 date
2145 4332 28 26 of
2196 4332 101 27 miner's
2325 4332 98 36 right:;

1862 4372 101 34 30129;
1984 4372 106 35 24/6/97
2104 4377 26 21 to
2142 4370 115 35 24/6/98.

1899 4444 78 26 Name
1999 4442 47 26 and
2069 4441 98 27 address
2188 4440 26 28 in
2236 4439 43 29 full
2295 4439 28 27 of
2332 4440 65 35 appli-

1863 4491 35 16 es
1911 4487 21 19 ts
1988 4479 116 27 Pleasant
2127 4478 90 35 Yalley
2243 4477 167 36 Goldmining

1863 4518 137 35 Company,
2014 4515 114 33 Limited,
2144 4515 146 34 Roxburgh.

1897 4555 70 36 Style
1979 4553 78 28 under
2070 4553 79 26 which
2163 4553 20 26 it
2204 4554 20 25 is
2248 4552 117 27 intended
2387 4558 25 21 to

1862 4593 106 26 conduct
1989 4591 40 27 the
2043 4590 265 27 businessPleasant
2322 4589 87 37 Valley

1864 4630 165 35 Goldmining
2043 4628 52 33 Co,
2108 4628 115 27 Limited.

1854 4663 1 38 !
1897 4668 111 28 Locality
2022 4668 80 24 where
2112 4666 41 25 the
2163 4665 58 26 lsnd
2232 4663 97 36 applied
2342 4663 37 28 for
2392 4665 20 26 is

1854 4694 1 42 |
1863 4717 10 17 f
1876 4704 229 30 jtuat<dSection
2120 4703 40 33 34,
2182 4702 75 27 Block
2272 4701 40 33 V.,
2325 4701 89 28 Teriot

1864 4745 103 27 district,
1982 4743 91 25 known
2099 4750 25 17 as
2148 4740 116 27 Pleasant
2289 4739 126 37 Valley

1866 4787 100 20 western
1982 4779 66 26 bank
2062 4778 91 26 Clntha
2169 4777 83 27 River.

1901 4819 92 27 Extent
2007 4816 23 28 of
2043 4815 58 29 laDd
2119 4814 96 37 applied
2230 4814 104 29 forlo
2348 4823 68 19 acre

1864 4856 14 26 2
1892 4857 72 25 roods
1980 4856 10 25 1
2007 4854 243 35 polelo-2-Ias
2262 4853 129 34 surveyed.

1899 4896 111 24 Amount
2023 4891 27 26 of
2060 4891 89 34 capital
2162 4889 120 38 proposed
2295 4893 29 24 to
2335 4889 28 28 be
2376 4891 26 26 in-

1865 4927 225 34 vestedl,ooo.

1899 4966 125 36 Proposed
2038 4964 72 29 mode
2130 4966 26 26 of
2175 4965 115 37 working
2303 4966 41 27 the
2357 4964 58 28 land

1866 5004 149 34 Sluicing
2025 5003 48 27 and
2084 5002 135 36 elevating.

1899 5043 71 26 Term
1986 5041 36 27 for
2036 5040 78 26 which
2130 5040 90 36 special
2244 5040 73 28 claim
2341 5045 75 31 grant

1866 5081 20 26 is
1904 5080 115 37 required
2021 5079 64 25 21
2108 5087 79 26 years.

1902 5116 105 28 General
2021 5115 212 35 remarksPegs
2250 5115 101 27 marked
2366 5115 34 27 X.

1901 5153 81 28 Dated
1996 5159 25 21 at
2036 5152 136 38 Roxburgh
2187 5153 49 27 this
2257 5152 61 28 17th
2332 5153 48 36 day
2394 5152 24 27 of

1866 5192 121 35 January,
2008 5190 75 28 1898.

1899 5278 54 27 The
1966 5276 77 29 above
2055 5275 150 38 application
2217 5277 49 28 and
2280 5287 48 26 any
2341 5276 65 39 objec-

1868 5317 64 24 tions
1946 5313 50 28 will
2018 5315 30 25 be
2072 5315 74 27 heard
2170 5321 26 21 at
2221 5315 41 26 the
2286 5315 133 26 Warden's

1867 5352 76 27 Office
1960 5358 25 20 at
1999 5350 139 38 Roxburgh
2151 5362 32 17 on
2203 5351 61 28 10th
2283 5350 136 37 February,

1870 5390 72 32 1898,
1956 5393 25 22 at
1996 5388 31 27 10
2039 5397 58 19 a.m.

1902 5429 59 33 Any
1974 5435 90 28 person
2076 5426 110 37 desiring
2205 5432 25 22 to
2243 5426 82 35 object
2337 5430 26 23 to
2377 5424 43 28 the

1869 5465 122 35 granting
2002 5463 30 26 of
2039 5472 15 19 a
2066 5464 90 36 special
2168 5463 73 28 claim
2262 5462 99 36 applied
2383 5463 38 26 for

1871 5507 72 26 must,
1962 5501 67 35 prior
2042 5507 25 20 to
2079 5500 43 28 the
2145 5501 113 36 hearing,
2283 5505 70 22 enter
2382 5498 39 28 his

1869 5538 136 37 objections
2029 5542 26 24 at
2079 5537 41 30 tke
2144 5538 132 28 Warden's
2301 5536 76 30 Office
2396 5542 26 22 at

1870 5574 149 37 Roxburgh.

1921 5619 211 28 FREDERICK
2149 5618 169 35 JEFFERY,

2205 5656 49 28 Pro
2268 5654 118 30 Warden.

1905 5701 121 28 Received
2048 5708 25 21 at
2095 5703 134 28 Warden's
2248 5702 84 32 Office,
2351 5701 53 27 Rox-

1869 5740 90 33 burgh,
1986 5748 31 18 on
2043 5740 9 26 3
2059 5740 43 31 7th
2126 5741 121 35 January,
2289 5739 75 34 1898,
2397 5743 25 22 at

1869 5778 58 26 3.10
1939 5786 59 26 p.m.

2451 285 218 71 Glad

2443 807 88 56 W.
2561 806 56 55 T.
2653 802 335 56 TALBOYS

2439 899 113 37 Having
2572 898 79 28 made
2670 909 16 17 a
2704 898 92 37 Large
2814 896 135 28 Purchase
2963 894 28 28 of

2457 956 221 39 SAMPLE
2704 952 275 42 CLOTHING

2441 1026 84 30 From
2538 1026 47 29 the
2608 1025 172 38 Wellington
2803 1023 127 30 Woollen
2946 1021 46 30 Co.

2532 1143 129 43 Large
2702 1140 206 41 Discount,

2500 1201 29 29 Is
2554 1211 61 19 now
2632 1200 123 37 Offering
2768 1199 47 28 the
2829 1207 73 20 same
2915 1200 28 25 at

2445 1265 336 39 ORIGINAL
2826 1262 168 38 COST.

2572 1354 55 28 We
2650 1354 81 27 Have
2756 1353 112 27 Also

2446 1411 93 29 Men's
2550 1409 99 30 Tweed
2662 1409 54 29 and
2732 1408 86 39 Serge
2830 1407 85 35 Suits,
2927 1407 70 29 from

2518 1451 49 28 21s

2446 1507 91 28 Men's
2558 1505 101 29 Tweed
2679 1504 142 36 Trousers,
2834 1503 35 28 all
2893 1503 105 28 sizes

2518 1548 30 28 -6s
2563 1546 53 28 lid

2445 1594 90 29 Men's
2549 1592 86 30 Black
2650 1592 130 29 Worsted
2793 1592 84 28 Vests
2879 1591 69 28 6s
2962 1590 36 28 6d

2601 1672 134 40 Splendid
2754 1672 54 29 Lot
2821 1671 29 29 of

2445 1722 109 28 BOYS'
2566 1721 122 29 SERGE
2697 1719 177 29 KNICKER
2885 1717 111 30 SUITS

2654 1766 47 29 All
2715 1766 77 29 sizes.

2500 1848 117 29 MEN'S
2650 1848 110 34 HATS,
2791 1845 147 34 SHIRTS,

2530 1900 182 36 SCARVES,
2726 1897 187 31 BRACES

2573 1954 34 29 In
2628 1954 109 29 endless
2751 1952 113 37 variety.

2445 2035 91 39 Large
2569 2034 159 39 Shipments
2759 2033 30 29 of
2822 2033 47 29 the
2901 2034 95 29 Latest

2483 2075 92 29 Goods
2592 2075 71 28 from
2677 2075 46 27 the
2737 2074 222 30 Manufacturers

2672 2121 103 29 in

2446 2183 120 30 DRESS
2584 2183 151 37 STUFFS,
2746 2183 147 36 PRINTS,
2904 2182 70 31 MUS-

2483 2259 99 36 LINS,
2599 2259 194 35 VEILINGS,
2808 2258 158 35 GLOVES,

2657 2310 58 37 &c.,
2737 2310 59 36 &c.,

2477 2366 40 28 At
2530 2364 92 30 Prices
2635 2364 90 29 which
2738 2367 74 25 must
2825 2363 49 29 sell
2889 2363 83 29 them.

2559 2461 26 27 A
2610 2460 141 28 Beautiful
2784 2459 54 28 Lot
2862 2458 31 28 of

2608 2504 244 32 UMBRELLAS.

2498 2634 221 40 Trimmed
2742 2632 228 50 Millinery,

2450 2695 29 29 of
2502 2695 90 28 which
2617 2704 41 19 we
2683 2694 69 28 have
2777 2704 16 17 a
2819 2703 65 28 very
2911 2691 92 30 choice

2635 2740 138 36 selection,
2794 2744 28 24 at

2451 2791 173 48 Greatly
2646 2789 190 39 Reduced
2859 2789 144 38 Prices.

2586 3013 285 35 ROXBURGH,

2538 3135 186 32 TUAPEKA
2749 3133 164 32 COUNTY.

2446 3225 197 49 RENDERS
2669 3224 55 30 will
2752 3224 35 29 be
2812 3221 123 32 received
2961 3222 38 36 by

2460 3272 21 12 *
2528 3268 49 29 the
2602 3266 131 38 Tuapeka
2758 3265 108 36 County
2888 3264 112 29 Council

2446 3308 70 30 until
2533 3318 72 18 noon
2624 3318 35 16 on
2683 3304 220 35 THURSDAY,
2932 3305 69 27 10th

2448 3347 222 35 FEBRUARY,
2686 3346 82 34 1898,
2780 3345 80 28 for

2522 3400 131 30 Contract
2688 3398 54 28 446
2805 3395 128 30 Erection
2972 3395 29 29 of

2595 3439 111 29 Shelter
2732 3437 75 29 Shed
2831 3436 55 30 and
2916 3436 83 30 Snow

2596 3479 91 35 Poles,
2702 3477 52 29 Old
2768 3477 66 28 Man
2847 3476 106 37 Range.

2485 3531 207 41 Specifications
2712 3532 28 25 aS
2762 3528 103 28 Mount
2885 3526 113 29 Benger

2448 3574 75 29 Mail
2551 3572 83 29 Office
2667 3569 56 29 and
2749 3568 109 37 County
2892 3566 107 36 Offices,

2446 3614 155 29 Lawrence.

2590 3660 116 28 JAMES
2732 3659 158 33 BENNET,

2679 3711 108 36 County
2802 3709 157 31 Chairman.

2481 3765 155 33 Lawrence,
2651 3763 67 29 26th
2730 3761 132 39 January,
2878 3761 80 29 1898.

2464 3848 163 32 LICENSE
2653 3848 48 30 TO
2737 3847 239 30 SLAUGHTER.

2446 3953 162 30 MOTICE
2630 3953 29 29 Is
2672 3953 113 38 Hereby
2800 3951 86 29 Given
2897 3951 61 29 that
2970 3949 24 37 I,

2533 3995 89 27 James
2649 3994 113 33 Bailky,
2787 3993 70 28 have
2886 3991 109 38 applied

2443 4040 29 24 to
2486 4034 48 28 the
2547 4033 131 38 Tuapeka
2702 4033 108 36 County
2832 4031 112 30 Council
2959 4041 34 18 on

2444 4075 110 38 Friday,
2572 4074 64 29 14th
2650 4073 132 38 January,
2796 4072 43 29 for
2852 4084 15 17 a
2881 4071 113 30 License

2443 4120 28 25 to
2486 4116 148 38 Slaughter
2646 4125 36 17 on
2696 4114 88 28 Block
2798 4113 77 35 VII.,
2890 4113 104 28 Millers

2444 4157 70 29 Flat.

2652 4194 126 28 JAMES
2805 4193 151 29 BAILEY.
