3443 4504
1120 18 169 33 OXFORD
1334 18 220 33 OBSERVER
1585 18 236 37 SATURDAY,
1838 12 247 36 SEPTEMBER
2106 11 47 37 14,
2171 10 90 31 1895.

2864 4231 105 26 Printed
2991 4231 52 26 arid
3081 4232 140 28 Published
3235 4228 47 41 'Ly
3317 4235 87 27 Laura

2897 4269 84 26 Annie
3003 4271 105 30 PABiSHi
3131 4274 28 24 at
3181 4272 48 27 her
3260 4273 144 33 llegistered

2895 4311 119 35 Printing
3024 4314 86 30 Office;
3132 4315 72 34 Hi?b
3212 4320 7 13 *
3228 4317 92 27 Street.
3343 4318 61 24 East

2853 4353 8 9 s
2897 4350 102 36 Oiforiaii
3008 4348 172 45 C«)ferburjr;'

2941 4408 131 27 Saturday
3084 4410 152 28 Septembhr
3246 4414 41 24 14.
3301 4411 66 29 1895

2847 183 170 51 WATCH
3058 163 157 80 &>A
3243 177 152 51 CLOCK

2969 341 300 34 FITTED

3109 400 30 18 AT
3259 409 3 4 •

2867 440 182 35 Parish's
3078 441 102 35 East
3204 441 165 44 Oxford*

2848 597 318 45 WEETHEIH

3028 694 248 48 SIM£E'S

2890 899 205 41 MACHINE
3142 899 200 41 NEEDLES

2862 988 121 49 From
3015 988 72 56 I/-
3116 1001 72 47 pr
3224 990 150 56 fywm*.

3108 1722 50 22 AT'

2855 1879 187 33 EAST
3090 1879 295 32 O3ZDFOJK.D

2854 2106 139 39 TimlDer
3007 2106 70 38 and
3099 2106 75 39 CToal
3203 2105 187 38 Merchant

2854 2191 44 32 :^T
2921 2189 93 26 AKGE
3034 2189 107 26 BTOCK
3160 2190 43 25 OF
3216 2189 174 26 BUILDING

2921 2265 125 33 Oix;gseo
3062 2284 6 7 ,
3078 2261 157 32 descripiion,
3257 2263 132 32 Reasoned

2953 2303 75 30 ready
3034 2303 38 24 for
3079 2310 51 21 use,
3140 2303 91 29 always
3238 2310 32 17 on
3277 2302 77 24 hand.

2869 2356 3 5 ■
2888 2345 68 30 Also,
2987 2343 152 27 Galvanised
3170 2343 68 31 Iron,
3269 2343 120 26 Portland

2857 2385 103 25 Cement
2968 2385 49 24 and
3028 2384 123 25 Builders'
3165 2385 190 30 Ironmongery.

2890 2437 109 31 Country
3015 2436 90 24 Orders
3129 2435 126 32 Carefully
3277 2433 113 28 Selected

2890 2495 3 11 ,
2929 2484 5 3 '
2981 2495 3 4 .
3021 2476 50 25 and
3078 2476 144 25 forwarded.

2857 2532 96 24 TUAM
2961 2531 143 28 STEEET,
3118 2531 273 25 CHEISTCHUECH

2920 2657 210 40 HOLLAND
3165 2657 155 40 FINISH

3026 2711 174 57 MLJCO.

2969 2775 80 33 3d.,
3065 2784 74 31 per
3145 2804 7 7 ,
3160 2777 114 38 yard.

3111 2851 34 27 at
3168 2869 9 12 ..
3203 2867 6 4 •

2965 2900 42 29 .BL
3025 2900 41 30 H.
3088 2899 197 32 PARISH'S

2895 3208 160 49 wolfed
3069 3191 35 64 I
3120 3181 262 70 fOTSEiCC

2923 3406 115 27 piytwie
3072 3399 34 41 g
3119 3396 13 38 I
3139 3396 92 37 ncre
3236 3398 80 35 can
3328 3396 51 37 oe

2902 3489 204 36 wvifioianHfiß
3210 3493 77 39 for

2890 3834 219 46 PUBLIC
3158 3834 240 46 NOTICE.

2856 3925 1 1 ■
2864 3904 71 26 ■■*"..'
2953 3922 13 8 ■■.
3006 3899 18 24 "•'
3076 3906 18 3 ~
3149 3901 2 8 :

3087 3940 132 35 Messages
3238 3950 50 17 can
3301 3951 60 16 now
3373 3941 34 26 be

2861 3988 60 24 sent
2944 3985 54 27 and
3015 3985 123 27 received
3158 3989 30 23 at
3212 3986 67 28 East
3304 3986 100 28 Oxford

2852 4030 124 34 'Statip:n,
2979 4055 2 8 :
2993 4031 54 27 and
3063 4031 93 28 Postal
3175 4032 87 29 Notes
3282 4043 61 26 may
3364 4033 35 27 be

2862 4078 165 35 purchased:-
3094 4097 4 12 ;
3111 4104 1 1 .
3152 4088 24 23 ,'

2345 147 423 47 EUCALYPTUS

2517 224 2 6 '
2548 217 11 15 ♦
2652 229 1 4 :

2291 250 4 5 -
2344 246 59 21 THE
2419 245 71 21 BEST
2504 244 87 22 HOME
2605 243 141 22 BEMEDIE

2402 284 36 15 are
2452 277 36 22 the
2497 277 134 27 preparation
2640 277 26 22 of
2673 276 36 21 the

2289 315 168 23 TASMANIAN
2475 314 184 22 EUCALYPTUS
2673 313 48 23 OIL
2735 313 81 22 COMP.

2317 352 135 25 Universally
2461 351 103 21 admitted
2572 351 36 21 the
2617 351 78 25 BEST,
2706 350 114 21 PUREST

2289 391 44 21 and
2342 390 56 21 most
2408 388 92 22 effective
2511 388 133 27 Eucalyptus
2665 387 105 22 Globulus
2786 387 33 22 Oil

2289 423 33 21 for
2340 421 171 25 INFLUENZA,
2532 421 91 26 Coughs,
2643 420 63 22 Colds
2730 420 43 21 and
2790 420 30 22 all

2290 455 64 22 Chest
2370 454 43 21 and
2421 454 62 24 Lung
2499 452 112 21 affections
2624 452 77 26 speedy
2709 452 61 21 relief
2779 452 42 21 and

2290 486 55 21 Cure
2362 486 34 20 for
2410 485 156 23 Bheumatism,
2586 484 121 25 Neuralgia,
2721 484 100 26 Sprains-

2289 513 71 21 Burns
2380 513 34 20 &c.

2316 546 132 26 Eucalyptus
2466 545 102 21 Globulus
2586 545 92 21 Extract
2686 545 89 26 sprayed
2789 544 31 21 in-

2290 578 62 21 haled
2368 578 43 21 and
2424 579 70 19 taken'
2499 578 115 24 internally
2631 578 33 19 for
2678 578 36 20 the
2732 578 87 24 Throat,

2290 612 97 28 Gatarrh,
2403 612 59 26 Hay,
2486 612 96 26 Typhoid
2598 611 43 21 aad
2655 612 81 21 Seariet
2744 612 77 21 Fevers

2291 638 129 35 jjfEASLES
2430 645 36 21 the
2471 646 55 20 most
2535 644 136 26 satisfactory
2679 645 142 25 preventative

2292 677 43 21 and
2348 677 60 21 Cure.
2434 677 58 21 Send
2504 677 50 20 Post
2570 676 55 21 Card
2634 677 23 20 to
2666 677 37 20 the
2713 676 62 21 Office
2787 677 34 20 for

2292 708 94 21 Circular
2399 709 119 25 describing
2535 709 121 20 treatment.
2683 708 137 26 Eucalyptus,

2292 741 109 21 Ointment
2410 743 36 19 the
2455 743 70 24 Magic
2533 742 79 20 Healer
2626 742 21 19 of
2662 742 69 23 Sores,
2744 742 77 24 Burns,

2293 772 100 26 Wounds,
2408 774 60 20 Boils
2486 774 44 23 &c,
2552 772 133 26 Eucalyptus
2704 772 57 26 Soap
2774 772 43 21 Fra

2291 805 62 25 grant
2363 805 42 22 and
2413 805 123 26 refreshing,
2560 805 132 25 Eucalyptus
2701 804 88 26 Jujubes
2798 811 24 14 or

2291 837 101 21 Pastilles
2401 838 33 20 for
2443 837 36 21 the
2504 837 79 21 Throat
2593 837 43 21 and
2645 837 63 20 Voice
2724 843 29 14 an
2766 837 54 21 anti-

2292 868 66 26 septic
2368 869 42 20 and
2420 870 119 20 stimulant.

2292 901 124 26 Veterinary
2432 902 35 20 Oil
2476 902 42 21 and
2528 902 111 20 Ointment
2647 902 34 19 for
2690 901 37 20 the
2736 901 84 21 stables.

2318 934 31 21 Be
2358 941 48 14 sure
2415 942 42 19 you
2466 935 107 22 Purchase
2586 934 39 22 the
2636 934 103 26 Platypus
2755 934 67 21 brand

2292 968 50 25 only
2351 968 22 20 of
2380 968 30 20 all
2418 969 111 24 Chemists,
2535 969 87 19 Grocers
2627 967 44 21 and
2677 967 145 26 Storekeepers

2292 999 43 20 and
2348 1000 22 19 at
2384 1000 36 19 the
2431 1000 62 20 Office
2502 1002 12 19 9
2523 1000 114 20 Cathedral
2646 1005 75 18 square
2730 999 92 20 between

2292 1030 99 20 Morten's
2404 1032 111 25 Buildings
2523 1032 42 20 and
2575 1032 37 19 the
2620 1032 51 19 Post
2681 1030 70 21 Office.

2453 1065 87 22 Oxford
2550 1065 79 27 Agent
2669 1078 3 4 ■
2783 1077 4 4 •
2825 1079 4 2 -

2288 1110 33 21 »■:_:;
2345 1101 65 21 E,H.
2424 1102 117 24 PAEISH,
2563 1102 76 20 EAST
2653 1101 119 21 OXFORD
2788 1092 6 28 \

2519 1139 37 20 Oil
2570 1138 29 28 1/-
2613 1146 40 19 per
2662 1139 77 20 bottle.

2317 1248 180 40 HEALTH
2519 1245 306 43 GUARANTEE!)

2295 1331 180 30 QUFFEEERS
2511 1333 57 20 from
2577 1333 8 10 *
2610 1331 210 27 RHEUMATISM,

2295 1362 23 19 U
2348 1359 151 26 LUMBAGO,
2517 1359 184 26 NEURALGIA,
2719 1360 103 20 Nervous

2294 1387 138 25 exhaustion,
2441 1388 96 26 wasting
2544 1388 97 26 dibility,
2651 1388 48 20 lost
2706 1387 80 26 vigour
2797 1387 25 20 of

2293 1414 66 26 body,
2368 1420 154 19 nervousness,
2531 1415 45 20 loss
2586 1415 21 20 of
2625 1414 56 21 flesh
2700 1414 46 21 and
2763 1414 59 21 vital

2293 1447 79 20 power,
2395 1442 90 19 restless
2516 1442 66 25 sleep,
2606 1442 95 24 dreams,
2720 1441 102 26 pimples,

2293 1467 63 20 weak
2365 1468 61 23 back,
2438 1468 60 20 want
2515 1468 24 20 of
2548 1468 160 26 development,
2725 1468 97 21 varicose

2293 1494 72 23 veins,
2373 1494 131 26 incapacity,
2521 1495 92 25 urinary
2634 1494 117 25 disorders,
2771 1494 52 20 skin

2295 1520 46 22 and
2349 1520 67 21 blood
2425 1520 94 21 diseases
2528 1522 45 20 and
2582 1521 31 20 all
2622 1521 104 21 ailments
2736 1521 87 27 arising

2294 1550 57 19 from
2360 1548 62 26 early
2431 1553 23 14 or
2462 1548 58 21 later
2538 1549 43 26 day
2594 1555 72 14 errors
2676 1550 49 24 etc.,
2750 1548 72 21 CON-

2295 1575 73 21 SULT
2377 1574 78 21 FREE
2479 1575 80 21 PROF.
2581 1575 149 22 NOTMANN
2748 1576 32 21 M.
2789 1575 33 25 E.,

2295 1603 28 20 E.
2351 1602 29 20 M.
2396 1602 26 20 G.
2445 1602 125 20 MARKET
2588 1603 92 20 PLA.CE
2700 1602 124 21 CHRIST-

2296 1629 123 21 CHURCH
2459 1629 116 27 (Opposite
2615 1630 105 21 Colombo
2747 1630 86 21 Street.

2296 1656 83 27 Bride)
2636 1660 2 1 '
2660 1660 2 1 '
2668 1669 5 5 -

2323 1694 49 21 The
2380 1694 54 27 only
2449 1693 86 27 Expert
2552 1694 140 27 advertising
2707 1694 54 22 that
2777 1694 47 21 will

2304 1722 123 27 guarantee
2436 1727 14 14 a
2459 1721 113 27 thorough
2577 1728 59 15 cure.

2323 1764 247 22 MANUFACTURER
2579 1764 22 21 of
2609 1764 40 22 the
2658 1765 53 27 only
2730 1771 94 21 guaran-

2297 1793 53 21 teed
2358 1792 96 21 Electric
2462 1792 48 21 belt
2528 1792 45 20 and
2585 1792 63 21 other
2667 1793 84 26 special
2768 1793 56 20 elec-

2296 1820 68 21 trical
2372 1820 127 26 appliances
2507 1820 25 19 m
2540 1819 44 20 the'
2588 1820 107 20 Colonies:
2725 1820 97 21 Medical

2297 1848 113 18 Batteries
2419 1847 41 18 etc.
2488 1842 136 28 Discriptive
2629 1847 135 24 -Pamphlets
2771 1848 54 23 .post

2297 1872 62 22 Free.

2377 2016 358 46 IMPORTANT

2299 2125 82 30 ALL
2411 2124 119 31 WOOL
2553 2124 168 31 EOSLYN
2742 2123 83 31 AM)

2335 2199 291 33 WELLINGTON
2649 2199 186 38 TW&EIJU

2445 2269 38 40 S
2496 2269 54 40 XT
2561 2268 136 42 ITS

2342 2334 66 41 35/-
2426 2334 85 33 Suits
2525 2334 143 32 Reduced
2676 2337 34 28 to
2733 2333 66 42 25/-

2341 2396 67 41 --4-
2450 2420 21 16 „
2554 2420 19 14 „
2599 2415 6 4 •
2656 2420 19 14 „
2740 2395 68 41 35/,

2340 2446 147 32 Trousers
2502 2446 60 31 and
2575 2444 75 32 Vest
2704 2444 83 41 -13/6

2532 2507 50 21 AT

2326 2558 193 32 PARISH'S
2545 2559 89 30 East
2657 2558 143 31 Oxford.
2831 2579 4 4 •

2328 2690 44 45 S.
2412 2689 79 43 W.
2527 2688 273 45 TURPIN.

2298 2756 240 41 WATCHMAKER.
2571 2756 173 40 JEWELLER
2770 2757 57 32 &c.

2374 2819 87 25 MAIN
2475 2818 134 27 STREET
2627 2818 138 25 OXFOBD

2488 2869 62 18 near
2560 2861 83 25 Bank.

2318 2977 71 31 W.
2433 2973 361 38 WOODWARD

2296 3030 152 27 PAINTER
2465 3030 69 25 AND
2551 3029 268 30 PAPERHANGER,
2827 3024 12 20 *

2398 3081 110 33 EAST
2551 3081 181 31 OXFORD.

2346 3178 42 26 All
2398 3178 80 26 orders
2488 3178 119 33 promptly
2619 3178 112 26 attended
2742 3180 28 23 to

2298 3320 172 32 OXFORD
2513 3319 187 32 LIBRARY
2740 3319 88 32 AND

2388 3372 196 29 READING
2603 3372 132 28 ROOM.

2297 3473 53 26 The
2378 3470 93 30 Ossferd
2496 3472 105 33 Library
2627 3472 23 25 is
2676 3480 63 24 open
2760 3480 69 24 every

2297 3516 113 32 Tuesday
2420 3516 51 24 and
2491 3516 121 31 Saturday
2641 3515 96 32 nights,
2764 3515 65 25 from

2298 3561 58 23 680
2367 3567 69 25 p.m.,
2457 3560 26 25 to
2503 3561 16 23 8
2529 3566 72 26 p.m.,
2624 3558 51 26 and
2704 3566 34 18 on
2760 3566 71 25 every

2297 3603 119 26 alternate
2427 3603 131 33 Thursday
2582 3603 138 30 afternoon,
2750 3603 80 33 (Sale-

2297 3646 70 34 days)
2389 3647 64 26 from
2465 3648 61 24 230
2535 3655 66 24 p.m.,
2617 3648 27 24 to
2656 3648 15 24 5
2682 3655 60 24 p.m.
2779 3646 52 26 The

2297 3691 111 32 Reading
2420 3691 79 26 Room
2509 3691 22 25 is
2542 3698 65 25 open
2629 3692 27 24 to
2677 3690 45 26 the
2747 3690 85 33 public

2297 3735 59 32 free)
2361 3735 66 31 daily
2437 3727 102 36 frQmli
2551 3742 71 21 a.m.,
2645 3739 26 20 to
2695 3734 136 29 Sundown,

2298 3777 126 33 (Sundays
2452 3777 127 33 excepted)
2612 3778 51 25 and
2702 3777 71 26 when
2788 3777 45 26 the

2297 3819 106 33 Library
2436 3819 23 26 is
2492 3827 73 25 open,
2599 3819 43 26 the
2678 3819 153 33 circulating,

2297 3862 104 33 Library
2412 3862 113 26 contains
2535 3863 77 29 1,700
2621 3862 121 31 volumes,
2766 3870 67 18 com-

2296 3906 95 32 prising
2401 3913 31 19 :—
2432 3906 121 33 -History,
2561 3917 7 3 -
2573 3905 110 31 Science,
2716 3905 118 34 Theoogy

2295 3949 150 32 Biography,
2486 3949 87 25 Travel
2605 3949 52 25 and
2685 3949 146 26 Adventure

2295 3991 83 26 Books
2388 3992 39 25 for
2436 3993 44 24 the
2499 3992 92 33 Young
2602 3993 43 24 &c.
2679 3992 60 25 This
2761 3993 23 25 is
2806 4001 28 16 a-

2295 4036 101 31 mongst
2417 4035 45 26 the
2471 4035 93 32 largest
2586 4036 51 25 and
2647 4033 56 29 best
2727 4036 104 26 selected
2836 4049 2 6 ■

2295 4078 104 33 Library
2410 4079 27 25 m
2464 4078 62 26 New
2539 4079 118 26 Zealand.
2693 4080 23 25 A
2724 4078 115 28 number'

2295 4121 28 28 pf
2327 4129 56 18 new
2396 4121 85 30 .books
2502 4122 50 25 will
2573 4122 98 32 shortly
2689 4123 32 26 be
2744 4124 89 26 added,

2295 4164 52 25 The
2358 4163 151 26 Committee
2531 4164 49 25 will
2591 4165 31 25 be
2632 4165 56 32 glad
2699 4167 28 24 to
2737 4167 95 26 receive

2295 4206 178 27 contributions
2496 4206 29 27 of
2549 4207 106 26 suitable
2680 4207 80 28 books
2781 4209 57 25 and'

2293 4249 143 34 periodicals
2457 4250 38 26 for
2504 4250 45 26 the
2559 4250 108 35 library
2686 4253 52 25 and
2749 4253 82 27 Bead-

2292 4294 47 32 ing
2364 4298 79 21 room;
2515 4310 3 4 •
2533 4307 6 6 •
2583 4298 9 19 ;
2669 4306 13 12 .-
2758 4298 7 16 v
2813 4297 6 12 r

2292 4338 33 14 ■-•'
2351 4349 17 20 v
2374 4331 52 39 ■•';;4
2424 4335 17 11 St
2444 4348 1 1 -
2446 4341 4 11 s
2454 4342 54 24 V:'Lk
2525 4342 131 35 BEEVES;
2682 4353 2 6 <
2683 4343 2 5 :
2724 4357 2 3 ■
2759 4335 35 25 '"■'>
2814 4357 5 3 -
2834 4365 2 2 .

2573 4382 69 26 Hon.
2653 4383 143 29 Librarian.

2286 4432 24 25 ■jc
2344 4423 467 39 Sraso^M^2/-^iß^QfeAki«B^:

1237 222 396 49 B^BLO¥
1674 223 165 42 AND
1884 215 272 47 PRICE

1420 277 190 42 Goventry
1647 274 111 45 Cycle
1805 272 128 35 Works

1287 333 38 28 88
1347 329 197 32 COLOMBO
1568 327 171 36 STREET,
1783 319 340 38 CHRISTCHURCH.

1124 391 56 31 We
1194 391 117 40 having
1325 390 93 30 taken
1433 398 73 21 over
1518 387 52 31 the
1584 387 71 31 well
1668 386 114 31 known
1790 384 111 36 works,
1916 381 179 39 machinery
2104 378 61 32 and
2174 377 88 32 stock

1123 434 33 28 m
1169 433 89 29 trade
1271 432 78 30 wish
1361 435 33 26 to
1408 431 111 29 inform
1534 428 53 31 the
1608 429 104 40 public
1725 427 70 31 that
1807 438 47 19 we
1868 436 52 20 are
1934 422 149 42 prepared
2097 424 33 27 to
2149 420 112 30 under-

1123 473 73 30 take
1210 472 102 30 orders
1326 472 48 30 for
1387 481 68 20 new
1467 469 156 31 machines
1638 470 61 29 and
1713 471 127 28 execute
1857 466 117 40 repairs
1996 467 33 27 at
2050 463 54 31 the
2128 463 135 28 shortest

1255 513 100 30 notice
1368 512 49 30 for
1438 512 41 30 all
1494 511 90 30 kinds
1598 509 35 31 of
1642 509 210 40 Engineering
1866 507 62 30 and
1939 505 93 41 Cycle
2043 502 96 33 work.

1287 567 124 22 SPECIAL
1424 565 174 22 ATTENTION
1613 564 93 21 GIVtiN
1721 564 37 20 TO
1772 561 138 22 COCNTEY
1925 559 122 22 ORDERS.
2113 563 3 3 '

1126 606 119 42 facing
1258 603 157 31 Machines
1438 603 63 29 and
1521 603 97 38 Light
1640 601 164 30 Roadsters
1819 609 19 20 a
1852 599 154 38 specialty.
2014 599 3 6 '
2048 596 49 30 No
2109 594 154 39 imported

1125 647 155 31 machines
1293 646 75 39 kept
1381 646 33 29 m
1428 645 97 30 stock,
1541 644 43 30 all
1597 643 86 31 work
1697 642 78 30 done
1789 650 40 21 on
1842 639 53 30 the
1917 638 155 40 premises.
2123 636 31 29 A
2177 634 86 40 large

1156 688 88 31 stock
1258 687 34 31 of
1302 688 123 38 Lamps,
1436 685 94 36 Bells,
1545 685 62 29 and
1622 683 126 33 Saddles
1761 693 41 19 on
1815 680 83 31 hand
1912 682 32 27 at
1957 679 112 33 reduce
2080 676 129 41 dprices.

1257 785 115 96 R.
1438 785 129 86 H.
1626 775 505 94 PABISH

1400 919 193 61 EAST
1638 917 323 63 OXFORD

1348 1005 76 29 has
1440 1001 186 34 received
1644 1011 25 22 a
1684 1002 288 38 consignment
1988 999 43 30 of
2224 1024 4 5 .

1126 1054 295 59 Messrs
1478 1053 410 58 .Johnsons
1941 1049 67 57 &
2065 1048 199 58 Sons

1299 1133 262 58 GREAT
1621 1129 443 60 YARMOUTH

1190 1219 224 94 OIL
1494 1215 683 94 CLOTHING
2231 1285 17 26 ,

1304 1354 332 48 ENOEMOUS
1695 1354 383 47 REDUCTIONS

1130 1486 427 89 MAIDS
1681 1483 585 92 ULSTERS

1245 1636 447 91 Beduced
1732 1643 102 82 to
1877 1641 112 84 2s
2032 1638 160 87 6d.

1485 1802 38 30 36
1544 1804 33 28 to
1598 1801 40 30 45
1650 1801 103 30 inches
1774 1801 85 39 deep.

1375 1882 571 15 »♦♦♦♦♦♦♦♦♦»+♦+♦♦♦♦♦♦♦♦♦♦♦♦♦♦♦♦♦♦♦♦»«♦♦««■»

1125 1947 80 34 rpHE
1223 1946 115 33 question
1348 1944 22 25 is
1381 1942 99 26 natural
1480 1957 34 3 —
1538 1941 66 32 Wby
1615 1941 59 25 send
1689 1942 26 23 to
1727 1939 175 26 Christchurch
1922 1939 38 24 for
1977 1945 61 25 your
2055 1937 109 32 Drapery
2172 1938 12 23 ?
2218 1937 51 24 The

1131 1966 22 39 JL
1189 1980 101 31 drapery
1302 1978 54 25 sold
1363 1978 27 23 m
1398 1977 56 24 that
1466 1975 50 32 city
1527 1981 71 24 every
1609 1982 46 17 one
1666 1974 93 28 knows,
1771 1973 23 24 is
1805 1974 44 23 not
1859 1972 72 24 made
1942 1972 77 27 there,
2038 1970 45 25 but
2093 1970 130 32 imported.
2257 1969 14 24 I

1128 2015 92 30 import
1231 2013 64 25 from
1306 2011 44 25 the
1360 2010 54 25 best
1424 2008 108 33 English
1542 2008 51 25 and
1608 2007 87 26 Scotch
1706 2007 99 24 houses.
1850 2005 72 25 lam
1934 2004 103 25 enabled
2047 2005 27 24 to
2085 2003 122 32 purchase
2223 2003 48 25 low

1128 2048 49 25 and
1186 2047 46 26 sell
1243 2047 26 24 at
1278 2054 15 17 a
1304 2046 53 24 rate
1368 2043 27 25 of
1403 2042 74 33 profit
1490 2042 52 34 (my
1554 2049 118 24 expences
1682 2040 72 32 being
1764 2038 82 33 small)
1858 2039 57 25 that
1925 2038 82 25 would
2018 2037 31 26 be
2066 2036 144 26 considered
2229 2036 41 25 ab-

1128 2081 58 26 surd
1196 2080 33 31 by
1243 2087 49 24 any
1312 2076 177 27 Christchurch
1512 2075 196 25 establishment.
1759 2073 44 31 My
1824 2072 77 25 Stock
1919 2072 22 24 is
1958 2071 45 25 the
2021 2071 94 31 largest
2133 2071 50 24 and
2192 2072 79 23 -most

1126 2115 95 26 tvaried
1230 2113 57 26 that
1295 2112 46 24 has
1353 2118 55 18 ever
1418 2111 63 23 been
1492 2109 87 25 shown
1588 2108 28 24 m
1627 2107 43 25 the
1680 2106 102 30 district,
1796 2105 49 25 and
1855 2105 39 25 for
1904 2104 92 32 quality
2015 2104 49 25 and
2083 2103 71 26 value
2171 2106 58 30 puts
2245 2104 27 24 m

1127 2149 31 24 he
1170 2147 77 26 shade
1263 2145 76 33 goods
1350 2142 91 26 offered
1452 2142 33 32 by
1495 2141 103 31 visiting
1609 2139 116 26 hawkere
1735 2140 63 23 from
1810 2139 43 24 the
1870 2137 180 26 Christchurch
2062 2145 49 24 rag-
2118 2139 88 23 marts.

1160 2202 93 25 Dress
1265 2200 164 29 Materials,
1441 2197 87 25 Plain
1540 2196 60 25 and
1609 2195 102 30 Fancy
1723 2195 78 23 from
1814 2193 49 24 3d.
1876 2198 54 25 per
1938 2191 84 32 yard.

1161 2263 26 26 A
1204 2261 109 29 Strong
1328 2259 87 26 Stout
1431 2257 132 26 Durable
1580 2255 124 32 Kaiapoi
1720 2253 113 26 Tweed
1848 2252 51 33 2/6
1911 2257 54 26 per
1975 2252 76 31 yard

1751 2297 106 25 Makes
1868 2297 154 24 first-class
2039 2295 90 30 Boys'
2148 2294 89 26 Suits.

1161 2357 56 26 Art
1233 2355 139 29 Muslins,
1390 2353 156 30 Cretones,
1564 2351 79 25 Lace
1660 2348 138 26 Curtains
1815 2345 54 27 &c.

1161 2426 25 30 A
1204 2424 109 26 Choice
1330 2421 165 27 Collection
1513 2421 33 24 of
1560 2419 119 31 Gloves,
1705 2417 77 30 Ties,
1811 2415 128 32 Aprons,
1969 2414 163 25 Insertions
2150 2413 53 26 &c.

1161 2477 119 32 Striped
1297 2475 122 26 Galatea
1435 2473 54 34 4/6
1501 2478 54 27 per
1566 2473 105 30 dozen,
1701 2470 100 26 worth
1813 2470 48 24 9d.
1879 2473 55 26 per
1950 2467 83 31 yard.

1161 2541 101 24 Prints
1274 2540 79 24 from
1363 2538 52 24 4d.
1427 2543 54 26 per
1492 2536 84 31 yard.
1589 2535 137 30 Muslins,
1739 2532 137 30 Selesias,
1890 2530 124 31 Calicos,
2028 2530 54 25 &c.

1738 2576 86 26 With
1841 2575 87 25 other
1944 2574 191 25 Manchester
2150 2573 86 29 lines.

1161 2637 87 30 Hats,
1266 2636 102 30 Fancy
1384 2635 60 25 and
1460 2633 105 31 Sailor,
1583 2633 32 24 m
1630 2631 103 26 White
1750 2630 60 24 and
1826 2628 115 26 Colors.

1696 2672 125 27 Newest
1836 2671 123 32 Shapes,
1993 2668 96 31 Large
2105 2668 130 33 Variety,

1160 2734 147 31 Flowers,
1324 2731 153 31 Feathers,
1495 2728 146 31 Ribbons,
1660 2726 104 31 Laces,
1782 2725 74 32 Jets,
1876 2724 54 25 &c.

1626 2768 86 27 With
1728 2768 41 24 all
1784 2765 183 26 necessaries
1984 2764 47 25 for
2047 2762 188 29 Trimmings.

1160 2826 102 30 Fancy
1277 2824 138 30 Frillings
1434 2823 76 31 3yds
1521 2822 47 25 for
1577 2820 36 34 1/-
1629 2819 102 26 worth
1741 2818 50 31 9d,
1808 2822 55 26 per
1873 2816 83 31 yard,

1688 2858 180 34 Umtirellas,
1886 2859 149 30 Parasols,
2054 2856 181 31 Sunshades,

1302 2928 54 17 ■^^
1498 2928 36 13 »^
1619 2927 17 12 w
1639 2926 20 13 **
1739 2930 38 8 "*•"'
1861 2929 38 7 "•"•'
1923 2928 37 7 "•"•'
2047 2920 34 12 mw

1274 2968 327 46 SPECIAL
1687 2962 417 45 PI7BOHi-.SE

1128 3044 110 33 BOYS
1269 3042 89 31 AND
1386 3037 172 33 YOUTHS
1595 3031 214 35 COLONIAL
1840 3029 153 34 TWEED
2019 3029 249 35 OVERCOATS

1605 3098 76 31 with
1702 3095 96 42 Capes

1401 3163 93 30 From
1515 3162 66 30 17s.
1624 3158 50 32 6d.
1718 3156 100 33 worth
1860 3155 65 31 255.
1972 3153 48 31 6d.
2054 3185 5 7 ,

1280 3229 193 35 Men's
1516 3225 223 34 Tweed
1781 3223 344 35 Overcoats

1597 3279 93 31 Eroin
1713 3278 64 30 15s.

1129 3459 131 31 Enfflish
1274 3459 127 34 Witnev
1409 3458 147 32 Blankets
1570 3459 33 28 to
1617 3456 38 31 be
1669 3456 67 31 sold
1750 3459 32 27 at
1792 3456 60 30 less
1859 3455 77 30 than
1949 3454 180 30 Melbourne
2141 3453 129 31 Whole-

1130 3511 63 30 sale
1212 3506 245 46 price-^Double
1470 3510 69 31 Bed
1554 3508 68 32 Size
1643 3509 64 32 12s,
1732 3508 49 30 6d.
1831 3507 101 30 worth
1947 3507 65 29 16s.
2050 3505 49 30 6d.
2120 3514 55 31 per
2188 3506 77 39 pair.

1295 3583 129 41 cheaper
1436 3581 77 31 than
1527 3575 222 36 Christchurch
1762 3577 113 32 houses
1887 3576 66 32 will
1966 3575 58 32 sell
2036 3576 95 31 them.

1128 3673 297 86 HISSES'
1483 3678 249 79 CAPES
1791 3675 58 79 &
1908 3673 358 81 JACKETS

1130 3924 480 97 PRINTS
1626 3927 20 84 !
1689 3922 488 89 PRINTS
2200 3919 61 92 H

1207 4064 138 50 Wow
1361 4060 152 51 landed
1530 4065 106 50 cost,
1655 4059 183 49 Edward
1857 4058 200 50 B«tn«tts
2076 4058 116 50 $t«ck

1128 4135 322 107 ROLLER
1511 4130 496 104 TOWELLING
2073 4133 155 88 M.

1154 4404 91 45 :R.
1271 4402 77 35 H,
1384 4401 309 41 PARISH,
1749 4400 154 34 East
1949 4400 257 41 Oxford,
2239 4428 16 13 .

1117 4476 2 4 ,
1132 4456 28 19 "''■■
1217 4480 2 2 .
1248 4479 2 2 .
1263 4466 3 3 •
1293 4465 47 21 ,■/;..■
1353 4465 74 21 :/;■■.*■
1472 4465 19 17 ■■.■■■
1507 4465 47 20 .■;•■■.
1602 4479 3 2 .
1641 4469 62 17 ■'.:.;
1732 4470 16 8 ■■
1767 4466 1 8 :
1794 4477 2 2 ■
1819 4461 243 20 s¥,i^&--:->:--<i.i:'::i:s?i-i:
2067 4463 16 18 .•?
2091 4465 15 19 ,f
2110 4469 35 13 -„■■■.•
2165 4472 2 10 :
2172 4471 3 8 .-
2187 4462 11 17 '..
2226 4472 35 10 .?.

572 504 262 48 GEOEGE
866 500 229 48 KEATS.

595 582 156 24 BUILDER
759 581 69 23 AND
840 579 234 25 UNDERTAKER

672 634 103 31 EAST
815 632 177 32 OXFORD.

604 726 119 25 Funerals
731 724 148 27 Conducted,
892 723 86 24 Adults
985 723 65 24 from
1060 722 37 23 £3

572 770 113 24 Children
702 768 64 24 from
784 766 68 32 22/6.

592 962 216 26 OXPOBD
852 957 233 25 IB.A-DSZIEIE&'y"

671 1008 210 29 Established
905 1005 86 28 1862.

618 1073 121 28 FLOUE,
751 1071 55 25 best
816 1069 79 26 brand
906 1068 59 32 only
975 1068 66 31 kept.

571 1116 140 28 SHARPS,
746 1110 202 29 OATMEAL,
983 1111 109 23 BRAN

658 1154 286 29 CHICKENWHEAT,
963 1155 41 24 &c.

595 1202 39 20 AT
662 1199 120 21 LOWEST
810 1197 139 22 CURRENT
975 1196 103 24 KATES,

657 1313 53 45 F.
743 1311 48 45 B.
814 1308 185 56 LANE.

673 1387 90 40 (Late
777 1387 37 29 E.
834 1385 158 39 Butcher.)

570 1447 247 32 Watchmaker,
846 1445 180 31 Jeweller,
1043 1441 51 30 &c.

569 1497 136 31 Importer-
725 1496 26 23 of
789 1494 112 24 Musical-
929 1493 168 23 Instruments

667 1533 109 26 Victoria
798 1532 36 26 St.
865 1531 132 31 Rangiora.

572 1624 98 31 Special
679 1623 70 24 value
771 1621 28 24 m
821 1621 79 24 Extra
923 1621 85 28 strong
1019 1616 78 26 Cased

570 1668 87 31 highly
664 1665 108 25 finished
784 1663 108 32 English
909 1662 79 25 Lever
996 1659 101 27 Watch-

572 1720 33 17 es.
650 1708 188 27 Manufactured
855 1709 26 23 to
902 1715 43 22 my
973 1705 70 25 order
1064 1703 33 31 by

571 1752 54 25 best
636 1750 112 25 London/
757 1748 112 25 makers.'
897 1744 155 33 Unequalled
1060 1744 37 24 for

572 1795 120 26 excellent
705 1792 174 32 Timekeeping
895 1790 49 25 and
955 1788 141 33 durability.

603 1839 29 22 F.
650 1838 31 23 B.
693 1836 94 24 LANE
799 1834 138 31 personally
958 1833 71 24 visits
1050 1832 47 24 Ox-

572 1882 53 24 ford
644 1880 123 30 monthly,
790 1877 112 31 carrying
922 1884 15 17 a
959 1875 67 31 large
1048 1873 49 26 and

572 1923 83 26 choice
689 1922 69 26 stock
785 1920 27 26 of
842 1919 125 29 Watches,
996 1918 101 28 Chains,

572 1966 131 27 Brooches,
713 1965 86 31 Rings,
810 1963 84 28 Studs,
912 1962 126 25 Pendants
1050 1962 47 27 etc,

575 2010 138 32 Spectacles
735 2007 121 34 (Pebbles,
872 2006 166 31 Pantoscopsc
1050 2003 49 26 and

574 2054 106 32 Crystal)
693 2052 94 28 Clocks,
807 2050 105 33 (Marble
932 2049 50 25 and
999 2048 100 32 Wood,)

671 2096 153 24 Accordeons
836 2094 49 24 and
896 2089 105 29 Violins.

605 2141 80 24 Exact
697 2140 56 23 date
765 2139 27 24 of
801 2138 61 24 each
873 2137 59 25 visit
953 2136 22 24 is
986 2134 105 26 notified

681 2202 2 3 .
719 2183 28 24 m

573 2229 113 25 Repairs.
688 2242 32 4 —
721 2226 42 26 All
773 2226 93 31 repairs
883 2232 41 17 are
941 2223 116 25 executed
1067 2222 32 31 by

573 2272 91 32 myself
684 2279 27 17 or
727 2270 78 25 under
821 2277 42 24 my
883 2266 217 33 superintendence

574 2324 27 15 so
622 2316 56 23 that
696 2315 102 29 patrons
809 2320 46 16 can
877 2313 51 28 rely
951 2319 32 15 on
1005 2309 96 31 getting

575 2358 152 25 satisfaction
735 2358 26 23 at
772 2356 43 24 the
826 2362 58 24 very
895 2355 85 23 lowest
989 2353 110 30 charges.

606 2401 103 33 Repairs
720 2408 28 17 or
756 2399 82 25 orders
847 2405 57 25 may
915 2397 31 26 be
954 2396 44 26 left
1009 2397 59 24 at—

574 2451 25 25 J.
617 2449 132 29 Weeber's,
783 2449 63 24 East
869 2446 99 26 Oxford,

574 2496 25 24 at
622 2494 40 26 W.
685 2493 36 25 M.
744 2492 38 28 C,
804 2492 64 25 East
892 2490 99 25 Oxford.

573 2538 25 24 J.
615 2537 97 28 Brown,
725 2534 157 30 Bootmaker,
906 2533 70 25 West
999 2530 100 26 Oxford.

573 2581 40 25 W.
626 2580 24 25 J.
664 2579 115 25 Crothers
788 2579 19 23 &
819 2577 44 25 Co.
871 2595 6 7 .
899 2576 69 26 Cust.

606 2623 49 25 and
671 2623 51 25 will
728 2622 30 25 be
768 2620 125 33 promptly
904 2618 116 27 attended
1031 2619 35 25 to.

575 2666 54 31 All
639 2665 98 32 Work
747 2665 77 29 done
835 2674 40 20 on
888 2664 53 29 the
951 2663 149 29 Premises

695 2717 66 30 and-
770 2714 195 42 guaranteed.

576 2885 88 39 MR
685 2884 64 41 W.
773 2884 51 41 N.
848 2880 252 46 CATMRO,

615 2956 179 23 BARRISTER
807 2955 67 22 AND
890 2953 171 24 SOLICITOR.

722 2997 229 31 RANGIORA.

573 3049 130 31 Attends
718 3049 120 31 Oxford
852 3059 40 19 on
902 3048 96 31 Court
1005 3047 95 40 Days.

573 3122 164 28 Instructions
745 3122 33 33 by
787 3124 57 31 post
855 3121 51 27 will
916 3121 92 25 receive
1019 3128 81 25 prom-

735 3163 28 30 pt
790 3161 131 26 attention.
947 3172 3 13 ;

693 3211 106 21 MONEY
826 3211 37 21 TO
890 3210 88 21 LEND.

624 3332 43 55 S.
700 3332 49 46 B.
771 3331 301 55 SEYMOUR,

769 3398 137 27 DENTIST,
1097 3408 5 12 i

613 3441 42 21 215
669 3439 103 23 Colombo
786 3440 81 24 Street,
890 3439 165 21 Christchurch.

740 3512 176 22 CHARGES:—

640 3554 92 27 Filling,
747 3554 38 25 sej
820 3553 131 22 Extraction
960 3553 25 21 2s
998 3552 38 22 6d.
1053 3546 3 11 '

599 3621 94 21 Nitrons
702 3619 59 21 Oxid
770 3618 46 22 Gas
825 3618 277 24 Administeredfor.Pain

572 3663 45 21 less
627 3661 132 21 Extraction
767 3661 25 20 of
799 3661 80 21 Teeth.
882 3675 14 14 v
912 3661 45 21 Fee
966 3660 37 22 for
1010 3660 92 21 Admin-

572 3701 109 22 istration
691 3700 32 22 ss.

628 3831 107 25 CHILD
745 3830 108 24 BIRTH
866 3828 94 31 SAFE,
972 3828 74 25 AND

677 3872 136 28 ALMOST
822 3871 171 27 PAmiESS

572 3916 97 36 X>X
815 3915 48 25 DR
907 3914 193 26 FAWCETT'S

582 3941 56 38 li
672 3948 131 26 Medicine.

603 3984 72 36 &RS
697 3990 163 26 BURRELL
881 3990 59 33 begs
962 3991 27 25 to
1010 3989 90 26 inform

571 4032 44 25 the
624 4029 92 28 Ladies
726 4028 57 27 that
791 4028 44 26 she
843 4028 47 26 has
897 4028 64 25 been
968 4027 131 33 appointed

570 4072 57 25 Sole
646 4070 74 33 agent
740 4069 29 25 m
791 4067 175 28 Christchurch
993 4067 38 26 for
1055 4067 51 26 the,

569 4109 77 25 above
656 4107 124 26 Medicine
791 4108 27 24 to
831 4105 117 26 facilitate
960 4105 139 26 Accouche-
1105 4101 2 46 j

568 4151 89 23 ments.
689 4146 90 26 Ladies
789 4154 49 18 can
859 4144 30 27 be
909 4143 112 34 supplied
1038 4143 61 28 with

569 4188 49 24 thei
632 4186 75 25 above
728 4184 33 32 by
785 4183 105 33 sending
911 4191 28 18 or
960 4182 92 33 calling
1073 4184 26 24 at

568 4227 41 25 Mr
630 4223 121 29 Burrell's
772 4223 181 35 Photographic
973 4222 72 34 place
1074 4222 28 26 of

567 4267 122 26 business,
702 4264 105 27 Gould's
827 4263 140 33 Buildings,
988 4262 111 27 Victoria

569 4305 88 30 Street,
669 4302 181 31 Christchurch,
868 4301 83 27 where
968 4300 35 26 all
1021 4300 76 26 infor-

563 4344 99 29 »nation
689 4350 46 18 can
762 4342 31 26 be
819 4341 118 27 obtained
963 4340 57 30 free,
1048 4340 51 26 and

558 4382 124 33 .perfectly
723 4375 156 38 satisfactory
909 4379 49 27 and
991 4378 107 35 genuine

566 4419 165 29 testimonials
741 4426 48 19 can
799 4418 32 27 be
840 4425 74 28 see%
967 4424 3 25 ;

5 254 372 48 HjHß^sPffagolast
396 262 63 24 June
471 267 15 17 a
497 258 40 25 Mr

5 293 218 42 Bpott\eriiploved
229 311 31 16 on
270 311 14 16 a
291 301 134 32 plantation
434 301 26 22 at
467 298 71 25 Vuva

5 326 63 44 TFiji,
82 341 135 30 purchased
225 341 68 23 ONE
303 340 83 23 Ticket
394 338 27 23 m
429 338 41 23 the
480 336 57 23 Van

12 377 127 26 Dieman's
148 378 71 24 Land
231 378 71 24 Bank
309 378 108 29 Lottery,
428 374 47 25 and
483 381 55 17 won

11 417 67 31 prize
90 417 55 24 five.
164 417 59 25 This
234 418 21 24 is
267 425 14 16 a
293 417 63 24 farm
363 415 26 25 of
396 417 26 22 13
429 415 29 23 21
472 420 66 18 acres

12 457 83 24 arable
105 457 59 24 land
182 465 31 16 on
225 457 42 24 the
287 457 74 23 Huon
380 455 79 26 River,
481 453 57 24 Tas-

10 497 90 29 mania,
118 497 60 24 with
196 505 32 16 an
248 496 103 25 orchard
372 495 27 24 of
419 495 31 23 42
473 500 67 18 acres

12 537 122 30 attached,
148 537 47 24 and
206 537 23 24 is
241 536 73 25 valud
326 537 26 22 at
365 535 104 27 £6,000.
499 532 41 24 Mr

14 577 79 26 Scott,
105 577 19 23 it
137 583 107 22 appears,
254 575 49 24 -has
314 575 62 23 been
387 573 26 23 m
430 572 55 30 Fiji,
502 573 39 21 tor

13 615 31 24 18
57 614 107 29 months,
178 613 47 25 and
239 614 21 23 is
273 612 73 32 going
368 613 25 23 to
410 609 72 26 claim
501 608 40 24 his

14 653 124 31 windfall,
150 655 43 23 but
204 652 98 26 intends
314 653 25 24 to
351 655 82 21 return
445 649 49 25 and
506 657 34 16 re-

16 698 51 25 side
78 699 25 22 m
116 697 57 31 Fiji.
220 697 21 23 A
251 696 46 25 few
308 703 68 24 years
388 702 46 23 ago
445 693 31 24 he
486 700 56 17 won

15 740 31 21 JE3
53 739 31 22 5O
102 738 26 23 m
147 745 46 15 one
216 737 26 23 of
267 734 154 25 Tattersall's
445 740 97 22 sweeps.

17 775 87 31 Lucky
112 775 88 31 beggar
207 775 5 23 !
377 772 131 30 Spectator.

107 813 14 14 -»
188 813 15 13 #
269 812 14 13 #
349 810 13 13 *
430 809 14 13 *

50 854 99 25 Similar
163 853 62 32 good
240 852 96 25 fortune
354 858 54 23 may
429 848 113 26 overtake

15 900 50 23 any
77 892 160 29 enterprising
257 888 89 24 Oxford
364 887 105 24 resident
486 886 56 23 who

13 932 82 24 invest
106 932 27 22 m
145 939 14 15 a
171 930 69 24 share
251 929 26 23 m
289 928 42 24 the
351 926 94 25 Sacond
457 925 85 24 Grand

13 973 110 30 Lottery.
159 972 21 23 A
191 972 36 23 lot
236 970 25 23 of
270 970 75 23 forms
358 968 26 24 of
393 966 148 32 application

14 1012 62 24 have
84 1012 59 24 been
154 1012 53 22 seat
215 1012 24 22 to
248 1009 41 24 the
297 1008 67 25 office
375 1008 26 23 of
407 1006 50 24 this
469 1013 73 23 paper

15 1104 130 29 TOTAL
166 1101 141 31 VALUE
324 1101 32 28 of
375 1099 147 29 PEIZES
534 1108 6 17 :

23 1364 33 28 m
73 1363 129 35 200,000
218 1361 101 30 shares
341 1360 32 30 of
389 1361 33 28 5s
444 1359 81 30 each.

178 1414 91 28 First
291 1412 109 29 Prize:

15 1464 172 30 VALUED
210 1464 50 28 AT
297 1464 146 35 £13,000,
481 1461 60 30 and

16 1516 59 29 223
91 1515 87 29 other
192 1514 111 35 Prizes,
318 1514 131 39 ranging
462 1514 79 28 from

5 1567 128 51 j£B,ooo
163 1570 31 26 to
217 1567 56 34 £5,
298 1565 157 38 iucluding
483 1565 57 28 203

5 1618 155 46 [Optional
175 1617 78 30 Cash
267 1617 111 29 Prizes.

36 1671 65 29 The
116 1669 51 30 list
181 1669 63 30 will
258 1668 79 30 close
351 1678 40 19 on
404 1668 72 29 Dec;
494 1667 47 29 31.

49 1731 63 24 This
124 1729 88 25 should
231 1736 73 24 prove
323 1736 14 16 a
359 1728 78 24 better
453 1728 89 24 invest-

15 1774 71 24 ment
98 1771 61 25 than
197 1777 101 24 sweeps.
349 1768 79 25 There
438 1768 22 25 is
472 1775 72 25 every

15 1814 111 29 prospect
137 1812 55 23 that
200 1810 43 25 the
258 1809 106 31 drawing
373 1809 27 24 m
415 1808 65 25 bank
497 1808 45 25 lot-

14 1850 73 23 teries
100 1848 49 25 will
166 1848 30 23 be
211 1847 135 23 conducted
356 1848 28 21 m
399 1855 14 14 a
432 1847 46 21 fair
495 1846 49 22 and

15 1895 86 23 square
112 1894 110 19 manner,
231 1885 81 24 which
320 1885 22 23 is
353 1891 68 17 more
429 1884 61 23 than
498 1890 46 16 can

15 1927 29 25 be
57 1927 52 24 said
120 1926 26 25 of
156 1926 41 25 the
208 1925 114 31 majority
333 1925 26 24 of
370 1923 83 32 racing
462 1930 82 25 specu-

14 1966 99 24 lations.

83 2102 92 23 Revieiv
187 2102 26 28 of
222 2101 106 23 Reviews
336 2101 59 31 May
407 2099 71 24 1595.

51 2141 61 24 New
134 2141 105 23 Zealand
262 2140 45 23 has
328 2139 100 24 effected
447 2146 15 16 a
479 2145 67 17 more

20 2178 110 25 brilliant
138 2178 79 25 stroke
229 2178 24 25 of
262 2177 96 25 finance
366 2177 63 25 than
437 2177 45 24 has
491 2183 55 18 ever

22 2217 80 25 before
114 2217 61 25 been
339 2216 31 31 by
390 2224 49 23 any
458 2216 25 24 of
503 2214 42 25 the

20 2256 144 24 Australian
185 2256 114 24 colonies.
333 2255 47 24 Mr.
501 2254 45 23 has

20 2294 85 31 placed
116 2303 15 15 a
140 2296 14 22 3
166 2303 42 22 per
217 2296 64 22 cent,
293 2295 58 23 loan
360 2293 26 24 of
392 2293 154 29 £1,500,000

20 2338 33 18 on
64 2332 43 24 the
117 2331 103 25 London
231 2331 102 29 market,
346 2330 78 32 fixing
432 2330 42 25 the
481 2330 64 25 min-

19 2370 79 23 imum
108 2372 25 22 at
146 2372 57 23 £90.
217 2371 50 23 The
279 2370 56 24 loan
347 2377 47 16 was
406 2368 139 25 subscribed

19 2409 56 24 four
86 2409 71 24 times
166 2417 62 18 over,
238 2409 48 24 and
294 2408 104 32 brought
405 2416 33 16 an
445 2414 101 24 average

18 2450 65 31 price
95 2451 26 23 of
138 2450 53 23 £94
208 2451 26 23 8s
251 2450 47 29 9d.,
334 2449 60 24 This
404 2449 22 24 is
438 2448 43 24 the
491 2447 55 25 first

21 2490 61 25 time
94 2498 32 17 an
138 2492 103 29 attempt
252 2490 44 26 has
307 2490 62 25 been
377 2489 72 24 made
458 2489 30 30 by
498 2495 48 24 any

20 2530 26 24 of
64 2530 43 24 the
123 2530 138 24 Australian
272 2530 110 24 olonies.
399 2531 26 22 to
441 2529 71 30 place
531 2535 15 16 a

19 2569 58 25 loan
90 2571 26 23 at
128 2571 14 22 3
153 2577 45 23 per.
206 2570 63 23 cent.

160 3069 248 46 NOTICE.

13 3172 99 46 Job
130 3171 231 59 Printing
373 3172 10 44 !

186 3240 100 44 Job
308 3240 238 56 Printing

57 3304 172 32 OXFOKD
285 3300 220 34 OBSEKVEK

97 3355 160 39 Machine
286 3355 177 49 Printing-

192 3405 166 40 WORKS

79 3468 89 25 MAIN
180 3468 141 28 STEEET,
333 3468 146 25 OXFORD.

76 3545 128 26 TTONE
256 3544 212 38 TJBINTING

80 3621 35 31 In
129 3621 73 40 Any
216 3619 126 41 Variety
356 3630 35 20 or
408 3619 95 39 Style*

14 3672 303 40 MEMORA'L
344 3670 201 40 CARDS

39 3727 51 40 (m
106 3737 68 20 new
189 3726 61 29 and
265 3724 104 31 chaste
383 3724 137 40 designs)

192 3770 43 41 5/-
246 3781 58 30 per,
325 3771 55 30 doz
385 3794 15 17 %

93 3837 174 32 Statement
283 3837 115 36 Heads,

93 3873 70 36 Bali
176 3879 223 39 Programmes.

94 3920 133 35 Posters,
241 3919 176 37 Handbills,

93 3961 166 35 Billheads,
281 3961 139 39 Cheques

93 4002 106 30 Letter
213 4001 60 31 and
282 4001 80 31 Note
373 4001 108 31 Heads

95 4042 165 39 Circulars,
281 4041 118 37 Menus,

94 4084 192 40 Catalogues,
301 4084 54 30 &c.
366 4082 75 40 ,&c,
464 4083 57 32 &c.

10 4140 88 39 New
112 4141 120 49 Styles
244 4140 40 40 m
298 4140 162 52 Visiting
472 4140 70 41 and

126 4203 165 41 Business
306 4203 114 40 Cards.

10 4310 39 30 E.
70 4309 43 31 H.
133 4308 119 37 Parish,
307 4310 189 42 Proprietor.

94 4361 65 30 The
176 4359 185 34 NEWEST,
379 4362 170 33 STYLESs

21 4423 23 19 n
57 4409 133 34 TYPES
204 4412 61 30 and
276 4399 269 51 O^TAME^m
