2540 3759
56 1190 231 26 HISTORICAL
315 1190 147 25 SKETCH
489 1190 49 24 OF
564 1190 78 24 THE

91 1223 284 26 COLONIZATION
393 1223 47 26 OF
457 1223 88 25 NEW
559 1223 83 25 ZEA-

91 1256 117 26 LAND.

56 1298 40 25 As
109 1297 62 25 such
183 1305 14 17 a
208 1297 90 25 record
307 1305 59 24 may
373 1305 78 25 prove
461 1297 147 34 interesting
616 1299 27 22 to

55 1331 46 26 the
117 1331 85 24 future
222 1331 152 24 inhabitants
393 1330 30 24 of
436 1329 65 25 New
522 1329 119 31 Zealand,

55 1364 53 26 and
117 1364 148 25 instructive
276 1367 27 21 to
315 1364 72 24 those
397 1362 57 25 who
465 1362 65 26 shall
548 1371 95 26 engage
651 1362 2 33 j

54 1398 29 24 in
91 1397 95 24 similar
191 1397 189 33 undertakings,
390 1405 37 16 we
436 1404 106 25 propose
552 1400 24 21 to
586 1396 57 34 give

55 1439 17 17 a
86 1430 67 25 brief
166 1430 97 32 history
275 1430 30 24 of
317 1430 40 24 the
374 1430 167 24 colonization
554 1430 29 24 of
596 1437 47 17 our

55 1463 113 34 adopted
180 1467 118 28 country.

92 1496 26 25 It
135 1497 22 24 is
174 1496 123 33 supposed
310 1496 34 32 by
355 1503 68 17 some
435 1495 56 25 that
503 1495 66 25 New
581 1495 61 24 Zea-

54 1529 63 26 land
127 1538 53 16 was
190 1529 92 25 visited
290 1529 34 32 by
333 1528 70 25 Juan
416 1528 153 25 Fernandez.
601 1527 42 26 He

54 1562 47 26 left
111 1562 164 26 memoranda
286 1562 94 33 stating
390 1562 56 25 that
457 1562 32 24 he
501 1562 52 25 had
566 1561 78 25 sailed

55 1596 133 25 westward
194 1597 66 24 from
268 1595 81 25 South
354 1595 121 25 America
481 1595 80 32 thirty
569 1595 72 32 days,

54 1629 75 25 when
140 1630 33 24 he
183 1628 108 26 reached
301 1637 16 16 a
326 1632 105 29 country
440 1628 130 25 inhabited
581 1628 35 33 by
627 1636 14 16 a

55 1663 88 32 people
156 1662 30 25 of
198 1671 16 16 a
224 1662 66 34 light
301 1661 167 33 complexion,
482 1661 103 25 clothed
594 1662 26 23 in
629 1670 15 16 a

55 1695 67 25 kind
140 1695 30 25 of
183 1696 75 30 linen,
271 1695 57 24 who
348 1694 96 26 treated
462 1694 55 25 him
534 1694 109 33 hospita-

54 1728 46 33 bly
108 1738 7 22 ;
136 1729 49 25 and
196 1729 27 24 in
235 1728 35 25 all
280 1732 69 30 parts
360 1727 30 25 of
398 1727 67 25 New
477 1727 112 26 Zealand
601 1727 41 25 the

54 1762 98 25 natives
164 1762 65 25 have
240 1762 133 25 traditions
385 1761 29 25 of
421 1761 77 34 being
507 1761 94 24 visited
609 1761 33 32 by

55 1795 148 33 Europeans
214 1795 63 33 long
284 1795 82 25 before
375 1794 43 25 the
427 1795 61 24 time
498 1794 30 25 of
536 1794 106 33 Captain

55 1828 85 25 Cook.
176 1826 109 27 Further
301 1827 163 26 information
476 1836 32 16 on
519 1827 52 25 this
585 1828 58 24 sub-

50 1863 55 32 ject
115 1870 59 24 may
185 1862 31 24 be
227 1861 80 25 found
323 1861 26 24 in
367 1860 126 33 Burney's
513 1863 7 12 '
534 1860 109 32 History

54 1894 32 25 of
100 1894 144 33 Discovery
258 1894 26 25 in
301 1894 44 25 the
363 1893 81 25 South
465 1893 78 25 Seas.'
578 1893 28 25 It
622 1894 20 23 is

55 1928 77 31 clear,
144 1928 124 29 however,
282 1928 56 24 that
350 1927 65 25 Abel
425 1926 99 25 Jansen
532 1927 110 24 Tasman

54 1961 61 25 first
131 1961 75 25 made
223 1961 94 24 known
334 1960 42 24 the
392 1960 124 25 existence
534 1960 30 24 of
578 1959 64 26 New

53 1994 116 26 Zealand
188 1997 27 22 to
233 1994 154 33 Europeans.
425 1992 43 26 He
487 2002 52 16 saw
551 1993 20 24 it
586 1992 57 25 first

54 2036 35 17 on
100 2028 42 25 the
157 2029 9 23 1
172 2027 44 25 3th
228 2027 30 25 of
269 2027 154 34 September,
440 2028 9 22 1
455 2028 59 30 642,
526 2026 74 25 when
611 2026 32 24 he

53 2061 75 25 made
135 2061 43 25 the
182 2061 121 25 northern
312 2060 132 32 extremity
449 2060 32 24 of
484 2060 43 24 the
536 2059 104 30 islands,

54 2095 140 31 according
212 2098 28 20 to
254 2093 40 24 his
308 2093 134 31 latitudes;
462 2093 59 30 and,
534 2092 110 33 running

54 2127 77 25 down
157 2126 42 24 the
226 2130 52 21 east
307 2129 76 26 coast,
411 2126 92 33 passed
532 2124 111 34 through

54 2159 98 26 Cook's
165 2159 79 25 Strait
254 2159 54 24 into
319 2168 15 15 a
347 2158 66 32 Bay,
425 2158 86 25 which
522 2158 32 25 he
563 2158 81 25 called

54 2192 157 26 Murderer's
223 2193 67 32 Bay,
301 2192 65 25 from
374 2192 43 25 the
426 2192 183 24 circumstance
618 2192 30 24 of

54 2227 85 33 losing
157 2226 57 25 fcfur
233 2234 58 16 men
310 2225 25 24 in
357 2233 16 16 a
395 2225 105 25 conflict
521 2225 60 24 with
601 2224 43 25 the

54 2260 107 29 natives,
173 2259 58 24 who
243 2258 142 33 effectually
397 2258 138 33 prevented
550 2258 53 24 him
614 2266 30 16 or

56 2301 52 24 any
120 2293 30 24 of
162 2292 39 25 his
213 2291 85 34 people
308 2291 65 25 from
384 2291 114 34 landing.
532 2291 80 25 There
622 2291 21 24 is

55 2334 35 16 no
117 2326 118 24 evidence
261 2325 30 24 of
312 2333 49 24 any
386 2324 136 33 European
548 2324 95 34 having

54 2359 97 25 landed
171 2367 32 16 on
224 2359 69 24 these
313 2358 95 25 islands
428 2358 87 25 before
536 2357 107 33 Captain

56 2392 84 30 Cook,
162 2392 83 24 which
263 2391 31 25 he
314 2392 44 24 did
378 2399 32 17 on
428 2391 44 25 the
490 2390 109 34 evening
617 2390 31 25 of

56 2425 108 33 Sunday
174 2425 44 24 the
231 2425 41 24 Bth
284 2425 30 24 of
322 2425 118 30 October,
456 2426 74 28 1769,
543 2432 99 17 accom-

55 2459 93 34 panied
160 2459 33 32 by
207 2458 122 25 Solander
340 2458 50 24 and
402 2458 99 24 Banks.

91 2491 27 25 It
128 2500 60 24 may
199 2492 31 24 be
241 2491 156 33 satisfactory
410 2498 24 18 to
443 2491 73 25 those
529 2490 114 34 engaged

55 2526 27 24 in
101 2525 43 25 the
162 2524 165 25 colonization
345 2524 29 25 of
389 2524 66 25 New
474 2524 120 29 Zealand,
614 2532 29 16 or

56 2558 73 25 other
141 2558 93 25 islands
247 2558 29 24 of
283 2558 42 24 the
338 2557 106 32 Pacific,
458 2561 28 21 to
497 2557 77 25 know
586 2557 58 25 that

55 2592 62 32 they
138 2600 42 16 are
198 2591 122 34 fulfilling
341 2591 41 25 the
402 2590 135 25 intentions
558 2590 28 25 of
603 2590 40 24 his

56 2625 114 33 Majesty
183 2624 101 33 George
294 2625 42 25 the
347 2624 89 30 Third,
450 2632 27 17 as
489 2623 54 25 will
553 2631 89 25 appear

56 2658 66 25 from
141 2658 42 25 the
199 2658 130 33 following
344 2661 97 21 extract
459 2657 66 25 from
543 2656 42 25 the
603 2656 39 25 in-

56 2691 137 26 structions
204 2691 76 34 given
291 2695 26 21 to
330 2690 106 34 Captain
449 2690 76 26 Cook
534 2699 6 15 :

124 2731 59 25 You
194 2739 42 16 are
248 2730 60 31 also,
321 2730 62 25 with
395 2730 42 25 the
449 2733 106 21 consent
566 2730 29 24 of
602 2728 41 26 the

56 2765 106 29 natives,
177 2768 32 21 -to
225 2764 59 25 take
301 2764 146 33 possession,
468 2763 26 24 in
512 2763 43 25 the
570 2771 72 16 name

56 2797 31 26 of
94 2798 42 24 the
148 2796 73 34 King
233 2796 29 26 of
270 2796 79 26 Great
360 2796 110 32 Britain,
482 2796 30 25 of
523 2796 118 25 conveni-

56 2834 45 22 ent
120 2830 131 25 situations
269 2830 26 24 in
313 2830 61 25 such
394 2830 127 25 countries
542 2837 27 17 as
590 2837 53 25 you

54 2872 62 25 may
127 2864 124 31 discover,
264 2863 55 25 that
330 2864 63 24 have
404 2867 45 21 not
463 2862 106 33 already
580 2863 62 25 been

57 2897 149 25 discovered
218 2905 29 17 or
256 2897 94 25 visited
362 2897 36 32 by
410 2905 51 24 any
468 2896 78 26 ,other
562 2895 81 26 Euro-

55 2938 65 25 pean
131 2939 83 24 power
220 2939 8 22 ;
248 2930 50 25 and
309 2934 27 21 to
348 2930 132 24 distribute
496 2937 93 26 among
600 2928 43 26 the

55 2963 153 25 inhabitants
221 2963 63 25 such
294 2963 84 34 things
395 2971 26 17 as
433 2962 54 25 will
503 2963 96 24 remain
616 2971 27 16 as

55 3001 82 21 traces
147 2997 50 24 and
205 2996 151 25 testimonies
365 2996 31 25 of
402 3004 66 25 your
476 2995 97 31 having
581 2996 61 24 been

54 3030 72 25 there
133 3038 8 22 ;
167 3030 46 24 but
230 3029 25 25 if
266 3037 51 25 you
335 3028 55 25 find
406 3030 43 24 the
469 3033 126 21 countries
615 3037 28 16 so

56 3063 147 25 discovered
227 3071 41 16 are
289 3062 172 30 uninhabited,
482 3071 53 24 you
553 3071 41 16 are
615 3066 27 20 to

55 3096 62 25 take
131 3095 141 34 possession
284 3095 29 25 of
327 3095 66 25 them
405 3095 39 26 for
460 3095 39 24 his
519 3095 122 33 Majesty,

54 3130 37 31 by
103 3129 93 32 setting
212 3137 35 25 up
264 3137 90 24 proper
364 3129 86 25 marks
470 3129 50 24 and
536 3128 106 34 inscrip-

56 3163 68 24 tions
135 3171 28 16 as
174 3161 58 26 first
244 3161 153 26 discoverers
408 3161 52 25 and

91 3202 33 25 In
132 3210 141 26 pursuance
281 3201 30 24 of
317 3201 69 24 these
393 3201 173 31 instructions,
574 3201 67 33 Cap-

56 3235 55 25 tain
130 3235 74 25 Cook
224 3234 99 34 having'
323 3236 6 9 5
338 3234 233 33 circumnavigated,
592 3235 50 25 and

56 3269 126 31 surveyed
188 3268 62 25 both
257 3267 100 30 islands,
366 3267 85 25 which
460 3267 52 25 had
519 3267 122 34 formerly

55 3302 64 24 been
130 3302 105 24 deemed
245 3304 56 31 part
312 3300 29 25 of
348 3300 42 25 the
402 3305 72 29 great
485 3301 81 24 Terra
574 3300 68 26 Atcs-

56 3335 73 24 tralis
140 3334 139 33 Incognita,
297 3333 53 26 and
362 3333 91 33 passed
470 3333 112 33 through
599 3333 43 26 the

58 3367 93 26 Straits
165 3366 84 26 which
265 3368 59 25 bear
341 3366 38 25 his
395 3375 84 22 name,
498 3366 93 25 landed
609 3375 33 16 on

56 3400 101 25 various
174 3400 82 33 points
272 3400 27 25 in
315 3400 60 25 both
391 3399 104 31 islands,
514 3400 52 25 and
579 3400 62 25 with

57 3434 45 25 the
120 3432 74 26 usual
209 3433 150 25 solemnities
376 3433 61 25 took
458 3433 140 33 possession
616 3433 29 25 of

56 3467 73 25 them
148 3475 33 17 on
200 3465 88 26 behalf
307 3467 29 25 of
349 3467 43 25 the
414 3466 74 34 King
510 3465 30 26 of
561 3465 80 27 Great

57 3499 117 31 Britain;
193 3499 52 25 and
259 3498 65 32 thus,
342 3499 137 34 according
496 3503 26 22 to
541 3499 43 25 the
601 3508 38 16 re-

57 3532 89 27 ceived
154 3532 50 26 law
214 3532 32 25 of
257 3532 106 31 nations,
376 3532 152 26 established
539 3541 16 16 a
566 3532 74 26 claim

56 3570 30 22 to
101 3566 44 25 the
160 3565 160 34 sovereignty
331 3573 27 17 as
376 3566 99 33 against
493 3566 33 25 all
541 3565 98 35 foreign

55 3607 95 26 power,
185 3606 16 18 a
215 3598 77 25 claim
311 3598 83 24 which
409 3599 43 25 the
469 3608 86 16 crown
574 3599 71 25 itself

57 3636 95 22 cannot
167 3631 95 35 lightly
280 3631 124 25 abandon.
439 3632 75 25 After
529 3632 63 25 such
608 3641 32 16 an

56 3669 44 23 act
109 3674 33 17 on
152 3664 45 27 the
208 3667 60 31 part
277 3664 31 26 of
319 3672 16 18 a
349 3667 99 23 servant
459 3665 30 25 of
501 3666 42 24 the
555 3674 85 18 crown

673 129 27 16 as
711 120 54 25 that
780 122 141 31 performed
938 122 33 31 by
985 122 108 34 Captain
1107 124 80 32 Cook,
1205 135 50 24 any

674 153 97 25 British
789 153 98 34 subject
903 154 103 34 settling
1025 164 33 17 on
1075 156 71 27 those
1162 158 94 26 islands

672 186 97 25 carried
777 186 63 24 with
848 186 62 31 him,
921 188 137 33 according
1068 193 25 21 to
1103 190 153 27 Blackstone

672 219 50 24 and
739 219 35 24 all
790 219 44 24 the
848 219 158 31 authorities,
1018 222 44 24 the
1074 230 115 19 common
1206 225 50 24 and

672 256 90 21 statute
780 251 50 26 law
841 260 26 17 as
886 252 40 25 his
943 253 147 36 birthright,
1110 257 49 24 and
1174 257 82 35 might

671 284 73 26 claim
755 285 140 33 protection
907 287 172 34 accordingly.
1187 299 10 16 4

705 317 109 34 Captain
832 317 76 25 Cook
926 327 50 16 saw
994 320 55 25 that
1067 320 66 26 New
1145 321 110 26 Zealand

670 359 51 16 was
733 358 31 17 an
776 350 99 34 eligible
888 351 47 26 site
945 351 40 26 for
1002 362 14 15 a
1034 353 101 33 colony,
1154 355 50 24 and
1215 363 38 16 re-

670 383 166 26 commended
853 384 20 24 it
891 392 27 17 as
936 385 79 32 such;
1034 387 47 24 but
1098 395 32 17 no
1149 391 105 30 attempt

670 424 51 17 was
737 416 74 24 made
828 420 27 21 to
871 416 86 26 follow
975 426 35 25 up
1027 418 40 26 his
1086 421 165 32 suggestions.

670 449 134 33 Benjamin
824 449 123 26 Franklin
968 452 50 25 and
1035 452 47 25 Mr
1102 452 151 35 Dalrymple

668 482 84 25 issued
762 482 138 33 proposals,
914 484 45 24 but
967 485 108 25 without
1086 494 50 24 any
1145 494 108 24 success,

668 515 39 24 for
717 515 95 33 raising
823 524 16 16 a
849 524 54 16 sum
917 516 30 25 of
959 518 5 23 1
971 518 66 30 5,000
1037 518 40 30 Z.,
1090 518 63 25 with
1162 527 16 16 a
1188 520 65 24 view

668 552 26 21 to
710 548 89 35 supply
813 548 43 25 the
868 548 66 26 New
946 549 149 27 Zealanders
1107 551 59 25 with
1183 551 70 26 those

668 581 82 25 useful
766 581 115 31 animals,
897 583 152 33 vegetables,
1065 584 52 30 ,&c.
1136 585 50 24 and
1204 590 50 20 arts

667 613 31 25 of
717 614 51 30 life,
793 614 30 25 of
844 615 84 25 which
950 616 62 33 they
1038 626 67 16 were
1127 618 124 26 destitute.

668 647 61 25 This
738 656 75 24 paper
820 647 22 25 is
852 648 77 25 dated
938 649 139 34 August2y
1080 650 36 32 th,
1127 652 71 29 1771,
1205 652 50 25 and

668 689 59 23 may
744 681 29 24 be
790 680 81 26 found
888 689 94 24 among
1002 682 142 26 Franklin's
1169 687 7 12 <
1189 684 64 25 Mis-

669 713 139 25 cellaneous
822 713 113 26 Works.'
965 712 33 27 In
1009 716 42 25 the
1063 717 191 33 parliamentary

668 747 98 25 debates
779 746 85 26 which
875 747 42 25 led
930 751 26 22 to
968 748 43 25 the
1029 749 187 26 establishment
1228 751 29 25 of

669 788 15 16 a
697 779 71 33 penal
779 780 145 25 settlement
938 784 26 21 at
983 781 66 26 New
1065 782 82 25 South
1159 783 93 31 Wales,
1257 786 4 26 j

670 812 64 26 New
743 812 113 26 Zealand
863 822 52 16 was
922 814 143 26 mentioned
1074 824 26 16 as
1110 825 16 15 a
1134 815 128 36 desirablej

668 845 72 33 place
758 846 39 25 for
817 846 43 26 the
880 847 161 33 experiment,
1062 849 50 24 and
1129 849 126 33 narrowly

669 880 107 32 escaped
922 880 42 25 the
982 885 81 21 terror
1081 882 30 24 of
1123 882 32 24 its
1171 883 84 24 canni-

668 912 96 25 balism.
800 912 137 26 Attention
948 922 52 16 was
1011 915 99 24 further
1126 915 85 25 drawn
1231 919 24 22 to

670 945 54 24 that
741 948 55 30 part
815 946 30 24 of
858 945 44 26 the
919 946 82 25 world
1015 948 35 32 by
1067 948 42 24 the
1127 948 129 25 establish-

669 981 69 22 ment
755 978 30 25 of
797 979 116 25 missions
929 979 26 25 in
973 979 42 26 the
1033 980 103 34 Society
1148 981 106 31 Islands,

670 1011 75 25 about
756 1012 43 24 the
810 1020 61 24 year
886 1014 72 28 1795,
972 1014 35 31 by
1018 1013 42 25 the
1075 1014 105 25 London
1191 1014 64 26 Mis-

670 1044 100 33 sionary
783 1044 119 33 Society;
922 1046 49 24 and
979 1046 26 24 in
1015 1047 42 24 the
1070 1056 60 24 year
1143 1049 61 23 1814
1214 1048 43 25 the

672 1077 63 26 Rev.
758 1077 102 26 Samuel
881 1079 128 31 Marsden,
1033 1079 31 26 of
1089 1080 65 25 New
1177 1080 79 26 South

672 1110 92 31 Wales,
776 1110 52 26 laid
842 1112 43 24 the
895 1112 148 26 foundation
1057 1113 30 25 of
1098 1113 43 25 the
1154 1113 103 26 Church

672 1143 29 26 of
708 1143 120 35 England
837 1144 107 26 Mission
954 1150 26 20 at
989 1146 43 25 the
1042 1146 58 33 Bay
1110 1146 30 25 of
1148 1146 107 26 Islands.

672 1176 149 34 Previously
828 1181 25 21 to
862 1178 57 31 this,
928 1178 123 32 however,
1062 1179 56 25 Col.
1126 1179 126 32 Foveaux,

671 1211 29 24 of
712 1210 42 25 the
771 1210 65 25 New
849 1211 80 25 South
941 1212 84 25 Wales
1042 1212 91 34 Corps,
1152 1213 50 25 had
1218 1221 37 17 re-

672 1244 163 24 commended
848 1244 64 26 New
926 1245 108 26 Zealand
1046 1249 26 21 to
1082 1246 42 26 the
1135 1254 123 26 governor

671 1276 30 25 of
715 1277 104 33 Sydney
839 1286 26 16 as
883 1287 15 16 a
915 1279 73 32 penal
1006 1279 150 30 settlement,
1173 1288 33 16 on
1216 1280 41 25 the

671 1309 58 34 plan
735 1310 144 26 afterwards
888 1312 108 33 adopted
1003 1316 26 21 at
1036 1312 111 26 Norfolk
1155 1312 100 32 Island;

672 1343 49 24 and
733 1345 157 32 suggestions
903 1353 63 17 were
978 1345 75 25 made
1065 1346 35 32 by
1109 1345 57 26 Col.
1176 1346 80 25 Jack-

671 1385 45 16 son
733 1378 50 24 and.
799 1377 82 25 others
900 1381 26 21 to
944 1378 60 24 take
1022 1379 139 32 possession
1173 1379 29 24 of
1215 1379 43 25 the

672 1414 106 29 country
795 1410 35 33 by
849 1420 16 15 a
879 1411 111 32 military
1008 1411 69 25 force
1088 1412 65 24 from
1171 1412 84 25 India.

672 1442 52 25 The
742 1443 54 25 first
813 1444 101 33 regular
925 1444 164 34 proceedings
1100 1453 65 17 were
1182 1446 74 24 taken

672 1475 26 25 in
711 1476 43 25 the
763 1484 60 24 year
840 1479 72 29 1814,
924 1477 61 25 with
998 1486 15 15 a
1024 1477 66 25 view
1106 1482 26 21 to
1149 1478 42 25 the
1202 1487 55 25 pro-

672 1510 92 24 tection
793 1510 31 24 of
848 1510 42 24 the
915 1511 167 24 missionaries
1109 1511 52 25 and
1185 1512 73 24 other

672 1542 98 25 British
780 1543 101 30 settlers,
893 1544 50 24 and
951 1543 79 25 under
1038 1543 43 25 the
1090 1552 67 17 same
1168 1545 88 24 autho-

673 1576 49 31 rity
740 1576 82 24 which
842 1576 106 26 enabled
964 1576 44 26 the
1028 1577 105 33 Sydney
1152 1586 106 25 govern-

670 1613 70 21 ment
747 1613 24 21 to
783 1609 58 25 take
852 1609 137 34 possession
997 1609 30 25 of
1035 1609 112 26 Norfolk
1161 1611 95 31 Island,

670 1642 28 24 in
715 1642 41 25 the
778 1651 69 17 same
866 1643 135 34 longitude,
1075 1643 110 34 namely,
1216 1644 42 25 the

671 1675 107 33 priority
794 1675 30 25 of
838 1677 141 32 discovery,
998 1675 42 26 the
1055 1680 104 21 consent
1174 1677 31 24 of
1217 1677 41 25 the

671 1708 104 28 natives,
789 1709 52 25 and
851 1710 42 24 the
906 1710 159 24 commission
1076 1710 29 24 of
1116 1710 43 24 the
1169 1719 89 25 gover-

671 1749 47 17 nor
730 1742 29 24 of
768 1742 104 33 Sydney
881 1743 80 24 under
973 1751 31 16 an
1016 1747 42 20 act
1066 1743 30 24 of
1102 1743 154 33 parliament,

672 1775 136 34 extending
842 1775 39 25 his
915 1775 163 33 jurisdiction
1107 1785 60 16 over
1194 1776 64 26 New

672 1807 110 26 Zealand
794 1809 51 24 and
860 1808 73 26 other
944 1808 93 25 islands
1049 1809 32 24 of
1093 1809 42 25 the
1147 1808 122 26 Pacific*

705 1841 78 25 There
792 1849 41 17 are
844 1841 144 33 diplomatic
1000 1842 115 33 grounds
1125 1843 137 24 connected

671 1874 63 24 with
746 1874 92 25 certain
850 1875 135 33 European
996 1874 101 25 treaties
1109 1875 84 25 which
1204 1876 58 33 give

670 1907 157 33 importance
844 1911 26 22 to
887 1907 43 26 the
947 1908 57 25 date
1016 1907 29 26 of
1058 1907 50 25 this
1120 1908 140 33 proclama-

670 1940 62 30 tion,
745 1940 85 25 which
842 1941 30 29 is,
894 1940 68 25 Nov.
976 1940 53 31 9th,
1045 1942 74 24 1814.
1156 1941 104 35 Among

670 1973 71 25 other
752 1973 85 34 things
851 1974 42 25 the
900 1982 77 25 paper
989 1977 82 27 states,
1143 1973 51 26 His
1206 1975 51 24 Ex-

670 2006 113 32 cellency
789 2007 78 38 being
875 2007 101 32 equally
985 2007 132 25 solicitous
1125 2011 27 21 to
1161 2012 99 29 protect

672 2039 42 24 the
724 2040 96 24 natives
833 2039 30 25 of
876 2039 66 26 New
954 2039 111 25 Zealand
1077 2041 50 24 and
1143 2040 43 25 the
1202 2041 58 33 Bay

671 2072 30 25 of
722 2072 109 31 Islands,
853 2072 27 25 in
899 2072 35 26 all
954 2072 64 26 their
1031 2073 57 33 just
1107 2073 81 34 rights
1209 2075 49 24 and

671 2105 141 33 privileges,
832 2114 28 17 as
877 2105 71 26 those
962 2106 31 24 of
1005 2114 72 24 every
1095 2107 69 24 other
1173 2107 87 33 depen-

672 2138 76 34 dency
756 2139 32 34 of
794 2140 39 24 tlie
841 2140 118 33 territory
967 2139 32 33 of
1001 2139 66 25 New
1075 2139 81 25 South
1168 2140 90 31 Wales,

672 2172 92 33 hereby
772 2173 87 24 orders
867 2173 52 24 and
1061 2173 48 24 &c.
1117 2173 47 25 &c.
1175 2182 7 22 ;
1199 2174 61 25 then

672 2205 118 33 proceeds
808 2209 26 21 to
849 2206 103 33 appoint
969 2205 45 25 Mr
1025 2205 110 26 Thomas
1147 2206 114 26 Kendall

703 2239 106 24 resident
836 2239 146 33 magistrate
1013 2242 26 21 at
1072 2238 43 25 the
1146 2239 59 33 Bay
1234 2240 30 25 of

827 2272 104 24 extends
958 2271 44 26 the
1028 2272 154 33 regulations
1206 2273 53 25 laid

671 2305 74 24 down
756 2305 39 24 for
807 2305 66 25 New
885 2304 110 25 Zealand
1011 2308 26 21 to
1088 2305 43 24 the
1142 2305 118 33 adjacent

775 2338 51 24 and
843 2346 84 16 names
978 2338 136 30 Duaterra,
1136 2338 121 37 Shunghi,

672 2371 50 25 and
745 2371 176 25 Korra-korra
1145 2371 26 25 in
1196 2373 63 24 New

672 2404 120 32 Zealand,
805 2404 41 25 for
861 2404 42 25 the
920 2413 119 24 purposes
1058 2404 31 25 of
1102 2404 43 25 the
1161 2406 97 32 procla-

671 2437 104 25 mation.

707 2470 68 25 Such
802 2479 52 16 was
882 2470 44 25 the
950 2470 58 25 first
1032 2470 175 26 introduction
1233 2472 30 24 of

672 2503 133 33 European
816 2504 98 25 settlers
926 2503 50 25 into
986 2503 66 25 New
1062 2504 111 25 Zealand
1180 2514 9 22 ;
1208 2505 50 24 and

671 2545 28 17 so
719 2536 38 26 far
776 2536 68 26 from
865 2536 167 26 colonization
1053 2537 76 34 being
1145 2538 59 25 then
1222 2547 36 17 re-

672 2571 103 32 garded,
787 2570 64 25 with
870 2570 136 33 suspicion,
1027 2571 21 24 it
1066 2579 52 17 was
1136 2571 42 25 the
1197 2571 61 33 only

671 2603 66 24 form
749 2603 55 25 that
813 2603 149 33 missionary
970 2603 90 25 labour
1067 2612 51 17 was
1126 2604 132 33 permitted

671 2641 27 20 to
710 2644 104 17 assume.
848 2636 27 25 It
886 2644 52 17 was
955 2636 44 25 the
1016 2636 136 26 deliberate
1166 2638 92 25 resolu-

671 2670 53 24 tion
735 2670 30 25 of
776 2669 44 26 the
833 2669 105 26 Church
950 2669 155 34 Missionary
1119 2670 101 33 Society
1232 2676 26 20 to

671 2703 58 34 give
741 2703 42 25 the
794 2703 113 30 mission,
927 2703 26 25 in
969 2703 43 25 the
1029 2703 57 25 first
1103 2703 121 32 instance,
1244 2714 15 16 a

671 2737 97 24 secular
785 2736 50 24 and
855 2736 95 33 merely
968 2736 132 34 civilizing
1119 2737 137 26 character.

671 2770 44 24 No
726 2770 120 24 ordained
855 2770 144 33 clergyman
1008 2778 51 16 was
1068 2775 55 19 sent
1131 2775 43 21 out
1180 2780 9 23 ;
1208 2771 50 25 and

670 2803 42 24 the
739 2803 169 25 missionaries
933 2811 63 16 were
1018 2803 122 33 officially
1161 2805 97 25 termed

703 2836 42 25 the
772 2836 116 33 society's
917 2836 91 24 settlers
1034 2839 26 22 at
1083 2836 44 26 the
1150 2836 59 34 Bay
1231 2838 31 25 of

820 2869 50 25 We
879 2877 60 25 may
947 2869 91 26 indeed
1048 2873 105 22 venture
1165 2874 27 21 to
1201 2879 53 25 say,

670 2911 34 17 on
726 2902 89 26 behalf
832 2903 31 24 of
881 2902 71 25 those
973 2902 129 26 laborious
1122 2912 57 16 men
1199 2905 57 25 who

670 2936 74 26 made
756 2937 41 24 the
805 2936 58 25 first
874 2935 136 26 successful
1022 2936 90 25 inroad
1120 2945 67 25 upon
1199 2938 56 25 bar-

670 2969 101 32 barism,
785 2969 56 25 that
852 2970 21 24 it
884 2969 21 25 is
916 2970 88 33 unjust
1015 2969 26 25 in
1050 2969 67 25 their
1126 2970 92 26 friends
1228 2975 27 21 to

670 3006 61 21 turn
749 3003 82 24 round
849 3011 68 25 upon
934 3003 67 24 them
1020 3003 40 25 for
1075 3006 42 21 too
1128 3003 128 34 faithfully

670 3036 123 35 adhering
803 3039 27 21 to
842 3036 43 25 the
896 3036 122 33 principle
1029 3036 31 25 of
1072 3035 66 25 their
1156 3036 99 26 institu-

670 3069 61 30 tion,
750 3071 34 31 by
797 3069 148 34 continuing
962 3072 27 21 to
1005 3069 32 25 be
1055 3077 15 16 a
1088 3069 91 33 colony
1191 3071 64 24 after

670 3102 42 26 the
721 3103 151 25 subscribers
881 3106 26 21 at
917 3102 73 25 home
1001 3102 52 25 had
1065 3102 117 35 changed
1190 3104 66 24 their

670 3136 84 25 minds
765 3136 50 25 and
826 3135 116 26 resolved
959 3140 26 21 to
1004 3136 131 32 patronize
1148 3136 107 35 nothing

669 3170 46 24 but
731 3169 125 25 missions.
891 3168 54 25 The
957 3168 61 25 slow
1030 3169 47 25 but
1088 3177 57 17 sure
1156 3177 99 18 success

669 3203 31 24 of
702 3203 67 24 what
776 3202 119 34 DrLang
903 3202 61 25 calls
1046 3201 149 34 missionary
1199 3211 54 17 car-

669 3240 95 29 penter,
775 3235 180 30 boat-builder,
969 3235 165 30 blacksmith,
1147 3236 106 34 plough-

669 3278 67 22 man,
755 3269 183 34 rope-spinner,
1030 3269 75 24 made
1115 3269 94 25 known
1227 3269 26 25 in

668 3302 116 33 monthly
801 3303 52 24 and
871 3302 98 33 weekly
985 3305 96 30 reports
1099 3302 154 34 throughout

669 3335 127 34 England,
816 3336 69 25 drew
897 3335 123 25 attention
1036 3339 28 21 to
1082 3335 42 25 the
1143 3339 56 22 vast
1215 3344 38 17 re-

668 3377 100 17 sources
779 3369 30 25 of
820 3369 43 25 the
879 3373 108 28 country
995 3378 8 22 ;
1022 3368 51 25 and
1089 3368 44 26 the
1150 3368 103 26 Church

669 3401 152 34 Missionary
834 3401 102 34 Society
945 3410 26 17 so
981 3401 145 33 effectually
1134 3402 119 34 perform-

668 3434 33 25 ed
717 3434 31 25 its
766 3435 71 25 work
855 3436 27 24 in
898 3435 134 34 preparing
1046 3434 43 26 the
1107 3444 57 25 way
1181 3436 40 24 for
1237 3444 16 16 a

668 3467 100 33 colony,
781 3467 55 26 that
846 3468 90 26 within
948 3477 16 16 a
973 3476 62 25 very
1046 3468 49 25 few
1106 3476 73 25 years
1190 3469 63 25 after

667 3500 44 26 the
722 3500 138 26 settlement
870 3511 52 15 was
933 3501 113 25 founded
1057 3505 27 21 at
1096 3502 43 25 the
1156 3501 59 34 Bay
1227 3502 30 24 of

668 3533 110 32 Islands,
798 3535 43 24 the
859 3539 135 29 secretary,
1014 3534 42 25 the
1075 3535 67 26 Rev.
1162 3535 91 26 Josiah

668 3566 84 31 Pratt,
765 3567 118 26 declared
893 3568 54 25 that
959 3568 26 24 in
997 3577 47 16 one
1055 3567 31 25 of
1098 3568 43 26 the
1151 3569 100 33 provin-

668 3599 49 26 cial
728 3603 77 23 towns
816 3601 32 25 of
856 3601 119 39 England
985 3601 33 26 he
1027 3601 77 25 knew
1115 3601 30 25 of
1154 3610 17 16 a
1180 3601 71 36 large

667 3634 105 24 number
788 3633 31 26 of
830 3634 107 26 families
954 3635 78 33 ready
1042 3639 29 21 to
1088 3635 122 32 emigrate
1227 3639 26 22 to

661 3666 72 26 'New
753 3666 117 27 Zealand.
906 3667 54 27 The
978 3668 124 35 bug-bear
1121 3667 30 28 of
1166 3669 86 25 canni-

1284 128 90 25 balism
1392 129 52 24 had
1460 137 57 16 now
1534 129 88 32 nearly
1639 127 131 26 vanished.
1808 127 57 24 New

1285 160 109 26 Zealand
1406 161 52 25 had
1469 163 102 24 become
1582 161 43 25 the
1641 161 66 25 head
1718 163 113 30 quarters
1842 158 29 25 of

1284 193 43 25 the
1356 194 81 25 whale
1465 194 102 33 fishery.
1603 194 62 26 The.
1681 194 74 25 value
1781 193 29 24 of
1833 192 32 24 its

1284 226 98 31 timber,
1406 227 35 25 its
1466 228 60 29 flax,
1550 227 52 25 and
1624 228 71 24 other
1716 226 149 34 indigenous

1283 260 118 32 products
1418 260 52 25 had
1486 261 61 24 been
1564 259 74 26 made
1656 260 95 25 known
1768 260 35 32 by
1822 258 44 25 Mr

1286 292 117 25 Nicholas
1413 293 50 24 and
1469 292 71 26 other
1547 292 104 31 writers,
1662 294 51 24 and
1719 293 44 25 the
1770 292 95 26 natives

1283 324 149 26 themselves
1444 325 51 26 had
1506 325 61 26 been
1579 325 143 33 frequently
1733 325 132 33 employed

1283 365 26 17 as
1321 358 55 25 able
1389 366 106 17 seamen-
1505 367 31 16 on
1554 359 79 24 board
1652 359 99 25 British
1763 358 99 30 vessels,

1282 390 73 26 when
1371 399 79 24 many
1465 391 113 26 abortive
1597 392 110 25 schemes
1724 400 67 17 were
1808 399 56 26 pro-

1281 424 119 32 pounded
1411 424 40 25 for
1461 424 41 25 the
1514 424 167 25 colonization
1691 424 32 25 of
1734 425 43 24 the
1789 433 75 16 coun-

1275 460 56 29 .try.
1368 457 105 34 Among
1484 457 70 25 other
1566 461 118 30 attempts
1696 466 51 17 was
1759 466 54 20 one,
1827 465 37 17 we

1281 489 102 31 believe,
1416 490 135 34 originally
1581 491 134 33 suggested
1742 491 35 32 by
1807 489 55 26 Col.

1283 522 116 26 Nicholls
1411 523 31 24 of
1448 523 42 25 the
1501 522 120 31 Marines,
1633 524 57 24 who
1701 524 27 24 in
1738 523 58 25 vain
1807 524 57 24 sub-

1281 555 90 25 mitted
1383 555 39 26 his
1433 556 72 33 plans
1523 560 26 21 to
1570 556 69 25 Lord
1658 557 134 28 Bathurst,
1804 556 59 25 then

1283 588 132 33 Secretary
1427 589 30 24 of
1465 589 68 25 State
1544 590 41 24 for
1597 590 40 24 the
1650 590 126 24 Colonies.
1806 588 56 26 Col.

1283 621 117 25 Nicholls
1411 621 52 25 had
1476 622 121 25 collected
1608 631 15 16 a
1634 626 71 30 great
1717 622 56 25 deal
1785 622 31 24 of
1828 622 36 24 in-

1281 654 136 25 formation
1429 655 62 25 with
1502 659 98 28 respect
1610 659 24 21 to
1648 655 42 25 the
1698 658 108 29 country
1815 654 50 25 and

1281 687 32 25 its
1324 687 162 31 inhabitants,
1499 688 84 25 which
1594 697 60 17 was,
1663 687 202 26 communicated

1282 724 27 21 to
1332 720 39 25 his
1394 720 110 31 relative,
1529 721 57 25 Col.
1606 721 115 30 Torrens,
1744 720 50 25 and
1813 720 51 30 led,

1282 754 112 33 through
1410 753 43 26 the
1470 755 122 24 exertions
1612 755 29 24 of
1654 754 43 25 the
1713 754 74 24 latter
1807 762 58 25 gen-

1283 786 102 33 tleman,
1403 791 27 20 to
1444 787 42 25 the
1496 786 134 26 formation
1642 786 30 26 of
1685 786 42 25 the
1742 794 124 25 company

1283 819 29 25 of
1324 821 71 24 1825.
1432 819 65 26 That
1506 828 132 24 company,
1651 820 81 24 under
1742 819 43 25 the
1796 827 70 17 sanc-

1283 853 54 24 tion
1363 853 31 24 of
1413 852 34 25 its
1473 852 160 33 enlightened
1656 852 138 30 chairman,
1824 851 43 25 Mr

1284 885 135 30 Lambton,
1432 894 57 16 now
1507 885 63 25 Earl
1585 885 30 25 of
1628 885 127 28 Durham,
1769 892 98 17 accom-

1283 918 99 33 plished
1390 918 33 25 all
1433 919 55 24 that
1497 927 51 16 was
1559 918 108 34 possible
1679 918 82 25 under
1769 917 42 25 the
1820 918 47 24 cir-

1284 955 164 21 cumstances.
1491 952 44 24 An
1562 951 169 25 unfortunate-
1749 950 118 26 selection

1284 993 103 25 appears
1404 988 26 21 to
1449 985 63 24 have
1530 985 60 24 been
1609 985 72 24 made
1698 984 31 25 of
1741 983 43 25 the
1800 992 67 16 com-

1284 1018 89 33 pany's
1385 1017 70 25 chief
1469 1021 82 30 agent,
1563 1017 59 25 who
1632 1017 75 25 made
1717 1025 70 17 some
1797 1017 71 25 valu-

1284 1051 55 25 able
1355 1051 160 33 acquisitions
1532 1050 30 25 of
1570 1050 125 32 territory,
1709 1049 60 26 held
1780 1051 89 24 sacred

1284 1089 25 19 to
1319 1084 43 24 the
1370 1092 55 16 uses
1433 1084 30 24 of
1467 1084 41 24 the
1516 1091 123 25 company
1648 1084 36 31 by
1692 1083 41 25 the
1741 1082 96 26 natives
1843 1087 24 21 to

1285 1117 49 25 this
1347 1117 59 32 day,
1423 1117 51 24 and
1483 1124 57 17 now
1551 1116 185 34 incorporated,
1751 1115 64 25 after
1827 1117 42 24 the

1284 1150 69 33 lapse
1362 1150 30 24 of
1398 1150 112 24 fourteen
1520 1157 81 26 years,
1611 1150 61 24 with
1683 1149 42 25 the
1734 1148 71 25 other
1813 1158 55 24 pos-

1284 1183 107 25 sessions
1396 1183 29 25 of
1427 1183 42 24 the
1475 1187 98 29 present
1581 1191 132 25 company,
1721 1186 45 29 yet
1771 1182 33 25 he
1811 1182 58 25 sud-

1285 1216 76 32 denly
1370 1216 147 25 abandoned
1525 1216 42 25 the
1576 1216 138 33 enterprize
1723 1224 32 16 on
1765 1216 112 24 mistak-

1285 1249 44 33 ing
1340 1258 16 15 a
1366 1258 52 16 war
1430 1249 79 25 dance
1523 1249 142 33 performed
1683 1248 26 25 in
1726 1249 101 24 honour
1843 1249 30 24 of

1284 1282 54 25 him
1361 1282 38 24 for
1422 1291 16 16 a
1460 1283 90 24 hostile
1571 1282 207 25 demonstration.
1817 1282 53 24 The

1286 1315 141 34 gentlemen
1441 1316 148 33 composing
1599 1316 51 25 this
1662 1315 148 25 association
1829 1315 41 24 ab-

1285 1348 100 26 stained
1395 1348 68 25 from
1475 1349 107 34 opening
1590 1348 21 26 it
1620 1352 26 22 to
1655 1348 43 25 the
1708 1348 86 33 public
1805 1348 65 25 until

1286 1390 67 17 some
1366 1381 96 26 further
1479 1390 99 17 success
1594 1382 53 25 had
1664 1382 61 25 been
1744 1381 124 26 obtained,

1286 1415 50 24 and
1354 1423 65 17 were
1437 1415 167 34 discouraged
1622 1416 51 24 also
1693 1416 33 31 by
1742 1415 43 25 the
1802 1414 67 26 well-

1286 1448 170 25 remembered
1468 1452 65 21 state
1541 1449 30 24 of
1578 1448 42 25 the
1630 1456 91 24 money
1733 1448 101 25 market
1844 1448 25 25 in

1285 1481 42 25 the
1337 1489 60 24 year
1413 1483 71 24 1826.
1510 1481 79 33 They,
1603 1481 123 31 however,
1741 1482 130 33 expended

1287 1515 124 30 20,000/.,
1435 1516 51 24 and
1507 1515 114 25 received
1646 1515 65 25 from
1735 1515 46 24 Mr
1801 1515 68 25 Hus-

1284 1547 88 25 kisson
1384 1548 44 26 the
1445 1548 107 33 promise
1563 1548 29 25 of
1606 1557 15 16 a
1637 1548 98 25 charter
1747 1548 30 25 of
1789 1548 82 25 incor-

1286 1581 124 33 poration,
1430 1581 93 25 which-
1532 1581 45 25 has
1594 1581 62 25 been
1667 1581 151 34 recognized
1837 1583 34 30 by

1286 1614 150 33 subsequent
1458 1619 185 29 governments,
1670 1615 52 25 and
1745 1615 21 24 is
1792 1615 79 25 consi-

1287 1647 77 25 dered
1373 1648 27 24 in
1410 1647 69 26 force
1492 1653 26 19 at
1530 1648 42 25 the
1583 1651 99 30 present
1693 1648 59 33 day.

1321 1694 53 25 The
1381 1694 164 35 proceedings
1554 1695 30 24 of
1590 1694 41 25 the
1640 1703 133 25 company,
1784 1694 88 33 nearly

1286 1727 44 25 the
1347 1728 83 24 whole
1448 1728 31 24 of
1490 1728 85 25 whose
1593 1728 117 30 artizans,
1729 1729 74 25 when
1822 1729 50 24 dis-

1287 1761 110 33 charged
1408 1762 35 32 by
1455 1761 42 24 the
1509 1765 74 29 agent
1594 1766 26 19 at
1629 1761 113 33 Sydney,
1756 1762 116 25 returned

1276 1794 61 24 /and
1354 1794 90 25 settled
1455 1794 26 24 in
1493 1794 64 24 New
1570 1793 109 26 Zealand
1714 1803 28 16 so
1753 1794 63 26 little
1829 1795 44 24 did

1286 1827 61 31 they
1370 1827 73 24 share
1465 1827 25 24 in
1514 1827 43 24 the
1577 1827 74 33 panic
1670 1827 28 24 of
1718 1828 66 25 their
1805 1836 67 17 com-

1287 1860 105 24 mander
1426 1860 43 24 the
1486 1860 115 33 growing
1620 1860 141 33 prosperity
1782 1861 31 24 of
1832 1861 42 24 the

1287 1893 181 29 missionaries,
1481 1892 42 25 the
1535 1892 139 35 increasing
1683 1897 78 21 resort
1770 1893 30 24 of
1806 1893 67 33 ship-

1287 1926 70 33 ping,
1371 1926 42 24 the
1424 1926 82 24 influx
1519 1925 28 25 of
1561 1934 120 25 runaway
1694 1926 112 25 convicts
1824 1927 50 24 and

1288 1959 122 25 deserters
1426 1958 67 25 from
1508 1959 102 30 vessels,
1625 1959 62 25 with
1705 1959 44 25 the
1766 1960 108 33 flagrant

1288 1992 90 24 crimes
1389 1992 160 33 perpetrated
1557 1992 26 24 in
1593 1992 51 25 this
1655 1992 87 25 mixed
1752 1993 52 24 and
1815 1993 58 25 law-

1287 2024 48 25 less
1348 2025 165 33 community,
1527 2025 68 25 drew
1606 2025 43 25 the
1660 2026 123 25 attention
1796 2026 29 25 of
1834 2026 40 25 the

1288 2067 125 24 governor
1425 2058 31 24 of
1470 2058 113 33 Sydney,
1595 2058 58 25 who
1664 2067 50 16 was
1726 2059 110 25 induced
1848 2063 26 21 to

1288 2091 111 33 appoint,
1411 2091 64 25 with
1485 2091 43 25 the
1537 2100 165 17 concurrence
1711 2092 30 25 of
1749 2091 42 26 the
1801 2092 73 25 home

1288 2128 175 29 government,
1487 2124 69 25 what
1578 2124 32 25 he
1632 2125 97 25 termed
1751 2134 15 16 a
1789 2126 85 24 consul

1316 2158 142 25 accredited
1470 2162 23 21 to
1505 2158 40 25 the
1555 2159 164 24 missionaries
1730 2162 26 21 at
1764 2158 42 25 the
1817 2159 60 32 Bay.

1289 2191 30 24 of
1490 2191 80 24 Those
1581 2191 122 25 excellent
1713 2200 58 16 men
1784 2192 90 24 doubt-

1288 2224 48 25 less
1348 2232 63 17 were
1422 2228 47 21 not
1482 2232 79 17 aware
1573 2223 56 26 that
1645 2224 51 25 this
1712 2233 63 22 was,
1794 2225 80 33 diplo-

1288 2257 128 33 matically
1428 2257 131 34 speaking,
1572 2266 16 16 a
1599 2257 105 25 transfer
1721 2262 27 20 to
1764 2258 70 24 them
1850 2259 27 24 of

1288 2290 42 24 the
1343 2291 161 33 sovereignty
1517 2291 65 24 from
1597 2290 41 25 the
1657 2300 85 16 crown
1760 2291 31 25 of
1805 2291 69 35 Eng-

1288 2323 59 25 land
1354 2333 7 22 ;
1380 2324 50 25 and
1429 2319 8 7 %
1443 2324 20 24 it
1474 2332 60 24 may
1546 2324 70 32 quiet
1633 2324 43 25 the
1693 2324 180 33 apprehension

1289 2356 29 25 of
1325 2357 73 25 those
1406 2357 91 33 jurists
1507 2357 58 25 who
1577 2366 59 24 may
1648 2358 111 33 imagine
1768 2358 56 25 that
1832 2359 42 24 the

1288 2390 161 34 sovereignty
1469 2390 29 25 of
1515 2390 70 25 those
1601 2390 96 26 islands
1716 2400 51 16 was
1785 2391 89 26 indeed

1287 2432 58 16 ever
1356 2424 90 32 parted
1456 2423 71 29 with,
1545 2427 25 21 to
1582 2424 118 25 recollect
1710 2425 65 30 that,
1794 2426 80 24 under

1287 2456 69 25 these
1368 2457 203 31 circumstances,
1583 2456 23 26 it
1618 2458 78 24 could
1704 2458 60 32 only
1774 2459 30 23 be
1815 2458 59 25 held

1286 2489 26 25 in
1324 2493 74 27 trust,
1414 2498 38 23 or,
1473 2495 24 20 at
1509 2489 42 26 the
1568 2491 72 30 least,
1660 2499 27 17 as
1706 2500 15 16 a
1738 2491 136 33 feudatory

1286 2523 170 33 principality.
1494 2523 66 26 That
1582 2524 43 25 the
1646 2524 169 26 missionaries
1837 2534 36 16 re-

1286 2556 98 32 garded
1395 2557 21 24 it
1429 2556 138 26 somewhat
1575 2558 28 24 in
1615 2557 50 25 this
1677 2557 75 34 light,
1771 2559 21 24 is
1810 2559 64 25 clear

1286 2589 65 25 from
1376 2590 42 25 the
1440 2599 105 16 manner
1568 2590 26 25 in
1617 2590 83 26 which
1726 2592 59 33 they
1809 2592 63 25 have

1286 2623 104 25 resisted
1418 2623 44 25 the
1483 2623 205 27 encroachments
1719 2625 31 25 of
1777 2625 97 35 foreign

1286 2656 107 28 nations,
1407 2657 51 24 and
1476 2657 43 25 the
1535 2665 58 25 way
1603 2657 27 25 in
1641 2658 85 25 which
1736 2658 61 33 they
1810 2658 64 26 have

1286 2690 127 25 modelled
1430 2690 44 26 the
1490 2690 203 27 administration
1710 2691 31 25 of
1753 2691 67 26 their
1832 2701 42 25 go-

1286 2727 132 21 vernment
1453 2724 64 25 after
1546 2724 55 25 that
1634 2724 30 25 of
1700 2724 43 26 the
1778 2726 96 33 prince-

1286 2756 102 33 bishops
1405 2757 31 25 of
1449 2757 42 25 the
1509 2757 95 25 middle
1623 2766 67 23 ages.
1727 2758 72 34 They
1810 2759 64 25 have

1285 2789 154 26 maintained
1450 2790 42 25 the
1503 2799 96 24 powers
1611 2791 133 34 delegated
1756 2796 26 21 to
1793 2792 79 30 them,

1285 2822 90 26 within
1404 2823 65 25 their
1493 2823 144 34 palatinate.
1681 2824 131 35 Resisting
1841 2825 33 25 all

1285 2860 118 30 attempts
1427 2862 27 20 to
1477 2857 127 25 mediatize
1627 2857 77 31 them,
1728 2858 61 33 they
1809 2858 64 26 have

1283 2889 95 34 upheld
1388 2890 66 25 their
1462 2890 134 33 theocracy
1606 2900 7 21 ;
1633 2891 51 25 and
1691 2900 39 16 we
1740 2891 79 25 know
1827 2897 45 20 not

1284 2923 113 25 whether
1411 2927 27 21 to
1451 2931 117 25 compare
1585 2923 42 26 the
1644 2924 139 26 converted
1796 2925 76 25 chief-

1284 2956 66 24 tains
1363 2960 26 21 to
1401 2961 97 21 tenants
1507 2957 26 24 in
1541 2957 89 33 capite,
1639 2957 42 25 the
1688 2957 76 26 lesser
1771 2959 99 30 barons,

1284 2997 29 17 or
1329 2993 27 21 to
1373 2989 42 26 the
1432 2990 79 25 heads
1530 2990 29 25 of
1575 2990 75 25 tribes
1667 2991 161 34 ministering
1845 2996 26 21 to

1283 3022 53 25 that
1347 3022 31 25 of
1386 3023 72 25 Levi.
1493 3023 38 25 At
1542 3023 74 25 home
1627 3023 43 25 the
1680 3024 126 26 influence
1817 3025 31 25 of
1857 3034 15 16 a

1282 3056 110 32 wealthy
1411 3057 51 24 and
1481 3056 136 34 important
1636 3057 95 33 society
1751 3066 53 17 was
1824 3058 46 25 all-

1282 3090 124 32 powerful
1419 3093 27 22 at
1457 3090 42 25 the
1512 3090 108 24 colonial
1631 3090 80 31 office,
1731 3091 60 33 glad
1802 3095 27 21 to
1841 3093 29 24 be

1282 3122 109 25 relieved
1399 3123 30 24 of
1432 3123 96 25 trouble
1535 3123 50 24 and
1591 3124 188 34 responsibility
1785 3124 84 27 whilst

1282 3155 115 35 obliging
1410 3164 15 16 a
1436 3159 72 31 great
1519 3159 72 30 party
1599 3165 7 22 ;
1627 3157 50 25 and
1693 3157 45 25 the
1752 3166 80 26 organ
1844 3159 29 25 of

1281 3188 55 25 that
1346 3190 105 32 society,
1465 3189 33 26 its
1509 3194 135 28 secretary,
1657 3190 119 35 wielding
1785 3199 32 17 an
1825 3201 43 16 ex-

1281 3222 131 32 penditure
1430 3222 32 25 of
1476 3221 83 27 fifteen
1577 3222 129 26 thousand
1726 3232 16 16 a
1760 3232 62 25 year
1841 3225 25 25 in

1283 3255 64 25 New
1371 3255 119 33 Zealand,
1515 3255 81 26 found
1620 3256 105 26 himself
1746 3258 121 35 virtually

1281 3297 125 25 governor
1422 3289 52 25 and
1490 3288 88 35 bishop
1598 3289 31 25 of
1641 3290 61 25 both
1717 3291 105 32 islands,
1843 3293 29 25 of

1279 3321 85 25 which
1381 3322 55 25 that
1454 3330 56 17 sum
1527 3323 83 33 might
1628 3323 63 26 have
1709 3324 99 35 bought
1824 3326 42 26 the

1279 3354 39 26 fee
1332 3354 97 35 simple.

1314 3402 53 25 The
1375 3402 144 34 solemnity,
1531 3403 117 26 however
1657 3403 168 36 picturesque,
1839 3407 30 25 of

1270 3436 2 29 !
1281 3436 142 33 convening
1440 3444 17 16 a
1470 3436 49 26 few
1530 3445 92 26 savage
1632 3438 132 26 chieftains
1779 3440 27 24 in
1822 3441 42 26 the

1279 3469 206 34 neighbourhood
1509 3469 31 25 of
1557 3469 44 26 the
1625 3471 58 34 Bay
1704 3472 30 25 of
1753 3472 108 33 Islands,

1279 3502 106 35 making
1396 3501 71 27 them
1477 3502 97 26 declare
1588 3503 65 26 their
1667 3505 194 35 independence,

1279 3535 52 26 and
1349 3536 90 34 giving
1453 3535 70 26 them
1541 3544 15 17 a
1572 3537 62 34 flag,
1653 3539 75 26 could
1744 3549 33 16 no
1792 3549 71 17 more

1279 3568 69 34 quell
1361 3568 42 26 the
1414 3569 126 25 disorders
1550 3570 56 25 that
1613 3573 127 32 prevailed
1751 3573 111 35 through

1270 3614 2 19 I
1279 3602 44 25 the
1332 3601 104 32 islands,
1445 3603 60 25 than
1515 3603 20 25 it
1542 3603 87 32 could,
1639 3605 26 26 in
1674 3606 188 26 constitutional

1270 3635 2 41 |
1279 3635 58 32 law,
1361 3636 58 34 give
1445 3644 72 25 away
1537 3636 41 26 the
1600 3638 85 36 king's
1710 3639 150 27 dominions.

1280 3670 137 25 Atrocious
1426 3669 91 27 crimes
1525 3679 66 18 were
1596 3674 159 33 perpetrated
1766 3673 35 35 by
1810 3673 52 26 En-

1884 124 2 32 [
1895 122 133 35 glishmen.
2041 123 102 25 Ardent
2149 123 94 33 spirits,
2252 123 161 33 gunpowder,
2424 122 51 26 and

1896 155 108 26 virulent
2015 155 108 26 diseases
2133 163 66 18 were
2215 156 159 25 introduced.
2410 155 65 24 Ruf-

1895 189 64 25 fians
1976 188 56 24 who
2050 188 52 25 had
2118 189 107 33 escaped
2241 189 64 25 from
2323 188 42 26 the
2388 187 86 25 chain-

1891 227 84 29 'gangs
1987 221 26 24 of
2023 220 65 26 New
2100 221 80 25 South
2188 221 94 31 Wales,
2297 231 29 16 or
2337 221 58 25 who
2407 221 67 24 from

1894 255 100 25 various
2005 261 86 18 causes
2102 263 66 16 were
2177 254 117 26 ashamed
2305 255 30 24 of.
2339 253 137 35 appearing

1893 289 26 24 in
1928 287 101 26 convict
2035 287 106 31 society,
2149 287 103 26 flocked
2259 292 25 21 to
2294 287 65 26 New
2366 286 110 25 Zealand

1898 322 52 25 and
1961 318 131 27 furnished
2102 320 44 24 the
2162 321 98 25 natives
2270 320 62 26 with
2349 320 128 25 corrosive

1894 354 152 30 sublimates,
2069 351 140 26 laudanum
2219 354 50 25 and
2282 353 70 25 other
2364 353 112 33 poisons,

1894 392 27 21 to
1930 388 100 31 destroy
2037 385 63 26 each
2107 385 73 25 other
2187 386 61 24 with
2256 396 8 21 ;
2277 386 51 26 and
2335 386 41 25 the
2384 386 92 33 neigh-

1891 420 133 27 bourhood
2044 418 30 26 of
2090 419 44 24 the
2151 418 149 34 missionary
2321 419 157 25 settlements

1891 463 62 17 soon
1964 455 101 23 became
2074 452 44 25 the
2126 455 66 21 most
2201 451 165 26 demoralized
2375 451 26 26 in
2411 451 68 26 New

1892 487 119 26 Zealand.

1926 519 128 34 Repeated
2081 517 210 34 representations
2314 527 65 17 were
2403 517 75 26 made

1892 557 27 22 to
1949 553 42 24 the
2012 555 167 31 government
2202 550 26 24 in
2252 550 120 34 England
2395 555 27 20 to
2445 551 34 25 do

1893 586 56 25 that
1970 584 84 26 which
2079 584 93 26 should
2194 592 95 25 repress
2314 583 69 26 these
2407 583 72 31 evils,

1892 619 47 25 but
1958 618 108 25 without
2082 618 45 24 the
2143 618 64 24 least
2225 616 82 26 effect.
2344 617 53 24 The
2415 625 65 16 mer-

1893 652 88 25 chants
1999 651 30 25 of
2051 651 108 24 London
2185 649 89 35 joined
2297 650 27 25 in
2347 659 16 16 a
2384 658 96 17 memo-

1894 684 57 30 rial,
1979 684 89 33 signed
2091 684 35 33 by
2152 683 43 25 the
2217 683 78 25 heads
2323 682 29 26 of
2377 682 35 25 all
2438 683 43 24 the

1893 717 125 33 principal
2038 717 93 24 houses
2151 717 113 33 engaged
2282 717 27 24 in
2332 717 43 24 the
2394 716 87 24 south-

1894 758 43 17 sea
1947 750 79 24 trade.
2062 750 26 24 A
2104 750 114 33 petition,
2231 750 26 24 in
2272 751 9 23 1
2288 751 57 29 834,
2358 757 52 17 was
2426 751 56 23 sent

1893 783 75 24 home
1980 783 33 32 by
2027 782 44 25 the
2088 786 67 21 most
2166 782 154 32 respectable
2331 783 30 24 of
2377 782 43 25 the
2432 785 49 22 set-

1893 816 58 25 tlers
1961 816 28 23 in
2001 814 65 26 New
2079 814 120 31 Zealand,
2210 814 85 25 which
2302 823 52 17 was
2366 814 117 33 repeated

1895 849 27 24 in
1937 850 8 22 1
1952 849 57 29 836,
2023 848 51 25 and
2085 847 91 34 signed
2193 848 35 31 by
2241 847 34 25 all
2286 848 43 24 the
2340 847 145 25 influential

1895 881 123 25 members
2025 880 31 25 of
2059 880 42 25 the
2108 880 104 25 mission
2218 880 81 32 itself;
2305 881 57 26 but,
2370 880 114 35 through

1895 922 69 17 some
1976 913 125 25 influence
2117 917 27 21 at
2154 913 43 25 the
2209 912 118 26 Colonial
2339 913 90 30 Office,
2446 913 36 25 all

1895 946 173 35 applications,
2077 946 63 25 both
2149 946 85 33 public
2243 946 50 25 and
2300 947 107 32 private,
2415 954 67 18 were

1896 979 164 34 disregarded
2067 989 8 23 ;
2089 979 52 25 and
2149 979 21 25 it
2179 979 99 25 seemed
2288 980 41 24 the
2337 979 69 26 fixed
2417 988 55 17 reso

1895 1013 83 25 lution
1988 1013 29 25 of
2024 1012 43 26 the
2079 1016 172 31 government,
2262 1013 125 26 whatever
2396 1013 88 25 incon-

1896 1046 119 26 venience
2027 1054 29 16 or
2067 1045 124 35 suffering
2201 1045 83 35 might
2295 1047 31 25 be
2334 1045 151 27 occasioned

1897 1080 35 33 by
1941 1080 29 31 it,
1983 1084 25 20 to
2020 1079 69 26 leave
2101 1079 168 25 undisturbed
2279 1079 42 25 the
2330 1080 156 32 experiment

1897 1113 30 25 of
1934 1113 112 33 training
2056 1121 34 25 up
2103 1122 16 16 a
2129 1112 86 26 native
2231 1112 125 26 Levitical
2372 1112 113 33 republic

1897 1146 81 25 under
2000 1146 151 33 missionary
2171 1145 107 31 control,
2303 1145 116 26 directed
2435 1145 50 34 pri-

1897 1179 94 32 marily
2001 1180 35 32 by
2048 1187 16 17 a
2074 1179 44 33 lay
2131 1179 164 32 secretary-in
2307 1179 131 34 England.

1933 1212 68 25 Such
2012 1221 52 16 was
2083 1212 43 25 the
2144 1216 64 22 state
2220 1213 30 24 of
2265 1212 86 34 things
2370 1212 27 25 in
2418 1212 67 25 New

1898 1245 112 26 Zealand
2020 1246 72 24 when
2105 1254 33 16 an
2156 1246 114 25 incident
2281 1254 64 26 gave
2356 1245 91 33 reality
2458 1249 28 21 to

1897 1287 16 16 a
1924 1279 97 33 project
2031 1279 87 24 which
2129 1278 52 25 had
2191 1279 62 33 long
2264 1279 62 25 been
2337 1279 110 24 familiar
2457 1281 28 22 to

1897 1312 44 25 the
1960 1312 83 25 minds
2055 1312 30 24 of
2099 1312 33 24 its
2150 1312 105 24 author.'
2283 1312 32 24 In
2332 1320 15 16 a
2358 1311 73 25 work
2442 1320 44 16 en-

1897 1345 74 24 titled
1985 1348 6 12 '
2000 1345 121 33 England
2133 1345 51 24 and
2194 1345 139 29 America/
2346 1345 66 24 New
2424 1345 62 24 Zea-

1897 1378 62 24 land
1976 1378 53 25 had
2046 1379 63 24 been
2125 1378 105 33 pointed
2248 1382 44 21 out
2302 1386 27 17 as
2342 1386 47 17 one
2401 1378 30 24 of
2445 1378 42 24 the

1898 1411 77 25 finest
1984 1411 73 26 fields
2069 1411 40 25 for
2121 1411 177 25 colonization.
2334 1411 27 25 A
2370 1411 116 25 commit-

1899 1449 38 21 tee
1947 1444 29 25 of
1984 1445 40 25 the
2036 1444 91 26 House
2137 1445 29 25 of
2173 1444 146 31 Commons,
2363 1453 69 24 upon
2443 1444 44 25 the

1900 1478 112 33 disposal
2024 1477 30 26 of
2066 1482 79 21 waste
2156 1478 73 25 lands
2241 1478 26 25 in
2279 1478 42 25 the
2333 1478 101 25 British
2446 1486 42 17 co-

2020 1519 51 17 was
2083 1512 89 34 sitting
2191 1520 33 16 on
2238 1512 44 24 the
2294 1512 63 24 27th
2368 1511 30 25 of
2406 1511 81 30 June,

1902 1547 9 21 1
1918 1547 57 27 836,
1980 1545 74 24 when
2061 1545 43 24 the
2112 1545 130 33 following
2250 1553 96 16 answer
2352 1553 52 16 was
2412 1545 77 31 given

1899 1578 34 33 by
1954 1578 45 24 Mr
2010 1578 114 25 Edward
2145 1578 103 25 Gibbon
2261 1577 147 25 Wakefield
2424 1581 28 21 to
2473 1586 16 16 a

1900 1612 115 32 question
2025 1611 35 33 by
2070 1611 44 25 the
2127 1611 138 31 chairman,
2279 1611 46 24 Mr
2333 1611 84 24 Ward
2425 1620 6 15 :

1961 1646 44 23 961
2011 1663 7 7 .
2029 1646 54 23 Are
2095 1645 71 25 there
2178 1653 51 24 any
2237 1649 69 29 parts
2319 1644 30 25 of
2356 1644 43 25 the
2408 1644 82 26 world

1900 1678 99 32 subject
2015 1682 27 21 to
2062 1686 47 17 our
2128 1678 129 25 dominion
2275 1686 66 22 now,
2361 1678 25 24 in
2402 1677 87 26 which

1900 1719 52 24 you
1964 1710 110 35 imagine
2091 1712 58 24 that
2165 1720 56 16 new
2233 1711 109 25 colonies
2358 1710 83 34 might
2457 1712 33 24 be

1900 1744 112 25 founded
2029 1744 219 36 advantageously
2266 1745 81 24 under
2364 1744 51 25 this
2432 1752 58 25 pro-

1900 1777 78 32 posed
1990 1780 94 30 system
2090 1778 13 24 ?
2140 1777 91 32 Many.
2268 1777 15 25 I
2302 1777 117 25 consider
2436 1778 55 24 that

1901 1811 27 23 in
1937 1809 139 32 Australia,
2089 1814 27 21 at
2126 1814 109 29 present,
2245 1810 69 25 there
2325 1818 43 17 are
2377 1819 33 16 no
2422 1811 69 25 colo-

1901 1844 54 24 nies
1962 1852 8 22 ;
1985 1843 14 24 I
2011 1843 61 25 look
2083 1851 69 26 upon
2162 1843 44 25 the
2218 1844 155 24 settlements
2386 1844 26 24 in
2425 1843 67 26 New

1903 1875 82 26 South
1997 1875 84 26 Wales
2094 1877 53 24 and
2158 1877 59 24 Van
2233 1877 131 24 Diemen's
2377 1875 75 26 Land
2462 1884 30 17 as

1901 1917 69 17 mere
1981 1908 70 35 gaols
2064 1909 30 25 of
2101 1919 16 15 a
2128 1909 111 34 peculiar
2250 1910 72 24 kind.
2356 1909 73 33 They
2441 1910 51 25 call

1902 1942 43 25 the
1973 1943 92 33 keeper
2095 1945 8 13 '
2112 1943 41 25 his
2182 1942 165 33 excellency,'
2371 1943 52 25 and
2448 1943 44 25 the

1902 1975 115 32 chaplain
2043 1976 86 33 'right
2149 1976 144 32 reverend;'
2312 1976 47 25 but
2377 1976 43 25 the
2439 1976 54 25 real

1902 2008 71 26 truth
1984 2009 29 30 is,
2031 2008 61 33 they
2105 2018 44 16 are
2163 2009 109 33 nothing
2289 2009 50 26 else
2355 2009 46 25 but
2413 2009 79 34 gaols.

1902 2042 71 23 Then
1986 2042 81 25 South
2079 2042 133 25 Australia
2222 2042 21 25 is
2254 2046 45 21 not
2309 2046 45 29 yet
2368 2042 122 26 founded.

1902 2074 82 25 There
2001 2075 109 25 remains
2123 2083 15 17 a
2149 2075 71 34 large
2238 2079 83 22 extent
2339 2075 31 25 of
2383 2080 109 28 country

1902 2108 113 25 between
2035 2108 81 25 South
2127 2108 133 25 Australia
2272 2109 51 25 and
2340 2108 56 26 that
2407 2109 86 26 which

1902 2141 21 25 is
1942 2141 81 25 called
2039 2141 120 25 Western
2170 2142 132 24 Australia
2311 2151 7 15 :
2337 2142 71 24 there
2425 2143 22 23 is
2464 2143 29 23 in

1904 2173 80 26 Extra
1990 2174 133 33 -Tropical
2145 2175 134 24 Australia
2300 2183 15 16 a
2338 2175 101 24 district
2466 2174 31 26 of

1903 2208 102 33 ground
2013 2216 63 24 open
2089 2211 27 21 to
2128 2207 177 30 colonization,
2315 2207 31 25 of
2352 2208 86 24 which
2449 2208 44 26 the

1903 2240 95 25 outline
2006 2241 112 25 touched
2125 2241 36 33 by
2169 2241 44 26 the
2224 2244 123 22 sea-coast
2360 2245 93 21 cannot
2460 2242 33 25 be

1902 2274 49 25 less
1962 2274 62 25 than
2036 2275 77 30 4,000
2123 2274 80 26 miles.
2239 2274 70 33 Very
2318 2282 61 18 near
2389 2278 26 21 to
2424 2275 69 26 Aus-

1902 2307 75 25 tralia
1992 2308 68 25 there
2076 2307 21 25 is
2110 2316 16 17 a
2138 2311 117 29 country,
2272 2307 86 26 which
2373 2307 34 26 all
2421 2308 71 26 testi-

1904 2349 78 24 mony
1994 2349 106 17 concurs
2116 2341 27 25 in
2159 2341 144 32 describing
2319 2349 28 17 as
2358 2341 43 25 the
2413 2341 80 27 fittest

1903 2378 107 29 country
2022 2375 27 24 in
2060 2374 44 25 the
2116 2375 83 24 world
2210 2374 40 25 for
2262 2375 167 24 colonization
2436 2384 9 23 ;
2464 2383 29 17 as

1903 2407 42 25 the
1952 2411 65 21 most
2027 2407 124 25 beautiful
2162 2411 116 30 country,
2290 2408 64 24 with
2364 2408 42 24 the
2418 2408 75 26 finest

1903 2441 102 24 climate
2022 2441 51 25 and
2091 2441 46 25 the
2154 2444 68 23 most
2235 2441 149 33 productive
2396 2441 47 26 soil
2450 2451 7 22 ;
2476 2441 17 26 I

1903 2482 73 17 mean
1989 2474 66 26 New
2067 2474 121 26 Zealand.
2225 2474 27 25 It
2262 2474 53 26 will
2327 2475 30 25 be
2369 2475 56 25 said
2436 2475 57 25 that

1904 2507 65 25 New
1977 2507 111 26 Zealand
2094 2508 60 25 does
2159 2511 46 22 not
2210 2504 94 37 belong
2310 2511 26 21 to
2342 2508 44 24 the
2393 2507 100 26 British

1904 2549 93 22 crown,
2011 2541 51 25 and
2073 2540 64 27 that.
2143 2540 21 25 is
2177 2545 71 26 true;
2267 2541 45 25 but
2323 2540 170 35 Englishmen

1903 2582 42 17 are
1963 2574 137 34 beginning
2118 2578 27 21 to
2161 2573 111 26 colonize
2290 2574 65 25 New
2368 2574 122 27 Zealand.

1904 2607 65 25 New
1985 2607 112 25 Zealand
2109 2608 21 24 is
2143 2607 102 34 coming
2260 2607 80 25 under
2355 2608 43 24 the
2410 2608 81 26 domi-

1903 2641 61 24 nion
1975 2641 31 24 of
2020 2641 42 25 the
2074 2640 100 25 British
2186 2649 94 17 crown.
2314 2641 178 26 Adventurers

1903 2683 34 24 go
1948 2674 65 25 from
2025 2674 66 25 New
2104 2674 82 24 South
2198 2674 86 25 Wales
2295 2674 52 25 and
2358 2674 58 25 Van
2429 2674 63 28 Die-

1904 2707 80 25 men's
1996 2707 75 26 Land
2080 2707 52 25 and
2142 2707 78 26 make
2231 2716 16 16 a
2257 2711 82 29 treaty
2346 2707 64 26 with
2420 2716 16 17 a
2446 2718 46 17 na-

1902 2741 53 25 tive
1966 2740 70 26 chief-
2065 2749 16 16 a
2091 2743 84 30 ti'eaty
2186 2741 27 25 in
2225 2741 137 34 duplicate,
2375 2741 44 25 the
2427 2750 63 25 poor

1902 2773 71 26 chief
1990 2778 44 21 not
2055 2774 203 34 understanding
2280 2783 15 16 a
2314 2775 81 33 single
2417 2776 73 25 word

1901 2808 78 24 about
1990 2807 20 25 it
2017 2817 8 22 ;
2046 2808 47 24 but
2109 2807 62 33 they
2183 2807 76 25 make
2270 2816 15 16 a
2296 2812 114 21 contract
2421 2817 69 26 upon

1899 2841 150 33 parchment
2059 2841 63 24 with
2130 2849 15 16 a
2154 2844 73 30 great
2238 2841 59 31 seal,
2307 2841 52 25 and
2370 2841 40 26 for
2417 2850 15 17 a
2439 2842 51 26 few

1900 2873 108 25 trinkets
2017 2874 51 24 and
2075 2883 16 15 a
2097 2874 68 27 little
2173 2875 154 33 gunpowder
2333 2874 63 33 they
2402 2876 87 24 obtain

1899 2905 70 26 land.
2006 2907 74 25 After
2092 2916 15 15 a
2118 2907 62 26 time
2199 2908 27 24 in
2243 2908 71 25 these
2331 2916 77 22 cases,
2424 2909 63 25 after

1899 2948 69 17 some
1976 2949 102 24 persons
2087 2940 67 26 have
2160 2941 100 31 settled,
2270 2941 42 25 the
2321 2945 168 30 government

1898 2977 28 22 at
1937 2973 74 25 home
2020 2974 89 34 begins
2120 2978 28 21 to
2159 2975 98 25 receive
2269 2975 70 24 hints
2349 2975 56 25 that
2416 2975 72 26 there

1898 3006 21 25 is
1932 3015 15 17 a
1961 3007 101 34 regular
2074 3008 143 25 settlement
2234 3008 30 25 of
2279 3008 108 34 English
2398 3009 88 33 people

1898 3039 100 26 formed
2008 3041 26 24 in
2046 3041 64 24 such
2121 3050 16 16 a
2147 3041 72 33 place
2227 3050 7 23 ;
2253 3042 51 25 and
2312 3041 59 24 then
2384 3040 43 26 the
2440 3051 46 25 go-

1897 3077 131 22 vernment
2038 3077 27 22 at
2077 3074 76 26 home
2168 3075 129 34 generally
2312 3074 46 24 has
2370 3074 61 25 been
2445 3084 41 17 ac-

1897 3107 88 25 tuated
2003 3107 35 33 by
2048 3116 16 16 a
2074 3108 66 25 wish
2158 3112 26 21 to
2202 3109 102 33 appoint
2319 3116 18 15 a
2347 3116 136 26 governor,

1896 3140 51 25 and
1959 3149 66 24 says,
2039 3142 7 12 l
2055 3141 62 26 This
2128 3146 58 29 spot
2197 3142 103 33 belongs
2309 3144 26 22 to
2349 3140 134 35 England;

1895 3182 39 16 we
1946 3173 53 25 will
2015 3175 62 24 send
2095 3179 45 22 out
2156 3184 16 17 a
2191 3174 142 36 governor/
2369 3174 54 26 The
2441 3179 43 22 act

1896 3206 30 26 of
1940 3207 106 34 sending
2063 3213 44 21 out
2126 3217 16 17 a
2158 3215 125 26 governor
2299 3207 139 36 according
2454 3212 29 22 to

1895 3248 47 17 our
1954 3241 173 31 constitution,
2138 3250 28 16 or
2176 3240 58 31 law,
2248 3248 28 17 or
2286 3241 120 33 practice,
2422 3251 49 16 con

1895 3274 99 26 stitutes
2010 3275 41 25 the
2067 3275 73 32 place
2158 3278 27 21 to
2196 3273 86 25 which
2292 3281 15 17 a
2318 3282 128 25 governor
2459 3276 22 26 is

1894 3311 56 22 sent
1962 3316 15 17 a
1989 3307 97 26 British
2097 3307 128 33 province.
2245 3305 50 27 We
2305 3315 52 23 are,
2371 3307 15 25 I
2396 3307 84 35 think,

1894 3341 80 35 going
1990 3345 26 21 to
2032 3340 113 25 colonize
2163 3340 67 25 New
2241 3339 120 32 Zealand,
2380 3340 101 38 though

1893 3383 38 17 we
1948 3382 41 18 are
2001 3374 77 33 doing
2089 3382 29 17 so
2135 3373 28 25 in
2180 3382 16 17 a
2212 3377 67 21 most
2289 3373 124 34 slovenly,
2429 3376 51 26 and

1891 3406 162 35 scrambling,
2065 3407 53 25 and
2130 3406 154 35 disgraceful

1924 3439 54 26 The
1987 3443 133 22 statement
2130 3439 60 26 here
2201 3440 95 34 quoted
2305 3441 44 24 led
2359 3445 27 21 to
2395 3449 16 17 a
2419 3450 61 19 con-

1890 3473 127 27 versation
2037 3473 114 26 between
2162 3482 15 17 a
2187 3474 112 25 member
2313 3474 31 25 of
2351 3474 42 26 the
2408 3483 71 19 com-

1890 3507 95 30 mittee,
1996 3506 43 26 the
2051 3505 73 27 Hon.
2135 3506 106 26 Francis
2253 3507 108 35 Baring,
2374 3509 52 25 and
2434 3509 45 27 the

1891 3540 110 30 witness,
2019 3540 51 25 and
2086 3544 27 21 to
2130 3540 45 26 the
2192 3540 135 26 formation
2338 3541 31 26 of
2383 3550 16 17 a
2415 3542 63 35 plan

1890 3572 85 27 which
1985 3582 52 16 was
2050 3573 100 33 shortly
2160 3573 64 26 after
2240 3574 133 27 embodied
2389 3575 28 24 in
2434 3576 44 26 the

1890 3606 67 26 draft
1967 3606 31 25 of
2004 3615 16 17 a
2028 3606 55 32 bill,
2094 3606 121 26 intituled
2255 3607 27 26 A
2293 3608 56 26 Bill
2359 3612 25 22 to
2398 3608 82 26 facili-

1889 3644 53 22 tate
1960 3639 50 26 and
2026 3639 114 35 regulate
2157 3640 44 26 the
2213 3641 150 26 Settlement
2373 3640 30 27 of
2417 3642 61 26 Bri-

1890 3670 71 38 tish'
1961 3670 115 38 Subjects
2093 3672 29 28 in
2140 3673 68 29 New
2397 3674 40 28 As
2455 3676 23 27 it

910 56 91 32 THE
1027 57 109 33 NEW
1168 60 214 34 ZEALAND
1411 63 216 32 GAZETTE.

104 151 74 84 New
203 151 174 84 Zealand
402 151 198 84 Gazette.

108 235 125 31 WEDNESDAY,
233 235 47 31 AUGUST
280 235 317 31 21.

186 310 97 18 TABLE
297 309 37 19 OF
347 308 171 20 DISTANCES.

85 87 2 2 4

79 377 29 19 To
117 376 130 21 Nicholson's
256 376 99 25 Harbour,
367 377 74 20 Cook's

221 402 77 24 Straits,

80 429 58 20 From
147 429 94 27 England
307 441 10 5 -

150 456 63 19 South
223 456 102 20 Australia

152 481 49 21 Port
210 482 69 27 Philip
306 493 8 5 -

151 510 126 19 Launceston
305 519 9 5 -

151 536 149 20 JlobartTown

150 561 80 28 Sydney
242 571 9 6 -

475 375 70 20 Miles.

480 429 25 19 13
512 429 41 19 200

492 456 61 22 2,450

493 482 60 22 1,700

494 508 60 23 1,600

493 535 60 22 1,600

493 561 60 24 1,350

571 375 55 26 Days

581 429 39 19 120

595 455 25 19 15

595 481 24 19 12

595 508 23 19 11

595 535 23 19 11

595 561 25 19 10

189 599 32 19 To
231 598 100 26 England,

80 625 59 21 From
150 625 130 20 Nicholson's
292 625 95 19 Harbour

148 651 80 27 Sydney
242 663 10 5 -
304 662 10 5 -
368 662 9 4 -
431 663 11 4 -

150 679 127 19 Launceston
304 689 9 9 .-

149 705 64 20 South
223 704 102 20 Australia

480 624 74 22 14,000

479 651 74 23 15,350

479 677 75 23 15,600

479 704 75 23 16,450

581 624 40 20 100

581 651 39 19 110

582 679 38 19 112

582 705 39 19 116

106 742 59 20 From
175 741 131 20 Nicholson's
315 741 98 25 Harbour,

79 769 30 20 To
118 769 53 20 New
181 767 110 21 Caledonia
305 778 8 5 -

119 794 95 28 Friendly
221 794 80 21 Islands

118 822 52 20 New
179 821 81 20 Guinea
305 833 10 4 -

119 848 109 20 Sandwich
237 847 80 20 Islands

118 876 52 19 Java
241 884 10 6 -

119 902 67 27 Japan
240 912 11 5 -

119 928 79 21 Canton
240 939 10 5 -

113 955 42 20 Isle
164 954 22 21 of
193 955 79 20 France
306 966 9 5 -

117 982 82 20 Madras
240 993 10 4 -

119 1007 83 22 Mexico
241 1020 10 5 -

119 1036 59 19 Lima
240 1046 9 5 -
304 1034 11 28 I
367 1046 11 5 -
433 1046 9 5 -

119 1062 119 26 Valparaiso
305 1071 10 5 -

116 1090 57 26 Cape
183 1089 58 20 Horn
303 1099 11 5 -

112 1116 56 26 Cape
178 1116 22 19 of
208 1114 60 21 Good
277 1114 61 28 Hope
367 1125 7 5 >

493 767 61 22 1,500

492 793 62 23 1,500

491 820 63 23 2,700

491 847 63 22 4,000

492 874 62 22 4,200

492 900 62 24 4,800

492 927 62 23 5,000

493 954 61 23 6,000

493 980 61 24 6,300

492 1007 62 23 5,600

492 1034 63 24 5,800

492 1061 62 21 5.800

493 1088 62 23 6,100

493 1114 62 26 8,300

595 768 25 19 10

596 795 24 19 10

594 821 25 20 18

593 847 27 21 35

594 875 26 19 35

594 902 26 19 50

594 928 26 19 40

595 955 26 19 50

594 981 27 20 60

595 1008 26 19 50

595 1035 26 20 50

595 1062 26 19 50

595 1088 27 20 60

594 1115 28 20 60
