2540 3759
64 127 54 18 was
129 120 27 24 in
167 120 155 33 advocating
339 120 43 25 the
393 120 103 33 peculiar
506 120 138 35 principles

65 152 31 25 of
109 152 173 31 colonization,
297 153 29 24 of
340 153 84 24 which
439 153 28 25 he
478 162 53 17 was
546 154 44 25 the
600 163 44 16 au-

63 185 68 31 thor,
155 185 51 25 and
225 194 69 24 upon
312 186 85 25 which
415 186 27 25 he
460 186 54 26 had
531 188 112 31 recently

64 218 140 25 succeeded
210 218 26 25 in
244 218 126 32 founding
378 219 43 25 the
431 219 86 33 colony
527 220 30 25 of
562 220 83 25 South

64 250 141 32 Australia,
216 261 3 5 -
228 251 54 26 that
302 251 48 26 Mr.
359 252 137 26 Wakefield
515 254 68 24 drew
600 253 45 24 the

64 284 122 25 attention
197 284 31 25 of
235 283 47 27 Mr
294 285 98 34 Baring
402 289 26 21 to
437 286 40 25 the
487 287 106 32 subject,
607 293 38 17 we

63 317 66 25 need
157 318 113 32 scarcely
294 318 50 25 add
371 319 55 25 that
447 319 32 25 he
508 317 137 34 proceeded

64 350 157 33 throughout
247 359 33 17 on
301 351 41 26 his
365 360 56 17 own
438 355 102 29 system.
576 350 68 26 That

64 386 96 30 system
175 384 22 25 is
213 388 42 21 too
266 384 59 26 well
339 385 92 25 known
441 390 25 19 to
482 383 36 25 all
528 383 57 25 who
601 391 43 17 are

64 417 117 33 engaged
198 417 27 25 in
244 417 143 35 colonizing
402 416 142 35 operations,
565 421 27 20 to
604 424 39 17 re-

63 457 72 25 quire
145 449 97 27 farther
252 452 85 25 notice
347 451 66 25 here.

100 489 107 35 Having
224 491 117 25 matured
359 491 38 24 his
408 489 62 33 plan,
491 488 46 25 Mr
548 488 96 25 Wake-

64 522 63 26 field
150 524 201 24 communicated
372 523 21 24 it
414 526 20 20 to
457 529 69 18 some
548 522 98 33 private

63 555 106 32 friends,
183 557 85 25 before
278 557 42 24 the
332 555 66 25 close
408 554 24 25 of
437 554 43 25 the
492 563 61 24 year
569 557 72 23 1836.

65 588 83 33 Early
158 590 27 24 in
197 590 43 24 the
250 588 129 33 following
389 586 88 35 spring,
489 596 70 16 some
570 588 74 25 addi-

63 621 82 26 tional
157 624 166 31 co-operators
340 621 90 38 having
439 621 62 24 been
514 621 128 30 obtained,

62 654 44 26 the
115 655 65 25 New
188 654 110 25 Zealand
302 654 154 24 Association
461 662 54 17 was
521 654 120 31 founded,

64 688 32 25 of
108 687 83 26 which
210 687 42 24 the
272 686 56 25 first
346 687 104 33 meeting
466 696 54 16 was
537 687 60 26 held
611 696 33 16 on

64 720 124 32 Monday,
207 720 44 25 the
263 720 68 25 22nd
342 720 29 25 of
385 720 67 32 May,
474 722 72 29 1837,
560 725 26 20 at
598 720 44 25 No

63 755 33 23 20
114 753 87 25 Adam
219 757 84 26 street,
322 753 114 33 Adelphi,
458 753 83 26 where
559 762 84 17 rooms

61 786 85 25 where
157 786 73 25 hired
240 785 40 26 for
289 786 43 25 the
341 795 44 16 use
397 786 27 25 of
427 786 43 26 the
482 787 159 25 association.

63 818 47 26 Mr
121 818 145 26 Wakefield
277 819 115 33 presided
406 828 20 17 as
444 819 137 32 chairman,
595 821 50 24 and

61 852 148 25 resolutions
221 861 65 16 were
301 853 91 33 passed
403 852 118 35 founding
531 862 33 16 an
576 862 68 16 asso-

62 884 102 31 ciation,
178 885 137 35 consisting
327 885 32 26 of
365 891 50 20 two
423 886 90 26 classes
525 887 31 25 of
564 895 79 17 mem-

59 918 59 25 bers
119 932 34 5 —
153 918 70 27 those
228 916 146 37 ''intending
391 923 26 22 to
430 919 132 35 emigrate,
585 920 58 25 who

60 951 144 25 undertook
225 956 26 21 to
272 961 51 25 pay
342 952 34 26 all
394 953 37 25 the
451 962 119 24 expenses
593 953 50 32 (al-

60 984 101 35 though
183 985 61 33 they
269 985 142 33 ultimately
433 986 42 25 fell
501 995 68 24 upon
598 986 46 25 Mr

59 1017 150 26 Wakefield
219 1019 53 25 and
287 1019 42 25 Dr
340 1019 96 25 Evans*
446 1019 95 34 alone),
555 1020 50 25 and
619 1020 31 25 of

60 1051 88 33 public
165 1060 57 17 men
234 1052 66 31 who,
320 1052 101 25 without
438 1060 52 24 any
507 1053 138 32 pecuniary

61 1085 104 25 interest
177 1093 29 16 or
217 1085 65 25 view
297 1089 27 21 to
341 1085 78 34 profit,
438 1086 52 24 and
508 1094 32 16 on
550 1086 96 33 -public

62 1118 114 33 grounds
188 1118 81 31 alone,
291 1127 27 17 as
338 1119 59 33 they
414 1118 90 33 clearly
522 1120 52 23 and.
593 1120 52 25 dis-

61 1150 94 33 tinctly
167 1152 83 24 stated
267 1152 26 24 in
311 1160 76 23 every
400 1151 159 34 pixblication,
580 1161 64 25 gave
651 1165 2 25 j

61 1192 37 24 up
108 1183 65 25 their
179 1185 61 24 time
249 1185 49 24 and
304 1185 88 24 labour
402 1189 19 21 to
433 1185 44 24 the
485 1186 160 32 prosecution

63 1217 30 24 of
100 1225 15 16 a
126 1225 62 24 very
200 1218 110 24 arduous
321 1218 104 25 national
437 1218 180 33 undertaking.

96 1256 53 25 The
162 1261 141 21 committee
317 1258 117 25 consisted
449 1258 157 33 exclusively
619 1259 31 25 of
651 1260 2 33 j

62 1289 43 26 the
115 1290 75 25 latter
202 1291 73 30 class,
296 1294 28 22 to
335 1292 77 25 whom
425 1293 20 24 it
454 1300 54 17 was
519 1293 127 33 proposed

61 1327 26 21 to
106 1323 101 26 confide
225 1324 43 25 the
287 1326 125 24 execution
434 1326 31 24 of
479 1325 41 25 the
539 1326 59 32 plan
618 1326 26 24 in

61 1356 129 35 England,
205 1357 50 25 and
263 1366 52 17 was
324 1362 26 21 at
362 1357 49 26 first
419 1359 136 33 composed
564 1358 30 25 of
602 1358 44 25 the

62 1389 131 36 following
204 1391 141 33 gentlemen
355 1401 6 15 :
364 1406 32 4 —

96 1430 54 24 The
179 1430 72 25 Hon.
279 1431 104 25 Francis
409 1430 106 35 Baring,
547 1432 39 24 M.
598 1432 45 31 P.,

131 1463 146 31 Chairman,
282 1479 3 8 >

96 1496 53 25 The
162 1497 82 35 Right
258 1498 71 24 Hon.
344 1497 63 26 Lord
416 1497 89 31 Petre,

94 1529 100 26 Walter
206 1531 29 24 F.
250 1531 140 33 Campbell,
402 1531 68 33 Esq.,
487 1531 87 31 M.P.,

96 1562 97 26 Robert
204 1564 138 34 Ferguson,
356 1564 67 34 Esq.,
436 1564 89 31 M.P.,

96 1596 136 34 Benjamin
246 1597 104 31 Hawes,
365 1597 67 34 Esq.,
446 1597 90 33 M.P.,

96 1628 89 35 Philip
197 1630 123 31 Howard,
335 1631 68 33 Esq.,
416 1630 89 31 M.P.,

80 1674 4 2 •
94 1662 116 26 William
223 1663 79 33 Hutt,
316 1663 72 34 Esq.,
400 1664 86 32 M.P.,

97 1695 40 25 Sir
150 1696 70 25 Win.
234 1697 170 32 Molesworth,
414 1697 86 32 Bart.,
513 1697 86 34 M.P.,

97 1729 40 25 Sir
150 1729 64 26 Geo.
229 1730 118 31 Sinclair,
360 1730 66 30 Bart,
438 1730 86 31 M.P.,

97 1761 94 34 Henry
203 1762 102 35 George
316 1762 84 33 Ward,
414 1762 75 34 Esq.,
503 1764 88 31 M.P.,

96 1794 43 26 W.
153 1795 140 33 Wolryche
305 1795 144 33 Whitmore,
463 1797 61 33 Esq.

95 1834 28 25 It
131 1843 52 17 was
195 1835 94 34 during
296 1835 43 25 the
351 1835 80 25 month
441 1835 31 25 of
479 1836 66 33 July
553 1837 27 24 in
593 1837 50 25 this
651 1835 2 37 j

58 1875 64 25 year
143 1867 55 26 that
220 1872 50 21 two
294 1868 66 25 New
380 1868 156 33 Zealanders,
558 1870 87 25 whose

58 1908 88 17 names
158 1909 42 17 are
207 1901 118 28 familiar.
328 1905 25 21 to
365 1901 37 26 the
413 1902 95 33 public,
520 1902 45 26 the
573 1903 71 25 Ran-

56 1933 94 58 fatira,
169 1934 35 25 Te
219 1934 82 31 Naiti,
318 1934 50 25 and
380 1935 30 24 le
423 1934 108 33 Hiakai,
548 1936 94 26 visited

77 1967 88 25 'ranee.
209 1968 47 24 Mr
271 1968 147 31 Wakefield,
448 1968 107 34 hearing
579 1969 62 33 they

57 2008 66 17 were
134 2004 28 21 at
173 2000 99 33 Havre,
291 2001 127 33 employed
430 2009 14 16 a
454 2009 92 25 person
564 2005 26 22 at
602 2002 39 25 his

57 2041 107 26 expense
175 2038 27 20 to
214 2034 76 34 bring
301 2033 70 26 them
386 2038 22 22 to
421 2034 53 24 this
485 2035 156 33 metropolis,

55 2065 27 26 if
94 2067 131 33 agreeable
235 2071 28 22 to
273 2067 79 25 them.
388 2067 46 25 The
451 2075 115 26 younger
583 2077 57 22 one,

58 2098 109 33 Hiakai,
176 2100 101 25 resided
284 2101 41 24 for
336 2101 71 25 about
418 2100 72 34 eight
499 2101 104 25 months
614 2101 28 25 in

54 2132 46 25 the
111 2133 89 33 family
212 2133 32 24 of
256 2133 42 25 Dr
308 2133 89 33 Evans,
413 2133 67 25 until
496 2134 34 25 he
544 2135 60 24 died
617 2135 30 25 of

57 2166 185 33 consumption,
260 2166 86 25 which
367 2168 23 23 in
409 2166 49 25 this
482 2171 111 28 country
612 2176 29 17 so

57 2199 70 24 often
146 2207 90 25 proves
256 2199 62 25 fatal
336 2203 26 21 to
383 2199 36 26 the
435 2200 101 25 natives
553 2201 31 24 of
599 2201 43 25 the

56 2231 66 25 mild
145 2232 100 34 regions
266 2233 30 24 of
323 2232 42 25 the
383 2232 107 26 Pacific.
536 2233 106 35 During

57 2263 41 26 his
117 2264 113 32 lifetime,
250 2265 32 26 he
299 2266 96 25 showed
411 2275 15 16 a
444 2266 151 34 disposition
616 2268 31 24 of

58 2298 43 24 the
120 2303 67 20 most
198 2299 108 25 amiable
313 2300 71 29 kind;
402 2300 52 24 and
465 2309 16 15 a
489 2300 118 33 capacity
616 2300 31 25 of

57 2330 46 25 the
113 2340 64 24 very
188 2331 57 26 first
255 2333 80 24 order.
371 2333 21 24 It
407 2341 53 16 was
477 2333 44 26 the
538 2333 104 33 opinion

58 2364 33 25 of
105 2364 43 25 the
160 2365 144 34 gentleman
314 2366 62 24 with
384 2365 83 25 whom
484 2366 32 25 he
534 2366 107 31 resided,

58 2397 59 25 that
130 2397 40 26 his
182 2397 107 26 abilities
300 2398 82 25 would
395 2398 66 25 have
472 2399 105 25 enabled
588 2400 54 25 him

57 2432 29 22 to
97 2434 94 21 master
202 2439 51 24 any
262 2431 30 25 of
298 2430 41 26 the
350 2432 104 24 abstract
463 2432 118 31 sciences,
592 2434 50 24 and

57 2465 29 22 to
105 2462 65 27 have
187 2463 185 32 distinguished
383 2464 109 26 himself.
529 2465 43 25 He
590 2475 52 16 was

57 2495 46 26 the
125 2496 103 26 brother
250 2498 30 24 of
302 2497 49 26 Iwi
375 2498 63 30 Kau,
463 2498 42 25 the
528 2498 71 25 chief
617 2500 30 24 of

58 2528 114 27 Banks's
190 2530 148 26 Peninsula^
373 2531 37 26 He
429 2540 54 16 was
505 2531 88 26 buried
615 2533 26 24 in

58 2561 146 35 Brompton
216 2563 170 34 churchyard;
400 2565 53 25 and
464 2564 20 25 it
493 2573 53 17 was
558 2568 27 22 to
597 2566 43 24 the

58 2596 81 25 credit
150 2596 29 26 of
194 2597 40 25 his
246 2598 145 33 companion
402 2597 74 26 Naiti
486 2597 64 32 that,
571 2598 70 26 three

165 2630 66 26 after
252 2631 43 25 the
315 2630 97 32 funeral,
433 2631 34 25 he
489 2640 53 16 was
562 2631 80 25 found

57 2662 82 31 alone,
148 2663 115 35 weeping
274 2673 60 17 over
342 2664 36 25 the
389 2672 86 26 grave.
511 2665 36 25 Te
557 2665 79 30 Naiti,

57 2695 101 26 resided
176 2697 94 34 during
281 2697 40 26 his
335 2701 44 22 two
395 2706 73 25 years
480 2702 57 29 stay
548 2698 28 25 in
589 2698 52 25 En-

57 2728 89 34 gland,
164 2730 79 26 under
260 2730 43 26 the
317 2731 57 25 roof
382 2731 30 25 of
425 2730 47 26 Mr
480 2731 155 31 Wakefield,

126 2763 94 33 always
225 2790 3 5 ,
235 2765 96 24 treated
341 2764 49 25 him
399 2773 27 16 as
439 2773 17 16 a
466 2763 93 27 friend.
597 2764 42 26 He

58 2794 24 24 is
91 2803 18 17 a
122 2804 87 26 young
225 2806 59 17 man
296 2797 29 25 of
338 2797 57 35 high
405 2797 94 35 feeling
511 2799 51 24 and
574 2802 67 21 most

57 2828 174 35 gentlemanly
251 2831 160 34 deportment.
450 2832 39 25 He
508 2832 21 24 is
550 2831 89 33 nearly

56 2861 95 26 related
169 2866 26 22 to
214 2863 43 26 the
274 2868 66 22 most
350 2864 119 34 powerful
479 2864 121 26 chieftain
603 2874 3 5 1
612 2865 26 25 in

58 2893 66 28 N.ew
136 2895 120 33 Zealand,
266 2897 43 26 the
320 2898 138 34 Raugatiza
465 2898 36 25 Te
509 2898 129 33 Raupora,

57 2927 86 26 whose
153 2930 141 26 dominions
312 2931 91 33 happen
413 2935 29 21 to
454 2931 101 26 include
566 2932 71 25 those

58 2961 137 26 territories
208 2967 33 20 oh
249 2964 63 25 both
322 2964 58 26 sides
392 2964 29 26 of
425 2964 96 26 Cook's
534 2964 101 33 Straits,

58 2992 87 25 which
161 2994 20 24 it
198 2996 53 25 will
266 2997 33 25 be
317 3001 60 22 most
393 2997 124 27 desirable
536 2998 41 25 for
596 2998 43 26 the

59 3033 128 25 company
204 3032 26 21 to
246 3031 124 32 purchase.
406 3031 36 26 Te
458 3031 77 31 Naiti,
555 3031 82 26 there-

59 3058 65 32 fore,
134 3059 46 25 has
188 3064 219 31 accompaniedthe
418 3065 58 25 first
483 3065 155 33 expedition,

57 3099 30 17 as
101 3093 153 32 interpreter,
272 3097 38 24 for
319 3097 79 25 which
412 3097 72 26 office
501 3098 33 25 he
548 3098 23 25 is
582 3107 56 25 pre-

58 3125 140 33 eminently
210 3127 128 32 qualified,
359 3130 27 33 Ity
399 3130 40 26 his
450 3131 152 35 knowledge
613 3132 30 25 of

56 3157 44 26 the
111 3159 108 34 English
231 3159 131 36 language,
367 3163 46 25 his.
416 3159 66 30 rank
494 3173 94 26 among
597 3164 40 26 his

58 3196 175 29 countrymen,
256 3193 45 25 the
320 3194 138 28 favourable
473 3198 162 33 impressions

57 3225 76 26 made
143 3234 69 25 upon
223 3226 40 25 his
273 3227 72 24 mind
356 3227 20 24 in
386 3227 127 35 England,
534 3231 52 25 and
597 3231 40 26 his

55 3258 97 33 perfect
167 3259 151 34 knowledge
335 3260 27 25 of
374 3260 44 25 the
434 3263 51 25 real
501 3264 136 34 principles

57 3291 51 26 and
118 3292 117 27 ultimate
246 3293 100 35 designs
357 3293 23 26 of
386 3293 43 25 the
441 3302 131 28 company.
603 3297 33 26 In

55 3324 51 27 this
117 3334 58 25 way
186 3326 72 26 there
268 3335 47 17 can
325 3327 31 25 be
362 3335 33 17 no
412 3326 83 32 fraud,
512 3337 34 16 no
563 3330 72 25 sham

58 3359 151 26 convention
221 3360 30 25 of
265 3360 41 26 the
321 3360 91 26 natives
430 3363 26 22 to
473 3363 37 22 set
520 3370 35 24 up
568 3371 15 16 a
594 3371 43 25 go-

56 3398 134 20 vernment
201 3393 140 34 nominally
352 3393 90 31 native,
462 3393 79 33 really
554 3394 83 26 Euro-

56 3431 73 26 pean.
158 3425 44 27 He
210 3427 98 32 knows,
320 3427 46 26 and.
378 3427 20 25 is
407 3430 28 22 to
447 3426 101 34 explain
559 3431 27 21 to
597 3427 38 25 his

57 3463 174 30 countrymen,
243 3460 56 26 that
313 3460 25 26 if
350 3460 52 33 they
415 3460 62 26 cede
489 3460 67 26 their
566 3460 72 25 terri-

56 3491 58 34 tory
124 3492 39 25 for
173 3493 43 26 the
230 3502 121 26 purposes
357 3494 30 25 of
399 3493 46 26 the
462 3493 104 33 colony,
576 3492 63 34 they

56 3528 70 21 must
137 3526 93 27 submit
245 3531 27 21 to
285 3528 42 24 the
338 3527 55 26 laws
405 3527 32 25 of
451 3526 128 35 England,
592 3526 46 26 but

673 122 56 26 that
748 122 62 24 both
828 129 70 17 races
918 130 49 17 are,
980 126 26 20 to
1027 122 30 25 be
1075 130 33 16 on
1127 131 15 16 a
1161 123 96 33 perfect

673 155 118 33 equality.
829 153 43 26 He
889 154 22 25 is
930 155 126 25 confident
1067 155 55 25 that
1138 155 42 25 the
1197 164 59 25 pro-

672 187 71 30 posal
758 187 52 25 will
820 188 30 24 be
861 188 134 25 embraced
1006 188 62 24 with
1079 196 131 27 eagerness
1221 189 35 32 by

672 219 39 25 his
727 224 174 29 countrymen,
913 221 50 24 and
975 221 38 24 his
1031 221 121 25 ambition
1166 221 22 25 is

672 261 40 16 see
723 261 15 17 a
749 257 68 21 town
828 252 26 25 in
865 253 41 25 his
924 257 115 30 country,
1060 254 83 26 where
1159 254 33 25 he
1209 263 47 17 can

671 285 51 26 live
743 286 52 25 like
818 295 32 16 an
1102 287 39 28 So.
1152 287 72 33 large
1241 296 16 16 a

673 318 74 26 circle
767 319 26 25 in
814 319 42 25 the
868 320 146 33 metropolis
1026 320 114 25 received
1157 320 55 25 him
1224 329 32 16 on

672 355 77 22 terms
770 352 30 25 of
817 352 123 33 equality,
963 353 50 24 and
1035 353 74 26 knew
1127 353 54 24 him
1197 353 60 25 inti-

673 384 101 33 mately,
781 385 57 25 that
844 394 37 16 we
887 385 64 25 have
962 390 44 20 not
1014 386 124 25 hesitated
1146 390 25 20 to
1178 386 78 33 speak

672 417 25 25 in
711 417 41 26 the
764 422 127 30 strongest
902 423 77 21 terms
991 419 30 25 of
1027 419 43 25 the
1082 419 139 34 gentleness
1230 419 31 25 of

672 450 39 25 his
720 450 155 35 disposition,
886 452 52 25 and
944 452 44 25 the
992 452 129 33 urbanity,
1128 461 39 16 we
1173 453 85 33 might

672 492 46 23 say
727 484 125 38 elegance,
862 484 31 25 of
900 485 38 25 his
947 493 123 17 manners.
1101 485 42 25 On
1154 487 103 32 parting

672 517 62 24 with
753 517 40 25 his
813 517 108 34 English
938 518 95 25 friends
1051 522 26 21 at
1098 518 158 31 Gravesend,

672 549 31 25 he
726 550 77 25 could
825 555 45 21 not
893 551 97 25 control
1008 551 41 25 his
1068 556 119 27 emotion,
1213 552 45 25 but

672 583 70 25 burst
753 584 54 25 into
818 588 73 26 tears,
911 584 51 25 and
972 589 66 20 went
1055 584 107 34 sobbing
1174 589 27 20 to
1214 584 43 26 the

672 616 64 34 ship,
746 616 83 26 where
837 617 31 25 he
880 617 126 25 remained
1014 618 73 25 alone
1098 618 26 24 in
1134 618 39 24 his
1183 618 75 25 cabin

672 649 38 25 for
722 650 44 25 the
776 654 52 21 rest
839 650 29 25 of
875 650 43 25 the
929 651 61 33 day.

705 694 38 24 To
755 698 84 21 return
850 694 68 26 from
929 695 51 25 this
992 696 111 33 episode,
1122 696 77 25 about
1216 696 43 25 the

671 734 69 17 same
762 728 89 32 period
879 727 29 25 of
931 728 83 25 which
1042 737 38 16 we
1105 729 65 24 have
1196 729 62 26 been

672 760 123 35 speaking
806 760 53 33 (the
871 769 110 17 summer
993 761 30 25 of
1034 762 85 33 1837),
1130 771 15 15 a
1153 763 107 32 pamph-

672 792 34 26 let
729 802 52 16 was
806 795 88 24 drawn
914 803 36 24 up
973 795 51 24 and
1048 795 143 34 published,
1216 804 44 16 ex-

671 826 114 35 plaining
807 827 45 25 the
877 827 132 34 principles
1039 829 51 25 and
1117 829 95 32 objects
1235 829 30 25 of

670 859 42 26 the
746 860 149 25 association
908 870 7 22 ;
953 861 51 24 and
1030 861 153 34 application
1209 870 51 17 was

671 892 75 26 made
774 898 28 20 to
829 894 43 24 the
905 894 79 33 prime
1013 894 113 26 minister
1159 894 40 26 for
1228 904 32 16 an

672 925 135 27 interview.
845 927 70 25 Lord
939 927 152 26 Melbourne
1114 929 147 33 apparently

672 958 110 27 inclined
797 964 27 21 to
839 960 92 26 favour
950 960 41 26 the
1008 961 182 34 undertaking,
1210 963 51 24 and

671 992 170 35 immediately
860 995 108 33 granted
985 1003 31 16 an
1037 994 120 25 audience
1173 999 26 20 to
1211 995 50 25 .the

672 1027 151 25 committee.
849 1027 38 25 At
894 1027 51 25 this
953 1027 110 35 meeting
1070 1027 69 25 Lord
1147 1028 114 25 Howick

671 1067 52 17 was
740 1060 43 25 the
800 1060 61 33 only
873 1061 115 24 minister
998 1067 100 27 present
1109 1061 97 25 besides
1218 1061 43 26 the

672 1093 117 32 premier,
802 1094 150 33 apparently
969 1102 26 17 as
1013 1094 44 25 the
1075 1102 79 26 organ
1171 1094 32 25 of
1214 1095 45 25 the

673 1126 116 25 Colonial
797 1126 89 26 Office.
908 1127 67 25 That
981 1127 75 26 noble
1063 1127 67 32 lord,
1140 1131 27 21 to
1174 1127 86 26 whom

672 1159 43 25 the
727 1160 59 33 plan
794 1169 52 16 was
858 1159 111 26 referred
978 1161 34 32 by
1020 1160 240 33 LordJMelbourne,

672 1193 50 24 and
734 1193 57 25 who
807 1193 44 25 has
863 1193 75 25 taken
957 1193 108 33 especial
1075 1193 72 33 pains
1158 1198 27 21 to
1198 1203 60 16 con-

672 1230 57 21 nect
746 1226 40 25 his
808 1235 74 16 name
899 1226 62 25 with
981 1226 42 25 the
1044 1227 167 25 colonization
1234 1228 30 25 of

673 1258 65 26 New
756 1259 120 32 Zealand,
894 1260 135 24 examined
1046 1259 42 26 the
1107 1260 111 34 draught
1235 1261 31 25 of

672 1292 43 25 the
721 1293 45 24 bill
773 1293 134 33 minutely,
917 1293 127 33 professed
1050 1301 15 16 a
1073 1302 77 16 warm
1158 1294 102 25 interest

672 1326 25 23 in
716 1326 43 24 the
780 1327 105 32 project,
907 1327 50 24 and
976 1327 117 25 returned
1110 1327 43 25 the
1171 1336 90 24 papers

671 1358 64 25 with
748 1367 16 16 a
774 1367 61 25 very
850 1358 49 26 full
910 1364 183 29 commentary,
1112 1361 149 33 suggesting

671 1392 100 25 various
784 1392 154 26 alterations.
968 1393 29 24 In
1009 1394 176 24 conversation
1197 1394 64 25 with

672 1426 101 24 various
793 1426 124 25 members
936 1425 31 26 of
985 1426 43 25 the
1047 1426 159 32 association,
1228 1427 33 25 he

672 1466 65 26 gave
758 1458 96 26 further
877 1468 88 16 reason
985 1463 26 21 to
1032 1463 89 30 expect
1140 1460 57 25 that
1219 1460 42 26 the

672 1500 114 17 measure
796 1493 90 24 would
890 1493 65 24 have
966 1492 42 25 the
1019 1493 55 24 best
1086 1493 135 26 assistance
1235 1494 30 25 of

672 1524 43 26 the
732 1530 173 29 government.
943 1526 101 26 Several
1056 1526 30 24 of
1093 1526 79 33 them,
1180 1527 82 25 there-

672 1558 63 32 fore,
743 1559 149 25 abandoned
900 1559 163 33 professional
1072 1564 188 29 engagements,

672 1591 56 25 sold
738 1596 121 29 property
873 1601 32 16 on
916 1593 43 25 the
974 1592 65 26 faith
1051 1592 30 25 of
1089 1593 42 25 the
1143 1597 118 30 expecta-

673 1625 54 24 tion
740 1625 121 33 virtually
873 1625 60 26 held
943 1630 42 21 out
997 1629 27 21 to
1034 1625 78 32 them,
1125 1627 50 24 and
1188 1627 74 25 made

673 1659 171 33 preparations
861 1660 39 24 for
917 1659 158 34 emigrating.
1112 1660 26 24 A
1148 1668 57 17 new
1218 1660 45 25 bill

673 1700 52 16 was
736 1692 95 30 drawn,
844 1692 155 34 embodying
1010 1701 76 24 every
1096 1701 47 16 one
1153 1693 30 25 of
1191 1693 71 25 Lord

675 1724 132 26 Howick's
826 1726 167 33 suggestions,
1014 1729 26 21 to
1053 1734 68 17 some
1133 1726 29 25 of
1175 1726 86 26 which

674 1757 43 24 the
729 1758 150 24 association
892 1759 51 24 had
959 1758 146 34 objections,
1117 1760 47 24 but
1175 1760 87 25 which

673 1790 61 33 they
745 1791 100 25 waived
859 1791 27 25 in
898 1792 184 24 consideration
1093 1792 29 24 of
1130 1794 130 33 receiving

673 1823 39 25 his
721 1824 135 34 lordship's
868 1824 122 34 powerful
1001 1824 126 25 influence
1138 1826 51 24 and
1202 1835 59 24 sup-

671 1861 65 28 port.

706 1896 53 25 The
771 1896 75 26 death
858 1896 29 25 of
900 1896 39 25 his
957 1896 121 34 Majesty,
1090 1897 116 25 William
1218 1897 43 25 the

672 1929 106 32 Fourth,
788 1934 25 21 at
820 1929 51 26 this
873 1930 129 33 juncture,
1013 1931 104 33 stopped
1124 1931 35 24 all
1165 1931 97 25 further

671 1963 173 34 proceedings.
880 1962 157 26 Parliament
1052 1973 53 16 was
1123 1964 135 30 dissolved,

670 1996 50 25 and
731 1996 43 25 the
786 1996 154 31 committee,
953 1997 65 24 with
1034 1997 72 26 Lord
1124 1996 137 26 Howick's

669 2029 101 25 written
781 2029 216 26 communication
1003 2030 88 25 before
1099 2030 79 31 them,
1188 2039 73 16 came

668 2065 29 22 to
708 2063 44 24 the
764 2061 132 34 following
907 2062 136 26 resolution
1052 2072 6 16 :
1060 2076 36 7 —

703 2115 129 26 Resolved
832 2130 35 5 —
896 2116 67 26 That
980 2116 50 26 this
1049 2117 148 25 committee
1218 2125 42 17 are

669 2148 114 26 satisfied
795 2148 63 26 with
869 2148 43 26 the
931 2158 115 26 progress
1068 2150 56 25 that
1138 2150 45 25 has
1195 2150 65 25 been

669 2183 74 25 made
754 2182 27 25 in
793 2183 163 33 negociating
967 2183 40 25 for
1014 2183 43 25 the
1065 2187 105 21 consent
1178 2183 31 25 of
1215 2183 46 25 her

670 2215 130 34 Majesty's
813 2220 165 29 government
988 2216 39 25 for
1034 2216 44 26 the
1084 2216 176 25 introduction

669 2248 32 25 of
708 2258 15 15 a
733 2248 47 26 bill
790 2248 40 26 for
842 2249 91 33 giving
943 2249 74 25 effect
1030 2253 28 22 to
1077 2249 40 26 the
1134 2250 79 25 views
1230 2250 31 25 of

669 2282 42 25 the
723 2282 150 25 association
885 2291 8 22 ;
916 2283 49 24 and
987 2282 57 26 that
1065 2282 61 33 they
1142 2283 54 25 will
1213 2291 46 18 use

668 2315 65 25 their
755 2315 55 25 best
833 2315 154 26 endeavours
1010 2320 25 21 to
1054 2324 107 19 procure
1172 2324 32 17 an
1216 2321 42 21 act

668 2348 40 25 for
720 2348 54 25 that
783 2357 106 25 purpose
900 2349 94 34 during
1006 2349 43 25 the
1061 2353 59 21 next
1126 2350 94 25 session
1233 2350 30 25 of

668 2382 158 33 parliament.
879 2382 66 25 That
973 2383 20 25 it
1020 2382 22 26 is
1070 2383 135 33 expedient
1232 2387 25 21 to

668 2415 147 34 strengthen
825 2415 42 26 the
879 2416 149 25 association
1046 2416 34 32 by
1091 2416 89 33 laying
1194 2416 64 25 their

668 2449 77 25 views
757 2448 83 26 before
857 2449 44 25 the
920 2449 94 34 public,
1035 2449 51 25 and
1107 2449 99 34 adding
1230 2454 26 21 to

668 2482 65 25 their

704 2528 77 26 From
791 2529 53 25 this
855 2529 88 33 period
952 2536 28 19 to
1000 2529 44 26 the
1059 2529 154 34 assembling
1232 2530 31 25 of

668 2562 44 25 the
722 2570 57 17 new
798 2563 157 33 parliament,
978 2563 95 25 several
1090 2563 124 25 members
1232 2563 30 25 of

668 2595 42 25 the
733 2596 149 24 association
905 2604 77 17 never
1007 2596 99 26 relaxed
1134 2596 28 24 in
1190 2596 67 26 their

670 2629 148 24 attendance
829 2637 29 16 or
877 2629 66 25 their
960 2629 112 31 labours,
1088 2629 39 25 for
1145 2637 16 17 a
1176 2630 81 33 single

670 2662 58 33 day.
766 2662 168 25 Information
950 2663 107 33 relating
1075 2666 26 22 to
1115 2662 66 26 New
1194 2663 61 25 Zea-

669 2694 60 25 land
739 2703 51 16 was
804 2695 122 25 collected
942 2695 66 26 from
1025 2696 35 25 all
1071 2699 123 30 quarters.
1230 2697 26 24 A

669 2728 102 25 volume
781 2737 52 16 was
846 2728 124 34 compiled
983 2730 52 24 and
1046 2729 144 34 published,
1203 2730 53 24 and

668 2766 45 28 put
734 2762 54 24 into
813 2761 146 25 circulation
981 2762 27 25 in
1032 2762 34 25 all
1084 2766 70 29 parts
1170 2761 31 26 of
1214 2763 42 25 the

668 2795 132 34 kingdom.
837 2794 44 26 Mr
900 2794 113 26 Burford
1032 2803 51 17 was
1098 2796 111 24 induced
1227 2799 25 22 to

667 2829 73 32 paint
751 2837 16 16 a
777 2837 138 25 panorama
925 2828 29 25 of
966 2828 43 25 the
1028 2828 59 33 Bay
1099 2828 31 25 of
1143 2828 111 32 Islands,

667 2862 66 25 from
743 2862 125 34 drawings
875 2862 123 33 procured
1005 2862 36 33 by
1053 2862 41 24 the
1102 2862 152 25 association

666 2895 67 26 from
751 2895 46 26 Mr
812 2896 132 33 Augustus
963 2895 85 30 Earle,
1071 2895 183 33 draughtsman

666 2932 26 22 to
704 2929 45 25 her
772 2928 136 35 Majesty's
931 2928 56 34 ship
1010 2928 104 33 Beagle,
1140 2930 50 24 and
1211 2929 43 25 the

666 2963 90 24 author
777 2962 31 25 of
826 2971 32 16 an
877 2961 148 34 interesting
1040 2961 73 25 work
1137 2970 32 16 on
1188 2961 66 26 New

666 2995 121 26 Zealand.
824 2996 27 24 A
862 2996 74 25 series
948 2996 31 24 of
991 2995 170 34 lithographic
1173 2996 80 33 prints

665 3029 66 25 from
755 3029 126 34 drawings
903 3030 35 33 by
953 3029 45 25 the
1017 3037 69 16 same
1103 3029 82 31 artist,
1204 3029 50 25 and

665 3063 124 25 executed
800 3062 28 25 in
839 3071 15 16 a
869 3062 121 26 beautiful
1007 3061 75 33 style,
1098 3070 53 16 was
1167 3062 86 34 begun

665 3099 27 22 at
703 3096 43 25 the
757 3096 113 25 instance
880 3096 53 25 and
948 3095 82 26 under
1040 3095 44 25 the
1094 3094 116 34 auspices
1227 3095 30 26 of

665 3130 41 25 the
726 3130 158 24 association.
920 3129 113 25 Articles
1056 3128 125 34 appeared
1199 3128 53 26 also

664 3162 27 25 in
704 3165 8 13 c
722 3163 181 26 Blackwood's
915 3161 155 36 Magazine,'
1082 3162 51 25 and
1143 3161 28 25 in
1180 3161 72 26 other

664 3196 175 33 publicationsj
852 3196 90 34 highly
948 3194 147 27 favourable
1106 3199 27 21 to
1139 3195 44 26 the
1194 3203 57 26 pro-

659 3230 64 32 ject.
760 3229 26 26 A
808 3229 70 35 large
901 3229 128 25 accession
1051 3237 52 16 was
1125 3229 77 24 made
1225 3232 26 22 to

664 3262 43 26 the
726 3262 153 35 emigrating
901 3262 124 26 members
1039 3261 31 25 of
1081 3262 43 24 the
1143 3261 106 34 society,

665 3296 50 25 and
727 3305 16 16 a
749 3296 119 34 junction
880 3295 108 26 effected
997 3295 64 25 with
1073 3294 42 25 the
1126 3295 125 26 members

664 3329 30 25 of
700 3328 44 26 the
757 3329 43 25 old
812 3337 125 26 company
949 3329 31 25 of
994 3330 73 29 1825,
1068 3343 35 4 —
1103 3336 16 17 a
1129 3331 67 22 most
1207 3336 44 26 op-

663 3366 106 28 portune
780 3367 81 27 event,
880 3363 51 25 and
948 3362 86 34 owing
1049 3360 108 34 entirely
1166 3365 28 21 to
1205 3361 44 26 the

663 3396 70 32 good
743 3396 85 26 offices
839 3396 30 25 of
883 3396 70 25 Lord
977 3394 127 31 Durham,
1128 3394 59 25 who
1204 3394 45 26 has

663 3435 76 18 never
761 3429 149 26 abandoned
929 3429 45 25 the
999 3427 85 35 public
1107 3428 84 34 object
1219 3429 31 24 of

665 3460 141 36 colonizing
819 3462 65 26 New
898 3462 120 30 Zealand,
1037 3461 101 39 though
1154 3460 33 25 he
1204 3460 45 26 has

665 3500 56 17 ever
741 3495 61 24 been
825 3496 80 33 ready
925 3499 27 21 to
974 3495 86 33 forego
1087 3494 40 25 his
1148 3494 100 34 private

665 3525 101 26 interest
776 3528 28 24 in
813 3528 43 25 the
863 3528 82 31 work,
954 3528 41 25 for
1001 3528 45 25 the
1054 3527 61 26 sake
1124 3527 30 25 of
1162 3536 85 25 agree-

665 3562 69 21 ment
746 3558 26 26 in
788 3561 44 25 the
850 3562 99 34 pursuit
971 3561 30 25 of
1013 3569 15 17 a
1044 3565 73 30 great
1133 3561 114 26 national

664 3592 93 34 object.
858 3602 3 10 >

696 3639 55 27 The
762 3639 132 37 following
911 3642 144 25 committee
1075 3650 52 17 was
1151 3642 95 34 agreed

660 3681 67 27 upon
738 3672 62 28 after
810 3674 45 26 the
864 3674 78 26 union
954 3675 31 26 of
992 3674 42 28 the
1044 3675 115 27 societies
1166 3685 36 16 :—
1202 3689 8 6 «

73 3619 3 3 .
83 3598 15 14 *
110 3597 45 20 The
168 3599 120 25 gentleman
301 3603 23 17 to
332 3600 63 20 whom
412 3600 38 20 Mr
459 3599 117 21 Wakefield
590 3599 45 21 first

54 3623 166 22 communicated
230 3626 33 20 his
270 3626 54 27 plan,
338 3627 47 20 alter
393 3626 109 28 maturing
510 3626 18 21 it
536 3626 53 21 with
599 3627 36 20 Mr

54 3651 84 28 Baring
146 3650 42 22 and
198 3652 32 21 his
244 3653 90 26 brother,
349 3653 56 28 <7»pt.
418 3654 83 21 Arthur
511 3653 123 25 Wakefield,

56 3678 61 22 R.N.

1895 122 62 25 than
1971 131 39 16 we
2025 122 77 24 could
2114 125 97 29 protect
2221 122 27 24 in
2260 129 56 18 case
2328 122 29 24 of
2444 136 35 6 —

1924 155 79 26 There
2018 163 66 17 were
2098 154 145 33 diplomatic
2263 162 100 17 reasons
2382 155 99 33 against

1898 188 139 34 colonizing
2050 187 66 25 New
2124 188 110 24 Zealand
2243 187 27 25 in
2277 188 148 33 particular:
2437 188 42 24 the

1898 220 128 32 Russians,
2032 221 44 24 the
2081 220 158 30 Americans,
2244 220 43 25 the
2293 220 99 25 French
2396 220 85 27 would

1899 254 81 33 object
1990 259 25 20 to
2027 254 21 24 it
2055 263 7 22 ;
2083 254 59 29 and,
2161 261 27 17 as
2203 257 28 21 to
2249 252 42 26 the
2309 254 172 33 appointment

1900 286 30 25 of
1938 295 16 16 a
1959 287 91 33 special
2058 286 127 32 authority
2192 286 40 25 for
2241 286 43 24 the
2295 294 115 26 purpose,
2419 288 62 25 such

1900 328 15 16 a
1926 319 72 35 thing
2009 329 51 16 was
2072 319 108 25 without
2195 319 135 33 precedent
2330 334 30 4 —
2360 334 3 14 ;
2364 328 33 16 an
2408 320 72 26 inno-

1900 353 83 24 vation
2003 353 67 32 quite
2091 351 117 26 uncalled
2331 352 55 25 The
2408 353 74 26 noble

1900 390 122 28 secretary
2034 386 39 24 for
2088 386 43 25 the
2149 385 111 25 colonies
2273 393 50 17 was
2341 385 140 34 reminded,

1900 426 29 16 or
1945 418 84 25 rather
2049 418 134 31 informed,
2205 417 31 25 of
2249 418 68 25 what
2324 441 2 3 .
2336 417 31 26 he
2387 420 97 25 seemed

1900 451 144 33 pi'eviously
2055 456 27 20 to
2100 452 64 24 have
2182 451 94 25 known
2292 451 118 34 nothing,
2429 452 55 26 that

1900 484 35 24 all
1956 482 42 27 the
2017 489 71 29 great
2109 484 106 26 colonies
2233 484 31 25 of
2281 485 122 25 America
2422 494 62 17 were

1900 516 113 26 founded
2023 525 69 25 upon
2108 518 56 24 that
2174 517 69 33 plan,
2256 518 51 24 and
2319 517 56 26 that
2385 518 43 25 the
2446 518 42 26 in-

1901 550 118 25 novation
2027 559 52 16 was
2091 550 40 25 the
2143 550 71 25 other
2222 558 57 25 way
2288 560 7 21 ;
2307 550 66 31 that,
2387 551 27 24 in
2424 551 60 33 fact,

1901 583 42 25 the
1956 583 74 25 Swan
2043 583 79 26 River
2131 591 52 17 was
2195 583 43 26 the
2250 584 60 32 only
2323 583 101 34 colony,
2443 593 47 16 ex-

1902 616 100 35 cepting
2019 616 44 26 the
2082 616 188 26 Penitentiaries
2280 617 30 24 of
2325 616 68 26 New
2406 617 85 26 South.

1902 649 85 25 Wales
2007 650 51 24 and
2074 649 57 25 Van
2151 649 130 25 Diemen's
2302 649 80 33 Land,
2402 650 84 26 which

1902 682 51 25 had
1961 682 60 25 been
2030 682 153 25 established
2192 682 108 25 without
2310 683 42 25 the
2360 683 125 26 interven-

1902 715 53 24 tion
1973 715 29 25 of
2014 724 15 16 a
2044 715 159 26 commission
2219 724 29 15 or
2260 724 16 16 a
2291 715 131 26 chartered
2433 726 53 17 cor-

1902 749 120 32 poration.
2062 748 40 26 Of
2116 757 86 17 course
2218 748 52 25 this
2287 749 152 25 vacillation,
2454 759 32 17 on

1903 781 42 25 the
1952 786 57 28 pait
2015 781 31 26 of
2050 781 44 26 the
2102 785 166 30 government
2276 790 64 25 gave
2346 782 50 25 rise
2404 791 33 17 on
2446 783 40 26 the

1903 815 116 25 occasion
2039 819 28 21 to
2088 818 97 22 earnest
2203 818 200 22 remonstrances
2422 816 65 26 from

1902 847 42 25 the
1953 847 156 34 deputation.
2139 848 27 25 It
2173 847 43 26 led
2225 848 53 25 also
2288 852 25 21 to
2320 856 17 17 a
2344 857 142 26 correspon-

1903 881 77 25 dence
1990 882 112 24 between
2115 881 70 25 Lord
2197 880 152 26 Melbourne
2361 882 50 25 and
2419 891 68 17 some

1902 913 141 26 influential
2065 915 123 24 members
2211 913 31 26 of
2260 914 43 25 the
2326 915 159 32 association,

1902 946 83 26 which
1990 948 110 24 endedin
2105 948 105 24 another
2213 947 131 26 interview
2348 948 63 26 with
2418 948 70 26 Lord

1904 980 108 34 Glenelg
2023 981 69 33 only,
2112 990 31 15 on
2162 981 57 24 that
2237 981 51 33 day
2300 981 82 25 week.
2418 982 69 25 Lord

1905 1013 115 26 Durham
2030 1014 76 33 again
2116 1014 97 25 headed
2223 1014 44 25 the
2273 1014 156 34 deputation,
2437 1017 50 24 and

1903 1047 20 24 it
1933 1048 123 32 appeared
2063 1047 55 25 that
2159 1056 16 16 a
2186 1047 98 35 change
2291 1047 52 25 had
2355 1056 72 17 come
2438 1049 49 26 o'er

1903 1080 41 25 the
1949 1080 71 33 spirit
2078 1081 42 25 the
2128 1080 73 25 noble
2206 1082 146 31 secretary's

1903 1112 39 26 for
1958 1113 32 25 he
2004 1122 59 16 now
2075 1114 78 33 spoke
2171 1122 26 16 as
2210 1122 15 16 a
2235 1113 84 26 friend
2335 1114 52 25 and
2399 1119 89 30 patron

1903 1146 30 25 of
1940 1146 42 25 the
1993 1147 109 25 scheme.
2139 1146 43 25 He
2194 1147 81 25 stated
2286 1147 63 31 that,
2363 1148 28 24 in
2403 1157 88 17 conse-

1904 1187 93 25 quence
2016 1181 30 24 of
2064 1180 146 33 despatches
2228 1180 84 26 which
2331 1180 32 25 he
2382 1181 52 25 had
2451 1191 37 16 re-

1905 1213 85 25 ceived
2001 1213 67 26 from
2088 1213 65 26 New
2166 1212 83 26 South
2262 1213 84 26 Wales
2361 1214 68 26 since
2446 1216 43 25 the

1903 1245 47 26 last
1960 1246 138 31 interview,
2117 1247 46 24 her
2175 1246 135 34 Majesty's
2323 1254 173 27 government,

1904 1279 49 25 had
1965 1288 71 17 come
2042 1284 27 21 to
2082 1280 42 25 the
2133 1280 137 25 resolution
2283 1280 29 25 of
2319 1280 122 35 adopting
2446 1282 43 26 the

1904 1312 121 34 principle
2037 1314 30 24 of
2080 1313 43 26 the
2135 1313 67 33 plan,
2221 1313 124 34 although
2357 1314 60 32 they
2431 1315 59 25 held

1905 1345 148 27 themselves
2082 1346 136 25 unfettered
2225 1354 27 17 as
2260 1351 25 20 to
2437 1348 53 26 The

1905 1379 68 32 plain
1982 1380 109 34 English
2099 1380 30 25 of
2132 1380 86 24 which
2225 1388 61 22 was,
2295 1381 55 24 that
2360 1380 43 26 the
2410 1381 79 33 prime

1904 1412 114 25 minister
2028 1412 54 26 had
2093 1414 61 24 been
2174 1413 132 25 reminded
2319 1413 34 30 of,
2375 1416 50 23 and
2439 1415 51 25 had

1905 1444 157 35 honourably
2068 1447 155 30 considered,
2229 1446 43 25 the
2279 1452 211 29 encouragement

1903 1478 84 25 which
1995 1479 31 25 he
2038 1484 26 20 at
2073 1480 56 25 first
2141 1488 63 25 gave
2217 1484 26 20 to
2254 1479 42 26 the
2307 1481 115 32 project;
2434 1481 56 26 that

1903 1512 42 24 the
1963 1513 115 32 hostility
2098 1513 28 25 of
2144 1513 41 25 the
2204 1512 117 26 Colonial
2340 1507 82 32 Office
2439 1510 51 30 had

1904 1545 60 25 been
1987 1554 132 17 overcome
2147 1547 35 32 by
2205 1547 114 33 superior
2342 1547 144 34 authority;

1904 1579 50 23 and
1963 1578 85 33 lastly,
2061 1580 56 24 that
2127 1580 44 24 the
2182 1580 147 33 despatches
2340 1580 67 25 from
2426 1581 64 25 New

1905 1611 80 26 South
2002 1613 87 24 Wales
2107 1616 66 22 most
2191 1613 154 33 fortunately
2361 1613 129 26 furnished

1904 1653 15 16 a
1930 1649 97 29 pretext
2038 1650 28 21 to
2085 1646 69 25 Lord
2164 1646 112 34 Glenelg
2291 1646 40 24 for
2345 1648 147 34 expressing

1905 1678 37 25 his
1960 1679 121 33 approval
2098 1679 29 25 of
2143 1687 16 17 a
2175 1687 113 18 measure
2298 1679 97 32 which,
2414 1681 44 25 but
2476 1690 20 16 a.

1904 1712 67 24 week
1985 1712 93 32 before,
2088 1712 31 26 he
2127 1712 51 26 had
2187 1713 128 32 earnestly
2323 1714 166 26 condemned.

1936 1745 150 34 Thereupon
2098 1746 119 25 followed
2233 1754 16 16 a
2264 1746 85 31 letter,
2370 1747 26 24 in
2408 1748 83 25 which

1903 1777 39 25 his
1957 1778 117 34 lordship
2094 1780 135 33 expressed
2245 1779 43 25 the
2305 1784 84 21 assent
2406 1781 30 25 of
2450 1781 46 25 the-

1903 1817 166 27 government
2088 1821 67 25 upon
2173 1813 97 24 certain
2283 1813 151 31 conditions,
2449 1814 47 25 the.

1903 1844 71 33 spirit
1985 1846 52 24 and
2048 1846 81 25 intent
2144 1846 30 24 of
2189 1846 86 25 which
2291 1854 43 17 are
2345 1847 147 34 accurately

1903 1877 131 26 described
2049 1879 27 24 in
2094 1879 45 25 Mr
2156 1879 119 34 Baring's
2293 1879 100 33 speech,
2406 1889 32 16 on
2449 1881 44 25 the

1903 1912 92 24 second
2007 1912 105 35 reading
2122 1912 30 26 of
2161 1912 44 26 the
2216 1912 53 31 bill,
2282 1912 86 26 which
2380 1922 38 17 we
2427 1914 65 26 have

1902 1944 99 32 printed
2012 1945 28 24 in
2051 1946 105 25 another
2168 1954 74 26 page.

1935 1977 54 25 The
1999 1978 125 35 principal
2142 1980 132 25 condition
2294 1980 109 26 insisted
2413 1988 77 27 upon,

1902 2018 26 17 as
1940 2011 106 33 thereby
2058 2021 112 25 appears,
2190 2021 61 23 was,
2267 2013 56 26 that
2333 2014 45 25 the
2394 2015 97 33 society

1902 2042 91 27 should
2013 2046 97 25 resolve
2135 2046 73 26 itself
2230 2047 53 24 into
2302 2055 14 17 a
2333 2046 157 35 joint-stock

1902 2084 132 27 company,
2046 2079 85 25 which
2147 2088 52 16 was
2212 2079 110 34 directly
2335 2084 27 21 at
2373 2082 118 25 variance

1901 2110 62 25 with
1983 2119 47 17 one
2048 2112 33 26 of
2096 2113 32 25 its
2143 2112 105 35 leading
2266 2114 145 33 principles,
2429 2123 61 17 over

1901 2144 50 24 and
1973 2152 60 17 over
2060 2145 75 35 again
2159 2146 124 26 declared.
2331 2147 61 25 This
2415 2147 75 27 could

1900 2181 45 21 not
1961 2176 65 26 have
2044 2178 61 26 been
2124 2180 120 26 intended
2262 2184 26 21 to
2306 2181 114 33 produce
2438 2190 52 25 any

1900 2210 71 25 other
1988 2211 75 26 effect
2081 2212 62 26 than
2160 2213 56 25 that
2227 2213 85 26 which
2324 2215 103 25 ensued.
2462 2215 29 25 Ifc

1900 2244 76 25 could
1994 2245 61 33 only
2072 2246 50 24 end
2136 2246 26 25 in
2179 2247 43 25 the
2239 2247 151 26 dissolution
2403 2248 29 25 of
2445 2248 44 26 the

1899 2277 104 33 society,
2017 2287 29 16 or
2058 2279 25 24 in
2095 2280 123 34 exposing
2229 2280 29 32 it,
2270 2281 63 25 with
2345 2289 33 17 an
2385 2289 103 26 appear-

1899 2318 61 17 ance
1969 2311 30 24 of
2001 2312 103 33 justice,
2114 2317 26 21 to
2150 2313 72 26 those
2229 2314 98 25 church
2336 2315 150 34 missionary

1899 2343 99 26 attacks
2007 2345 85 25 which
2103 2346 52 25 had
2163 2347 63 25 been
2234 2347 112 26 levelled
2356 2347 99 35 against
2465 2350 23 25 it

1898 2385 27 17 as
1986 2378 154 33 joint-stock
2318 2381 49 25 &c.
2392 2389 18 17 .(-

1931 2410 53 26 The
1996 2412 151 25 association
2159 2413 63 26 then
2229 2413 154 27 determined
2389 2419 26 21 to
2425 2424 62 25 pro-

1898 2444 59 25 ceed
1971 2444 107 26 without
2088 2446 44 24 the
2143 2446 44 26 aid
2197 2446 32 26 of
2239 2453 176 28 government.
2450 2449 34 25 In

1899 2477 72 25 order
1981 2482 25 20 to
2019 2479 83 24 obtain
2114 2479 42 26 the
2166 2480 171 34 independent
2349 2481 99 35 opinion
2458 2482 35 26 of

1898 2510 158 32 parliament,
2080 2513 51 25 and
2154 2516 25 22 to
2203 2523 107 24 procure
2331 2523 32 17 an
2380 2515 103 34 inquiry

1898 2543 53 25 into
1969 2544 43 25 the
2032 2545 104 33 subject,
2149 2547 85 24 which
2245 2547 44 25 the
2299 2552 64 21 state
2373 2549 30 24 of
2418 2550 66 25 busi-

1898 2585 55 16 ness
1965 2577 25 24 in
2001 2577 42 26 the
2056 2575 88 29 House
2155 2580 32 24 of
2200 2580 141 26 Commons
2362 2582 122 26 rendered

1898 2610 143 33 impossible
2064 2616 26 21 at
2113 2613 57 25 that
2192 2614 96 32 period,
2311 2615 46 24 the
2377 2615 61 26 Earl
2457 2616 39 26 of.

1899 2643 91 26 Devon
2002 2646 93 24 moved
2112 2646 48 30 for,
2181 2647 58 27 and.
2244 2648 126 33 obtained,
2389 2657 14 16 a
2415 2657 68 17 com-

1898 2677 84 25 mittee
1999 2677 26 25 in
2047 2678 42 25 the
2110 2679 90 26 House
2218 2680 30 25 of
2265 2681 91 25 Lords.
2398 2681 86 35 Every

1897 2709 125 27 influence
2032 2720 51 17 was
2095 2712 62 25 used
2173 2716 28 22 to
2218 2714 133 26 disincline
2362 2715 42 25 the
2415 2724 68 17 com-

1898 2743 83 25 mittee
1992 2747 28 22 to
2027 2745 44 25 the
2079 2745 101 26 scheme
2187 2756 8 22 ;
2214 2747 51 25 and
2275 2748 62 34 they
2342 2749 144 34 ultimately

1897 2777 95 25 evaded
2004 2785 15 17 a
2030 2778 111 26 decision
2152 2788 33 16 on
2197 2780 42 25 the
2251 2781 133 25 substance
2399 2782 31 25 of
2439 2782 46 26 the

1896 2810 124 33 question,
2034 2811 35 33 by
2075 2812 128 35 resolving
2212 2817 27 22 to
2250 2815 43 24 the
2303 2814 84 31 effect,
2401 2817 17 14 v
2426 2816 57 25 that

1896 2843 42 26 the
1949 2844 128 25 extension
2093 2845 30 25 of
2133 2854 47 17 our
2192 2847 110 25 colonies
2319 2857 52 16 was
2384 2857 15 17 a
2410 2857 72 25 ques-

1896 2876 51 26 tion
1959 2877 137 35 belonging
2108 2879 156 34 exclusively
2275 2884 27 21 to
2315 2881 44 25 the

1928 2910 237 36 Notwithstanding
2207 2914 50 24 this
2300 2914 183 28 unfavourable

1895 2947 80 28 event,
1994 2944 45 24 the
2048 2944 86 34 utility
2141 2945 30 25 of
2179 2946 43 25 the
2234 2947 103 33 inquiry
2343 2957 51 17 -was
2401 2953 78 29 great.

1895 2976 26 25 It
1931 2977 113 34 brought
2055 2982 43 21 out
2109 2987 15 16 a
2136 2987 68 17 mass
2215 2980 31 24 of
2257 2980 129 27 authentic
2403 2983 76 25 infor-

1893 3010 96 25 mation
2002 3010 119 35 relating.
2128 3015 28 22 to
2174 3013 42 25 the
2230 3017 120 30 country,
2368 3016 58 31 and,
2444 3017 36 33 by

1893 3043 110 34 exciting
2025 3044 51 25 and
2097 3046 135 35 satisfying
2255 3047 133 34 curiosity,
2411 3053 69 21 most

1891 3076 108 34 usefully
2008 3077 126 27 seconded
2145 3079 44 26 the
2200 3079 101 26 Various
2313 3081 164 33 publications

1892 3109 30 25 of
1928 3110 43 25 the
1982 3111 157 26 association.

1924 3143 183 32 Nevertheless,
2125 3145 82 26 under
2221 3147 70 25 these
2309 3148 102 25 adverse
2427 3149 49 26 cir-

1891 3180 165 28 cumstances,
2075 3178 42 25 the
2128 3179 46 25 bill
2183 3188 53 16 was
2247 3180 112 35 brought
2370 3181 50 25 into
2431 3182 44 26 the

1891 3208 89 28 House
1987 3211 31 25 of
2023 3210 138 28 Commons
2168 3213 35 33 by
2213 3212 54 26 Mr.
2278 3213 107 35 Baring.
2421 3215 53 26 The

1889 3247 67 21 most
1972 3244 145 26 conclusive
2134 3246 142 34 reasoning,
2295 3246 52 26 and
2359 3247 43 26 the
2415 3257 59 26 sup-

1889 3280 58 29 port
1961 3277 31 25 of
2002 3278 124 33 powerful
2144 3279 52 25 and
2210 3279 171 33 independent
2395 3290 78 17 mem-

1889 3309 54 26 bers
1962 3319 34 16 on
2013 3311 62 25 both
2095 3309 65 28 sides
2176 3311 31 26 of
2212 3311 41 26 the
2264 3311 89 33 house,
2371 3323 64 17 were
2446 3316 32 26 of

1888 3351 33 17 no
1932 3343 75 25 avail.
2043 3344 53 26 The
2107 3344 45 25 bill
2163 3353 50 16 was
2225 3344 102 27 thrown
2347 3351 44 22 out
2403 3357 68 21 upon

1877 3376 2 36 j
1888 3375 40 26 the
1939 3377 94 25 second
2043 3377 111 34 reading,
2173 3377 35 33 by
2223 3386 15 17 a
2255 3378 71 35 large
2344 3382 125 35 majority,

1888 3409 50 25 and
1955 3410 65 25 with
2037 3418 32 17 an
2088 3412 36 23 air
2135 3410 32 25 of
2178 3418 83 25 scorn,
2286 3413 145 36 bordering,
2443 3415 27 26 in

1886 3451 69 16 some
1970 3447 123 29 quarters,
2113 3451 32 16 on
2160 3444 144 40 malignity.
2341 3447 52 25 The
2403 3453 69 21 most

1888 3476 141 34 surprising
2039 3476 180 27 circumstance
2230 3487 26 16 m
2269 3479 43 26 the
2330 3481 140 33 opposition

1886 3512 25 22 to
1923 3509 43 26 the
1974 3517 111 17 measure
2095 3509 27 25 in
2133 3510 44 25 the
2185 3510 90 27 House
2281 3512 33 26 of
2320 3512 147 35 Commons,

1885 3551 50 16 was
1952 3542 44 26 the
2013 3550 87 17 course
2116 3543 87 32 taken,
2208 3544 36 34 by
2260 3544 73 28 Lord
2347 3547 119 32 Howick,

1883 3575 57 25 who
1956 3584 53 16 was
2029 3575 79 26 relied
2126 3585 70 26 upon
2218 3586 26 17 as
2264 3586 14 17 a
2298 3587 56 18 sure
2375 3580 90 33 friend,

1883 3608 85 25 bound
1985 3608 28 25 in
2032 3608 98 27 honour
2150 3615 27 21 to
2197 3615 104 30 support
2318 3621 17 17 a
2354 3622 113 20 measure

1882 3640 84 26 which
1974 3641 54 26 had
2033 3642 61 26 been
2105 3643 125 26 modified
2241 3649 27 21 to
2274 3645 53 26 suit
2333 3645 39 26 his
2378 3646 85 33 views,

1881 3674 50 26 and
1942 3676 110 33 pursued
2062 3676 64 27 with
2137 3681 71 29 great
2218 3677 105 27 toil.and
2330 3679 96 28 trouble
2436 3681 28 25 in

1319 123 54 25 The
1384 123 82 25 ♦Hon.
1491 123 125 25 Francis.
1632 122 118 31 Baring,
1775 122 91 31 M.P.,

1383 156 146 25 Chairman.

1317 188 55 26 The
1381 189 84 34 Right
1477 188 70 26 Hon.
1559 189 43 25 the
1613 188 64 26 Earl
1688 188 30 25 of
1727 188 128 26 Durham.

1318 221 54 26 The
1382 221 84 33 Right
1479 221 71 26 Hon.
1564 222 71 25 Lord
1648 221 83 26 Petre.

1320 254 70 26 Hon.
1407 255 88 25 W.B.
1509 254 107 35 Baring,
1629 254 76 26 M.P.

1317 287 100 25 Walter
1428 288 30 25 F.
1468 287 140 34 Campbell,
1622 287 71 33 Esq.,
1707 287 77 25 M.P.

1319 317 106 29 Cliarles
1437 320 131 33 Enderby,
1581 320 61 34 Esq.

1319 352 97 27 Robert
1428 354 137 34 Ferguson,
1580 353 71 34 Esq.,
1665 353 77 25 M.P.

1319 386 54 25 The
1383 386 66 26 Rev.
1461 387 101 24 Samuel
1575 386 95 32 Hinds,
1682 386 77 24 D.D.

1319 419 136 34 Benjamin
1470 419 102 30 Hawes,
1587 419 69 35 Esq.,
1670 418 77 26 M.P.

1320 445 86 41 Phiiip
1420 452 122 31 Howard,
1557 452 73 34 Esq.,
1644 452 77 25 M.P.

1448 486 76 31 Hutt,
1537 485 73 33 Esq.,
1625 485 77 26 M.P.

1321 518 100 35 George
1434 519 82 32 Lyall,
1526 518 61 33 Esq.

1320 551 109 26 Thomas
1441 552 160 31 Mackenzie,
1615 551 73 33 Esq.,
1703 551 77 25 M.P.

1321 584 41 25 Sir
1371 585 117 26 William
1499 584 175 30 Molesworth,
1689 584 88 30 Bart.,
1792 583 78 26 M.P.

1321 618 41 24 Sir
1373 618 101 36 George
1487 618 115 31 Sinclair,
1618 618 84 30 Bart.,
1717 617 77 25 M.P.

1320 651 109 33 Captain
1443 652 41 25 Sir
1492 651 115 25 William
1622 651 135 33 Symonds,
1773 650 75 25 R.N.

1321 684 93 33 Henry
1427 684 99 35 George
1538 684 91 31 Ward,
1646 684 67 33 Esq.,
1727 683 77 25 M.P.

1321 717 43 25 W.
1375 717 139 34 Wolryche
1525 717 151 31 Whitmore,
1691 717 61 33 Esq.

1321 750 85 26 When
1439 751 151 33 parliament
1623 750 148 29 assembled,
1803 748 70 26 Lord

1289 783 153 26 Melbourne
1465 792 50 17 was
1538 783 132 26 reminded
1688 783 29 25 of
1730 783 71 24 what
1822 783 52 24 had

1288 817 90 34 passed
1406 817 85 25 before
1500 827 7 22 ;
1538 818 50 24 and
1606 825 31 17 an
1667 816 131 25 interview
1821 824 51 16 was

1288 851 134 32 requested
1439 851 38 24 for
1498 849 44 26 the
1565 858 107 26 purpose
1695 849 31 25 of
1743 848 131 34 obtaining

1289 883 44 25 the
1363 883 64 25 final
1453 885 114 23 sanction
1595 884 31 24 of
1655 885 167 32 government
1847 885 27 21 to

1289 916 44 25 the
1344 925 121 16 measure.
1503 916 70 26 Lord
1583 916 152 26 Melbourne
1740 916 52 25 and
1804 915 70 25 Lord

1291 949 110 34 Glenelg
1418 950 94 33 jointly
1523 950 116 26 received
1653 949 44 25 the
1716 949 156 34 deputation,

1289 982 93 31 which,
1407 983 124 32 however,
1550 983 52 26 had
1622 982 111 33 scarcely
1753 983 62 24 been
1829 982 45 24 ad-

1289 1016 90 25 mitted
1391 1020 27 21 to
1439 1017 42 25 the
1499 1025 118 24 presence
1633 1016 30 25 of
1679 1016 45 24 the
1738 1016 136 30 ministers,

1289 1049 73 25 when
1383 1049 61 33 they
1455 1049 105 26 evinced
1578 1052 153 31 symptoms*
1738 1048 31 25 of
1782 1048 93 25 official

1289 1082 115 33 hostility
1413 1086 24 22 to
1446 1083 42 25 the
1496 1084 107 24 scheme.
1638 1082 26 25 A
1670 1081 123 34 powerful
1798 1090 77 25 oppo-

1290 1115 74 25 sition
1381 1120 28 20 to
1421 1116 21 24 it
1453 1116 50 25 had
1513 1116 129 32 evidently
1653 1124 87 25 grown
1761 1123 35 25 up
1816 1115 60 24 dur-

1289 1148 44 35 ing
1345 1149 42 24 the
1397 1157 81 17 recess
1499 1150 29 24 of
1543 1150 158 33 parliament.
1736 1148 140 25 Whatever

1289 1181 70 26 Lord
1382 1177 151 30 Melbourne
1556 1182 82 34 might
1659 1181 96 31 intend,
1780 1181 21 25 it
1823 1190 53 16 was

1288 1215 67 32 plain
1367 1215 55 25 that
1434 1216 41 24 the
1483 1216 118 24 Colonial
1609 1215 80 25 Office
1698 1215 51 25 bad
1761 1215 115 25 resolved

1288 1253 27 20 to
1328 1248 75 25 crush
1414 1249 42 24 the
1468 1249 178 33 undertaking.

1322 1281 32 25 In
1368 1282 74 25 order
1454 1286 26 20 to
1496 1282 115 25 discover
1627 1282 44 24 the
1682 1281 83 33 origin
1778 1281 30 25 of
1823 1280 52 25 this

1289 1314 97 33 change
1399 1315 30 24 of
1445 1315 93 33 feeling
1554 1315 26 24 in
1599 1315 42 25 the
1657 1319 176 29 government,
1855 1314 20 24 it

1289 1348 85 25 would
1396 1349 31 24 be
1449 1357 132 25 necessary
1599 1353 26 20 to
1649 1357 33 24 go
1705 1347 66 25 back
1794 1351 27 22 to
1844 1355 32 16 an

1289 1381 89 25 earlier
1388 1381 96 33 period,
1498 1381 72 25 when
1582 1390 15 16 a
1608 1381 155 33 deputation,
1773 1381 103 25 consist-

1289 1414 45 34 ing
1341 1415 30 24 of
1378 1415 42 25 the
1433 1414 69 26 Hon.
1516 1414 108 33 Captain
1634 1414 144 32 Wellesley,
1790 1413 84 30 R.N.,

1291 1447 107 34 Captain
1417 1448 97 25 Arthur
1538 1447 153 31 Wakefield,
1826 1447 50 25 and

1292 1480 41 25 Dr
1352 1481 96 31 Evans,
1467 1482 94 25 waited
1578 1490 67 25 upon
1669 1480 46 26 Mr
1733 1480 139 25 Dandeson

1291 1513 101 31 Coates,
1411 1515 42 24 the
1465 1519 127 29 secretary
1604 1515 29 25 of
1640 1514 41 25 the
1693 1513 106 26 Church
1809 1513 64 26 Mis-

1291 1548 102 32 sionary
1404 1547 110 34 Society,
1540 1548 27 25 in
1589 1548 43 25 the
1647 1548 91 25 month
1752 1547 30 25 of
1796 1547 77 30 June,

1293 1582 71 29 1837,
1384 1585 27 21 to
1426 1585 100 29 present
1545 1585 25 21 to
1588 1581 56 25 that
1655 1581 94 32 society
1762 1580 44 25 the
1818 1580 57 25 first

1289 1614 131 33 pnmphlet
1431 1614 30 25 of
1467 1614 41 25 the
1516 1614 159 31 association,
1686 1614 52 25 and
1744 1618 25 21 to
1778 1618 98 28 request

1291 1647 65 25 their
1372 1647 89 25 advice
1479 1648 51 25 and
1547 1647 177 34 co-operation.
1761 1647 54 25 The
1832 1655 43 16 an-

1289 1689 64 16 swer
1365 1681 76 34 given
1453 1682 34 31 by
1498 1680 47 26 Mr
1557 1681 90 25 Coates
1658 1685 26 21 to
1695 1682 73 24 those
1780 1680 93 34 gentle-

1290 1722 56 16 men
1364 1722 61 23 was,
1444 1714 55 25 that
1518 1716 19 14 tl
1545 1715 32 25 he
1588 1714 52 25 had
1651 1722 33 16 no
1702 1714 81 26 doubt
1794 1713 31 25 of
1833 1713 42 25 the

1291 1747 184 33 respectability
1488 1747 29 25 of
1524 1748 43 25 the
1578 1748 141 33 gentlemen
1727 1747 148 34 composing

1289 1780 42 24 the
1341 1781 159 30 association,
1514 1790 29 16 or
1551 1780 29 26 of
1587 1781 42 25 the
1637 1781 85 33 purity
1729 1780 30 25 of
1763 1780 66 24 their
1837 1780 37 24 in-

1289 1814 119 30 tentions,
1427 1814 45 25 but
1485 1814 55 25 that
1550 1814 32 24 he
1593 1822 52 17 was
1657 1814 112 33 opposed
1785 1817 26 26 tp
1829 1813 43 25 the

1290 1846 167 26 colonization
1477 1847 30 25 of
1523 1847 64 25 New
1608 1847 110 25 Zealand
1735 1854 69 26 upon
1824 1855 50 26 any

1289 1879 67 33 plan,
1382 1880 52 25 and
1454 1880 81 25 would
1547 1881 91 24 thwart
1658 1881 64 24 them
1737 1881 32 33 by
1787 1881 35 23 all
1836 1881 38 24 the

1289 1921 83 17 means
1383 1914 28 23 in
1421 1913 37 25 his
1615 1913 105 34 Shortly
1738 1914 65 24 after
1823 1913 49 25 this

1288 1945 127 26 interview
1435 1947 44 24 the
1496 1947 58 25 Rev
1568 1947 42 25 Dr
1630 1947 95 29 Hinds,
1751 1947 71 24 vicar
1848 1946 29 25 of

1289 1978 124 34 Yardley,
1432 1988 16 16 a
1460 1980 112 25 member
1588 1980 30 25 of
1627 1980 43 25 the
1686 1979 145 25 committee
1849 1980 28 24 of

1287 2011 42 25 the
1340 2013 159 31 association,
1512 2013 137 25 addressed
1658 2022 31 16 an
1700 2013 92 25 official
1800 2013 74 25 letter

1288 2048 26 21 to
1322 2045 42 25 the
1371 2046 144 24 committee
1523 2046 30 24 of
1555 2046 44 25 the
1606 2046 106 24 Church
1718 2045 154 34 Missionary

1289 2077 110 33 Society,
1419 2081 146 32 expressing
1582 2079 43 25 the
1642 2079 95 26 sincere
1753 2079 81 25 desire
1849 2079 28 25 of

1287 2110 43 26 the
1348 2112 151 25 association
1516 2115 27 22 to
1562 2112 79 33 adopt
1657 2121 51 24 any
1728 2113 145 25 reasonable

1287 2145 159 33 suggestions
1457 2145 55 25 that
1520 2145 82 35 might
1613 2147 31 23 be
1655 2146 75 25 made
1736 2146 36 32 by
1780 2145 45 26 the
1833 2155 39 16 so-

1279 2178 76 33 ciety
1366 2178 28 25 in
1406 2178 115 31 London,
1540 2180 52 24 and
1602 2183 27 21 to
1639 2179 97 34 uphold
1753 2178 43 26 the
1812 2179 59 25 mis-

1287 2211 120 26 sionaries
1425 2213 27 23 in
1472 2212 43 25 the
1533 2211 99 34 colony.
1670 2212 40 25 Of
1720 2212 50 25 this
1789 2212 83 32 letter,

1286 2244 102 35 coming
1401 2245 120 32 officially
1532 2245 63 25 from
1609 2254 16 16 a
1634 2246 95 32 society
1742 2246 30 24 of
1785 2246 86 25 noble-

1286 2286 57 16 men
1352 2278 52 25 and
1413 2278 148 34 gentlemen,
1582 2279 50 24 and
1641 2279 101 25 written
1749 2279 34 32 by
1792 2287 16 16 a
1819 2279 51 25 dis-

1286 2311 144 34 tinguished
1441 2312 155 33 clergyman,
1614 2320 34 16 no
1662 2320 106 16 manner
1785 2312 31 24 of
1826 2321 44 17 no-

1286 2343 50 26 tice
1347 2354 53 15 was
1418 2345 83 25 taken.
1540 2345 47 25 We
1604 2345 66 26 have
1689 2354 89 16 reason
1790 2349 26 21 to
1829 2346 42 25 be-

1284 2377 64 25 lieve
1359 2378 56 24 that
1427 2378 45 25 Mr
1482 2378 94 26 Coates
1594 2379 46 25 did
1657 2382 45 22 not
1716 2387 64 17 even
1795 2378 75 26 think

1286 2410 31 26 fit
1331 2415 28 21 to
1382 2411 43 33 lay
1440 2411 19 25 it
1475 2411 86 26 before
1580 2412 46 30 his,
1640 2420 58 17 own
1709 2412 142 33 employers
1861 2422 8 22 ;

1286 2444 50 25 and
1355 2444 57 25 that
1423 2445 42 25 the
1485 2449 72 30 great
1568 2445 64 25 bulk
1644 2445 31 25 of
1690 2445 44 25 the
1744 2446 125 24 members

1284 2477 30 25 of
1326 2477 44 25 the
1385 2477 104 26 Church
1511 2478 156 33 Missionary
1679 2478 103 33 Society
1801 2479 64 25 have

1286 2510 60 25 been
1364 2511 62 34 kept
1443 2512 26 24 in
1489 2512 43 24 the
1551 2512 65 24 dark
1636 2512 64 24 with
1714 2516 97 29 respect
1822 2516 45 22 not

1286 2544 95 32 merely
1406 2549 26 20 to
1457 2545 45 24 the
1526 2549 128 21 overtures
1677 2545 30 25 of
1726 2545 42 25 the
1790 2545 80 25 Asso-

1288 2577 102 31 ciation,
1408 2578 45 25 but
1470 2582 26 21 to
1508 2578 42 25 the
1569 2578 161 34 proceedings
1742 2578 51 25 and
1811 2587 59 17 con-

1286 2610 79 26 dition
1390 2611 30 25 of
1438 2611 41 25 the
1497 2611 109 25 Mission
1623 2612 27 24 in
1669 2612 62 25 New
1749 2611 120 26 Zealand.

1284 2643 76 31 That,
1378 2644 126 32 however,
1523 2645 22 24 is
1555 2645 155 33 exclusively
1730 2644 67 26 their
1812 2655 57 16 own

1284 2676 81 26 affair.
1402 2678 53 25 The
1475 2677 87 35 public
1585 2687 40 16 are
1646 2678 60 33 only
1735 2678 134 26 interested

1283 2710 27 25 in
1320 2710 123 35 knowing
1453 2711 56 26 that
1525 2720 76 23 every
1618 2712 109 33 possible
1747 2712 122 25 attention

1283 2744 51 24 and
1345 2749 97 29 respect
1453 2753 52 17 was
1516 2745 61 33 paid
1587 2749 27 21 to
1625 2745 44 25 the
1681 2744 103 26 Church
1804 2745 65 25 Mis-

1283 2777 102 34 sionary
1398 2777 111 34 Society,
1528 2778 52 25 and
1590 2778 57 25 that
1658 2787 77 24 every
1753 2782 115 22 overture

1283 2818 52 17 was
1347 2811 111 33 rejected
1467 2810 63 26 with
1546 2811 126 33 incivility
1689 2811 51 25 and
1757 2811 109 26 disdain.

1285 2843 48 26 We
1352 2852 48 17 can
1420 2847 64 23 state
1503 2853 69 25 upon
1594 2844 138 33 authority,
1750 2844 58 26 that
1825 2845 42 25 the

1284 2877 149 25 association
1452 2886 65 16 were
1531 2878 106 25 anxious
1654 2881 26 22 to
1691 2877 71 34 place
1774 2886 94 26 among

1283 2909 43 26 the
1334 2910 201 26 commissioners
1542 2911 39 25 for
1587 2911 125 34 founding
1721 2910 42 26 the
1773 2911 92 33 colony

1282 2951 70 17 some
1362 2944 101 33 leading
1475 2945 123 25 members
1610 2944 30 25 of
1647 2944 42 25 the
1709 2944 157 34 Missionary

1283 2975 111 35 Society,
1413 2978 50 25 and
1475 2981 27 21 to
1514 2977 80 26 revise
1604 2977 44 26 the
1659 2977 46 25 bill
1715 2977 61 25 with
1786 2978 77 31 them,

1282 3009 84 26 clause
1385 3011 35 33 by
1439 3010 93 32 clause,
1549 3011 123 33 adopting
1691 3019 52 24 any
1761 3020 104 26 sugges-

1282 3043 65 26 tions
1370 3044 56 25 that
1448 3043 81 35 might
1550 3044 32 25 be
1604 3044 149 33 reasonably
1779 3045 83 29 made,

1280 3076 63 25 with
1350 3086 16 16 a
1372 3077 62 26 view
1442 3081 26 21 to
1475 3081 98 29 protect
1582 3077 44 25 the
1632 3077 171 25 missionaries
1811 3079 51 25 and

1279 3112 27 22 to
1317 3110 94 25 benefit
1422 3111 43 24 the
1476 3111 149 33 aborigines.
1662 3110 104 25 Instead
1774 3111 31 24 of
1817 3111 45 26 the

1280 3144 135 25 courtesies
1425 3144 85 24 which
1522 3144 42 24 the
1574 3144 153 24 demeanour
1738 3144 30 24 of
1774 3144 42 25 the
1825 3153 38 17 as-

1281 3176 122 25 sociation
1427 3177 100 25 seemed
1553 3180 27 21 to
1602 3177 87 28 invite,
1708 3176 45 25 Mr
1769 3177 93 26 Coates

1280 3210 96 33 replied
1382 3210 35 33 by
1428 3210 150 33 pamphlets,
1596 3210 27 25 in
1634 3210 86 25 which
1729 3210 43 26 the
1783 3219 79 17 mem-

1279 3243 54 24 bers
1346 3243 31 25 of
1382 3243 42 26 the
1435 3243 152 26 association
1598 3251 65 18 were
1675 3243 112 35 charged
1799 3245 63 24 with

1277 3275 58 27 love
1347 3276 29 25 of
1383 3276 69 26 lucre
1461 3277 51 25 and
1516 3276 80 25 wilful
1603 3276 133 35 deception
1740 3295 7 7 .
1782 3277 80 26 These

1277 3318 66 16 were
1354 3310 125 25 answered
1491 3311 35 32 by
1537 3309 46 26 Mr
1593 3309 147 26 Wakefield
1757 3311 51 24 and
1821 3311 41 25 Dr

1279 3342 95 26 Hinds.
1410 3343 36 25 To
1455 3344 104 32 analyse
1568 3342 40 27 the
1615 3342 81 26 whole
1707 3342 32 26 of
1745 3342 44 27 the
1801 3352 59 18 con-

1278 3378 115 32 troversy
1403 3377 87 24 would
1500 3377 30 24 be
1542 3376 143 34 impossible
1700 3384 35 17 on
1751 3377 50 26 this
1818 3386 42 17 oc-

1278 3408 94 26 casion.
1437 3430 3 3 .
1679 3418 3 7 '
1785 3418 4 7 ;
1806 3430 4 5 .

1310 3441 54 26 The
1380 3443 94 25 altered
1492 3446 58 22 tone
1567 3442 30 26 of
1612 3442 70 26 Lord
1705 3442 151 27 Melbourne

1277 3483 59 23 was,
1355 3475 125 31 however,
1499 3479 120 30 apparent
1630 3479 26 22 at
1667 3476 43 25 the
1728 3476 130 26 interview

1270 3507 56 34 just
1336 3509 166 33 mentioned,,
1508 3509 72 25 when
1591 3509 33 26 he
1635 3509 52 26 and
1705 3509 73 26 Lord
1797 3510 61 25 Gle-

1274 3541 66 35 nelg,
1359 3542 46 26 but
1420 3542 134 33 especially
1571 3542 44 26 the
1635 3542 83 31 latter,
1742 3543 116 34 objected

1274 3579 45 21 not
1334 3575 96 34 merely
1441 3579 26 22 to
1478 3576 43 25 the
1531 3575 91 26 details
1633 3576 31 25 of
1677 3576 44 25 the
1735 3576 59 34 plan
1811 3577 45 25 but

1274 3611 25 21 to
1318 3617 77 24 every
1411 3608 121 35 principle
1550 3609 30 25 of
1594 3609 41 26 the
1657 3609 55 32 bill,
1731 3610 52 25 and
1794 3618 62 17 even

1271 3645 25 21 to
1318 3641 36 26 all
1375 3641 95 26 further
1486 3642 163 27 colonization
1672 3643 35 33 by
1724 3642 128 35 England.

1366 3679 106 30 country
1484 3675 52 27 had
1544 3676 109 26 colonies
1662 3676 109 34 enough,
1784 3685 70 17 more

914 56 94 33 THE
1037 57 111 32 NEW
1178 59 216 31 ZEALAND
1423 58 227 32 GAZETTE.

2476 86 2 2 5
