2540 3759
1903 580 80 25 NEW
2001 580 168 25 ZEALAND
2187 581 136 25 INFANT
2342 582 147 25 SCHOOL.

2015 646 118 21 LADIES
2150 647 230 21 PATRONESSES.

2012 680 47 19 The
2073 680 116 21 Countess
2203 687 28 14 op
2245 682 111 22 Durham,

2012 706 64 20 Lady
2095 707 79 20 Prtre.

2012 733 64 20 Lady
2090 734 166 21 Molesworth.

2013 760 62 20 Hon.
2085 760 49 20 Mrs
2153 761 92 20 Baring.

1905 792 23 24 A
1946 790 88 29 Lady,
2053 792 41 24 the
2114 793 52 23 wife
2184 793 28 24 of
2227 801 44 16 one
2292 793 28 24 of
2336 793 42 25 the
2395 793 96 25 earliest

1902 825 116 23 members
2039 825 29 22 of
2086 825 41 24 the
2146 825 50 24 first
2215 826 85 32 colony
2321 825 124 33 intending
2464 829 26 20 to

1904 857 67 23 settle
1989 858 25 22 in
2029 856 57 24 New
2097 857 112 29 Zealand,
2224 858 42 24 has
2284 859 109 23 resolved
2404 866 30 16 on
2447 858 43 24 the

1903 889 178 24 establishment
2098 890 28 23 of
2139 898 31 15 an
2187 890 81 24 Infant
2287 890 88 25 School
2388 891 39 23 for
2447 891 43 23 the

1903 922 86 24 benefit
1996 922 29 24 of
2033 922 41 24 the
2083 922 105 25 children
2196 923 29 24 of
2231 924 40 23 the
2280 923 150 32 Aborigines,
2439 923 50 25 and

1904 955 26 24 of
1939 955 41 23 the
1991 963 86 24 poorer
2086 955 61 24 class
2159 955 28 23 of
2195 956 102 24 settlers.

1935 987 70 24 With
2015 988 47 23 this
2071 988 121 28 intention,
2202 987 41 25 she
2252 988 43 25 has
2303 988 133 32 purchased
2443 997 47 16 one

1903 1021 27 23 of
1942 1020 41 24 the
2000 1020 151 32 preliminary
2168 1020 100 25 sections
2286 1022 28 23 of
2331 1021 62 28 land,
2412 1021 78 25 which

1903 1052 41 25 she
1955 1054 67 30 gives
2033 1061 27 16 as
2071 1061 14 16 a
2099 1053 121 32 perpetual
2232 1054 147 24 endowment
2390 1054 39 23 for
2440 1054 49 24 this

1902 1093 108 24 purpose,
2022 1086 47 23 and
2083 1086 43 23 has
2137 1086 71 24 taken
2220 1094 63 24 upon
2296 1086 91 24 herself
2397 1086 43 24 the
2450 1094 40 16 re-

1902 1118 148 32 sponsibility
2067 1119 26 22 of
2109 1120 171 30 guaranteeing
2299 1119 41 24 the
2356 1119 77 31 salary
2449 1119 40 24 for

1902 1150 38 24 the
1952 1150 54 24 first
2016 1159 58 22 year
2083 1151 28 23 of
2123 1160 15 15 a
2148 1155 86 21 master
2245 1152 48 24 and
2304 1152 114 26 mistress,
2430 1152 59 24 with

1901 1183 60 23 their
1973 1183 122 31 daughter,
2107 1191 26 16 as
2146 1192 29 15 an
2186 1185 118 28 assistant,
2312 1184 40 24 for
2361 1185 77 22 whom
2445 1183 43 25 she

1901 1216 41 23 has
1954 1215 104 24 likewise
2074 1216 112 31 provided
2196 1217 50 24 free
2260 1225 119 24 passages,
2391 1217 48 23 and
2450 1225 39 16 ac-

1901 1248 172 25 commodation
2085 1256 30 16 on
2127 1249 104 32 arriving
2241 1250 25 23 in
2280 1249 59 25 New
2351 1248 112 26 Zealand.

1934 1280 53 24 The
2006 1281 97 24 teacher
2123 1282 106 31 engaged
2247 1282 20 23 is
2287 1281 44 24 Mr
2349 1282 139 28 Buchanan,

1900 1314 59 26 who,
1979 1314 87 31 during
2078 1314 41 23 the
2130 1314 45 23 last
2190 1317 88 29 twenty
2297 1322 76 24 years,
2387 1314 44 24 has
2448 1322 40 16 su-

1900 1345 155 31 perintended
2066 1347 40 22 the
2117 1347 52 23 first
2179 1347 134 24 institution
2325 1347 28 24 of
2370 1347 47 24 this
2429 1347 59 24 kind

1900 1378 143 24 established
2053 1379 25 23 in
2092 1378 118 32 England.

1933 1410 23 24 It
1967 1412 20 23 is
1996 1411 113 24 intended
2119 1415 25 20 to
2155 1411 65 31 place
2229 1412 40 23 the
2278 1412 171 23 contributions
2462 1411 26 25 in

1900 1442 39 25 the
1951 1443 76 25 hands
2041 1444 28 23 of
2083 1444 68 24 three
2159 1448 108 24 trustees,
2280 1445 94 30 learing
2384 1445 43 28 the.
2438 1453 50 14 ma-

1899 1480 135 28 nagement,
2047 1477 26 23 in
2092 1477 41 24 the
2148 1477 52 23 first
2213 1477 113 28 instance,
2339 1481 24 20 to
2375 1477 40 24 the
2431 1477 58 31 lady

1900 1508 51 24 who
1965 1509 19 24 is
1998 1508 42 25 the
2056 1510 128 30 originator
2198 1510 27 23 of
2238 1509 41 24 the
2291 1510 63 31 plan,
2364 1510 51 23 who
2433 1509 56 24 sub-

1900 1541 87 24 scribes
1999 1541 43 25 the
2053 1541 81 32 larger
2147 1543 93 30 portion
2255 1543 29 23 of
2298 1542 41 24 the
2349 1542 79 27 funds,
2441 1542 48 24 and

1890 1583 2 21 i
1900 1574 58 25 who,
1982 1575 143 31 proceeding
2146 1578 25 20 to
2197 1574 41 25 the
2261 1575 86 32 colony
2367 1574 55 25 with
2444 1574 46 24 her

1900 1606 115 28 husband,
2027 1608 20 22 is
2067 1607 88 32 willing
2170 1611 25 20 to
2212 1608 54 31 give
2284 1616 32 23 up
2329 1616 25 15 as
2374 1608 71 23 much
2462 1607 30 24 of

1900 1638 44 24 her
1954 1640 58 22 time
2027 1647 26 16 as
2071 1648 55 22 may
2137 1640 28 23 be
2185 1648 124 24 necessary
2320 1641 40 23 for
2376 1640 42 23 the
2435 1647 55 25 per-

1901 1671 66 24 sonal
1979 1672 210 31 superintendence
2201 1674 27 22 of
2236 1672 42 24 the
2290 1672 89 24 school.
2397 1693 3 3 .

1935 1703 53 25 The
2008 1707 100 21 trustees
2129 1704 48 24 will
2196 1705 70 24 make
2288 1705 143 24 themselves
2450 1714 40 15 re-

1901 1736 119 31 sponsible
2031 1736 39 23 for
2081 1736 42 24 the
2141 1736 44 24 due
2201 1737 186 24 administration
2406 1738 28 23 of
2447 1738 44 24 the

1900 1766 80 30 funds,
1992 1768 48 24 and
2051 1768 100 24 detailed
2157 1773 91 26 reports
2260 1769 47 23 will
2316 1770 30 24 be
2357 1770 133 25 forwarded

1900 1801 152 31 periodically
2063 1804 24 20 to
2099 1801 43 23 the
2151 1801 144 24 subscribers
2307 1802 26 23 in
2344 1801 116 33 England.

1935 1832 41 23 An
1987 1833 134 23 immediate
2130 1833 80 32 outlay
2217 1834 21 22 is
2247 1834 111 31 required
2367 1834 36 23 for
2412 1834 78 24 build-

1900 1864 42 31 ing
1952 1872 16 16 a
1979 1865 164 29 school-room,
2161 1873 26 16 as
2200 1865 51 24 well
2268 1874 27 16 as
2312 1866 121 24 residence
2448 1867 41 24 for

1901 1900 88 21 master
2007 1897 48 24 and
2073 1897 113 29 mistress,
2199 1898 55 24 with
2273 1898 71 24 other
2361 1898 127 25 incidental

1902 1936 114 25 expenses
2028 1933 24 21 at
2064 1930 40 24 the
2117 1935 208 20 commencement.

1934 1961 24 24 It
1970 1962 20 23 is
2001 1962 106 24 believed
2117 1963 58 28 that,
2186 1963 22 24 if
2217 1963 42 24 the
2274 1972 126 24 necessary
2410 1964 79 25 build-

1900 1994 54 32 ings
1975 2003 43 15 can
2041 1995 31 23 be
2097 1996 99 28 erected,
2216 1996 41 24 the
2277 1996 133 24 institution
2433 2005 55 25 may

1902 2027 92 32 shortly
2004 2027 53 31 rely
2067 2036 65 22 upon
2142 2028 41 24 the
2202 2032 118 20 exertions
2332 2029 28 23 of
2372 2029 41 24 the
2424 2030 68 23 colo-

1902 2060 58 23 nists
1975 2059 144 25 themselves
2130 2070 6 18 ;
2152 2060 48 24 and
2215 2061 18 23 it
2252 2061 21 23 is
2291 2061 128 25 calculated
2436 2062 54 26 that

1901 2093 41 23 the
1954 2100 54 16 sum
2019 2092 28 24 of
2056 2098 46 18 two
2112 2092 109 25 hundred
2231 2093 94 31 pounds
2337 2094 45 23 will
2396 2094 31 24 be
2440 2095 50 24 suf-

1902 2124 78 24 ficient
2000 2128 26 20 to
2045 2124 40 32 lay
2103 2124 41 25 the
2163 2126 140 24 foundation
2323 2126 27 24 of
2368 2135 14 15 a
2399 2131 91 28 system

1902 2157 76 23 which
1997 2165 56 23 may
2069 2157 119 25 hereafter
2210 2159 87 23 extend
2313 2159 68 24 itself
2397 2168 58 15 over
2475 2170 15 15 a

1901 2189 65 32 large
1975 2190 93 32 portion
2075 2190 28 23 of
2111 2190 40 23 the
2160 2190 77 25 infant
2243 2191 137 32 population
2388 2192 29 24 of
2426 2191 65 27 New-

1902 2222 112 24 Zealand.

1935 2255 134 25 Donations
2090 2255 47 25 and
2156 2256 86 24 annual
2262 2257 171 31 subscriptions
2452 2267 38 16 re-

1902 2288 83 24 ceived
1999 2288 33 32 by
2043 2288 39 24 Dr
2093 2288 88 29 Evans,
2201 2289 120 25 chairman
2340 2290 27 24 of
2380 2291 42 23 the
2438 2291 54 25 first

1902 2321 92 32 colony,
2013 2325 25 20 at
2057 2322 40 23 the
2111 2321 75 24 Office
2200 2322 28 23 of
2246 2321 41 24 the
2305 2321 61 25 New
2382 2323 109 25 Zealand

1903 2353 70 24 Land
2001 2353 131 33 Company,
2166 2352 51 26 No.
2243 2355 14 23 1
2292 2355 80 24 Adam
2402 2356 88 31 Street,

1903 2385 114 33 Adelphi.

1937 2419 113 24 Trustees
2070 2419 48 24 and
2132 2419 68 24 other
2219 2420 100 28 officers,
2339 2421 121 32 including
2476 2430 16 16 a

1903 2452 134 24 committee
2058 2453 27 23 of
2104 2452 195 32 correspondents
2323 2454 25 23 in
2370 2453 122 31 England,

1905 2484 45 25 will
1961 2485 31 23 be
2009 2484 126 32 appointed
2146 2489 24 20 at
2189 2493 14 16 a
2223 2484 106 25 General
2344 2485 110 32 Meeting
2466 2488 29 23 of

1904 2517 144 24 subscribers
2059 2517 81 24 before
2156 2517 41 24 the
2208 2517 127 32 departure
2347 2518 27 24 of
2380 2518 43 24 the
2439 2519 53 25 first

1904 2550 92 32 colony.

1939 2582 92 25 Should
2051 2583 67 24 these
2135 2582 123 33 proposals
2280 2587 64 20 meet
2365 2584 58 24 with
2445 2592 49 25 any

1905 2615 160 24 considerable
2085 2620 111 28 support,-
2201 2615 42 24 the
2263 2615 56 33 plan
2337 2616 46 24 will
2402 2617 31 24 be
2452 2625 42 16 ex-

1905 2648 86 24 tended
2009 2657 26 15 so
2055 2656 25 16 as
2092 2652 25 20 to
2137 2648 93 24 include
2242 2656 31 16 au
2291 2648 81 24 Infant
2393 2648 102 33 Orphan

1905 2680 112 32 Asylum.

2118 2712 159 21 BANKERS.

1968 2740 85 20 SJkssrs
2068 2739 144 24 HANKEY,
2230 2739 123 20 Fenchurch
2361 2744 71 17 street.

1933 2790 43 21 For
1985 2791 36 20 the
2029 2790 105 27 shipment
2143 2792 25 19 of
2175 2791 154 23 Merchandize,
2336 2790 108 26 Baggage,
2452 2789 42 20 and

1905 2817 78 24 Store.;,
2003 2818 113 26 emigrants
2132 2825 34 13 arc
2185 2818 110 26 requested
2311 2821 23 16 to
2354 2817 63 25 apply
2432 2821 23 15 to
2469 2816 22 21 Ji.

1906 2844 94 25 Stayner,
2016 2844 28 21 70
2058 2846 76 19 Lower
2144 2845 89 19 Thames
2246 2848 72 19 street,
2333 2848 69 21 agent,
2420 2844 27 24 by
2456 2849 37 19 ap-

1903 2870 126 25 pointment,
2046 2874 21 17 to
2082 2872 36 19 the
2133 2871 53 20 New
2203 2870 90 20 Zealand
2305 2870 60 20 Land
2377 2870 117 25 Company,

1904 2898 69 19 where
1983 2897 28 20 all
2022 2898 85 19 relative
2116 2898 133 19 information
2259 2903 48 19 may
2317 2898 26 19 be
2352 2896 106 20 obtained.

1936 2931 84 25 First
2058 2932 101 24 Scotch
2196 2932 111 24 Colony
2338 2938 52 17 for
2424 2929 69 26 New

1903 2964 141 24 Zealand.
2081 2965 24 23 A
2113 2972 126 16 numerous
2246 2967 70 28 party
2324 2964 27 23 of
2357 2963 138 32 emigrants,

1903 2997 77 25 under
1990 2997 47 24 this
2046 2997 58 28 title,
2123 3006 40 15 are
2173 3005 52 16 now
2242 2997 99 31 making
2359 2996 44 24 the
2412 3004 83 16 neces-

1903 3038 54 24 sary
1976 3033 176 29 arrangements
2171 3030 39 24 for
2229 3030 139 30 embarking
2393 3028 26 24 in
2442 3028 53 25 The

1904 3062 107 33 Bengal
2027 3062 141 29 Merchant,
2185 3065 25 21 to
2227 3062 43 24 sail
2286 3062 64 23 from
2366 3060 129 26 Greenock

1902 3096 26 23 in
1940 3095 146 33 September.
2121 3095 51 24 The
2185 3095 139 24 Committee
2335 3093 38 24 for
2385 3094 42 23 the
2439 3098 57 21 west

1903 3129 28 23 of
1941 3128 118 27 Scotland,
2080 3128 46 25 and
2138 3128 63 24 their
2214 3129 90 30 agents,
2324 3134 40 16 are
2381 3134 55 15 now
2446 3135 51 15 em-

1902 3161 88 31 ployed
1997 3161 25 24 in
2030 3160 112 32 selecting
2151 3161 92 31 eligible
2250 3166 99 24 persons
2357 3166 26 16 as
2393 3159 102 28 settlers,

1903 3194 54 28 and,
1975 3194 101 31 judging
2095 3194 62 24 from
2175 3194 40 23 the
2232 3191 101 24 number
2350 3191 28 23 of
2394 3191 102 32 applica-

1903 3227 70 28 tions,
1985 3226 41 24 the
2037 3225 122 25 Directors
2170 3223 45 26 will
2227 3223 30 25 be
2270 3223 77 24 called
2357 3231 30 16 on
2399 3227 26 21 to
2437 3225 60 24 send

1903 3267 14 15 a
1928 3260 88 24 second
2026 3259 76 24 vessel
2112 3258 63 23 from
2192 3256 40 24 the
2250 3255 83 34 Clyde.
2367 3257 23 23 A
2404 3257 93 32 clergy-

1902 3300 56 16 man
1970 3293 28 23 of
2005 3292 41 25 the
2058 3290 86 25 Scotch
2157 3289 102 27 Church,
2272 3288 52 24 who
2335 3290 162 32 accompanies

1902 3325 41 24 the
1952 3324 91 32 colony,
2052 3323 47 25 will
2110 3322 98 25 officiate
2218 3329 28 16 as
2257 3321 106 31 chaplain
2375 3330 33 15 on
2415 3322 84 25 board*

1902 3357 24 25 It
1942 3357 20 25 is
1973 3356 110 25 intended
2101 3356 51 23 that
2162 3354 41 24 the
2215 3353 76 32 Clyde
2307 3353 60 25 shall
2381 3354 31 24 be
2428 3355 70 27 made

1902 3390 41 24 the
1962 3389 113 33 principal
2092 3387 111 32 shipping
2218 3390 55 28 port
2284 3386 29 23 of
2330 3385 111 27 Scotland
2458 3387 40 25 for

1904 3422 59 24 New
1981 3420 109 28 Zealand,
2108 3419 48 25 and
2175 3419 51 25 that
2245 3418 42 25 the
2302 3419 105 24 strictest
2426 3428 72 25 regu-

1903 3455 84 24 lations
1999 3453 59 24 shall
2077 3453 30 24 be
2124 3455 44 29 put
2187 3451 24 25 in
2222 3451 66 24 force
2299 3451 25 24 in
2337 3452 69 24 order
2418 3456 25 21 to
2455 3461 42 16 en-

1903 3495 54 17 sure
1969 3486 40 24 the
2020 3486 108 28 comfort,
2147 3484 82 32 safety,
2242 3484 48 24 and
2302 3485 158 26 convenience
2472 3485 28 25 of

1903 3521 40 23 the
1955 3526 149 25 passengers.

1905 3583 90 17 London:
2007 3580 77 18 Printed
2098 3580 23 19 l>y
2138 3579 89 16 Ckvri.es
2237 3578 103 18 Rktnill.
2356 3582 20 14 at
2389 3578 31 18 bis
2432 3578 66 19 Office,

1927 3606 4 14 I
1934 3605 11 15 G
1955 3602 56 18 Little
2025 3601 92 20 Pulteney
2126 3599 98 19 trset,.in
2241 3599 33 19 the.
2290 3599 65 19 I'aruh
2363 3599 21 18 of
2396 3599 22 18 St
2425 3599 73 19 James,

1926 3622 135 19 Westminster,
2071 3622 39 16 and
2119 3620 102 17 Published
2236 3620 25 21 by
2276 3620 85 18 Samuel
2373 3620 90 19 Bevans,
2477 3622 20 15 at

1925 3645 37 18 No,
1972 3646 7 15 1
1990 3644 58 16 Adam
2056 3644 65 18 street,
2130 3641 86 21 Adelplii,
2227 3641 21 17 in
2257 3641 32 17 the
2301 3641 72 21 County
2382 3641 21 17 of
2416 3641 84 19 Middle-

1924 3670 62 14 sex.
1987 3663 129 20 Wednesday,
2123 3662 70 22 August
2200 3663 46 20 !U,
2255 3663 50 18 1838.

696 132 4 5 -
720 120 220 21 COLONIZATION
956 121 36 20 OF
1006 121 68 21 NEW
1090 121 142 23 ZEALAND.

750 153 84 21 Francis
844 153 87 28 Baring,'
943 160 26 14 on
978 154 56 21 June
1045 155 33 22 19,
1087 155 59 24 1838,
1154 156 78 21 moved.
1234 156 33 21 the

683 181 75 20 second
769 180 82 27 reading
860 181 24 19 of
890 181 33 19 the
933 181 37 19 bill
1002 181 30 20 for
1042 182 34 19 the
1086 182 125 21 Provisional
1222 183 42 20 Go-

682 211 103 16 vernment
797 207 23 20 of
835 207 77 20 British
929 207 127 21 Settlements
1071 209 23 19 in
1108 208 33 20 the
1156 209 81 20 Islands
1247 210 22 19 of

682 234 52 20 New
880 233 42 21 ,He
937 234 128 20 commenced
1085 234 30 20 his
1128 236 71 26 speech
1214 236 27 26 by
1254 243 13 12 a

682 264 106 16 statement
797 260 22 20 of
824 260 35 21 the
872 260 64 26 oiigin
948 261 22 19 of
979 261 33 20 the
1023 261 83 27 project,
1117 262 39 19 and
1164 262 33 20 the
1207 262 59 21 bitter

682 287 41 20 and
737 286 108 21 interested
860 287 105 27 animosity
974 288 26 26 by
1012 287 64 21 which
1093 287 15 21 it
1124 288 40 21 had
1173 289 51 20 been
1235 295 30 14 as-

680 313 93 20 sailed
827 320 3 7 '

733 346 20 19 It
762 346 17 19 is
795 353 44 13 now
849 347 69 27 nearly
928 351 38 16 two
982 354 58 20 years
1055 348 55 20 since
1123 354 12 13 a
1148 348 84 20 number
1246 349 21 19 of

680 372 122 26 gentlemen,
818 374 126 26 encouraged
959 374 25 26 by
1002 374 33 20 the
1054 374 110 27 increasing
1183 375 82 20 interest

681 398 64 20 which
762 399 33 20 the
812 400 71 26 public
898 400 46 21 took
959 400 20 21 in
997 401 33 20 the
1044 405 76 21 matter,
1137 400 40 21 and
1192 401 25 27 by
1231 401 32 21 the

681 424 117 28 knowledge
806 426 24 19 of
843 426 155 21 circumstances
1009 427 64 21 which
1084 427 38 21 had
1131 434 56 13 come
1201 428 62 20 under

681 451 52 20 their
739 452 131 26 observation,
879 453 73 21 formed
964 453 118 21 themselves
1089 454 41 20 into
1140 461 26 13 an
1176 454 85 20 associa-

680 478 42 20 tion
733 478 30 21 for
772 478 32 21 the
814 486 86 20 purpose
909 480 22 20 of
938 480 132 26 establishing
1080 487 13 13 a
1101 480 74 21 British
1189 481 73 27 colony

679 504 22 21 in
711 505 53 20 New
773 506 95 21 Zealand.
897 508 57 25 They
962 506 38 21 had
1008 507 110 20 assembled
1127 513 13 14 a
1150 507 54 27 large
1209 514 52 14 mass

679 531 22 19 of
709 532 43 19 oral
761 533 40 20 and
810 533 143 26 documentary
962 533 94 21 evidence
1070 541 52 19 upon
1133 534 33 20 the
1174 534 86 26 subject.

679 558 57 26 They
746 558 39 21 had
802 560 74 27 sought
891 560 34 20 the
940 560 95 20 evidence
1049 560 23 20 of
1085 560 27 19 all
1128 560 56 20 those
1195 562 65 19 whose

677 585 82 26 opinion
774 592 40 14 was
831 586 63 21 worth
919 586 121 27 consulting,
1060 586 62 21 either
1140 586 50 21 from
1208 587 51 20 local

677 611 116 27 knowledge
806 619 24 14 or
846 614 50 19 from
906 612 113 21 connexion
1030 613 21 20 in
1067 619 38 19 any
1115 620 43 20 way
1168 613 46 20 with
1226 613 32 21 the

677 638 77 20 distant
768 639 100 20 countries
882 639 43 20 into
937 639 65 20 which
1019 639 47 27 they
1077 646 47 14 were
1140 640 86 20 anxious
1239 644 19 17 to

677 664 103 21 introduce
790 673 36 13 our
836 666 92 26 religion,
938 672 35 14 our
987 669 95 20 customs,
1093 666 38 20 and
1143 673 37 14 our
1193 666 49 20 laws
1251 675 6 17 ;

676 691 41 20 and
724 692 33 20 the
762 692 64 20 result
832 693 47 26 they
886 692 75 21 arrived
969 696 21 15 at
995 699 49 16 was,
1051 693 43 20 that
1100 693 16 20 it
1122 699 41 14 was
1169 696 35 17 not
1210 694 47 26 only

675 718 108 27 expedient
792 725 22 14 as
825 719 29 20 far
865 726 21 13 as
896 720 34 19 the
938 718 82 21 interest
1028 720 23 19 of
1058 719 51 20 their
1117 726 44 13 own
1173 723 83 23 country

676 744 18 20 is
703 745 111 20 concerned
823 746 44 19 that
877 746 49 20 their
935 745 100 20 intention
1045 746 72 20 should
1129 746 23 19 be
1161 746 94 27 persisted

675 770 29 25 in,
715 771 36 20 but
760 772 44 20 that
817 772 48 27 they
874 772 56 21 owed
940 772 15 20 it
965 777 20 15 to
995 772 33 21 the
1038 772 76 21 natives
1127 779 22 13 as
1159 779 12 14 a
1180 779 74 14 correc-

675 798 43 19 tion
727 799 23 19 of
758 799 32 19 the
800 798 51 21 evils
860 799 66 20 which
936 798 52 21 their
997 799 167 20 communication
1174 798 47 21 with
1233 806 23 14 us

675 824 40 20 had
725 825 79 27 already
814 826 89 20 entailed
918 832 53 20 upon
987 826 61 19 them.
1076 825 57 27 They
1142 826 62 20 found
1213 826 43 20 that

675 851 55 20 these
737 851 84 27 islands,
831 852 75 24 which,
917 852 106 26 according
1032 854 21 18 to
1060 852 33 19 the
1102 852 107 27 principles
1218 852 36 21 fol-

675 877 63 21 lowed
748 879 26 25 by
784 878 56 20 other
849 878 106 24 countries,
967 878 39 20 had
1017 880 50 19 been
1084 878 92 28 acquired
1186 880 26 26 by
1223 880 33 20 the

675 904 75 21 British
762 905 73 20 Crown
846 906 26 26 by
882 905 57 20 those
952 905 60 19 forms
1025 905 23 19 of
1060 905 68 26 taking
1143 906 113 26 possession

673 931 65 20 which
749 932 50 20 have
807 938 46 13 ever
863 932 50 19 been
922 931 85 20 allowed
1023 934 19 17 to
1058 932 107 21 constitute
1174 939 12 13 a
1195 932 60 21 claim

674 957 80 27 against
766 958 56 20 other
835 958 91 29 civilized
943 958 87 24 nations,
1045 965 51 14 were
1109 958 86 21 situated
1206 959 22 20 in
1244 966 12 13 a

673 988 106 23 temperate
795 984 93 23 latitude,
905 984 47 21 with
961 991 13 13 a
983 985 38 20 soil
1032 985 22 20 of
1067 985 122 20 remarkable
1202 986 53 20 ferti-

673 1010 44 27 lity,
727 1017 12 13 a
748 1010 81 21 climate
839 1011 98 27 perfectly
946 1011 65 20 suited
1027 1014 21 17 to
1063 1012 34 19 the
1112 1013 144 20 constitutions

673 1037 22 20 of
704 1037 84 27 English
799 1037 114 27 emigrants,
932 1038 39 19 and
988 1037 130 28 productions
1133 1042 33 17 not
1175 1040 48 25 only
1237 1040 22 20 ef

673 1069 55 21 great
745 1064 57 21 value
816 1064 156 27 commercially,
987 1065 38 20 but
1041 1065 22 20 of
1076 1065 86 27 especial
1174 1066 82 26 import-

672 1097 51 13 ance
733 1097 22 14 as
764 1090 106 28 rendering
879 1098 22 13 us
912 1090 134 28 independent
1054 1092 22 19 of
1089 1092 58 20 other
1156 1092 100 21 countries

673 1118 29 19 for
716 1123 53 14 some
788 1118 22 19 of
828 1117 33 21 the
876 1122 52 16 most
946 1118 108 26 important
1069 1118 22 19 of
1105 1119 50 20 their
1172 1120 84 26 produc-

672 1143 60 20 tions.
768 1144 58 27 They
840 1144 63 21 found
927 1144 45 21 that
992 1144 52 21 their
1062 1145 85 27 position
1164 1146 92 21 rendered

673 1170 53 20 them
736 1170 23 21 of
768 1177 23 13 so
802 1172 61 19 much
879 1171 122 27 importance
1016 1175 21 16 to
1046 1178 36 14 our
1091 1172 88 26 growing
1188 1173 68 20 settle-

672 1201 64 16 ments
750 1197 20 20 in
786 1191 112 31 Australia,
913 1198 44 19 that
966 1198 34 19 the
1009 1198 113 27 possession
1132 1200 22 19 of
1167 1199 54 20 them
1231 1200 25 26 by

671 1230 40 20 any
721 1223 75 27 foreign
813 1231 66 21 power
889 1224 65 20 would
970 1224 103 28 endanger
1089 1226 33 19 the
1138 1226 89 26 stability
1236 1227 22 19 of

671 1257 37 13 our
716 1251 74 27 empire
800 1250 21 21 in
829 1251 44 20 that
880 1256 45 22 part
934 1252 21 19 of
962 1251 34 20 the
1004 1252 64 21 .world
1075 1260 7 17 ;
1096 1252 39 20 and
1146 1252 63 21 above
1219 1254 35 24 all,

672 1277 51 20 their
739 1278 114 19 researches
872 1277 33 20 led
924 1278 52 19 them
995 1282 19 16 to
1030 1278 33 21 the
1087 1278 110 21 conviction
1214 1280 42 20 that

670 1303 55 21 there
735 1304 40 20 had
788 1304 73 24 arisen,
876 1305 48 20 from
935 1304 33 21 the
978 1305 113 20 settlement
1101 1312 25 14 on
1137 1306 34 19 the
1180 1306 76 21 islands

670 1330 23 20 of
707 1337 12 13 a
729 1330 78 21 lawless
816 1331 40 20 and
865 1331 98 27 degraded
973 1331 124 27 population,
1104 1339 25 12 an
1138 1333 90 20 obstacle
1237 1338 19 16 to

669 1363 40 20 any
719 1357 62 20 moral
796 1357 144 28 improvement
955 1358 23 20 in
992 1360 35 18 the
1045 1358 83 24 natives,
1138 1359 66 20 which
1214 1367 42 13 was

670 1390 58 21 every
745 1391 47 20 year
809 1384 106 27 assuming
933 1391 12 14 a
961 1391 54 14 more
1034 1385 75 20 serious
1126 1390 75 22 aspect,
1219 1387 39 20 and

670 1411 66 20 which
750 1417 13 14 a
772 1417 47 21 very
828 1411 56 20 short
897 1412 58 26 delay
965 1411 65 27 might
1045 1412 57 20 make
1118 1411 15 20 it
1142 1412 116 28 impossible

670 1441 20 16 to
698 1444 85 13 remove.
811 1438 57 26 They
879 1437 75 21 trusted
963 1442 21 15 to
995 1438 40 20 this
1046 1438 59 20 latter
1112 1439 144 22 circumstance

670 1463 31 21 for
708 1464 33 21 the
748 1464 105 27 obtaining
859 1464 34 21 the
900 1464 93 21 sanction
999 1464 21 21 of
1025 1465 34 20 the
1066 1464 117 29 missionary
1189 1467 53 25 body
1251 1475 5 17 ;

670 1491 40 19 and
726 1491 48 27 they
782 1491 91 21 confided
889 1492 22 19 in
929 1491 33 20 the
979 1492 81 26 anxiety
1072 1492 29 20 for
1119 1493 32 20 the
1167 1494 89 19 material

670 1518 80 20 welfare
760 1518 21 20 of
786 1518 33 20 the
826 1522 86 23 country
921 1518 65 20 which
997 1522 127 24 government
1129 1519 19 20 is
1157 1521 99 26 supposed

670 1547 20 16 to
696 1544 106 24 entertain,
819 1545 30 20 for
855 1545 34 20 the
899 1545 95 26 ensuring
1004 1545 51 20 their
1065 1550 82 22 support
1159 1550 19 16 to
1188 1553 12 14 a
1210 1547 48 27 plan

670 1570 20 20 in
700 1571 33 20 the
744 1578 79 13 success
837 1572 24 19 of
867 1571 66 20 which
943 1572 47 26 they
999 1572 105 21 conceived
1116 1573 43 20 that
1167 1573 34 20 the
1216 1578 40 16 sta-

670 1597 58 27 bility
738 1598 23 20 of
775 1605 36 13 our
820 1598 114 20 dominions
943 1598 21 21 in
975 1599 57 20 those
1046 1605 43 14 seas
1097 1606 42 14 was
1155 1600 103 21 involved.

670 1624 57 27 They
737 1625 128 27 accordingly
875 1625 87 26 brought
971 1625 22 20 in
1002 1633 12 12 a

697 1657 54 20 Here
761 1657 34 20 Mr
805 1657 76 26 Baring
889 1657 70 27 briefly
969 1657 66 20 stated
1050 1657 34 20 the
1097 1658 97 27 principal
1211 1665 47 20 pro-

670 1683 75 20 visions
760 1683 23 20 of
797 1684 33 20 the
847 1683 44 24 bill,
906 1683 49 21 with
965 1684 65 20 which
1046 1685 33 19 the
1094 1684 79 21 readers
1190 1685 23 20 of
1225 1687 33 19 the

669 1710 101 25 Spectator
787 1717 34 13 are
840 1710 80 27 already
934 1711 127 26 acquainted.
1092 1711 43 20 The
1149 1718 69 14 names
1237 1713 23 19 of

670 1736 33 21 the
712 1736 160 21 commissioners
887 1737 79 27 printed
975 1737 21 20 in
1007 1737 33 20 the
1055 1738 37 20 bill
1102 1745 49 13 were
1167 1738 57 21 those
1237 1739 22 20 of

669 1763 34 20 the
712 1763 113 21 committee
835 1764 23 19 of
866 1764 33 20 the
909 1764 51 20 New
971 1764 88 21 Zealand
1068 1764 128 21 Association
1202 1773 7 18 ;
1220 1766 37 20 but

670 1790 35 20 Mr
713 1790 77 27 Baring
805 1790 68 20 would
891 1793 35 18 not
940 1790 60 21 insist
1016 1797 27 14 on
1054 1791 54 21 these
1127 1797 75 19 names,
1221 1793 35 19 but

669 1816 57 20 leave
736 1816 33 21 the
779 1816 125 21 nomination
913 1820 21 17 to
944 1817 100 20 ministers
1054 1818 39 19 and
1103 1817 35 20 the
1153 1819 73 20 House
1235 1819 21 19 in

669 1849 13 14 a
691 1843 66 20 future
765 1847 56 23 stage
830 1844 24 19 of
863 1844 33 19 the
907 1843 135 27 proceedings.
1075 1844 30 20 He
1115 1845 111 25 proceeded
1236 1849 19 16 to

669 1871 86 18 unmask
764 1870 33 20 the
807 1870 106 20 character
924 1870 25 23 of,
957 1870 33 19 the
998 1870 112 27 opposition
1120 1873 20 17 to
1149 1870 34 21 the
1192 1871 61 20 bill
1253 1884 5 5 .

727 1897 31 20 To
768 1896 39 21 this
818 1896 37 21 bill
872 1896 54 21 there
939 1903 58 14 arose
1009 1903 27 14 an
1049 1896 111 28 opposition
1177 1898 50 20 from
1244 1905 11 13 a

669 1925 81 24 quarter
759 1923 82 20 whence
851 1929 29 14 we
890 1924 51 19 least
950 1924 96 26 expected
1055 1924 24 20 it.
1103 1924 21 20 It
1131 1925 125 20 commenced

669 1950 27 26 by
706 1956 12 13 a
734 1949 59 21 series
809 1950 24 20 of
845 1950 114 28 pamphlets
969 1950 111 21 circulated
1094 1950 21 20 in
1129 1950 33 21 the
1172 1951 49 20 dark
1230 1952 26 26 by

670 1976 33 20 the
712 1979 98 24 secretary
820 1976 22 20 of
851 1976 33 20 the
894 1976 103 21 Christian
1005 1976 122 28 Missionary
1136 1978 89 26 Society,
1235 1978 21 21 ia

670 2002 66 21 which
746 2009 36 14 our
797 2003 85 20 motives
892 2009 50 14 were
956 2003 119 27 impugned,
1088 2004 41 19 and
1142 2005 35 19 the
1195 2005 61 20 exist-

669 2035 51 14 ence
729 2029 120 27 questioned
858 2029 22 20 of
894 2030 29 20 all
941 2030 58 20 those
1009 2030 84 26 feelings
1103 2031 26 26 by
1139 2030 67 21 which
1221 2032 34 20 ho-

670 2056 98 21 nourable
780 2063 48 13 men
844 2056 74 21 should
933 2056 26 21 be
974 2056 122 21 influenced.
1123 2057 22 20 It
1160 2065 42 13 was
1220 2065 36 14 an-

670 2082 93 21 nounced
778 2084 44 19 that
830 2089 31 14 we
871 2089 51 14 were
934 2083 103 27 recurring
1045 2087 20 16 to
1076 2083 32 20 the
1119 2084 33 20 old
1162 2089 92 22 pretence

670 2110 22 19 of
706 2110 121 20 civilization
842 2109 42 20 and
900 2110 145 20 advancement
1060 2110 21 20 of
1096 2110 90 25 religion,
1196 2112 60 20 while

671 2136 54 20 there
734 2143 40 14 was
788 2143 56 21 upon
853 2136 33 20 the
896 2137 44 20 face
956 2136 23 21 of
993 2143 37 14 our
1039 2137 48 27 plan
1097 2137 98 21 sufficient
1205 2138 52 21 indi-

670 2163 66 20 cation
752 2163 22 20 of
789 2170 13 14 a
816 2163 72 27 design
905 2167 19 16 to
939 2167 68 23 repeat
1017 2167 20 16 at
1047 2164 33 19 the
1089 2170 86 20 expense
1185 2166 22 19 of
1223 2166 33 20 the

670 2190 78 20 natives
756 2190 44 21 that
814 2190 124 27 oppression,
955 2190 42 20 and
1006 2190 57 21 those
1070 2196 90 15 excesses
1168 2192 23 19 of
1205 2192 51 20 arbi-

671 2219 53 25 trary
733 2223 74 21 power,
821 2216 68 21 which
905 2221 22 15 at
943 2216 28 21 all
985 2217 65 24 times,
1068 2217 39 20 and
1118 2217 22 20 in
1157 2218 28 19 all
1200 2218 57 21 other

670 2244 109 23 countries,
792 2243 41 21 had
844 2244 82 20 marked
934 2244 34 20 the
977 2250 92 20 progress
1078 2245 22 18 of
1106 2244 34 20 the
1150 2244 106 28 European

670 2269 88 25 invader,
767 2270 42 21 and
818 2277 51 14 even
879 2270 100 27 degraded
988 2271 33 20 the
1028 2277 59 14 name
1093 2271 22 20 of
1122 2271 120 22 civilization
1251 2280 4 13 :

672 2297 43 20 that
724 2298 35 19 the
768 2297 129 27 sovereignty
906 2297 22 20 of
941 2298 35 19 the
985 2298 69 20 native
1063 2297 69 25 tribes,
1141 2298 65 20 which
1217 2305 40 14 was

671 2323 92 22 inherent
771 2323 21 21 in
800 2324 63 24 them,
873 2324 49 23 and,
932 2323 16 21 if
956 2324 17 20 it
980 2324 79 21 wanted
1066 2325 144 23 confirmation,
1219 2326 38 20 had

671 2350 49 20 been
731 2350 82 21 assured
822 2352 28 26 by
860 2357 9 13 a
881 2350 71 21 formal
961 2351 124 26 recognition
1098 2352 27 26 by
1135 2352 33 20 the
1181 2352 75 21 British

672 2377 95 24 resident,
781 2384 43 13 was
844 2382 20 15 to
883 2378 25 20 be
927 2377 66 20 called
1010 2378 23 20 in
1051 2378 92 26 question
1153 2386 4 12 :
1174 2378 44 21 that
1228 2386 29 13 we

672 2411 50 13 were
738 2411 25 13 an
778 2404 123 21 association
919 2404 22 20 of
948 2404 91 26 jobbers,
1051 2405 66 20 whose
1134 2406 49 26 only
1192 2406 66 26 object

673 2437 40 14 was
723 2430 80 28 trading
811 2431 22 20 in
844 2431 56 23 land,
928 2431 66 20 which
1009 2432 29 19 all
1055 2432 51 19 their
1116 2437 96 15 accounts
1227 2439 20 14 re

672 2458 104 26 presented
795 2465 23 12 as
833 2458 116 27 impossible
966 2462 20 15 to
1002 2458 26 20 be
1044 2458 92 21 obtained
1146 2467 4 15 ;
1165 2459 39 20 and
1214 2459 42 20 that

673 2491 29 13 we
712 2484 73 20 should
792 2485 26 20 be
826 2485 34 20 the
870 2491 69 13 means
953 2484 23 20 of
987 2485 102 27 impeding
1098 2486 34 19 the
1141 2490 56 22 great
1206 2488 53 18 work

672 2511 23 19 of
702 2510 90 28 religion,
804 2511 41 20 and
854 2511 128 23 civilization,
992 2512 75 22 which,
1075 2512 62 20 under
1147 2512 33 20 the
1190 2519 68 20 super-

672 2536 118 22 intendence
800 2538 23 20 of
837 2538 34 19 the
880 2538 120 26 missionary
1008 2539 62 26 body,
1079 2545 40 13 was
1133 2539 77 27 rapidly
1220 2540 40 20 and

673 2564 121 27 unfailingly
810 2565 61 26 going
886 2571 34 14 on.
952 2564 38 21 We
1006 2565 61 20 could
1077 2569 35 16 not
1127 2566 36 19 but
1172 2573 88 20 suppose

674 2591 43 20 that
733 2591 58 20 when
810 2597 37 14 our
864 2591 82 20 motives
966 2598 50 14 were
1036 2591 114 27 explained,
1169 2594 40 19 and
1227 2594 33 19 the

673 2618 67 26 object
749 2618 23 19 of
783 2625 36 13 our
830 2618 35 20 bill
875 2618 51 26 fully
936 2618 59 21 made
1004 2619 78 22 known,
1097 2618 41 20 this
1148 2620 112 26 opposition

675 2644 93 24 founded,
785 2651 22 13 as
816 2651 30 14 we
861 2644 49 21 then
921 2645 101 27 supposed
1031 2645 16 20 it
1056 2648 19 17 to
1085 2645 32 24 be,
1133 2646 64 26 solely
1207 2653 53 21 upon

674 2670 85 21 motives
771 2672 22 19 of
806 2672 106 26 sympathy
922 2672 30 20 for
962 2672 34 19 the
1005 2672 84 23 natives,
1104 2672 40 21 and
1158 2673 62 20 alarm
1234 2679 26 14 on

675 2698 33 20 the
724 2701 45 24 part
778 2698 22 19 of
814 2698 57 20 those
887 2698 44 20 who
946 2698 42 21 had
1004 2698 121 21 constituted
1142 2700 119 20 themselves

673 2724 52 21 their
745 2724 80 21 natural
839 2724 114 27 guardians,
964 2725 75 20 would'
1049 2725 45 27 give
1108 2732 44 21 way
1164 2726 66 21 before
1248 2733 13 14 a

675 2752 52 19 calm
736 2751 136 20 examination
882 2752 22 19 of
912 2751 33 21 the
953 2752 112 27 provisions
1074 2752 21 19 of
1103 2753 34 20 the
1147 2752 44 21 bill.
1221 2754 39 19 We

676 2784 50 14 were
739 2778 108 20 conscious
856 2778 23 19 of
893 2778 72 27 having
979 2778 58 27 given
1053 2785 58 21 every
1120 2780 110 26 protection
1238 2780 23 21 in

675 2811 37 14 our
727 2811 66 20 power
812 2809 20 15 to
851 2805 33 20 the
904 2804 60 21 tribes
992 2805 23 20 of
1036 2804 72 28 having
1127 2806 71 21 fenced
1221 2808 39 20 and

676 2832 88 26 guarded
778 2831 52 20 their
844 2832 82 20 interest
934 2832 47 20 with
992 2839 13 13 a
1013 2832 123 21 minuteness
1147 2834 22 19 of
1181 2834 79 26 jealous

676 2865 44 14 care
731 2858 65 20 which
812 2858 22 20 in
851 2865 53 14 some
921 2865 90 14 measure
1024 2858 128 28 complicated
1170 2867 37 14 our
1216 2861 44 22 bill,

676 2884 40 21 and
725 2885 133 20 encumbered
867 2885 17 20 it
894 2884 46 21 with
946 2885 112 28 provisions
1065 2886 63 20 which
1139 2888 121 20 constituted

677 2912 71 20 almost
759 2912 33 20 the
809 2912 47 27 only
866 2912 99 27 difficulty
975 2912 22 20 of
1009 2912 113 21 execution.
1150 2914 43 19 But
1202 2915 56 21 when

677 2945 29 14 we
720 2938 61 21 found
792 2945 57 19 every
863 2942 90 17 overture
968 2938 93 28 rejected,
1074 2946 30 14 we
1119 2940 34 20 did
1169 2941 58 27 begin
1241 2945 20 17 to

677 2969 82 23 suspect
768 2965 34 20 the
811 2966 103 19 existence
926 2966 23 19 of
961 2971 54 14 some
1026 2964 82 22 motives
1118 2967 77 27 beyond
1207 2968 56 20 those

677 2992 66 20 which
759 2992 35 20 Mr
806 2992 74 21 Coates
897 2992 39 20 had
951 2992 90 27 thought
1054 2992 105 28 expedient
1168 2999 20 15 to
1198 3001 64 15 avow.

680 3018 40 24 Sir,
731 3019 57 20 those
797 3018 114 28 suspicions
920 3019 51 20 have
978 3020 50 19 been
1035 3025 52 14 more
1093 3020 47 20 than
1147 3022 113 20 confirmed.

678 3045 61 27 Upon
757 3051 12 14 a
787 3045 56 21 close
858 3045 41 20 and
915 3046 105 26 searching
1035 3046 86 27 inquiry,
1137 3053 29 14 we
1184 3048 79 21 became

677 3072 111 20 convinced
798 3072 43 20 that
850 3072 16 20 it
875 3079 40 14 was
931 3072 41 20 less
987 3073 50 20 from
1054 3079 12 13 a
1081 3073 63 21 desire
1159 3077 19 17 to
1188 3081 75 21 expose

677 3105 36 14 our
722 3098 85 21 motives
816 3098 49 21 than
875 3103 21 16 to
901 3098 82 21 conceal
991 3098 50 21 their
1052 3106 44 14 own
1106 3108 5 18 ;
1126 3102 36 18 hot
1171 3107 22 14 so
1203 3102 60 20 much

677 3132 14 13 a
699 3125 64 20 desire
779 3129 21 17 to
815 3129 79 23 protect
908 3125 33 20 the
956 3125 52 21 New
1018 3125 108 22 Zealander
1134 3128 49 19 from
1193 3135 70 14 excess

677 3152 23 20 of
715 3158 64 21 power
788 3159 28 14 on
831 3159 36 14 our
880 3156 51 24 part,
945 3159 22 14 as
982 3156 20 17 to
1016 3152 95 21 maintain
1122 3154 32 21 the
1164 3154 99 21 influence

679 3178 73 25 which,
767 3178 49 21 from
826 3178 85 21 motives
919 3178 68 21 which
1000 3185 73 21 appear
1084 3180 64 21 rather
1159 3180 41 21 less
1214 3182 48 20 than

678 3205 100 27 spiritual,
793 3206 48 26 they
851 3205 41 20 had
901 3206 50 20 been
965 3206 92 26 engaged
1068 3206 21 20 in
1103 3207 103 28 founding,
1221 3208 44 21 that

678 3233 46 26 they
735 3232 39 20 had
783 3232 68 21 raised
859 3238 28 15 an
896 3232 114 28 opposition
1020 3232 64 21 which
1094 3233 21 20 in
1126 3234 25 19 its
1164 3237 46 18 tone
1223 3235 40 20 and
1270 3230 2 26 j

679 3259 98 26 language
787 3260 19 19 is
814 3259 53 20 little
877 3258 21 21 in
908 3258 122 21 accordance
1040 3259 48 21 with
1098 3260 57 21 those
1164 3261 100 21 doctrines

678 3286 21 19 of
711 3286 75 26 justice
795 3286 43 20 and
848 3286 76 26 charity
933 3286 66 20 which
1013 3286 47 26 they
1069 3293 22 14 so
1101 3287 70 27 loudly
1180 3289 82 26 profess.
1270 3290 2 3 '

679 3312 39 23 Sir,
735 3319 54 14 some
796 3313 81 20 curious
887 3312 51 21 facts
947 3313 52 20 have
1007 3319 58 14 come
1077 3317 35 16 out
1120 3312 21 22 in
1152 3315 33 19 the
1194 3321 69 14 course

678 3340 21 18 of
707 3338 39 21 this
756 3339 90 28 inquiry.
873 3339 44 21 The
923 3340 98 26 difficulty
1029 3340 22 20 of
1059 3340 102 28 obtaining
1171 3340 47 22 land
1228 3341 37 21 has

679 3365 51 20 been
739 3366 68 20 solved
814 3366 27 28 by
851 3366 34 21 the
893 3365 134 22 missionaries

708 3392 52 20 Here
769 3392 35 20 Mr
810 3392 77 28 Baring
893 3393 81 20 showed
980 3393 45 20 that
1033 3393 47 20 land
1087 3397 20 16 to
1117 3400 12 14 a
1136 3394 54 27 large
1197 3397 69 19 extent

679 3417 41 20 had
729 3418 50 20 been
789 3420 113 26 purchased
911 3420 25 27 by
942 3420 97 20 members
1049 3420 22 20 of
1079 3420 32 21 the
1120 3421 82 21 Church
1212 3422 52 20 Mis-

680 3444 81 26 sionary
769 3445 88 29 Society,
868 3453 26 14 on
897 3446 56 21 'their
962 3453 44 14 own
1018 3450 85 17 account
1110 3455 6 18 ;
1130 3448 41 20 and
1178 3449 43 20 that
1227 3455 38 14 one

680 3471 23 20 of
715 3472 62 24 them,
796 3472 36 20 Mr
847 3472 70 28 Henry
927 3473 111 25 Williams,
1052 3474 44 20 sold
1105 3474 34 21 the
1150 3475 85 27 produce
1245 3476 26 19 of

682 3497 30 20 his
721 3501 74 18 estates
803 3502 21 16 to
835 3499 33 20 the
876 3499 90 28 mission,
969 3500 23 21 of
998 3500 66 21 which
1075 3501 25 20 he
1108 3507 41 15 was
1158 3502 34 20 the
1200 3502 65 25 chair?

682 3530 54 15 man.
764 3524 66 21 AMr
839 3526 97 21 Fairburn
946 3527 42 20 had
1003 3528 77 26 bought
1093 3533 12 14 a
1119 3531 52 18 tract
1181 3529 23 20 of
1217 3529 48 21 land

683 3550 59 28 thirty
753 3551 59 21 miles
830 3552 22 20 in
868 3552 77 27 length.
973 3554 76 21 Messrs
1064 3554 65 28 Hemp
1145 3555 40 21 and
1202 3556 65 21 Davis

683 3577 40 20 had
738 3578 48 20 each
804 3578 45 21 four
864 3585 23 14 or
901 3580 38 21 five
954 3580 100 21 thousand
1069 3587 60 17 acres,
1141 3582 64 21 which
1220 3583 46 27 they

685 3604 75 20 farmed
768 3605 121 22 themselves
896 3613 7 16 ;
912 3613 22 14 so
944 3607 41 21 had
993 3608 34 19 Mr
1036 3607 61 21 Clark
1105 3608 40 21 and
1151 3609 36 20 Mr
1194 3610 72 24 Baker,

684 3630 40 21 and
733 3631 76 21 several
817 3632 57 21 other
881 3634 97 19 members
992 3634 24 20 of
1028 3634 34 21 the
1080 3634 116 28 missionary
1206 3636 59 27 body.

685 3658 59 21 Some
759 3658 22 21 of
796 3658 36 21 Mr
846 3658 115 22 Fairburn's
977 3660 49 23 land
1035 3667 40 16 was
1084 3667 45 24 part
1138 3662 21 21 of
1174 3663 33 20 the
1218 3666 49 18 tract

1296 123 45 20 sold
1359 127 21 16 to
1395 130 25 14 an
1440 123 86 27 English
1544 130 97 23 company
1651 124 21 21 in
1690 126 59 23 1825,
1763 125 64 20 which
1845 124 34 21 the

1297 149 77 21 natives
1392 149 39 21 had
1448 150 76 26 always
1543 150 46 21 held
1604 151 75 24 sacred,
1695 153 38 19 and
1748 151 79 28 against
1846 152 32 20 the

1295 176 43 20 sale
1346 177 23 19 of
1384 176 64 20 which
1461 180 20 16 to
1496 177 37 19 Mr
1549 177 96 21 Fairburn
1660 184 55 14 some
1731 179 22 19 of
1764 179 54 20 them
1833 185 36 21 pro

1296 203 69 23 tested,
1380 202 21 20 in
1410 210 138 19 consequence
1557 204 23 19 of
1592 204 32 20 the
1636 205 91 26 previous
1740 205 88 20 transfer.
1857 206 21 20 It

1294 229 100 27 appeared
1409 229 43 20 that
1468 233 32 16 the
1519 230 81 20 Chmch
1619 231 118 27 Missionary
1749 232 79 27 Society
1837 238 40 14 was

1296 255 27 26 by
1333 262 26 13 no
1368 261 68 15 means
1446 262 22 14 so
1478 257 110 19 successful
1599 257 20 19 in
1630 257 32 21 the
1673 259 51 19 work
1731 259 21 19 of
1760 259 115 20 conversion

1294 288 23 13 as
1332 281 33 21 the
1376 282 125 27 Wesleyans.
1530 283 44 20 The
1583 283 64 20 whole
1656 285 84 20 number
1750 285 23 19 of
1787 292 88 13 commu-

1294 308 78 21 nicants
1382 309 107 26 belonging
1498 312 21 17 to
1531 309 31 20 the
1573 310 69 20 former
1651 318 41 13 was
1702 312 46 26 only
1755 313 47 22 180,
1813 316 19 16 to
1843 312 33 20 the

1292 334 58 21 latter
1361 335 59 23 1,000
1429 343 6 17 ;
1451 335 96 27 although
1557 337 32 19 the
1596 336 72 21 church
1678 337 133 21 missionaries
1822 345 51 14 were

1291 360 37 21 five
1338 361 58 20 times
1406 368 21 14 as
1437 368 108 14 numerous
1554 368 21 14 as
1585 363 33 21 the
1629 363 125 28 Wesleyans,
1769 365 40 20 and
1823 365 51 21 their

1291 393 99 21 expenses
1399 388 61 20 much*
1469 392 77 23 greater
1561 389 20 20 in
1597 391 111 26 proportion
1722 395 21 16 to
1755 391 51 20 their
1816 398 55 14 num-

1296 414 52 21 bers.
1378 415 33 19 Mr
1420 414 77 27 Baring
1505 415 110 21 continued

1347 441 22 20 Is
1384 440 16 20 it
1415 445 20 16 to
1451 441 25 20 be
1491 442 100 26 supposed
1601 442 41 20 that
1651 443 34 21 the
1695 443 81 28 worldly
1787 445 85 20 circum-

1289 470 80 17 stances
1380 467 48 20 have
1439 474 25 14 no
1479 468 99 20 influence
1593 476 45 13 over
1652 469 34 21 the
1702 474 49 17 stale
1767 471 23 20 of
1805 471 67 27 things

1289 493 107 27 spiritual?
1423 494 34 20 Do
1468 501 28 13 we
1511 499 36 16 not
1562 496 58 20 know
1632 496 43 20 that
1689 497 33 20 the
1731 497 98 21 churches
1839 504 33 14 are

1288 526 54 14 more
1357 520 96 23 deserted,
1468 521 44 20 that
1526 521 33 20 the
1578 522 77 20 schools
1672 530 33 13 are
1721 524 39 20 less
1773 525 100 26 earnestly

1288 546 123 28 supported?
1427 548 9 19 I
1448 547 61 26 might
1519 548 56 20 make
1585 553 115 16 statements
1710 556 53 20 upon
1773 551 40 19 this
1825 551 47 20 sub-

1285 572 43 26 ject
1338 574 47 19 with
1395 574 39 20 less
1444 574 72 20 hazard
1528 574 48 21 than
1592 575 31 20 Mr
1632 575 73 21 Coates
1715 577 91 20 incurred
1816 578 56 19 when

1288 600 25 19 he
1328 600 98 20 collected
1439 600 130 28 imputations
1578 602 78 26 against
1670 603 33 19 the
1713 603 82 21 motives
1806 604 23 19 of
1836 605 38 19 -the

1287 626 121 21 association
1421 626 49 21 with
1485 627 65 20 which
1566 628 51 20 lam
1627 629 109 21 connected
1744 637 6 14 ;
1765 630 39 20 and
1818 631 10 19 I
1839 637 34 20 say

1287 659 22 13 so
1319 654 47 19 with
1377 654 37 19 less
1426 653 115 25 hesitation,
1557 654 30 20 for
1597 654 11 20 I
1619 655 72 20 should
1708 661 35 15 not
1758 661 53 15 want
1824 657 50 20 facts

1286 685 28 14 or.
1323 680 103 26 testimony
1444 683 19 17 to
1480 683 83 24 support
1575 680 59 21 them.
1672 682 49 26 But,
1735 682 40 26 Sir,
1789 683 17 19 is
1820 683 54 21 there
1881 680 2 25 I

1286 706 83 26 nothing
1379 709 20 17 to
1414 706 51 20 alter
1480 707 34 20 Mr
1525 707 88 20 Coates's
1622 708 68 25 views,
1706 708 20 21 ia
1736 709 33 20 the
1778 709 94 21 evidence
1881 707 2 34 J

1285 738 22 13 as
1317 736 19 16 to
1346 733 34 20 the
1390 736 51 17 state
1453 734 22 19 of
1482 733 35 20 the
1527 738 90 23 country,
1632 735 66 20 which
1713 736 16 19 is
1738 736 104 20 contained
1853 737 20 19 in

1286 758 33 20 the
1334 759 115 27 dispatches
1465 760 61 26 lately
1543 760 87 21 received
1647 762 49 19 from
1708 762 34 20 Mr
1755 762 75 27 Busby,
1841 763 33 21 the

1285 784 76 21 British
1373 786 92 24 resident,
1480 788 40 19 and
1531 787 85 27 Captain
1628 788 90 24 Hobson,
1727 789 44 20 who
1780 796 41 13 was
1830 795 45 15 sent

1286 812 26 26 by
1322 812 34 19 the
1374 812 102 21 Governor
1484 813 24 20 of
1521 814 52 19 New
1582 814 60 20 South
1655 815 69 20 Wales
1738 822 26 13 on
1779 822 11 13 a
1799 816 73 27 special

1286 838 81 21 mission
1383 843 19 16 to
1421 843 65 23 report
1503 846 27 14 on
1551 841 32 19 the
1599 842 59 26 spot?
1695 842 37 20 His
1745 842 128 21 well-known

1284 864 120 21 connection
1414 865 47 20 with
1472 873 56 14 some
1537 866 21 20 of
1568 867 33 20 the
1608 874 81 20 persons
1696 868 103 27 employed
1810 869 20 20 in
1841 870 32 20 the

1285 892 92 20 Colonial
1390 892 68 22 Office,
1468 892 56 21 leads
1535 899 30 14 me
1575 897 20 16 to
1606 901 86 20 suppose
1701 894 15 21 it
1729 897 21 18 to
1761 896 24 19 be
1790 896 85 20 difficult

1284 918 44 20 that
1338 919 25 20 he
1376 918 73 21 should
1459 922 33 17 not
1507 920 50 19 have
1573 920 49 20 been
1636 920 104 27 cognizant
1753 923 23 19 of
1786 929 55 14 some
1855 923 22 20 of

1283 945 57 20 those
1350 945 113 27 dispatches
1472 952 50 14 even
1533 946 65 20 before
1611 947 24 20 he
1644 948 59 20 made
1718 948 31 20 his
1758 949 41 20 first
1813 953 60 17 state-

1286 976 67 20 ment;
1369 972 35 20 but
1414 972 10 19 I
1437 972 40 21 will
1488 973 60 20 allow
1559 972 45 24 him,
1615 974 29 19 for
1655 975 33 20 the
1696 976 46 19 sake
1751 976 24 19 of
1786 975 32 20 his
1827 977 47 19 cha-

1291 1002 64 16 racter
1366 998 28 20 for
1402 998 101 27 sincerity,
1523 1000 34 19 the
1566 1000 72 20 benefit
1646 1001 22 19 of
1682 1001 105 26 ignorance
1797 1009 27 13 on
1834 1003 39 20 this

1287 1025 101 20 occasion.
1411 1026 42 19 But
1461 1028 53 17 what
1523 1026 17 19 is
1552 1027 31 19 the
1590 1030 49 16 state
1647 1027 23 20 of
1678 1028 73 26 society
1762 1029 65 20 which
1837 1029 35 20 has

1290 1058 67 19 grown
1366 1059 27 20 up
1401 1052 64 19 under
1474 1052 34 19 the
1514 1052 48 20 mild
1570 1058 130 21 government
1706 1055 22 19 of
1737 1055 32 20 the
1776 1055 96 21 mission]

1286 1078 42 20 Are
1345 1082 35 16 not
1396 1085 55 15 wars,
1465 1080 97 23 murders,
1577 1080 38 19 and
1630 1086 58 20 every
1703 1081 86 27 possible
1804 1088 68 15 excess

1287 1103 35 22 rife
1329 1104 23 20 in
1368 1105 26 19 all
1406 1108 54 24 parts
1469 1106 22 19 of
1504 1106 34 19 the
1547 1106 64 20 island
1617 1107 9 18 ?
1642 1106 51 21 have
1708 1108 45 26 they
1762 1110 110 19 succeeded

1286 1130 21 21 in
1323 1131 81 27 putting
1414 1139 27 12 an
1454 1132 41 20 end
1511 1136 20 16 to
1548 1133 31 20 the
1595 1136 73 24 system
1684 1134 23 19 of
1719 1134 76 28 slavery
1806 1136 64 19 which

1286 1158 123 26 everywhere
1427 1158 76 25 exists;
1520 1159 49 20 have
1585 1160 44 26 they
1639 1161 98 20 ventured
1754 1165 20 16 to
1784 1166 88 23 .attempt

1286 1183 17 20 it
1310 1191 6 18 ;
1340 1191 33 14 are
1389 1186 45 25 they
1446 1185 20 20 in
1481 1191 13 14 a
1508 1186 85 26 position
1608 1190 19 16 to
1642 1191 117 16 counteract
1774 1188 32 20 the
1823 1195 47 20 gan-

1287 1217 85 20 grenous
1387 1211 109 21 influences
1507 1212 22 20 of
1536 1212 33 21 the
1585 1213 75 26 society
1669 1214 22 19 of
1700 1221 90 20 runaway
1802 1216 72 19 sailors

1287 1238 40 19 and
1335 1238 86 27 escaped
1430 1240 98 23 convicts,
1540 1238 64 21 which
1614 1240 17 19 is
1640 1240 56 26 daily
1705 1242 131 27 augmenting
1851 1242 19 20 in

1287 1270 13 13 a
1316 1264 88 26 frightful
1418 1266 115 26 proportion
1543 1273 4 16 ;
1562 1273 37 13 can
1611 1266 45 26 they
1666 1274 73 20 oppose
1749 1274 37 20 any
1798 1268 74 21 barrier

1286 1294 21 16 to
1322 1292 33 20 the
1373 1292 75 19 vicious
1468 1292 93 27 example
1577 1292 79 27 against
1677 1294 62 20 which
1761 1295 50 20 their
1827 1302 43 20 pre-

1286 1323 55 21 cepts
1352 1322 52 16 must
1413 1319 90 27 struggle
1513 1319 21 20 in
1545 1318 50 25 vain,
1603 1326 21 13 or
1634 1323 30 16 set
1674 1327 38 19 any
1721 1322 76 19 bounds
1808 1325 20 17 to
1839 1322 32 21 the

1286 1344 109 28 profligacy
1408 1345 40 20 and
1463 1352 92 14 excesses
1566 1346 63 20 which
1647 1352 34 15 are
1691 1346 126 28 introducing
1830 1348 40 21 dis-

1286 1377 47 14 ease
1348 1373 39 18 and
1401 1376 113 22 premature
1528 1372 99 26 mortality
1637 1372 43 21 into
1696 1374 28 19 all
1736 1375 33 19 the
1783 1375 87 20 districts

1287 1397 47 20 with
1347 1398 64 20 which
1422 1398 46 27 they
1479 1405 33 14 are
1522 1398 22 21 in
1553 1400 92 19 contact?
1668 1400 41 19 Are
1719 1407 30 14 we
1757 1405 34 16 not
1799 1408 71 18 aware,

1286 1423 35 25 sir,
1341 1425 44 20 that
1401 1425 28 20 all
1447 1427 33 18 the
1496 1429 56 23 great
1568 1426 94 26 religious
1684 1427 99 21 reformers
1799 1434 73 22 among

1287 1451 107 20 barbarous
1410 1452 79 20 nations
1507 1454 50 19 have
1571 1452 122 21 established
1710 1454 49 19 their
1768 1456 66 19 creeds
1845 1456 25 26 by

1287 1479 120 26 connecting
1418 1478 26 21 its
1456 1484 92 23 precepts
1557 1479 47 20 with
1615 1480 33 19 the
1658 1480 90 20 material
1762 1483 108 25 prosperity

1286 1504 22 20 of
1321 1504 57 21 those
1395 1506 64 19 whom
1475 1507 47 25 they
1534 1506 74 20 wished
1622 1511 19 15 to
1658 1506 113 27 influence;
1787 1508 47 24 and,
1850 1508 19 20 in

1286 1538 54 13 some
1356 1538 62 17 cases,
1440 1533 27 25 by
1482 1533 84 27 making
1583 1532 78 21 nrticles
1678 1534 22 19 of
1712 1534 48 20 faith
1776 1541 61 19 many
1851 1536 23 19 of

1286 1557 56 21 those
1354 1559 120 26 regulations
1487 1559 95 21 rendered
1597 1566 105 20 necessary
1713 1562 25 25 by
1752 1562 33 19 the
1798 1561 72 25 habits,

1287 1584 119 27 prejudices,
1416 1585 41 20 and
1470 1592 51 15 even
1532 1586 32 21 the
1579 1586 79 20 climate
1668 1587 23 20 of
1700 1588 32 19 the
1748 1591 84 24 country
1851 1592 19 17 to

1288 1611 64 20 which
1364 1612 45 26 they
1418 1619 34 13 are
1467 1612 94 28 adapted,
1576 1613 39 20 and
1622 1613 66 20 which
1698 1614 49 20 with
1762 1621 35 14 our
1814 1622 58 22 purer

1287 1637 82 27 religion
1381 1638 39 21 and
1431 1645 53 14 more
1494 1640 84 19 rational
1587 1640 94 26 morality
1693 1647 29 13 we
1733 1641 71 20 should
1816 1642 55 20 leave

1286 1667 21 17 to
1319 1666 23 19 be
1352 1666 94 26 provided
1458 1668 29 18 lor
1496 1667 26 25 by
1532 1666 73 21 human
1616 1666 125 21 institutions
1748 1668 9 20 ?
1773 1668 43 20 Can
1824 1669 45 25 they

1285 1697 86 25 suppose
1382 1692 42 20 that
1434 1692 55 21 these
1498 1699 49 21 poor
1555 1699 82 20 savages
1648 1693 41 20 will
1701 1698 34 15 not
1744 1699 86 16 connect
1838 1695 33 20 the

1285 1718 39 20 evil
1334 1718 72 27 doings
1416 1719 23 20 of
1450 1720 57 19 these
1517 1720 99 26 supposed
1632 1720 107 20 adherents
1749 1721 22 19 of
1782 1721 35 20 the
1828 1727 43 14 new

1286 1744 84 27 religion
1380 1746 47 19 with
1444 1747 32 18 the
1492 1749 64 16 tenets
1573 1745 22 20 of
1608 1745 50 20 their
1673 1746 92 26 religion,
1778 1748 41 19 and
1829 1748 43 19 that

1287 1770 21 21 in
1319 1778 60 20 many
1387 1778 57 14 cases
1454 1772 34 20 the
1497 1772 91 26 example
1599 1772 42 20 will
1651 1777 36 15 not
1699 1773 25 20 be
1733 1779 53 14 more
1797 1781 75 19 power-

1286 1797 29 20 ful
1325 1798 49 20 than
1385 1798 32 20 the
1427 1802 80 23 precept
1512 1800 9 18 ?
1550 1800 50 18 lam
1610 1803 35 15 not
1654 1798 57 21 blind
1726 1803 19 16 to
1761 1800 33 20 the
1811 1800 59 20 sacri-

1286 1823 46 21 fices
1343 1825 40 19 and
1394 1825 99 20 exertions
1503 1825 23 19 of
1538 1825 33 19 the
1580 1824 117 27 missionary
1709 1826 53 25 body
1771 1834 5 14 ;
1791 1832 27 13 no
1834 1833 38 14 one

1286 1850 17 19 is
1320 1857 54 13 more
1390 1851 61 26 ready
1467 1854 21 16 to
1507 1851 141 26 acknowledge
1665 1851 61 20 them.
1765 1852 107 21 Whatever

1286 1876 52 26 good
1352 1877 18 19 is
1387 1877 94 20 achieved
1498 1876 22 21 in
1536 1877 54 20 these
1606 1877 84 24 islands,
1705 1878 47 27 they
1761 1879 43 19 will
1822 1880 50 19 have

1288 1903 49 20 been
1348 1903 35 21 the
1395 1904 87 27 primary
1491 1910 61 14 cause
1568 1904 22 20 of
1595 1912 7 17 ;
1622 1904 41 20 and
1682 1904 33 20 the
1731 1906 43 19 best
1790 1906 59 26 proof
1860 1906 11 19 I

1287 1936 39 14 can
1336 1930 45 26 give
1390 1931 23 19 of
1425 1930 51 27 good
1487 1931 74 26 feeling
1571 1930 84 20 towards
1667 1931 61 23 them,
1736 1931 18 20 is
1764 1938 32 20 my
1808 1932 62 20 readi-

1287 1962 46 15 ness
1343 1960 20 16 to
1373 1961 89 23 separate
1471 1957 56 20 them
1538 1957 48 20 from
1597 1957 32 20 the
1639 1964 72 20 person
1725 1958 43 20 who
1778 1959 37 19 has
1824 1965 46 14 con-

1288 1983 84 21 stituted
1381 1983 81 21 himself
1469 1984 53 20 their
1531 1990 59 20 organ
1601 1983 52 24 here,
1660 1988 21 16 to
1688 1985 92 21 attribute
1790 1990 21 15 to
1819 1985 52 21 them

1287 2016 58 19 purer
1354 2010 81 20 motives
1450 2011 41 19 and
1503 2016 13 14 a
1533 2016 52 14 more
1600 2010 139 22 disinterested
1753 2012 49 20 zeal.
1830 2012 42 20 But

1287 2036 34 20 the
1331 2036 48 21 time
1388 2037 36 21 has
1432 2043 56 15 come
1495 2036 57 20 when
1559 2037 50 19 their
1615 2037 100 20 exertions
1724 2044 37 14 can
1771 2045 26 13 no
1803 2038 69 27 longer

1287 2063 68 27 singly
1365 2063 51 21 avail
1424 2072 6 17 ;
1444 2063 40 21 and
1500 2070 32 14 we
1545 2063 40 20 had
1599 2063 67 27 hoped
1681 2063 43 21 that
1740 2064 21 21 in
1775 2065 34 19 the
1825 2065 46 27 plan

1287 2096 31 14 we
1327 2090 40 20 had
1377 2090 100 27 produced
1490 2091 48 25 they
1552 2089 66 20 would
1634 2089 50 21 have
1702 2091 61 21 found
1778 2091 34 20 the
1829 2093 43 19 best

1287 2117 138 26 co-operation
1435 2117 48 20 with
1494 2117 50 20 their
1554 2116 87 23 labours,
1657 2117 41 19 and
1706 2117 34 21 the
1750 2122 65 16 surest
1829 2125 43 13 cor-

1286 2143 74 21 rective
1376 2143 21 20 of
1414 2143 35 21 the
1463 2143 51 21 evils
1530 2143 78 26 against
1627 2143 73 23 which,
1716 2143 95 24 unaided,
1827 2145 47 27 they

1286 2174 75 16 cannot
1378 2171 96 26 struggle,
1488 2170 22 20 in
1528 2170 33 19 the
1576 2169 92 28 example
1682 2171 24 19 of
1725 2178 13 13 a
1754 2171 63 21 moral
1832 2173 40 19 and

1286 2196 137 22 well-ordered

1314 2223 43 20 The
1366 2227 48 17 next
1423 2223 75 21 branch
1508 2224 23 19 of
1541 2224 34 18 Air
1585 2223 94 27 Baring's
1684 2223 74 27 speech
1767 2231 41 13 was
1816 2232 13 13 a
1838 2225 33 21 de-

1286 2249 35 21 tail
1340 2251 22 19 of
1377 2250 33 21 the
1427 2250 122 27 negotiation
1566 2249 46 21 with
1628 2249 35 21 the
1678 2255 135 22 government,
1833 2253 39 19 and

1288 2276 111 22 interviews
1419 2277 48 20 with
1484 2277 66 20 Lords
1569 2277 128 23 Melbourne,
1717 2278 92 22 Hovvick,
1832 2280 40 20 and

1289 2303 94 27 Glenelg,
1397 2303 74 27 during
1488 2304 34 20 the
1538 2303 40 20 last
1587 2303 146 21 twelvemonth.
1763 2305 60 21 From
1834 2306 39 20 this

1286 2329 16 21 it
1319 2331 106 29 appeared,
1446 2331 45 20 that
1509 2333 22 17 at
1547 2330 45 20 first
1609 2331 66 19 Lords
1693 2330 122 22 Melbourne
1833 2334 39 19 and

1287 2356 85 22 Howick
1387 2357 41 21 had
1444 2357 59 27 given
1518 2357 84 20 decided
1618 2361 169 22 encouragement
1804 2362 20 16 to
1840 2359 33 21 the

1286 2383 76 26 project
1371 2392 5 15 ;
1390 2384 49 20 then
1454 2383 99 21 thwarted
1567 2383 16 20 it
1589 2390 7 17 ;
1611 2383 42 21 and
1669 2390 22 14 so
1708 2391 34 17 on,
1757 2385 115 21 backwards

1286 2411 40 19 and
1338 2411 101 23 forwards,
1455 2410 32 20 till
1498 2414 21 16 at
1528 2410 39 20 last
1574 2410 53 20 Lord
1637 2411 96 26 Glenelg,
1742 2411 85 28 -finding
1841 2413 32 20 the

1287 2437 122 21 association
1420 2437 60 26 ready
1489 2440 20 18 to
1519 2440 33 18 act
1561 2444 53 19 upon
1627 2444 61 19 every
1696 2439 118 20 reasonable
1827 2446 46 21 sug-

1287 2463 77 27 gestion
1380 2464 21 20 of
1417 2464 34 20 the
1466 2467 136 23 government,
1623 2463 32 21 hit
1674 2470 52 20 upon
1745 2470 12 14 a
1769 2466 103 20 condition

1287 2490 65 20 which
1362 2491 25 20 he
1397 2491 57 19 knew
1460 2491 61 19 could
1531 2494 34 17 not
1573 2491 23 19 be
1603 2490 101 28 complied
1711 2491 46 20 with
1787 2493 87 26 namely,

1277 2534 2 3 ,
1288 2517 43 20 that
1340 2518 46 26 they
1395 2517 73 20 should
1479 2517 80 21 become
1569 2524 11 13 a
1587 2517 121 26 joint-stock
1715 2524 105 21 company.
1841 2520 33 20 Air

1277 2552 2 23 |
1288 2543 78 28 Baring
1381 2544 79 20 showed
1474 2543 44 21 that
1534 2544 33 20 the
1583 2543 98 28 principle
1695 2551 26 13 on
1730 2545 67 21 which
1809 2547 16 19 it
1834 2553 40 14 was

1288 2571 97 30 proposed
1394 2576 20 14 to
1423 2571 89 20 colonize
1528 2571 49 20 New
1587 2571 87 21 Zealand
1684 2571 59 21 could
1754 2577 36 15 not
1805 2573 24 20 be
1839 2578 36 22 put

1291 2601 42 15 into
1348 2597 110 21 successful
1482 2597 102 28 operation
1599 2598 27 27 by
1642 2604 13 14 a
1672 2598 79 27 trading
1768 2606 106 21 company,

1289 2623 68 21 whose
1367 2625 41 19 first
1416 2624 66 27 object
1493 2628 53 16 must
1554 2625 25 20 be
1593 2625 32 19 the
1635 2625 100 26 purchase
1746 2626 40 20 and
1799 2627 42 20 sale
1855 2627 22 20 of

1289 2649 49 21 land
1355 2651 47 20 with
1421 2658 12 13 a
1442 2651 51 20 view
1503 2654 20 17 to
1541 2651 64 27 profit.
1635 2652 21 20 Jt
1674 2658 41 14 was
1733 2653 80 20 curious
1834 2653 43 21 that

1290 2677 59 20 while
1364 2678 76 20 Messrs
1455 2677 75 21 Coates
1539 2679 39 19 and
1594 2678 109 23 Beecham,
1719 2679 21 19 in
1756 2679 50 21 their
1820 2687 56 20 pam-

1289 2704 75 26 phlets,
1378 2704 74 20 vilified
1461 2705 35 19 the
1506 2705 119 20 association
1641 2711 22 15 as
1674 2712 10 13 a
1691 2705 122 26 joint-stock
1822 2714 54 14 com-

1290 2736 61 21 pany,
1366 2731 31 21 the
1416 2737 131 21 government
1560 2731 87 28 opposed
1663 2731 34 21 the
1714 2732 35 20 bill
1765 2733 86 21 because
1861 2734 16 20 it

1289 2757 35 20 did
1339 2762 35 15 not
1392 2758 111 20 constitute
1518 2765 12 13 a
1543 2759 121 26 joint-stock
1680 2765 104 21 company.
1815 2761 62 20 What

1291 2784 66 20 would
1366 2785 32 20 the
1404 2789 130 22 government
1542 2787 25 19 do
1576 2785 22 20 of
1609 2785 69 21 itself]

1345 2811 80 26 Having
1439 2811 59 21 made
1514 2811 39 21 this
1571 2816 106 17 statement
1693 2813 23 19 of
1733 2812 54 20 what
1802 2813 74 27 passed

1289 2838 89 20 between
1394 2839 34 19 her
1438 2838 107 27 Majesty's
1554 2842 128 23 government
1692 2839 40 20 and
1744 2839 34 20 the
1788 2839 86 21 associa-

1291 2865 49 23 tion,
1356 2865 9 19 I
1375 2872 32 13 am
1416 2865 33 20 led
1460 2869 21 16 to
1491 2865 77 25 inquire
1577 2865 53 20 what
1644 2866 80 27 remedy
1734 2872 23 13 or
1766 2865 54 21 what
1833 2867 43 26 pal-

1290 2891 67 21 liative
1372 2892 40 20 will
1429 2891 39 21 this
1485 2896 128 21 government
1626 2892 24 20 of
1668 2891 119 28 expedients
1804 2893 24 19 be
1844 2893 31 21 in-

1290 2918 65 20 duced
1367 2922 18 16 to
1399 2918 76 27 adopt?
1503 2919 11 19 I
1524 2925 37 13 can
1569 2919 70 26 hardly
1648 2919 57 20 think
1712 2919 43 20 that
1766 2919 35 19 the
1809 2919 65 21 native

1290 2952 98 19 congress,
1396 2964 4 4 .
1412 2945 152 20 recommended
1584 2946 23 25 by
1625 2945 33 20 Mr
1679 2946 76 25 Busby,
1777 2945 48 21 with
1842 2946 33 20 the

1290 2971 93 26 adoption
1397 2971 24 21 of
1432 2971 103 21 collateral
1551 2978 107 17 measures,
1674 2973 47 19 such
1737 2978 21 13 as
1774 2972 34 20 the
1822 2976 54 17 esta-

1291 2998 117 20 blishments
1425 2998 22 20 of
1458 3002 75 20 courts,
1548 2999 38 19 &c.
1615 3004 52 14 none
1682 2999 22 19 of
1716 2998 63 20 which
1796 3006 38 13 can
1850 2999 25 21 be

1291 3025 94 20 admitted
1406 3024 84 21 without
1512 3025 103 26 assuming
1635 3025 35 20 the
1688 3025 124 27 sovereignty
1829 3025 46 28 they

1290 3051 60 21 affect
1360 3055 18 16 to
1396 3051 93 21 disclaim
1517 3058 38 14 can
1569 3052 24 20 be
1609 3052 21 20 in
1642 3051 54 21 their
1709 3052 166 27 contemplation.

1291 3079 56 26 They
1357 3081 54 17 must
1420 3079 57 20 know
1489 3078 44 20 that
1541 3084 26 14 no
1580 3078 86 20 number
1680 3079 22 19 of
1714 3078 122 27 Europeans,
1842 3085 34 15 are

1291 3104 61 27 likely
1362 3108 19 17 to
1391 3105 77 19 submit
1482 3107 20 17 to
1517 3111 13 13 a
1545 3104 113 27 legislative
1674 3105 100 27 assembly
1782 3108 22 18 at
1820 3105 54 21 Wai-

1291 3136 53 16 mate
1350 3139 7 16 ;
1372 3131 39 20 and
1428 3131 44 20 that
1486 3131 28 27 by
1524 3131 32 20 the
1565 3131 46 20 time
1628 3131 35 21 the
1679 3131 133 21 missionaries
1825 3132 50 20 have

1293 3157 57 21 made
1361 3158 31 20 the
1401 3157 44 20 first
1453 3161 45 24 step
1508 3157 21 21 in
1541 3157 50 21 their
1599 3157 152 21 constitutional
1760 3158 114 25 education,

1292 3184 45 20 half
1350 3185 31 20 the
1391 3183 118 28 population
1520 3184 41 20 will
1575 3184 48 20 have
1634 3184 137 28 disappeared,
1788 3185 41 20 and
1842 3186 39 20 the'

1292 3211 60 20 white
1361 3210 85 21 -invader
1455 3210 43 21 will
1514 3211 50 20 have
1578 3211 103 21 increased
1690 3211 135 27 twenty-fold.
1855 3213 27 19 If.

1292 3237 48 28 they
1350 3243 58 15 mean
1417 3241 21 16 to
1448 3237 57 27 plant
1515 3237 91 21 factories
1618 3241 21 17 at
1652 3238 33 20 the
1698 3239 75 19 bottom
1783 3239 23 19 of
1816 3245 58 22 every

1293 3265 38 25 bay
1341 3264 63 20 where
1417 3264 118 27 Europeans
1548 3269 68 21 resort,
1630 3265 12 20 I
1653 3265 66 20 would
1736 3265 35 20 ask
1787 3265 53 21 them
1855 3270 20 16 to

1292 3290 90 20 estimate
1392 3290 33 20 the
1435 3291 96 27 probable
1540 3297 138 20 consequence
1687 3291 23 20 of
1715 3291 59 21 small
1784 3298 90 15 commu-

1291 3317 60 21 nities
1365 3317 83 20 without
1454 3324 119 18 commerce,
1588 3318 85 20 without
1682 3318 105 21 combined
1797 3319 77 25 labour,

1292 3347 47 20 arts,
1352 3343 132 26 institutions,
1493 3344 39 20 and
1540 3343 91 27 religion,
1646 3345 61 26 being
1715 3345 88 28 grouped
1811 3347 63 20 round

1293 3373 73 24 twenty
1373 3370 84 21 isolated
1467 3371 68 26 points
1543 3371 22 20 in
1574 3371 33 21 the
1616 3375 39 17 two
1665 3371 81 21 islands.
1774 3373 38 19 Let
1822 3373 52 21 them

1293 3397 46 21 look
1355 3401 18 17 to
1389 3398 60 19 Swan
1465 3397 70 25 River,
1554 3397 40 21 and
1608 3398 34 20 the
1659 3404 85 21 expense
1773 3399 10 21 I
1799 3399 76 22 believe

1293 3424 69 26 nearly
1376 3423 120 25 30,000/.
1497 3424 74 21 which'
1580 3424 43 21 that
1641 3425 113 21 settlement
1768 3426 23 20 of
1808 3427 66 21 fifteen

1293 3450 90 21 hundred
1392 3457 85 22 persons
1486 3451 73 21 entails
1573 3458 54 20 upon
1643 3451 35 22 the
1693 3455 98 25 country;
1805 3457 20 17 to
1842 3455 32 19 the

1293 3477 86 21 chances
1388 3478 23 20 of
1422 3477 105 21 collisions
1536 3478 47 20 with
1599 3478 35 21 the
1646 3479 85 24 natives,
1745 3479 65 21 which
1821 3481 54 20 weak

1293 3503 40 21 and
1349 3503 116 22 ill-ordered
1481 3504 137 22 communities
1633 3505 48 28 only
1691 3512 54 15 serve
1759 3511 21 16 to
1796 3505 62 23 invite
1865 3514 6 18 ;

1294 3534 20 16 to
1324 3531 33 21 the
1368 3530 93 27 irregular
1470 3531 99 28 purchase
1578 3532 38 20 and
1625 3531 88 29 disposal
1722 3533 23 20 of
1752 3533 59 21 lands
1817 3541 8 18 ;
1835 3534 39 20 and

1293 3561 21 16 to
1324 3557 33 21 the
1372 3557 103 21 thousand
1484 3559 51 21 evils
1548 3564 124 23 consequent
1686 3566 54 21 upon
1753 3560 52 22 their
1811 3559 64 22 disse-

1293 3583 104 21 mination.
1426 3585 20 21 It
1455 3592 48 21 may
1512 3586 24 20 be
1545 3585 91 28 objected
1650 3590 20 17 to
1680 3592 30 18 us,
1717 3587 51 21 'that
1777 3587 33 21 the
1820 3592 55 16 same

1294 3611 115 21 difficulties
1418 3612 41 20 will
1469 3613 69 20 attend
1548 3614 35 19 bur
1592 3613 116 28 enterprise,
1719 3615 40 19 and
1766 3614 44 20 that
1816 3613 59 21 small

1293 3637 146 23 communities-
1445 3640 68 20 would
1524 3640 68 27 spring
1603 3646 28 20 up
1643 3641 65 22 which
1723 3646 29 15 we
1761 3640 62 20 could
1839 3643 37 17 not

1294 3665 84 23 control.
1410 3666 44 22 Our
1470 3672 77 16 answer
1562 3666 18 22 is
1595 3667 80 28 simple.
1714 3668 54 21 Such
1786 3673 89 15 commu-

902 55 98 33 THE
1030 55 111 33 NEW
1169 54 216 36 ZEALAND
1413 59 227 32 GAZETTE.

2439 119 7 2 I.

1910 125 59 21 nities
1978 128 68 19 would
2056 129 68 20 not>be
2139 125 137 26 established.'
2297 130 24 21 In
2338 130 33 20 the
2386 130 105 23 formation

1908 153 22 19 of
1939 159 12 14 a
1960 157 56 22 great
2025 154 105 28 European
2140 155 85 32 society,^
2236 163 28 14 we
2274 157 74 20 should
2359 156 49 21 have
2416 158 30 19 all
2457 157 34 22 the

1907 179 122 27 advantages
2041 181 22 20 of
2076 181 45 27 high
2133 188 71 20 wages,
2219 179 111 31 increasing
2340 183 57 20 value
2411 184 23 19 of
2445 190 46 21 pro-

1907 209 62 24 perty,
1982 206 45 24 and,
2039 208 61 20 above
2109 208 34 24 all,
2159 210 107 25 protection
2279 215 19 16 to
2305 210 56 21 those
2371 210 42 20 who
2418 209 73 27 joined

1905 233 23 19 it.
1951 232 117 22 Commerce
2077 235 66 20 would
2153 240 67 16 centre
2227 241 20 16 at
2256 236 35 21 the
2302 236 56 28 point
2367 238 64 19 where
2434 243 56 21 \sup-

1907 260 33 27 ply
1949 259 41 20 and
2003 260 139 32 consumption
2159 268 31 14 are
2206 266 52 17 most
2273 262 76 22 certain
2357 271 6 17 ;
2378 264 39 19 and
2434 263 56 22 there

1906 285 65 21 would
1983 287 23 19 be
2016 292 26 14 no
2059 286 127 22 inducement
2202 292 21 17 to
2237 296 45 19 any,
2286 296 38 14 one
2337 294 21 15 to
2374 290 66 26 resign
2457 290 33 21 the

1904 313 73 20 certain
1987 313 121 27 advantages
2117 314 24 20 of
2152 321 11 13 a
2172 314 90 22 civilized
2276 316 41 21 and
2330 316 90 27 growing
2434 323 56 14 com-

1909 339 83 28 munity,
2006 342 20 18 to
2036 340 46 20 seek
2095 346 12 14 a
2119 339 116 29 dangerous^
2245 344 40 19 and
2302 342 111 28 precarious
2423 342 67 21 liveli-

1907 367 50 20 hood
1967 367 65 20 where
2042 367 54 20 there
2105 367 60 19 could
2178 368 23 20 be
2212 375 25 13 no
2249 370 91 26 .security
2352 370 23 19 of
2385 370 106 26 obtaining

1905 393 33 20 the
1947 396 125 18 commonest
2081 393 118 21 necessaries
2208 395 22 19 of
2242 395 40 21 life.
2312 396 40 24 Sir,
2366 396 11 20 I
2387 396 71 26 appeal
2469 399 20 18 to

1904 420 33 20 the
1956 420 62 20 house
2034 421 78 26 against
2128 420 33 20 the
2177 420 88 21 decision
2288 423 23 20 of
2325 423 36 20 her
2384 423 106 26 Majesty's

1903 446 108 23 ministers,
2021 447 49 20 with
2084 454 11 14 a
2105 447 38 20 full
2154 446 50 27 hope
2215 447 42 20 that
2269 455 28 14 we
2307 450 53 19 shall
2371 453 33 16 not
2414 449 73 27 appeal

1903 473 20 19 in
1936 473 46 21 vain
1996 473 21 20 in
2034 474 68 20 favour
2112 475 23 19 of
2147 480 12 14 a
2174 473 76 28 project
2259 474 80 28 fraught
2349 476 46 20 with
2410 477 73 19 advan*

1905 504 54 22 tages
1975 506 22 14 so
2015 499 107 28 important
2133 499 40 21 and
2182 506 22 14 so
2220 501 73 21 certain
2303 506 20 16 to
2332 503 34 20 the
2378 502 74 28 empire
2467 505 21 18 at

71 118 64 24 fond
153 118 30 24 of
197 118 41 25 the
256 118 66 26 kind
341 118 111 35 through
470 119 42 25 the
529 119 57 25 first
603 119 51 25 sale

71 150 67 33 price
150 151 31 24 of
192 151 61 25 land
265 151 44 25 has
321 151 50 25 this
385 160 25 16 as
423 152 31 25 its
470 152 73 27 basis.
579 152 75 25 Some

70 191 61 24 may
153 187 72 26 state,
249 192 65 16 were
334 184 41 24 the
390 184 65 25 fund
473 184 115 33 required
609 189 45 21 not

70 217 159 24 contributed
246 217 26 24 in
284 216 41 25 the
337 217 112 25 nominal
461 218 67 32 price
543 217 31 25 of
581 217 71 32 land,

68 248 21 26 it
100 248 82 35 might
199 249 31 25 be
246 250 129 31 expenfted
393 250 27 24 in
440 258 32 16 an
487 250 166 34 independent

69 290 103 16 manner
189 283 35 31 by
236 282 60 26 each
316 283 147 33 proprietor.
499 283 56 25 But
574 284 23 25 if
603 284 51 25 4eft

68 318 25 21 to
104 314 42 25 the
157 323 72 17 sense
246 315 29 24 of
289 316 95 33 justice
399 315 30 26 of
442 315 42 26 the
501 316 150 31 individual,

67 348 86 24 would
164 348 49 24 this
223 349 167 25 contribution
403 352 26 21 to
442 349 41 25 the
493 349 89 26 labour
591 350 61 25 fund

66 381 32 24 be
109 381 74 24 made
189 381 11 24 ?
235 381 97 25 Would
350 386 45 21 not
412 381 62 25 each
491 382 66 33 hope
572 387 26 20 to
611 383 41 24 de-

67 414 55 24 rive
132 414 89 24 labour
232 418 26 22 at
277 414 42 25 the
332 417 54 22 cost
404 414 28 25 of
444 415 40 24 his
496 415 155 35 neighbour?

66 446 58 25 Has
134 447 54 24 that
198 452 44 20 not
249 447 125 31 pccurred
383 447 25 24 in
423 456 14 17 a
450 448 125 25 thousand
585 457 67 16 cases

64 480 105 32 already
186 480 27 24 in
231 480 44 26 the
294 480 109 25 colonies
409 480 13 25 ?
458 480 29 26 If
499 482 71 24 there
586 490 66 17 were

64 521 34 16 no
115 517 92 29 system
226 513 33 33 by
271 513 84 25 which
368 513 34 25 all
419 522 65 17 were
505 515 100 33 obliged
625 518 24 21 to

66 546 141 24 contribute
223 551 27 19 to
267 546 43 25 the
325 555 159 24 conveyance
505 547 30 25 of
553 548 96 29 labour,

64 578 26 25 in
102 579 43 24 the
156 579 91 33 degree
259 579 25 24 in
297 579 84 25 which
399 579 60 33 they
470 581 101 24 became
590 589 59 25 pur-

64 612 100 25 chasers
187 612 30 25 of
233 612 69 30 land,
323 621 68 17 some
411 612 85 26 would
512 613 31 25 be
557 614 92 24 foolish

64 645 99 34 enough
176 650 26 20 to
215 654 96 24 convey
324 649 121 27 servants,
456 654 26 16 as
495 655 77 23 many
585 646 64 26 have

64 678 74 30 done,
150 682 27 20 to
190 679 121 24 America
322 679 49 24 and
390 678 42 25 the
450 678 43 25 old
505 680 143 24 Australian

63 711 115 30 colonies,
205 715 27 21 at
263 711 65 25 their
360 711 143 26 individual
531 721 114 25 expense,

61 746 110 32 trusting
183 748 24 21 to
220 744 42 25 the
277 745 124 34 gratitude
413 745 51 25 and
475 754 69 16 sense
555 746 31 24 of
593 747 54 32 jus-

61 777 49 25 tice
130 778 29 25 of
178 777 72 26 those
268 778 83 25 whose
369 778 128 25 condition
517 778 60 34 they
597 780 51 25 had

62 811 105 32 thereby
179 819 26 17 so
218 811 76 25 much
307 810 138 34 improved.
482 812 70 32 They
564 812 83 26 would

61 843 38 32 be,
124 853 27 16 as
174 843 84 26 others
280 844 66 25 have
367 845 71 30 been,
464 845 180 33 disappointed.

61 876 82 27 Those,
153 877 58 25 who
223 877 52 25 had
285 881 46 21 not
347 877 118 26 incurred
481 878 43 25 the
541 887 105 24 expense

60 910 31 25 of
106 910 143 34 conveying
261 910 42 26 the
313 911 128 25 labburers
454 915 25 21 to
496 911 42 25 the
555 912 91 33 colony

61 951 40 17 are
117 944 41 24 the
178 952 101 25 persons
290 944 58 25 who
360 944 77 25 could
454 944 82 25 afford
552 948 27 22 to
597 954 49 25 pay

59 977 44 25 the
125 977 103 33 highest
245 985 93 25 wages.
374 977 70 33 They
463 978 86 25 would
570 979 76 24 make

59 1010 75 25 offers
146 1010 84 25 which
242 1010 86 25 would
346 1010 30 25 be
393 1012 126 31 accepted,
541 1011 51 25 and
603 1012 43 25 the

59 1043 78 25 result
148 1043 86 25 would
244 1044 31 24 be
286 1043 57 25 that
359 1043 99 35 disgust
467 1043 85 26 which
563 1045 83 25 would

59 1080 45 21 not
117 1076 64 25 arise
193 1076 23 25 if
229 1076 34 33 by
276 1085 15 16 a
311 1081 94 29 system
417 1077 34 25 all
468 1086 66 17 were
546 1077 98 34 obliged

59 1113 26 21 to
116 1110 142 25 contribute
287 1115 27 19 to
335 1110 42 25 the
404 1110 89 24 labour
522 1110 72 31 fund,
619 1111 26 25 in

57 1143 41 25 the
111 1143 89 34 degree
219 1143 26 24 in
262 1143 84 25 which
357 1152 16 16 a
385 1143 107 26 demand
502 1151 52 18 was
571 1144 73 25 made

57 1184 68 25 upon
144 1176 42 25 the
205 1176 89 25 labour
306 1177 99 24 market
439 1176 56 26 that
513 1177 82 30 mode,
616 1185 28 17 or

57 1209 41 26 the
117 1210 74 24 mode
213 1209 85 25 which
317 1210 21 24 is
357 1209 42 25 the
417 1213 97 22 nearest
534 1215 26 20 to
580 1210 29 30 it,
623 1210 20 25 is

59 1243 91 34 selling
162 1243 42 24 the
215 1242 61 25 land
287 1244 51 23 and
348 1242 119 35 dividing
479 1243 31 24 its
523 1244 120 31 proceeds

56 1276 26 24 in
103 1276 42 25 the
164 1284 103 17 manner
285 1277 110 32 pursued
418 1277 35 31 by
473 1275 82 26 South
576 1277 66 24 Aus-

56 1310 75 24 tralia
136 1310 52 24 and
195 1309 42 25 the
243 1317 54 17 new
311 1309 91 32 colony
412 1310 30 23 of
450 1310 62 24 New
520 1309 120 25 Zealand.

90 1369 60 24 The
162 1369 195 24 Preliminary
376 1367 180 25 Expedition.
590 1369 52 23 The

67 1402 76 32 Tory,
161 1410 14 15 a
185 1403 48 22 fine
244 1401 52 32 ship
308 1402 28 23 of
343 1402 49 22 400
401 1405 61 23 tons,
478 1400 44 24 left
530 1401 41 24 the
579 1402 63 23 river

56 1435 64 31 early
142 1435 25 22 in
187 1433 67 33 May,
271 1434 48 23 and
335 1433 80 32 finally
429 1433 72 24 sailed
512 1433 62 24 from
587 1433 55 32 Ply-

54 1468 84 23 mouth
156 1475 31 16 on
203 1467 41 24 the
264 1466 64 28 12th,
354 1466 57 24 with
434 1466 51 25 Col.
501 1465 140 29 Wakefield,

55 1499 112 32 principal
185 1499 79 24 officer
281 1499 28 24 of
323 1499 39 23 the
380 1506 120 25 company,
519 1506 30 16 on
559 1498 82 29 board,

54 1533 80 24 bound
145 1536 26 19 to
181 1531 58 24 New
252 1531 108 28 Zealand,
378 1535 25 20 to
414 1531 55 24 take
477 1531 134 31 possession
618 1532 27 23 of

54 1565 66 31 large
131 1569 73 20 tracts
216 1564 28 25 of
258 1564 57 24 land
332 1564 94 31 already
442 1564 138 31 purchased,
596 1564 45 24 and

54 1601 26 20 to
94 1601 62 20 treat
167 1597 56 24 with
234 1597 40 24 the
286 1597 93 23 natives
390 1597 38 22 for
445 1604 30 15 an
487 1597 122 23 extension
618 1597 27 23 of

54 1630 40 24 the
107 1630 133 31 company's
252 1630 119 31 territory.
404 1628 26 24 A
442 1628 69 24 letter
522 1628 42 24 has
581 1630 60 23 been

55 1663 106 24 received
178 1663 63 24 from
259 1662 41 23 the
325 1661 74 32 Tory,
416 1661 71 24 dated
503 1661 64 24 June
590 1662 51 28 3rd,

55 1696 25 23 in
87 1696 42 23 lat.
140 1696 16 22 5
169 1696 52 31 deg.
233 1696 33 22 30
277 1703 32 15 m.
320 1694 77 28 north,
414 1694 49 24 and
473 1694 65 31 long.
544 1694 32 23 23
588 1694 54 31 deg.

56 1729 29 23 17
98 1736 31 16 m.
140 1732 64 23 west,
240 1728 89 30 stating
339 1725 32 25 all
383 1731 25 19 to
418 1727 31 24 be
461 1726 51 24 well
524 1727 118 23 onboard.

55 1761 36 24 As
103 1760 67 25 there
182 1769 44 16 can
236 1762 30 22 be
277 1760 61 23 little
358 1759 73 24 doubt
451 1759 40 24 the
513 1758 68 33 Tory
597 1759 43 24 has

53 1793 92 25 arrived
164 1793 25 24 in
212 1791 86 27 Cook's
313 1792 83 24 Straits
408 1792 32 32 by
451 1792 47 24 this
511 1791 60 28 date,
588 1792 52 24 des-

52 1826 97 32 patches
160 1826 63 24 from
233 1826 86 23 thence
330 1825 95 31 may#be
434 1825 112 31 expected
557 1825 31 31 by
600 1825 40 23 the

56 1859 57 24 15th
125 1858 28 24 of
163 1858 135 24 December
309 1861 65 20 next.

87 1891 60 24 The
166 1892 159 24 Surveying
343 1889 110 25 Vessel.
487 1889 52 24 The
555 1888 78 29 Cuba,

55 1925 68 31 Capt.
132 1924 151 28 Newcombe,
301 1932 15 15 a
323 1922 59 25 bark
391 1924 28 22 of
425 1923 49 23 270
481 1926 61 24 tons,
550 1922 44 24 left
600 1922 40 24 the

52 1958 63 23 river
126 1961 25 20 at
162 1957 40 23 the
214 1956 46 25 end
271 1956 28 24 of
305 1955 64 32 July,
381 1955 45 24 and
438 1954 85 33 passed
535 1954 62 24 Deal
610 1963 30 15 on

52 1990 41 24 the
102 1990 49 24 2nd
159 1989 105 32 August.
290 1988 68 34 Capt.
369 1988 83 28 Smith,
462 1986 30 25 It.
494 1986 41 30 A.,
545 1995 95 24 survey-

53 2023 134 31 or-general
202 2024 26 22 to
247 2021 42 25 the
301 2019 63 26 New
376 2020 101 25 Zealand
488 2019 69 25 Land
571 2020 70 24 Com-

52 2064 70 23 pany,
132 2056 56 23 with
200 2054 58 25 such
266 2063 15 16 a
289 2062 68 24 corps
366 2063 25 15 as
400 2054 48 23 this
454 2052 132 32 intelligent
594 2052 46 24 and

53 2089 119 31 energetic
184 2087 81 25 officer
277 2087 97 24 deemed
381 2086 116 24 sufficient
508 2089 25 20 to
542 2085 99 32 proceed

53 2121 92 32 rapidly
164 2120 57 25 with
235 2120 42 23 the
301 2127 104 25 surveys,
423 2126 60 17 were
494 2119 42 23 the
545 2126 96 24 passen-

52 2162 63 24 gers.
159 2153 71 25 After
248 2152 97 32 landing
362 2152 66 24 these
446 2151 135 32 gentlemen
600 2150 40 24 the

57 2186 71 25 Cuba
138 2186 47 25 will
196 2186 30 25 be
238 2185 111 33 occupied
360 2185 25 23 in
400 2184 97 32 making
513 2183 127 31 purchases

54 2220 27 24 of
89 2219 57 25 land
155 2219 47 24 and
214 2218 209 31 coast-surveying.

89 2252 102 25 Public
214 2252 247 23 Accommodation.
496 2249 54 24 One
564 2249 28 24 of
600 2248 40 24 the

54 2286 127 31 emigrants
193 2284 141 32 proceeding
345 2287 26 20 to
379 2284 41 23 the
432 2283 83 32 colony
526 2281 57 25 with
601 2281 41 24 the

53 2319 53 23 first
122 2317 141 33 expedition,
280 2324 56 25 goes
357 2316 75 24 under
443 2324 30 16 an
485 2317 156 29 engagement

55 2355 24 20 to
92 2359 61 24 open
165 2359 14 15 a
189 2350 74 24 house
287 2350 39 23 for
340 2349 41 24 the
400 2347 199 26 accommodation
618 2346 27 24 of

55 2385 41 22 the
108 2383 111 24 colonists
231 2383 28 23 of
266 2382 61 24 New
339 2381 112 25 Zealand.

85 2416 110 24 Justice
220 2423 29 17 to
284 2422 54 17 the
373 2414 175 24 Aborigines.
583 2412 59 24 This

49 2449 88 32 phrase
155 2449 43 24 has
218 2448 92 24 excited
327 2447 42 25 the
387 2447 135 32 pleasantry
542 2446 27 24 of
585 2453 58 24 very

52 2490 72 24 many
138 2482 151 23 individuals.
323 2480 53 24 The
387 2479 100 24 conduct
499 2479 28 24 of
535 2479 41 23 the
587 2486 56 24 peo-

51 2515 41 31 ple
111 2515 29 23 of
158 2513 77 26 South
256 2513 121 25 Australia
395 2512 100 24 towards
512 2512 43 23 the
567 2512 76 22 abori-

56 2548 66 31 gines
133 2547 44 24 has
189 2546 130 25 associated
330 2545 67 24 truth
407 2545 58 24 with
480 2545 67 23 these
559 2543 84 24 words.

57 2580 52 24 The
114 2580 70 24 Land
190 2580 123 31 Company
320 2578 27 24 of
359 2578 57 24 New
421 2576 103 26 Zealand
528 2577 44 24 has
581 2585 62 15 com-

56 2613 97 23 menced
164 2614 31 23 its
208 2612 132 32 operations
352 2611 32 31 by
396 2610 122 31 reserving
536 2618 14 15 a
569 2616 73 25 quan-

56 2646 45 31 tity
124 2645 68 32 equal
211 2649 25 19 to
259 2643 122 25 one-tenth
404 2643 29 24 of
451 2642 41 24 the
514 2645 64 20 town
597 2642 48 23 and

52 2681 105 29 country
168 2677 67 24 lauds
247 2676 105 32 recently
364 2675 109 32 disposed
484 2675 33 23 of.
550 2674 38 24 At
603 2674 41 24 the

57 2710 87 32 lottery
164 2711 38 23 for
226 2710 99 31 priority
343 2708 28 24 of
388 2708 86 27 choice,
499 2707 42 24 the
565 2707 79 24 native

58 2751 107 15 reserves
176 2742 89 32 proved
277 2741 92 32 greatly
379 2745 25 20 to
416 2740 87 24 exceed
519 2740 42 24 the
579 2748 65 16 aver-

57 2784 44 23 age
120 2776 28 23 of
162 2776 103 23 fortune.
298 2774 26 23 If
331 2774 67 23 these
409 2773 67 24 lands
487 2773 31 23 be
531 2772 52 24 well
593 2780 49 16 ma-

55 2808 79 31 naged
146 2808 68 24 there
224 2808 20 24 is
255 2807 61 23 little
327 2806 73 24 doubt
407 2806 56 31 they
472 2805 47 23 will
529 2805 30 23 be
570 2805 74 23 worth

61 2841 122 28 100,000/.
195 2841 24 22 in
230 2844 42 19 ten
291 2847 76 24 years,
383 2839 49 23 and
449 2841 24 20 at
489 2838 42 23 the
544 2837 102 24 Austra-

58 2874 48 24 lian
126 2878 51 18 rate
194 2874 27 22 of
238 2873 31 23 10
287 2880 42 23 per
340 2874 62 21 cent,
423 2878 43 25 per
482 2878 98 22 annum,
600 2870 46 23 will

59 2905 62 33 yield
138 2914 15 15 a
169 2914 102 15 revenue
288 2904 28 24 of
331 2903 106 29 10,000/.
452 2902 103 33 pledged
571 2907 25 20 to
616 2902 31 24 be

60 2938 93 31 applied
164 2942 24 20 to
199 2938 41 24 the
251 2945 42 16 use
305 2937 47 24 and
361 2936 88 25 benefit
459 2936 28 23 of
496 2936 42 23 the
555 2936 91 23 natives

61 2971 28 24 of
98 2970 59 24 New
169 2970 111 24 Zealand.
313 2969 58 25 This
388 2968 48 25 will
446 2969 29 23 be
485 2969 42 24 the
538 2968 74 24 result
623 2968 28 24 of

61 3004 40 23 the
113 3003 49 24 sale
171 3003 27 24 of
206 3011 15 16 a
231 3001 76 33 single
317 3001 125 33 township.
469 3001 59 24 ,The
539 3004 109 29 prospect

61 3037 29 23 of
103 3044 14 16 a
136 3035 66 30 large
219 3035 61 24 fund
298 3034 38 24 for
353 3034 41 24 the
412 3034 141 24 civilization
571 3034 28 23 of
607 3033 40 24 the

61 3068 91 25 natives
164 3068 20 23 is
195 3067 64 33 truly
270 3067 135 32 promising,
423 3065 47 24 and
480 3065 47 25 will
536 3066 111 24 convince

63 3102 40 23 the
119 3104 64 20 most
202 3098 109 33 sceptical
327 3099 53 23 that
388 3121 3 3 .
397 3106 32 16 no
439 3098 48 24 idle
498 3098 113 32 mockery
621 3107 27 15 or

64 3133 120 24 dishonest
204 3140 101 24 purpose
323 3132 21 23 is
363 3130 96 25 cloaked
468 3131 26 23 in
505 3131 41 24 the
562 3139 43 16 use
623 3131 28 24 of

64 3166 46 24 this
122 3166 93 32 phrase.

101 3199 174 30 Extract/rom
285 3196 42 24 the
337 3195 104 25 minutes
449 3196 28 24 of
485 3204 16 16 a
510 3197 104 30 meeting
625 3196 27 24 of

71 3231 42 24 the
124 3231 141 24 Coinniittee
277 3229 29 24 of
312 3229 41 24 the
363 3227 142 33 Aborigines
515 3227 132 26 Protection

67 3263 101 31 Sqciety,
174 3263 61 25 held
237 3270 31 17 on
273 3262 42 24 the
323 3261 58 24 10th
388 3261 27 23 of
421 3262 104 30 August,
538 3261 64 23 1839
607 3269 7 15 :

125 3294 122 26 Resolved
279 3293 64 25 That
346 3293 47 24 this
400 3293 140 24 Committee
546 3293 102 24 receives

67 3329 56 23 with
146 3328 109 31 pleasure
278 3327 150 31 intelligence
454 3326 134 31 respecting
609 3325 40 24 the

68 3368 119 17 measures
199 3360 99 31 adopted
306 3360 31 32 by
345 3350 42 37 t^e
395 3357 60 25 New
468 3357 103 25 Zealand
581 3356 68 26 Land

207 3392 54 24 with
273 3393 120 23 reference
404 3395 26 20 to
442 3390 104 32 portions
558 3390 28 24 of
594 3390 56 25 land

47 3444 4 5 ,
68 3430 38 20 set
126 3425 64 24 aside
209 3424 31 32 by
259 3425 65 23 them
345 3425 40 24 for
407 3422 145 33 Aborigines
567 3423 25 23 in
609 3422 40 24 the

70 3456 195 34 neighbourhood
276 3456 27 24 of
310 3456 61 25 their
382 3455 111 27 intended
501 3455 134 24 settlement
644 3464 7 19 ;

70 3491 41 24 the
123 3490 148 27 Committee,
282 3489 115 29 however,
415 3496 130 21 conceives,
563 3488 51 24 that
625 3488 24 23 in

71 3521 70 26 order
151 3526 26 20 to
186 3522 56 32 give
254 3521 115 32 complete
378 3522 66 25 effect
454 3524 25 21 to
485 3521 43 25 the
536 3519 115 26 intention

72 3556 28 24 of
109 3556 41 23 the
159 3555 130 31 Company,
300 3553 18 24 it
326 3554 21 23 is
359 3553 113 25 desirable
483 3554 53 24 that
546 3554 43 24 the
599 3560 53 25 por-

73 3589 63 23 tions
148 3588 26 23 of
182 3586 56 25 land
249 3594 35 18 so;
289 3585 115 25 .reserved
421 3587 85 23 should
520 3587 33 24 be
571 3586 82 25 iinmer

75 3618 92 33 diately
184 3618 81 25 vested
291 3618 26 24 in
344 3617 114 26 Truttees
470 3619 52 32 for
539 3619 42 25 the
592 3617 3 5 '
604 3614 51 29 tote

77 3653 85 32 benefit
179 3651 32 31 of
226 3651 39 25 the

94 82 2 2 8
