2460 3850
1231 2372 151 102 Oxford
1407 2372 75 102 and
1507 2372 100 102 Cust
1632 2372 201 102 Observer

1231 2474 319 19 PUBLISHED
1585 2474 248 19 WEEKLY.

1297 2551 168 24 SATURDAY.
1491 2553 103 21 October
1603 2554 27 20 24
1638 2554 35 25 th,
1703 2556 60 21 1891.

1277 2696 3 4 .
1299 2666 72 41 JVc,
1381 2667 213 42 acknowledge
1605 2669 128 31 without
1743 2681 47 21 re-

1236 2731 18 12 ,,
1266 2709 238 34 .seryajiion.ihat
1517 2720 45 20 we
1576 2720 52 19 are
1650 2716 140 34 support-

1270 2758 48 20 ers
1332 2748 35 30 of
1376 2748 51 30 the
1442 2754 119 33 present
1575 2749 214 32 Government.

1269 2787 38 29 In
1321 2787 92 40 doing
1423 2798 43 30 so,
1480 2799 46 21 we
1539 2799 51 21 are
1598 2791 149 38 prepared
1757 2796 33 25 to

1270 2832 106 34 accept
1386 2837 56 20 our
1456 2828 89 30 share
1573 2829 34 29 of
1623 2830 53 30 the
1698 2831 92 31 abuse

1269 2867 58 29 and
1342 2868 131 41 obloquy
1482 2900 5 2 .
1497 2869 121 40 heaped.
1630 2879 4 14 >
1642 2878 82 32 upon
1750 2872 40 30 all

1245 2940 6 4 .
1269 2909 61 28 and
1358 2909 114 39 sundry
1501 2910 33 28 of
1577 2910 53 30 the
1673 2911 118 31 Liberal

1270 2948 59 29 Par
1325 2969 4 11 ;
1330 2952 42 35 ty,
1385 2942 43 45 %;
1435 2950 52 30 the
1501 2959 112 28 organs
1623 2951 33 29 of
1670 2948 61 34 the!
1737 2962 53 29 op-

1270 2988 129 38 position
1403 2994 21 24 it
1451 2989 66 30 We;
1534 2990 59 31 feel
1614 2990 61 32 like
1716 3002 75 29 poor

1270 3028 79 30 little
1359 3027 100 42 Topsy
1481 3030 68 30 that
1563 3041 44 19 we
1717 3032 75 31 des-

1270 3072 69 35 peri
1508 3080 44 20 we
1565 3081 51 20 are
1634 3076 55 26 not
1711 3072 81 31 how-

1236 3123 4 5 •
1270 3117 72 22 ever
1381 3109 131 40 entirely
1548 3111 129 30 without
1711 3122 81 21 some

1271 3148 74 29 relic
1372 3149 33 29 of
1435 3149 170 40 humanity,
1627 3152 62 40 apd
1725 3157 66 25 not-

1272 3187 221 40 withstanding
1501 3199 56 21 our
1579 3193 108 37 strong
1705 3202 87 21 sense

1272 3227 33 31 of
1319 3228 119 39 justice,
1463 3239 44 20 we
1526 3229 76 31 have
1706 3232 88 32 heart

1242 3284 9 11 n
1272 3267 69 31 that
1354 3277 57 21 can
1426 3269 115 29 ieelfor
1731 3272 26 30 it
1766 3273 27 30 is

1272 3308 152 31 therefore
1438 3309 74 29 with
1531 3319 18 18 a
1571 3307 77 35 Ueen
1662 3320 85 21 sense
1761 3313 33 31 of

1272 3348 66 40 pity
1349 3347 67 31 that
1425 3359 43 20 we
1479 3349 97 30 watch
1599 3351 53 29 the
1676 3352 116 38 painful

1272 3388 107 30 efforts
1412 3389 32 30 of
1477 3389 54 29 the
1574 3389 82 39 Tory
1705 3391 89 31 Press

1272 3427 163 40 generally,
1455 3429 60 31 aticl
1543 3431 57 27 tint
1616 3422 108 40 tiashel
1748 3432 44 30 Si.

1273 3471 231 39 contemporary
1518 3469 31 31 m
1564 3471 176 38 particular,
1761 3476 33 27 to

1251 3507 116 32 ..shake
1378 3509 43 29 off
1433 3508 58 30 the.
1500 3509 142 38 crushing
1658 3521 85 19 sense
1763 3512 35 29 of

1245 3564 9 6 -
1273 3547 21 38 4
1294 3558 17 19 e
1310 3547 120 46 feat,-un
1431 3578 3 9 :
1433 3548 53 30 der
1493 3549 100 31 which
1606 3549 71 42 they
1689 3552 104 30 suffer.

1239 3602 3 3 •
1263 3594 2 2 '
1274 3580 62 44 Jor
1365 3583 81 37 soriib
1480 3588 73 30 time
1583 3594 75 37 past,
1673 3588 6 6 '
1689 3586 5 6 '
1703 3588 18 21 **
1731 3591 63 34 The

1411 3627 55 31 has
1487 3629 73 28 been
1582 3629 211 40 rhigingdole-

1261 3667 64 39 ful
1343 3667 192 40 c^aiigeildn
1547 3666 69 36 'tHi
1628 3658 167 53 fgnlrance

1272 3708 210 37 thefalseness,
1495 3709 53 31 the
1559 3711 130 31 reckless
1694 3712 102 42 policy

1272 3747 52 33 the
1359 3748 226 43 revolutionary
1628 3750 167 42 character,

1891 164 31 29 m
1954 164 93 40 short,
2079 170 51 30 the
2159 174 222 42 everything—
2381 180 33 27 to

1892 205 37 30 be
1949 206 189 39 depreciated
2171 213 33 29 of
2235 215 50 30 the
2319 221 93 35 party

1891 244 33 29 m
1958 256 109 28 power.
2110 249 63 32 The
2206 253 101 31 theme
2352 267 61 20 was

1891 285 105 40 nearly
2018 288 112 40 played
2151 297 62 32 out,
2234 294 51 31 the
2305 296 106 39 public

1890 335 76 20 were
2001 331 138 38 growing
2180 343 109 31 wreary,
2323 338 89 29 when

1889 364 121 33 fortune
2030 369 106 30 smiled
2156 372 49 30 for
2224 383 19 19 a
2276 381 135 26 moment

1889 414 39 20 on
1949 406 53 31 the
2036 409 167 33 exhausted
2236 413 170 39 journalist.

1888 444 49 30 Mr
1956 446 177 34 Meredith's
2154 454 131 41 meeting
2305 466 63 21 was
2390 467 20 21 a

1887 486 116 38 perfect
2050 490 158 38 god-send,
2255 496 61 30 and
2356 498 53 29 the

1886 525 218 34 share-holders
2145 531 32 29 m
2217 534 51 30 the
2318 536 91 31 Press

1888 564 155 42 Company
2063 568 140 39 Limited,
2224 574 90 30 could
2333 586 75 19 con-

1886 606 150 36 gratulate
2065 608 181 35 themselves
2279 623 40 21 on
2354 607 58 42 t#l

1885 644 65 29 fact
1983 646 75 38 that,
2103 649 53 30 the
2193 652 215 37 leader-writer

1993 687 105 30 struck
2227 689 47 34 Ko
2303 694 104 37 doubt,

1846 740 23 6 -
1884 733 82 21 some
1986 727 34 29 of
2038 727 53 30 the
2107 729 133 33 Electors
2274 734 34 29 of
2339 734 71 31 Ox-

1884 764 79 36 ford*
1997 766 68 30 who
2098 768 92 32 heard
2224 771 50 31 Mr
2308 774 98 31 Mere-

1884 803 91 30 dith's
2008 806 84 37 plain
2128 811 278 37 straight-forward

1884 842 122 31 address
2037 854 51 22 are
2117 849 121 31 readers
2279 853 34 29 of
2352 853 56 31 the

1885 882 99 37 Press,
2005 886 60 29 and
2086 887 73 40 they
2180 900 57 19 can
2271 894 135 39 scarcely

1883 924 57 28 fail
1959 927 33 26 to
2012 926 100 30 notice
2131 929 54 30 the
2218 937 124 25 amount
2375 934 35 29 of

1884 963 86 37 pains
1991 965 92 30 taken
2107 967 38 39 by
2163 968 54 30 the
2236 973 102 29 writer
2368 976 35 26 to

1883 1002 88 31 make
1999 1002 53 32 the
2079 1003 164 36 honorable
2269 1013 136 29 member

1883 1041 48 31 for
1950 1044 115 40 Ashley
2085 1056 113 30 appear
2217 1059 35 20 as
2261 1076 6 13 t
2272 1062 18 19 a
2317 1056 87 26 turn-

1884 1091 16 20 c
1910 1086 52 25 )at.
2004 1084 81 30 That
2105 1088 166 36 particular
2291 1092 113 39 charge

1883 1131 46 20 we
1949 1122 40 29 do
2010 1127 54 26 not
2090 1127 103 30 attach
2203 1131 7 28 .'■
2224 1136 59 32 any
2316 1133 92 29 value

1883 1164 33 27 to
1924 1173 9 24 ;
1956 1172 46 20 we
2022 1173 52 21 are
2093 1169 87 36 great
2199 1167 140 43 stiekl^m
2356 1173 51 29 for

1884 1202 201 41 consistency,
2106 1209 34 26 at
2159 1207 52 30 the
2231 1218 82 21 same
2328 1206 78 36 time

1884 1251 47 19 we
1957 1242 79 39 fully
2066 1244 127 31 endorse
2225 1249 54 30 the
2312 1254 93 27 state-

1884 1283 84 26 ment
2004 1282 70 30 that
2223 1288 72 33 wise
2335 1298 72 22 man

1884 1321 63 28 will
1966 1322 97 28 under
2084 1324 150 31 sufficient
2264 1328 144 32 evidence

1884 1359 117 39 change
2027 1361 49 31 his
2104 1364 131 38 opinion,
2265 1368 56 29 but
2353 1369 55 30 the

1883 1398 62 31 fool
2107 1403 57 31 We
2184 1406 72 30 hold
2276 1408 68 30 that
2357 1406 51 34 Mr
2418 1420 15 19 >

1883 1439 150 31 Meredith
2053 1442 56 30 has
2131 1445 88 29 acted
2239 1448 73 29 with
2337 1459 69 29 per-

1883 1479 64 30 fect
1966 1480 191 42 consistency
2171 1484 135 33 withthe
2320 1490 86 38 prin-

1884 1521 92 38 ciples
1983 1521 39 30 he
2033 1524 177 30 enunciated
2222 1529 33 26 at
2262 1528 52 29 the
2331 1530 75 30 time

1885 1560 32 29 of
1926 1560 46 30 his
1981 1562 204 32 candidature.
2191 1565 49 30 He
2249 1567 157 42 distinctly
2413 1592 9 5 -

1885 1599 139 33 declared
2044 1601 119 33 himself
2182 1608 33 27 to
2236 1606 38 31 be
2295 1618 37 21 an
2361 1611 45 28 in-

1884 1640 172 39 dependent
2076 1644 115 36 liberal,
2212 1649 32 25 at
2258 1648 53 29 the
2324 1659 83 20 same

1884 1679 74 31 time
1986 1681 39 30 he
2053 1682 139 32 declined
2221 1688 34 28 to
2298 1688 127 40 pledge.

1885 1719 119 31 him.«»elf
2024 1732 34 19 as
2078 1733 19 19 a
2117 1726 135 36 pavtizan
2286 1728 34 29 of
2347 1739 78 29 any-

1884 1759 143 38 Ministry
2068 1762 74 31 then
2182 1766 142 40 existing,
2373 1778 37 21 or

1883 1800 180 32 there-after
2083 1806 34 29 to
2136 1804 38 31 be
2195 1805 129 39 formed,
2344 1811 64 30 and

1953 1845 84 27 votes
2057 1843 33 30 m
2110 1844 53 31 the
2192 1846 105 31 House
2327 1848 79 32 have

1883 1880 76 31 been
1978 1883 122 39 strictly
2133 1884 32 30 m
2194 1887 110 35 accord
2330 1884 74 38 with

1883 1921 54 29 the
1957 1923 160 38 principles
2139 1924 38 31 he
2210 1927 191 33 enunciated.

1884 1961 99 31 When
2003 1971 46 22 we
2069 1973 83 21 come
2171 1968 33 28 to
2225 1968 138 31 consider
2372 1970 36 30 of

1883 2001 82 31 what
1984 2012 125 22 manner
2122 2006 33 29 of
2174 2016 70 20 men
2264 2008 54 31 the
2335 2018 70 32 pro-

2038 2046 30 27 of
2087 2046 54 29 the
2160 2046 88 30 Press
2271 2049 27 29 is
2332 2058 71 21 con-

1884 2083 138 36 stituted,
2043 2094 45 20 we
2109 2095 52 20 are
2182 2090 53 26 not
2248 2090 156 38 surprised

1882 2123 68 29 that
1970 2124 52 30 the
2042 2123 120 40 journal
2176 2127 72 40 they
2262 2138 68 21 own
2343 2131 61 30 and

1881 2164 126 35 control,
2041 2165 109 31 abuses
2168 2167 50 30 Mr
2245 2168 159 33 Meredith.

1883 2203 65 29 The
1977 2215 71 18 men
2080 2206 70 29 who
2184 2217 72 19 nave
2284 2210 120 38 bagged

1883 2243 53 30 the
1956 2244 66 29 best
2042 2246 97 37 prizes
2158 2247 33 29 m
2211 2248 53 29 the
2291 2248 115 31 land;—

1884 2283 156 37 scramble,
2060 2285 53 29 the
2140 2287 188 41 wool-kings,
2328 2297 3 12 :
2351 2291 54 32 the.

1884 2323 125 40 knights
2030 2324 32 30 of
2091 2325 53 30 the
2171 2326 146 40 gridiron,
2349 2330 55 30 the

1883 2363 162 33 interested
2074 2368 252 38 representatives
2370 2371 32 31 of

1884 2404 83 32 Loan
1980 2406 61 30 and
2048 2403 161 45 Mortgage
2223 2408 179 42 Companies

1883 2446 59 30 and
1962 2446 112 37 Banks,
2105 2449 61 29 and
2199 2449 53 32 the
2286 2457 118 34 agents,

1882 2486 51 39 lay
1953 2497 36 19 or
2007 2487 90 39 legal,
2117 2486 35 33 of
2170 2489 142 33 absentee
2333 2502 69 31 pro-

1883 2526 128 40 prietors
2031 2538 52 20 are
2102 2533 54 26 not
2175 2530 94 41 likely
2288 2535 35 27 to
2342 2544 61 31 .ap-

1883 2575 94 31 prove
1997 2569 34 29 of
2049 2579 63 29 any
2142 2564 116 46 change
2288 2573 32 30 m
2349 2575 54 30 the

1883 2607 154 31 incidence
2072 2610 33 28 of
2131 2612 137 29 taxation
2300 2613 103 31 which

1882 2648 101 30 would
1996 2649 92 29 touch
2108 2648 80 32 their
2207 2652 119 37 wealth,
2341 2655 62 31 and

1883 2688 115 40 compel
2014 2689 88 30 them
2121 2693 33 26 to
2176 2693 171 30 contribute
2359 2700 5 9 l
2368 2698 35 26 ta

1884 2728 51 33 the
1957 2738 131 20 revenue
2105 2730 33 29 m
2159 2733 174 37 proportion
2370 2738 35 27 ta

1881 2769 54 31 the
1945 2768 127 32 benefits
2082 2770 73 38 they
2170 2771 127 39 enjoyed
2305 2775 100 30 under

1863 2836 4 4 .
1881 2808 53 32 the
1964 2799 181 48 protection'
2165 2811 36 28 of
2224 2812 53 29 the
2312 2816 88 29 state.

1883 2844 65 34 The
1961 2848 128 42 legality
2111 2850 36 29 of
2159 2851 53 30 the
2233 2853 102 30 modes
2361 2855 44 38 by

1884 2888 100 30 which
2008 2889 78 30 their
2110 2891 112 30 wealth
2258 2902 61 21 was
2352 2905 49 20 ac-

1883 2929 113 41 quired,
2008 2939 39 19 no
2055 2940 69 19 men
2145 2932 75 29 with
2229 2942 61 30 any
2302 2935 101 37 politi-

1883 2968 54 33 cal,
1954 2968 179 40 knowledge
2162 2971 63 30 will
2265 2972 138 40 dispute;

1885 3008 53 30 but
1956 3007 52 34 the
2044 3010 107 42 people
2178 3012 77 33 have
2281 3022 38 21 an
2348 3025 56 19 un*

1883 3048 134 32 doubted
2030 3048 84 41 right
2128 3055 31 27 to
2172 3053 78 30 form
2268 3053 60 31 and

1884 3099 86 29 press
1975 3100 40 21 an
2022 3090 123 42 opinion
2149 3102 82 30 upon
2236 3092 52 30 the
2298 3100 110 33 equity,

1884 3128 35 30 of
1936 3128 53 30 the
2008 3130 75 31 laws
2107 3131 99 34 whioh
2222 3133 87 31 made
2328 3135 75 31 such

1883 3170 104 30 modes
2010 3170 88 38 legalj
2135 3171 59 29 and
2231 3168 130 37 created'
2384 3185 20 21 a

1886 3209 165 42 privileged
2061 3210 78 31 class
2153 3215 33 26 at
2193 3211 53 31 the
2272 3223 138 29 expense,

1884 3250 32 29 of
1926 3250 148 38 the'great
2081 3260 80 22 mass
2171 3252 35 28 of
2220 3252 186 33 industrious

1884 3291 171 39 producers.
2097 3290 48 30 Mr
2171 3290 146 32 Meredith
2333 3308 4 19 ;
2343 3304 62 21 saw

1884 3330 67 31 that
1979 3330 52 31 the
2058 3340 150 23 measures
2236 3333 32 30 of
2293 3333 112 34 reform
2429 3348 4 4 ~

1884 3370 149 40 proposed
2046 3370 43 38 by
2101 3371 55 31 the
2170 3371 142 41 Ministry
2323 3384 80 23 were

1885 3410 88 40 good,
1989 3410 60 30 and
2063 3411 30 30 m
2109 3411 51 31 the
2175 3415 67 26 true
2263 3413 142 35 interests
2410 3440 4 2 .

1885 3450 32 29 of
1931 3451 45 29 his
1987 3451 200 32 constituents
2192 3452 18 29 h
2214 3463 15 19 e
2235 3462 79 29 -gave
2322 3454 84 34 them

1884 3490 48 31 liis
1947 3494 134 35 support,
2227 3494 32 28 of
2272 3494 52 29 the
2338 3499 66 27 acts

1885 3530 32 28 of
1940 3530 101 40 policy
2068 3531 100 32 which
2194 3531 51 30 the
2273 3532 135 33 Govern-

1885 3575 83 26 ment
1982 3571 95 29 found
2091 3572 26 28 it
2125 3582 160 30 nececsary
2295 3577 32 26 to
2338 3584 66 30 per-

1883 3610 100 35 form^
1987 3610 38 30 he
2055 3612 52 31 iid
2133 3615 52 27 not
2202 3619 5 4 *
2213 3622 131 30 approve
2355 3615 50 31 *of

1885 3650 60 31 and
1973 3650 38 29 he
2035 3652 90 33 voted
2153 3652 120 42 against
2312 3655 94 33 them.

1885 3690 98 32 There
1997 3702 63 21 was
2074 3692 129 41 nothing
2211 3694 33 31 of
2256 3695 53 33 the
2319 3699 84 27 turn-

1884 3735 68 26 coat
1965 3731 31 29 m
2020 3732 75 33 such
2122 3735 140 36 conduct,
2290 3745 18 23 a
2330 3746 76 30 very

1884 3771 87 31 Strict
1984 3772 139 42 partisan
2151 3774 99 34 would
2276 3775 132 43 perhaps

535 30 168 33 OXFORD
744 33 89 31 AND
876 33 103 33 CUST
1024 34 221 41 OBSERVER
1290 40 235 44 SATURDAY,
1548 45 190 35 OCTOBER
1781 52 49 34 31,
1873 52 70 29 «891

1278 156 206 70 PRINCE
1497 166 303 66 ofWINDSOE

1454 251 10 4 -
1464 252 31 4 —
1495 245 117 19 »->*>.,■

1275 287 63 31 The
1351 288 150 32 favourite
1513 288 186 44 iOl^desdale
1719 292 78 32 Stal-

1275 329 61 29 lion
1342 330 63 28 will
1413 331 96 29 travel
1521 322 83 40 Ifim
1618 333 74 36 Hill,
1709 328 86 43 Oust,

1275 367 152 37 Carleton,
1464 369 47 32 W.
1549 368 150 43 lEyreton,
1735 374 60 29 and

1276 407 117 31 Oxford
1408 409 136 32 districts
1558 412 61 30 this
1638 423 114 21 season.

1317 449 60 29 For
1398 451 119 29 further
1539 453 185 38 particulars
1746 465 50 19 see

1277 488 92 30 Cards
1384 500 35 19 or
1536 496 31 26 to
1581 483 52 39 tie
1647 503 103 21 owner
1764 495 31 28 m

1273 527 120 40 charge.

1322 568 109 30 JOHN
1453 569 187 31 PARLANE
1663 572 88 30 Junr.

1614 610 84 32 View
1718 612 75 30 Hill.

1275 839 275 45 ntiPPORTERS
1598 855 61 31 and
1707 855 86 42 Sym-

1275 895 29 35 I)
1348 894 149 38 pathisers
1533 896 33 30 of
1589 901 53 26 tne
1668 902 125 36 present

1271 932 209 32 Govermnent
1517 943 52 22 are
1605 936 116 30 invited
1760 941 33 26 to

1269 973 104 29 attend
1384 983 18 19 a
1412 973 139 40 Meeting
1569 979 32 25 at
1623 977 53 29 the
1701 976 92 30 lown

1270 1011 83 38 Hallj
1389 1017 34 34 a^;
1454 1015 19 29 6
1511 1023 70 31 p.m>
1607 1025 39 21 on
1679 1016 114 30 Thurs-

1268 1051 69 40 day,
1358 1052 79 31 Nov.
1461 1054 63 36 sth,
1554 1059 33 25 to
1599 1070 3 4 ■
1620 1056 89 30 make
1745 1068 45 18 ar-

1270 1096 194 34 rangements
1475 1094 48 29 for
1536 1105 19 18 a
1568 1096 121 37 peoples
1717 1095 74 30 ban-

1270 1135 83 34 quet,
1369 1131 31 31 m
1415 1133 119 30 honour
1548 1135 33 28 of
1590 1134 54 30 the
1653 1131 140 35 Minister

1269 1171 35 30 of
1313 1171 113 39 Lands,
1442 1173 67 30 who
1531 1173 120 31 intends
1678 1177 114 38 paying

1270 1221 19 19 a
1302 1211 71 30 visit
1388 1218 31 24 to
1434 1213 126 37 Oxford,
1584 1219 33 25 at
1640 1225 40 19 an
1708 1216 84 40 early

1270 1251 79 30 date.

1391 1390 265 64 NOTICE.

1288 1500 188 33 CONCERT
1514 1503 257 33 POSTPONED.
1789 1505 8 7 '

1268 1550 102 79 THE
1393 1552 113 31 Scotch
1534 1553 129 31 Concert
1687 1555 106 30 adver-

1311 1592 8 7 *
1334 1589 94 34 *tised
1456 1595 33 28 to
1517 1594 37 30 be
1581 1595 71 30 held
1678 1595 33 30 m
1739 1595 52 31 the

1268 1631 91 37 Town'
1359 1631 91 37 Hall,
1463 1644 39 19 on
1512 1633 77 32 Nov.
1600 1637 64 35 6th,
1673 1636 27 30 is
1708 1641 83 34 post-

1267 1672 99 38 poned
1374 1677 31 24 to
1416 1684 19 19 a
1447 1674 104 30 future
1571 1675 76 30 date.

1411 1724 34 30 T.
1461 1724 185 33 HUNTER.

1289 1888 13 7 ..
1369 1849 121 46 Divine
1508 1888 2 4 ,
1519 1849 163 51 geiyices.

1444 1922 98 26 Sunday
1557 1930 65 18 next
1663 1925 10 29 /
1824 1926 4 14 ;

1298 1987 53 25 The
1363 1978 117 35 U.M^F.
1490 1989 107 27 Church,
1611 1988 67 25 West
1696 1989 92 24 Oxford

1265 2039 32 5 —
1297 2022 125 34 ll.'^aim.
1441 2025 53 25 Rev
1515 2023 30 27 J'
1558 2024 113 33 Benning
1694 2023 97 34 Subject

1230 2055 2 30 !
1267 2050 153 38 ••.Theirfue
1420 2075 3 12 i
1562 2062 48 27 md
1622 2067 25 22 at
1658 2067 66 26 6.80,
1731 2073 59 23 p.m.

1251 2132 2 4 ,
1264 2105 164 34 (Sacrament)
1440 2106 141 32 Subjeot:—

1298 2149 69 26 East.
1372 2149 91 26 Oxford
1475 2150 66 24 2.45.
1552 2157 52 24 p.m
1624 2150 167 33 (Sacrament)

1266 2192 52 24 Rev
1329 2190 22 26 £
1367 2192 129 31 Benning,,
1511 2192 101 31 Subject
1619 2200 40 16 :—
1743 2194 47 24 bet-

1266 2234 37 24 ter
1317 2233 78 25 house
1405 2234 28 24 of
1440 2234 43 24 the
1504 2234 75 29 Two/
1583 2236 5 10 1
1611 2234 49 24 and
1681 2236 27 23 at
1726 2236 65 28 6.30,

1266 2266 158 41 p.mvMlr^H.
1437 2276 104 32 Wright.

746 141 179 35 WANTED
940 146 164 33 KNOWN.

697 234 34 24 To
739 235 103 30 Carters,
847 231 76 35 i^orse
930 245 101 21 owners,
1040 239 49 24 and
1096 240 89 24 othera.

664 270 13 24 I
689 279 40 16 am
741 272 121 31 prepared,
868 275 25 22 to
902 275 87 31 supply
1001 276 75 27 Straw
1084 276 73 25 Chaff
1162 278 26 24 at

662 307 82 26 lowest
753 312 97 22 current
862 313 68 23 rates.

810 353 23 25 B
853 353 187 31 M'DONALD,

970 394 63 25 East
1054 395 98 27 Oxford.

662 508 211 77 TENDERS
885 508 145 46 N^ritedj
1057 512 49 30 for
1132 511 52 34 the

744 548 84 39 right
841 553 34 25 to
889 551 57 28 cut'
949 545 62 40 ~sie
1039 561 86 29 grass
1152 553 32 29 m

662 587 52 31 the
743 588 63 31 Qxf
806 588 56 33 pr_d
906 586 171 46 Cel^tar^
1098 592 86 30 .from

661 626 76 44 Hoy.
752 628 33 29 to
806 628 84 36 Feb.,
920 622 263 44 1892f^,.Teuiers
1180 660 5 8 v

660 670 32 26 to
709 663 35 34 lie
753 672 66 25 sent
819 668 7 10 1
833 672 32 26 to
881 668 51 31 the
946 668 181 42 Chatrma^
1143 670 41 31 dn

661 717 35 20 or
710 706 104 33 before
829 708 68 30 Nov
926 710 55 30 Ist.
1023 725 8 15 :
1084 725 15 17 t
1132 706 66 36 %>-

831 758 94 32 K.H.
940 759 163 33 PARISH.
1210 761 5 31 !

793 895 257 46 NOTICE.

701 999 69 40 Any
779 1001 115 29 Person
905 1012 35 19 or
948 1002 129 30 Persons
1085 1003 99 30 found

655 1040 191 40 trespassing
859 1051 40 19 on
909 1053 53 27 my
972 1040 159 42 Property,
1141 1054 39 19 on

658 1079 51 29 the
718 1080 136 34 Terrace,
880 1080 83 31 West
974 1082 128 36 Oxford,
1120 1084 60 29 will

659 1120 38 28 be
711 1120 187 40 prosecute^.

822 1174 143 31 HENRY
986 1176 155 32 ASKEW.

706 1309 220 39 TELEGRAPHIC
949 1310 180 40 MESSAGES.
1199 1341 4 4 .

617 1373 1 23 i.
762 1364 2 3 '
922 1360 40 13 ■"-'

699 1399 201 41 Telegraphic
936 1400 153 41 Messages
1125 1413 56 21 can

657 1456 70 20 now
749 1449 38 28 be
815 1451 68 26 sent
902 1447 60 30 and
983 1449 137 31 received
1149 1454 33 27 at

616 1508 2 20 !
656 1492 79 30 East
742 1492 117 31 Oxford
875 1493 129 31 Station.

655 1636 259 38 WANTED
955 1637 224 41 KNOWN.

655 1726 120 80 GOOD
803 1727 79 31 Root
908 1728 157 31 Firewood
1107 1740 72 30 sup-

730 1768 91 39 plied;
845 1771 52 30 cut
925 1769 99 32 small.
1066 1769 113 42 Apply,

757 1817 163 33 REEVES
959 1820 119 36 PROS:

953 1870 86 31 West
1052 1871 127 32 Oxford.

695 2013 74 39 GK
826 2015 311 47 SMITH,

650 2058 178 50 ZiNC,TIN,
851 2065 64 37 AND
948 2065 120 47 SHEET,
1082 2067 101 38 STEEL

856 2119 135 22 WORKER

690 2155 85 41 High
798 2156 110 37 Street,
930 2157 78 35 Ea?.t
1029 2157 126 32 Oxford.

657 2243 40 26 AH
709 2244 70 25 kinds
791 2244 27 25 of
833 2246 93 31 Pumps
937 2245 75 34 Fixed,
1024 2248 22 22 &
1062 2239 119 41 Repaired

768 2289 26 23 at
805 2288 43 24 the
862 2288 108 25 shortest
980 2289 92 25 notice.

616 2375 2 36 i
857 2408 49 2 ...

616 2413 2 11 i
1035 2412 181 12 ■...•■

803 2607 126 30 Season
952 2610 84 28 1891.

662 2657 192 30 SHUFFLE
885 2657 84 30 THE
1002 2658 181 40 BROGUE,

676 2716 49 28 will
737 2716 71 24 stand
821 2718 25 22 at
856 2724 43 23 my
909 2716 63 26 farm
984 2717 70 26 West
1066 2719 101 25 Oxford.

695 2778 158 25 SHUFFLE
876 2778 70 26 THE
969 2777 139 28 BBOGUE
1120 2780 22 25 is
1153 2780 31 31 hy
1199 2775 3 32 I
1220 2800 3 9 ,

661 2820 135 24 Middkton
810 2821 56 25 dam
875 2820 157 26 Bumblefoot
1040 2823 29 30 by
1080 2823 106 25 Leotard
1199 2819 3 30 \

659 2864 9 31 (
676 2864 51 30 imp
737 2864 9 31 )
758 2881 6 7 .
774 2864 115 28 -HQueen
897 2864 25 24 of
931 2864 105 31 Trumps
1043 2864 31 32 by
1089 2865 96 32 Sleight
1198 2866 3 24 i

663 2905 184 26 ofHandJiinr.
857 2906 120 32 (imp).—
979 2907 79 26 Jessie
1063 2908 28 25 of
1093 2909 91 24 Romeo
1198 2927 3 7 ,

636 2966 4 12 j
663 2949 83 32 (imp).
782 2945 119 30 ■•■.,•■
1047 2938 68 35 ■'■"■!*.
1198 2945 2 29 I

695 3001 136 26 Middleton
843 3001 193 33 (Metropolitian
1043 3002 105 32 winner)
1153 3003 32 31 by
1197 3001 3 28 j

660 3044 121 25 Traduoer
792 3045 70 32 (imp)
868 3062 7 7 .
882 3058 32 5 —
915 3045 69 32 Lftdy
1009 3045 120 26 Florence
1152 3046 32 33 by
1197 3056 2 19 ;

651 3087 114 25 -Towton
779 3087 68 35 (imp.
860 3088 49 24 bro.
923 3090 25 23 to
960 3087 41 25 the
1019 3085 56 27 Peei
1075 3096 5 8 I.—rMiss1
1085 3102 30 11 .—
1115 3088 71 26 rMiss

663 3129 159 31 Nightingale
835 3130 30 32 by
878 3130 40 24 Sir
929 3130 119 25 Hercules
1058 3144 33 6 —
1092 3131 92 25 Jessica

664 3173 30 30 by
728 3172 111 24 Satellite
883 3172 85 32 (Arab)
970 3187 32 4 —
1002 3173 127 31 Daughter
1162 3173 27 25 of

664 3213 224 26 Northumberland
900 3214 81 34 (imp).

688 3266 130 22 SHUFFLE
828 3267 57 23 THE
896 3267 113 20 BBOGUE
1019 3267 19 21 is
1047 3273 13 15 a
1070 3273 48 19 very
1126 3272 61 17 com-

664 3304 58 26 pact,
723 3303 42 21 and
774 3303 143 29 qyinmetrioal
927 3304 51 20 dark
983 3303 70 21 brown
1057 3303 62 21 horse
1129 3305 57 21 stan-

662 3340 51 24 ding
724 3340 24 19 15
755 3339 67 20 bands
833 3340 10 20 1
855 3339 56 23 inch,
929 3339 51 20 with
993 3339 45 20 bent
1056 3339 22 20 of
1096 3341 92 25 tempers
1196 3354 2 9 ,

663 3377 41 20 and
715 3375 157 24 constitutions,
888 3375 18 20 ia
915 3382 14 16 a
944 3381 49 17 snre
1011 3376 116 25 foal^etter,
1145 3377 42 21 and
1196 3387 1 2 •

664 3413 35 21 bis
704 3413 80 28 .^6ook^
793 3419 35 15 are
838 3412 137 27 jremar^able
992 3412 39 24 for,
1042 3413 82 25 quality
1146 3413 42 22 and

664 3450 121 22 Bub-tunca,
794 3449 42 22 and
847 3455 35 16 are
891 3448 109 26 becoming
1015 3450 68 20 Letter
1092 3450 95 26 appreoi-

664 3486 51 21 ated
724 3492 60 20 every
793 3492 50 20 year
852 3492 24 14 as
885 3486 56 26 good
951 3486 68 21 useful
1028 3486 97 22 animals.

708 3542 141 39 TJSRMS
863 3543 44 32 £1
923 3543 129 41 payable
1067 3546 33 29 at
1121 3544 69 31 first

666 3594 125 30 service.
833 3593 173 31 Guarantee
1035 3603 32 21 as
1076 3604 55 30 per
1155 3605 33 19 a-

666 3646 164 39 greement.
847 3642 47 32 No
902 3643 171 40 Groomago
1091 3645 57 31 fee.
1196 3651 2 29 !

802 3702 251 35 E.LEONARD.

922 3744 86 32 West
1023 3744 127 32 Oxford.

52 137 166 31 OXFORD
232 137 166 32 ANNUAL
412 138 162 33 SPORTS.

51 224 35 78 A
110 224 136 41 Meeting
260 227 32 28 of
305 227 51 29 the
384 228 101 39 public
515 228 59 30 will

130 266 38 29 be
182 266 69 30 held
267 275 38 21 on
321 267 141 39 Monday,
490 269 78 29 Nov.

50 305 70 35 2nd,
137 307 76 29 1891
240 308 31 28 m
294 306 50 32 the
358 307 120 40 Orange
491 308 81 36 Hall,

49 350 32 24 at
97 347 77 34 7.30,
190 357 79 28 p.m.,
287 352 31 25 to
332 348 71 29 take
418 351 81 36 step?
527 349 47 29 for

47 384 127 41 holding
183 388 51 28 the
249 388 94 29 above
351 393 108 34 sports,
469 388 61 29 and
539 392 31 26 to

47 426 78 29 elect
133 437 18 19 a
179 428 165 38 managing
373 428 199 31 Committee.

324 473 39 30 H.
386 475 105 28 Recce.

160 594 144 24 WANTED
326 591 133 28 KNOWN-.

85 681 78 31 That
174 682 39 30 H.
229 682 126 30 Norfolk
384 682 61 30 will
474 682 35 30 be
539 687 33 25 at
609 696 2 30 ;

45 719 49 33 Mr
108 722 28 30 J.
153 722 40 30 M.
208 722 134 36 Booth's,
356 722 50 30 for
420 722 51 30 the
499 731 71 31 pur-

44 774 72 28 pose
145 764 33 29 of
205 763 168 38 castrating
400 763 85 36 colts,
528 773 40 20 on

45 804 144 38 Monday,
232 799 102 39 Nov./
360 804 70 35 2nd,
482 804 86 28 1891.

45 843 87 29 Good
158 843 103 34 Yards,
288 842 61 28 and
376 852 92 30 every
497 852 69 20 con-

45 884 144 29 ee
191 908 10 11 c

44 1007 93 77 ALL
158 1007 211 38 out-standing
391 1006 87 29 debts
508 1006 59 30 due

123 1051 33 26 to
170 1047 75 30 Miss
260 1047 155 37 Hawkins,
428 1047 60 30 late
499 1057 76 29 pro-,

43 1091 114 34 pnetor
171 1088 32 28 of
216 1088 51 28 the
290 1087 144 28 .Junction
464 1086 103 36 Hotel,

41 1131 82 24 must
138 1128 37 29 be
190 1127 67 39 paid
274 1131 31 24 to
320 1126 36 35 C.
379 1126 105 38 Lugar
514 1127 53 29 be-
574 1147 3 11 ;

41 1167 63 29 fore
119 1168 52 29 the
187 1168 72 29 lOfch
277 1167 32 29 of
323 1166 75 36 Nov,
414 1171 33 25 to
474 1167 94 30 avoid

41 1209 101 28 future
165 1217 140 29 expense.

62 1336 171 31 OXFORD
254 1334 114 32 ROAD
397 1334 149 31 BOARD.

84 1428 134 29 Tenders
240 1437 50 20 are
310 1426 116 30 invited
444 1427 49 29 for
515 1426 52 30 the

41 1467 155 39 following
204 1467 98 29 works
316 1478 6 18 :
323 1483 41 4 —

43 1508 218 39 Coustructing
269 1507 103 29 Water
382 1505 81 31 Race
473 1506 90 36 Ford,

83 1548 174 39 Mounsey's
268 1547 120 38 Swamp
407 1547 95 29 Road.

41 1588 218 39 Constructing
291 1590 17 27 3
348 1588 104 29 Water
487 1588 76 28 Race

82 1629 106 34 Fords,
202 1628 182 30 Woodstock
408 1627 94 30 Road.

42 1668 215 40 Constructing
278 1668 92 29 about
394 1668 38 29 60
461 1667 104 31 chains

40 1710 108 30 Water
161 1710 93 34 R.ace,
267 1709 81 29 from
360 1708 84 29 Four
468 1707 96 31 Chain

41 1749 94 31 Road.
178 1749 131 30 Tenders
323 1752 33 26 to
370 1748 38 30 be
437 1752 69 26 sent
529 1748 35 30 m

41 1790 104 30 before
157 1790 35 29 11
210 1800 68 19 a.m.
303 1799 39 19 on
364 1788 201 42 Wednesday,

40 1830 66 30 Nov
116 1831 64 31 4th,
196 1831 76 29 1891
279 1853 11 12 ,
333 1828 63 31 The
404 1829 104 30 lowest
528 1839 36 19 or

40 1881 60 29 any
137 1872 107 28 tender
281 1874 53 26 not
380 1868 183 40 necessarily

43 1916 150 39 accepted.

103 1964 140 31 JAMES
266 1965 43 30 H.
332 1964 171 37 SHARPE,

224 2011 90 30 Clerk
327 2014 33 28 to
379 2011 50 30 the
450 2011 115 30 Board.

71 2133 463 46 VACCINATION.

223 2237 46 25 DR
278 2237 109 25 WELD.

124 2280 169 24 Government
321 2279 163 24 Vaccinator.

74 2322 96 31 Hcroby
187 2323 68 29 gives
276 2321 79 24 notice
378 2322 53 23 that
452 2322 30 23 he
504 2321 62 24 Vac-

43 2364 92 25 cinates
168 2364 27 24 m
229 2363 98 28 Oxford,
358 2363 125 32 Tuesdays
516 2363 49 24 and

43 2406 151 31 Thursdays,
207 2407 26 23 at
245 2407 32 23 10
301 2413 56 17 a.m.

75 2448 98 24 Private
184 2448 92 24 Rooms
287 2449 25 23 at
335 2448 43 24 the
401 2448 81 28 Hotel,
505 2447 60 25 Oust

42 2498 33 17 on
99 2490 174 32 Wednesdays,
296 2490 63 25 from
384 2491 30 23 12
439 2497 56 19 a.m.
528 2490 39 24 till

41 2535 18 22 2
70 2540 59 24 p.m.

77 2575 62 26 N.B.
175 2575 77 32 Bring
274 2575 109 25 children
412 2575 80 25 before
525 2575 43 25 hot

46 2613 110 38 weathe^
165 2618 92 30 begins.

49 2733 161 37 FARM
271 2732 297 39 PRODUCE,

125 2799 120 30 Notice
266 2806 40 22 to
327 2799 162 31 Farmers.

87 2849 100 30 Those
212 2849 135 30 desirous
369 2850 34 29 of
426 2849 144 40 bringing

45 2890 92 29 Farm
148 2890 136 30 Produce
294 2890 31 29 of
335 2900 59 28 any
407 2893 64 26 sort
478 2895 34 24 to
516 2890 53 30 the
606 2893 2 30 [

45 2930 118 31 Oxford
185 2931 126 35 market,
349 2931 62 28 will
449 2931 119 30 consult

44 2971 82 29 their
149 2981 66 19 own
244 2971 128 29 interest
398 2971 42 39 by
463 2971 106 29 ad.ver-

44 3011 96 39 tis'ng
162 3020 81 20 same
265 3010 30 29 m
321 3011 52 28 the
403 3010 165 31 OXFORD

45 3051 61 30 and
121 3050 101 31 CUST
234 3053 9 25 <
254 3050 171 30 >BSERVE
431 3051 31 37 R,
474 3062 39 20 an
534 3051 36 30 is-

45 3102 54 20 sue
111 3101 35 20 or
157 3096 59 25 two
243 3092 203 30 before-hand.

110 3225 50 40 R.
188 3225 56 37 H,
275 3225 236 48 PARISH,

181 3267 88 30 East
297 3267 138 31 CxroiD.

80 3316 93 31 Special
183 3316 62 26 lines
258 3320 25 21 to
295 3318 28 23 be
334 3318 52 23 sold
406 3318 47 24 this
476 3319 95 28 month,

43 3361 28 24 at
83 3359 49 25 less
140 3359 60 25 than
215 3359 137 26 Wholesale
363 3363 59 26 cost,
443 3362 49 24 and
515 3370 57 17 con-

42 3418 13 17 g
59 3403 26 24 id
95 3401 72 33 tfably
181 3402 76 26 below
268 3403 78 31 prices
358 3403 103 31 charged
473 3405 36 24 for
531 3405 43 25 the

48 3453 72 17 same
130 3445 94 31 quality
236 3446 25 25 of
274 3446 98 25 firlicli'S
383 3448 26 24 at
422 3446 157 33 Co-operaliv

50 3488 92 25 Stores.

83 3529 137 25 LADIES
232 3530 163 29 ULSTERS,
419 3533 4 11 I
423 3532 48 32 J/6,
494 3533 79 25 worth

49 3572 70 32 12/6.

82 3613 67 26 ALL
163 3613 104 28 WOOL,
281 3613 138 27 FRENCH
433 3616 140 32 MERINO,

50 3657 49 31 2/-.
102 3657 80 25 worth
205 3657 45 32 3/--
446 3657 57 29 ■..'••

51 3699 72 27 ALL
135 3699 106 29 WOOL,
254 3698 154 27 ENGLISH
429 3701 50 25 and
500 3702 75 27 COL-

51 3740 105 28 ONIAL
167 3741 162 26 FLANNEL
341 3742 36 33 1/-
389 3742 75 27 worth
476 3744 49 31 1/4.
