2460 3850
47 170 78 30 have
138 167 90 31 voted
237 166 49 29 for
298 165 49 30 his
360 164 117 40 party's
493 162 71 31 sake

49 221 19 19 a
84 209 78 30 little
181 207 120 40 against
326 205 49 30 his
402 214 68 20 own
495 213 69 20 con-

46 250 123 34 viction,
182 248 55 29 but
251 246 38 29 he
302 246 37 29 is.
343 256 39 18 an
395 245 109 29 honest
517 253 49 19 re-

51 289 203 42 presentative
280 285 68 29 who
376 289 85 25 votes
498 293 71 20 con-

52 327 202 40 scientiously,
267 324 60 32 and
334 325 26 30 is
364 324 79 40 fully
451 323 120 39 worthy

53 371 35 30 of
98 371 52 29 the
178 367 174 32 confidence
380 367 32 29 of
432 364 49 31 his
505 373 67 21 con-

54 412 148 29 stituents.
244 409 38 29 In
312 407 179 33 conclusion,
526 413 47 20 we

53 461 72 28 may
136 453 126 35 suggest
275 449 68 28 that
356 447 50 29 Mr
421 446 35 34 R,
472 445 101 30 Evans

54 491 99 38 might
162 491 77 28 have
267 487 93 31 saved
382 485 121 30 himself
521 484 53 29 the

53 531 120 29 trouble
187 529 135 40 playing,
337 538 35 19 or
390 524 184 40 attempting

53 574 32 26 to
100 570 71 38 play
181 570 51 29 the
242 571 70 35 part
322 568 32 28 of
390 565 103 30 Lion's
508 573 66 29 pro-

54 611 87 29 vider
185 614 31 24 to
240 607 51 30 Mr
318 605 102 31 Moore
446 605 128 29 because

51 659 47 21 we
118 659 57 21 can
203 658 105 21 assure
336 646 64 29 him
430 644 82 31 that,
523 643 51 30 the

53 689 139 38 working
204 698 70 20 men
284 689 33 28 of
328 684 117 32 Oxford
458 694 52 19 are
519 686 54 26 not

52 731 34 27 at
96 728 42 30 all
145 729 94 37 likely
248 731 32 25 to
291 727 109 30 choose
410 724 51 29 Mr
468 723 105 30 Moore

52 779 34 19 as
97 769 79 29 their
186 765 246 41 representative.

93 808 55 31 We
157 812 81 26 trust
251 811 79 26 most
342 802 148 40 sincerely
504 802 70 29 that

51 848 54 30 the
120 848 204 31 Government
340 845 61 30 will
409 853 89 28 carry
521 845 53 26 out

53 888 51 30 the
128 889 101 38 policy
260 885 152 31 indicated
447 883 40 39 by
521 882 52 30 the

53 927 82 30 Hon.
157 928 52 29 the
231 926 141 33 Premier,
394 924 60 29 and
481 923 93 37 adopt

51 976 105 20 means
162 971 33 25 to
206 966 88 38 bring
312 965 52 28 the
388 959 186 43 Legislative

54 1006 128 31 Council
200 1007 64 29 into
289 1006 96 29 closer
413 1002 161 40 sympathy

50 1047 86 35 ■with,
148 1047 60 29 and
219 1047 113 28 clearer
347 1043 179 38 knowledge
542 1042 32 29 of

51 1087 54 29 the
113 1087 64 29 real
184 1089 98 27 wants
293 1084 58 29 and
360 1083 110 30 wishes
481 1082 32 30 of
522 1082 51 29 the

51 1127 115 39 people.
209 1125 58 30 We
277 1135 56 19 can
341 1124 73 29 then
424 1122 97 30 afford
540 1129 33 22 to

51 1167 86 28 smile
146 1167 30 28 m
188 1166 68 39 pity
268 1170 31 24 at
310 1165 52 29 the
374 1165 82 37 Tory
474 1173 100 31 agony

82 1207 63 29 and
153 1206 62 30 still
228 1215 40 28 go
288 1204 159 38 marching

72 1348 87 30 THE
188 1345 119 31 IRISH
338 1343 216 32 STRUGGLE

131 1392 85 31 FOR
237 1391 120 30 HOME
373 1390 121 31 RULE.

94 1484 50 31 On
158 1482 152 39 Saturday
329 1482 130 37 evening
471 1481 59 29 last
557 1490 19 19 a

50 1528 71 26 vast
149 1533 165 21 concourse,
338 1521 34 31 of
393 1521 106 40 people
527 1531 31 18 as
561 1540 14 15 r

51 1565 136 29 sembled
208 1565 32 29 m
268 1562 161 30 Cathedral
457 1561 117 39 Square

50 1608 35 26 to
105 1605 74 28 hear
193 1614 39 19 an
246 1603 133 34 address,
395 1602 41 37 by
450 1601 50 30 Mr
526 1600 47 30 W.

50 1644 50 30 W.
128 1643 124 36 Collins,
280 1653 39 19 on
347 1641 52 31 the
427 1645 84 35 story
541 1641 34 29 of

52 1685 19 14 v
80 1684 67 30 The
160 1683 81 31 Irish
257 1682 144 39 Struggle
415 1682 48 28 for
477 1681 97 29 Home

200 1722 51 31 Mr
278 1722 39 33 H,
348 1720 108 31 Clarke
483 1731 89 20 occu-

50 1764 71 38 pied
135 1764 52 29 the
201 1762 101 39 chair.
345 1761 39 30 In
398 1761 53 31 the
464 1770 117 29 course_

48 1804 37 30 of
109 1804 47 30 his
183 1802 213 40 introductory
435 1801 144 32 remarks.

47 1844 56 30 the
116 1845 131 29 lecturer
260 1841 135 33 referred
408 1843 32 29 m
451 1853 3 5 •
460 1840 114 39 feeling

50 1888 94 26 terms
154 1888 33 25 to
201 1884 53 30 the
268 1883 90 29 death
372 1883 35 29 of
417 1882 54 31 the
485 1885 93 36 great.

48 1924 84 32 Irish
145 1924 121 38 patriot,
281 1922 51 30 Mr
353 1922 137 30 Parnell.-
527 1921 46 29 He

50 1964 67 30 said
133 1963 59 30 ult
205 1973 62 21 was
280 1962 174 38 impossible
468 1966 31 24 to
494 1990 8 7 v
525 1971 47 19 re-

48 2005 51 31 fer
109 2008 36 28 to
158 2004 51 29 Mr
222 2002 121 30 Parnell
358 2002 127 30 without
498 2001 72 30 feel-

48 2045 72 39 ings
136 2045 32 29 of
179 2044 125 39 highest
316 2043 182 31 admiration
509 2042 63 30 and

52 2085 125 39 deepest
217 2093 120 21 sorrow.
379 2083 192 30 Admiration

50 2126 51 29 for
115 2126 51 29 the
184 2126 146 39 patience,
346 2133 225 30 perseverance,

51 2166 60 30 and
127 2176 100 29 power
240 2164 34 30 of
284 2166 51 28 the
361 2164 124 40 patriot,
513 2163 61 29 and

50 2216 117 20 sorrow
181 2206 67 30 that
261 2206 47 28 his
323 2205 79 29 later
414 2205 77 39 days
513 2204 61 30 had

50 2247 80 30 bsea
156 2246 127 31 clouded
310 2245 43 39 by
377 2245 94 29 much
503 2244 71 30 that

53 2297 62 19 was
130 2286 118 38 painful
262 2286 62 29 and
337 2295 82 20 more
433 2284 67 30 that
520 2284 53 30 the

51 2327 98 28 world
163 2326 98 29 would
275 2326 32 28 m
321 2326 41 27 all
389 2324 185 39 probability

50 2377 96 20 nev^r
166 2365 194 31 understand.
403 2364 56 30 We
487 2363 87 29 could

50 2407 72 29 well
134 2407 102 39 forget
249 2406 53 30 the
324 2404 197 35 weaknesses,
550 2403 25 29 if

51 2448 79 31 such
142 2447 74 40 they
229 2457 88 25 were,
328 2446 60 29 and
408 2444 168 31 reihember

50 2488 77 40 only
139 2488 53 30 the
205 2490 156 38 greatness
375 2485 61 31 and
461 2485 113 40 grand-

50 2539 58 20 eur
122 2529 32 30 of
167 2529 53 30 the
233 2528 64 29 real
323 2528 126 28 founder
475 2526 33 29 of
534 2536 41 19 an

54 2570 82 29 Irish
146 2568 135 29 national
295 2568 172 29 sentiment.
491 2566 82 31 Irish

50 2610 179 38 grievances
238 2607 170 30 anti-dated
424 2606 51 30 the
502 2606 73 30 time

50 2649 36 29 of
113 2648 121 30 Parnell
271 2648 42 39 by
349 2646 153 33 hundreds
542 2646 34 30 of

52 2698 96 30 years,
173 2688 60 30 and
258 2688 55 29 the
339 2690 97 26 secret
462 2687 34 28 of
522 2686 52 29 the

51 2729 165 39 antipathy
230 2728 32 29 of
280 2728 54 29 the
360 2726 83 30 Irish
468 2726 107 40 people

50 2774 57 25 not
118 2773 36 25 to
167 2770 54 28 the
234 2768 133 38 English
386 2768 106 28 notion
519 2767 56 27 but

51 2812 34 26 to
113 2809 53 29 the
189 2808 133 37 English
359 2807 213 35 Government^

50 2849 93 28 could
164 2849 37 29 be
229 2846 183 32 understood
431 2845 75 40 only
532 2846 43 37 by

50 2889 87 30 those
165 2889 69 30 who
274 2897 80 20 were
393 2885 182 40 acquainted

52 2929 76 30 with
155 2929 52 29 the
234 2926 171 40 tyrannical
431 2926 70 29 and'
523 2926 52 39 op-

50 2969 135 38 pressive
212 2978 126 20 manner
365 2966 75 31 with
475 2965 100 33 which

49 3010 28 31 33
81 3020 17 18 n
102 3009 93 38 gland
208 3008 61 29 had
283 3008 82 30 ruled
380 3007 122 29 Ireland
527 3006 48 28 for

50 3049 54 29 the
119 3053 68 35 past
198 3049 85 32 three
295 3072 3 3 .
310 3047 138 32 hundred
475 3055 97 30 years.

50 3089 26 29 T
76 3088 40 30 he
143 3088 118 33 history
287 3088 35 29 of
340 3087 131 39 .English
511 3086 62 29 and

48 3128 84 30 Irish
146 3127 143 30 relations
304 3137 61 19 was
379 3128 52 28 the
442 3127 131 29 clearest

48 3167 134 42 possible
196 3166 91 41 proof
301 3168 33 29 of
360 3167 52 30 the
440 3165 132 31 wiekedr

48 3219 80 26 Ijess,
144 3209 54 29 the
212 3209 151 37 injustice,
377 3208 63 29 and
452 3207 53 29 the
516 3206 56 30 im-

50 3248 141 39 morality
205 3248 33 30 of
262 3248 86 30 State
375 3248 198 29 interference

49 3288 35 31 m
99 3292 127 26 matters
238 3288 35 30 of
286 3299 19 20 a
318 3288 143 38 religiouia
487 3287 85 30 char-

48 3333 93 27 acter.
182 3328 62 30 For
255 3328 152 31 centuries
430 3326 144 39 England

47 3369 122 30 seemed
182 3372 32 26 to
229 3368 84 30 deem
328 3367 26 29 it
365 3368 52 29 her
417 3378 5 7 1
443 3366 129 31 esoecial

47 3409 81 37 duty
142 3412 33 26 to
194 3408 157 30 obliterate
377 3406 195 31 Catholicism

47 3448 34 29 m
97 3448 129 35 Ireland,
243 3448 58 29 %nd
314 3452 34 26 to
361 3448 61 30 this
428 3446 60 31 end
497 3447 76 31 laws

48 3488 112 32 almost
181 3489 224 30 inconceivable
430 3488 32 30 m
489 3486 81 30 their

47 3528 167 29 barbarous
242 3528 147 39 injustice,
410 3537 78 20 were
512 3536 59 21 en*

48 3567 98 34 acted,
175 3568 90 28 while
292 3569 31 27 m
345 3568 53 29 the
424 3568 88 39 reign
537 3567 35 29 of

49 3605 105 32 James
168 3608 18 28 I
199 3608 60 31 and
276 3608 122 30 Charles
410 3607 23 30 1
437 3608 50 28 the
501 3607 72 30 land

49 3647 37 27 of
106 3647 79 29 Irifcb.
214 3647 153 30 Catholics
393 3658 62 23 wag
483 3647 91 30 taken

47 3686 83 32 from
156 3687 84 29 them
265 3688 62 32 and
352 3688 163 42 pyesejjteij.
541 3691 33 27 to

48 3724 178 35 iProtestaut
240 3728 146 29 members
401 3727 33 29 of
444 3726 128 33 London

47 3770 65 40 Qiifj
151 3767 181 43 companies,
385 3765 55 35 the
487 3765 83 34 Irish

656 157 153 31 Catholics
836 158 92 38 being
954 158 108 28 driven
1095 156 80 28 from

654 198 52 29 the
721 197 71 29 land
806 198 71 39 they
889 198 59 29 had
964 195 165 31 cultivated
1143 199 32 25 to

655 238 52 29 the
720 236 90 32 bleak
825 237 155 30 mountain
1008 237 78 29 sides
1115 235 58 29 and

651 278 52 28 the
727 277 179 38 pestiferous
943 278 84 37 bogs.
1069 275 104 30 Under

653 316 127 40 English
794 317 73 30 laws
882 317 32 30 m
927 317 133 35 Ireland,
1082 315 91 30 Cath-

651 357 58 30 olic
738 357 149 30 Irishmen
914 358 61 28 had
1003 357 74 29 been
1105 366 67 30 pro-

650 397 116 31 hibited
780 399 78 28 from
884 398 128 38 holding
1039 407 59 29 any
1122 396 51 30 of-

650 437 81 31 ficial
739 438 156 39 positions,
908 438 59 29 and
980 447 76 20 even
1066 437 107 38 to-day

650 478 25 28 it
689 487 62 20 was
766 477 170 39 absolutely
962 481 70 25 true
1058 480 33 26 to
1119 485 54 29 say

649 518 70 30 that
731 517 82 29 Ivish
840 516 241 30 administration
1113 525 60 20 was

649 558 49 29 far
712 567 82 19 more
807 554 169 39 influenced
989 556 41 39 by
1044 555 129 39 English

651 598 151 39 prejudice
829 597 77 28 than
933 597 43 38 by
1002 596 83 30 Irish
1124 595 46 29 in-

650 640 117 27 terests.
809 636 91 30 What
914 645 62 21 was
1000 635 118 36 known,
1139 645 33 19 as

650 678 100 29 Castle
764 677 207 29 Government
985 684 64 21 was
1063 685 19 20 a
1109 684 70 30 sys-:

650 721 61 24 tern
724 717 70 28 that
806 716 102 29 would
936 720 53 25 not
1015 715 38 29 be
1079 715 94 28 toler-

649 756 70 30 ated
733 756 47 29 for
794 765 19 20 a
826 752 85 33 week
923 755 32 29 m
983 755 85 29 these
1096 752 77 31 Col-

648 796 94 30 onies.
783 794 64 31 The
862 795 103 30 Casf&e
993 794 179 30 authorities

648 846 80 20 were
738 835 98 40 really
849 835 53 30 the
929 834 242 34 administrators

649 876 32 29 of
694 875 133 43 English
841 874 59 31 law
912 874 33 29 m
959 872 138 44 Ireland,,
1112 873 60 30 and

648 916 74 39 they
745 920 83 25 JVere
855 915 111 29 almost
1001 910 171 47 invariably

649 954 91 31 noted
753 955 50 28 for
817 953 78 30 their
909 953 163 30 anti-Irish
1095 962 77 30 sym-

629 1006 3 22 ;
649 994 117 40 pathies
790 993 61 30 and
874 990 193 43 proclivities.
1109 992 62 31 The

648 1035 78 30 Irish
753 1035 104 29 Prison
885 1037 123 36 system,
1035 1033 136 40 primary

648 1075 169 35 education,
853 1073 216 40 Metropolitan
1111 1073 65 30 &hd.

648 1115 84 30 rural
745 1115 107 38 police.
867 1113 205 40 Magistrates,
1094 1113 77 32 Ideal

648 1153 208 32 Government
867 1154 125 35 Boards,
1002 1153 54 30 the
1065 1153 106 30 Grand

648 1195 87 38 Jury,
766 1195 127 38 Lunacy
925 1197 123 36 system,
1089 1192 82 31 Irish

649 1235 102 30 Board
765 1235 34 28 of
808 1234 111 29 Works
921 1253 13 16 ,■
943 1244 52 19 are
1009 1233 42 29 all
1072 1233 98 29 under

649 1273 101 31 Castle
776 1274 126 35 control,
932 1273 102 29 which
1056 1273 27 29 is
1118 1273 52 30 the

648 1324 82 21 same
737 1323 34 20 as
781 1313 109 39 saying
900 1312 73 40 they
983 1322 51 20 are
1039 1312 130 40 directly

648 1353 169 30 influenced
830 1353 42 39 by
886 1352 129 40 English
1028 1352 142 30 interests

648 1395 48 29 for
709 1393 130 39 English
853 1393 148 35 interests,
1029 1392 62 30 and
1114 1395 58 37 spot

647 1435 49 28 for
709 1434 53 29 the
777 1434 67 29 well
857 1433 91 38 being
966 1433 33 29 of
1011 1433 54 29 the
1091 1432 80 30 Irish

648 1474 107 39 people
769 1474 185 31 themselves,
965 1472 97 34 .Turu
1071 1470 99 33 which

648 1522 69 33 way
731 1514 38 29 he
784 1514 71 35 will,
866 1514 51 29 the
926 1512 244 34 IrishmauVfinds

648 1555 121 30 himself
771 1577 8 13 ,
793 1557 33 27 to
841 1547 40 43 ajj
895 1553 114 30 intents
1024 1554 60 29 and
1098 1562 72 30 pm>

648 1605 97 29 poses,
762 1605 40 18 an
830 1592 78 31 alien
935 1594 32 29 m
995 1592 49 31 his
1067 1594 103 29 native

647 1634 72 31 land
733 1635 61 29 and
807 1634 119 39 though
939 1634 33 29 m
986 1641 39 22 no
1046 1643 71 21 race
1143 1634 27 30 is

648 1675 54 30 the
729 1675 69 31 love
826 1675 33 29 of
884 1679 131 34 country
1042 1685 19 18 a
1088 1684 82 20 more

646 1714 197 40 deep-rooted
857 1714 162 30 sentiment
1034 1714 76 29 than
1137 1714 33 29 m

646 1755 54 30 the
708 1754 92 37 Irish,
809 1758 51 36 yet
871 1754 151 30 Irishmen
1032 1754 77 31 have
1114 1754 56 29 left

647 1796 53 29 the
714 1795 73 29 land
801 1795 31 29 of
845 1794 81 30 their
940 1794 83 30 birth
1037 1795 40 36 by
1092 1794 78 29 mill-

646 1835 67 30 ions
726 1835 102 30 rather
841 1834 76 31 than
929 1834 120 40 subject
1075 1834 94 31 them-

647 1876 96 32 selves
749 1879 31 26 to
790 1875 54 30 the
853 1870 185 44 unjustiaws
1049 1875 33 30 of
1092 1875 79 30 their

646 1925 184 29 oppressors;
846 1915 37 29 In
897 1916 39 27 40
944 1924 90 32 years
1043 1915 41 29 its
1098 1914 71 40 pop-

648 1955 116 29 ulation
776 1955 62 28 had
861 1954 163 31 decreased
1046 1954 79 31 from
1152 1955 19 29 8

648 1995 132 30 millions
792 1997 33 29 to
839 1995 61 30 less
913 1994 74 30 than
1010 2003 57 21 one
1093 1994 76 31 half.

649 2036 45 31 To
717 2035 66 30 talk
804 2035 33 30 of
877 2034 202 40 maintaining
1119 2035 52 30 the

649 2076 94 31 union
757 2076 96 30 intact
872 2086 63 21 was
959 2075 52 31 the
1039 2075 132 32 sheerest

649 2128 25 19 s<
683 2117 130 39 phistry.
856 2117 96 30 There
968 2116 99 31 would
1079 2116 38 30 be
1131 2126 40 20 no

649 2158 64 29 real
726 2158 94 29 union
833 2157 48 29 till
893 2156 149 31 Ireland's
1051 2166 118 29 wrongs

649 2197 62 30 had
732 2197 77 30 been
837 2197 165 35 redressed,
1030 2197 49 29 till
1104 2196 68 30 En-

651 2238 95 38 gland
759 2237 69 37 had,
844 2237 57 39 by,;
914 2237 167 39 conceding
1105 2237 66 39 jus-

649 2277 70 36 tice,
733 2278 140 39 expiated
900 2277 43 39 by
965 2287 82 20 some
1074 2277 32 29 of
1131 2277 41 30 its

649 2321 70 37 past
745 2319 115 35 crimes,
886 2317 49 29 till
961 2314 123 32 Ireland
1111 2328 60 18 was

649 2357 88 28 rued
763 2357 50 34 for
841 2357 79 28 Irish
944 2357 143 28 interests
1114 2357 58 28 snd

649 2401 54 26 not
716 2396 33 29 m
763 2397 53 29 the
829 2396 140 31 interests
984 2396 32 28 of
1030 2406 19 19 a
1067 2396 106 29 hand-

649 2437 45 30 ful
708 2437 33 30 of
766 2437 198 35 landowners,
990 2436 79 36 who,
1092 2436 81 29 from

634 2492 4 17 ;
650 2478 116 40 greedy
795 2477 61 30 and
879 2495 3 15 ;
892 2476 102 31 selfish
1035 2476 136 37 motives,

649 2519 155 40 preferred
813 2523 30 24 to
851 2518 167 30 transform
1027 2517 40 31 its
1080 2526 92 31 green

650 2559 100 30 sward
763 2559 64 31 into
855 2561 91 27 cattle
955 2582 2 9 :
972 2568 73 19 runs
1069 2557 104 32 rather

650 2600 76 29 than
751 2603 32 25 to
810 2608 50 20 see
886 2599 26 28 it
938 2597 130 30 covered
1095 2597 74 32 with

648 2639 106 39 happy
768 2638 196 38 homdsteads,
981 2637 53 30 the
1060 2637 112 30 abodes

649 2680 33 30 of
695 2689 19 20 a
726 2679 130 37 smiling,
871 2688 18 19 a
913 2677 170 36 contented,
1112 2677 61 30 arid

649 2729 20 20 a
688 2728 182 30 prosperous
895 2718 116 39 people.
1101 2721 28 32 >;\

653 2775 3 4 •
675 2758 72 30 -Mr
754 2758 114 30 Collins
896 2768 63 19 was
986 2750 136 37 listened*
1128 2760 44 27 •to

650 2799 74 30 with
737 2799 110 31 closest
861 2797 160 37 attention,
1035 2797 61 28 and
1110 2807 62 18 was

650 2838 175 38 frequently
878 2837 192 38 interrupted
1135 2836 40 40 by

649 2878 104 33 bursts
768 2878 34 29 of
820 2877 160 40 applause/
1008 2877 71 33 '■;'•;
1098 2884 4 20 ;

662 3017 157 26 EXTRACT
836 3016 94 25 FROM
946 3016 70 25 THE
1035 3016 79 25 HON.
1132 3016 26 24 .J.

649 3052 196 32 M'&SNZIE'S
874 3056 133 25 SPFECH
1031 3056 44 23 AT
1100 3055 74 24 PAL-

828 3092 168 26 MERSTON.

711 3167 55 27 The
787 3167 70 25 Land
868 3174 48 17 and
933 3165 94 26 Income
1049 3165 61 25 Tax.

681 3212 40 23 He
731 3210 134 25 contended
880 3209 55 24 that
945 3209 42 23 the
995 3208 116 30 Property
1122 3207 55 26 Tax

647 3256 50 17 was
708 3256 15 16 a
734 3252 43 20 tax
795 3255 33 16 on
849 3246 196 31 improvements,
1069 3245 42 23 but
1132 3244 44 27 fcha

647 3285 72 26 Land
730 3289 42 22 tax
782 3282 126 33 exempted
914 3283 187 30 improvements
1109 3289 32 22 up
1150 3283 26 22 to

648 3324 95 29 #8000,
753 3320 79 27 which
838 3319 80 26 would
927 3319 29 24 be
963 3318 125 25 beneficial
1101 3319 22 25 to,
1134 3318 42 23 the

647 3360 99 24 settler.*
771 3359 25 24 It
808 3365 49 18 was
866 3357 53 24 said
937 3358 54 22 that
1012 3355 91 30 capital
1125 3362 49 17 was

648 3398 74 30 gping
730 3400 26 20 to
767 3395 30 25 be
808 3395 86 24 driven
904 3395 43 22 out
953 3393 28 24 of
1002 3392 41 23 the
1062 3392 112 29 country,

650 3435 49 24 and
709 3432 56 25 tliat
777 3433 40 23 the
826 3431 94 25 settlers
933 3429 79 25 would
1033 3428 29 24 be
1080 3428 93 24 ruined.

647 3472 40 28 He
694 3471 71 25 could
772 3477 82 17 assure
860 3468 69 25 them
934 3467 56 24 that
997 3466 72 24 small
1073 3466 103 23 farmers

648 3517 33 23 np
689 3511 24 22 to
726 3508 86 23 £1203
830 3505 76 25 would
926 3504 62 25 have
1010 3503 49 24 les3
1080 3505 25 21 to
1127 3510 45 22 pay

647 3548 60 24 than
718 3545 75 24 under
803 3544 40 27 $he.
856 3543 41 28 qld
904 3548 99 24 system.
1038 3539 40 25 He
1083 3539 87 31 quoted

649 3593 15 15 a
674 3584 103 23 number
788 3581 26 24 of
821 3579 125 32 examples
958 3579 26 23 m
996 3578 99 31 support
1103 3575 28 25 of
1137 3576 38 24 his

649 3621 140 26 statement,
823 3619 88 30 People
930 3616 79 31 might
1030 3615 51 27 ask,
1103 3612 23 24 if
1141 3613 35 24 ail

649 3661 40 23 his
701 3661 48 25 stat
755 3660 90 23 iments
867 3664 61 17 were
950 3659 60 23 true,
1019 3667 4 17 ;
1034 3654 77 23 where
1132 3652 42 25 the

649 3704 103 20 revenue
762 3703 49 19 was
824 3696 26 25 to
857 3701 71 24 pome
939 3693 75 24 from?
1047 3691 25 24 It
1082 3697 49 16 was
1150 3691 25 22 to

648 3741 69 19 come
729 3734 63 25 from
809 3731 43 27 the
874 3732 69 28 large,
961 3728 139 32 properties.
1134 3725 41 26 He

646 3768 130 30 ins.tan.ced
786 3769 113 35 property
910 3766 85 28 valued
1003 3766 27 27 afc

1267 153 25 23 at
1303 152 99 30 present
1412 152 89 31 paying
1511 152 83 25 £1600
1605 159 15 16 a
1630 158 63 22 year;
1705 151 31 30 by
1747 149 42 25 the

1265 197 54 16 new
1330 189 110 24 taxation
1450 189 20 24 it
1482 190 78 23 would
1567 196 46 23 pay
1620 188 91 24 £8825.
1745 187 45 24 All

1265 226 43 26 the
1324 234 102 17 revenue
1442 234 49 17 was
1510 228 24 23 to
1556 234 69 17 come
1644 226 63 23 from
1723 225 65 30 large

1265 264 172 30 unproductive
1456 264 139 32 properties.
1629 263 53 23 The
1710 262 79 29 larger

1265 301 99 26 holders
1382 302 47 24 had
1453 304 58 23 been
1533 303 64 23 most
1617 301 119 25 benefited
1759 300 31 32 by

1265 340 77 29 roads,
1355 339 94 32 bridges
1459 340 49 24 and
1519 340 119 30 railways,
1650 338 50 25 and
1710 338 21 25 it
1741 346 49 17 was

1265 379 57 33 only
1357 380 66 31 right
1451 380 54 25 that
1533 379 59 32 they
1619 378 88 26 should
1733 386 55 23 pay.

1265 417 87 25 Where
1374 418 42 24 the
1436 417 73 25 small
1535 417 85 24 farmer
1642 416 86 30 reaped
1752 415 35 24 £1

1263 454 76 25 benfit
1370 454 60 24 from
1451 454 43 25 the
1520 454 108 30 railways
1649 453 42 24 the
1710 453 80 30 larger

1263 491 99 24 holders
1381 491 87 31 reaped
1491 489 97 26 £1000.
1621 489 31 24 In
1674 489 116 24 Hawke's

1264 527 54 32 Bay
1332 536 48 24 you
1402 528 78 31 might
1501 527 73 25 travel
1597 526 68 25 miles
1687 526 101 24 without

1262 567 84 32 seeing
1356 575 15 17 a
1381 567 85 25 house.
1502 566 62 31 Why
1572 566 89 24 should
1680 567 44 23 not
1747 565 41 25 the

1261 606 65 29 large
1338 604 104 28 pettlers,
1453 604 53 24 who
1517 603 63 24 have
1592 602 111 30 railways
1714 609 74 16 runn-

1261 644 45 30 ing
1316 642 106 32 through
1442 643 59 25 such
1524 642 139 32 properties,
1683 649 48 23 pay
1752 641 38 24 for

1262 680 82 25 them?
1376 680 52 25 The
1458 680 64 31 large
1559 679 150 26 landowners
1740 678 49 24 had

1262 718 91 35 always
1360 719 62 23 tried
1431 720 25 23 to
1465 718 73 23 crash
1546 718 44 23 the
1598 716 72 25 small
1684 718 104 26 settlers,

1263 755 49 26 and
1322 755 33 26 he
1366 756 71 24 could
1444 763 82 17 assure
1538 755 66 24 thorn
1615 754 54 36 thjit
1676 754 41 24 the
1726 761 63 18 town

1263 795 115 25 members
1394 795 50 24 had
1452 794 90 31 always
1555 793 86 32 helped
1652 793 42 25 the
1717 792 71 26 small

1261 829 96 28 settlers
1366 840 67 16 more
1442 832 56 24 than
1508 831 43 25 the
1560 833 102 28 country
1669 830 120 24 members

1261 871 54 24 who
1327 879 58 17 were
1402 870 200 32 representatives
1613 870 26 23 of
1658 869 43 24 the
1724 870 66 31 large

1261 908 162 27 landowners.
1458 909 104 31 Coming
1571 910 61 23 back
1642 911 26 23 to

1424 954 48 17 THE
1484 954 62 16 LAND
1562 954 63 21 BILL,

1262 986 32 25 he
1308 986 59 25 held
1378 985 54 26 that
1449 994 70 23 every
1542 993 65 20 man,
1630 992 95 17 woman
1741 983 49 24 and

1263 1027 66 29 child
1340 1027 26 24 m
1378 1027 40 24 the
1427 1026 90 30 Colony
1527 1032 60 17 were
1593 1032 93 17 owners
1693 1024 26 24 of
1725 1023 65 28 land,

1241 1083 10 9 i
1258 1063 135 29 nterested
1403 1063 27 24 m
1441 1061 65 29 land,
1519 1061 48 25 and
1578 1061 48 25 had
1637 1070 15 16 a
1673 1061 66 31 right
1762 1062 26 23 to

1263 1110 43 23 say,
1315 1102 56 26 how
1379 1102 40 25 the
1430 1101 60 26 land
1501 1100 89 26 should
1600 1101 29 25 be
1637 1100 112 31 disposed
1755 1100 35 25 of.

1253 1140 56 28 -,We
1319 1139 123 27 hadrbeen
1465 1139 76 30 living
1562 1138 95 34 under,.
1662 1145 24 17 a.
1699 1135 98 34 system^

1262 1177 79 24 which
1352 1176 50 25 had
1414 1176 72 32 given
1498 1176 68 24 three
1578 1174 49 25 and
1638 1182 15 17 a
1664 1173 53 26 half
1737 1173 54 25 mil-

1262 1215 51 24 lion
1324 1222 71 20 acres,
1402 1216 24 26 to
1448 1213 152 31 forty-seven'
1618 1212 104 28 settlers,
1733 1225 3 5 •
1742 1211 48 26 and
1796 1220 2 4 •

1261 1252 42 25 the
1315 1251 92 31 Colony
1418 1250 70 25 could
1507 1257 73 17 never
1599 1249 29 25 be
1648 1256 143 25 prosperous

1263 1289 87 27 unlesf
1367 1289 42 25 the
1431 1289 59 25 land
1519 1289 36 32 bej
1566 1288 111 31 properly
1694 1287 94 25 settled,

1262 1327 88 30 people
1359 1326 74 30 living
1444 1326 27 24 In
1483 1325 43 25 the
1533 1325 91 30 ilarge^
1632 1328 76 21 towns
1729 1331 63 17 were

1261 1366 67 32 quite
1339 1373 28 17 as
1379 1365 71 24 much
1461 1362 132 27 interested
1605 1364 26 24 m
1641 1363 43 25 the
1696 1364 58 24 land
1763 1370 27 17 as

1261 1403 44 25 the
1317 1402 74 29 smajl
1413 1404 96 23 settlers
1532 1401 154 26 themselves.
1720 1401 72 25 Land

1261 1442 49 25 had
1317 1442 62 24 been
1391 1441 54 25 sold
1456 1442 26 23 at
1494 1442 30 23 5*
1533 1449 31 16 an
1576 1448 54 19 acre
1649 1440 81 25 which
1741 1448 49 16 was

1261 1489 56 20 now
1327 1481 80 25 worth
1418 1481 53 24 £20
1481 1488 34 17 an
1525 1488 62 17 acre.
1621 1479 65 28 This,
1693 1481 62 23 state
1765 1479 27 24 of

1261 1518 82 27 affairs
1355 1518 86 25 should
1464 1519 45 24 not
1531 1517 124 29 continue,
1679 1517 49 25 and
1750 1515 42 26 tbe

1232 1571 5 2 -
1249 1572 3 3 •
1262 1556 121 32 onlyijway
1395 1557 92 29 to.stop
1498 1555 21 25 it
1531 1563 46 17 was
1588 1557 26 23 to
1632 1562 106 24 preserve
1748 1554 43 24 the

1260 1593 60 25 land
1335 1594 30 23 m
1399 1594 73 24 small
1493 1600 76 16 areas.
1604 1592 31 24 In
1651 1592 38 23 his
1697 1591 51 25 Bill
1759 1590 32 25 he

1256 1630 54 26 .had
1320 1630 113 32 provided
1444 1630 54 26 that
1510 1630 57 25 land
1589 1629 71 25 could
1682 1629 30 24 be
1733 1636 55 24 pur-

1231 1685 10 12 .-,
1260 1669 90 25 chased
1355 1676 33 24 up
1397 1672 24 19 to
1429 1670 47 23 two
1488 1663 112 28 hundred
1612 1674 79 20 acres,
1703 1667 45 24 but
1758 1674 32 16 no

1231 1728 6 8 ,
1263 1713 82 17 crown
1355 1707 77 29 grant-
1433 1712 53 20 was
1497 1706 26 22 to
1534 1704 30 24 be
1571 1703 70 32 given
1653 1703 66 25 until
1738 1710 52 18 cer-

1254 1745 61 34 tain
1345 1745 175 31 improvments
1541 1743 49 25 had
1618 1743 62 25 been
1713 1742 75 25 made.

1262 1782 59 26 Was
1330 1782 50 24 thi3
1398 1782 79 24 unfair
1497 1782 11 23 ?
1543 1781 51 24 The
1621 1781 42 24 old
1684 1780 103 28 settlers,
1796 1783 2 8 '

1261 1821 144 31 Muiseltfqr
1415 1829 47 17 one
1471 1820 48 25 had
1531 1823 25 22 to
1567 1820 32 24 do
1609 1820 58 28 this,
1676 1820 49 24 and
1731 1819 57 32 they

1261 1868 59 16 were
1341 1867 74 17 never
1437 1858 75 26 heard
1533 1860 26 23 to
1583 1857 132 32 complain.
1748 1856 41 25 He

1261 1898 112 32 provided
1383 1920 12 3 -
1410 1899 38 24 for
1480 1905 15 16 a
1499 1921 6 2 .
1513 1921 3 3 .
1524 1896 109 28 deferred
1642 1921 4 3 .
1665 1921 2 3 .
1673 1897 117 30 payment
1796 1922 2 2 .

1232 1936 2 2 ■
1238 1953 3 10 ;
1261 1936 101 30 system,
1374 1934 84 31 giving
1473 1934 84 24 fifteen
1567 1940 71 24 years
1650 1935 25 22 to
1695 1940 46 24 pay
1760 1932 28 29 it,

1261 1974 50 25 and
1321 1973 64 25 what
1395 1981 67 17 more
1472 1972 71 25 could
1563 1972 30 25 be
1614 1971 96 28 wanted
1729 1971 59 25 than

1261 2014 54 25 that
1324 2015 12 24 ?
1370 2013 38 25 He
1420 2014 46 23 had
1486 2013 52 24 also
1562 2011 118 33 proposed
1701 2020 14 16 a
1736 2019 52 24 per-

1252 2052 92 32 ;petual
1354 2052 66 25 lease
1436 2051 105 25 scheme.
1574 2050 49 24 His
1645 2057 85 17 reason
1751 2048 38 24 for

1261 2090 56 26 that
1333 2097 47 18 was
1402 2088 54 26 that
1479 2088 41 26 the
1545 2087 69 26 State
1636 2086 74 26 Could
1730 2086 58 25 hold

1249 2141 2 4 •
1261 2129 94 23 control
1365 2135 57 17 over
1433 2125 98 28 some.of
1536 2126 42 24 the
1588 2124 68 29 land,
1675 2124 49 25 and
1745 2123 43 26 the

1261 2171 108 20 revenue.
1373 2164 76 25 would
1460 2164 29 24 be
1503 2163 28 25 of
1550 2170 42 17 u-e
1614 2165 25 22 to
1662 2161 43 25 the
1726 2161 64 24 local

1262 2203 90 25 bodies;
1386 2203 108 24 Another
1510 2208 85 17 reason
1616 2200 38 25 for
1670 2199 121 30 retaining

1254 2240 51 27 ,the
1324 2239 123 32 perpetual
1470 2238 63 24 lease
1555 2245 47 17 was
1632 2237 102 24 because
1764 2236 26 24 m

1262 2278 41 24 the
1314 2276 80 34 Iforth
1406 2276 81 25 Island
1501 2283 26 16 as
1539 2282 58 18 soon
1618 2281 27 17 as
1663 2273 42 25 the
1727 2272 62 25 bush

1262 2323 50 15 was
1330 2313 101 24 cleared,
1444 2313 148 30 speculators
1624 2311 93 29 bought
1750 2311 40 21 the

1247 2371 4 5 ,
1262 2352 67 26 land.
1361 2352 53 24 The
1426 2351 85 30 Upper
1521 2350 85 25 House
1616 2349 51 24 had
1673 2351 46 27 put
1729 2347 27 25 m
1775 2354 15 17 a

1261 2392 82 25 clause
1354 2390 114 30 allowing
1478 2396 81 17 crown
1570 2389 85 29 grants
1667 2389 26 21 to
1701 2386 33 24 he
1755 2385 32 24 is-

1261 2429 59 25 sued
1331 2436 27 16 as
1370 2435 56 17 soon
1439 2434 27 17 as
1478 2425 42 25 the
1531 2424 65 26 bush
1618 2432 47 17 was
1687 2423 99 25 cleared*

1263 2465 60 26 This
1333 2464 81 27 would
1431 2471 63 25 open
1515 2462 44 26 the
1582 2461 59 26 door
1660 2462 26 24 to
1708 2468 82 24 specu-

1242 2514 3 13 :
1260 2504 85 29 lation,
1358 2502 49 26 and
1418 2502 31 25 he
1472 2500 80 27 would
1574 2507 89 24 oppose
1686 2498 28 25 it.
1749 2498 39 25 He

1262 2545 65 23 went
1337 2542 53 24 into
1401 2540 86 25 details
1495 2538 129 32 regarding
1634 2538 43 24 the
1689 2536 99 25 amend-

1261 2582 82 25 ments
1354 2578 71 25 made
1435 2578 26 23 m
1472 2577 40 25 his
1522 2575 51 24 Bill
1584 2575 31 31 by
1637 2575 43 24 the
1701 2573 86 32 Legis-

1260 2617 76 26 lative
1352 2615 107 28 Council,
1472 2614 87 31 giving,
1565 2612 41 26 the
1617 2619 98 18 reasons
1721 2638 3 3 .
1731 2612 57 30 why

1242 2657 58 24 .he-
1305 2655 71 25 could
1387 2659 45 20 not
1442 2657 82 27 accept
1534 2653 79 24 them.
1648 2650 140 31 Regarding

1262 2694 41 24 the
1314 2697 226 20 one-man-one-run
1550 2689 121 32 question,
1684 2688 30 24 he
1723 2712 4 4 .
1736 2688 55 30 said,

1263 2738 46 18 one
1320 2730 26 24 of
1354 2730 43 24 the
1408 2730 69 30 great
1487 2734 98 17 reasons
1606 2726 72 32 given
1692 2726 98 30 against

1262 2769 49 23 tliis
1322 2764 117 32 wajfctEat
1449 2765 20 24 it
1479 2763 271 31 wolild~l)e~impo3sible
1762 2765 27 21 to

1263 2805 72 23 settle
1346 2804 41 23 tho
1399 2805 102 26 country
1516 2801 79 23 Tinder
1616 2800 51 24 this
1689 2801 98 28 system.

1265 2840 37 25 He
1313 2839 180 32 provi'ledtbat
1508 2845 47 17 one
1567 2844 44 16 run
1622 2836 88 24 should
1720 2843 68 23 carry

1263 2885 34 24 up
1314 2879 26 23 to
1362 2877 90 27 20,000
1473 2876 82 30 sheep,
1578 2876 85 28 except
1685 2873 27 24 m
1734 2872 55 25 wild

1265 2918 109 29 country.
1408 2916 24 23 It
1454 2914 58 25 took
1525 2922 36 16 -as
1583 2921 15 16 a
1619 2914 53 23 rule
1700 2912 90 27 80,000

1248 2960 48 27 ..to.
1304 2954 106 30 10O.OOQ
1421 2960 66 17 acres
1499 2953 26 23 to
1536 2958 70 23 carry
1618 2950 57 25 this-
1689 2951 103 23 amount

1265 2992 26 23 of
1303 2992 78 28 sheep,
1393 2990 50 23 and
1454 2989 49 24 this
1514 2987 70 25 could
1597 2987 84 30 hardly
1693 2987 29 23 be
1733 2987 57 23 call-

1266 3028 30 24 el
1306 3036 14 16 a
1334 3027 74 25 small
1430 3034 54 16 run.
1519 3026 38 23 He
1578 3024 52 24 also
1663 3023 78 24 added
1773 3031 16 16 a

1266 3062 80 28 clause
1366 3064 111 30 allowing
1499 3069 105 17 summer
1626 3060 50 25 and
1705 3061 85 23 winter

1266 3103 106 29 country,
1396 3108 60 16 even
1467 3099 22 24 if
1503 3099 21 23 it.
1545 3106 50 17 was
1625 3099 67 22 three
1719 3098 73 25 miles

1266 3146 74 24 away,
1353 3139 25 22 to
1390 3137 29 25 be
1438 3135 112 25 declared
1561 3142 31 16 on
1604 3136 39 22 the
1660 3142 56 16 run.
1750 3133 40 25 He

1266 3174 48 27 had
1325 3174 49 26 had
1392 3181 15 17 a
1418 3174 68 31 large
1500 3172 140 31 experience
1663 3171 127 32 regarding

1265 3212 80 30 sheep,
1357 3211 48 25 and
1416 3207 30 28 he
1457 3210 78 24 would
1546 3217 74 17 never
1641 3210 102 24 consent
1762 3210 27 23 to

1265 3259 50 24 any
1326 3252 91 29 system
1426 3245 80 30 which
1529 3256 47 17 was
1595 3250 44 23 not
1661 3247 129 26 workable.

1267 3290 39 24 He
1327 3287 137 28 contended
1487 3288 72 30 again
1578 3287 54 24 that
1650 3287 65 26 until
1748 3286 44 27 the

1265 3321 66 31 large
1353 3320 113 32 holdings
1484 3327 62 19 were
1567 3318 92 26 broken
1680 3325 43 23 up,
1750 3318 42 24 the

1267 3360 97 31 Colony
1390 3360 73 24 could
1489 3366 71 16 never
1595 3358 28 22 be
1645 3363 148 25 prosperous,

1270 3398 41 24 Hs
1320 3397 77 25 asked
1407 3397 19 23 it
1442 3397 22 23 it
1485 3403 51 18 was
1555 3402 127 22 necessary
1703 3395 27 23 to
1751 3394 43 23 the

1271 3433 135 33 jrosperiiy
1426 3433 30 24 of
1468 3433 44 24 the
1533 3432 93 30 Colony
1644 3431 39 24 for
1704 3431 91 28 Messrs

1266 3471 106 32 Dalgety
1394 3473 26 22 to
1442 3478 54 17 own
1519 3468 185 26 half-a-uiillion
1724 3475 69 19 acres

1265 3511 29 24 of
1314 3510 70 26 land?
1418 3509 40 23 He
1486 3509 50 23 had
1567 3515 87 24 papers
1683 3507 112 31 showing

1265 3547 70 23 these
1360 3546 41 31 big
1421 3545 141 31 companies
1585 3553 63 16 were
1667 3544 81 35 trying
1764 3546 30 24 to

1265 3584 69 24 drive
1343 3582 75 27 small
1435 3582 97 25 settlers
1541 3584 45 23 oat
1595 3582 29 25 of
1628 3582 44 27 the.
1690 3581 102 34 Colony,

1265 3621 41 25 He
1317 3621 118 25 defended
1446 3621 43 24 the
1499 3620 72 26 Land
1588 3620 38 26 far
1647 3620 147 26 SettletueJait

1265 3659 60 28 Bill,
1338 3659 79 24 which
1439 3665 50 17 was
1510 3657 99 26 thrown
1629 3659 44 24 out
1696 3657 31 31 by
1748 3657 46 32 th^

1265 3703 76 24 upper
1352 3695 76 25 house
1440 3694 49 26 and
1499 3695 54 24 said
1564 3694 56 27 that
1630 3702 69 17 some
1748 3694 44 26 tho

1265 3734 80 26 ablest
1364 3734 137 24 statesman
1522 3732 57 27 that;
1598 3732 62 26 Hew
1681 3732 113 26 Zealand

1263 3772 53 28 had
1324 3779 129 21 everaepoa
1463 3779 61 19 wees
1533 3771 29 27 ia,
1571 3770 86 28 &your
1667 3770 29 28 q£
1703 3772 63 27 smk
1774 3779 18 19 a

1880 167 117 18 measure.
2032 163 40 23 He
2084 163 126 31 explained
2222 164 41 25 the
2271 165 133 31 provisions

1879 198 27 24 of
1914 199 41 24 the
1968 200 47 24 Bill
2026 202 25 22 at
2062 202 162 25 considerable
2239 204 91 31 length,
2355 205 49 25 and

1878 237 140 29 prophesied
2030 237 54 25 that
2095 238 27 25 m
2133 239 43 25 the
2197 240 81 25 future
2292 242 20 24 it
2323 242 80 24 would

1877 273 99 26 become
1986 275 55 25 law.
2075 277 39 24 He
2126 278 79 30 might
2223 287 74 17 nsver
2319 288 39 17 see
2373 282 28 28 it,

1876 312 44 26 but
1931 314 41 24 the
1983 314 47 32 day
2040 317 79 23 would
2131 324 68 18 come
2211 318 68 25 when
2290 320 19 23 it
2322 320 81 25 would

1876 350 27 25 be
1914 352 86 31 passed
2013 353 26 24 m
2059 353 62 32 spite
2143 355 28 24 of
2190 356 41 25 the
2253 357 148 31 Legislative

1875 388 107 26 Council.
2016 390 67 32 Ttey
2104 392 80 24 would
2213 393 63 25 have
2304 395 98 25 noticed

1875 426 54 25 that
1937 435 15 16 a
1963 427 49 24 Bill
2023 428 48 24 had
2081 428 61 24 been
2159 430 85 30 passed
2262 433 26 23 to
2302 432 99 26 reform.

1965 467 48 15 THE
2024 468 156 17 LEGISLATIVE
2191 471 112 21 COUNCIL,

1875 495 29 31 by
1911 495 114 34 reducing
2032 498 42 25 the
2081 500 85 24 tenure
2177 500 27 24 of
2211 501 68 25 office
2289 503 63 24 from
2359 501 45 26 life

1875 538 24 21 to
1911 543 72 17 seven
1999 544 78 21 years.

1979 648 312 28 ODDPELLOWSHIP.

1905 728 52 25 The
1980 730 71 24 usual
2073 731 144 33 fortnightly
2239 732 108 33 meeting
2372 734 27 25 of

1872 767 42 25 the
1936 767 77 33 Loyal
2036 769 41 25 Nil
2099 771 184 31 Despcrandum
2305 772 94 32 Lodge,

1873 805 61 25 East
1945 806 99 29 Oxford,
2067 814 49 19 was
2138 807 59 26 held
2220 818 30 16 on
2275 810 121 32 Saturday

1872 842 57 29 last,
1942 845 26 23 at
1979 844 79 24 which
2070 847 63 23 most
2145 846 28 23 of
2179 846 43 24 the
2233 847 93 25 officers
2348 849 50 24 and

1874 880 91 24 several
1976 880 127 29 members,
2116 882 89 32 (which
2218 884 110 26 included
2339 885 58 25 Bro.

1873 917 29 23 P.
1916 917 31 24 G.
1961 918 132 25 Mchrten's
2105 919 77 31 lately
2203 923 110 23 returned
2335 923 63 23 from

1872 953 42 25 the
1927 952 68 26 Went
2017 955 85 32 Coast)
2125 964 63 17 were
2210 960 104 28 present.
2348 959 50 26 Bro

1872 991 31 25 E.
1927 991 70 25 Horn
2020 992 118 32 presided,
2170 995 47 24 and
2246 995 50 26 Bro
2328 997 68 26 G.M.

1874 1028 60 26 Geo.
1948 1030 89 29 Smith,
2050 1032 48 23 and
2109 1032 64 24 V.G.
2193 1033 48 24 Tiro
2253 1033 28 24 A.
2307 1035 93 25 Baxter

1872 1067 114 31 occupied
1997 1066 65 27 their
2072 1070 131 30 respective
2220 1070 90 26 chairs;
2345 1072 52 25 The

1872 1105 106 24 minutes
1989 1105 27 24 of
2026 1105 41 24 the
2078 1106 111 30 previous
2212 1108 107 32 meeting
2335 1117 62 17 were

1872 1143 57 24 read
1944 1143 49 24 and
2015 1144 139 25 confirmed.
2188 1147 209 31 Correspondence

1872 1181 136 31 respecting
2029 1181 52 25 sick
2114 1182 117 26 members
2263 1185 60 25 with
2356 1187 42 24 the

1872 1217 104 25 medical
2011 1218 143 26 certificates
2187 1222 118 29 enclos.ed,
2347 1231 51 16 was

1872 1255 58 24 read
1947 1255 50 24 and
2016 1256 66 24 dealt
2104 1256 67 25 with.
2205 1258 49 24 Bro
2274 1259 24 24 J.
2319 1259 77 25 Mann

1872 1296 82 25 wrote,
1967 1294 152 32 apologising
2129 1295 37 24 for
2177 1296 39 24 his
2237 1299 159 23 non-attend-

1872 1337 59 17 ance
1952 1332 26 23 at
2000 1331 43 24 the
2066 1333 107 30 meeting
2194 1341 33 16 on
2249 1336 101 23 account
2372 1335 28 24 of

1872 1366 118 30 business,
2014 1368 77 25 which
2112 1377 51 17 was
2196 1372 118 30 accepted.
2347 1372 51 26 Bro

1872 1405 62 25 P.G.
1947 1406 114 31 Aldridge
2080 1407 53 24 who
2155 1415 50 17 was
2227 1407 52 26 also
2301 1409 98 30 absent,

1872 1443 52 29 but,
1936 1444 62 24 ftom
2010 1445 78 25 whom
2109 1453 33 16 no
2164 1446 101 32 apology
2287 1456 48 17 was
2356 1456 43 17 re-

1871 1482 88 27 ceived,
1973 1490 49 17 was
2039 1482 72 25 fined.
2145 1483 111 32 Nothing
2279 1493 65 17 came
2366 1488 30 23 to-

1870 1519 66 24 hand
1947 1519 60 25 from
2029 1521 75 30 Loyal
2126 1521 90 25 Oxford
2239 1522 82 32 Lodge
2342 1531 51 17 res-

1870 1557 98 30 pecting
1978 1557 42 24 the
2032 1557 162 33 Anniversary
2204 1561 123 30 question,
2350 1561 47 25 the

1870 1596 77 24 result
1968 1596 72 31 being
2069 1597 54 24 that
2154 1598 42 23 the
2228 1599 82 31 Lodge
2344 1608 52 17 was-

1872 1632 133 26 somewhat
2037 1633 173 33 disappointed.
2252 1636 53 26 The
2338 1637 58 26 Sick

1872 1669 110 30 Visitors,
2006 1672 49 23 Bro
2077 1672 62 25 P.G.
2162 1674 86 30 Lough
2271 1675 49 24 and
2342 1675 50 25 Bro

1872 1707 139 25 Zweibruck
2023 1710 108 30 reported
2143 1710 65 25 three
2220 1711 120 25 members
2358 1720 35 16 on

1871 1744 43 25 the
1933 1745 51 24 sick
2003 1746 53 24 list.
2088 1747 50 24 Bro
2160 1747 88 31 Lough
2272 1749 121 31 regretted

1871 1782 92 31 having
1973 1785 26 23 to
2010 1785 120 29 complain
2142 1785 27 24 of
2187 1793 17 16 a
2225 1788 69 28 gn»afc
2313 1787 81 31 laxity

1870 1827 89 24 among
1969 1820 51 24 sick
2031 1821 121 25 members
2171 1823 59 24 with
2253 1826 91 28 respect
2367 1827 30 22 to*

1870 1857 63 25 Rule
1942 1858 42 28 47,
1997 1858 101 24 District
2109 1859 47 24 aud
2167 1860 84 31 Lodge
2271 1860 125 32 Bye-laws

1871 1895 20 22 &
1902 1894 78 24 which
1997 1895 114 24 rendered
2121 1896 20 23 it
2153 1899 57 22 next
2220 1900 28 21 to
2256 1898 140 30 impossible

1870 1933 37 23 for
1916 1933 40 24 the
1968 1933 57 24 Sick
2036 1934 107 25 Visitors
2154 1936 26 23 to
2190 1943 68 22 carry
2268 1938 46 22 oat
2330 1936 67 25 their

1870 1969 88 29 duties,
1971 1978 27 17 as
2008 1971 21 25 it
2041 1973 137 23 sometimes
2189 1972 127 32 happened
2338 1973 59 24 thai

1870 2015 15 16 a
1896 2008 102 24 Brother
2006 2008 49 24 had
2066 2008 59 26 been
2143 2009 52 25 sick
2216 2010 37 24 for
2273 2011 83 30 nearly
2378 2019 16 17 a

1870 2044 117 32 fortnight
1997 2045 80 25 before
2090 2046 38 24 the
2140 2047 123 31 presiding
2274 2048 82 24 officer
2364 2056 29 16 or

1870 2084 152 29 themselves,
2046 2084 70 26 knew
2130 2086 119 31 anything
2270 2086 74 25 about
2366 2087 28 25 it.

1870 2123 40 24 He
1928 2123 76 25 would
2026 2124 118 25 therefore
2166 2126 152 23 recommend
2338 2126 59 25 that

1870 2160 41 24 the
1933 2159 94 26 clauses
2048 2161 104 32 relating
2173 2164 25 21 to
2220 2163 121 24 members
2357 2163 39 24 de-

1870 2200 93 30 claring
1994 2208 33 17 on
2059 2201 47 24 and
2150 2201 35 24 off
2227 2202 41 24 the
2311 2203 82 27 funds,

1870 2236 30 25 be
1930 2237 95 32 strictly
2046 2237 120 25 enforced.
2199 2239 49 23 The
2274 2239 125 31 following

1870 2278 121 26 amounts,
2016 2276 57 25 Sick
2100 2276 58 31 Pay,
2194 2277 36 24 £5
2270 2279 44 24 16s
2352 2278 45 25 Bs.

1870 2312 138 30 Delegate's
2020 2321 125 21 expenses,
2159 2314 61 30 10/-,
2233 2314 113 31 Carriage
2363 2323 33 15 on

1872 2351 104 27 Banner,
1999 2352 47 30 8/-,
2069 2352 61 23 total
2152 2352 33 23 £6
2215 2354 28 23 9s
2270 2352 40 25 Bd.
2333 2360 62 17 were

1870 2387 87 31 passed
1989 2387 38 25 for
2058 2390 124 28 payment.
2227 2389 52 24 The
2311 2390 83 32 Lodge

1870 2424 61 25 then
1942 2424 80 26 closed
2032 2425 26 24 m
2070 2425 40 25 the
2121 2426 73 24 usual
2204 2425 70 25 form.

2011 2550 246 35 REVIEW.

1871 2634 140 30 FKANE
2023 2634 208 31 MELTON'S
2255 2634 142 30 LUCK*

1903 2715 44 26 We
1955 2715 133 25 remember
2093 2716 41 24 Mr
2145 2715 77 25 Cottle
2234 2723 55 17 ever
2300 2724 27 17 so
2335 2716 63 31 well.

1872 2755 39 25 He
1922 2756 64 24 lived
1997 2759 25 21 at
2034 2756 60 24 Oust
2112 2756 37 24 for
2169 2763 65 17 some
2255 2763 77 22 years,
2351 2756 50 24 and

1870 2792 120 30 produced
2001 2801 16 15 a
2028 2793 95 23 famous
2161 2792 64 24 Cure
2264 2792 38 24 for
2320 2792 79 24 divers

1871 2829 113 24 ailments
1996 2829 86 31 equine
2091 2829 49 24 and
2149 2828 97 25 human.
2281 2829 45 25 We
2336 2829 64 31 hope

1870 2867 42 24 the
1924 2866 81 31 genial
2015 2867 110 30 patentee
2137 2866 71 24 made
2222 2874 16 16 a
2249 2865 48 32 pile
2314 2869 44 21 out
2376 2870 28 25 of

1871 2904 40 24 his
1947 2902 111 26 Colonial
2070 2903 63 25 Cure
2166 2911 6 20 ;
2183 2902 51 28 but,
2253 2902 28 24 be
2293 2903 55 25 that
2372 2911 27 18 as

1870 2941 21 25 it
1902 2948 64 24 may,
1975 2940 33 25 he
2018 2940 46 25 has
2074 2940 71 25 made
2157 2947 15 17 a
2182 2939 67 25 fresh
2257 2940 71 25 claim
2337 2948 64 23 upoa

1871 2986 44 16 our
1931 2978 153 30 gratitude—
2085 2978 31 25 he
2128 2977 45 25 has
2191 2977 96 26 written
2297 2986 13 15 a
2329 2977 72 25 book.

1871 3015 26 24 It
1907 3016 21 23 is
1936 3023 15 16 a
1959 3014 64 25 work
2034 3015 27 24 of
2069 3014 160 25 considerable
2241 3013 96 32 literary
2349 3022 49 23 pre-

1872 3053 94 24 tension
1968 3066 30 4 —
1999 3061 12 14 a
2022 3051 80 25 novel,
2114 3052 26 23 m
2151 3051 56 28 fact,
2220 3051 58 25 with
2285 3051 58 25 here
2350 3052 50 24 and

1872 3090 70 24 there
1952 3097 16 16 a
1977 3090 61 24 dash
2050 3088 27 26 of
2086 3089 91 31 history
2198 3089 28 24 m
2248 3089 27 27 it,
2298 3091 26 23 to
2346 3089 54 30 give

1872 3135 14 14 a
1898 3128 57 23 tone
1977 3128 26 22 to
2025 3126 42 23 the
2089 3124 85 30 wkqle,,
2235 3124 83 25 Frank
2339 3125 60 24 Mel-

1872 3166 66 25 ton's
2054 3164 20 25 is
2085 3163 33 26 all
2128 3163 76 28 about
2214 3171 16 18 a
2240 3171 52 16 new
2302 3163 98 26 chum's

1872 3203 88 30 doings
1968 3210 61 18 near
2041 3201 139 32 Wanganai
2188 3201 29 25 m
2227 3201 43 26 the
2276 3209 127 24 compara-

1873 3240 76 31 tively
1959 3240 66 31 early
2035 3240 61 30 days
2105 3240 27 24 of
2145 3238 78 26 North
2234 3238 85 26 Island
2337 3238 67 25 civil-

1874 3278 97 28 isation.
2003 3277 41 26 He
2055 3276 55 26 falls
2129 3277 28 23 m
2166 3275 87 25 love—
2253 3276 32 24 he
2306 3276 65 24 rides
2389 3284 15 16 a

1873 3323 90 18 race—
1963 3314 32 26 he
2015 3314 136 34 speculates
2173 3313 28 24 m
2224 3312 145 32 gold-mines
2370 3327 31 5 —

1875 3352 39 25 his
1925 3353 56 29 path
1992 3351 21 24 is
2024 3350 97 27 crossed
2131 3350 63 25 from
2216 3350 58 24 time
2296 3353 26 20 to
2344 3349 57 24 time

1876 3389 31 31 by
1916 3398 17 15 a
1943 3388 92 27 wreioli
2045 3387 26 25 of
2091 3396 17 16 a
2125 3387 89 25 rival—
2219 3387 45 25 but
2283 3386 36 25 all
2341 3386 58 25 ends

1875 3427 133 33 gloriously
2008 3440 33 4 —
2041 3425 47 25 and
2100 3425 41 25 the
2151 3424 64 26 i»ook
2225 3424 60 31 only
2302 3424 73 31 eosia,
2387 3432 15 15 *

1876 3464 111 33 shilling!
2020 3464 21 16 T
2042 3464 32 23 he
2083 3463 92 24 authd*
2195 3462 67 31 gives
2281 3468 30 19 us
2332 3460 69 26 value

1874 3501 40 24 for
1923 3509 46 17 our
1980 3509 94 21 money.
2107 3500 76 27 Great
2190 3506 42 19 are
2239 3499 40 24 Mr
2301 3497 100 26 Cottle's

1873 3546 93 24 powers
1993 3539 27 26 Qt
2048 3536 158 29 observation.
2238 3535 66 25 Here
2332 3534 23 26 is
2386 3542 18 18 %

1876 3577 138 31 specimen:
2017 3591 29 5 —
2046 3589 4 7 -

1998 3614 86 25 doctor
2100 3619 33 17 an
2154 3610 89 32 oddity*
2262 3608 73 25 about
2352 3609 48 24 -ib.9

1872 3653 111 27 2Hediaiu
1993 3651 94 31 height,
2097 3650 58 24 with
2174 3645 161 27 eeasM&nble
2347 3652 39 15 cor

1872 3690 110 32 pulenee-
2014 3688 24 25 A
2069 3684 158 33 prolesfflenal
2262 3688 28 18 <x
2318 3681 79 30 dressy

1873 3734 150 25 itppearanca
2033 3721 50 28 wa^
2092 3728 45 20 no*
2147 3721 42 25 feis^
2194 3721 89 28 strong;
2296 3718 76 33 poiat.
2389 3735 4 4 ,

1878 3782 20 10 4%
1900 3760 219 32 ..,.Hisliber^i^
2135 3765 49 19 was
2201 3764 18 19 a
2238 3752 163 30 #»&&&&

491 47 170 33 OXFORD
703 46 89 32 AND
834 47 105 31 CUST
982 43 225 35 OBSERVER
1249 42 231 38 SATURDAY,
1523 23 187 51 OCTObII
1732 44 45 34 31,
1803 43 74 30 1891
