2460 3850
57 165 44 22 bar
114 168 23 19 to
149 165 42 23 the
209 165 131 23 successful
362 165 178 23 accumulation
559 165 24 22 of

57 203 119 29 property,
189 201 37 24 for
245 202 19 23 it
288 209 46 16 was
355 210 26 15 as
405 201 140 24 unlxiuaded
558 209 26 16 as

55 239 44 24 the
111 239 68 24 mode
190 239 26 24 of
225 240 132 29 exercising
368 240 18 22 it
403 247 49 15 wj»s
470 239 114 30 peculiar.

58 275 53 25 One
122 276 110 31 example
247 277 45 23 will
303 276 89 24 suffice.
427 275 30 25 In
476 285 71 22 going
560 283 23 17 to

57 321 49 22 pay
118 322 12 14 a
142 313 158 30 professional
323 314 42 23 cal!
390 322 30 15 oa
443 322 14 15 a
478 314 56 23 worl
542 314 42 29 ing

56 357 60 16 man
128 351 57 23 with
201 358 14 16 a
228 351 61 29 larg.*
311 351 91 30 family,
426 352 77 22 wlnsa
528 359 56 15 con-

55 387 87 23 tinued
164 388 124 23 ill-health
312 388 47 23 and
389 392 146 26 cmscqujnt
548 388 34 21 in-

55 424 85 30 ability
152 427 25 21 to
190 425 62 23 work
266 425 60 23 hard
338 425 116 22 rendered*
478 425 46 21 h<m
549 421 36 27 ai-

55 463 65 21 most
132 462 130 29 penniless,
275 470 42 14 our
339 461 77 23 friend
438 462 80 22 woild
543 463 41 27 put

56 507 16 16 a
84 499 55 24 suck
150 500 27 23 of
186 500 61 23 flour
257 501 26 22 m
297 500 40 23 the
355 499 85 30 buggy,
454 499 21 23 if
494 499 19 22 it
537 506 47 16 whs

55 544 14 15 a
81 536 59 25 road
163 538 30 23 he
216 537 69 24 could
308 536 64 25 drive
393 544 38 20 on,
455 536 47 23 and.
526 536 60 24 after

55 575 101 30 roughly
170 575 84 30 asking
274 575 41 23 the
339 576 53 20 m.iii
410 580 25 17 to
459 574 69 23 sebile
549 573 35 23 his

57 615 110 24 account,
182 614 26 21 In;
221 612 76 24 would
311 620 91 15 anuver
422 611 37 23 hL>
482 614 103 20 entreat-

56 649 36 23 ies
104 649 37 23 for
153 650 59 22 time
215 650 37 27 .by
273 649 83 29 telling
374 648 50 22 him
448 651 25 20 to
493 648 33 22 lafc
548 648 38 22 his

59 686 58 30 lays
130 687 63 22 work
205 686 18 23 it
237 688 41 21 out
292 685 28 31 by
334 685 118 29 carrying-
462 684 42 24 the
523 685 64 23 Hour

55 723 47 31 bag
114 723 51 24 into
178 723 40 24 the
230 723 82 24 house.
348 722 76 23 When
436 722 40 24 the
491 723 93 29 -recipi-

56 764 43 21 ent
111 761 160 23 endeavoured
280 765 24 18 to
317 760 75 23 thar.k
417 760 48 22 him
489 760 36 23 for
547 760 39 23 his

55 798 124 27 kindness,
205 799 27 22 he
266 797 79 24 would
381 797 92 23 exhibit
515 797 68 23 much

55 842 148 22 annoyance,
217 834 46 23 and
275 835 34 22 rcl
317 843 15 21 if
335 841 31 16 >se
378 835 52 22 mso
454 834 43 22 hK
516 837 66 22 usual

54 872 76 30 rough
151 879 100 16 manner
274 872 26 23 of
320 871 123 29 speaking.
479 870 104 23 Benevo-

54 909 68 24 lence
135 917 45 15 was
193 909 37 22 his
244 909 95 24 motive,
353 914 43 17 not.
407 908 49 23 the.
471 907 113 30 applause

55 954 28 16 or
95 946 89 23 thanks
196 947 26 21 of
233 954 64 18 men,
321 945 46 23 and
391 945 29 22 he
443 945 77 23 would
541 946 43 21 not

57 984 89 23 endure
301 983 41 22 We
367 982 60 22 hnve
450 981 85 24 looked
553 989 33 22 up

57 1023 47 23 and
114 1023 69 23 down
194 1022 40 23 the
247 1022 59 23 book
316 1022 35 22 for
364 1028 13 16 a
398 1020 85 30 desci-i}
492 1022 50 21 tion
562 1021 27 23 of

57 1061 130 27 ourselves,
201 1060 45 24 but
300 1063 25 21 to
348 1060 39 24 the
409 1065 95 25 present
526 1061 58 22 time

55 1108 37 15 we
105 1100 62 23 have
175 1100 84 23 louked
281 1100 26 23 m
325 1099 63 23 vain.
422 1099 110 23 Nevert'n
541 1099 45 22 less

54 1145 34 15 we
99 1137 75 23 desire
186 1139 23 21 to
222 1137 66 23 show
301 1144 14 15 a
333 1136 119 30 forgiving
461 1136 68 30 spirit
537 1135 47 24 and

55 1174 118 24 therefore
181 1173 114 31 cordially
307 1182 21 15 re
337 1183 4 4 -
342 1181 14 14 o
367 1174 83 22 n:m-ii<l
462 1181 44 16 our
517 1173 68 23 read-

57 1219 37 15 ers
106 1213 25 22 to
142 1211 48 29 buy
248 1210 81 24 Frank
353 1210 114 24 Melton's
489 1210 85 23 Luck.'
579 1217 4 7 1

55 1248 63 27 And,
132 1248 65 23 since
221 1256 33 15 we
277 1248 60 23 have
362 1255 66 16 some
451 1255 84 16 reason
559 1248 25 23 to

55 1287 91 24 believe
159 1288 54 23 that
222 1287 48 24 this
285 1287 21 23 is
331 1287 28 29 by
381 1294 33 16 no
436 1294 84 17 means
542 1286 42 24 the

56 1327 47 22 last
127 1326 63 23 work
212 1325 54 24 that
303 1323 50 25 will
380 1325 64 23 issue
466 1325 62 22 from
549 1323 38 24 Mr

57 1362 101 24 Cottle's
170 1362 68 24 facile
250 1370 55 22 ptn,
318 1370 35 16 we
364 1362 153 30 respectfully
528 1370 58 21 urge

58 1407 63 22 upon
135 1399 50 23 him
200 1399 53 23 that
266 1400 17 22 it
295 1399 79 23 would
386 1400 26 22 be
425 1399 55 30 only
502 1399 83 30 neigh-

55 1435 86 30 bourly
153 1438 25 21 to
188 1436 37 22 hit
234 1436 36 23 eff
279 1444 42 14 o.ir
332 1436 87 23 salient
431 1436 79 29 points
522 1437 25 21 ia
570 1444 15 14 a

53 1473 44 24 few
121 1472 68 25 tellia
191 1481 16 22 j
235 1476 133 23 sentences,
393 1481 24 16 so
440 1481 27 16 as
487 1476 24 21 to
519 1481 3 5 ■
533 1474 52 30 give

59 1512 114 31 posterity
187 1520 13 16 a
212 1514 89 21 chance
317 1512 27 24 of
363 1512 174 30 remembering
548 1519 37 16 us.

90 1550 14 13 *
236 1550 115 23 Melton's
363 1549 73 27 Luck,
450 1557 34 18 or,
505 1550 34 22 off
561 1551 25 21 to

59 1586 61 24 New
325 1587 28 28 by
388 1586 73 23 Thus;
496 1585 88 25 CwtfcV.
601 1608 2 4 ,

55 1623 124 25 Auckland
193 1631 39 15 :—
233 1624 34 23 H.
280 1624 78 24 Brett.

154 1758 68 21 THE
242 1758 122 21 WATER
387 1758 98 21 RACE.

121 1840 79 30 (.£?11O1I
219 1848 47 16 OUR
289 1840 228 29 CORRESPONDENT.)

87 1882 13 23 I
113 1890 40 15 &,vn
164 1883 101 29 grateful
278 1885 25 21 to
315 1882 40 23 Air
365 1882 100 24 Dobson
484 1882 38 23 for
544 1882 39 23 his

54 1918 60 24 kiad
125 1918 106 24 remarks
245 1927 63 22 upon
332 1926 40 22 my
395 1919 127 29 imperfect
546 1920 35 22 at-

54 1957 90 28 tempts
162 1957 26 22 to
210 1955 107 25 describe
339 1956 41 22 the
402 1956 118 23 immense
543 1955 42 23 ad-

54 1995 118 27 vantages
194 1993 26 23 of
242 1993 132 30 irrigation.
409 1992 13 24 I
455 2000 39 16 am
530 1994 51 22 also

54 2029 104 30 grateful
169 2032 24 21 to
206 2030 49 23 him
267 2030 37 23 for
315 2030 67 24 three
393 2029 90 30 -things
506 2030 77 23 which
595 2045 3 3 •

52 2066 39 23 his
130 2067 78 22 letter-
235 2067 117 23 contains.
392 2067 81 24 First:
476 2080 30 4 —
510 2067 73 24 What

52 2103 41 24 sh-i
99 2104 16 23 '1
129 2111 34 16 we
186 2103 29 23 do
228 2104 57 23 with
307 2112 44 15 our
363 2105 56 28 boys
428 2105 12 22 ?
457 2105 93 26 second,
553 2118 28 4 —
581 2118 3 4 •

56 2140 52 23 The
120 2141 161 29 comparative
294 2146 50 18 cost
356 2141 26 23 of
392 2149 14 15 a
419 2141 164 30 water-supply

55 2177 49 25 and
116 2178 41 23 the
180 2178 107 23 absolute
302 2178 77 30 -proof
397 2178 53 24 that
473 2187 30 15 an
527 2178 51 24 irri-

52 2214 83 30 gation
147 2214 97 25 scheme
254 2214 48 25 will
316 2223 52 22 pay,
382 2215 47 24 and
450 2216 98 30 thirdly,
550 2229 33 4 —

55 2251 37 33 (as
104 2259 44 16 oar
165 2251 110 24 Minister
295 2253 74 30 says.)
392 2253 40 23 it's
452 2253 131 25 wonderful

54 2288 106 24 clini.itic
176 2288 128 28 influence,
318 2289 46 23 and
376 2297 31 15 ou
421 2289 47 23 tin's
482 2289 61 24 head
570 2291 10 22 [

51 2332 57 22 may
132 2332 42 23 say
198 2326 52 23 that
270 2326 30 22 cli
309 2326 65 22 natio
397 2326 119 23 influence
536 2327 48 23 and

52 2361 103 31 hygiu'au
178 2370 40 15 a.re
240 2362 158 31 inseparable.
434 2363 50 24 The
515 2364 65 24 Hon.

52 2399 81 23 Alfred
141 2398 106 24 Deakins
257 2401 42 21 bus
307 2400 126 23 furnished
444 2402 61 22 most
513 2401 68 24 inex-

52 2436 110 25 hauattvo
174 2441 92 26 reports
278 2438 25 23 to
315 2438 40 23 the
367 2437 123 25 Victorian
502 2437 81 25 Water

54 2475 85 30 supply
151 2474 162 24 commission.
349 2474 51 24 The
423 2475 158 23 information

50 2510 73 25 asked
135 2510 37 25 for
193 2518 47 17 was
262 2510 137 32 'cheerfully
411 2512 118 30 'supplied
552 2512 31 30 by

51 2548 41 26 the
114 2548 98 30 highest
235 2548 97 24 seieiitifi
341 2555 12 16 c
383 2548 141 25 authorities
557 2550 25 23 m

50 2592 68 24 every
141 2588 52 27 part
216 2591 24 18 ot
264 2586 39 23 the
327 2587 71 23 world
424 2588 79 22 where
529 2587 52 24 irri-

52 2622 85 29 gation
148 2622 45 24 has
206 2619 60 26 been
278 2623 109 29 adopted,
400 2623 47 23 and
461 2624 33 23 all
512 2632 70 22 agree

52 2658 54 24 that
128 2658 124 31 irrigation
276 2659 56 25 with
355 2660 139 24 rea.^oiablj
527 2668 54 21 pre-

52 2695 112 26 cautions
176 2696 20 24 is
209 2703 66 18 more
286 2696 74 30 likely
373 2698 22 23 to
539 2699 41 23 the

52 2732 175 25 healthfulness
238 2735 27 23 of
274 2742 15 15 a
301 2734 96 31 locality
410 2735 59 24 than
489 2737 24 23 to
535 2736 46 23 im-

52 2771 52 30 pair
116 2771 26 23 it.
177 2771 105 30 Apropos
305 2772 25 24 m
355 2772 119 24 reference
497 2775 25 21 to
544 2773 39 23 Mr

51 2807 100 26 Dobson
160 2816 12 15 s
191 2808 108 24 remarks
322 2808 26 24 of
368 2808 71 31 Italy.
475 2809 108 32 Quoting

49 2846 64 26 from
125 2846 101 28 Djakin,
275 2848 82 31 Apart,
381 2848 116 28 however,
520 2849 62 24 from

50 2884 45 26 the
108 2884 103 25 familiar
223 2884 125 25 instances
360 2885 26 24 of
397 2885 41 24 the
450 2886 86 30 profits
558 2891 25 22 ot

50 2922 127 30 irrigation
189 2923 26 24 m
228 2923 92 25 certain
332 2922 114 28 climates,
459 2923 20 24 it
492 2924 90 32 maybe

49 2958 97 31 alleged
158 2960 54 23 that
224 2961 40 22 the
276 2960 164 32 agricultural,
454 2962 127 29 opulance,

48 2997 153 25 commercial
224 2997 117 31 stability,
370 2997 47 24 and
451 2999 132 24 successful

49 3034 131 29 enterprise
192 3034 24 25 of
239 3034 42 26 the
304 3035 84 32 people
412 3035 23 25 of
460 3035 122 26 Northern

48 3071 65 32 Italy
125 3080 42 22 are.
174 3072 87 31 chiefly
274 3072 45 24 das
343 3074 24 22 to
391 3073 40 23 the
454 3074 128 29 irrigation

49 3112 101 27 system,
164 3110 79 25 which
245 3110 75 26 ■-.their
330 3112 86 29 genius
424 3110 49 26 and
480 3119 101 23 courage

48 3147 63 26 have
124 3148 60 24 built
196 3156 32 24 up
240 3147 76 26 under
327 3147 104 33 political
445 3149 136 26 conditions

48 3185 28 26 of
86 3185 41 24 the
140 3187 63 23 most
222 3185 96 25 adverse
471 3188 21 23 A
515 3192 66 25 tpwn

48 3222 28 27 of
86 3223 97 29 20,000,
187 3223 83 32 people
281 3223 27 25 m
327 3223 40 26 the
389 3220 114 33 irrigated
526 3224 55 25 Mil-

48 3269 74 19 anese
134 3262 46 26 has
191 3270 68 16 more
270 3270 132 23 apperanee
414 3263 26 25 of
449 3265 132 31 prosperity

48 3300 63 26 than
132 3304 31 20 zT
177 3303 65 23 town
266 3300 25 25 of
320 3302 89 26 00,000
439 3302 83 31 people
555 3302 26 25 m

48 3337 105 29 France,
166 3345 55 23 says
234 3338 25 25 M
281 3338 127 27 Herisson,
419 3338 125 32 according
556 3342 25 21 to

48 3375 84 24 whose
140 3375 147 25 calculation
299 3375 127 31 irrigation
437 3375 46 26 has
505 3377 76 25 added

49 3412 172 28 je66,0Q0,0<.>0
233 3413 25 23 to
270 3411 43 26 the
324 3412 110 25 national
443 3413 90 32 capital
556 3414 27 25 of

48 3448 75 31 Italy.
141 3448 24 25 It
177 3449 44 24 has
233 3449 119 30 certainly
364 3450 91 28 poured
466 3459 13 14 a
497 3451 83 32 steady

50 3486 49 26 and
111 3485 124 26 abundant
259 3487 88 24 stream
371 3486 27 25 of
419 3495 103 17 revenue
543 3489 37 28 in;-

48 3524 102 30 diivctly
172 3525 51 25 into
247 3524 42 25 tho
318 3524 110 27 national
463 3528 116 27 treasury.

49 3562 121 25 Taxation
182 3570 65 22 upon
261 3562 40 24 the
313 3561 58 26 land
383 3561 66 26 itself
466 3570 115 19 amounts
597 3561 1 7 '

50 3601 29 21 to
99 3600 30 22 25
149 3599 49 23 and
221 3600 31 23 80
275 3606 43 22 per
341 3600 55 22 cent
419 3599 26 24 of
462 3600 42 24 the
527 3604 54 22 rent

51 3636 72 24 while
139 3637 43 25 the
193 3639 86 24 tenant
301 3638 89 24 farmer
411 3645 59 23 pay*
492 3639 25 25 m
538 3641 41 24 ad'

50 3675 82 29 dition.
142 3676 140 31 something
294 3678 48 25 like
353 3678 30 23 13
392 3685 43 24 per
444 3680 56 21 cont
511 3679 26 23 of
542 3679 39 25 his

56 3714 55 22 ziett
123 3714 113 28 earnings
249 3714 135 24 eabalat«d-
395 3716 25 22 at
431 3714 113 25 one-fifth
556 3715 28 25 of

54 3749 42 26 Ms
108 3758 68 25 gross
187 3752 106 33 receipts,
312 3752 50 26 and
382 3752 91 27 sei'fcain
495 3752 27 27 of
541 3752 40 28 lug

670 166 109 29 products
802 173 41 17 are
861 168 73 23 taxed
958 176 26 17 as
1016 170 61 25 well.
1113 171 81 25 Land-

670 204 51 24 lord
734 205 49 24 and
795 207 84 23 tenant
892 208 59 23 have
971 208 72 25 borne
1066 211 49 24 this
1138 211 54 24 bur-

671 241 47 24 den
751 244 176 30 courteously,
961 246 48 23 and
1042 248 41 23 the
1126 250 67 29 great

672 282 86 23 strides
770 283 73 23 which
856 282 90 25 Italian
958 286 179 25 manufactures
1149 288 49 24 and

672 320 88 24 Italian
781 329 130 17 commerce
934 323 61 24 have
1018 326 67 23 made
1108 326 89 31 during

673 358 41 22 the
726 358 48 23 last
786 358 95 28 decade,
894 367 41 16 are
954 361 92 31 mainly
1068 362 129 25 attributed

673 400 24 16 to
704 394 47 24 -the
763 396 91 28 prolific
866 396 49 23 and
926 399 92 28 regular
1028 402 95 21 returns
1135 401 62 22 from

673 431 30 22 its
716 431 114 30 irrigated
842 433 154 29 agriculture.
1030 436 53 24 The
1107 436 89 24 South-
1230 454 2 11 (

673 476 42 15 crn
727 470 123 28 provinces
863 472 26 22 of
907 472 90 24 France
1020 473 61 23 have
1103 474 27 24 of
1150 475 48 23 late

674 513 70 22 years
757 507 100 23 suffered
880 509 96 24 terrible
998 517 115 18 reverses.
1148 512 49 23 The

673 543 63 30 yield
771 545 26 22 of
829 546 61 23 wine
923 546 27 23 m
993 544 120 29 Vancluse
1157 549 42 24 fell

676 583 150 27 10,000,000
853 585 97 29 gallons
988 585 25 24 m
1053 588 41 22 ten
1130 595 70 23 years

675 621 62 22 18(5J
750 634 22 3 —
774 621 62 24 1870
848 620 80 32 owing
939 624 25 22 to
977 622 40 25 the
1040 624 157 31 phylloxera;

676 655 67 24 while
756 657 39 22 the
807 658 48 23 loss
876 658 79 31 owing
976 662 24 21 to
1020 660 42 23 the
1083 661 117 30 displace-

678 700 68 17 ment
759 695 131 23 oini;.dder
901 694 30 31 by
943 695 102 31 ana'line";
1049 698 94 24 colours
1143 707 1 13 ;
1162 699 40 23 de-

680 730 66 24 rived
769 731 62 23 from
855 736 38 19 lar
915 740 47 17 was
979 733 124 26 'reckoned
1133 737 25 22 at
1188 743 15 16 a

676 768 152 27 £l,0C0,0i;0
872 776 14 16 a
929 777 66 23 year,
1040 771 74 25 What
1157 773 45 23 has

675 801 87 31 helped
786 809 24 18 to
833 806 92 23 sustain
955 807 63 22 thai-
1053 808 147 30 agriculture
1222 815 2 16 :

674 843 75 22 under
762 843 57 22 sue!)
829 841 82 26 stocks
922 844 45 25 has
1031 854 14 15 v
1068 846 135 31 irrigation.

676 877 60 25 This
758 878 22 24 is
802 879 122 25 indicated
943 882 25 23 m
1000 884 91 23 Several
1127 892 75 24 ways.

678 914 105 32 Though
817 917 139 30 population
990 918 46 25 has
1054 925 6 5 '
1079 912 124 33 remained

650 959 4 5 •
676 953 145 31 stationary,
844 954 117 25 number's
984 956 63 25 have
1069 957 87 25 moved
1177 963 27 19 to

678 989 43 24 the
730 998 5 3 -
744 989 108 25 districts
875 991 26 24 m
923 991 79 25 which
1024 993 126 31 irrigation
1181 995 22 24 is

675 1027 131 30 practiced.
840 1028 49 24 The
903 1037 56 16 area
970 1031 25 23 of
1007 1032 141 25 cultivation
1159 1032 46 25 has

675 1064 48 23 had
735 1072 14 16 a
761 1065 100 29 parallel
882 1066 101 31 change.
1018 1068 38 24 Its
1078 1077 68 22 gross
1167 1067 37 26 in-

676 1108 82 16 crease
769 1102 45 22 has
828 1102 59 23 been
899 1104 98 29 trilling;
1010 1104 44 24 bufc
1076 1107 126 23 neverthe-

680 1138 55 27 less,
749 1137 67 24 there
828 1138 43 24 has
883 1139 58 24 been
954 1148 15 16 a
981 1141 66 30 large
1059 1142 109 25 addition
1181 1145 24 23 to

683 1177 41 23 the
736 1178 135 30 artificially
892 1180 102 23 watered
1015 1182 105 28 portion.
1155 1182 50 24 The

672 1222 13 15 c
694 1222 6 14 )
703 1218 69 26 forage
795 1215 47 23 add
864 1224 123 16 resources
1010 1217 27 24 of
1056 1218 40 24 the
1118 1226 75 23 popu-

682 1253 8 24 -1
706 1255 10 21 t
727 1260 29 17 on
769 1253 43 24 ka\
819 1261 12 17 c
844 1254 18 23 b.
871 1262 25 16 er.
919 1265 4 11 i
932 1255 56 31 qunl
1011 1258 26 22 to
1056 1257 63 23 their
1140 1257 32 24 tri
1181 1257 23 29 .1,

675 1291 55 28 and,
740 1293 27 22 m
779 1293 61 30 spite
851 1293 27 24 of
894 1294 33 24 its
946 1295 110 31 severity,
1078 1295 59 32 they
1158 1304 42 23 ap-

681 1334 59 25 pear
751 1331 25 22 to
788 1330 62 24 have
862 1338 118 17 overcome
991 1332 28 24 it.
1054 1332 56 26 Itiis
1122 1341 15 16 a
1156 1334 48 31 sig-

674 1368 102 24 nificant
788 1369 48 24 fact
849 1370 61 28 that,
923 1371 27 23 m
979 1372 61 29 spite
1063 1373 26 23 of
1111 1372 93 25 Asiatic

676 1405 49 24 and
745 1406 130 23 American
898 1408 167 30 competition,
1088 1409 116 31 irrigated

675 1443 69 24 fields
767 1452 40 16 are
831 1444 72 32 being
927 1446 136 31 multiplied
1085 1448 61 24 both
1149 1448 2 10 :
1174 1449 27 23 m

682 1483 91 23 France
807 1483 49 24 and
889 1485 71 31 Italy.
995 1485 39 24 No
1057 1487 60 24 land
1143 1495 59 17 once

675 1520 104 23 watered
790 1520 47 24 lias
848 1523 115 22 returned
975 1524 27 22 to
1023 1523 43 30 dry
1088 1524 114 31 fanning,

675 1566 33 16 no
729 1559 71 23 canal
807 1559 61 24 'lias
892 1560 59 24 been
974 1562 90 27 closed,
1088 1563 47 23 and
1167 1571 34 16 no

676 1598 87 22 waters
775 1604 41 16 are
828 1596 102 25 suffered
953 1605 26 17 to
1001 1606 48 17 run
1068 1601 29 23 .to
1119 1602 84 23 waste.

829 1634 125 30 irrigation
977 1636 44 24 has
1038 1636 61 24 been
1125 1637 75 24 intro-

642 1679 3 2 •
676 1672 85 28 duced,
774 1673 19 22 it
816 1673 45 24 has
883 1674 58 24 been
964 1676 158 29 maintained,
1146 1678 56 27 and,

676 1711 94 31 though
789 1713 136 24 conditions
947 1714 62 24 have
1031 1714 99 30 altered,
1154 1716 49 24 and

673 1749 115 30 products
799 1749 62 24 have
872 1751 89 28 varied,
984 1751 21 24 it
1027 1752 45 24 has
1095 1753 103 32 steadily

673 1786 123 24 increased
808 1787 32 24 its
851 1795 55 17 area
927 1789 49 23 and
988 1789 42 24 the
1052 1790 89 32 crpital
1157 1792 43 22 'in-

678 1824 78 23 vested
769 1824 26 23 m
807 1825 27 27 it,
847 1826 40 22 the
898 1827 104 29 produce
1021 1827 77 25 raised
1123 1828 40 30 by,
1174 1829 27 28 it,

651 1866 3 2 '
674 1860 48 23 and
745 1862 41 22 the
805 1862 115 27 numbers,
941 1863 27 23 of
988 1863 70 25 those
1076 1874 2 4 ■
1091 1866 108 29 engaged

673 1907 65 23 upon
749 1900 26 26 it,
796 1908 40 17 are
856 1902 128 30 supported
1003 1902 31 31 by
1053 1904 34 23 its
1094 1911 106 18 -mains.

674 1937 55 23 And
739 1945 63 20 now;
817 1938 46 27 Sir,
887 1940 36 21 for
945 1941 39 22 tie
1003 1941 84 23 moral.
1121 1940 13 24 I
1156 1942 45 23 ask

681 1975 63 25 what
756 1982 65 25 'may
843 1977 57 24 New
922 1977 107 26 Zealand
1038 1997 4 3 .
1062 1979 142 32 reasonably

676 2017 87 26 expect
772 2013 21 23 if
805 2014 44 24 she
870 2015 85 30 profits
979 2015 30 30 by
1031 2017 42 23 the
1094 2019 108 29 example

679 2054 36 19 set
727 2050 44 23 her
782 2052 32 29 by
826 2051 98 29 France,
947 2052 72 31 Italy,
1034 2053 98 31 -Egypt,
1155 2054 47 24 and

675 2088 134 23 America?
856 2088 69 32 Why,
963 2090 53 30 just
1050 2091 56 23 this.
1151 2092 50 23 Im-

661 2126 3 3 m
673 2132 25 16 unitym
702 2126 68 29 unity
781 2125 61 24 from
855 2127 41 22 the
913 2127 146 24 destructive
1080 2128 121 25 influence

675 2161 27 23 of
733 2163 121 23 excessive
886 2163 147 29 fioodwater,
1073 2165 127 25 enhanced

674 2199 70 23 T.lue
764 2199 26 23 of
803 2200 72 27 -land,
895 2201 71 30 ready
990 2202 146 24 investment
1163 2202 37 25 for

671 2235 96 31 capital,
779 2236 124 25 increased
914 2238 107 29 product,
1034 2239 48 25 and
1103 2240 91 31 paying

671 2273 112 30 railways
814 2277 148 27 consequent
995 2276 107 23 thereon.
1137 2273 68 28 Nat-'

671 2309 66 23 ional
737 2316 3 9 :
748 2309 58 24 debt
816 2311 55 29 paid
895 2311 41 27 off,
959 2312 49 23 and
1030 2314 108 23 taxation
1161 2321 35 15 re-

673 2347 83 28 duced,
769 2347 121 26 increased
899 2350 143 30 .population
1055 2351 52 23 and'
1125 2351 73 24 flour-

672 2384 79 30 ishing
844 2386 75 24 trade.
953 2389 26 21 A
1002 2388 80 30 b:ight
1103 2389 90 28 future,

672 2423 138 31 impossible
823 2428 24 20 to
858 2425 86 24 realize
956 2434 41 22 say
1010 2434 67 18 some
1093 2428 27 24 of
1139 2436 61 23 your

673 2462 101 24 readers.
809 2463 72 29 Well,
904 2464 14 23 I
940 2464 63 31 hope
1025 2468 52 23 not.
1111 2466 87 32 Equit-

673 2499 54 24 able
738 2500 128 23 land-laws
889 2499 47 25 and
959 2509 114 18 oommon
1096 2503 102 32 honesty

671 2535 27 25 m
709 2537 68 29 place
796 2537 26 24 of
843 2537 41 23 red
906 2541 64 27 tape,
994 2539 48 24 and
1064 2539 134 31 legislative

669 2581 51 22 gas,
748 2574 49 24 and
810 2574 41 25 the
868 2575 149 32 advantages
1040 2579 159 25 enumerated

671 2618 41 16 are
734 2611 108 24 secured.
896 2630 2 3 .
1073 2635 4 2 .
1144 2635 6 3 .
1195 2627 5 3 -

691 2733 133 40 NEWS
840 2734 49 39 OF
900 2735 87 40 THE
1003 2736 172 42 WORLD.

721 2827 22 25 A
752 2827 234 28 SENSATIONAL
999 2830 148 27 SUICIDE.

994 2882 171 32 Washington,

705 2921 62 25 Miss
778 2923 55 28 Eio,
846 2931 14 16 a
874 2923 95 26 Jewish'
987 2925 61 26 belie
1070 2926 27 24 m
1120 2926 76 26 Balti-

672 2972 73 20 more,
759 2965 141 25 committed
920 2966 91 26 suicide
1032 2967 30 31 by
1081 2968 116 32 jumping

672 3006 62 24 from
756 3006 43 26 the
827 3009 42 30 top
903 3008 26 25 of
961 3009 42 26 the
1036 3010 160 33 Washington

674 3052 152 23 monument.

838 3092 199 28 MIGRATION.

704 3143 78 26 Three
793 3144 122 27 thousand
926 3140 96 32 Dakota
1041 3149 94 25 settlers
1156 3157 40 18 are

670 3187 123 30 removing
804 3189 25 23 to
841 3186 123 27 Manitoba
978 3189 48 26 this
1050 3198 95 18 season.

753 3240 22 24 A
795 3240 144 26 SERIOUS
963 3242 151 27 CHARGE.

704 3292 53 26 The
769 3293 51 25 Rev
838 3293 36 24 Dr
895 3294 155 26 Clutterbuck
1072 3295 44 25 has
1137 3297 59 24 been

672 3335 125 30 arraigned
809 3344 32 17 on
854 3336 41 25 the
912 3336 89 32 charge
1024 3337 27 26 of
1070 3337 126 35 obtaining

672 3377 86 26 £1600
767 3378 63 25 from
842 3386 14 15 a
868 3379 53 32 lady
934 3378 30 31 by
985 3387 84 18 means
1089 3380 27 26 of
1135 3380 60 27 false

670 3421 133 31 pretences,
838 3420 24 25 It
888 3421 22 26 is
940 3422 92 30 alleged
1067 3423 52 25 that
1152 3423 43 25 the

654 3480 8 8 
670 3462 99 25 accused
784 3462 50 26 told
847 3462 42 26 the
902 3463 55 31 lady
969 3464 54 24 that
1035 3464 41 26 the
1089 3465 105 27 Govern-

614 3520 14 15 r
652 3510 87 24 /ment
752 3513 45 17 wus
809 3507 93 30 is.utrjg
913 3514 13 15 a
939 3507 31 25 10
987 3514 43 24 per
1052 3509 56 23 cent
1130 3507 64 30 lan,

618 3560 4 11 :
635 3560 4 3 •
653 3567 3 3 .
671 3547 48 25 and
728 3548 55 24 that
794 3548 31 25 he
838 3549 79 25 would
939 3549 77 25 iavost
1039 3550 42 24 the
1103 3559 93 23 money.

670 3589 35 23 fo.-
717 3589 51 26 her,
803 3591 24 24 It
840 3599 66 16 caaie
916 3593 43 23 out
968 3593 27 24 m
1006 3593 111 24 evidence
1140 3594 54 25 that

672 3631 40 25 the
744 3634 100 24 accused
879 3634 113 26 obtained
1025 3640 42 21 the
1107 3643 89 26 money

670 3673 70 26 while
752 3674 184 33 administering
945 3676 41 26 the
1000 3676 31 26 Sa
1041 3680 109 23 pranient
1173 3680 24 25 to

671 3714 41 24 the
724 3715 58 31 lady
792 3717 68 25 when
871 3718 44 23 she
926 3726 50 18 was
985 3726 32 18 on
1039 3720 44 23 the
1105 3727 43 19 eve
1171 3721 26 28 of

669 3755 149 32 undergoing
844 3766 14 18 a
892 3760 133 32 dangerous
1059 3763 133 29 operation.

1285 185 40 24 Mr
1337 185 120 30 Goschen,
1481 182 142 33 Chancellor
1644 192 26 23 of
1689 192 41 25 the
1749 194 56 24 Ex-

1284 227 111 31 chequer,
1408 237 50 16 was
1477 239 13 14 a
1510 231 98 25 witness
1630 234 28 24 m
1678 235 42 25 the
1742 244 61 16 case.

1284 269 50 26 The
1346 271 101 24 accused
1459 281 49 15 was
1520 275 138 26 remanded.
1700 293 5 2 -

1278 381 157 49 COMING
1435 381 84 49 EVENTS
1519 381 22 49 OF
1541 381 259 49 THE

1464 427 152 45 WEEK.

1308 502 116 24 Monday.
1459 502 86 26 Sports
1557 502 113 29 meeting.

1308 538 119 31 Tuesday.
1460 538 102 34 Library
1574 549 59 24 open
1651 543 62 25 from
1737 545 64 24 6.80.

1275 578 63 32 p.m.'
1345 582 25 22 to
1381 583 83 29 B.p.m.

1307 620 159 35 Wednesday.
1485 650 4 1 .
1500 625 67 25 Road
1591 622 87 29 Board'
1687 629 113 30 meeting.

1307 664 94 32 Friday.
1421 691 3 2 .
1436 667 69 24 Band
1517 668 26 23 of
1550 668 79 31 Hope.

1307 708 127 32 Saturday.
1469 709 109 34 Meeting
1588 711 26 24 of
1624 702 40 34 tlie
1739 703 65 34 bes*

1275 750 131 30 perandum
1419 749 91 33 Lodge.

1274 810 11 13 '■
1293 813 3 10 :
1296 824 1 2 -
1325 822 22 4 •■
1384 824 15 6 ■■
1412 819 2 5 ■
1471 808 4 9 ;
1505 804 73 30 "'*♦-•
1594 807 3 6 :
1600 822 43 5 —
1643 823 22 6 —
1668 808 2 10 :
1692 822 2 1 -
1712 818 11 14 .-
1736 817 4 15 i
1762 809 16 23 ■.'-

1339 862 152 26 OPENING
1505 864 43 24 OF
1569 865 71 24 THE
1652 865 81 27 NEW

1428 899 257 32 SALE-YARDS.

1307 975 261 33 ThenewSaleyards
1591 977 93 26 erected
1706 977 32 32 by
1760 977 40 25 Mr

1274 1011 102 32 Ingram
1386 1020 63 17 were
1457 1017 93 27 opened
1560 1022 31 15 on
1601 1014 129 32 Thursday
1742 1016 56 23 last.

1275 1050 49 23 The
1331 1051 102 23 weather
1440 1058 49 16 was
1500 1052 144 30 everything
1654 1052 56 24 that
1728 1051 70 25 could

1275 1086 31 24 be
1327 1086 103 28 desired,'
1446 1105 4 4 .
1458 1090 169 29 consequently
1656 1088 45 24 the
1721 1091 78 21 atten-

1276 1123 74 24 dance
1362 1131 48 19 was
1422 1131 56 24 very
1490 1125 74 30 large^
1599 1125 60 24 Free
1664 1126 4 5 1
1681 1125 119 24 luncheon

1275 1168 50 16 was
1335 1160 112 31 provided
1458 1164 26 21 at
1496 1161 80 25 which
1594 1164 75 23 about
1692 1163 47 24 400
1762 1165 38 22 sat

1275 1198 75 23 down.
1384 1198 79 24 There
1476 1206 46 16 was
1534 1205 32 17 an
1586 1201 70 28 entry
1678 1198 27 25 of
1725 1199 74 24 about

1275 1238 47 22 800
1334 1236 70 24 Head
1412 1237 23 22 of
1448 1237 83 23 Cattle
1550 1238 48 23 and
1622 1239 70 23 3000-
1706 1237 91 31 Sheep,
1825 1259 2 3 .

1275 1273 48 25 the,
1327 1277 96 27 greater
1432 1276 53 28 part
1496 1274 27 24 of
1536 1274 78 23 which
1628 1282 47 16 was
1696 1274 55 25 sold
1773 1276 26 22 at

1277 1317 54 25 very
1340 1310 151 32 satisfactory
1501 1311 79 31 prices
1591 1313 27 24 to
1640 1311 43 26 the
1706 1311 93 26 sellers.

1240 1358 607 30 CORRESPONDENCE.

1277 1527 66 20 While
1351 1527 133 20 our-columns
1489 1533 95 19 .areopen
1602 1534 12 13 o
1623 1528 31 19 all
1675 1534 30 13 we
1723 1528 25 19 do
1765 1528 36 19 not

1302 1558 88 25 identify
1395 1559 99 19 ourselves
1498 1559 52 19 with
1553 1564 42 20 any
1599 1559 94 24 opinions
1698 1559 104 25 expressed

1302 1589 78 16 therein

1357 1624 166 25 MINISTER
1540 1625 43 24 OF
1600 1625 120 25 LANDS.

1312 1707 31 24 To
1366 1706 37 25 the
1414 1707 88 24 Editor
1509 1709 30 28 of
1545 1707 36 24 the

1310 1747 117 28 Sir,—tAs
1440 1757 14 16 a
1466 1749 94 31 regular
1571 1750 134 26 subscriber
1717 1752 25 22 to
1758 1749 43 26 the
1822 1770 9 6 ..

1249 1785 116 25 'Oxford
1377 1785 49 25 and
1438 1786 62 24 Cust
1515 1785 120 27 Observer
1644 1786 17 24 I
1680 1786 54 25 take
1757 1787 43 24 the

1275 1823 85 31 liberty
1373 1823 27 25 of
1409 1823 87 30 asking
1510 1832 47 22 you
1569 1827 26 21 to
1616 1824 46 25 call
1685 1832 15 16 a
1718 1823 82 32 public

1275 1862 106 28 meeting
1393 1862 25 22 to
1434 1860 71 24 make
1524 1855 190 36 arrangements'
1727 1861 39 24 for
1786 1869 14 15 a

1275 1898 98 30 peoples
1395 1897 172 31 Banquet—in
1590 1898 98 24 honour'
1712 1898 26 24 of
1759 1897 42 25 the

1277 1934 112 25 Minister
1397 1933 26 24 of
1429 1934 81 23 Lands
1518 1935 94 24 visit'to
1623 1926 131 33 OxforcL—
1754 1934 47 25 Let
1856 1950 2 4 •

1275 1971 41 24 the
1327 1971 113 31 Banquet
1451 1970 30 25 be
1489 1971 27 23 of
1524 1978 15 17 a
1552 1978 55 23 very
1616 1979 4 4 •
1624 1971 98 25 humble
1741 1971 59 25 des^-

1276 2008 185 31 eription;—and
1470 2007 138 25 thetioketa
1618 2017 42 23 say
1680 2009 36 33 1/-
1735 2010 66 27 each,

1277 2053 27 16 bo
1315 2044 54 25 thai
1379 2053 16 16 a
1406 2053 59 23 poor
1473 2053 58 16 man
1542 2053 55 23 may
1609 2046 69 30 bring
1690 2046 46 25 his:
1746 2046 54 24 wife

1275 2084 22 25 if
1306 2092 28 18 so
1344 2084 184 33 disposed,—no
1540 2087 83 29 strong
1641 2084 80 29 drink,
1742 2086 58 30 only

1277 2121 50 24 Tea
1338 2122 48 23 and
1399 2121 90 25 Coffee.
1522 2122 13 23 I
1547 2121 72 25 think
1641 2122 50 25 this
1713 2122 21 25 is
1758 2121 41 26 the

1275 2158 54 25 first
1340 2158 61 26 time
1412 2158 55 26 that
1478 2158 91 26 Oxford
1583 2159 50 26 will
1655 2159 64 25 have
1739 2159 60 25 been

1275 2197 108 25 honored
1394 2199 29 28 by
1435 2205 14 15 a
1458 2198 55 23 visit
1524 2198 59 24 from
1595 2215 4 3 ■
1606 2206 14 16 a
1642 2198 112 24 Minister
1774 2198 26 23 of

1253 2258 5 2 .
1275 2234 44 25 the
1328 2234 344 33 Crq\ynj^-and.although-he
1682 2242 58 23 may.
1755 2236 44 23 not

1275 2271 30 24 he
1460 2271 29 31 by
1501 2271 42 26 the
1555 2272 145 32 aristocracy
1710 2271 26 26 of
1755 2271 44 26 the

1275 2307 169 28 district,—let
1453 2308 42 23 the
1505 2307 92 24 hewers
1607 2307 26 24 of
1653 2308 74 27 wood,
1751 2312 57 23 and.

1273 2345 103 24 drawers
1388 2345 25 24 of
1424 2347 79 25 water*
1516 2344 60 26 with
1585 2365 3 3 .
1597 2346 41 24 the
1650 2344 109 25 farmer's
1769 2344 28 24 m

1274 2383 42 23 the
1326 2382 178 29 neighborhood
1516 2379 46 27 roll
1577 2390 32 22 up
1620 2382 48 24 and
1687 2383 112 25 welcome

1274 2420 59 26 with
1345 2420 67 31 right
1430 2420 61 31 good
1513 2420 48 27 will
1583 2428 15 17 a
1620 2428 59 17 man
1701 2421 54 25 who
1777 2420 20 25 is

1249 2465 3 4 ■
1259 2465 6 4 •
1275 2457 114 31 dding'so
1401 2458 73 23 much
1486 2457 38 24 for
1534 2458 43 23 the
1599 2457 88 24 benefit
1709 2458 27 23 of
1755 2458 42 23 the
1849 2475 2 3 ■

1254 2499 5 10 '
1275 2493 246 32 Colony<in'general,
1533 2495 48 24 and
1592 2495 43 24 the
1646 2494 71 24 small
1729 2495 67 26 land-

1274 2538 15 18 q
1296 2538 71 16 .vners
1379 2530 24 26 m
1421 2531 140 30 particular.
1564 2545 155 9 —Farmers.
1731 2539 77 20 come.
1847 2538 7 23 ;

1272 2568 48 25 and
1331 2568 60 23 have
1402 2566 43 26 the
1457 2567 70 26 Land
1539 2568 53 26 Tax
1614 2569 125 30 explained
1762 2570 32 30 by

1273 2606 42 24 the
1326 2604 113 28 Minister
1449 2606 38 26 for
1505 2606 79 26 Land,

1469 2644 79 27 Yours
1560 2646 40 28 &c,

1270 2686 38 21 :'
1563 2684 80 25 B.IBCH
1660 2685 102 27 Timber.

1271 2794 187 60 LOCAL
1427 2794 68 60 and
1405 2794 393 60 GENERAL.

1800 2900 25 10 '••■•
1853 2908 2 3 •

1304 2918 124 29 An<jliqan
1454 2921 139 27 Ohuroh.—
1594 2923 45 26 We
1658 2923 59 28 bear
1739 2925 19 26 it
1777 2925 22 24 is

1270 2961 10 26 1
1289 2962 54 31 kely
1355 2963 42 24 the
1409 2963 64 31 Very
1484 2965 52 24 Bey
1545 2965 40 24 the
1596 2966 71 24 D«»an
1675 2966 27 24 of
1707 2966 92 27 Christ-

1277 3005 88 24 church
1378 3006 55 25 with
1446 3006 37 25 his
1493 3006 83 32 family
1585 3008 98 26 intends
1694 3010 25 24 to
1730 3009 72 25 make

1273 3048 87 24 Oxford
1374 3048 38 25 his
1423 3049 121 27 residence
1553 3050 86 31 during
1653 3051 39 26 his
1703 3051 98 34 holiday

1272 3090 62 25 from
1355 3093 75 23 town.
1463 3092 45 25 We
1529 3092 148 26 understand
1701 3094 33 25 he
1755 3095 46 25 has

1272 3132 101 26 se'eoted
1385 3133 48 24 this
1442 3133 99 33 locality
1553 3142 30 16 on
1606 3141 97 20 account
1722 3137 27 26 of
1768 3137 33 25 its

1269 3182 60 22 pure
1334 3177 131 24 'mountain
1478 3177 36 24 air
1528 3178 49 25 and
1598 3179 32 24 its
1652 3187 147 20 reoommen-

1271 3216 15 23 d
1294 3217 60 24 ition
1362 3217 32 31 by
1406 3218 40 25 the
1453 3219 92 31 facility
1555 3227 26 17 as
1599 3221 130 32 peculiarly
1741 3239 3 3 •
1751 3223 18 25 fi
1770 3224 31 23 tt<.
1857 3233 2 11 ;

1271 3258 43 31 ing
1325 3259 36 25 for
1379 3260 173 26 Chrisfceliuroh
1574 3262 119 28 residents'
1715 3264 89 35 during

1273 3302 40 22 the
1326 3309 111 17 summer.

1306 3343 234 25 Entertainment—
1547 3346 39 24 Mr
1596 3347 81 27 Brunt
1691 3349 58 24 with
1760 3349 42 25 the

1273 3386 133 25 asristance
1418 3386 26 26 of
1453 3387 38 24 his
1503 3388 54 24 wife
1567 3396 60 23 gave
1649 3398 15 16 a
1685 3391 117 31 drawing-

1272 3434 67 18 room
1352 3427 195 28 Entertainment
1559 3432 25 23 at
1596 3431 41 26 the
1649 3432 76 26 Town
1742 3434 60 26 Hall

1275 3476 32 16 on
1319 3469 126 32 Thursday
1456 3471 49 24 last
1516 3473 25 24 to
1553 3481 13 15 a
1578 3473 52 25 thin
1653 3474 83 29 house,
1755 3476 47 28 due

1273 3511 129 33 inagi'ftat
1414 3520 108 20 measure
1529 3518 32 21 to.
1567 3515 41 27 the
1619 3516 48 26 fact
1678 3518 55 24 that
1755 3520 47 23 this

1273 3555 66 26 town
1348 3562 50 19 was
1413 3557 44 24 mot
1468 3556 72 27 billed
1563 3558 47 26 and
1616 3569 3 5 •
1623 3579 4 2 .
1633 3566 15 18 a
1670 3560 131 26 misunder-

1274 3596 117 31 standing
1402 3605 26 18 as
1440 3599 25 25 to
1487 3598 42 26 the
1549 3599 65 28 Hall.
1647 3600 51 27 The
1712 3601 89 28 Bnter^

1272 3638 121 27 tainment
1405 3647 49 19 was
1465 3648 57 26 very
1533 3642 69 31 good,
1616 3641 94 30 a»3Mr
1721 3645 80 28 Brunt

1271 3681 138 34 possessing
1431 3682 76 27 talent
1519 3684 27 27 of
1566 3692 56 24 very
1644 3685 59 34 high
1724 3688 76 27 order,

1272 3722 53 26 The
1337 3723 70 26 small
1420 3724 113 29 audience
1545 3726 144 35 thoroughly
1700 3730 102 34 enjoyed

1275 3764 42 28 the
1327 3765 169 35 performance.

1931 198 31 25 St
1977 198 117 30 ANftfcfcws
2106 204 134 27 Chubch—
2239 209 22 24 A
2279 211 108 31 meeting
2398 211 27 24 of

1896 240 42 25 the
1950 242 87 33 Vestry
2048 245 27 25 of
2084 247 48 25 this
2150 249 95 26 Church
2268 259 49 18 was
2327 252 58 27 held
2397 255 25 23 at

1892 284 42 24 the
1945 292 129 26 parsonage
2085 297 31 16 on
2129 291 41 24 the
2181 294 102 31 evening
2305 295 28 24 of
2350 296 71 24 Mon-

1892 325 46 32 day
1948 327 56 30 last;
2017 331 60 23 after
2099 339 67 18 some
2192 337 96 24 routine
2311 338 110 24 business

1892 369 42 23 the
1957 372 103 30 meeting
2081 381 50 17 was
2164 377 130 30 adjourned
2315 381 38 23 till
2377 382 43 22 the

1892 411 122 32 following
2026 414 102 32 Monday
2140 420 26 22 at
2177 419 41 23 the
2229 428 67 17 same
2305 423 71 28 hour;
2390 423 26 24 7.

1893 453 31 22 30
1936 461 16 23 p
1964 461 33 17 in.

1925 505 32 24 St
1969 505 95 27 Mary's
2082 510 145 26 Church.—
2227 513 48 25 We
2298 523 41 18 are
2360 515 58 33 glad
2432 522 3 8 '

1891 549 24 22 to
1928 557 47 21 see,
1981 550 59 25 -that
2057 553 39 23 the
2119 557 62 21 seats
2203 556 25 23 of
2249 557 49 25 this
2317 559 97 25 Church

1890 590 62 25 have
1965 593 58 23 been
2035 593 70 25 fitted
2116 597 55 23 with
2183 597 115 33 kneeling
2319 601 97 28 boards,

1890 640 35 16 we
1936 633 63 32 hope
2010 635 54 24 that
2071 638 48 23 this
2130 639 22 23 is
2162 640 56 28 only
2231 641 41 24 the
2283 642 134 32 begiunihg

1892 674 25 24 of
1928 675 93 25 further
2032 677 212 29 embellishments.
2258 691 5 4 -

1875 748 3 3 .
1923 727 176 28 Subscription.
2105 732 66 26 List.
2174 748 32 4 —
2206 735 76 25 There
2294 737 19 24 is
2326 745 14 17 a
2358 738 55 24 sub-

1887 771 114 29 scription
2011 773 41 23 list
2063 774 56 30 goiu
2120 785 14 19 fe
2142 776 77 24 round
2231 778 96 29 Oxford,
2336 783 25 20 to
2370 780 41 24 de-

1888 811 51 31 fray
1961 821 118 23 expences
2106 817 111 25 incurred
2240 819 30 31 by
2300 821 40 23 the
2362 821 54 25 Rev

1885 853 114 33 Benning
2018 858 24 22 m
2063 859 99 39 making
2182 862 61 29 good
2266 862 100 31 damage
2387 866 25 22 to

1870 922 3 2 .
1887 896 77 31 buggy
1971 898 41 31 &p,
2021 899 31 31 by
2061 899 41 25 the
2112 901 48 25 late
2171 903 117 26 acciden'.
2312 905 42 24 We
2366 906 48 24 sin-

1886 938 77 31 cerely
1974 941 63 24 trust
2047 941 43 25 the
2108 943 82 30 public
2209 945 27 23 of
2253 945 91 25 Oxford
2366 946 47 25 will

1887 978 107 33 liberally
2005 983 141 25 contribute.

493 48 164 31 OXFORD
700 48 88 31 AND
832 49 105 33 CUST
979 50 221 34 OBSERVER
1245 56 230 42 SATURDAY,
1510 61 202 36 -OCTOBER
1755 70 48 35 31,
1848 73 86 32 IS9I.

1887 3640 99 26 Printed
2009 3643 49 24 and
2096 3645 93 26 Publisl
2201 3659 13 12 d
2215 3648 15 23 d
2241 3649 31 32 L/
2299 3650 112 26 Bxwurb

1919 3682 105 27 Holmam
2045 3686 98 28 Parish,
2168 3691 26 22 at
2211 3690 40 24 bis
2269 3691 142 31 BegistereH

1919 3725 111 32 Printing
2042 3728 83 28 Office,
2147 3730 66 30 High
2219 3730 3 9 :
2227 3732 100 27 'Btreeii,
2324 3725 4 12 :
2350 3733 61 29 Bast

1917 3766 97 35 Oxford,
2024 3768 158 36 c^pterbviryi

1892 1157 245 45 PUBLIC
2167 1159 246 48 NOTICE

1889 1253 151 69 NEW
2110 1257 303 71 DRAPERY

1913 1373 65 57 R.
2009 1374 70 53 H.
2108 1375 293 69 PARISH,

1969 1430 34 26 IS
2021 1430 85 27 NOW
2120 1431 165 29 OPENING
2300 1436 46 26 UP
2388 1423 13 20 f

2038 1465 245 62 CASES

2127 1532 68 21 AND

2030 1561 244 59 BALES

1892 1616 54 30 OF
1969 1617 150 31 SPKING
2131 1620 87 30 AND
2239 1621 196 39 HUMMEB^

2001 1661 8 18 *
2043 1658 203 38 DRAPEKY,

1932 1703 73 24 NEW
2032 1707 113 22 SPRING
2175 1709 145 22 MANTLES
2353 1712 61 21 AND

1975 1750 4 5 ■
2026 1741 4 4 '
2038 1740 2 8 :
2066 1747 147 23 JACKETS.

1932 1786 71 21 NEW
2030 1787 113 22 SPUING
2167 1789 67 22 AND
2277 1791 137 22 SUMMER

1864 1822 11 12 '"
1889 1822 3 3 '
1986 1825 4 12 ;
2028 1827 182 23 MILLINERY.
2357 1842 5 9 ■.

1865 1868 32 13 ■••-!
1932 1865 72 21 NEW
2032 1867 113 22 SPRING
2186 1868 66 22 AND
2280 1870 135 23 SUMMER

1864 1904 42 16 --'•■
1944 1903 4 12 ;
2021 1906 96 22 DRESS
2131 1907 107 22 GOODS.

1894 1936 183 37 Sunshades,
2118 1939 148 37 Parasols,
2295 1941 120 30 Under-

1891 1976 142 40 clothing-
2103 1978 133 40 Qarpets,
2317 1982 96 39 Rugs,

1892 2016 153 39 Sheeting,
2061 2018 157 37 Blankets,
2233 2021 181 32 Portmant-

1890 2066 80 25 eaus,
1997 2067 76 24 ■■'•■•;

1889 2095 197 41 MeiiSjßoys,
2109 2099 59 29 and
2182 2100 120 30 Youths
2322 2102 90 30 Cloth

1889 2136 62 39 ing.
1969 2136 107 36 Shirts,
2086 2138 87 36 Hats,
2192 2139 51 30 &c.

1987 2175 130 40 NOW
2157 2178 173 40 OPEN.

1887 2215 50 29 All
1953 2216 101 31 Goods
2083 2218 74 30 Sold
2185 2223 31 26 at
2243 2221 170 32 Wholesale

1888 2256 103 30 Prices
2147 2288 5 2 .
2181 2284 4 4 ,

1888 2295 65 31 One
1969 2296 130 39 Shilling
2113 2299 30 29 m
2158 2300 52 28 the
2220 2302 104 36 pound
2333 2299 79 34 Dis-

1887 2338 93 26 count
1993 2336 50 29 for
2058 2337 78 29 cash.

1870 2468 14 21 ■•:
1925 2473 3 3 ■
2007 2462 4 8 '
2037 2484 2 2 .
2058 2473 3 3 •
2088 2462 93 26 .and-
2221 2479 30 8 .....
2270 2474 3 3 ■

1870 2499 61 27 •■■-*■
2009 2501 277 40 IMZSIsT'S

1924 2550 50 60 I,
1980 2549 71 61 X
2068 2552 282 62 CLOTHING

1884 2676 187 47 MENS
2120 2679 42 44 &
2232 2681 179 47 BOYS*

1868 2750 73 54 ■;;:..•
2057 2744 194 46 SUITS-

1885 2817 227 33 TAILORING
2126 2820 283 37 DEPARTMENT

1929 2903 54 78 IN
2022 2905 60 29 this
2132 2916 68 21 now
2244 2910 167 38 important

1966 2945 118 32 branch
2098 2947 31 30 of
2147 2958 53 28 my
2227 2949 139 35 business
2394 2952 17 33 X

1890 2984 77 29 have
1995 2987 124 28 secured
2146 2987 53 30 the
2235 2999 74 30 very
2343 2987 92 38 best
2434 2984 2 45 4

1887 3027 115 29 cutters
2016 3024 32 30 m
2063 3025 52 32 the
2130 3028 116 39 colony,
2263 3029 148 40 therefore

1887 3074 60 30 you
1962 3075 54 21 can
2032 3066 117 41 depend
2164 3078 82 29 upon
2260 3071 118 40 gettirig
2392 3083 19 19 a

1888 3105 117 39 perfect
2030 3106 47 31 fit.
2119 3107 54 42 My
2206 3110 141 31 selection
2380 3114 33 30 of

1889 3144 75 31 New
1978 3146 134 32 Zealand
2126 3147 133 38 Tweeds,
2303 3151 109 41 Serges

1889 3185 63 32 and
1965 3185 105 41 Fancy
2098 3187 144 41 Coatings
2254 3191 27 31 is
2296 3201 61 21 one.
2380 3195 32 28 of

1890 3225 53 30 the
1956 3226 116 39 largest
2079 3227 33 32 m
2126 3229 53 30 the
2193 3230 120 32 district
2322 3234 90 30 while

1891 3266 16 29 J
1922 3267 164 37 guarantee
2114 3279 52 32 my
2193 3271 99 41 prices
2315 3278 32 24 to
2376 3274 36 30 be

1892 3307 61 30 still
1969 3307 94 30 about
2091 3310 37 29 25
2144 3319 53 28 per
2225 3316 68 24 cent
2319 3314 94 30 lower

1890 3346 76 29 than
1994 3348 98 38 prices
2120 3350 122 40 usually
2270 3352 141 41 charged.

1889 3385 50 31 All
1981 3389 112 30 tweeds
2134 3399 52 23 are
2227 3391 186 43 thoroughly

1889 3426 125 38 shrunk,
2025 3429 222 44 worknianstup
2258 3434 61 30 and
2333 3436 80 40 style

1889 3467 109 29 second
2012 3470 33 29 to
2059 3479 86 23 none,
