3235 4222
192 42 412 293 Hot
741 42 687 293 Lakes
1565 42 1374 293 Chronicle.

428 359 212 37 JOsTID
693 360 501 39 TOURISTS'

443 472 443 87 Circulating
908 473 453 85 throughout
1385 470 126 69 the
1535 469 285 68 Tourist
1867 470 302 70 Resorts
2220 473 79 66 of
2333 474 126 67 the
2504 474 267 70 World.

60 627 57 20 VOL.
132 627 18 17 4.
180 625 40 19 No.
237 626 42 17 171.

1250 622 140 20 IvOTORUA,
1407 621 57 19 N.Z..
1483 619 184 22 WEDNESDAY,
1687 619 17 18 M
1709 619 76 19 AIiCH
1801 620 28 22 11,
1849 621 48 16 1896

2821 627 35 19 PI?
2860 628 203 24 ICE—THREEPE
3067 635 14 18 N
3086 634 32 19 CE

59 711 21 25 BY
94 709 85 24 SPECIAL
205 704 72 47 gjgg
289 708 150 25 APPOINTMENT

87 757 57 27 ASK
169 757 143 25 GROCERS
338 757 56 25 FOR

89 1024 158 25 CEYLON

91 1059 130 25 INDIAN
255 1058 27 26 &
308 1049 14 35 I

89 1094 181 25 BLENDED
308 1084 14 19 0

167 1133 150 19 AWARDED

66 1160 67 24 GOLD
144 1160 55 24 AND
211 1160 94 23 SILVER
318 1160 107 23 MEDALS

79 1202 58 24 Why
151 1202 46 24 buy
212 1200 94 21 Inferior
321 1202 56 19 Teas
392 1202 62 19 when

39 1234 36 20 you
89 1233 42 14 can
145 1229 36 24 get
195 1227 24 20 N.
237 1228 26 19 M.
279 1228 17 19 &
312 1227 53 20 Co.'s
380 1230 24 17 at
418 1228 37 19 the

39 1260 53 15 same
105 1253 66 27 price.
205 1254 35 19 All
254 1254 77 19 others
350 1260 38 13 are
404 1254 50 25 only

38 1281 66 25 copies
122 1280 23 20 in
164 1286 72 17 name,
251 1280 43 20 and
317 1286 38 14 are
371 1280 83 25 pushed

39 1308 28 20 for
80 1307 63 20 extra
156 1306 74 26 profit.

80 1341 12 12 A
101 1341 45 16 proof
156 1340 16 13 of
184 1340 27 13 tho
223 1340 92 16 superiority
327 1340 16 12 of
352 1340 18 13 N.
384 1340 20 13 M.
413 1340 11 13 &

65 1357 38 13 Co.'s
113 1357 38 12 Teas
157 1357 13 12 is
180 1356 26 13 tlio
216 1357 31 12 fact
257 1357 33 12 that
299 1356 74 14 although
381 1356 43 13 there

64 1378 25 9 are
97 1373 79 13 hundreds
186 1373 16 12 of
212 1373 55 16 packet
276 1374 33 11 teas
320 1376 20 9 011
351 1373 27 12 tho
388 1376 27 9 mar-

65 1391 29 14 ket,
113 1390 18 12 K.
144 1390 21 13 M.
178 1389 11 13 (i.
204 1389 40 13 Co.'s
259 1389 39 13 Teas
311 1392 27 10 are
353 1389 17 13 in
387 1389 38 13 such

66 1406 62 13 demand
137 1406 35 12 that
184 1406 36 15 they
232 1405 27 13 sell
271 1405 53 16 nearly
336 1404 88 14 one-fourth

65 1423 15 12 of
96 1423 27 12 tho
139 1422 48 13 -whole
205 1422 16 13 of
238 1421 26 13 tbe
282 1425 24 9 tea
324 1421 87 14 consumed.

39 1442 95 26 SOLD
172 1440 195 25 EVERYWH
376 1442 20 21 E
407 1446 5 11 r
423 1444 5 10 f

120 1558 48 24 Do
180 1557 57 24 not
249 1557 117 28 Forget

84 1668 163 20 CURIOSITY
266 1668 80 18 SHOP
365 1667 46 18 and

176 1696 139 22 MUSEUM,

108 1737 111 24 Opposite
226 1736 78 19 Grand
311 1735 77 22 Hotel,

70 1778 125 26 PRINCES
205 1777 44 27 ST,
260 1776 170 26 AUCKLAND.

442 1788 27 25 m

352 1838 118 23 mmwm

44 1893 25 22 p
95 1893 9 17 I
129 1893 14 16 T
164 1892 13 16 /
200 1892 16 16 11
237 1891 15 17 O
272 1891 19 17 Y
323 1890 77 17 HOT
412 1889 51 20 EL,

44 1918 7 17 S
106 1914 130 19 Wakefield
245 1914 41 21 St.,
297 1913 131 18 Auckland.

37 1946 221 34 NEWMAN
270 1945 194 33 MELOEB

55 2392 70 17 Having
134 2391 51 15 taken
195 2390 28 16 the
232 2390 52 16 above
296 2390 100 16 wellknown
410 2389 53 15 Hotel

37 2414 31 15 will
75 2414 21 15 be
103 2413 40 20 glad
153 2415 16 13 to
179 2417 28 10 see
221 2411 32 16 and
266 2411 79 16 welcome
358 2410 24 16 all
394 2410 27 16 his
437 2410 26 15 old

256 2433 26 15 rts.

111 2455 60 23 Only
179 2455 40 17 the
229 2454 55 18 Best
294 2453 90 19 Brands

75 2479 18 16 of
103 2479 56 16 VViue-
215 2477 62 20 Spiiits
289 2478 38 19 Wept
340 2478 17 15 in
367 2476 56 17 Sleek.

39 2508 121 23 Sparkling
167 2507 94 19 XXXX
270 2507 43 17 Ale
321 2512 30 12 on
357 2505 106 24 draught.

40 2540 28 16 10v.
74 2546 19 13 ly
99 2540 111 16 convenience
216 2539 86 15 combined
310 2539 40 15 wiih
357 2538 66 18 civility
431 2543 15 9 ai
454 2537 10 15 d

50 2563 69 14 cimlorf
129 2563 26 13 tor
162 2564 72 16 country
243 2561 68 15 visitors
324 2557 130 18 audßoaiders.

121 2625 139 16 INSURS
285 2625 93 15 inilTH

38 2660 47 17 THE
91 2660 79 16 SOUTH
180 2659 50 16 HKl'I
237 2658 38 16 ISH
283 2658 76 16 FIKK&
369 2657 96 17 MARINE

108 2681 41 16 Coy.
160 2681 30 15 OF
202 2679 53 17 NEW
264 2679 122 17 ZEALAND.

37 2703 70 16 Capital
361 2702 104 17 £1,900,000

78 2724 93 16 Unlimited
186 2723 74 20 liability
270 2723 17 15 of
294 2722 127 16 Shareholder's.

38 2745 51 21 Being
98 2751 8 10 u
116 2745 75 16 Colonial
206 2744 101 16 Institution
323 2744 62 15 Piofits
397 2749 28 10 are
438 2744 17 15 in-

181 2765 57 17 vested
246 2765 68 21 locally.

38 2788 46 16 Head
100 2788 51 16 Office
375 2785 90 16 Auckland

37 2809 48 16 Local
94 2811 52 19 agent
323 2808 11 16 J
352 2808 27 16 W.
387 2807 79 21 Wrigley

39 2869 20 42 J
61 2869 22 43 J
99 2869 14 17 0
124 2869 69 17 PFM
202 2869 17 17 A
227 2868 18 17 N
267 2868 69 18 AND
357 2867 108 43 j^OKS,

108 2914 133 21 yUEEN-ST.,
270 2914 66 16 UCKL
345 2913 50 16 \NL.

89 2936 139 19 WILLIS-ST.,
238 2935 171 20 WELLINGTON.

57 2979 35 15 The
111 2980 65 19 largest
190 2978 34 16 and
239 2978 37 16 best
291 2978 74 16 selected
381 2977 51 15 Stock
448 2977 18 15 of

41 2999 4 21 '
54 3000 54 20 nglish
122 3000 31 16 and
163 3000 74 16 German
245 2999 70 20 Pianos,
325 2999 35 16 and
374 2999 91 16 American

39 3021 63 21 Organs
110 3022 17 16 in
136 3022 43 15 New
191 3021 80 15 Zealand.

57 3064 37 16 Sole
104 3067 60 17 agents
172 3064 26 15 for
207 3064 45 15 John
263 3063 99 16 Brinsmead
373 3063 32 15 and
418 3062 11 15 S
437 3062 27 16 .us'

38 3085 63 17 Collatd
120 3086 33 15 and
170 3084 67 16 Collord
252 3084 73 17 Ensrlish
343 3084 68 19 I'ianos,
428 3083 37 15 Carl

41 3107 40 16 I'x'ke
99 3107 58 16 Berlin
182 3106 67 18 Pianos,
276 3105 112 17 Schwcchten
409 3105 57 16 Berlin

39 3127 63 20 I'ianos,
119 3128 76 16 Jleiiardi
210 3127 55 16 Berlin
278 3127 70 19 Pianos,
366 3126 52 21 Story
434 3126 32 15 and

40 3147 4 22 '
54 3149 33 16 lurk
97 3149 88 17 American
195 3149 73 20 Organs,
278 3149 20 16 F.
308 3149 64 16 Besson
387 3148 34 15 and
430 3147 35 20 Co.,

42 3170 71 20 London,
124 3171 50 15 Brass
183 3170 47 15 Band
240 3170 121 15 Instruments.

80 3192 50 16 Come
138 3195 33 12 an'i
180 3197 27 10 see
215 3197 30 10 our
253 3196 38 11 new
304 3191 90 20 Shipment
408 3190 17 16 of

157 3213 101 16 Brinsmead
270 3212 69 17 Pianos.

59 3234 98 17 Fac-simile
171 3235 17 15 of
202 3234 28 15 the
245 3234 117 16 Instruments
378 3232 88 16 exhibited

40 3260 14 10 .'it
64 3255 185 20 Hobart-Exhibition,
259 3255 86 19 receiving
358 3254 45 16 Gold
411 3253 55 16 Medal

42 3274 2 24 •
52 3278 18 15 <<d
81 3277 76 21 Highest
174 3277 66 15 awards
253 3276 27 16 for
297 3276 67 18 Beauty
380 3276 18 15 of
413 3274 53 20 Tone,

41 3298 60 17 Tench,
113 3298 31 16 and
152 3298 81 18 Superior
241 3297 128 16 Construction.

63 3320 90 17 VIOLIN
160 3319 106 18 STRINGS
273 3319 16 17 A
296 3318 148 18 SPECIALTY.

41 3342 76 21 Tunings
125 3342 32 16 and
167 3343 64 19 repairs
239 3342 81 16 attended
330 3342 46 20 toby
384 3342 29 15 the
421 3345 45 16 year.

43 3389 54 19 TIIE
108 3389 144 19 NATIONAL
266 3387 138 20 CARBOLIC
413 3387 42 19 DIS-

171 3414 166 20 INFECTANT.

43 3457 42 19 The
104 3457 53 19 best
177 3457 45 18 and
238 3457 112 22 cheapest
367 3455 101 19 Carbolic

43 3480 152 19 Disinfectant
216 3479 95 19 Powder
332 3479 77 18 before
430 3479 38 18 the

211 3503 85 18 Public.

63 3537 87 22 Strong
163 3535 23 18 in
195 3535 83 22 action,
289 3534 120 24 agreeable
423 3534 24 18 in

43 3558 68 20 smell.
144 3558 96 19 Purificc
254 3553 40 23 the
310 3558 33 18 air
360 3558 45 18 and
421 3563 37 17 pre-

165 3582 68 18 vents
244 3581 97 18 disease.

77 3613 214 26 CARBOLIC
311 3613 117 26 SOAP.

104 3654 190 25 WARNOCK
317 3654 87 30 Bros.,

53 3693 97 24 Works:
161 3695 60 19 Coxs
231 3695 79 22 Creek,
323 3693 134 20 Richmond.

44 3727 140 19 Warehouse
193 3726 146 22 Durharn-St,
348 3725 122 19 Auckland

40 3760 224 59 Imperial
321 3775 146 47 motel

84 3834 124 23 FORT
233 3832 199 22 STREET,

174 3861 165 20 AUOKLANI).

66 3923 96 26 Splendid
177 3923 170 19 accommodation
360 3922 32 18 for
404 3921 52 20 Tour-

45 3949 33 19 ibts
87 3951 38 18 and
136 3949 119 19 Travellers.

57 3984 183 33 High-class
263 3982 108 26 Wines
393 3981 61 26 and

150 4016 116 33 Spirits
280 4016 85 31 kept.

84 4090 39 26 W.
158 4090 31 24 H.
219 4088 51 25 PE
285 4088 21 23 A
324 4087 18 24 R
359 4086 22 25 C
400 4085 28 31 E,

165 4125 180 33 Proprietor.

772 885 278 49 ROTOR,UJI.
1096 885 124 46 .NEW
1258 883 272 47 ZEJILJIJSID.

485 974 34 42 I)
527 973 179 18 OTOP.UA.-—Tin's
715 975 104 18 wonderful
827 975 73 18 district
907 976 15 17 is
932 975 130 22 unparalleled
1069 976 20 17 in
1096 976 33 17 tlie
1137 975 70 17 known
1215 974 59 17 world
1283 974 30 17 for
1321 974 32 17 the
1361 973 80 18 number
1450 973 36 17 and
1495 973 72 22 variety
1576 972 20 18 of
1604 972 25 17 its
1637 971 88 19 Thermal
1734 971 84 22 Springs.

507 996 18 20 \j
550 997 26 17 As
585 997 36 17 alu
629 997 39 17 a'th
679 999 59 16 resort
747 998 24 17 its
779 998 108 23 popularity
896 999 15 17 is
919 998 76 23 rapidly
1002 999 112 22 increasing,
1124 998 38 18 and
1174 998 42 17 that
1230 997 80 23 entirely
1328 1003 24 11 on
1365 997 24 17 its
1406 1002 43 12 own
1465 997 70 17 merits,
1552 1002 21 10 ;is
1589 995 83 17 hitherto
1688 995 83 23 nothing
1785 994 35 17 has

481 1020 47 17 licen
537 1019 48 18 done
594 1019 19 18 in
623 1021 32 16 the
663 1026 43 17 way
715 1021 20 17 of
743 1021 121 23 advertising.

503 1043 86 17 Patients
599 1043 90 23 suffering
699 1044 47 17 from
757 1044 85 22 Chronic,
852 1045 100 19 Articular,
962 1045 38 17 and
1009 1045 96 17 Muscular
1112 1044 129 21 rheumatism,
1251 1044 56 20 Gout,
1317 1043 101 18 Rhumatic
1425 1043 56 20 Gout,
1495 1042 44 17 Sliin
1549 1042 91 19 Diseases,
1658 1041 86 19 Sciatica,
1761 1040 44 18 Lum-

481 1066 55 22 bago,
557 1066 110 23 Neuralgia,
684 1066 87 18 Nervous
787 1067 124 21 Exhaustion,
929 1067 79 18 Uterine
1024 1067 98 22 Ailments,
1140 1067 38 17 and
1193 1068 56 21 tardy
1265 1067 140 18 convaleseensc
1422 1066 48 17 from
1486 1067 54 16 acute
1557 1065 80 17 diseases
1654 1070 43 17 may
1714 1064 40 22 rely
1770 1069 50 16 upon

481 1089 100 22 obtaining
589 1089 91 17 immense
688 1090 60 21 relief,
758 1090 37 18 and
804 1092 19 16 in
830 1091 32 17 tlie
871 1091 89 22 majority
969 1091 21 17 of
998 1096 50 12 cases
1056 1098 12 10 a
1077 1091 91 22 complete
1177 1096 48 12 cure.

505 1150 52 16 THE
571 1150 111 17 PRIEST'S
692 1150 146 19 BATH.—This
846 1151 16 18 is
870 1151 87 23 strongly
965 1152 48 17 acid,
1027 1152 111 19 aluminous,
1155 1151 78 22 sulphur
1250 1151 63 20 water,
1331 1150 65 22 acting
1411 1156 20 11 as
1449 1157 10 10 a
1476 1150 92 22 powerful
1584 1148 43 17 skin
1643 1148 104 18 stimulant.
1780 1147 42 18 liot

482 1172 38 17 and
529 1172 42 18 cold
580 1172 87 19 showers,
677 1173 38 17 and
725 1174 81 17 douches
815 1180 31 11 are
853 1174 90 23 provided
952 1175 38 17 and
998 1174 126 23 comfortably
1132 1174 85 17 enclosed
1226 1174 86 21 dressing
1319 1179 62 12 rooms

505 1195 114 17 MADAME
641 1196 125 18 RACHEL'S
787 1197 144 18 BATH.--This
940 1198 105 17 celebrated
1054 1198 70 23 Spring
1132 1198 15 16 is
1156 1204 11 10 a
1182 1197 61 18 Saline
1258 1198 58 16 water
1329 1197 46 17 with
1392 1196 90 21 Silicates,
1497 1196 36 17 and
1546 1195 34 17 has
1597 1201 24 11 an
1635 1195 81 17 alkaline
1732 1194 88 17 reaction.

482 1219 39 16 The
530 1220 58 16 water
596 1219 17 17 is
621 1219 41 17 also
670 1225 23 12 us
699 1219 18 18 id
725 1220 101 23 internally
835 1221 30 17 for
872 1221 25 17 its
905 1221 97 17 beneficial
1011 1221 62 18 action
1082 1226 24 12 on
1114 1221 33 17 the
1155 1220 83 22 kidneys.

505 1242 53 17 THE
579 1242 69 17 BLUE
669 1242 146 19 BATH.—This
830 1244 16 17 is
862 1245 33 16 the
910 1244 72 23 largest
997 1245 77 16 natural
1089 1244 108 22 swimming
1212 1243 46 18 bath
1272 1243 20 17 in
1307 1243 33 17 the
1356 1243 92 17 Southern
1457 1242 130 23 Hemisphere.
1613 1242 19 16 It
1641 1240 69 18 affords
1718 1240 104 18 rheumatic

482 1265 81 17 invalids
572 1272 9 10 a
591 1271 65 11 means
665 1266 20 16 of
693 1266 68 21 taking
769 1267 80 20 painless
859 1267 85 18 exercise,
955 1267 61 17 which
1025 1268 45 21 they
1079 1267 68 22 highly
1156 1266 111 23 appreciate.

506 1288 53 17 THE
568 1288 124 18 SULPHUR
701 1289 105 18 VAPOUR
815 1290 144 18 BATH.—This
966 1291 16 17 is
987 1297 11 10 a
1004 1291 77 17 natural
1085 1291 34 17 hot
1124 1296 77 16 vapour,
1208 1289 68 23 highly
1281 1289 83 23 charged
1369 1289 45 17 with
1421 1289 79 22 sulphur
1508 1294 60 17 gases,
1580 1287 104 18 conducted
1698 1287 41 17 into
1753 1292 11 11 a
1777 1292 33 16 pro-

484 1311 52 22 perly
546 1312 120 17 constructed
674 1312 59 19 chest,
743 1313 19 16 in
771 1313 61 17 which
837 1313 32 18 the
877 1314 31 17 the
913 1313 75 23 patient
996 1313 39 20 sits,
1045 1313 55 18 while
1109 1320 10 11 a
1126 1314 68 17 stream
1201 1313 19 17 of
1225 1312 87 23 palpable
1321 1312 79 22 sulphur
1405 1312 16 17 is
1426 1312 58 21 being
1489 1311 107 22 constantly
1601 1310 98 23 deposited
1705 1316 23 11 on
1735 1310 33 17 the
1773 1310 48 17 skin.

507 1334 52 17 THE
580 1334 60 18 NEW
661 1334 123 19 SULPHUR
804 1336 144 18 BATH.—This
961 1337 15 16 is
989 1343 12 10 a.
1012 1342 46 17 very
1070 1338 65 20 strong
1147 1336 58 17 acidic
1217 1337 59 16 water
1288 1336 20 17 of
1319 1335 47 22 high
1378 1336 132 21 temperature,
1524 1334 37 18 and
1577 1334 87 22 strongly
1681 1332 141 18 recommended

484 1357 18 17 in
519 1363 50 11 cases
587 1358 20 16 of
622 1358 125 18 rheumatism
755 1359 37 17 and
801 1359 56 18 allied
865 1360 85 17 diseases.
976 1360 39 17 The
1023 1360 47 17 bath
1084 1360 58 16 house
1158 1360 15 16 is
1190 1358 75 18 divided
1280 1358 41 18 into
1337 1358 67 18 Ladies
1421 1358 37 17 and
1476 1358 119 18 Gentlemens
1611 1357 129 22 departments
1755 1356 37 17 and
1807 1355 16 17 is

483 1380 77 22 capable
569 1381 19 16 of
596 1381 165 23 accommodating
768 1383 34 16 -100
811 1383 76 17 bathers
896 1383 56 22 daily.

507 1404 53 16 THE
569 1403 163 19 ELECTRICAL
741 1405 251 20 DEPARTMENT.—This
1002 1407 118 22 department
1135 1406 15 17 is
1168 1406 70 22 replete
1254 1406 47 17 with
1314 1406 33 17 the
1363 1407 48 16 most
1425 1405 77 18 modern
1519 1405 107 22 appliances
1643 1405 29 16 for
1688 1404 89 22 carrying
1791 1404 33 16 out

484 1426 75 18 various
568 1427 58 17 fonns
635 1427 20 17 of
663 1428 80 17 medical
752 1428 92 18 electrical
852 1430 102 17 treatment
961 1430 21 17 in
990 1430 49 17 their
1050 1430 86 17 entirety.

508 1449 53 18 THE
568 1449 189 20 HYDROPATHIC
764 1452 117 18 PACKING
886 1452 53 18 AND
947 1453 118 18 MASSAGE
1071 1452 224 18 DEPARTMENT.—A
1301 1453 55 17 series
1362 1453 20 17 of
1387 1458 61 12 rooms
1455 1458 31 11 are
1495 1451 97 18 furnished
1601 1451 38 17 and
1648 1452 27 16 set
1681 1452 56 21 apart
1744 1451 28 17 for
1778 1450 46 18 each

486 1479 36 13 sex,
530 1473 20 17 in
556 1472 55 18 order
615 1474 20 17 to
645 1479 54 17 carry
705 1477 33 15 out
747 1475 37 17 this
790 1475 79 23 importa
874 1478 19 14 nt
898 1476 80 22 adjunct
983 1481 19 13 to
1010 1477 106 17 treatment.
1124 1477 38 16 The
1168 1476 77 18 services
1251 1477 20 16 of
1276 1482 11 11 a
1292 1475 89 23 qualified
1386 1475 96 18 Masseuse
1487 1475 37 17 and
1529 1475 86 17 Masseur
1623 1480 31 11 are
1663 1474 114 18 obtainable.

486 1529 89 17 Resident
583 1529 108 19 Engineer:

554 1548 117 22 CAMiLLE
684 1553 131 22 MALFROY,
825 1555 46 19 Esq.

1375 1532 89 17 Resident
1472 1531 81 17 Medical
1562 1531 169 22 Superintendent:

1450 1555 102 17 ALFRED
1566 1554 120 20 GINDERS,
1701 1553 53 18 M.D.

692 1825 58 24 Two
762 1825 70 24 miles
846 1825 75 31 from
939 1826 122 28 Rotorua,
1083 1825 133 31 adjoining
1230 1826 150 30 interesting
1389 1826 82 23 native
1483 1826 142 23 settlement.

664 1899 171 44 uty
858 1899 108 44 ot
987 1899 42 43 k
1083 1899 174 67 mlm
1312 1899 45 44 H
1382 1899 52 47 U
1472 1899 11 44 I
1523 1899 125 44 tL.

1006 1990 25 23 P
1049 1991 25 23 A
1098 1990 25 23 T
1138 1978 65 35 R~O
1220 1991 33 23 N
1270 1990 21 24 S

628 2021 54 19 Earl
707 2021 26 19 of
754 2021 105 23 Kintore,
887 2021 53 19 Earl
965 2023 26 17 of
1013 2022 100 22 Onslow,
1136 2022 103 23 Marquis
1260 2023 26 17 of
1305 2022 128 24 Drogheda,
1456 2023 60 17 Lord
1537 2021 146 24 G'arrington.

488 2045 88 19 rnHIS
590 2045 94 20 HOTEL
693 2045 37 19 has
740 2045 89 24 recently
839 2046 50 18 been
900 2046 141 24 considerably
1050 2046 102 23 enlarged,
1164 2047 115 23 renovated,
1291 2047 40 18 and
1341 2047 129 18 refurnished
1480 2046 113 26 regardless
1603 2048 21 16 of
1639 2052 94 18 expanse,
1754 2046 39 18 and
1809 2046 17 19 is

493 2067 24 22 _L
554 2072 73 25 widely
637 2071 75 19 known
722 2072 31 18 for
763 2072 27 18 its
800 2071 97 19 excellent
907 2072 177 20 hccouiinodation.
1096 2072 87 22 Cuisine,
1197 2073 33 18 &e.

858 2106 73 23 Here
944 2115 46 15 are
1002 2107 40 22 the
1058 2107 80 30 Chief
1147 2107 88 30 Sights
1246 2107 33 31 of
1286 2108 40 23 the
1338 2107 118 23 District.

615 2148 47 18 The
671 2148 140 18 Wonderful
821 2148 79 19 Steam
909 2149 47 18 and
965 2149 48 18 Hot
1114 2148 129 23 Petrifying
1251 2148 100 23 Geysers
1365 2148 79 23 playing
1457 2148 65 22 nearly
1540 2150 33 16 100
1590 2149 38 17 feet
1643 2148 54 23 high.

486 2171 130 24 Petrifying
627 2171 106 23 Geysers,
744 2171 128 19 Cauldrons
881 2172 26 17 of
914 2172 90 23 Boiling
1013 2172 57 18 Mud
1079 2172 46 17 and
1134 2171 41 19 Oil.
1202 2172 75 22 Spout
1287 2172 65 22 Bath,
1363 2171 36 19 Oil
1408 2171 64 23 Bath,
1483 2171 71 19 Alum
1563 2171 60 18 Bath
1632 2171 20 18 &
1667 2171 79 18 Jack's
1759 2171 65 18 Bath.

487 2195 82 19 Known
579 2197 32 17 for
619 2195 35 19 the
661 2195 155 25 extraordinary
824 2202 57 12 cures
887 2197 21 17 ot
918 2195 149 25 Rheumatism,
1077 2195 119 24 Neuralgia,
1204 2195 114 26 Lumbago,
1327 2195 90 23 Sciatica,
1426 2195 88 25 Kidney,
1526 2195 61 19 Liver
1595 2195 41 19 and
1642 2195 58 19 other
1707 2195 119 25 complaints

603 2229 42 47 C.
673 2232 41 43 E.
736 2229 235 48 .NELSO.N.

896 2287 103 26 Guide

1295 2286 124 33 Sophia.

1432 2230 279 55 Proprietor.

644 2459 402 33 ununumi.
1105 2459 95 32 nu
1230 2459 13 32 :
1321 2459 82 32 sr
1426 2459 260 43 ninuro,

909 2505 37 23 On
970 2505 41 23 the
1035 2505 89 23 Direct
1147 2504 80 24 Route
1247 2508 23 20 to
1288 2505 120 23 Rotorua-

724 2546 45 18 For
786 2545 104 23 Scenery,
908 2545 109 17 Curative
1029 2544 130 24 Properties
1169 2544 24 18 of
1201 2545 39 17 the
1250 2544 73 19 Baths
1332 2545 45 18 and
1385 2544 207 22 accommodation,

632 2576 122 26 EXCEL
785 2576 70 25 ALL
888 2576 139 25 PLACES
1059 2576 46 25 OF
1135 2576 73 25 THE
1243 2576 87 25 KIND
1363 2577 31 25 IN
1426 2576 74 25 THE
1532 2576 160 26 COLONY.

514 2643 66 19 These
590 2642 94 25 Springs,
695 2641 67 19 which
771 2641 32 19 for
813 2641 54 18 their
886 2640 95 19 Curative
992 2640 115 26 Properties
1117 2641 40 18 and
1168 2640 137 20 Comfortable
1314 2641 96 24 Fittings,
1422 2641 52 19 have
1484 2641 49 19 been
1552 2641 128 25 pronounced
1696 2642 28 24 bj'
1739 2642 27 18 all
1782 2642 45 19 who

488 2669 52 19 have
560 2668 75 20 visited
654 2669 55 17 them
726 2673 75 13 second
818 2672 24 13 to
860 2672 54 13 none
929 2672 24 13 in
969 2667 52 18 New
1038 2667 105 18 Zealand.
1171 2666 42 18 The
1227 2673 110 12 numerous
1346 2667 134 19 testimonials
1490 2668 91 18 received
1592 2674 21 12 as
1626 2669 20 17 to
1655 2667 54 20 their
1719 2674 56 13 cures
1785 2669 42 18 and

488 2695 85 19 comfort
586 2694 74 20 should
679 2694 26 18 be
722 2693 98 19 sufficient
838 2695 20 16 to
875 2693 72 18 induce
962 2692 92 20 Tourists
1069 2692 41 19 and
1123 2695 67 16 others
1207 2695 20 16 to
1237 2693 47 18 visit
1295 2693 62 19 them.
1385 2693 33 19 No
1429 2696 57 16 extra
1495 2693 75 26 charge
1580 2694 17 18 is
1607 2694 58 19 mudo
1676 2695 32 18 for
1718 2695 33 18 the
1761 2701 35 12 use
1807 2695 20 18 of

488 2722 35 18 the
534 2721 60 19 baths
605 2724 20 16 to
635 2726 84 19 persons
729 2719 82 24 staying
820 2721 21 17 at
850 2719 34 18 the
894 2718 62 20 hotel.

808 2766 81 26 THE
916 2753 528 39 OKORO'm^SANATORIUM

515 2809 21 19 Is
547 2809 108 19 connected
665 2808 50 19 with
727 2808 34 19 the
770 2807 135 25 Telegraphic
914 2809 75 23 system
999 2807 21 19 of
1030 2808 33 17 the
1075 2806 81 24 Colony,
1167 2807 34 18 the
1208 2807 116 25 Telegraph
1335 2807 61 19 Office
1406 2808 107 25 adjoining
1523 2808 34 18 the
1568 2808 69 19 Hotel.
1665 2808 37 19 All
1709 2808 118 26 Telegrams

489 2835 102 27 promptly
601 2835 78 23 replied
689 2837 26 16 to.

516 2861 96 23 Coaches,
623 2860 99 26 Buggies,
735 2860 39 18 and
785 2859 140 24 Conveyances
934 2860 22 17 of
965 2859 25 18 all
1002 2858 60 19 kinds
1081 2858 57 19 leave
1155 2858 41 19 this
1213 2858 64 19 Hotel
1293 2865 25 12 on
1337 2859 110 25 Tuesdays,
1468 2860 123 24 Thursdays,
1610 2860 41 19 and
1669 2860 118 25 Saturdays,
1806 2867 22 12 or

489 2888 56 25 daily
554 2888 16 18 if
582 2888 102 24 required.
727 2886 87 19 Persons
832 2892 24 11 en
875 2888 57 15 route
951 2886 32 17 for
1001 2884 91 19 liotorua
1107 2891 33 12 are
1159 2882 103 21 therefore
1281 2885 87 19 enabled
1387 2889 19 15 to
1427 2886 47 19 visit
1483 2886 34 18 the
1533 2886 92 19 wonders
1634 2886 21 19 of
1669 2886 102 24 Okoroire,
1788 2887 39 18 and

489 2914 62 26 enjoy
561 2914 34 19 the
606 2912 90 20 Natural
705 2912 43 19 Hot
759 2911 64 19 Baths
832 2911 40 19 and
880 2918 12 11 a
902 2911 57 25 day's
968 2916 41 13 rest
1019 2912 93 24 previous
1123 2914 20 15 to
1154 2910 139 26 undertaking
1303 2917 11 12 a
1324 2911 86 25 journey
1421 2914 20 17 to
1451 2912 34 19 the
1497 2911 73 22 Lakes.

1046 2959 83 16 THIS
1154 2959 121 16 HOTEL

662 2990 45 18 Has
715 2988 90 25 recently
815 2989 49 17 been
875 2987 85 24 erected,
970 2987 39 19 and
1023 2988 18 18 is
1050 2987 76 25 replete
1136 2988 49 18 with
1201 2994 61 18 every
1272 2989 85 18 •ornfort
1368 2988 30 19 for
1408 2988 92 19 Tourists
1509 2988 40 19 and
1559 2988 98 20 Invalids.

519 3016 65 20 Note.
587 3016 118 19 —Tourists
714 3018 21 16 to
745 3013 103 27 Botorua!
875 3013 30 19 Bo
915 3020 46 12 sure
974 3016 21 16 to
1011 3013 47 19 take
1077 3020 51 17 your
1145 3014 84 25 railway
1248 3014 72 19 tickets
1338 3014 32 19 for
1387 3014 113 20 Okokoike.
1538 3014 141 26 Conveyances
1694 3017 53 17 meet
1765 3015 64 19 trains

490 3043 104 23 Okoroire,
605 3043 96 24 carrying
710 3047 120 20 passengers
840 3043 20 15 to
871 3039 63 19 Hotel
943 3040 44 18 free
1002 3040 21 18 of
1032 3041 81 24 charge.

615 3310 59 52 E.
747 3305 475 57 ROBERTSON
1290 3306 161 53 AND
1498 3307 206 55 CO.'S

749 3368 245 42 EXPRESS
1029 3368 134 38 LINE
1199 3368 70 40 OF
1305 3370 265 39 COACHES.

493 3424 229 56 Carrying
740 3423 97 46 .Her
862 3420 253 56 .Majesty's
1150 3420 135 46 .Mails
1319 3433 50 34 as
1408 3434 82 43 per
1519 3423 311 51 Time-tables,

491 3528 106 21 Tauranga,

491 3551 25 17 Te
525 3549 59 21 Puke,

491 3574 26 17 Te
526 3573 57 21 Pyke,

492 3598 90 18 Rotorua,

492 3620 90 19 Rotorua,

491 3643 26 17 Te
526 3643 58 19 Puke,

492 3667 26 17 Te
527 3665 59 20 Puke,

493 3690 106 21 Tauranga,

657 3482 272 20 TAURANGA-ROTORUA
943 3481 68 17 LINE.

650 3525 65 22 depart
762 3523 86 22 Tuesday
856 3522 38 16 and
902 3521 95 22 Saturday
1053 3522 10 15 8
1072 3526 44 12 a.m.

650 3548 57 18 irrive
794 3559 12 8 ~
950 3558 11 7 ~
1011 3545 52 16 10.,30
1072 3550 44 11 a.m.

650 3571 64 23 Jepart
794 3582 11 8 ~
949 3580 12 9 »
1011 3568 52 16 10.45
1071 3573 45 11 a.m.

650 3594 59 18 arrive
794 3605 10 8 ~
949 3604 11 7 ~
1052 3591 11 15 0
1069 3596 47 16 p.m.

650 3618 62 20 lopart
759 3615 85 23 Monday
860 3614 38 18 and
914 3613 71 23 Friday
1052 3614 10 17 7
1071 3619 44 12 a.m.

650 3641 55 17 irrivo
792 3651 11 9 ~
947 3650 11 8 ~
1009 3637 52 16 12.30
1069 3641 46 17 p.m.

650 3664 62 22 lepart
792 3675 11 8 „
947 3673 11 8 „
1009 3660 51 17 12.45
1069 3665 45 16 p.m.

651 3687 56 18 irrive
790 3698 12 7 ~
945 3696 12 8 )>
1020 3683 40 17 3.15
1069 3688 46 16 p.m.

1164 3521 84 17 Rotorua

1164 3545 98 16 Ateamuri

1163 3567 93 18 Wairakei

1163 3591 71 22 Taupo,

1163 3614 70 22 Taupo,

1163 3660 103 20 Ateamuri,

1163 3683 90 21 Rotorua,

1340 3482 216 19 ROTORUA-TAUPO
1573 3484 70 18 LINE,

1331 3523 39 21 part
1417 3523 118 23 Wednesday
1552 3524 38 16 and
1611 3524 96 23 Saturday

1419 3615 98 23 Thursday
1532 3616 38 17 and
1586 3616 85 18 Monday

1772 3531 3 11 i
1788 3531 43 11 a.m.

1775 3554 56 11 noon.

1749 3573 25 20 •J.
1782 3573 8 20 5
1798 3573 33 20 p.m.

1767 3596 10 15 5
1785 3600 46 17 p.m.

1765 3618 10 16 7
1788 3624 43 10 a.m.

1750 3641 29 16 8.5
1789 3646 42 11 a.m.

1729 3664 51 16 11.30
1788 3669 43 12 a.m.

1737 3686 41 18 4.30
1787 3693 44 16 p.m.

662 3741 125 34 Special
801 3741 229 30 Conveyances
1044 3739 157 31 arranged
1213 3738 49 26 for
1274 3740 34 25 at
1321 3739 52 26 the
1387 3740 146 26 Shortest
1546 3740 121 26 Notice.

818 3775 200 30 STABLES:
1037 3775 167 26 Tutanekai
1233 3777 110 30 Street,
1366 3777 141 26 Rotorua.

658 3822 113 33 Buggies,
789 3818 117 32 Geaefyes
923 3817 52 32 ar?d
993 3816 95 28 Saddle
1214 3826 31 23 or?
1263 3818 51 30 fyire
1331 3826 31 24 or?
1381 3818 44 32 tt?e
1444 3818 118 32 Shortest
1582 3818 94 33 I^otice.

979 3860 129 16 TERWS
1136 3860 216 18 OTODERKT6.

844 3892 145 30 Telegrams
1001 3890 52 22 and
1063 3890 99 22 Letters
1170 3890 150 31 punctually
1333 3890 117 24 attended
1459 3893 28 22 to.

494 3963 77 32 N.B.
607 3961 115 26 Please
735 3959 74 25 note
822 3957 132 26 address

726 3996 459 70 ROBERTSON
1317 3997 126 66 CO.,
1482 4006 234 48 Rotorua.

824 4076 306 44 contractors
1154 4071 75 45 for
1244 4072 182 47 .Messrs
1448 4072 43 44 T.
1515 4072 126 47 Cook,
1662 4073 47 47 &
1730 4074 102 47 Son.

2044 719 58 24 Hot
2130 719 96 25 Lakes
2245 720 33 25 of
2296 720 70 25 New
2385 720 143 26 Zealand.

1983 869 28 18 IS
2025 870 22 17 A
2060 869 191 19 FIRST-CLASS
2264 870 205 18 TEMPERANCE
2483 870 106 19 HOTEL.

1933 907 237 23 HIN6MOH
2187 908 198 24 STREET,
2405 908 239 24 ROTORUH.

1844 971 83 24 rpnis
1939 972 61 17 NEW
2012 972 54 18 AND
2080 972 189 18 COMFORTABLE
2281 972 216 18 ESTABLISHMENT
2505 973 17 17 is
2531 973 82 17 situated
2620 973 21 17 in
2650 973 33 17 the
2690 978 42 12 new
2742 971 2 29 j

1851 991 19 23 J.
1905 995 96 23 township
2010 996 20 17 of
2038 995 89 21 Rotoru.i,
2138 995 48 18 close
2196 997 19 15 to
2224 995 33 17 tho
2265 995 127 18 Government
2408 995 120 18 Sanatorium
2540 996 38 17 and
2591 997 65 20 Batlis,
2671 995 61 18 which
2742 991 2 27 j

2164 1018 91 22 comprise
2264 1018 31 17 the
2304 1018 106 17 celebrated

1843 1047 93 18 Priest's
1945 1047 66 21 Bath,
2024 1047 107 18 Madame
2140 1047 86 18 Rachel
2236 1047 76 21 Baths,
2324 1047 139 18 Chameleon
2472 1047 95 18 Douche
2577 1047 66 22 Bath,
2659 1047 73 23 Large
2743 1047 1 23 .

1914 1070 56 18 Blue
1980 1070 137 23 Swimming
2126 1070 66 22 Bath,
2209 1070 102 23 Sulphur
2323 1070 95 22 Vapour
2427 1070 61 18 Bath
2496 1070 46 19 and
2551 1070 111 19 Galvanic
2742 1070 3 23 ;

2201 1093 96 22 Battery
2306 1093 66 22 Bath,

1844 1117 69 17 OVER
1925 1117 92 17 WHICH
2034 1117 85 17 LARGE
2136 1117 118 16 BATHING
2271 1116 140 18 PAVILIONS
2431 1117 72 17 HAVE
2524 1117 69 17 BEEN
2613 1117 119 17 ERECTED

1949 1140 45 17 with
2004 1145 100 12 numerous
2113 1140 92 21 Dressing
2220 1140 75 18 Rooms,
2305 1141 35 16 etc.
2366 1140 75 17 Besides
2450 1140 52 17 these
2510 1141 5 16 1
2521 1140 42 17 here
2571 1141 16 16 is
2596 1140 32 17 the

1844 1163 134 18 Pain-killer
1992 1162 65 23 Bath,
2073 1162 133 23 Coffee-pot,
2221 1162 131 18 Cameron's
2366 1162 45 18 and
2427 1162 127 19 Hinemaru
2568 1163 73 18 Baths
2655 1162 23 19 in
2693 1162 39 18 the
2743 1160 2 25 i

2147 1185 150 19 Sanatorium
2314 1185 114 19 Grounds.

1844 1231 113 19 Bathgate
1977 1230 73 19 House
2066 1230 38 19 hns
2119 1230 52 19 been
2191 1230 79 24 greatly
2287 1230 97 24 enlarged
2399 1230 32 19 for
2447 1230 91 19 Tourists
2555 1237 23 12 as
2596 1230 46 19 well
2660 1237 21 12 as
2702 1230 13 19 f.
2723 1237 10 12 r
2744 1228 1 26 '

2081 1256 71 25 people
2166 1256 72 25 taking
2249 1263 11 12 a
2270 1263 69 12 course
2350 1257 21 18 of
2380 1256 33 19 the
2425 1256 71 19 Baths.

2099 1290 132 19 TERMS
2252 1291 229 20 MODERATE.

2023 1337 52 34 S.
2123 1337 52 33 T.
2434 1338 121 37 NT,

2168 1381 242 18 PROPRIETOR.

1846 1408 48 19 N.B.
1919 1409 52 18 Most
1980 1409 21 18 of
2008 1409 54 18 those
2071 1410 42 17 who
2121 1410 44 17 visit
2174 1411 74 17 Brent's
2257 1411 24 17 do
2290 1418 20 11 so
2319 1413 84 22 through
2411 1413 34 17 the
2458 1413 47 18 kind
2518 1415 181 18 recommendations
2716 1415 19 17 of

2185 1435 87 19 previous
2281 1437 107 16 customers.

1932 1849 50 25 WM

1974 2055 55 21 ms.

1926 2062 71 26 trnm

1842 2092 89 29 '
2020 2092 17 29 '1;

2170 2440 54 39 111

1951 2659 165 36 QUEEN
2144 2660 203 35 STHEET,
2366 2660 275 32 AUCKLAND,

2079 2700 107 19 UNDER
2199 2700 74 19 NEW
2286 2700 225 20 MANAGEMENT.

2067 2732 455 64 cJOSEPjTXeRJIE,

1978 2810 61 26 (Late
2049 2811 20 18 of
2079 2811 34 18 the
2123 2811 57 19 Lako
2190 2811 72 19 House
2276 2811 41 19 and
2331 2811 74 19 Palace
2415 2811 79 23 Hotels,
2505 2812 109 25 Rotoruu,)

2097 2843 50 17 Has
2152 2843 52 22 just
2212 2843 72 18 taken
2296 2848 56 13 over
2360 2843 48 17 this
2417 2843 76 19 Hotel.

1851 2865 129 18 Travellers
1989 2865 47 18 will
2044 2865 47 18 find
2100 2871 71 18 every
2179 2866 97 18 Modern
2286 2865 160 20 Convenience
2456 2867 122 18 combined
2584 2867 58 18 with
2648 2867 93 23 Civility

2155 2889 47 18 and
2208 2890 97 22 Prompt
2312 2889 122 19 attention.

1877 2933 43 19 The
1932 2933 97 19 situation
2039 2934 21 18 of
2076 2934 34 18 tho
2126 2933 125 19 Waveuley
2269 2934 83 19 renders
2371 2935 16 17 it
2406 2934 96 25 specially
2521 2935 120 19 convenient
2659 2935 33 19 for
2706 2935 34 19 the

1851 2959 119 25 Travelling
1979 2959 74 19 Public
2062 2960 41 19 and
2120 2959 88 21 Visitors
2225 2964 20 15 to
2263 2960 34 20 the
2314 2960 46 25 City
2376 2961 52 18 from
2445 2961 33 18 the
2495 2960 90 25 Country
2602 2961 28 25 by
2650 2961 52 19 train
2719 2968 22 12 or

1851 2988 92 17 steamer.

1853 3011 103 30 Special
1966 3011 206 30 Arrangements
2182 3012 75 23 made
2267 3013 39 23 for
2319 3012 45 23 the
2379 3013 177 23 convenience
2570 3013 28 23 of
2610 3013 129 23 Families.

2046 3052 200 16 MIGHT
2291 3052 262 17 PORTER.

1855 3092 73 25 First
1970 3093 60 26 lass
2047 3094 116 25 Billiard
2180 3094 118 25 Rooms.
2336 3094 100 25 Wines
2449 3095 60 24 and
2526 3095 109 29 Spirits
2648 3095 33 24 of
2687 3094 53 25 the

1933 3128 69 24 best
2018 3127 124 25 Brands.
2188 3127 170 25 Hancock's
2380 3127 82 25 Prize
2477 3127 103 25 XXXX
2596 3128 68 24 Ales

2126 3159 113 33 always
2258 3166 37 19 on
2323 3160 140 31 draught.

1842 3278 1 26 j
1855 3278 80 19 Under
1942 3279 40 18 the
1989 3279 170 23 distinguished
2166 3280 127 23 patronage
2301 3279 27 19 of
2330 3279 43 19 His
2379 3279 139 25 Excellency
2527 3280 62 19 Lord
2598 3280 143 24 Carrington,

1879 3310 120 18 Governor
2008 3310 26 18 of
2040 3311 100 22 N.S.W.,
2151 3311 46 18 and
2206 3311 60 18 Lord
2283 3311 95 19 Onslow
2387 3311 119 19 Governor
2515 3312 26 18 of
2547 3312 59 18 New
2615 3312 103 18 Zealand.

1857 3448 323 97 STM
2307 3446 434 99 tIOTGL.

2018 3587 576 36 TKURHNCR.

1858 3661 85 29 THE
2102 3661 17 18 is
2129 3660 129 26 pronounced
2268 3661 28 25 by
2311 3661 26 19 its
2347 3661 87 19 Patrons
2452 3664 20 16 to
2487 3661 25 19 be
2528 3661 35 19 tho
2580 3661 45 19 best
2638 3661 52 19 built
2705 3661 40 19 and

1865 3681 18 23 A
1927 3688 43 18 best
1980 3687 106 19 furnished
2097 3687 63 19 Hotel
2170 3687 21 18 in
2200 3687 35 19 the
2244 3687 68 19 North
2321 3687 77 19 Island.

1890 3713 136 26 ]pX*iv3,tß
2040 3713 105 26 Suites
2185 3713 133 25 Apartments
2327 3714 32 18 for
2370 3713 101 19 Families.

2173 3746 101 30 Sample
2288 3747 95 23 Rooms
2405 3747 32 19 for
2450 3747 132 20 Commercial
2594 3747 123 20 Gentlemen.

1856 3780 89 20 Coaches
1954 3780 57 19 leave
2021 3780 34 19 the
2066 3780 62 19 flotol
2137 3780 32 19 for
2185 3782 34 18 tho
2231 3781 68 19 Lakes
2318 3788 26 12 on
2359 3781 74 19 arrival
2448 3782 22 18 of
2486 3782 26 18 all
2530 3783 104 17 steamers.
2663 3781 80 26 Special

1964 3806 93 25 Buggies
2073 3806 39 18 and
2124 3807 75 18 Saddle
2209 3807 78 19 Horses
2297 3814 36 12 can
2349 3808 26 18 be
2391 3807 96 19 obtained
2504 3808 33 18 for
2546 3807 27 19 all
2586 3812 55 20 parts

2213 3834 21 18 of
2244 3833 35 19 the
2295 3833 96 26 Country.

1859 3866 185 25 First-class
2057 3866 126 31 Sailing
2196 3867 62 25 and
2271 3867 137 32 Rowing-
2420 3867 99 27 Boats
2532 3867 47 26 for
2593 3868 152 26 Pleasure

2121 3900 63 25 and
2202 3900 135 32 Fishing
2349 3901 133 25 Parties.

1858 3940 65 25 The
1955 3939 162 26 Saltwater
2147 3941 129 32 Bathing
2311 3941 126 26 Pavilion
2474 3942 21 25 is
2532 3942 99 25 within
2657 3942 88 26 three

2061 3973 138 25 minutes'
2222 3974 76 26 walk
2318 3975 33 25 of
2366 3975 54 25 the

2076 4013 119 25 Telegrams
2215 4015 78 19 receive
2320 4017 81 24 prompt
2420 4015 105 19 attention.

1977 4061 97 39 im:.

2166 4114 280 28 PROPRIETOR.

2787 693 205 43 BRITOHART
3019 700 123 47 HOTEL,

2769 752 130 26 Custom
2920 755 105 27 House
3050 759 104 26 Street

2753 797 98 28 -A.TT
2855 798 40 30 C
3119 806 60 29 3D.

2774 840 49 16 Close
2830 844 18 13 to
2855 841 80 23 Railway
2944 844 65 17 Station
3015 847 33 16 and
3053 847 40 17 Post
3099 849 57 17 Office.

2793 869 79 21 Superior
2880 874 141 17 accommodation
3029 876 29 15 for
3064 877 77 17 Tourists

2813 900 93 17 Travellers
2914 903 33 15 and
2956 903 75 22 Country
3039 905 83 18 Farmers.

2820 929 107 28 Terms
2951 933 163 28 Moderate.

2754 969 16 18 ■^
2771 969 4 32 T
2777 974 12 13 °
2791 975 10 12 r
2802 975 5 26 }
2808 974 12 13 e
2840 971 44 18 but
2904 973 132 21 First-cla.ss
3052 976 89 20 Brands
3160 979 26 18 of

2777 994 61 21 Ales,
2849 995 82 19 Wines
2939 997 47 18 and
3003 999 84 22 Spirits
3095 1001 64 22 kept.

2834 1042 16 16 L
2878 1043 15 16 E
2920 1044 17 16 N
2970 1047 14 14 A.
3016 1047 15 15 L
3062 1047 17 16 V
3111 1049 15 16 O
3158 1050 24 20 K,

2859 1084 110 19 SYMONDS
2985 1088 94 22 STREET,

2756 1112 95 22 (Formerly
2859 1114 28 15 Sir
2898 1115 49 17 Fred.
2961 1117 105 18 Whitaker's
3076 1120 107 21 Residence,)

2898 1144 96 21 Telephono
3007 1148 37 16 544.

2777 1173 16 14 A
2802 1172 41 16 Few
2851 1173 62 17 Ladies
2921 1175 33 15 and
2964 1175 98 18 Gentlemen
3076 1185 31 10 nan
3121 1180 20 15 bo
3156 1185 18 11 ac-

2756 1194 117 16 commodated
2878 1195 179 21 withsnperiorßoard
3064 1199 13 16 &
3083 1200 99 18 Residence.

2777 1223 36 15 The
2820 1223 54 16 house
2881 1224 15 15 is
2903 1225 76 16 situated
2986 1227 15 15 in
3008 1227 47 16 lnr»e
3060 1230 81 19 grounds,
3147 1231 35 15 and

2756 1244 97 16 commands
2861 1246 111 20 magnificent
2980 1248 51 16 views
3039 1249 17 15 of
3066 1250 28 15 the
3102 1251 79 16 harbour.

2777 1274 64 15 Tennis
2850 1274 59 17 Lawn.

2777 1303 37 16 Ten
2823 1303 81 17 minutes'
2914 1305 45 16 walk
2968 1306 44 16 from
3020 1307 29 16 the
3057 1307 41 17 Post
3107 1308 57 17 Office.

2778 1332 41 16 Cars
2831 1334 33 15 and
2872 1333 63 17 Busses
2942 1340 40 15 pass
2990 1336 30 16 the
3026 1338 80 15 entrance
3116 1341 45 14 «rnte.

2760 1376 62 21 TFJ-f
2826 1377 83 22 PKP.N£
2917 1380 36 17 290.
3045 1382 128 24 33JW-MWP-

2775 1406 229 29 CLARENDON
3040 1412 131 32 HOTEL,

2786 1447 81 17 Junction
2878 1449 57 18 Queen
2945 1451 33 16 and
2994 1452 93 18 Wakefield
3096 1455 61 17 Street.

2760 1536 146 25 First-class
2923 1543 200 24 accommodation
3141 1545 51 30 for

2906 1572 149 26 Travellers.

2841 1610 48 20 Hot
2898 1613 46 18 and
2959 1614 56 18 Cold
3029 1615 77 21 Baths.

2780 1641 42 17 Best
2829 1642 60 17 Wines
2896 1644 34 16 and
2939 1644 61 21 Spirits
3011 1646 64 22 always
3083 1648 17 15 in
3109 1649 56 17 Stock.

2852 1672 38 17 Hot
2897 1673 60 17 Lunch
2968 1676 18 15 12
2998 1677 17 14 to
3025 1677 8 14 2
3041 1677 54 21 daily.

2760 1700 38 20 W.
2817 1702 110 24 LYNCH,
2965 1714 9 3 -
3009 1715 8 4 -
3053 1707 138 23 Proprietor.

2866 1734 52 18 CEAD
2930 1736 63 20 JVIILLE
3005 1737 92 20 fAILTHE.

2760 1780 47 26 W.
2821 1781 37 25 H.
2879 1781 28 25 &
2927 1782 38 24 H.
2993 1783 31 25 C.
3054 1783 137 33 Wright,

2834 1829 132 21 SUEGEON
2978 1832 138 22 DENTISTS.

2805 1899 122 25 (Successors
2939 1902 19 17 to
2969 1901 24 18 A.
3005 1901 23 19 L.
3044 1900 103 28 "Wrigh't.)

2787 1933 72 23 Notify
2867 1934 46 19 tliat
2924 1935 48 24 they
2981 1942 34 12 are
3026 1937 119 25 continuing
3156 1938 35 19 the

2760 1959 97 19 Business
2867 1963 21 15 at
2896 1961 34 18 the
2941 1961 99 20 Premises
3051 1965 34 23 top
3092 1964 22 18 of
3121 1964 59 19 Short-

2760 1985 127 19 land-street.
2916 1987 42 20 Tha
2967 1987 112 26 high-class
3097 1990 56 18 work
3170 1990 22 19 of

2760 2011 34 19 the
2804 2011 42 19 late
2856 2012 32 18 Mr
2899 2013 22 17 A.
2933 2013 21 19 L.
2968 2013 84 26 Wright
3062 2015 41 19 will
3113 2015 25 19 he
3155 2017 24 18 ad-

2760 2037 61 19 hered
2832 2040 25 20 to,
2869 2039 40 18 and
2920 2046 39 16 any
2975 2040 37 18 left
3029 2041 116 19 unfinished
3163 2043 28 24 by

2760 2063 45 20 that
2815 2063 115 25 gentleman
2944 2065 38 19 will
2994 2067 25 17 be
3034 2068 112 23 completed
3164 2068 28 25 by

2853 2090 35 19 the
2895 2097 44 12 new
2949 2095 148 22 inanagoment.

2760 2123 116 25 Telephone
2886 2126 44 17 G57.

2795 2178 23 24 J.
2840 2178 31 25 H.
2893 2178 265 34 BUCHANAN,

2835 2219 96 26 Stone
2944 2221 174 27 Merchant.

2853 2260 177 20 ESTABLISHED
3048 2264 50 17 1892.

2785 2309 117 23 Statuary,
2930 2311 161 20 Monumental
3123 2314 46 19 and

2878 2333 97 19 General
2984 2335 89 20 Mason.

2761 2364 108 18 MARBLE
2878 2366 14 16 &
2899 2366 149 18 FREESTONE
3057 2368 118 19 CHIMNEY-

2785 2388 96 21 PIECES,
2899 2389 126 22 MANTELS,
3040 2391 84 19 VASES.
3135 2392 32 18 &c.

2790 2417 137 26 VICTORIA
2946 2418 118 28 STREET
3081 2420 82 28 EAST.

2763 2450 430 39 HUCKLHND.

2789 2512 89 26 Designs
2896 2514 39 18 and
2954 2514 67 19 Prices
3040 2516 113 19 forwarded
3171 2519 22 16 to

2763 2545 39 18 any
2813 2541 46 22 part
2868 2540 21 18 of
2899 2540 33 18 the
2943 2540 97 20 Province
3050 2548 23 12 or
3080 2541 76 26 Colony
3167 2549 26 12 on

2763 2564 129 26 application.

2814 2622 160 46 Steele
3002 2625 133 46 Bros.

2777 2705 187 42 MARAEROA
3010 2707 170 43 SAWMILL.

2763 2759 135 44 DESIRE
2906 2761 25 18 to
2940 2761 74 18 thank
3023 2762 39 18 the
3071 2763 78 22 public
3158 2764 36 18 for

2831 2784 54 22 past
2900 2784 77 18 favors
2992 2785 46 18 and
3052 2785 45 24 beg
3114 2787 26 18 to
3155 2792 26 13 an-

2763 2812 91 13 nounce
2864 2807 52 18 that
2924 2807 86 24 having
3018 2813 14 13 a
3046 2809 63 23 large
3125 2811 69 17 stock

2763 2830 26 18 of
2799 2830 174 19 well-seasoned
2982 2831 120 20 first-class
3111 2833 85 19 timber

2763 2859 31 12 on
2803 2853 62 19 hand
2874 2854 56 22 they
2939 2859 38 13 are
2986 2856 111 22 prepared
3104 2857 25 17 to
3136 2857 58 18 fulfil

2763 2876 80 19 orders
2852 2877 24 18 at
2885 2877 100 18 reduced
2993 2879 68 18 rates.

2765 2933 52 44 T.
2856 2933 65 44 M.

2798 2989 145 17 BARRISTER
2955 2989 53 17 AND
3017 2989 140 21 SOLICITOR,

2777 3020 38 20 118,
2836 3020 99 18 Victokia
2955 3021 87 20 Akcade,
3064 3022 118 18 Auckland.

2944 3052 64 18 .ALSO

2752 3083 1 24 ;
2765 3083 92 17 Barrister
2870 3084 37 16 and
2922 3083 86 18 Solicitor
3020 3085 21 16 of
3057 3085 32 17 tlio
3106 3085 89 22 Supremo

2859 3106 63 21 Court,
2929 3107 83 21 Ontario,
3019 3107 82 18 Canada.

2767 3327 74 18 Losses
2850 3328 51 17 Paid
3075 3328 122 21 £20,000,00!)

2767 3367 52 17 Fiue
2831 3367 99 17 Premium
2946 3368 93 17 Exceeds
3087 3368 110 21 £1,300,000

2767 3398 150 17 Accumulated
2921 3398 68 18 Funds
2996 3399 82 17 Exceed
3087 3399 22 18 £l
3115 3401 82 19 ,000,000

2837 3429 37 19 W.
2897 3429 94 19 WARD
3009 3430 111 23 BAKER,

2801 3460 96 19 District
2906 3460 116 24 Manager,
3032 3462 130 19 Auckland.

2854 3492 37 19 W.
2905 3493 28 18 A.
2947 3493 165 23 WILLIAMS,

2826 3523 70 19 Local
2916 3525 84 22 Agent,
3028 3525 109 19 Rotorua.

2770 3586 161 41 ROTORUA
2956 3587 164 41 SAWMILL
3144 3587 51 46 CO,

2782 3693 33 22 VI
2857 3697 55 17 finest
2920 3698 74 22 quality
3001 3699 38 17 and
3053 3699 90 22 carefully
3160 3699 36 17 cut.

2953 3738 64 17 ALSO

2768 3773 90 27 Matai,
2890 3774 125 27 Pukatea,
3044 3774 50 22 and
3120 3774 76 22 Tawa

2809 3817 130 30 Shingles,
2951 3818 113 29 Palings,
3078 3817 92 23 Blocks

2913 3865 52 22 and
2973 3864 81 23 Posts-

2795 3906 18 19 A
2827 3907 53 24 good
2892 3907 39 18 and
2941 3907 89 19 assorted
3040 3905 72 26 supply
3120 3904 74 24 always

2770 3939 25 12 on
2804 3932 56 19 hand
2869 3935 21 17 at
2900 3933 35 18 tho
2944 3932 82 20 Timber
3034 3931 61 24 Yard,

2892 3967 180 17 ROTORUH.

2770 4026 162 25 N.B.—Special
2940 4033 46 12 caro
2996 4025 60 20 taken
3066 4024 20 19 in
3102 4022 34 20 the
3153 4028 33 13 sea-

2942 4052 77 24 soning.

2771 4083 107 19 PRICES
2890 4083 40 18 AT
2943 4080 139 21 CURRENT
3094 4080 102 19 RATES.

2805 4129 38 20 W,
2864 4129 80 19 HENS
2947 4127 79 22 HAW,
3046 4126 115 22 Manager.
