3280 4340
1089 116 124 18 VISITORS'
1225 118 62 18 LIST.

1110 163 73 18 Grand
1192 164 76 17 Hotel.

995 187 106 17 Mesdames
1105 186 43 21 Lee,
1153 187 66 20 Bruce,
1224 186 98 23 Adelaide;
1331 186 76 23 Wright

951 208 1 24 i
972 209 38 17 and
1035 210 57 20 maid,
1120 208 99 24 England;
1242 211 163 20 Bowden-Sinith)

951 232 1 25 I
972 232 56 17 India
1035 232 4 25 ;
1053 233 77 22 Sydney
1137 233 92 21 Johnson,
1244 233 111 24 Shrinipton
1368 234 39 17 and

951 256 1 24 i
972 256 56 20 maid,
1041 256 25 17 11.
1070 256 33 24 B.;
1120 256 181 24 Logan-Campbell,
1323 257 83 22 Masseyi

951 278 1 24 >
972 279 67 22 family
1052 278 39 18 and
1104 285 62 14 nurse,
1181 279 59 23 King,
1258 280 62 19 Clarki
1339 280 60 17 liiitiii-

951 300 1 23 '
972 301 48 21 well,
1031 300 82 22 Donald,
1122 302 108 20 Auckland;
1245 301 95 22 Sherlock,
1348 303 44 17 Daw-

951 324 1 23 •
972 330 39 14 son,
1021 324 91 23 England
1119 324 3 23 ;
1136 325 64 20 Dunn,
1209 325 40 18 Vic.
1276 326 67 18 Misses
1349 326 46 17 Sher-

951 348 1 21 •
971 348 48 20 lock,
1030 348 89 19 Graham,
1129 348 78 19 Martin,
1216 349 80 20 Bowser,
1305 348 99 21 Sharland,

951 369 1 24 I
971 370 111 18 Johnstone.
1108 369 69 19 Messrs
1199 371 22 17 El
1223 372 43 20 win,
1279 369 88 24 N.S.W.;
1382 373 23 17 B.

951 394 1 24 •
972 394 23 17 D.
1006 394 71 18 Crosse,
1087 394 82 22 Wright,
1179 394 79 22 Martin,
1265 395 27 23 (2)
1300 396 90 21 England
1400 394 4 24 ;

951 416 1 25 >
972 417 22 17 G.
1012 417 21 17 B.
1051 417 84 21 Akroyd,
1155 416 145 25 Christcliurch;
1322 419 82 22 Massey.

951 437 1 26 •
971 440 81 19 Donald,
1075 440 133 21 McConachie,
1234 441 62 20 Clark,
1319 437 85 26 Melwiil,

951 463 1 22 1
971 463 99 17 Auckland
1079 463 3 22 ;
1106 463 22 18 E.
1153 463 162 22 Eowden-Smith,
1338 465 55 17 India
1400 463 4 22 ;

951 486 1 23 '
972 486 53 20 Rich,
1035 486 99 23 Okoroire;
1156 487 74 22 Taylor,
1248 488 109 19 McKenzie,
1375 489 29 16 W.

951 509 1 25 1
972 509 105 20 Australia;
1091 510 29 17 W.
1127 510 73 22 Dodge,
1206 509 121 25 Rarotongn;
1342 510 64 24 Major

951 531 1 26 i
972 532 23 18 K.
1003 531 126 22 Hutchinson,
1138 531 109 26 Auckland;
1261 534 77 23 Sydney
1343 534 51 18 Jolin-

951 555 1 26 -1
971 561 40 14 son,
1021 555 26 18 H,
1056 556 96 20 Lambert,
1162 555 83 19 Hawkes
1251 555 50 26 Bay;
1315 558 49 16 Paul
1371 557 33 24 (2),

951 578 1 24 1
971 579 31 16 Mr
1011 578 36 18 and
1058 579 47 17 Miss
1124 578 109 24 Tringhani,
1248 580 70 18 Messrs
1334 580 59 18 Roths-

951 601 1 23 -1
971 601 65 20 childs,
1047 601 80 20 Russell,
1138 602 72 21 Clarke,
1222 603 107 20 Thurburn,
1345 604 59 20 Scott,

971 625 75 22 Bolger,
1056 625 79 22 Rogers,
1146 626 67 19 Mann,
1231 627 72 22 Waytc,
1320 628 32 16 Mr
1367 628 38 16 and

971 648 40 17 Mrs
1019 649 93 19 Pinnock,
1127 649 46 17 Miss
1188 649 65 21 Webb,
1270 650 31 17 Mr
1314 651 38 16 and
1365 651 40 17 Mrs

971 672 62 21 Hope,
1042 671 68 18 Misses
1119 672 109 23 Higginson
1236 672 32 24 (4),
1279 673 40 18 Mrs
1336 673 68 23 Ealpy,

971 694 31 17 Mr
1009 694 48 21 Bell,
1067 695 39 17 and
1114 696 113 22 Thompson.

1100 741 82 18 Geyser
1199 743 76 17 Hotel.

993 764 107 17 Mesdames
1114 765 81 20 Ireland,
1211 765 84 21 Gamble,
1313 766 90 20 Ramson,

971 787 61 21 Sliaw,
1054 787 118 21 Henderson,
1192 788 74 21 Dibble,
1292 787 111 23 Auckland;

971 811 70 20 Kettle,
1052 811 79 22 Napier;
1146 811 74 21 Brown,
1226 811 114 23 Joseplison,
1346 812 58 18 Jones

970 833 37 18 and
1016 834 56 20 child,
1086 834 84 18 Castner.
1185 834 66 19 Lunel.
1266 835 76 21 Reeves,
1355 836 37 22 Syd-

970 862 36 17 ney
1012 857 4 23 ;
1030 857 89 20 Warden,
1128 858 105 20 Mcintosh,
1244 857 99 23 England;
1358 859 35 17 Per-

970 880 48 21 kins,
1028 880 101 21 Brisbane;
1143 880 80 18 Jenkins
1237 880 38 18 and
1290 882 53 17 three
1357 882 38 17 chil-

970 903 51 21 dren,
1032 903 122 21 Wellington.
1179 904 67 17 Misses
1255 904 78 20 Mittall,
1341 905 51 17 Auck-

970 926 49 20 land;
1029 927 46 17 Reid
1084 926 33 24 (2),
1123 927 77 18 Clifton,
1207 927 82 21 Walker,
1296 928 106 21 Mcintosh,

970 950 100 22 England;
1097 950 78 17 Perkins
1192 950 33 22 (2).
1247 951 96 18 Brisbane.
1377 952 28 17 Dr

970 973 66 19 Noble,
1047 973 99 22 England;
1161 973 45 17 Rev.
1214 973 115 22 Hammond,
1338 975 64 20 Patea;

969 996 70 18 Messrs
1059 996 124 18 Richardson,
1205 996 99 24 Swansea;
1332 998 70 22 Moyle,

969 1018 103 21 Dobinson,
1083 1018 117 22 Nankeville,
1215 1019 48 21 Tait,
1280 1020 111 18 Melbourne
1398 1018 4 24 ;

969 1042 84 21 Watson,
1063 1042 59 19 Nash,
1133 1042 74 20 Brown,
1219 1042 113 23 Joseplison,
1342 1044 49 17 Brod-

969 1072 37 15 gen
1016 1065 31 24 (2),
1058 1065 111 24 Hannigan,
1184 1065 65 21 Wood,
1266 1067 85 21 Castner,
1366 1068 38 17 and

969 1086 75 22 Reeves,
1055 1089 76 22 Sydney
1139 1086 4 25 ;
1157 1089 73 21 Winch,
1240 1090 74 20 Mellor,
1322 1090 69 18 Robert-

969 1118 38 13 son,
1030 1113 82 16 Warden
1133 1112 32 24 (2),
1193 1113 75 20 Brewis,
1296 1113 106 21 Mcintosh,

968 1135 81 21 Walker,
1059 1135 100 25 England;
1174 1136 122 20 Rotherhani,
1310 1138 19 17 S.
1344 1138 60 22 Percy

969 1159 67 21 Smith,
1046 1159 128 22 Wellington;
1189 1160 22 16 O.
1221 1160 85 20 Connell,
1319 1160 72 19 Queens-

968 1181 56 22 land;
1039 1183 71 19 Kettle,
1124 1182 109 22 Wundram,
1250 1183 81 23 Napier;
1351 1184 39 16 Ran-

968 1211 46 15 som,
1025 1206 99 17 Auckland
1133 1206 3 24 ;
1151 1206 104 24 Armitage,
1265 1207 59 18 I'atea
1332 1206 4 24 ;
1354 1207 50 23 Capt

968 1229 104 20 Anderson,
1085 1228 105 19 Auckland.

1033 1261 89 18 Brent's
1134 1261 112 18 Bathgate
1258 1261 77 18 House.

991 1284 107 18 Mesdames
1118 1284 90 18 Franklin
1230 1285 89 23 Sydney;
1341 1285 46 18 Ham-

967 1308 63 20 mond,
1041 1307 122 22 Melbourne;
1178 1308 99 21 Cranwell,
1292 1308 109 23 Auckland;

967 1331 72 18 Wilson
1046 1331 38 17 and
1091 1333 55 21 party
1164 1331 17 23 (4
1192 1331 72 24 ladies),
1283 1332 118 23 Wanganui;

967 1355 83 19 Scoular,
1066 1354 122 23 Wellington;
1202 1355 94 21 Vousdcn,
1310 1356 90 22 Aratapu;

967 1378 72 22 Symcs,
1047 1378 97 21 Gisborne;
1159 1378 62 21 Krull,
1226 1378 114 23 Wanganui;
1355 1379 36 17 Par-

967 1401 39 20 ker,
1024 1401 37 17 and
1078 1401 67 17 Misses
1162 1401 59 17 Milne
1239 1400 33 24 (2),
1290 1400 111 24 Auckland;

967 1424 77 18 Dobson
1053 1424 38 17 and
1101 1424 55 20 maid,
1168 1424 100 23 England;
1277 1425 90 20 Melville,
1377 1427 26 16 To

967 1448 108 20 Awamutu;
1084 1447 64 18 James
1152 1447 61 21 Shaw,
1218 1447 118 24 Coolgardie;
1346 1449 55 21 Kerr,

967 1471 82 22 Sydney.
1080 1471 67 17 Misses
1162 1471 69 22 Taylor
1245 1471 33 23 (2).
1293 1472 96 22 Warming-

966 1496 40 16 ton,
1017 1494 98 20 Cameron,
1123 1491 117 28 Wanganui;
1251 1491 110 22 Hammond
1368 1495 33 24 (2),

966 1517 113 17 Melbourne
1087 1517 3 24 ;
1109 1517 90 21 McLean,
1221 1517 32 23 (2),
1272 1519 116 22 Wellington
1397 1517 3 24 ;

967 1540 59 21 Price,
1037 1540 84 18 Hawkes
1133 1541 51 22 Bay;
1203 1541 62 21 Shaw,
1283 1541 118 24 Coolgardie.

966 1564 29 17 Dr
1012 1565 60 21 BaiTy
1092 1564 21 17 T.
1140 1564 80 21 Russell,
1242 1564 87 22 Ireland;
1355 1566 46 17 Rev.

967 1587 60 22 Roby,
1042 1587 108 21 Transvaal,
1161 1588 60 16 South
1236 1588 74 20 Africa;
1333 1589 69 17 Messrs

966 1610 78 20 Wilson,
1052 1610 119 23 Wanganui;
1186 1611 53 20 Rose,
1250 1611 96 19 Franklin.
1362 1613 26 17 Ab-

966 1634 48 19 bott,
1030 1634 78 19 Arnold,
1124 1634 66 20 Webb,
1203 1634 86 22 Sydney;
1310 1635 91 21 McLean,

967 1657 120 18 Queensland
1096 1657 3 24 ;
1114 1657 56 17 Shaw
1183 1657 32 23 (2),
1226 1658 121 23 Coolgardie;
1362 1660 26 16 Ab-

965 1681 49 17 bott.
1021 1681 82 22 Sydney;
1114 1681 64 20 Gibbs,
1186 1681 117 22 Melbourne;
1317 1682 83 21 Scoular,

965 1703 119 23 Wellington
1091 1703 4 23 ;
1110 1703 81 21 Hunter,
1201 1703 77 23 Ceylon.

1100 1736 44 16 The
1155 1735 113 19 Langiiam.

990 1758 106 18 Mesdames
1105 1759 77 19 Wilson,
1191 1759 98 18 Auckland
1298 1758 3 22 ;
1322 1760 68 18 Kibble-

966 1782 63 18 white,
1040 1781 119 18 Palmerston
1171 1781 36 25 N.;
1230 1782 83 22 Gilbert],
1332 1783 58 23 Gipps-

965 1805 51 17 land.
1024 1805 68 17 Misses
1101 1804 73 19 Iredale
1181 1804 33 24 (2),
1225 1806 76 23 Sydney
1308 1804 4 25 ;
1331 1806 69 22 Geach,

965 1828 124 20 Melbourne;
1104 1828 109 20 Buchanan,
1223 1829 82 19 Parnell.
1333 1830 69 18 Messrs

966 1851 67 21 Tnglis,
1049 1851 121 23 Devonport;
1190 1852 108 20 Tarawbiti,
1313 1853 87 22 Huntly;

966 1875 78 20 Bodlev,
1055 1875 130 19 Holdswortli,
1201 1875 111 22 Auckland;
1333 1877 67 18 Smith.

966 1898 81 23 Napier;
1075 1898 132 21 Kibblcwhite,
1228 1899 118 18 Palmerston
1364 1900 24 17 N.
1397 1898 3 23 ;

966 1921 80 21 Iredale,
1056 1921 71 19 Baikie,
1144 1922 74 22 Sydney
1226 1921 3 24 ;
1248 1922 152 23 McCorkindale,

965 1943 107 25 Hastings;
1086 1944 64 24 Judge
1159 1945 77 17 Wilson.

1065 1976 59 18 Lake
1141 1976 70 18 House
1223 1977 78 18 Hotel.

990 1999 107 17 Mesdames
1105 1999 78 24 Jagger,
1198 2001 86 21 Bockett,
1303 2001 97 21 McNeish,

966 2022 75 21 Elliott,
1052 2022 88 23 Kilgour,
1151 2023 58 21 Scott,
1219 2024 101 22 Dempsey,
1328 2025 72 21 Porter,

965 2046 74 24 White;
1062 2046 67 17 Misses
1145 2046 69 21 White,
1238 2048 73 19 Harris,
1322 2048 78 22 Jagger,

965 2069 105 17 Buchanan
1079 2069 3 24 ;
1104 2070 63 22 Judge
1185 2070 43 21 Gill,
1247 2070 80 23 Captain
1345 2072 55 19 Mair,

965 2092 51 18 Hon.
1027 2093 76 21 Tracey,
1114 2093 42 17 Drs.
1167 2093 103 22 Crowthcr,
1279 2095 58 18 Scott,
1345 2095 42 22 Mag-

965 2121 42 14 nus,
1019 2116 70 17 Messrs
1098 2116 73 19 Harris,
1179 2117 109 19 Buchanan,
1296 2117 106 18 Wilkinson

965 2138 66 23 Hally,
1042 2139 101 20 Thomson,
1153 2139 87 22 Stewart,
1250 2140 69 21 Fidler,
1329 2141 73 22 Jagger

966 2162 86 19 Bockett,
1075 2162 63 20 Boult,
1156 2162 26 21 H,
1204 2162 75 23 James;
1303 2164 97 21 Sheridan,

966 2185 117 23 Wellington
1091 2185 3 23 ;
1108 2185 94 23 Harding,
1213 2186 55 22 Hale,
1279 2187 98 18 Gisborne.

1099 2217 85 18 Mokoia
1195 2218 65 18 View.

990 2240 106 17 Mesdames
1108 2241 98 21 Bowman,
1216 2240 81 23 Napier;
1312 2242 88 21 Hewson,

966 2263 101 18 Auckland
1076 2263 4 21 ;
1107 2264 85 20 Jenkins,
1219 2265 76 18 Parnell
1335 2266 67 17 Misses

967 2286 49 23 Kay,
1032 2287 26 16 Te
1073 2287 111 22 Awanintu;
1202 2288 98 22 Bowman,
1324 2289 77 23 Napier.

967 2309 70 19 Messrs
1061 2310 116 21 Hammond,
1199 2311 89 21 Hewson,
1319 2312 82 21 Forrest,

967 2333 99 17 Auckland
1077 2333 3 24 ;
1095 2333 96 18 Bowman.
1208 2334 27 23 (2)
1249 2333 82 24 Napier;
1348 2336 52 20 Pan-,

967 2356 130 25 Canterbury;
1111 2357 68 21 North,
1190 2357 64 21 Jones,
1272 2359 128 22 Wellington;

967 2379 91 21 Elsmore,
1080 2380 47 17 New
1150 2379 114 25 Plymouth;
1287 2382 114 22 McCrystal,

967 2403 85 17 Thames.

1129 2462 110 19 DEATHS.

991 2512 155 17 Thomson.—At
1155 2512 91 20 Rotonia,
1256 2519 24 11 on
1289 2513 66 17 March
1363 2514 38 19 7tli,

969 2536 50 20 1896,
1030 2535 69 17 Louisa
1108 2535 62 22 Mary,
1185 2536 33 16 the
1233 2536 79 17 beloved
1324 2536 43 18 wife
1383 2537 21 17 of

969 2559 73 22 George
1050 2559 101 19 Thomson,
1161 2559 69 22 engine
1235 2559 67 21 driver,
1310 2560 91 20 Rotorua,

968 2581 48 21 aged
1024 2583 23 15 415
1056 2587 59 17 years.
1141 2582 73 22 Deeply
1222 2583 102 22 regretted.
1355 2584 48 16 New

968 2604 83 18 Zealand
1057 2610 67 17 papers
1131 2605 62 22 please
1201 2611 54 17 copy.

992 2637 138 18 Rogers.—At
1139 2637 98 17 Auckland
1246 2643 22 11 en
1280 2637 68 18 March
1360 2638 43 17 10th

968 2660 104 22 Wynyard,
1094 2660 60 17 eldest
1175 2666 32 11 son
1228 2660 4 22 <
1239 2660 7 17 f
1267 2662 33 17 Mr
1319 2662 85 17 William

969 2683 77 22 Rogers,
1056 2683 122 18 Oliinemutn.

954 2867 59 21 THE
1033 2867 58 21 HOT
1111 2867 97 21 LAKES
1228 2867 175 21 CHRONICLE

954 2888 449 10 AND

954 2898 225 9 Tourists'
1204 2898 199 9 Journal.

954 2907 173 9 WEDNESDAY,
1144 2907 87 9 MARCH
1248 2907 52 9 11,
1317 2907 86 9 1896.

971 2923 68 18 Judge
1051 2924 51 18 Gut,
1110 2925 34 17 has
1153 2924 58 24 lately
1219 2926 48 18 been
1283 2928 121 22 negotiating

969 2947 30 17 for
1004 2947 32 17 the
1045 2948 91 21 purchase
1152 2949 20 17 of
1180 2949 32 17 tlio
1224 2950 123 23 Mangorewa
1364 2952 26 16 Ka-

971 2970 57 17 haroa
1037 2970 55 18 block
1103 2971 59 18 which
1173 2973 100 22 comprises
1279 2975 66 17 42,949
1353 2981 51 11 acres

969 2994 39 17 The
1017 2994 63 21 block,
1088 2995 78 17 extends
1175 2996 48 17 from
1232 2996 105 19 Waimehia
1343 3004 22 11 on
1373 2999 31 16 the

969 3016 56 18 north
1032 3017 39 17 side
1077 3018 20 16 of
1109 3018 85 18 Hotoi-ua
1202 3018 52 19 Lake
1262 3022 20 15 to
1300 3021 32 16 the
1349 3022 42 17 Wae-

970 3046 60 16 ranga
1039 3040 56 18 block
1103 3047 45 12 runs
1158 3042 46 17 back
1213 3043 57 17 north
1279 3045 21 15 to
1308 3044 32 16 the
1347 3044 43 18 Man-

971 3069 76 17 gorcwa
1064 3064 49 17 river
1131 3065 38 16 and
1185 3065 33 17 the
1232 3065 87 24 Rerenga
1328 3069 75 21 Btreani,

969 3086 38 17 and
1015 3088 20 15 to
1052 3087 32 17 the
1106 3089 46 16 west
1173 3088 75 22 adjoins
1267 3090 33 17 the
1317 3091 87 18 Waikato

972 3111 87 20 country.
1084 3114 26 17 At
1124 3110 32 18 the
1171 3111 70 18 Native
1249 3112 55 18 Land
1313 3114 60 17 Court
1381 3121 23 11 on

969 3133 102 22 Thursday
1080 3137 6 17 ]
1088 3143 20 11 as
1108 3138 9 16 t
1126 3140 23 11 on
1159 3135 32 16 the
1208 3136 115 21 application
1335 3138 29 17 for
1372 3139 32 17 the

969 3156 92 22 partition
1070 3161 19 16 of
1095 3161 33 16 the
1143 3158 56 17 block
1209 3159 63 18 14,998
1289 3166 51 12 acres
1357 3168 48 11 were

971 3179 89 17 awarded
1068 3184 20 16 to
1097 3183 31 18 the
1138 3181 73 18 Crown.
1236 3183 45 16 This
1296 3189 44 12 area
1352 3185 54 18 takes

971 3203 18 16 in
998 3202 60 17 about
1066 3207 38 17 two
1113 3204 52 20 miles
1175 3205 19 15 of
1202 3205 32 16 the
1244 3206 43 16 lake
1293 3206 54 18 shore
1356 3208 48 18 from

971 3226 32 17 the
1018 3225 104 27 Waeranga
1132 3227 98 23 boundary
1244 3230 20 16 to
1273 3235 11 11 a
1301 3232 77 20 quarter
1387 3233 19 17 of

971 3255 11 10 a
996 3248 45 18 mile
1055 3254 47 16 west,
1115 3254 20 16 of
1156 3251 111 18 Hamurana
1284 3253 38 17 and
1338 3255 68 18 thence

971 3272 56 17 north
1049 3275 29 17 till
1100 3277 31 16 the
1151 3279 43 12 area
1209 3274 16 17 is
1246 3276 95 18 obtained.
1366 3278 39 17 The

971 3295 75 19 famous
1053 3299 66 23 spring
1128 3300 43 16 thus
1180 3297 85 19 becomes
1274 3299 33 17 the
1315 3303 91 20 property

972 3319 20 16 of
1000 3319 33 16 the
1042 3321 67 19 Crown
1126 3320 37 20 and
1172 3326 28 12 we
1208 3327 44 15 may
1267 3321 43 18 look
1324 3323 82 19 forward

972 3343 19 15 to
1000 3342 33 17 the
1044 3345 52 23 early
1104 3344 90 19 abolition
1201 3345 21 16 of
1229 3340 33 22 tile
1270 3345 36 18 toll
1314 3346 61 19 levied
1380 3348 26 22 by

972 3365 33 17 the
1022 3368 74 17 natives
1113 3375 24 11 on
1154 3368 85 18 tourists.
1269 3368 38 17 The
1324 3370 45 18 land
1391 3367 15 22 is

973 3388 57 24 fairly
1039 3391 50 21 good
1097 3392 29 18 for
1139 3390 116 24 agriculture
1260 3391 38 18 and
1306 3392 41 19 first
1359 3395 47 16 class

973 3411 29 16 for
1011 3415 84 21 pasture,
1104 3415 38 17 and
1150 3422 21 10 as
1180 3419 44 11 soon
1235 3420 19 11 as
1265 3415 32 17 the
1309 3422 98 18 necessary

973 3441 76 17 surveys
1059 3443 31 12 are
1099 3437 104 20 completed
1212 3437 15 16 it
1242 3437 38 18 will
1294 3439 23 16 be
1331 3441 75 17 thrown

973 3464 47 15 open
1038 3460 30 17 for
1083 3461 94 18 selection.
1204 3460 22 17 In
1244 3462 31 16 the
1298 3468 64 13 course
1388 3465 19 16 of

973 3481 45 18 time
1027 3483 33 17 the
1077 3485 50 17 mnin
1135 3485 47 17 road
1190 3483 49 18 from
1252 3484 101 25 Tauranga
1369 3488 38 17 and

973 3505 26 16 Te
1008 3506 53 17 Puke
1075 3507 16 17 is
1105 3507 63 18 bound
1187 3507 19 16 to
1221 3512 36 12 run
1273 3508 84 24 through
1375 3511 32 17 the

973 3528 54 17 block
1037 3535 20 12 as
1066 3536 11 11 a
1085 3531 67 22 saving
1157 3531 21 18 of
1182 3529 60 19 above
1250 3532 22 16 2(1
1279 3531 53 18 miles
1341 3540 34 11 can
1384 3534 23 17 be

974 3552 77 18 effected
1060 3553 38 17 and
1108 3554 32 17 the
1146 3554 75 22 present
1229 3553 68 18 detour
1305 3557 61 16 round
1375 3557 32 16 the

973 3575 42 17 lake
1027 3576 85 18 avoided.
1138 3577 23 17 In
1170 3578 33 18 the
1211 3578 70 16 section
1291 3579 88 18 awarded
1387 3582 20 15 to

974 3598 32 17 the
1023 3599 68 18 Crown
1112 3606 31 11 are
1163 3599 71 19 several
1255 3602 75 17 ancient
1335 3608 5 5 •
1345 3603 61 17 burial

973 3621 62 21 places
1051 3623 20 16 of
1091 3623 32 18 the
1145 3624 191 22 Ngatirangiwewehi
1353 3627 53 16 tribe.

973 3645 59 16 These
1037 3646 52 21 spots
1098 3646 61 18 which
1168 3648 90 21 comprise
1269 3648 20 17 12
1298 3655 51 12 acres
1358 3650 39 17 alto-

974 3668 67 22 gether
1048 3675 31 11 are
1085 3671 131 22 permanently
1221 3672 91 18 reserved.

997 3719 31 18 Mr
1035 3720 84 22 Malfroy
1125 3721 34 17 lisis
1164 3722 83 18 received
1254 3724 98 22 authority
1359 3725 48 17 from

974 3743 35 18 alio
1017 3743 67 18 Public
1093 3744 66 17 AVorks
1166 3745 126 23 Department
1300 3749 20 16 to
1328 3748 80 22 proceed

974 3766 45 17 with
1028 3766 33 17 the
1070 3768 127 18 construction
1207 3770 21 16 of
1233 3770 31 17 the
1272 3770 64 17 ladies'
1345 3771 51 17 swim
1402 3781 5 3 -

974 3790 54 22 tiling
1035 3789 46 18 hath
1089 3796 20 12 ro
1119 3792 38 16 cost
1167 3791 55 19 £350.
1247 3793 45 18 This
1300 3794 15 16 is
1324 3800 11 10 a
1344 3794 53 17 favor-

974 3813 25 16 ite
1007 3812 74 23 project
1091 3814 19 17 of
1118 3814 32 17 Mr
1157 3814 99 24 Malfroy's
1265 3817 37 17 and
1312 3817 22 17 he
1344 3817 64 17 claims

974 3836 42 17 that
1025 3836 25 16 its
1059 3837 80 17 erection
1150 3838 37 17 will
1194 3839 53 17 maVe
1253 3839 33 18 the
1291 3839 46 18 hath
1345 3840 53 17 estab-

974 3859 91 17 lishment
1084 3860 52 21 quite
1157 3862 91 21 complete
1270 3862 37 17 and
1331 3864 78 21 capable

975 3882 19 16 of
1003 3882 82 22 bathing
1095 3884 44 16 1200
1147 3889 77 16 persons
1233 3885 57 22 daily.
1306 3886 39 18 The
1353 3886 55 23 plans

974 3911 32 11 aro
1022 3905 25 17 all
1057 3906 90 21 prepared
1156 3907 72 23 having
1239 3908 48 18 been
1304 3909 55 17 made
1376 3912 33 15 out

975 3933 50 12 some
1034 3925 127 22 considerable
1169 3930 46 17 time
1226 3937 37 15 afro
1280 3932 18 17 in
1316 3933 81 22 anticipa-

975 3951 40 17 tion
1024 3952 21 16 of
1061 3951 32 17 the
1110 3955 76 15 consent
1203 3954 20 17 of
1235 3955 33 17 the
1283 3956 126 22 Department

974 3974 58 21 being
1041 3973 88 19 obtained
1139 3976 28 17 for
1175 3977 25 17 its
1209 3978 139 18 constructiom.
1370 3979 39 17 The

975 3997 51 17 work
1035 3997 39 17 will
1087 3998 93 18 therefore
1188 4000 23 17 be
1220 4001 104 22 proceeded
1337 4003 45 16 with
1389 4004 19 15 at

975 4026 51 15 once,
1059 4021 38 17 The
1102 4027 42 12 new
1153 4022 44 18 bath
1207 4024 58 18 house
1282 4025 38 16 will
1329 4025 23 17 be
1362 4025 37 17 situ-

975 4044 43 16 ated
1035 4045 21 15 at
1071 4045 32 17 the
1124 4046 54 16 south
1200 4047 35 17 end
1256 4048 21 16 of
1289 4048 32 16 the
1334 4049 67 21 present-

974 4066 84 23 pavilion
1066 4067 88 24 building
1162 4069 48 18 from
1216 4070 61 18 which
1287 4071 16 17 it
1308 4071 39 17 will
1363 4071 47 17 abut

975 4096 20 11 so
1012 4090 43 17 that
1071 4091 53 17 there
1140 4092 38 17 will
1186 4093 24 17 he
1216 4099 61 12 access
1292 4095 20 16 to
1328 4095 16 16 it
1360 4095 48 17 from

975 4114 32 17 the
1016 4112 64 20 ladies'
1090 4114 70 18 Kaeliel
1169 4116 37 17 and
1212 4116 77 18 Priest's
1297 4117 66 17 Baths.
1371 4118 38 17 The

975 4136 50 18 total
1035 4142 44 12 area
1087 4138 21 16 of
1115 4139 75 21 ground
1203 4140 20 16 to
1232 4139 23 18 bo
1267 4140 87 18 enclosed
1371 4141 36 17 will

1429 123 83 11 measure
1519 118 24 16 40
1551 118 27 21 by
1653 119 40 18 The
1701 120 46 17 bath
1762 120 52 17 itself
1824 120 37 18 will

1429 141 22 15 be
1469 142 20 14 24
1496 140 26 22 by
1528 141 41 16 48ft
1577 141 47 17 with
1632 147 12 12 a
1652 142 60 23 depth
1718 143 20 17 of
1747 144 59 16 water
1813 143 48 18 from

1429 164 37 16 3to
1472 163 35 25 4fti
1532 164 39 17 The
1578 166 37 15 rest
1630 166 20 16 of
1664 166 33 17 the
1713 170 55 18 space
1784 166 39 17 will
1838 167 23 17 be

1428 186 46 17 used
1483 183 29 20 for
1528 186 86 23 dressing
1622 194 62 11 rooms
1693 189 32 15 A-n.
1750 189 20 17 It.
1777 189 17 15 is
1802 191 20 14 to
1838 189 23 16 be

1428 209 61 22 hoped
1503 209 44 18 that
1567 210 56 18 while
1644 212 39 17 this
1699 212 105 22 important
1827 212 22 17 ad-

1428 233 60 16 dition
1503 233 21 16 to
1540 233 33 17 the
1585 233 82 24 Lathirig
1674 235 160 17 accommodation
1846 236 15 16 is

1427 255 58 21 being
1493 255 77 18 effected
1579 257 43 17 that
1630 257 33 17 the
1678 258 111 17 alterations
1797 259 20 16 in
1829 259 32 17 the

1428 278 82 23 existing
1526 279 56 17 baths
1591 285 20 12 so
1620 286 97 17 necessary
1730 282 20 17 to
1767 281 32 17 the
1816 287 33 12 con-

1427 301 87 17 venience
1521 303 21 16 of
1549 302 74 18 visitors
1632 304 39 17 will
1679 306 35 15 not
1722 304 23 17 be
1752 304 37 17 lost
1806 304 52 22 sight

1427 325 26 16 of.

1428 376 102 23 LOCAL
1544 377 96 24 NEWS
1664 379 71 22 AND
1749 379 109 24 NOTES.

1449 432 84 18 Tourists
1554 432 103 25 travelling
1672 435 85 17 between
1777 435 84 17 Rotorua

1427 455 38 17 and
1474 455 99 18 Auckland
1582 462 34 12 can
1629 458 41 22 rely
1684 464 51 16 upon
1749 458 76 22 getting
1836 464 24 11 an

1427 478 92 17 excellent
1528 479 33 17 hot
1573 480 94 17 luncheon
1681 483 21 14 at
1717 481 33 17 the
1764 481 96 17 Frankton

1427 502 64 20 Hotel,
1513 502 98 18 Frankton
1631 503 92 22 Juncton,
1745 504 61 17 where
1828 504 32 18 the

1427 525 49 17 train
1484 526 51 21 stops
1544 527 24 15 20
1576 527 98 17 minutes.*

1449 556 39 17 The
1496 556 77 23 sittings
1581 558 20 16 of
1610 558 31 17 the
1650 558 69 17 Native
1731 558 55 17 Land
1803 558 57 17 Court

1427 585 47 11 were
1483 579 105 23 adjourned
1597 586 24 12 on
1630 581 98 22 Thursday
1737 582 37 16 last
1780 583 20 16 to
1809 582 39 22 Opo-

1426 602 41 17 tiki.

1450 635 41 17 One
1499 640 21 12 or
1529 636 38 16 two
1576 635 59 18 music
1651 636 63 22 pupils
1727 642 32 10 are
1775 636 85 22 required

1427 657 25 23 by
1469 664 10 11 a
1503 659 108 21 competent
1632 659 82 17 teacher.
1747 659 64 17 Terms
1832 661 29 16 for

1427 681 69 16 tuition
1504 687 45 16 may
1557 681 23 17 be
1587 682 116 17 ascertained
1712 688 25 11 on
1746 682 114 22 application

1426 706 20 15 to
1455 704 31 17 Mr
1494 704 61 20 Cross,
1573 704 45 18 Post
1631 705 64 17 Office.

1449 731 39 17 The
1496 731 53 18 dates
1566 732 19 17 of
1601 732 69 23 sailing
1684 733 19 17 of
1716 733 33 17 the
1764 733 96 18 Northern

1427 755 105 22 Steamship
1564 755 113 23 Company's
1703 756 55 17 boats
1791 762 70 17 appear

1426 783 70 17 among
1504 777 32 18 the
1546 778 55 17 other
1607 779 90 23 shipping
1705 779 155 18 advertisements

1426 806 24 11 on
1456 802 32 15 the
1493 800 68 18 second
1570 807 55 17 page.

1449 832 28 17 Dr
1486 831 86 22 Ginders,
1585 833 84 17 resident
1683 834 78 17 medical
1774 835 75 21 superin-

1426 854 78 17 tendent
1512 857 21 15 at
1541 855 33 17 the
1582 856 127 21 Sanatorium,
1719 857 35 17 left
1765 863 25 11 on
1803 857 42 18 Mon-

1426 878 37 22 day
1477 878 29 17 for
1523 879 100 22 Tauranga
1641 880 29 17 for
1686 887 11 10 a
1713 880 49 17 brief
1777 880 81 23 holiday.

1426 901 36 17 His
1470 901 61 18 duties
1541 902 37 17 will
1588 904 102 16 meantime
1701 904 23 16 be
1739 904 72 18 carried
1827 906 33 16 out

1425 924 26 22 by
1460 925 27 16 Dr
1495 924 93 19 Sharman
1597 927 20 16 of
1625 927 106 17 Auckland.

1450 956 33 17 We
1492 956 77 18 observe
1577 957 43 17 that
1634 958 33 17 the
1684 958 74 18 visitors
1776 958 49 18 book
1840 960 19 16 at

1426 979 32 17 the
1467 980 87 17 Pavilion
1563 981 15 16 is
1587 981 58 22 being
1654 981 56 22 again
1719 982 103 21 disfigured
1834 983 26 21 by

1425 1009 51 11 some
1496 1003 55 17 small
1572 1003 79 19 brained
1670 1004 115 18 individuals
1798 1005 62 18 whose

1425 1026 53 17 weak
1488 1032 52 11 sense
1547 1027 21 16 of
1576 1026 82 18 humour
1671 1030 86 20 prompts
1771 1028 51 17 them
1839 1031 21 15 to

1425 1050 53 16 enter
1498 1049 90 18 fictitious
1604 1056 65 12 names
1691 1052 20 16 of
1733 1052 127 21 suppositious

1425 1078 119 17 personages.

1448 1101 38 16 The
1495 1101 48 17 bath
1552 1103 74 16 returns
1636 1103 29 17 for
1670 1103 32 16 the
1710 1103 66 17 month
1782 1104 21 16 of
1811 1103 36 17 Feb-

1425 1130 56 16 ruary
1489 1130 32 11 are
1529 1130 20 11 as
1559 1125 73 17 follows
1638 1125 4 22 :
1644 1126 84 17 —Baths
1737 1125 56 18 taken
1801 1127 47 16 4020
1854 1125 4 22 ;

1425 1147 44 17 cash
1477 1148 89 19 received,
1577 1148 34 17 £Bl
1623 1150 21 15 8s
1653 1149 30 16 Od.
1708 1149 44 17 This
1765 1149 62 18 shows
1835 1156 24 11 an

1427 1170 80 17 increase
1517 1177 44 11 over
1567 1171 32 17 tin;
1608 1172 148 23 corresponding
1764 1172 66 18 month
1840 1174 20 16 of

1425 1193 37 17 last
1470 1199 45 17 year
1528 1194 21 17 of
1565 1195 34 16 923
1616 1195 56 17 baths
1689 1195 38 17 and
1744 1195 26 17 £7
1778 1197 21 15 4s
1808 1196 24 16 Od
1839 1196 20 17 in

1425 1217 49 17 cash.

1448 1249 101 17 Constable
1557 1249 80 23 Murray
1646 1250 33 18 has
1688 1250 56 17 taken
1753 1250 29 18 his
1792 1250 55 23 depar-

1425 1273 42 16 ture
1476 1272 47 17 from
1533 1277 35 12 our
1576 1272 57 18 midst
1643 1279 22 11 on
1676 1280 11 10 a
1701 1274 53 16 short
1769 1274 90 23 furlough

1425 1296 19 15 of
1455 1296 19 15 12
1483 1294 53 23 days.
1561 1296 32 17 Mr
1602 1296 77 23 Dansey
1688 1298 40 16 acts
1742 1303 21 10 as
1776 1297 50 18 clerk
1839 1298 21 17 of

1424 1320 53 15 court
1485 1318 71 22 during
1572 1319 29 17 his
1614 1320 79 17 absence
1707 1320 37 17 and
1757 1320 102 18 Constable

1424 1341 79 17 Wlielan
1514 1342 20 16 of
1547 1342 101 23 Tauranga
1661 1343 58 17 fulfils
1737 1343 32 17 the
1785 1344 39 17 rest
1839 1344 21 17 of

1424 1364 29 17 his
1461 1365 128 18 multifarious
1597 1365 68 18 duties.

1448 1397 31 16 Mr
1486 1397 21 16 T.
1517 1397 122 20 Rotherham,
1650 1398 47 16 head
1707 1398 20 16 of
1735 1398 33 18 the
1776 1398 71 18 locomo-

1424 1419 38 17 tive
1481 1419 120 23 department
1618 1421 20 17 of
1654 1421 32 17 the
1707 1421 47 17 New
1777 1421 82 18 Zealand

1425 1443 99 22 Railways,
1535 1444 122 22 Wellington,
1669 1444 47 20 who,
1726 1445 134 23 accompanied

1425 1466 25 22 by
1467 1466 28 17 his
1510 1466 49 21 wife,
1575 1467 33 17 has
1626 1467 48 17 been
1690 1468 94 22 spending
1797 1475 11 10 a
1824 1469 35 16 few

1424 1489 46 22 days
1483 1491 20 15 at
1518 1489 180 22 Whakarewarewa,
1714 1491 35 17 left
1763 1498 24 10 on
1802 1492 42 17 Mon-

1424 1512 53 22 day's
1485 1513 56 21 train,
1553 1519 22 11 en
1585 1515 54 16 route
1646 1515 30 16 for
1684 1514 61 17 home.

1447 1544 33 17 We
1486 1546 64 20 regret
1558 1546 18 16 to
1585 1545 53 17 learn
1644 1544 4 25 c
1655 1546 8 17 f
1671 1546 32 17 the
1712 1546 57 17 death
1775 1546 19 17 of
1799 1547 45 22 Wyn-

1424 1567 46 17 vard
1479 1567 71 23 Rogers
1564 1568 59 18 eldest
1631 1574 32 12 s'-n
1673 1570 18 16 of
1703 1570 32 16 Mr
1742 1569 29 17 W.
1781 1570 77 22 Rogers,

1424 1592 115 21 st'Tekeeper
1736 1593 20 17 St
1761 1593 98 22 Stephen's

1424 1614 60 17 school
1495 1614 98 17 Auckland
1603 1616 99 21 yesterday
1712 1621 24 12 m<
1743 1616 63 22 rning.
1819 1616 39 18 The

1423 1637 50 22 bedy
1482 1637 39 17 will
1531 1638 23 16 bo
1566 1638 84 23 brought
1658 1644 25 12 on
1690 1639 43 17 here
1738 1639 25 22 by
1768 1640 7 16 t
1784 1640 75 21 might's

1424 1660 49 17 train
1480 1661 28 16 for
1516 1661 104 17 interment
1628 1663 20 15 at
1656 1662 82 18 M'k'ia.

1446 1692 39 16 The
1493 1692 77 18 rainfall
1578 1693 30 17 for
1613 1694 33 16 the
1655 1694 67 17 month
1731 1694 19 17 of
1766 1694 57 23 Feby.
1839 1701 20 11 as

1424 1715 88 17 recorded
1521 1717 21 15 at
1550 1716 33 17 the
1592 1717 119 17 Sanatorium
1729 1718 101 17 amounted
1839 1720 20 15 to

1423 1739 41 17 5.55
1472 1739 25 16 in.
1523 1739 39 17 The
1571 1741 84 21 greatest
1665 1740 33 17 fall
1712 1741 44 17 took
1773 1741 53 23 place
1834 1748 24 10 on

1423 1762 32 17 the
1463 1762 33 17 4th
1505 1762 56 17 when
1578 1764 40 16 2.40
1618 1764 21 16 in
1653 1764 38 17 fell.
1726 1764 23 17 In
1763 1765 67 22 regard
1839 1767 20 15 to

1423 1787 127 20 temperature
1565 1786 32 17 the
1618 1786 58 18 shade
1695 1787 103 18 maximum
1821 1793 38 12 was

1423 1808 79 18 reached
1511 1815 24 11 on
1552 1809 33 17 the
1592 1810 49 17 22nd
1658 1810 55 17 when
1730 1811 40 17 82.8
1783 1811 77 22 degrees

1423 1837 48 12 were
1488 1832 95 17 recorded.
1608 1833 47 17 Five
1676 1833 77 23 degrees;
1778 1835 20 16 of
1812 1835 48 16 frost

1424 1861 47 11 were
1480 1856 102 21 registered
1592 1862 23 11 on
1625 1856 32 17 the
1667 1857 44 16 25th
1728 1859 38 15 and
1780 1859 37 16 two
1826 1858 22 17 de-

1423 1884 53 17 grees
1485 1884 24 11 on
1518 1879 33 17 the
1561 1879 50 17 20th.

1447 1910 33 16 Wo
1488 1916 31 11 are
1529 1911 98 21 requested
1636 1913 20 15 to
1665 1913 49 16 state
1727 1912 43 17 that
1785 1919 11 10 a
1810 1913 50 21 prize

1423 1932 39 18 will
1471 1932 23 18 be
1503 1933 87 18 awarded
1599 1936 19 16 to
1628 1934 32 18 the
1669 1934 41 18 hest
1724 1935 74 18 dressed
1815 1936 45 23 lady

1423 1958 21 15 at
1451 1956 33 17 the
1492 1957 130 22 forthcoming
1635 1959 64 21 Fancy
1715 1959 57 17 Dress
1781 1959 48 20 Ball,
1839 1961 20 15 to

1423 1979 23 18 be
1455 1979 76 18 decided
1540 1980 25 22 by
1574 1987 11 10 a
1594 1981 35 17 full
1638 1981 61 18 ballot
1707 1982 21 17 of
1736 1982 32 17 the
1775 1982 83 18 dancers.

1423 2003 26 16 As
1457 2008 43 11 men
1509 2005 70 16 cannot
1594 2004 130 23 intelligently
1739 2005 59 22 judge
1807 2006 53 17 these

1423 2026 84 20 matters,
1517 2026 59 18 ladies
1585 2027 44 22 only
1638 2028 68 17 should
1714 2028 24 18 be
1751 2028 79 18 allowed
1839 2032 20 14 to

1423 2050 48 16 vote.
1496 2049 60 17 There
1564 2051 63 17 would
1642 2051 93 22 probably
1750 2052 24 17 be
1782 2058 12 11 a
1802 2058 45 16 pecu-

1424 2072 35 17 liar
1475 2073 65 17 result.

1448 2104 24 17 Of
1481 2105 32 16 the
1523 2105 74 17 various
1608 2105 71 19 brands
1696 2107 20 17 of
1730 2106 59 18 Cocoa
1798 2107 20 17 in
1827 2108 32 17 the

1423 2127 73 17 market
1505 2128 97 18 Blooker's
1611 2130 16 16 is
1636 2130 38 16 fast
1689 2130 79 22 gaining
1785 2131 74 22 ground

1423 2151 20 16 in
1451 2150 32 17 the
1491 2151 106 18 estimation
1607 2153 21 16 of
1632 2152 33 18 the
1672 2153 69 22 public.
1767 2153 90 21 Invalids,

1423 2174 106 22 especially,
1538 2180 32 12 are
1590 2174 46 19 loud
1644 2176 20 17 in
1684 2176 25 17 its
1730 2177 69 22 praises
1819 2183 20 11 as
1848 2183 10 10 a

1423 2197 83 22 grateful
1520 2198 37 17 and
1578 2199 106 23 refreshing
1697 2199 98 24 beverage.
1820 2200 38 17 The

1423 2220 56 17 latest
1487 2220 110 19 distinction
1606 2223 98 17 conferred
1712 2229 51 16 upon
1772 2223 15 17 it
1796 2223 15 17 is
1816 2224 42 17 that

1423 2244 20 16 of
1451 2244 32 16 the
1493 2244 55 17 Cross
1557 2246 21 15 of
1585 2245 82 18 Honour
1674 2247 21 16 at
1701 2246 32 17 the
1740 2248 63 16 recent
1811 2247 32 17 Am-

1423 2266 82 18 sterdam
1514 2266 120 20 Exhibition.

1447 2300 23 15 In
1486 2300 80 17 another
1583 2300 75 18 column
1667 2301 38 17 will
1719 2301 23 18 be
1759 2301 58 18 found
1826 2302 32 17 the

1423 2322 142 18 balance-sheet
1574 2324 20 16 of
1602 2324 33 17 the
1644 2324 85 17 Botorua
1735 2324 57 17 Brass
1797 2325 60 21 Band,

1423 2345 46 17 with
1486 2346 32 17 list
1536 2347 20 16 of
1576 2346 136 24 subscriptions
1728 2348 82 18 towards
1826 2349 32 17 the

1424 2369 65 21 Sports
1503 2369 45 18 held
1556 2376 24 11 on
1594 2371 49 17 New
1659 2371 66 17 Year's
1741 2371 49 22 Day.
1816 2372 19 16 It,
1844 2372 14 17 is

1423 2392 120 22 satisfactory
1552 2394 21 16 to
1582 2393 55 17 know
1646 2394 44 17 tliet
1698 2395 32 17 the
1739 2394 46 17 debt
1793 2400 24 12 on
1826 2395 32 18 the

1423 2415 124 18 instruments
1554 2416 35 17 has
1597 2417 47 17 been
1654 2418 81 17 reduced
1749 2417 69 23 during
1826 2419 33 16 the

1425 2440 41 21 past
1476 2438 36 18 few
1522 2440 75 17 months
1607 2442 20 16 to
1637 2440 36 18 £l4
1686 2442 36 17 15s.
1757 2441 90 17 Contribu-

1424 2462 48 17 tions
1481 2468 31 12 are
1530 2464 93 22 earnestly
1639 2464 73 18 invited
1728 2464 82 18 towards
1826 2465 33 17 the

1424 2485 103 18 extinction
1536 2487 20 16 of
1564 2487 37 16 this
1610 2487 52 18 debt.

1447 2517 31 16 Mr
1486 2517 30 17 W.
1522 2518 28 17 W.
1559 2518 91 23 Dumper,
1657 2520 43 16 cash
1707 2526 71 16 grocer,
1785 2520 61 17 Frank-

1424 2540 25 17 lin
1458 2540 60 21 Road,
1528 2541 106 22 Auckland,
1644 2543 67 17 inserts
1721 2549 23 11 on
1753 2544 32 17 the
1794 2543 64 18 fourth

1424 2569 48 16 page
1481 2570 11 10 a
1500 2564 51 23 price
1559 2564 33 17 list
1600 2566 21 17 of
1629 2572 10 11 a
1654 2566 37 17 few
1704 2567 21 17 of
1737 2567 33 17 the
1783 2567 77 23 leading

1424 2587 46 17 lines
1478 2587 20 17 in
1514 2588 60 17 which
1587 2588 24 18 he
1628 2589 58 17 deals.
1719 2590 140 19 Householders

1424 2609 45 21 will,
1478 2616 25 11 no
1512 2610 66 21 doubt,
1588 2612 23 17 be
1620 2612 103 18 interested
1735 2613 19 17 in
1769 2614 91 23 studying

1425 2633 31 17 the
1463 2639 57 12 same.
1536 2634 31 17 All
1574 2635 60 22 goods
1643 2637 19 16 to
1672 2637 80 22 country
1757 2638 102 17 customers

1425 2662 32 12 are
1469 2657 92 23 carefully
1578 2658 71 22 packed
1663 2660 37 16 and
1717 2655 26 22 no'
1759 2660 69 24 charge
1844 2661 16 17 is

1425 2679 53 17 made
1488 2681 29 17 for
1525 2681 58 17 boxes
1592 2687 21 11 or
1619 2682 59 18 sacks.
1703 2683 100 18 Extended
1810 2684 50 23 price

1425 2703 40 17 lists
1474 2703 39 18 will
1521 2703 24 18 be
1554 2705 106 17 forwarded
1669 2712 23 11 on
1702 2707 122 22 application.

1448 2734 22 17 In
1481 2735 111 18 connection
1600 2737 46 17 with
1661 2737 32 17 the
1708 2738 100 17 Hamilton
1822 2738 38 18 and

1426 2757 113 23 Cambridge
1548 2759 77 18 Schools
1634 2761 98 17 excursion
1746 2762 38 22 trip
1799 2762 61 18 which

1425 2782 109 17 eventuates
1547 2788 24 11 on
1586 2783 71 23 Friday
1673 2783 33 18 the
1722 2784 58 18 Town
1798 2785 61 17 Board

1425 2804 47 17 have
1477 2804 77 19 decided
1564 2807 19 15 to
1592 2806 56 18 allow
1657 2807 32 17 the
1698 2808 93 17 exclusive
1799 2814 33 12 use
1841 2809 19 18 of

1426 2827 31 17 the
1466 2828 48 17 Blue
1523 2828 50 18 Bath
1585 2829 30 18 for
1629 2830 53 22 boys,
1695 2830 38 18 and
1749 2832 32 16 the
1795 2832 64 17 ladies'

1425 2851 70 17 Rachel
1500 2852 50 17 Bath
1562 2853 29 16 for
1599 2853 47 22 girls
1659 2853 84 18 between
1756 2854 33 18 the
1803 2855 57 17 hours

1426 2874 19 17 of
1455 2875 20 16 12
1484 2874 39 17 and
1531 2876 11 15 4
1549 2875 78 18 o'clock.
1653 2877 38 17 The
1701 2877 56 18 Brass
1762 2878 54 17 Band
1822 2878 38 18 will

1425 2897 94 24 probably
1528 2899 90 18 assemble
1627 2900 20 17 at
1655 2900 33 17 the
1705 2901 71 18 station
1790 2907 25 12 on
1827 2901 33 18 the

1425 2921 69 17 arrival
1507 2922 20 16 of
1540 2922 32 17 the
1585 2923 56 20 train,
1659 2923 38 17 and
1714 2924 52 17 there
1782 2925 39 17 will
1837 2924 23 18 be

1426 2944 65 22 plenty
1500 2945 21 16 of
1528 2945 45 17 time
1583 2946 30 17 for
1622 2946 32 18 the
1662 2948 113 21 youngsters
1784 2949 19 16 to
1817 2948 42 17 visit

1426 2968 32 16 the
1463 2973 30 16 pa,
1500 2968 74 17 Kuirau
1580 2969 38 18 and
1623 2969 54 18 other
1683 2970 61 22 sights
1750 2977 46 11 near
1802 2975 57 14 town.

1449 2999 32 16 Mr
1489 2999 46 17 Bird
1543 3000 33 17 lias
1586 3001 37 17 had
1632 3001 128 19 considerable
1768 3002 93 23 difficulty

1427 3022 17 17 in
1455 3022 101 23 collecting
1564 3023 123 19 information
1703 3025 30 17 for
1749 3026 32 17 the
1797 3026 64 17 native

1427 3051 64 12 census
1501 3046 19 17 in
1530 3046 33 17 the
1571 3047 79 18 Galatea
1658 3048 80 17 district.
1769 3049 20 17 It
1802 3055 58 12 seems

1426 3070 20 16 to
1462 3068 24 18 be
1498 3069 89 23 indelibly
1609 3071 86 22 stc.inped
1716 3077 24 11 on
1754 3072 32 17 the
1799 3072 62 18 Maori

1427 3092 50 17 mind
1486 3093 44 17 that
1538 3094 87 17 taxation
1634 3095 74 17 follows
1717 3096 145 23 census-taking

1426 3121 20 11 as
1455 3116 62 22 surely
1523 3122 20 11 as
1548 3116 16 17 it
1569 3116 45 19 does
1619 3118 154 22 representation.
1791 3119 29 17 On
1827 3125 34 11 one

1427 3145 21 10 or
1455 3140 38 16 two
1503 3140 94 17 occasions
1606 3141 32 16 Mr
1646 3141 45 17 Bird
1701 3147 38 11 was
1751 3142 111 18 threatened

1426 3161 46 17 with
1488 3162 88 22 personal
1591 3164 85 17 violence
1691 3164 35 17 but
1745 3165 50 17 after
1810 3171 51 12 some

1427 3185 92 23 difficulty
1528 3185 19 17 hf
1561 3187 100 17 succeeded
1670 3187 18 17 in
1707 3188 112 23 convincing
1830 3189 32 17 the

1426 3208 72 18 natives
1508 3209 20 16 of
1536 3209 32 17 the
1576 3209 134 19 liarrrilessness
1719 3211 21 17 of
1752 3211 32 18 the
1796 3218 55 16 opera-

1427 3232 40 16 tion
1472 3232 38 16 and
1517 3232 32 17 the
1555 3232 122 19 information
1683 3240 38 11 was
1727 3235 102 18 extracted.

1451 3263 28 18 On
1488 3263 120 24 Wednesday
1616 3265 90 23 morning
1714 3265 36 17 last
1759 3272 12 11 a
1784 3266 50 18 flock
1843 3267 20 17 of

1427 3286 56 22 sheep
1498 3287 78 23 passing
1702 3289 32 16 the
1740 3290 57 19 town,
1813 3290 48 17 from

1427 3310 32 17 the
1469 3310 96 22 Opouriou
1578 3312 66 16 estate.
1660 3311 124 20 Wliakatane,
1797 3313 64 17 bound

1428 3336 19 14 to
1456 3333 86 22 Oliaupo,
1552 3334 56 17 made
1616 3335 33 16 sael
1658 3335 59 17 havoc
1731 3336 20 16 of
1767 3336 32 16 the
1816 3342 46 17 gum

1427 3357 54 19 trees,
1491 3356 79 22 planted
1583 3357 18 17 in
1611 3357 74 18 Fenton
1701 3357 62 19 Street
1778 3359 84 17 between

1428 3380 32 16 the
1468 3380 78 22 railway
1554 3380 38 17 line
1599 3380 37 17 and
1643 3381 32 17 the
1684 3387 113 12 racecourse.
1823 3382 38 19 Oat

1428 3403 20 17 of
1456 3404 34 16 900
1498 3404 49 16 trees
1562 3403 59 18 about
1628 3410 10 10 a
1653 3404 52 17 third
1719 3410 47 12 were
1783 3405 79 18 trodden

1429 3426 54 17 down
1492 3432 22 11 or
1522 3426 98 18 otherwise
1630 3427 80 26 injureel.
1736 3429 25 16 As
1770 3429 15 16 it
1793 3429 15 17 is
1817 3434 34 12 con-

1428 3448 74 18 sidered
1509 3449 43 17 that
1560 3456 11 10 a
1583 3451 67 21 permit
1670 3451 67 16 should
1754 3451 47 18 have
1815 3452 48 18 been

1422 3472 1 28 j
1429 3472 88 17 obtained
1525 3472 63 18 before
1597 3473 76 21 driving
1679 3474 33 17 the
1717 3474 56 22 sheep
1778 3475 83 23 through

1422 3490 1 29 !
1429 3497 51 15 town
1492 3495 124 24 proceedings
1635 3496 39 18 will
1688 3497 23 17 be
1728 3497 101 19 instituted
1841 3505 11 11 a-

1429 3518 63 23 gainst
1501 3519 32 16 the
1542 3519 73 17 drover.

1422 3545 1 30 j
1453 3550 58 17 Fresh
1521 3550 40 17 noti
1573 3557 18 11 es
1601 3551 47 17 have
1662 3551 47 17 bee-n
1725 3552 67 22 posted
1804 3553 59 17 about

1422 3573 1 29 j
1430 3573 32 17 the
1470 3575 52 15 town
1531 3574 88 23 warning
1626 3580 79 16 persons
1713 3575 48 17 from
1771 3576 63 22 riding
1842 3582 21 11 or

1422 3596 1 24 I
1429 3596 76 23 driving
1514 3603 22 10 on
1550 3596 33 18 the
1596 3597 104 23 footpaths.
1725 3598 19 17 It
1764 3599 16 16 is
1801 3601 19 15 to
1840 3599 23 17 be

1422 3619 1 26 ;
1430 3619 100 23 presumed
1538 3620 42 17 that
1599 3620 38 17 this
1651 3621 107 22 regulation
1773 3622 41 17 also
1829 3629 33 16 ap-

1422 3643 1 24 I
1430 3643 46 21 plies
1487 3644 20 16 to
1516 3643 95 22 bicyclists
1620 3644 63 18 wlioso
1693 3644 96 23 headlong
1801 3651 62 12 career

1429 3665 57 23 along
1502 3666 32 17 the
1552 3666 103 22 footpaths,
1669 3667 105 21 regardless
1791 3669 20 17 of
1830 3669 32 17 the

1429 3688 61 22 rights
1501 3689 20 16 of
1528 3689 123 22 pedestrians,
1665 3690 15 16 is
1694 3690 100 24 becoming
1802 3697 48 12 some-

1431 3712 52 17 what
1489 3713 34 16 too
1531 3712 103 18 obtrusive.
1662 3713 38 17 The
1717 3714 62 17 notice
1795 3715 68 18 boards

1430 3735 19 16 in
1459 3735 32 17 the
1595 3736 39 17 and
1643 3736 120 18 Sanatorium
1779 3738 84 22 grounds

1429 3758 48 17 have
1482 3758 40 17 also
1528 3758 47 18 been
1585 3759 85 18 renewed
1676 3759 38 17 and
1722 3760 16 17 it
1745 3761 16 16 is
1773 3761 90 17 intended

1429 3782 19 16 to
1457 3782 76 17 enforce
1547 3782 53 17 these
1616 3782 117 23 regulations
1749 3784 114 23 stringently

1429 3804 19 17 in
1456 3804 71 18 future.

1452 3836 53 17 With
1527 3838 64 20 regret
1607 3843 29 11 we
1644 3843 98 12 announce
1758 3837 32 18 the
1806 3839 56 18 death

1430 3859 19 16 of
1465 3859 41 17 Mrs
1527 3860 101 19 Thomson,
1646 3860 44 17 wife
1707 3860 21 17 of
1743 3861 32 17 Mr
1790 3862 73 22 George

1429 3882 101 21 Thomson,
1546 3883 68 22 engine
1630 3883 60 17 driver
1698 3886 19 17 in
1726 3884 32 17 the
1768 3886 67 16 service
1844 3886 19 17 of

1429 3905 33 18 the
1478 3905 86 23 Railway
1581 3907 131 23 Department,
1735 3907 62 18 which
1818 3909 45 17 took

1429 3928 53 22 place
1491 3930 16 15 at
1519 3929 34 17 her
1561 3930 96 17 residence
1665 3930 44 19 hero
1726 3936 24 11 on
1771 3931 92 23 Saturday

1429 3952 81 22 evening
1518 3952 42 18 last.
1586 3953 39 17 The
1634 3952 89 20 deceased
1730 3953 46 24 lady
1784 3960 38 12 was
1830 3961 22 11 ex-

1430 3975 78 22 tremely
1517 3975 81 22 popular
1612 3976 19 17 in
1646 3977 32 16 the
1697 3977 53 18 circle
1767 3977 20 17 in
1803 3978 60 18 which

1430 3997 32 18 she
1482 3999 68 17 moved
1566 3999 38 17 and
1620 3999 35 17 her
1670 4001 79 17 absence
1766 4001 49 17 from
1832 4002 31 16 tlio

1430 4021 66 18 socials
1512 4022 19 16 in
1550 4022 111 18 connection
1677 4024 46 17 with
1738 4024 32 17 the;
1783 4024 69 23 Presby-

1430 4044 60 18 terian
1500 4044 80 20 Church,
1590 4046 20 17 of
1618 4046 63 18 which
1690 4047 32 17 she
1730 4053 38 11 was
1780 4053 10 11 a
1805 4053 44 12 mem-

1430 4067 37 19 ber,
1481 4067 39 17 will
1533 4068 23 16 be
1574 4069 69 22 keenly
1663 4071 40 17 felt.
1729 4071 39 17 The
1784 4071 79 20 funeral,

1430 4090 61 18 which
1505 4097 39 11 was
1557 4092 43 17 well
1612 4093 96 21 attended,
1718 4094 45 17 took
1777 4093 52 23 place
1841 4100 22 11 on

1422 4114 1 24 I
1430 4114 85 21 Monday
1531 4114 106 22 afternoon,
1655 4116 33 18 the
1703 4117 46 17 Rev.
1766 4116 31 17 Mr
1810 4117 53 21 Roby

1422 4133 1 26 I
1430 4137 108 22 officiating.

1907 122 26 17 At
1942 122 32 18 the
1983 123 43 17 civil
2034 123 70 17 service
2111 122 65 23 junior
2189 125 127 18 examination

1884 144 44 17 held
1940 145 21 16 iu
1972 146 87 22 January
2076 146 36 17 last
2128 146 33 17 Mr
2175 146 64 18 Julius
2255 148 63 18 Cffisar

1884 165 89 24 Malfroy,
1983 169 20 17 of
2008 167 97 22 Hokiti«a,
2112 169 55 17 stood
2177 170 43 17 18th
2229 170 20 17 in
2262 172 56 17 order

1884 191 20 16 of
1911 191 61 19 merit,
1982 192 19 16 in
2009 199 11 9 a
2027 192 31 16 list
2065 192 20 17 of
2091 193 35 16 203
2133 192 114 21 candidates,
2255 194 63 18 whose

1883 214 63 17 marks
1955 215 103 17 amounted
2067 217 19 15 to
2095 221 51 12 more
2159 215 47 17 than
2220 217 98 18 one-third

1883 236 21 17 of
1911 236 33 17 the
1952 238 110 17 maximum.
2088 238 31 17 Mr
2128 238 89 23 Malfroy,
2227 240 42 17 who
2278 240 15 17 is
2307 247 11 11 a

1883 259 79 22 nephew
1970 261 21 17 of
1999 261 32 17 Mr
2039 261 20 17 C.
2070 261 84 22 Malfroy
2167 261 20 17 of
2203 262 37 17 this
2258 264 58 20 town,

1883 282 40 17 also
1931 283 66 21 passed
2006 284 30 17 his
2041 282 139 19 matriculation
2190 286 126 17 examination

1883 306 47 16 with
1938 307 65 16 credit.

1906 337 32 16 Mr
1945 337 19 18 J.
1974 337 25 17 H.
2008 337 70 23 Taylor
2084 339 21 16 of
2130 339 40 17 The
2178 339 52 17 Mart
2257 339 19 17 in
2285 341 33 16 the

1883 359 31 18 old
1923 360 95 23 township
2027 360 99 19 meditates
2134 361 69 21 taking
2212 362 29 17 his
2250 362 55 23 depar-

1883 384 41 16 ture
1933 383 49 17 from
1991 389 34 12 our
2034 384 56 17 midst
2099 385 31 16 for
2137 391 10 10 a
2157 391 65 11 season
2234 387 20 15 at
2262 386 54 17 least.

1883 405 35 17 His
1929 405 135 24 headquarters
2072 407 39 17 will
2119 408 23 16 be
2149 407 19 17 in
2177 408 101 18 Aucklnnd
2288 410 30 16 for

1883 434 50 11 some
1942 429 46 18 time
1996 431 21 16 to
2033 436 51 11 come
2102 430 37 17 and
2156 431 29 16 his
2201 434 117 15 movements

1883 452 39 17 will
1930 452 23 17 be
1961 453 100 22 regulated
2069 454 26 21 by
2104 454 32 17 the
2149 452 45 19 calls
2211 455 30 16 for
2253 456 53 16 atten-

1883 475 40 17 tion
1931 476 115 22 proceeding
2055 476 47 18 from
2111 477 33 17 the
2156 478 74 16 various
2244 478 73 23 mining

1883 499 103 21 properties
1994 499 20 17 in
2029 499 61 17 which
2103 499 23 18 he
2142 499 16 18 is
2168 500 102 18 interested
2283 501 22 17 be-

1883 522 61 16 tween
1953 522 72 17 Paeroa
2036 522 38 17 and
2085 523 33 17 the
2130 523 57 17 north
2202 524 36 17 end
2251 525 21 16 of
2284 525 34 17 the

1883 543 125 19 Coromandel
2030 545 107 18 Peninsula.
2178 546 32 17 Mr
2232 548 85 22 Taylor's

1883 567 83 18 business
1975 568 45 18 here
2027 568 40 18 will
2079 568 23 18 be
2111 568 71 18 carried
2197 575 23 12 on
2234 577 20 11 as
2264 570 53 18 usual

1883 590 60 17 under
1951 591 33 17 the
1991 594 133 20 management
2130 593 21 16 of
2156 593 31 17 Mr
2192 593 25 17 H.
2226 594 90 18 Fortune.

1906 622 39 18 The
1954 622 64 18 Lands
2024 623 38 17 and
2069 624 72 22 Survey
2149 624 126 22 Department
2283 625 35 18 has

1883 645 77 17 notified
1975 646 33 17 the
2020 646 101 18 Chairman
2135 648 21 16 of
2171 647 33 18 the
2217 648 48 17 local
2281 655 24 15 go-

1883 667 80 24 verning
1970 669 52 23 body
2034 669 42 18 that
2089 670 33 17 the
2136 671 58 16 Town
2208 671 62 17 Board
2283 672 35 17 has

1883 691 45 18 been
1938 692 56 21 given
2004 692 35 17 fuli
2048 699 63 16 power
2120 694 59 17 under
2187 694 33 17 the
2228 694 63 18 Board
2298 695 20 17 of

1883 715 71 17 Health
1963 716 36 16 Act
2009 716 20 16 of
2039 716 49 17 1870.
2120 716 39 18 The
2173 716 74 19 district
2261 719 20 16 to
2295 718 23 17 be

1883 737 114 23 proclaimed
2006 739 38 17 will
2053 739 74 18 include
2135 740 33 17 the
2173 741 115 17 watersheds
2298 742 20 16 of

1883 762 32 16 the
1923 760 87 19 TJtuliina
2019 762 38 17 and
2065 763 98 22 Paerengu
2177 765 85 16 streams.
2292 765 26 16 As

1883 790 45 12 soon
1944 791 20 11 as
1978 784 33 18 the
2028 791 97 17 necessary
2142 792 72 17 powers
2230 788 60 17 arrive
2307 794 11 11 a

1883 808 83 22 meeting
1975 808 20 17 of
2003 809 32 17 the
2041 809 57 17 Town
2107 809 63 17 Board
2179 810 39 17 will
2226 810 23 18 be
2258 811 60 17 called

1883 831 19 17 to
1911 831 86 17 consider
2006 831 32 18 the
2046 832 132 22 appointment
2187 834 20 16 of
2213 840 23 10 an
2244 834 62 22 inspec-

1883 855 29 16 tor
1922 854 20 17 of
1949 854 99 18 nuisances
2059 856 38 17 and
2105 857 20 16 to
2130 857 43 16 tale
2178 857 56 17 other
2238 858 51 22 steps
2298 859 20 16 to

1882 877 84 22 improve
1970 878 33 16 the
2006 878 83 22 sanitary
2096 879 96 17 condition
2196 880 20 17 of
2221 881 32 16 the
2258 882 58 16 town.

1905 909 26 16 As
1940 909 16 17 it
1964 909 34 17 has
2006 909 47 18 been
2062 910 59 17 found
2135 911 42 16 that
2194 911 31 18 the
2241 913 77 21 present

1882 932 79 23 settling
1968 933 46 16 tank
2022 934 21 15 at
2051 934 32 16 the
2092 933 48 17 head
2154 934 19 17 of
2188 935 32 16 the
2228 935 44 22 pipe
2279 936 39 16 line

1882 955 62 17 which
1953 956 83 21 supplies
2045 956 31 17 the
2085 958 51 16 town
2145 956 47 18 with
2199 960 59 15 water
2263 958 15 18 is
2283 960 35 16 not

1882 979 20 16 of
1911 979 92 17 sufficient
2012 979 86 23 capacity
2103 980 79 17 toallow
2188 981 32 17 the
2225 981 93 18 sediment

1882 1002 20 17 to
1919 1002 89 22 properly
2024 1002 110 22 precipitate
2151 1003 63 18 before
2231 1005 87 23 entering

1882 1025 32 17 the
1923 1025 53 22 pipes
1984 1031 12 11 a
2004 1031 41 11 new
2054 1026 46 17 tank
2109 1026 15 17 is
2133 1032 42 11 now
2191 1027 18 16 in
2224 1033 66 12 course
2298 1029 20 16 of

1871 1043 1 25 !
1883 1048 134 17 construction.
2050 1048 39 17 The
2103 1055 42 11 new
2161 1050 52 18 tank,
2232 1051 61 17 which
2302 1052 16 16 is

1883 1070 153 24 wedge-shaped,
2046 1071 40 18 will
2095 1072 23 17 be
2123 1073 41 17 06ft
2172 1073 19 17 in
2198 1073 66 23 length
2271 1070 3 26 ;
2289 1075 29 17 Bft

1883 1094 48 17 wide
1940 1094 24 19 bv
1975 1101 10 10 a
1991 1095 59 22 depth
2060 1096 19 16 of
2089 1096 28 17 2ft
2125 1097 20 16 at
2154 1097 34 21 top
2196 1097 42 21 end,
2248 1097 38 18 and
2297 1099 21 16 10

1882 1117 38 17 feet
1928 1118 38 17 and
1975 1118 29 17 4ft,
2011 1118 32 17 Oin
2051 1118 47 23 deep
2107 1120 20 16 at
2135 1119 73 18 bottom
2217 1120 43 17 end.
2278 1122 40 16 The

1881 1140 53 18 work
1942 1141 15 17 is
1966 1141 59 23 being
2032 1141 49 18 done
2090 1142 60 17 under
2158 1148 11 11 a
2185 1144 44 16 vote
2245 1144 20 17 of
2281 1144 37 18 last

1881 1169 46 16 year
1943 1164 38 17 and
1997 1164 61 18 under
2069 1165 32 17 the
2118 1166 116 22 supervision
2250 1168 20 16 of
2286 1168 32 16 Mr

1881 1187 90 23 Malfroy.

1904 1219 40 17 The
1952 1220 40 17 Rev
1999 1219 32 18 Mr
2043 1219 54 18 Ilobv
2114 1220 104 18 conducted
2236 1221 70 24 Presby-

1881 1242 61 17 terian
1951 1244 69 16 service
2028 1243 20 16 in
2057 1244 32 16 the
2098 1244 127 17 Schoolliouse
2234 1250 24 12 on
2267 1246 38 16 Sun-

1881 1265 38 22 day
1928 1266 37 17 last
1974 1267 19 16 to
2008 1266 50 23 good
2074 1267 128 18 attendances.
2229 1268 28 17 Oil
2275 1269 32 16 Fri-

1881 1289 37 21 day
1927 1289 82 22 evening
2017 1289 33 17 the
2058 1296 37 10 rev.
2106 1290 108 23 gentleman
2224 1291 94 18 delivered

1881 1318 11 10 a
1909 1311 71 18 lecture
1996 1313 19 16 in
2032 1313 32 17 the
2081 1313 117 18 schoolroom
2217 1320 24 12 on

2028 1336 71 17 Recent
2109 1337 64 16 events
2178 1337 47 18 have
2234 1338 84 17 directed

1881 1358 95 18 attention
1984 1360 20 16 to
2013 1358 43 18 that
2064 1360 78 21 quarter
2147 1360 19 17 of
2171 1360 33 17 the
2209 1361 62 22 globe,
2279 1362 39 17 and

1881 1388 10 10 a
1900 1382 71 22 goodly
1979 1381 81 18 number
2067 1383 69 17 turned
2144 1389 26 16 up
2179 1386 20 15 to
2212 1384 46 17 hear
2265 1385 53 17 what

1881 1404 33 17 the
1923 1404 81 19 lecturer
2012 1405 37 17 had
2058 1407 20 16 to
2087 1411 39 17 say,
2158 1405 31 18 Mr
2206 1407 54 23 Itoby
2269 1414 49 16 gave

1881 1435 10 10 a
1900 1433 45 16 very
1964 1428 79 23 graphic
2059 1429 38 17 and
2113 1430 106 17 sometimes
2236 1428 82 21 realistic

1881 1451 115 23 description
2006 1452 20 17 of
2034 1452 32 17 the
2075 1454 86 21 country,
2172 1454 37 16 and
2218 1454 33 17 the
2260 1460 46 16 pecu-

1881 1474 35 17 liar
1925 1480 88 12 manners
2022 1475 37 17 and
2069 1477 82 16 customs
2170 1477 20 16 of
2205 1477 33 17 the
2255 1478 50 16 Bush-

1882 1503 48 15 men,
1940 1498 59 17 Boers
2007 1498 37 17 and
2054 1499 58 17 Zulus
2126 1499 43 18 who
2185 1499 56 19 dwell
2258 1501 58 17 there.

1881 1520 30 18 He
1920 1522 46 21 only
1974 1521 81 18 touched
2068 1522 77 22 lightly,
2159 1522 92 20 however,
2266 1530 51 16 upon

1881 1544 33 17 the
1930 1544 63 23 origin
2010 1544 20 17 of
2046 1545 32 17 the
2095 1547 64 16 recent
2176 1547 142 22 complications

1883 1567 59 17 which
1957 1568 24 17 he
1996 1568 105 18 attributed
2109 1571 20 15 to
2138 1571 137 17 overtaxation.
2302 1571 16 16 A

1881 1590 99 19 collection
1995 1597 38 11 was
2050 1592 56 17 taken
2123 1598 26 17 up
2165 1593 19 17 in
2201 1593 31 18 aid
2249 1594 20 17 of
2286 1594 32 17 the

1882 1614 74 17 Church
1966 1614 88 23 building
2062 1615 54 17 fund.

1905 1645 39 18 The
1952 1646 47 17 road
2007 1647 52 16 work
2067 1647 59 23 along
2142 1647 33 18 the
2189 1649 71 17 Rotoiti
2280 1649 38 17 and

1882 1669 86 17 Rotorua
1981 1670 63 17 shores
2060 1670 15 17 is
2091 1671 122 23 progressing
2231 1672 77 17 satisfac-

1882 1692 63 21 torily.
1978 1693 30 22 By
2016 1692 79 24 helping
2110 1694 32 17 the
2154 1693 68 24 buggy
2243 1701 44 11 over
2307 1701 11 11 a

1882 1715 55 17 small
1947 1717 58 16 water
2013 1722 65 11 course
2087 1717 81 17 vehicles
2177 1724 33 11 can
2220 1724 43 11 now
2272 1724 34 17 pro-

1881 1739 44 16 ceed
1947 1745 21 11 as
1977 1739 30 18 far
2027 1745 21 11 as
2067 1740 65 17 Waiiti
2147 1746 24 11 on
2191 1741 33 17 the
2245 1741 73 17 Rotoiti

1881 1762 56 17 shore
1944 1762 38 17 and
1999 1762 54 18 when
2070 1763 32 18 the
2119 1764 81 17 culverts
2217 1770 33 11 are
2265 1771 39 11 com-

1882 1785 63 22 pleted
1954 1785 33 18 the
2001 1786 46 17 road
2063 1786 16 18 is
2095 1786 63 18 bound
2180 1789 20 16 to
2217 1788 76 17 become
2307 1794 11 11 a

1882 1809 81 17 favorite
1979 1815 36 11 one
2031 1809 46 18 with
2095 1810 83 18 tourists.
2204 1810 49 18 Half
2274 1818 43 15 way

1881 1832 60 17 round
1951 1832 85 17 Rotorua
2043 1839 10 11 a
2059 1833 126 23 bigblnffwas
2192 1835 125 17 encountered

1881 1854 59 18 about
1949 1856 31 17 200
1980 1856 21 17 ft
2010 1856 52 23 high,
2078 1857 60 17 round
2147 1857 61 17 which
2223 1858 32 17 the
2271 1858 47 17 road

1881 1878 38 17 had
1928 1879 20 17 to
1957 1879 23 16 be
1986 1879 64 18 taken.
2083 1880 16 17 A
2114 1879 52 18 drive
2173 1881 21 17 of
2202 1881 58 17 about
2278 1882 40 17 20ft

1882 1907 37 12 was
1928 1903 36 21 put
1972 1902 20 17 in
2001 1902 46 18 with
2055 1908 11 11 a
2076 1905 83 15 crosscut
2167 1903 19 18 in
2195 1904 46 18 both
2257 1905 50 17 direc-

1881 1925 50 16 tions
1938 1927 21 15 at
1970 1925 33 18 the
2014 1925 42 18 end.
2086 1926 24 17 In
2119 1927 32 17 the
2168 1927 89 18 chamber
2272 1928 46 17 thus

1882 1948 73 17 formed
1971 1948 62 18 12.jibs
2050 1950 20 16 of
2085 1949 85 23 blasting
2186 1951 77 21 powder
2279 1952 38 16 and

1882 1972 9 16 2
1894 1971 39 17 jibs
1949 1972 21 16 of
1978 1972 97 23 dynamite
2083 1978 49 12 were
2145 1974 94 22 exploded
2255 1974 61 18 which

1881 1994 74 18 cleared
1964 2000 54 17 away
2026 1996 59 17 about
2096 1997 44 16 1000
2157 1997 53 17 cubic
2227 1998 57 21 yards
2298 1999 20 15 of

1881 2018 47 17 hard
1937 2019 80 21 pumice.
2036 2019 42 17 And
2087 2025 20 11 so
2115 2020 32 17 the
2153 2026 43 11 men
2204 2021 86 22 proceed,
2297 2027 20 11 as

1882 2041 32 17 the
1923 2041 90 22 engineer
2020 2042 90 22 remarks,
2128 2042 87 24 blasting
2223 2044 32 17 the
2272 2044 46 17 road

1881 2065 25 16 all
1917 2064 33 18 the
1959 2070 41 17 way
2010 2064 4 23 .

1905 2096 39 18 The
1964 2098 49 17 most
2031 2098 83 17 effective
2127 2100 142 20 arrangements
2286 2106 32 11 are

1881 2119 58 24 being
1949 2120 53 17 made
2011 2122 20 16 to
2040 2127 66 11 ensure
2119 2122 32 16 the
2167 2127 72 12 success
2253 2123 20 16 of
2285 2123 32 17 the

1881 2143 56 17 Brass
1946 2143 54 17 Band
2010 2143 152 23 Sports—which
2169 2145 39 17 will
2213 2145 44 17 take
2263 2146 54 22 place

1881 2172 24 11 on
1914 2166 32 18 the
1959 2172 108 13 racecourse
2081 2173 24 12 on
2119 2168 86 22 Tuesday
2218 2171 52 17 next,
2288 2169 28 17 St.

1881 2190 94 17 Patrick's
1985 2190 49 22 Day.
2058 2190 40 17 The
2106 2196 121 17 programme
2241 2192 39 17 will
2294 2192 23 17 be

1881 2213 60 17 found
1957 2213 18 17 in
1992 2213 80 17 anothor
2089 2214 75 17 column
2180 2215 38 17 and
2232 2215 53 17 there
2302 2216 15 17 is

1881 2242 56 16 every
1943 2236 103 18 indication
2055 2237 43 17 that
2106 2237 54 18 there
2168 2239 38 16 will
2215 2239 24 16 be
2250 2239 68 22 plenty

1881 2260 20 16 of
1909 2260 123 22 competition
2041 2261 18 16 in
2069 2260 32 17 the
2109 2261 75 18 various
2196 2263 71 16 events.
2298 2263 20 16 It

1880 2283 16 17 is
1904 2284 43 17 well
1957 2285 20 15 to
1984 2283 45 17 bear
2037 2284 18 16 in
2065 2284 52 17 mind
2130 2284 43 17 that
2187 2285 32 17 the
2234 2285 54 17 Band
2302 2286 15 17 is

1881 2306 104 22 supported
1999 2306 80 23 entirely
2092 2307 26 22 by
2131 2308 101 23 voluntary
2246 2309 60 17 contri-

1880 2329 77 18 butions
1966 2329 37 18 and
2012 2330 32 17 the
2061 2336 72 12 success
2150 2331 20 17 of
2186 2332 53 17 these
2255 2333 63 20 sports

1881 2352 38 18 will
1928 2353 24 17 be
1960 2359 11 11 a
1980 2354 54 22 great
2048 2353 61 18 factor
2121 2355 19 16 in
2154 2355 73 23 paying
2243 2356 28 17 off
2285 2355 33 18 the

1881 2376 83 23 existing
1973 2376 44 17 debt
2032 2383 22 10 on
2065 2379 79 16 account
2158 2379 20 16 of
2193 2378 125 19 instruments

1881 2400 38 16 and
1933 2400 20 17 in
1974 2399 101 24 defraying
2091 2400 32 17 the
2140 2404 76 15 current
2231 2402 87 23 working

1881 2428 97 17 expenses.
2003 2422 99 19 Residents
2111 2423 38 18 and
2157 2425 75 18 visitors
2236 2425 28 23 by
2270 2426 48 17 clieir

1880 2446 114 18 attendance
2003 2447 19 16 at
2032 2447 32 16 the
2073 2453 107 12 racecourse
2193 2454 24 11 on
2231 2449 87 22 Tuesday

1881 2471 47 16 next
1949 2470 38 17 will
2005 2470 65 22 testify
2084 2470 49 17 their
2152 2472 129 22 appreciation
2298 2473 20 17 of

1881 2492 32 18 the
1923 2493 78 18 services
2010 2494 21 16 of
2039 2493 32 18 the
2079 2494 61 17 Baad.

1905 2526 23 16 In
1937 2524 113 19 accordance
2059 2526 45 17 with
2115 2532 11 11 a
2140 2527 104 17 resolution
2250 2527 68 23 passed

1883 2549 21 16 at
1912 2555 11 10 a
1931 2548 86 23 meeting
2025 2549 19 17 of
2052 2549 33 17 the
2093 2549 59 17 Town
2163 2550 62 17 Board
2242 2557 10 10 a
2262 2552 28 16 set
2299 2552 19 16 of

1881 2572 50 17 rules
1940 2572 34 17 has
1982 2572 47 17 been
2038 2572 65 18 drawn
2112 2573 150 23 upinregardto
2269 2580 36 17 pay-

1882 2597 52 16 ment
1945 2595 30 17 for
1987 2595 57 18 baths
2062 2596 61 17 which
2140 2595 124 25 bathkeepers
2280 2592 38 23 aiid

1881 2618 76 18 bathers
1966 2624 32 11 arc
2008 2619 94 22 mutually
2111 2620 99 21 requested
2218 2623 21 15 to
2251 2621 67 18 attend

1882 2642 26 17 to.
1940 2641 39 18 The
1996 2642 61 17 Board
2074 2643 14 17 is
2106 2644 113 23 apparently
2236 2644 82 19 satisfied

1881 2665 43 17 that
1933 2665 53 17 there
1991 2665 34 17 has
2034 2666 45 17 been
2089 2672 51 12 some
2148 2667 61 22 laxity
2217 2668 61 18 under
2286 2670 32 17 the

1882 2689 76 21 present
1967 2689 76 22 system,
2062 2689 36 17 and
2116 2689 45 23 they
2178 2696 32 12 are
2226 2692 93 23 certainly

1881 2711 85 23 justified
1976 2712 18 17 in
2004 2712 67 22 takiny
2080 2718 38 15 any
2134 2714 51 20 steps
2202 2715 62 17 which
2272 2716 47 22 they

1882 2734 86 19 consider
1977 2735 38 17 will
2024 2741 50 11 more
2091 2736 107 23 effectually
2214 2743 64 13 secure
2286 2739 32 18 the

1883 2764 87 12 revenue.
1996 2759 23 16 In
2029 2759 63 17 future
2102 2759 123 23 bathkeepers
2234 2761 40 18 will
2282 2764 34 16 not

1883 2781 22 17 be
1914 2781 81 18 allowed
2003 2783 21 16 to
2032 2782 42 17 take
2082 2782 70 23 charge
2163 2784 20 17 of
2199 2785 54 17 cards
2270 2785 30 17 for
2307 2792 12 11 a

1882 2810 65 12 course
1956 2806 21 16 of
1985 2804 61 21 baths,
2057 2811 21 11 or
2086 2811 38 17 any
2132 2806 67 18 tickets
2207 2808 30 17 for
2242 2808 77 19 bathers

1882 2828 50 18 after
1940 2828 72 22 having
2029 2834 45 12 once
2083 2828 62 18 issued
2154 2830 58 18 them.
2238 2832 81 17 Persons

1883 2851 59 17 found
1951 2851 82 22 bathing
2041 2852 82 18 without
2131 2852 72 24 having
2210 2854 109 24 previously

1882 2875 44 21 paid
1938 2875 28 16 for
1985 2875 51 17 their
2051 2875 56 18 batlis
2124 2876 67 18 render
2207 2877 112 19 themselves

1882 2897 57 18 liable
1948 2899 20 16 to
1978 2904 9 11 n
1995 2898 77 23 penalty
2081 2899 21 16 of
2116 2899 26 17 £5
2151 2899 52 18 each.
2228 2901 91 18 Whether

1883 2921 53 17 these
1945 2922 49 16 rules
2007 2921 39 17 will
2063 2922 48 17 have
2118 2922 33 18 the
2168 2922 73 19 desired
2258 2925 60 21 effect,

1883 2945 41 19 viz.,
1934 2945 20 16 of
1962 2945 107 23 increasing
2077 2945 31 17 the
2118 2951 85 17 revenue,
2213 2948 83 18 remains
2299 2950 20 16 to

1883 2967 22 17 be
1915 2973 49 15 seen,

1906 2999 75 18 Tickets
1990 3006 31 11 are
2035 3000 58 23 being
2110 3001 36 17 fast
2159 3002 75 22 applied
2247 3003 31 17 for
2293 3003 26 23 by

1883 3023 32 18 the
1931 3023 82 18 votaries
2022 3023 19 18 of
2057 3023 120 23 Teipsichore
2193 3025 43 18 who
2255 3026 64 18 intend

1883 3046 59 22 being
1949 3048 76 20 present,
2033 3048 20 15 at
2063 3047 32 17 the
2102 3047 51 22 plain
2159 3048 37 17 and
2203 3049 56 23 fancy
2268 3049 51 18 dress

1883 3069 38 18 ball
1930 3070 26 21 by
1965 3075 64 12 means
2038 3070 20 17 of
2065 3070 59 18 which
2140 3071 33 17 the
2186 3072 70 23 Jockey
2271 3073 48 17 Club

1883 3094 45 16 such
1947 3094 20 16 to
1980 3093 94 22 replenish
2088 3093 50 18 their
2147 3095 56 17 funds
2211 3096 38 17 and
2258 3098 20 15 at
2286 3096 33 18 the

1883 3122 52 12 same
1944 3116 45 17 time
1997 3121 37 17 pay
2043 3116 37 18 due
2088 3122 97 13 reverence
2192 3119 20 16 to
2218 3119 32 17 the
2259 3126 45 11 mem-

1884 3145 33 16 ory
1940 3140 21 16 of
1977 3139 31 17 tie
2033 3139 133 19 Scoto-Irish
2195 3142 60 18 Saint.
2280 3143 39 17 The

1884 3162 108 18 committee
2006 3163 21 17 of
2042 3165 135 21 management
2193 3171 31 12 are
2240 3166 79 23 making

1884 3191 56 17 every
1957 3185 54 17 effort
2026 3187 20 16 to
2063 3192 66 12 ensure
2144 3187 24 17 its
2177 3194 78 12 success.
2281 3189 39 17 The

1884 3208 40 19 hall
1942 3209 118 18 decorations
2072 3209 39 18 and
2126 3211 141 23 appointments
2281 3213 38 17 will

1886 3232 47 17 have
1946 3232 69 23 special
2031 3233 69 22 special
2108 3234 95 17 attention
2211 3235 39 17 and
2255 3242 11 10 a
2274 3241 34 17 pro-

1884 3261 85 15 gramme
1982 3255 35 17 has
2025 3256 48 17 been
2081 3256 94 23 arranged
2183 3258 20 17 of
2213 3259 21 16 24
2244 3258 74 21 dances,

1884 3279 32 17 the:
1924 3278 82 23 premier
2014 3279 80 17 number
2102 3279 58 23 being
2168 3286 11 12 a
2185 3281 61 22 grand
2255 3282 64 18 march

1884 3302 57 17 waltz
1961 3302 61 17 which
2039 3303 40 16 will
2091 3303 70 22 permit
2177 3305 20 16 of
2213 3305 33 17 the
2263 3305 57 22 fancy

1885 3326 95 16 costumes
1986 3325 57 22 being
2060 3326 90 23 properly
2166 3327 104 23 displayed.
2288 3328 31 17 Mr

1884 3348 21 17 T.
1916 3349 54 20 Ryan
1977 3349 34 16 has
2020 3349 67 22 kindly
2104 3350 101 18 consented
2213 3353 21 15 to
2242 3352 78 21 provide

1884 3371 33 17 the
1926 3371 59 18 dance
1994 3372 59 17 n.usic
2059 3372 38 17 and
2104 3373 31 16 the
2145 3373 56 18 Brass
2217 3374 53 17 Band
2280 3375 40 17 will

1884 3396 36 15 ma'
1928 3400 10 11 e
1946 3401 11 10 a
1970 3396 149 17 el'emonstration
2127 3396 84 24 through
2221 3398 32 17 the
2267 3398 42 22 prin-

1884 3418 51 21 cipal
1942 3418 68 17 streets
2019 3418 19 18 of
2055 3418 32 18 the
2101 3420 51 17 town
2168 3426 21 11 so
2203 3427 21 10 as
2242 3425 18 13 to
2278 3421 43 22 give

1884 3441 50 17 eclat,
1941 3441 21 17 to
1977 3441 31 17 the
2025 3442 91 17 occasion.
2141 3443 39 17 The
2196 3449 69 17 supper
2281 3444 39 18 will

1884 3463 24 18 be
1919 3464 87 22 supplied
2025 3465 26 21 by
2064 3465 31 17 Mr
2115 3465 20 17 T.
2158 3466 78 18 Sainson
2257 3467 64 18 whose

1885 3487 97 17 abih'tities
1999 3488 17 16 in
2027 3488 38 17 this
2074 3488 91 18 direction
2177 3496 32 11 are
2222 3490 65 18 bound
2300 3492 20 16 to

1873 3507 1 31 |
1885 3510 66 22 satisfy
1961 3511 32 17 tin:
2004 3512 50 16 most
2062 3511 72 22 cxigcai
2159 3514 113 21 gourmand.

1908 3542 32 17 Mr
1949 3542 60 21 Percy
2019 3542 67 20 Smith,
2096 3545 183 21 surveyor-general,
2290 3545 31 18 Mr
2326 3542 1 26 j

1884 3564 87 19 Mueller.
1987 3565 144 18 Commissioner
2139 3567 20 16 of
2173 3568 66 16 Crown
2250 3568 69 21 Lands,
2326 3560 1 29 !

1873 3586 1 25 j
1884 3588 33 17 Mr
1931 3588 118 22 McKerrow,
2065 3589 20 17 of
2101 3589 30 17 the
2151 3590 54 18 Land
2226 3591 95 18 Purchase

1885 3611 130 20 Commission,
2025 3612 38 17 and
2071 3611 33 18 Mr
2111 3612 26 17 Le.
2144 3613 46 17 uuel
2202 3614 89 23 Bagnall,
2301 3616 20 16 of

1884 3634 33 18 the
1925 3634 65 18 Waste
1998 3634 64 19 Lands
2071 3635 67 17 Board,
2157 3637 72 18 arrived
2244 3638 44 17 here
2297 3644 23 11 on

1885 3657 85 23 Monday
1979 3658 49 18 from
2036 3658 26 18 Te
2071 3658 57 17 Puke.
2154 3660 39 17 The
2201 3662 57 21 party
2266 3662 55 16 made

1884 3681 33 17 the
1928 3681 79 17 circular
2015 3681 80 23 journey
2104 3683 48 16 from
2167 3683 106 22 Auckland,
2291 3685 30 16 via

1885 3703 33 18 the
1927 3703 85 20 Thames,
2023 3704 71 17 Paeroa
2105 3705 39 17 and
2159 3706 106 24 Taurango,
2284 3707 37 17 and

1886 3727 49 17 have
1943 3726 47 19 been
2007 3727 107 23 inspecting
2130 3730 71 16 certain
2217 3731 104 21 properties

1885 3750 19 16 in
1914 3750 53 18 these
1976 3750 83 18 districts
2067 3750 20 18 in
2095 3750 49 18 view
2152 3752 20 17 of
2189 3749 36 21 the*
2236 3754 85 22 meeting

1886 3773 20 17 of
1912 3773 33 17 the
1954 3773 54 17 Land
2017 3773 95 19 Purchase
2121 3774 63 18 Board
2200 3776 19 16 in
2228 3777 81 22 Welling-

1885 3797 40 16 ton.
1951 3796 106 23 Yesterday
2064 3797 47 22 they
2116 3797 44 18 held
2166 3804 11 11 a
2183 3799 73 21 private
2262 3801 47 16 meet-

1885 3819 34 22 ing
1928 3819 19 17 in
1956 3820 33 17 the
1997 3820 118 17 Courthouse
2127 3820 21 17 in
2156 3822 55 17 order
2219 3824 20 15 to
2249 3823 60 17 formu-

1886 3843 38 17 late
1933 3843 33 17 the
1974 3843 69 17 results
2059 3843 20 17 of
2097 3843 49 17 their
2161 3844 111 23 inspection.
2298 3846 24 17 In

1886 3865 134 18 theaftcrnoon
2027 3868 5 15 1
2037 3867 36 21 hey
2078 3866 58 18 drove
2145 3869 19 15 to
2170 3868 151 23 ArikikapaVapa

1886 3889 38 16 and
1932 3889 33 17 the
1973 3889 49 18 head
2029 3890 21 17 of
2058 3890 33 17 the
2098 3890 98 22 pipe-line.
2222 3892 98 23 Although

1886 3911 33 19 the
1935 3912 85 18 business
2036 3913 17 17 in
2070 3912 62 18 which
2140 3914 61 19 .these
2214 3916 107 22 gentlemen

1886 3940 32 12 are
1935 3937 21 15 at
1974 3937 76 20 present
2071 3937 87 22 engaged
2177 3938 35 16 lias
2220 3944 25 11 no
2262 3938 60 18 direct

1885 3957 134 24 bearingupon
2025 3959 33 18 the
2064 3959 58 22 place,
2131 3960 49 17 their
2185 3966 88 17 presence
2278 3961 44 18 here

1886 3980 39 18 and
1933 3982 33 17 the
1982 3982 129 17 observations
2127 3983 46 23 they
2181 3989 32 12 are
2228 3985 66 17 bound
2302 3986 20 16 to

1887 4004 54 17 make
1950 4010 44 16 may
2003 4011 57 16 prove
2069 4006 19 16 of
2097 4006 63 18 future
2177 4007 113 23 advantage.

2006 4044 96 18 SICKLY
2119 4045 86 19 LOOKS

1888 4097 37 17 Are
1932 4097 124 22 particularly
2061 4097 114 24 mortifying
2180 4099 19 17 in
2205 4100 33 17 the
2249 4100 74 23 gentler

1888 4125 38 12 sex.
1940 4121 17 16 A
1963 4121 69 21 speedy
2039 4121 37 17 and
2082 4121 241 25 mostdcsirableehangeis

1887 4142 85 24 brought
1980 4144 59 17 about
2047 4144 26 22 by
2081 4144 78 18 Wolfe's
2170 4145 104 23 Schnapps.

2362 128 40 17 The
2417 128 80 17 Concert
2518 129 113 18 Committee
2655 129 62 17 which
2739 129 35 16 has

2338 150 47 18 been
2393 151 99 22 organised
2500 152 30 17 for
2538 152 32 17 the
2578 158 82 17 purpose
2665 153 21 16 of
2694 157 68 17 arrang-

2339 173 34 22 ing
2381 180 11 10 a
2401 174 55 17 series
2462 175 20 16 of
2494 177 84 15 concerts
2594 177 21 15 to
2631 175 45 17 take
2691 174 54 23 plaoa
2754 176 20 15 at

2339 196 90 19 intervals
2436 197 20 17 in
2465 197 32 17 the
2509 198 120 17 Sanatorinm
2646 198 88 17 Grounds
2743 203 31 12 are

2340 219 89 22 allowing
2437 225 25 12 110
2476 225 53 16 grass
2545 222 19 16 to
2579 227 54 15 grow
2649 222 61 16 under
2725 221 49 17 their

2340 242 43 17 feet.
2420 243 39 17 The
2476 244 41 16 rirst
2529 245 84 22 meeting
2630 245 20 17 of
2667 244 107 18 committee

2340 264 45 18 took
2393 265 52 23 plaec
2453 266 35 16 but
2495 272 11 10 a
2512 267 50 17 week
2568 274 43 15 ago,
2622 267 38 17 and
2667 267 19 17 in
2694 267 80 17 another

2340 288 74 17 column
2424 289 38 17 will
2471 289 22 16 be
2506 289 59 18 found
2573 291 33 16 the
2622 291 152 16 announcement

2340 311 20 17 of
2368 311 32 17 the
2408 310 41 19 first
2457 314 74 15 concert
2547 313 61 17 under
2624 313 50 18 their
2689 314 85 22 auspices

2340 335 20 15 to
2369 335 44 15 take
2422 335 53 22 place
2483 341 24 11 on
2525 335 69 23 Friday
2611 336 56 23 night
2685 336 19 18 in
2714 336 31 17 aid
2754 336 20 17 of

2340 357 32 16 the
2381 357 56 18 Brass
2454 358 60 17 Band.
2539 359 16 17 A
2571 359 67 17 varied
2653 364 120 18 programme

2340 379 33 18 has
2382 380 47 17 been
2446 381 93 23 arranged
2554 382 100 22 including
2670 383 53 17 vocal
2737 382 37 17 and

2340 402 132 19 instrumental
2493 405 64 18 music,
2584 404 99 18 selections
2698 406 27 21 by
2742 406 32 16 the

2340 425 60 20 Band,
2410 432 57 15 songs
2476 427 36 17 and
2521 427 58 17 hakas
2588 428 25 21 by
2623 429 78 19 natives,
2709 429 36 17 and
2754 429 19 16 in

2340 448 32 17 the
2378 448 96 22 intervals,
2484 449 82 24 dancing
2574 457 24 11 on
2608 451 33 18 the
2653 451 51 18 lawn
2713 453 20 16 to
2742 452 32 17 the

2340 471 68 17 strains
2417 472 20 17 of
2444 472 33 17 the
2490 473 59 17 Band,

2366 523 156 25 ROBBERY
2532 526 45 23 AT
2588 527 68 23 THE
2669 527 77 23 POST

2493 551 123 25 OFFICE.

2434 602 68 18 OVER
2515 603 49 18 £230
2574 604 97 18 STOLEN

2363 648 30 16 An
2411 649 95 17 extensive
2519 650 80 22 robbery
2617 651 45 17 took
2675 651 53 23 place
2741 651 22 18 be-

2341 672 60 16 tween
2427 671 37 17 last
2483 672 56 23 night
2559 674 37 17 and
2622 674 38 17 this
2686 674 89 22 morning

2340 695 21 15 at
2377 695 31 16 the
2425 695 48 17 local
2490 696 45 17 Post
2549 696 65 18 Office.
2648 697 29 17 On
2699 698 76 22 getting

2340 723 26 15 up
2386 719 20 15 at
2424 718 9 17 7
2454 717 70 19 o'clock
2533 719 38 17 this
2584 721 90 21 morning
2681 721 32 16 Mr
2721 721 39 17 Dan-

2340 745 38 17 sey,
2399 742 119 21 postmaster,
2539 743 70 18 missed
2625 743 29 18 his
2672 743 45 22 keys
2737 743 37 18 and

2340 763 86 23 noticing
2446 764 31 18 the
2494 771 51 12 room
2561 766 48 17 door
2621 766 43 23 ajar
2676 767 98 22 suspected

2340 786 43 17 that
2391 787 107 23 something
2511 794 38 12 was
2565 790 57 16 amiss
2639 789 37 18 and
2693 792 20 14 at
2730 796 45 11 once

2340 810 91 17 hastened
2438 811 20 16 to
2468 811 32 17 the
2516 812 58 18 office.
2600 813 30 17 On
2647 813 88 23 entering
2742 813 33 17 the

2340 832 87 23 building
2436 833 23 17 lie
2467 834 59 17 found
2539 836 33 17 the
2588 836 59 17 lower
2655 837 63 16 centre
2726 842 49 17 pane

2340 856 20 16 of
2368 856 32 16 the
2409 855 81 19 window
2506 858 64 23 facing
2584 859 104 18 Fenton-st
2696 859 77 18 broken.

2340 879 45 17 This
2394 879 78 18 enabled
2490 881 32 17 the
2537 881 89 24 burglars
2640 883 38 22 (for
2685 883 15 17 it
2707 883 16 17 is
2731 889 32 16 pre-

2340 902 65 17 sumed
2414 903 53 17 there
2474 909 38 12 was
2521 910 51 12 more
2579 905 46 17 than
2643 905 42 23 one)
2695 907 19 16 to
2724 906 50 17 undo

2340 925 32 17 the
2382 926 59 19 catch,
2451 927 53 17 enter
2511 928 31 17 the
2551 929 101 22 operating
2669 935 58 15 room,
2737 930 37 16 and

2340 954 20 11 so
2370 949 45 21 gain
2424 955 61 11 access
2495 952 19 15 to
2520 951 31 17 Mr
2556 951 93 23 Dansey's
2655 952 52 17 office
2712 952 63 18 where

2340 971 33 18 the
2382 972 39 17 safe
2431 973 71 17 stands.
2511 974 39 16 The
2559 973 45 24 keys
2612 976 20 16 of
2640 975 32 17 the
2678 976 40 16 safe
2727 982 48 11 were

2340 995 19 16 in
2368 995 32 16 the
2409 995 48 21 lock,
2464 996 34 17 but
2507 997 32 17 the
2547 998 39 17 two
2596 998 43 17 cash
2646 998 58 18 boxes
2712 999 62 17 which

2340 1018 99 17 contained
2448 1019 42 17 coin
2499 1020 38 17 and
2542 1021 97 18 securities
2648 1027 48 12 were
2702 1022 71 17 absent.

2340 1041 39 17 The
2394 1041 102 23 registered
2521 1044 84 22 packets,
2620 1046 78 21 stamps,
2714 1045 61 22 postal

2339 1070 17 11 n'
2364 1065 33 19 tes,
2408 1065 38 19 &e.,
2457 1065 38 18 and
2503 1072 10 11 a
2530 1067 54 17 small
2602 1074 30 11 am
2645 1070 34 14 unt
2692 1069 19 16 of
2719 1069 56 16 silver

2339 1093 23 11 im
2370 1093 36 16 ney
2415 1093 48 12 were
2469 1088 41 18 left.
2540 1090 58 18 Const
2614 1091 86 20 Whelan,
2759 1091 16 18 is

2340 1111 65 22 acting
2414 1112 43 16 here
2465 1112 19 16 in
2502 1113 56 17 Const
2577 1114 95 23 Murray's
2688 1114 85 21 absence,

2340 1140 38 11 was
2384 1134 82 21 notified,
2482 1136 37 17 and
2533 1142 25 12 an
2574 1138 129 17 examination
2715 1138 20 17 of
2742 1138 33 17 the

2340 1157 75 22 ground
2424 1158 60 17 made.

2363 1180 55 16 While
2427 1180 52 21 doing
2488 1187 17 10 so
2515 1182 27 16 Mr
2551 1182 112 21 McNamara,
2673 1189 32 10 one
2714 1184 19 16 of
2745 1184 30 15 the

2340 1204 45 13 town
2395 1202 112 18 surfacemen,
2518 1209 46 11 came
2578 1210 24 15 up
2615 1206 33 15 und
2666 1206 56 15 slated
2736 1206 39 16 that

2340 1223 47 15 there
2396 1228 35 10 was
2439 1224 57 20 surely
2505 1225 99 21 something
2612 1231 60 15 wrong
2685 1232 19 10 ns
2711 1227 22 16 he
2740 1227 33 16 had

2339 1243 54 17 found
2401 1244 65 16 several
2475 1246 58 20 things
2541 1247 56 16 which
2607 1248 21 15 he
2636 1248 50 16 could
2701 1250 30 14 not
2745 1253 18 11 ac-

2339 1268 52 13 count
2400 1266 27 15 for
2435 1266 17 15 in
2465 1266 28 16 the
2502 1269 52 14 street
2562 1272 18 12 at
2589 1269 29 15 the
2627 1269 33 16 end
2669 1270 18 15 of
2700 1269 62 16 Robert-

2339 1287 45 15 soil's
2394 1287 77 20 paddock
2480 1288 52 17 about
2539 1291 32 14 400
2580 1290 52 21 yards
2641 1291 43 15 from
2697 1291 29 16 the
2733 1291 41 16 Post

2340 1307 57 17 Office.
2422 1308 29 17 He
2460 1310 38 15 took
2514 1310 29 16 Mr
2555 1311 71 21 Dansey
2639 1312 33 16 and
2686 1312 30 16 the
2728 1312 34 16 Con-

2339 1330 55 15 stab'e
2403 1331 17 14 to
2429 1330 29 15 the
2467 1333 37 18 spot
2512 1332 33 15 and
2552 1333 49 15 there
2617 1333 41 20 they
2675 1333 55 16 found
2746 1333 29 16 the

2339 1351 41 15 cash
2389 1351 52 15 boxes
2450 1351 49 21 lyin»r
2507 1358 42 15 open
2559 1354 44 16 with
2615 1354 92 21 registered
2714 1355 59 16 letters

2340 1375 37 12 torn
2386 1377 43 15 open
2438 1373 34 15 and
2481 1375 83 16 scattered
2573 1375 63 16 about.
2660 1376 75 16 Further
2743 1381 20 11 ex-

2339 1393 95 16 amination
2443 1394 68 17 showed
2516 1396 36 15 that
2557 1397 49 15 when
2611 1397 29 16 the
2644 1399 79 14 contents
2729 1403 44 10 were

2339 1415 98 19 negotiable
2446 1415 40 21 they
2497 1417 33 16 had
2544 1418 41 16 been
2603 1418 51 16 taken
2672 1418 33 16 and
2723 1418 49 16 when

2339 1438 30 14 not
2378 1436 55 16 either
2441 1438 38 14 torn
2488 1443 23 15 up
2519 1444 19 10 or
2546 1439 38 16 left.
2608 1441 16 14 A
2632 1440 62 20 pneket
2707 1440 19 16 of
2741 1440 33 15 £'2o

2340 1458 16 14 in
2365 1461 48 12 notes
2426 1457 32 16 had
2469 1458 40 17 been
2518 1460 100 16 overlooked
2630 1464 33 13 and
2672 1467 35 10 was
2721 1462 53 16 found

2339 1479 53 15 there.
2417 1479 36 16 The
2461 1479 41 22 keys
2516 1481 18 16 of
2549 1483 30 15 the
2593 1483 107 16 Courthouse
2719 1483 55 15 which

2340 1500 33 15 had
2392 1500 42 16 been
2450 1501 17 15 in
2484 1502 28 16 the
2527 1504 62 19 pocket
2604 1505 19 14 of
2645 1504 29 16 Mr
2689 1504 86 21 Dansey's

2339 1522 65 15 clotlics
2413 1526 42 12 were
2464 1524 35 14 also
2507 1524 54 16 found
2570 1530 41 11 near
2621 1526 29 21 by.

2361 1542 28 16 Mr
2397 1542 70 22 Dansey
2474 1544 33 17 last
2515 1545 50 20 night
2573 1547 82 15 attended
2664 1552 22 11 an
2694 1547 80 16 informal

2340 1564 75 20 meeting
2424 1565 17 15 *jf
2450 1566 29 15 the
2487 1567 82 16 members
2578 1568 18 15 of
2606 1568 29 16 the
2643 1568 63 20 Board,
2721 1568 53 16 called

2340 1586 26 15 for
2373 1585 28 16 the
2408 1588 96 18 piuposeof
2509 1588 97 21 discussing
2611 1590 78 20 sanitary
2697 1592 76 16 matters,

2339 1611 18 11 at
2366 1607 28 16 Mr
2403 1605 92 23 Maltroy'a
2504 1609 52 17 house
2564 1611 34 15 and
2612 1611 66 15 walked
2694 1612 50 15 home
2757 1611 16 16 in

2339 1634 85 14 company
2433 1629 41 16 with
2486 1631 63 16 Messrs
2563 1632 76 16 Gerhard
2653 1632 73 16 Mueller
2741 1632 34 16 and

2340 1650 10 15 S
2368 1650 13 16 T
2397 1650 59 19 Brent,
2464 1653 17 14 at
2490 1653 52 16 about
2552 1654 55 15 10.30.
2636 1653 70 21 Shortly
2721 1654 44 15 after-

2340 1672 55 15 wards
2404 1671 21 15 he
2438 1672 62 16 jetired
2514 1678 17 12 to
2545 1677 35 14 rest,
2594 1676 33 15 and
2643 1680 36 11 was
2695 1677 30 13 not
2738 1674 26 16 dis-

2340 1693 44 15 turb.
2390 1693 11 16 d
2410 1693 63 21 uuiing
2487 1695 29 16 the
2531 1696 53 20 night
2599 1696 66 20 though
2683 1697 28 15 his
2728 1702 46 10 room

2340 1718 45 12 must,
2394 1716 43 15 have
2446 1715 41 17 been
2497 1718 68 15 entered
2575 1718 51 16 while
2635 1718 21 15 he
2669 1718 52 21 slept.

2366 1736 3 24 .
2377 1736 20 16 he
2406 1737 44 15 total
2459 1737 33 16 loss
2501 1739 17 15 in
2526 1739 40 16 cash
2576 1739 29 15 the
2622 1742 80 18 property
2715 1739 17 15 of
2745 1739 30 16 the

2340 1757 39 16 Po*t
2390 1757 53 17 Office
2451 1758 14 16 is
2475 1765 39 11 over
2522 1760 45 16 £l3O
2575 1761 18 15 in
2615 1761 45 20 gold,
2677 1763 48 13 notes
2741 1761 33 15 and

2340 1779 80 20 cluqins.
2444 1780 36 16 The
2490 1781 48 16 value
2546 1782 18 16 of
2576 1782 29 16 the
2617 1782 98 19 negotiable
2733 1787 30 11 cun-

2340 1803 45 14 ttnts
2402 1803 18 14 of
2435 1801 29 16 the
2478 1803 92 20 registered
2594 1803 58 16 letters
2671 1804 14 15 is
2700 1805 31 14 not
2745 1806 30 17 yet

2341 1825 67 16 known,
2419 1823 31 15 hut
2464 1824 13 15 it
2491 1824 15 16 is
2518 1824 91 16 estimated
2623 1827 18 13 at
2657 1824 117 21 considerably

2339 1845 100 15 over£loo.

2362 1865 62 20 Seeing
2434 1867 35 15 that
2476 1867 29 16 the
2514 1871 61 12 matter
2586 1867 14 15 is
2613 1868 16 15 in
2646 1868 29 15 the
2689 1868 55 15 hands
2757 1869 18 14 of

2340 1888 30 15 the
2377 1887 53 20 police
2443 1888 14 15 it
2466 1888 55 16 would
2543 1889 21 15 be
2580 1889 107 16 inadvisable
2704 1892 17 13 to
2736 1889 38 20 give

2340 1909 67 16 further
2417 1909 100 21 particulars
2526 1910 16 15 in
2552 1911 29 15 the
2591 1911 99 15 meantime.

2364 1960 53 17 THE
2425 1960 142 18 GOVERNOR
2580 1961 30 17 IN
2622 1961 53 18 THE
2689 1961 47 18 URE-

2449 1984 74 17 WERA
2537 1984 128 18 COUNTRY.

2364 2030 50 18 Lord
2435 2030 93 23 Glasgow,
2551 2032 134 22 accompanied
2700 2032 26 23 by
2743 2033 32 17 the

2339 2054 52 17 Hon.
2401 2054 18 17 J.
2434 2054 78 20 Carroll,
2527 2055 66 22 Major
2603 2055 75 21 Elliott,
2694 2056 81 22 Captain

2339 2077 50 17 Mair
2401 2077 37 17 and
2451 2077 32 17 Mr
2498 2077 18 18 J.
2535 2078 27 17 St.
2580 2077 22 18 L.
2617 2079 68 19 Tonar,
2702 2080 73 22 private

2339 2102 93 21 secretary
2441 2102 20 16 to
2471 2100 32 17 Mr
2518 2100 80 19 Carroll,
2604 2101 35 18 left
2653 2102 85 17 Rotorua
2751 2109 24 11 011

2340 2123 118 22 Wednesday
2479 2124 37 18 last
2536 2125 30 17 for
2587 2124 79 18 Galatea
2690 2126 38 17 and
2749 2126 26 17 To

2338 2147 78 17 Whaiti.
2441 2147 39 17 The
2493 2148 84 16 weather
2593 2148 68 17 looked
2675 2150 49 16 most
2738 2155 24 11 un-

2338 2170 105 22 promising
2451 2170 35 17 but
2494 2170 64 18 before
2569 2171 91 23 reaching
2674 2171 101 23 Waiotapu

2338 2194 33 16 the
2380 2193 117 17 rain-clouds
2505 2194 73 17 cleared
2587 2200 54 17 away
2650 2195 37 17 and
2695 2195 33 18 the
2737 2197 38 16 rest

2339 2217 20 17 of
2375 2217 31 17 the
2420 2216 80 23 journey
2514 2223 39 12 was
2566 2218 139 22 accomplished
2719 2218 46 18 satis-

2340 2240 94 22 factorily.
2460 2240 78 18 Galatea
2547 2246 39 11 was
2594 2241 80 17 reached
2683 2243 20 16 at
2717 2242 59 17 about

2340 2264 9 16 '2
2359 2269 45 17 p.m.
2414 2263 37 17 and
2460 2263 44 18 here
2516 2264 89 22 upwards
2619 2265 20 17 of
2652 2266 34 16 IiOO
2702 2265 73 18 natives

2340 2292 48 12 were
2396 2286 104 18 assembled
2508 2288 20 16 to
2537 2287 24 17 do
2570 2287 61 18 honor
2639 2289 20 16 to
2674 2288 50 17 their
2737 2288 28 17 dis-

2339 2310 109 22 tinguished
2462 2310 71 18 visitor.
2559 2311 17 16 A
2592 2312 56 21 party
2665 2312 21 16 of
2698 2313 77 16 veteran

2339 2333 58 17 chiefs
2406 2333 105 23 performed
2519 2339 12 11 a
2540 2340 40 10 war
2587 2330 65 25 dance,
2662 2335 36 17 and
2707 2341 10 11 a
2726 2335 49 17 haka

2340 2363 23 10 on
2372 2363 24 10 an
2403 2356 102 23 unusually
2513 2357 85 17 effective
2606 2357 49 18 scale
2664 2357 44 18 bore
2721 2359 45 17 testi-

2340 2385 56 17 mony
2406 2382 19 15 to
2435 2380 32 17 the
2475 2380 74 22 delight
2558 2380 46 17 with
2618 2380 61 18 which
2694 2382 33 17 the
2740 2387 23 12 na-

2340 2403 47 17 tives
2396 2403 71 17 viewed
2475 2403 32 17 the
2515 2409 89 16 presence
2613 2404 19 17 of
2648 2404 33 18 the
2695 2405 80 18 Queen's

2340 2427 153 22 representative.
2538 2427 40 16 The
2598 2429 48 15 most
2669 2429 107 21 prominent

2340 2450 58 17 chiefs
2407 2450 93 17 delivered
2509 2456 51 11 some
2568 2456 47 16 very
2629 2451 89 22 eloquent
2732 2457 32 12 ora-

2340 2473 50 17 tions
2410 2473 61 17 which
2492 2479 48 11 were
2556 2473 47 22 duly
2624 2474 104 17 translated
2749 2474 26 23 by

2341 2496 81 22 Captain
2431 2497 55 19 Mair,
2494 2497 50 16 after
2556 2496 63 18 which
2635 2504 11 10 a
2660 2498 79 17 number
2756 2498 19 18 of

2340 2519 44 18 kiwi
2400 2519 37 18 and
2455 2519 80 18 korowai
2549 2521 49 16 mats
2616 2526 47 11 were
2677 2521 98 22 presented

2340 2544 20 16 to
2380 2543 33 17 the
2434 2543 101 17 Governor.
2573 2543 37 17 His
2626 2543 113 23 Excellency
2756 2545 18 16 in

2340 2566 156 23 ac'-nowledging
2504 2566 53 18 these
2566 2567 47 21 gifts
2625 2567 37 17 and
2677 2568 32 16 the
2722 2568 53 17 other

2341 2590 150 16 manifestations
2500 2590 20 17 of
2529 2589 51 23 good
2585 2590 71 23 feeling
2662 2591 40 17 said
2705 2591 42 17 that
2752 2591 24 17 he

2340 2612 38 18 had
2387 2618 51 12 come
2448 2615 89 20 amongst
2545 2613 52 17 them
2610 2614 19 16 in
2645 2614 95 17 fufilment
2756 2615 20 17 of

2340 2636 32 17 tin-
2381 2636 81 22 promise
2471 2636 55 17 made
2533 2637 21 16 to
2563 2636 50 18 their
2622 2637 57 17 chiefs
2688 2637 55 17 when
2756 2639 19 16 in

2340 2659 122 23 Wellington.
2488 2660 30 16 He
2531 2665 40 11 was
2588 2660 75 22 pleased
2680 2660 47 17 with
2744 2662 31 16 the

2340 2683 51 21 loyal
2404 2682 38 18 and
2458 2683 66 22 hearty
2541 2683 89 22 greeting
2646 2683 93 18 extended
2756 2686 19 16 to

2340 2706 40 17 him
2389 2711 23 12 on
2422 2705 28 18 his
2461 2706 40 17 first
2516 2708 55 20 entry
2584 2706 41 18 into
2638 2707 33 17 the
2687 2707 88 17 Urewera

2341 2730 79 21 country
2430 2729 37 17 and
2476 2729 62 18 would
2547 2729 44 17 take
2600 2736 41 11 care
2653 2730 42 17 that
2707 2730 16 17 it
2737 2736 38 12 was

2340 2752 89 23 properly
2437 2752 119 23 represented
2565 2754 20 16 to
2594 2754 32 16 the
2636 2753 69 19 Queen.
2724 2753 51 24 They

2340 2775 38 17 had
2393 2782 11 10 a
2420 2775 86 23 splendid
2523 2777 81 21 country
2620 2777 38 16 and
2675 2777 23 16 he
2714 2776 61 22 hoped

2341 2799 50 17 their
2404 2799 88 17 numbers
2506 2799 64 17 would
2584 2799 82 18 increase
2681 2800 37 17 and
2733 2800 42 17 that

2340 2822 47 23 they
2395 2822 62 17 would
2466 2823 44 16 turn
2519 2822 51 17 their
2578 2823 94 16 attention
2686 2825 20 15 to
2723 2823 52 18 those

2340 2845 84 22 pursuits
2443 2845 61 18 which
2521 2845 63 17 would
2605 2846 66 17 enable
2687 2846 52 17 them
2756 2848 19 16 to

2341 2869 55 17 make
2404 2868 16 18 it
2428 2868 20 17 of
2456 2869 69 17 benefit
2534 2870 20 16 to
2563 2869 52 17 them
2624 2869 38 17 and
2671 2869 50 17 their
2733 2869 31 18 des-

2341 2891 96 18 cendants.
2474 2892 30 17 He
2524 2891 39 18 had
2584 2891 91 18 travelled
2692 2893 25 16 all
2732 2898 44 13 over

2341 2915 46 17 New
2396 2914 83 18 Zealand
2488 2915 37 17 and
2542 2914 38 17 had
2597 2917 34 15 not
2646 2916 40 17 met
2702 2922 11 10 a
2729 2916 47 17 finer

2341 2944 42 12 race
2399 2938 20 17 of
2435 2944 42 11 men
2494 2938 47 18 than
2555 2938 32 17 the
2603 2938 104 18 Ureweras.
2740 2939 35 17 His

2340 2961 130 23 Excellency's
2478 2962 73 22 speech,
2565 2968 52 10 more
2631 2962 99 22 especially
2744 2963 32 17 the

2342 2985 112 18 conclusion,
2464 2990 38 12 was
2518 2985 85 17 received
2616 2985 46 17 with
2678 2985 32 17 the
2727 2987 49 16 most

2341 3008 78 17 decided
2427 3008 96 22 approval.
2549 3008 33 17 Mr
2596 3008 73 17 Can-oil
2682 3009 45 16 then
2741 3009 23 17 ad-

2342 3031 74 17 dressed
2436 3031 33 17 the
2489 3031 58 17 chiefs
2564 3033 75 20 present
2657 3038 24 10 on
2698 3034 78 16 matters

2341 3054 90 22 affecting
2439 3054 49 17 their
2500 3055 87 17 interests
2603 3055 50 17 after
2666 3055 62 17 which
2744 3057 32 16 the

2341 3079 56 21 party
2406 3077 68 18 retired
2483 3078 29 17 for
2521 3078 33 17 the
2563 3078 61 22 night,
2635 3078 32 17 the
2680 3078 97 18 Governor

2341 3101 57 22 being
2407 3100 153 19 accommodated
2568 3103 21 15 at
2598 3101 33 17 the
2638 3101 58 18 house
2713 3102 20 16 of
2745 3102 31 17 Mr

2342 3124 65 23 Wylie.
2418 3124 139 20 schoolmaster,
2568 3125 32 16 the
2609 3124 63 18 others
2678 3126 20 16 at
2706 3125 32 17 the
2744 3132 30 16 pa.

2364 3148 25 17 At
2399 3147 25 18 Te
2432 3147 75 21 Whaiti,
2519 3147 61 17 which
2590 3153 38 12 was
2637 3147 80 18 reached
2731 3150 19 15 .it
2767 3149 6 16 1

2342 3170 70 18 o'clock
2420 3176 24 11 on
2457 3170 104 22 Thursday,
2577 3171 53 17 there
2642 3177 39 11 was
2697 3172 80 17 another

2342 3194 52 22 large
2401 3194 71 17 muster
2481 3194 19 17 of
2507 3194 75 17 natives
2590 3194 43 17 who
2646 3194 85 18 received
2744 3195 32 17 the

2342 3217 73 17 visitors
2424 3217 18 17 in
2450 3217 31 17 the
2489 3218 108 21 customary
2603 3223 78 11 manner
2686 3217 37 17 and
2730 3218 46 17 with

2342 3240 55 17 much
2410 3239 121 18 enthusiasm.
2563 3240 88 18 Presents
2669 3241 20 17 of
2702 3241 75 18 various

2342 3263 55 18 kinds
2408 3269 45 11 were
2462 3263 54 17 made
2524 3265 20 15 to
2553 3264 33 16 the
2596 3264 101 20 Governor,
2712 3270 35 11 one
2758 3264 19 17 of

2342 3286 32 18 the
2383 3286 74 20 donors,
2467 3286 118 23 Whaupapa,
2595 3286 43 18 who
2646 3286 38 18 last
2689 3293 45 16 year
2738 3293 39 11 was

2342 3309 120 23 strenuously
2469 3310 83 22 opposed
2567 3312 20 14 to
2601 3311 31 16 the
2648 3311 88 21 carrying
2752 3316 24 12 on

2342 3333 20 17 of
2370 3333 33 16 the
2411 3330 113 21 roadworks,
2535 3333 79 22 stating,
2624 3339 21 12 as
2653 3333 23 17 he
2686 3330 53 21 made
2747 3334 30 17 his

2343 3356 101 18 obeisance,
2455 3356 42 17 that
2505 3356 112 17 henceforth
2631 3356 23 17 he
2663 3356 63 18 would
2734 3356 24 19 be
2766 3363 11 10 a

2342 3379 49 22 liege
2399 3379 74 22 subject
2481 3379 20 18 of
2509 3379 33 17 the
2551 3379 65 19 Queen
2625 3379 38 17 and
2671 3380 74 21 willing
2756 3382 21 15 to

2343 3401 23 18 do
2384 3402 59 17 battle
2456 3403 30 17 for
2498 3403 34 17 her
2548 3403 56 17 when
2620 3403 92 22 required.
2738 3404 39 16 The

2344 3425 110 18 Governor's
2464 3426 50 22 reply
2524 3426 38 17 and
2573 3426 30 17 the
2615 3426 83 17 remarks
2712 3427 20 16 of
2745 3427 32 17 Mr

2343 3448 72 18 Carroll
2423 3453 48 13 were
2479 3449 85 17 received
2573 3449 45 18 with
2629 3455 57 17 every
2700 3449 42 23 sign
2757 3450 20 17 of

2343 3471 122 18 satisfaction.
2491 3473 16 16 A.
2516 3478 55 16 camp
2580 3478 38 12 was
2627 3473 73 17 formed
2709 3473 29 17 for
2744 3473 33 17 the

2342 3495 56 21 night
2415 3496 19 15 at
2449 3495 32 17 the
2497 3495 61 22 police
2574 3497 92 21 quarters.
2698 3495 30 18 On
2744 3497 33 16 the

2343 3518 98 22 following
2450 3518 88 24 morning
2552 3519 33 16 the
2601 3520 57 21 party
2674 3519 103 23 proceeded

2344 3547 24 11 on
2383 3540 103 19 horseback
2503 3547 51 12 some
2570 3542 85 18 distance
2670 3542 58 22 along
2744 3543 33 17 the

2343 3564 46 18 road
2396 3565 19 16 in
2433 3565 32 16 the
2481 3565 92 18 direction
2589 3566 20 16 of
2625 3565 150 22 Tarapounatnu,

2343 3588 99 21 returning
2462 3588 58 17 about
2539 3589 20 16 10
2577 3588 68 17 o'clock
2662 3589 54 16 when
2731 3589 46 21 they

2343 3610 128 23 immediately
2479 3611 54 17 made
2542 3617 12 11 a
2569 3612 50 16 fresh
2632 3611 101 22 departure
2748 3612 29 17 for

2343 3634 89 19 Ruatoki,
2442 3634 89 23 camping
2538 3634 44 18 that
2591 3634 56 22 night
2660 3636 19 16 at
2689 3634 85 19 Waihou,

2343 3657 58 17 about
2411 3658 21 15 l.i
2441 3657 52 17 miles
2502 3659 43 20 past
2554 3657 85 17 Galatea.

2366 3680 39 17 The
2414 3680 91 21 coaching
2513 3681 20 16 of
2545 3680 33 17 the
2593 3680 112 18 Governor's
2720 3682 57 21 party

2343 3709 20 11 as
2372 3703 30 17 far
2410 3709 19 11 as
2437 3703 26 17 Te
2471 3703 71 18 Whaiti
2551 3709 39 12 was
2598 3704 20 16 in
2634 3704 33 16 the
2680 3704 60 17 hands
2757 3704 20 17 of

2343 3726 69 17 Messrs
2420 3726 23 17 E.
2453 3727 105 17 Robertson
2568 3727 37 17 and
2614 3727 39 17 Co..
2660 3727 20 17 in
2686 3727 79 22 conjunc-

2343 3749 40 18 tion
2392 3749 45 17 with
2446 3749 32 18 Mr
2486 3749 23 18 R.
2518 3749 66 21 Wake,
2594 3750 42 17 who
2646 3750 40 17 also
2691 3750 86 22 supplied

2344 3773 31 16 (lie
2384 3772 64 17 saddle
2457 3772 69 18 horses.
2551 3772 70 19 Messrs
2632 3774 23 16 R.
2669 3774 57 16 Wale
2740 3774 37 17 and

2344 3795 75 22 Sydney
2427 3795 53 22 Haig
2488 3795 134 22 accompanied
2630 3796 36 18 the.
2671 3797 57 22 party
2740 3797 37 17 and

2344 3815 30 20 Mr
2383 3818 22 18 A.
2415 3818 97 18 Warbriek
2525 3819 55 17 acted
2594 3826 19 10 as
2630 3821 147 17 avant-coureur

2343 3842 37 17 and
2389 3845 50 14 went
2447 3841 53 23 right
2507 3842 85 22 through
2600 3844 20 15 to
2629 3843 124 18 Whakatane.

2390 3891 106 18 NAMING
2508 3892 53 17 THE
2578 3893 59 17 NEW
2654 3893 75 17 ROAD.

2367 3939 26 17 At
2402 3938 32 18 the
2442 3938 37 18 last
2486 3938 85 23 meeting
2580 3940 20 16 of
2608 3939 32 17 the
2649 3939 58 18 Town
2715 3940 62 17 Board

2344 3962 33 17 tlic
2393 3962 86 23 question
2492 3962 20 16 of
2528 3962 79 23 naming
2623 3963 33 17 the
2668 3968 42 12 new
2723 3963 54 18 roads

2344 3985 60 17 which
2414 3985 48 17 have
2475 3985 47 18 been
2534 3985 40 18 laid
2587 3987 34 16 out
2635 3991 25 12 on
2676 3985 32 18 the
2725 3986 52 17 other

2345 4008 38 17 side
2392 4009 20 16 of
2426 4008 33 17 the
2474 4009 78 21 railway
2569 4008 37 18 lino
2623 4014 38 12 was
2678 4008 99 19 discussed.

2344 4031 39 17 The
2392 4031 107 20 Chairman,
2509 4032 32 17 Mr
2555 4032 89 22 Malfroy,
2661 4031 62 18 stated
2736 4032 41 18 that

2345 4055 14 16 it
2368 4055 38 16 had
2414 4055 47 17 been
2470 4055 59 17 found
2538 4055 132 17 inconvenient
2680 4055 18 17 in
2712 4055 65 23 laying

2345 4079 33 15 out
2386 4077 53 18 work
2447 4079 20 16 to
2475 4078 48 17 havo
2531 4078 46 22 only
2586 4078 65 17 blocks
2656 4078 37 17 and
2699 4079 78 17 sections

2345 4102 20 15 to
2380 4107 24 14 £o
2421 4100 31 23 by.
2482 4101 31 16 He
2529 4101 85 23 thought
2629 4100 44 18 that
2689 4101 32 16 the
2737 4107 40 12 now

2344 4123 56 18 roads
2408 4124 61 22 might
2478 4130 45 15 very
2532 4124 141 23 appropriately
2681 4124 23 17 lie
2710 4125 67 17 named

2345 4147 49 17 after
2402 4147 32 17 the
2442 4147 92 17 members
2543 4148 21 16 of
2578 4147 31 17 the
2623 4147 70 17 Hoard.
2724 4148 53 18 Some

2796 130 66 22 people
2867 130 74 17 seemed
2946 131 20 17 to
2972 131 86 17 consider
3062 131 43 17 that
3110 131 46 23 they
3161 132 61 21 shouic]
3242 130 8 24 |

2796 154 33 15 not
2838 154 71 16 reward
2918 159 11 10 a
2939 159 43 12 man
2991 154 30 17 till
3029 155 50 16 after
3087 155 23 16 he
3123 161 37 10 was

2796 176 30 16 Tie
2839 182 39 10 was
2892 178 34 15 not
2940 178 21 16 of
2976 176 44 18 that
3036 176 82 24 opinion,
3135 178 85 19 however.
3243 176 3 24 -

2796 199 27 16 Dr
2840 199 79 17 Ginders
2934 199 98 19 instanced
3046 201 34 17 the
3095 206 42 12 ease
3157 203 20 15 of
3192 209 30 12 one

2796 226 49 13 town
2857 222 61 17 where
2930 223 16 16 it
2959 229 39 11 was
3010 224 102 22 suggested
3125 224 43 18 that
3180 225 43 19 their

2796 245 55 17 roads
2858 245 68 18 should
2935 246 23 17 be
2966 246 61 17 called
3035 248 50 16 after
3097 248 45 16 such
3156 249 67 18 famous

2795 274 43 11 men
2847 274 20 11 as
2881 268 84 21 Huxlev,
2973 269 84 21 Darwin,
3065 270 37 17 and
3119 276 20 11 so
3153 277 24 11 on
3187 272 34 19 .but

2796 291 49 18 after
2853 291 24 17 all
2887 292 46 22 they
2942 288 49 21 fixed
3000 298 51 17 upon
3069 293 50 22 plain
3133 295 89 19 number*.

2795 314 39 17 The
2854 314 101 19 Chairman
2972 315 97 19 remarked
3092 317 41 16 that
3152 317 16 17 if
3183 318 40 19 they

2795 337 76 17 wanted
2879 340 20 15 to
2907 338 81 18 number
2996 339 50 17 their
3053 338 55 18 roads
3116 341 21 15 to
3146 340 24 16 do
3176 347 19 10 so
3201 342 21 18 bv

2796 360 24 17 all
2830 366 69 14 means,
2909 361 36 17 but.
2953 362 24 16 he
2985 362 83 23 thought
3077 362 15 17 it
3104 362 61 18 would
3180 364 21 17 be
3213 361 9 22 ii

2796 384 49 21 good
2853 383 42 19 idea
2904 385 20 16 to
2933 385 37 17 call
2978 385 51 17 then
3036 386 50 16 after
3092 386 32 16 the
3130 387 92 19 members.

2796 406 31 17 Mr
2836 407 80 18 Mueller
2924 408 41 17 said
2973 408 19 17 in
3003 409 43 16 that
3061 415 41 11 case
3119 409 45 22 they
3177 416 45 14 must
3245 406 1 25 ;

2795 429 55 18 make
2858 436 25 11 110
2892 430 93 18 invidious
2994 431 104 18 selections.
3118 432 52 23 They
3177 439 44 14 must
3245 436 14 20 f'i

2796 453 85 17 consider
2888 453 33 18 the
2929 453 52 23 early
2987 455 93 17 members
3088 455 20 17 of
3119 455 32 17 the
3159 456 63 20 Board.

2795 476 59 17 There
2863 482 48 11 were
2919 477 32 17 Mr
2959 477 70 23 Taylor
3036 477 38 18 and
3083 478 31 17 Mr
3122 478 56 22 Kelly
3191 482 31 16 and

2795 499 39 17 also
2849 505 36 12 one
2897 506 22 11 or
2932 503 38 14 two
2987 502 63 16 native
3067 502 96 17 members.
3173 497 2 24 .
3196 503 27 18 Mr
3245 497 3 24 '
3257 497 1 24 I

2795 522 76 23 Dansey
2883 523 110 18 considered
3006 524 53 17 there
3072 529 38 13 was
3123 530 24 12 no
3164 531 60 14 reason

2796 545 43 23 why
2848 546 33 17 the
2888 550 77 18 present
2973 549 68 20 system
3049 547 67 17 should
3121 548 23 16 be
3151 549 71 19 altered.
3253 545 4 24 1

2795 568 39 17 The
2842 568 64 19 native
2914 575 65 12 names
2988 570 38 17 had
3034 576 10 11 a
3051 571 69 17 certain
3127 572 97 18 attraction
3246 568 2 25 i
3256 568 1 25 j

2796 591 58 17 about
2862 592 58 20 them,
2930 592 101 24 especially
3039 596 20 15 to
3067 593 84 22 tourists,
3160 594 37 18 and
3205 596 19 17 lie
3257 591 2 29 j

2796 615 83 21 thought
2887 616 16 16 it
2911 616 63 17 would
2983 616 23 17 be
3015 616 95 18 advisable
3116 618 19 16 to
3141 618 83 18 continue
3257 615 2 21 ■

2796 637 32 18 the
2836 640 75 20 present
2926 639 87 21 practice.
3039 639 32 17 Mr
3086 639 83 23 Malfroy
3184 641 40 19 held

2796 660 42 18 that
2846 662 15 15 it
2870 662 63 17 would
2942 663 23 16 be
2973 662 62 18 better
3043 665 20 15 to
3072 662 47 18 have
3127 669 12 11 a
3151 663 73 20 distinc-
3246 656 13 30 l\

2796 683 40 18 tion
2844 683 86 19 between
2938 686 33 17 the
2979 686 55 17 roads
3043 685 38 18 and
3094 686 32 17 the
3139 689 74 15 streets-
3246 684 13 26 1»|

2796 707 62 17 native
2867 713 65 12 names
2940 709 31 17 for
2979 709 33 17 the
3020 709 56 17 latter
3084 709 37 17 and
3128 709 96 23 European
3246 703 12 29 !!

2796 735 64 12 names
2869 731 30 17 for
2907 731 32 17 the
2949 732 75 17 former.
3050 731 29 18 He
3086 732 43 21 had,
3136 733 88 21 however,
3246 731 2 23 :
3257 731 2 23 >

2796 758 24 12 no
2838 756 67 20 strong
2921 754 71 21 feeling
3008 755 19 17 in
3044 755 32 17 the
3093 757 74 16 matter.
3198 756 27 19 Mr

2797 776 75 22 Dansey
2879 777 108 18 considered
2995 778 43 17 that
3044 778 32 18 the
3082 779 77 22 general
3166 780 60 22 public

2798 799 60 18 would
2868 802 34 15 not
2910 799 44 19 look
2963 801 99 23 favorably
3077 807 50 17 upon
3142 803 33 16 the
3187 803 39 18 idea
3257 797 2 27 |

2796 822 21 16 of
2824 822 106 23 bestowing
2939 824 32 17 the
2980 830 65 12 names
3053 825 20 16 of
3081 825 91 18 members
3178 831 47 17 upon

2796 844 33 18 the
2845 846 60 19 roads,
2921 853 51 11 more
2985 846 100 24 especially
3102 854 19 11 as
3135 848 31 17 the
3179 848 46 24 body

2796 874 39 12 was
2843 870 34 16 not
2892 876 24 10 an
2931 870 77 18 elective
3025 876 41 12 one.
3099 871 29 17 Mr
3146 872 78 23 Malfroy

2797 891 39 18 said
2846 892 32 17 the
2886 893 65 22 public
2965 893 62 17 would
3041 893 44 18 take
3098 895 98 22 exception
3208 900 18 13 to

2796 914 100 24 anything.
2923 916 29 17 On
2961 917 31 16 Mr
3006 916 97 19 Mueller's
3119 919 106 21 suggestion

2796 937 32 17 the
2838 940 68 16 matter
2922 945 39 12 was
2975 940 36 17 left
3024 940 20 17 in
3059 940 31 17 the
3106 940 60 18 hands
3183 942 20 16 of
3217 949 9 10 a,

2796 961 108 18 committee
2918 963 105 21 consisting
3038 964 21 16 of
3073 964 32 16 the
3122 964 102 21 Chairman,

2796 983 31 18 Mr
2836 984 75 24 Dansey
2920 986 38 17 and
2967 986 28 17 Dr
3004 986 84 18 Ginders.

2797 1036 116 19 CONCERT
2933 1038 32 17 AT
2982 1038 53 18 THE
3055 1039 170 19 SANATORIUM.

2819 1083 39 17 The
2867 1089 72 13 success
2947 1085 21 17 of
2977 1085 32 17 the
3018 1091 48 17 open
3083 1085 28 18 air
3123 1088 75 16 concert
3210 1088 16 16 in
3257 1083 2 25 I

2796 1106 33 17 the
2850 1107 120 18 Sanatorium
2992 1108 87 18 Grounds
3102 1109 36 17 last
3160 1109 57 24 Friday-

2796 1129 52 18 week
2857 1135 38 13 was
2904 1131 56 21 proof
2967 1131 81 23 positive
3060 1131 42 18 that
3116 1133 45 17 such
3175 1133 41 18 func-

2796 1152 50 18 tions
2855 1152 49 19 have
2912 1155 46 22 only
2973 1157 20 14 to
3006 1154 23 18 be
3046 1155 56 22 given
3118 1157 21 16 at
3154 1157 73 21 regular

2796 1175 89 19 intervals
2895 1177 37 17 and
2942 1178 32 16 the
2983 1180 104 20 patronage
3096 1179 20 16 of
3124 1179 32 17 the
3165 1180 61 21 public

2796 1199 40 18 will
2845 1199 64 18 follow
2917 1206 20 11 as
2947 1201 63 22 surely
3018 1207 20 12 as
3046 1201 33 17 the
3087 1201 56 23 night
3148 1203 32 17 the
3187 1203 39 22 day.

2796 1222 45 17 Two
2849 1222 48 18 have
2906 1225 20 16 at
2935 1224 25 17 all
2974 1226 65 16 events
3053 1225 57 17 taken
3124 1225 52 23 place
3193 1227 34 17 and

2796 1246 33 17 the
2838 1252 84 12 measure
2931 1248 20 16 of
2957 1253 72 12 success
3034 1248 16 17 is
3057 1248 111 23 sufficiently
3175 1250 44 17 satis-

2796 1269 74 22 factory
2879 1272 20 15 to
2909 1272 83 16 warrant
3001 1276 51 12 more
3060 1271 58 23 being
3129 1272 57 22 given
3194 1274 33 16 and

2796 1293 21 16 to
2825 1292 38 18 this
2872 1293 36 17 end
2917 1301 11 9 a
2937 1295 68 22 strong
3019 1295 106 17 committee
3139 1295 33 17 has
3184 1295 43 19 been

2796 1315 73 18 formed
2878 1318 20 15 to
2907 1322 80 18 manage
3004 1318 32 17 the
3053 1318 72 17 details.
3156 1319 30 17 On
3199 1319 28 18 the

2796 1338 85 18 occasion
2891 1340 60 17 under
2965 1340 62 18 notice
3043 1341 33 17 the
3089 1345 138 20 arrangements

2796 1366 48 13 were
2853 1364 49 16 most
2911 1363 92 22 complete
3012 1364 37 17 and
3061 1363 64 19 reflect
3132 1365 33 17 the
3172 1365 44 23 high-

2796 1387 28 15 est
2834 1385 58 18 credit
2900 1391 25 12 011
2934 1387 32 16 the
2975 1387 112 21 committee,
3097 1388 69 18 Messrs
3183 1387 33 19 Wil-

2796 1408 60 21 liams,
2867 1409 78 18 Samson
2955 1410 37 17 and
3001 1410 86 18 Webber.
3112 1411 32 18 Mr
3157 1412 70 18 Purcel!

2796 1431 16 17 is
2820 1432 39 17 also
2868 1433 20 17 to
2897 1432 23 17 be
2928 1433 146 23 complimented
3083 1440 23 11 on
3112 1434 32 18 the
3151 1435 77 18 efficient

2795 1460 79 12 manner
2883 1455 19 17 in
2911 1457 62 17 which
2982 1457 23 17 he
3011 1457 91 22 prepared
3109 1458 31 16 the
3146 1459 81 22 grounds

2796 1478 31 17 for
2834 1478 33 17 the
2875 1479 81 18 visitors.
2987 1480 40 17 The
3041 1480 55 23 night
3164 1481 64 24 bright

2796 1502 108 21 moonlight
2914 1502 38 17 and
2969 1503 91 18 cloudless
3077 1504 37 17 and
3130 1511 97 12 numerous

2796 1523 83 19 lanterns
2888 1526 93 18 scattered
2989 1526 45 18 here
3042 1527 37 17 and
3085 1528 52 17 there
3143 1532 86 19 amongst

2796 1547 33 18 the
2837 1549 48 17 trees
2895 1548 89 22 glittered
2992 1550 38 17 like
3041 1556 21 11 so
3075 1557 57 16 many
3145 1551 82 23 gigantic

2796 1570 79 19 fireflies.
2901 1572 39 17 The
2949 1573 82 22 friendly
3045 1579 74 17 geysers
3133 1574 38 18 had
3184 1575 43 17 been

2796 1596 35 20 put
2851 1600 25 12 on
2893 1594 50 19 their
2958 1596 43 17 best
3017 1596 102 18 behaviour
3135 1598 37 17 and
3189 1599 39 17 vied

2796 1617 46 17 with
2852 1617 45 19 each
2906 1619 55 17 other
2970 1625 20 11 as
2999 1621 20 16 to
3027 1619 62 19 which
3098 1621 62 17 would
3168 1621 59 18 throw

2796 1641 33 17 the
2841 1641 69 23 higher
2923 1643 34 21 jet.
2983 1643 32 17 Mr
3028 1643 72 18 CorleM
3112 1650 39 12 was
3165 1645 20 16 in
3199 1645 29 17 the

2796 1664 52 17 chair
2857 1665 36 16 and
2902 1671 12 10 a
2923 1665 41 17 well
2977 1666 68 17 chosen
3059 1671 120 18 programme
3193 1674 36 12 was

2796 1693 49 15 gone
2858 1688 91 23 through,
2956 1689 33 17 the
3004 1688 53 19 vocal
3070 1690 88 18 numbers
3173 1691 54 23 being

2796 1710 59 22 freely
2865 1711 125 23 interspersed
2998 1712 26 23 by
3033 1712 97 18 selections
3139 1714 48 18 from
3198 1715 30 17 the

2796 1733 61 21 Band,
2867 1735 32 17 the
2909 1735 92 17 members
3010 1737 20 16 of
3038 1735 61 19 which
3107 1737 68 22 kindly
3183 1744 45 16 gave
3257 1733 2 27 <

2796 1756 50 18 their
2854 1758 85 17 services.
2965 1759 15 16 A
2996 1760 66 21 strong
3078 1761 71 17 feature
3165 1761 21 16 in
3198 1761 30 18 the

2796 1786 120 16 programme
2925 1787 38 11 was
2972 1782 32 17 the
3013 1782 105 22 pianoforte
3128 1783 36 18 and
3177 1789 38 12 man-

2796 1803 51 17 dolin
2858 1803 46 19 duet
2912 1805 25 22 by
2946 1805 46 17 Miss
3001 1806 64 16 Miller
3075 1806 37 17 and
3125 1806 29 18 Dr
3166 1807 61 23 Craig.

2796 1827 44 17 This
2849 1833 38 12 was
2902 1827 66 23 loudly
2982 1828 78 18 encored
3074 1829 37 17 and
3127 1831 101 21 responded

2796 1851 21 16 to
2825 1850 37 17 and
2871 1851 49 17 later
2928 1857 24 11 on
2962 1852 28 16 Dr
2999 1852 58 22 Craig
3066 1859 46 16 gave
3129 1860 11 11 a
3156 1854 71 18 further
3257 1850 2 25 f

2796 1873 93 22 specimen
2899 1875 20 17 of
2926 1874 30 18 his
2965 1874 41 18 deft
3014 1875 137 23 manipulntion
3161 1878 21 16 of
3193 1878 35 17 this
3257 1873 2 25 I

2796 1897 74 17 tuneful
2885 1897 121 19 instrument.
3038 1899 40 17 Mrs
3095 1899 46 18 Keir
3157 1906 37 12 was
3210 1901 16 17 in

2796 1919 93 18 excellent
2898 1921 51 17 voice
2958 1921 38 18 and
3005 1928 48 16 sang
3080 1921 86 25 Whisper
3175 1925 36 16 and
3220 1925 7 16 I

2797 1942 48 18 shall
2928 1944 46 17 with
2982 1947 129 16 consummate
3116 1946 49 18 skill.
3191 1948 36 17 Mrs

2796 1966 71 18 Wilson
2877 1972 48 17 gave
2934 1967 32 17 the
2984 1968 80 18 favorite
3078 1969 28 17 air

2797 1989 45 17 with
2852 1989 56 18 much
2917 1991 114 22 expression.
3057 1992 46 17 Miss
3112 1992 73 19 Simeon
3193 1994 34 18 and

2796 2012 47 17 Miss
2853 2013 96 18 Robinson
2959 2015 119 17 contributed
3087 2022 11 10 a
3106 2022 48 17 song
3160 2017 45 18 each
3210 2018 17 16 in

2796 2042 12 10 a
2817 2042 78 11 manner
2903 2037 62 17 which
2974 2043 38 12 was
3029 2038 68 22 highly
3109 2040 80 17 relished
3205 2041 22 22 by

2796 2059 33 17 the
2837 2060 96 18 audience.
2959 2061 32 17 Mr
2999 2060 84 23 Samson,
3092 2062 61 18 whose
3160 2066 68 15 correct

2797 2083 77 17 musical
2883 2085 50 16 taste
2945 2084 15 16 is
2975 2090 24 11 an
3012 2084 105 18 additional
3130 2087 98 17 attraction

2796 2107 21 15 to
2825 2112 11 10 a
2845 2106 163 19 well-modulated
3018 2107 56 21 voice,
3085 2114 48 18 sang
3166 2109 61 19 Island

2796 2129 21 17 of
2825 2129 79 18 Dreams
2933 2132 49 15 most
2991 2131 123 23 engagingly.
3139 2133 32 16 Mr
3180 2133 45 18 Roth

2796 2152 120 18 contributed
3031 2154 54 17 other
3180 2157 19 16 in
3218 2164 10 9 a

2796 2175 68 22 highly
2876 2175 88 24 pleasing
2978 2182 79 12 manner
3073 2178 37 16 and
3126 2179 32 16 Mr
3174 2179 54 18 Boult

2796 2198 69 22 played
2874 2199 38 17 and
2921 2205 48 17 sang
2998 2200 38 17 The
3050 2199 66 25 Flight
3130 2202 19 17 of
3164 2203 48 23 Ages

2796 2221 19 17 in
2825 2221 28 17 his
2862 2223 54 17 usual
2925 2223 90 22 masterly
3027 2224 53 21 style.
3110 2224 72 23 Lastly,
3197 2226 32 17 but

2797 2246 34 16 not
2839 2245 48 17 least
2897 2246 74 22 worthy
2980 2247 20 16 of
3008 2247 90 20 mention,
3113 2248 31 17 Mr
3158 2248 60 18 Ilerde-

2798 2273 47 17 geen
2855 2274 48 17 gave
2912 2276 11 10 a
2932 2269 71 23 sample
3012 2270 20 17 of
3038 2269 57 19 Swiss

2798 2291 61 17 which
2876 2297 39 12 was
2933 2293 55 17 much
3005 2294 120 22 appreciated
3141 2295 25 21 by
3180 2296 50 17 those

2797 2315 119 18 accustomed
2942 2318 19 15 to
2984 2316 36 18 this
3041 2316 83 22 peculiar
3144 2318 48 18 form
3212 2320 17 16 or'

2796 2337 129 22 vocalisation,
2936 2339 37 17 and
2982 2339 80 18 enlisted
3070 2341 32 17 the
3111 2342 59 17 entire
3180 2348 36 16 sym-

2796 2361 75 22 pathies
2881 2362 20 17 of
2909 2362 33 17 the
2950 2363 74 18 natives
3031 2365 81 20 present.
3137 2365 40 17 The
3186 2372 32 10 con-

2797 2384 93 18 tribution
2899 2384 57 19 boxes
2965 2387 20 16 at
2994 2386 33 17 the
3034 2388 54 20 gates
3093 2393 48 12 were
3146 2388 82 22 presided

2797 2413 44 11 over
2854 2407 26 23 by
2897 2408 41 18 Mrs
2954 2408 93 18 Williams
3064 2410 36 17 and
3117 2412 32 16 the
3166 2412 63 17 Misses

2796 2430 80 23 Murray
2896 2431 37 18 and
2954 2431 92 24 Douglas.
3079 2433 39 18 The
3135 2434 92 18 collection

2798 2454 78 17 realised
2893 2455 32 17 the
2940 2455 68 23 highly
3025 2456 119 22 satisfactory
3156 2464 41 12 sum
3210 2459 19 17 of

2797 2477 26 17 £0
2833 2478 31 17 13u
2872 2477 30 18 3d.

2846 2549 143 19 LICENSING
3013 2550 172 21 COMMITTEES.

2821 2597 22 16 At
2851 2596 33 17 the
2893 2597 98 22 quarterly
3007 2599 84 22 meeting
3107 2600 20 16 of
3143 2599 32 18 the
3191 2601 38 19 Bav

2798 2619 20 17 of
2827 2619 69 23 Plenty
2909 2620 102 22 Licensing
3027 2621 111 20 Coimnitfee
3154 2623 44 19 held
3213 2620 16 21 iii

2797 2642 101 23 Tauranga
2914 2649 24 11 on
2961 2644 117 23 Wednesday
3094 2645 36 18 last
3144 2648 37 17 two
3197 2654 22 16 ap-

2797 2665 100 23 plications
2905 2667 84 23 relating
3004 2669 21 16 to
3041 2668 37 18 this
3094 2669 74 19 district
3185 2677 33 11 wen-

2797 2689 52 17 dealt
2856 2689 52 18 with.

2821 2712 40 17 Mrs
2870 2712 102 19 Henrietta
2977 2713 186 22 Morrison,Rotorua
3166 2717 61 20 Hotel,

2797 2735 75 22 applied
2883 2735 29 18 for
2926 2736 32 17 the
2975 2737 83 18 removal
3067 2739 20 16 of
3092 2739 34 17 her
3133 2739 68 20 license
3210 2744 17 15 to

2798 2758 78 18 Paerej.
2902 2759 31 17 Mr
2942 2759 71 21 Cotter,
3023 2761 105 22 Auckland,
3138 2766 90 20 appeared

2799 2782 30 17 for
2836 2782 98 22 applicant
2950 2783 38 18 and
3003 2783 32 18 Mr
3046 2784 52 18 Moss
3111 2789 116 20 represented

2797 2806 112 21 po'ii;:o«»rs
2926 2806 43 17 who
2978 2807 87 22 objected
3074 2809 19 16 to
3103 2808 32 19 the
3143 2812 86 17 removal.

2798 2828 31 17 Mr
2850 2828 68 18 Edwin
2938 2829 92 18 Edwards
3049 2837 35 11 one
3104 2837 20 12 or
3144 2833 32 18 the
3185 2835 43 17 Com

2797 2851 66 18 inittee
2871 2851 36 18 left
2920 2853 33 16 the
2959 2853 64 18 Bench
3030 2853 70 24 during-
3108 2856 32 18 the
3153 2856 68 19 heaiinn-

2798 2875 20 16 of
2826 2875 32 17 the
2867 2881 47 15 case,
2926 2875 23 18 ho
2957 2875 73 23 having
3036 2877 40 18 sold
3085 2879 32 17 the
3123 2880 45 17 land
3180 2887 47 16 upon

2797 2897 62 18 which
2876 2898 33 17 the
2923 2905 42 11 new
2978 2900 87 23 building
3074 2903 63 17 would
3149 2903 24 18 be
3181 2910 37 12 erec-

2799 2921 31 17 ted
2847 2921 15 17 if
2871 2921 33 18 the
2917 2923 84 17 removal
3018 2929 47 12 were
3082 2926 86 21 granted.
3194 2928 35 17 The

2799 2944 71 18 Paeroa
2881 2945 60 21 police
2947 2945 83 23 opposed
3039 2947 32 17 the
3079 2950 83 17 removal
3167 2957 24 11 on
3200 2952 29 16 the

2798 2968 75 21 ground
2886 2968 43 18 that
2950 2969 81 18 another
3050 2970 68 19 license
3138 2978 38 13 was
3196 2980 21 11 un-

2802 2996 98 17 necessary
2909 2992 37 17 and
2955 2998 9 11 a
2975 2992 79 18 number
3063 2995 20 16 of
3087 2996 90 20 petitions
3184 3003 34 12 wen-

2797 3013 71 23 lodged
2881 3015 19 17 in
2906 3015 55 17 favor
2977 3016 19 16 of
3010 3016 36 17 and
3061 3018 74 22 against
3149 3020 32 17 the
3197 3027 21 16 ap-

2797 3036 98 24 plication.
2928 3038 39 17 The
2976 3039 58 17 Town
3043 3039 62 19 Board
3119 3042 20 18 of
3148 3043 70 18 Rotoru

2801 3066 20 11 as
2830 3060 67 18 lessors
2906 3062 20 17 of
2935 3062 33 17 the
2973 3062 45 17 hind
3025 3068 24 12 on
3057 3064 62 19 which
3128 3066 33 17 the
3169 3067 50 17 build-

2803 3083 34 22 ing
2853 3085 54 17 stood
2924 3084 70 18 offered
3009 3092 25 10 no
3050 3086 101 23 objection.
3185 3091 33 16 Evi-

2799 3106 57 18 dence
2864 3112 39 12 was
2909 3108 59 17 heard
2985 3110 21 16 at
3022 3110 126 19 considerable
3164 3113 63 18 length

2798 3129 18 17 in
2825 3130 70 24 regard
2903 3133 20 15 to
2933 3131 33 18 the
2974 3133 83 23 existing
3062 3135 141 19 accomodation
3211 3139 16 15 af

2799 3152 84 18 Rotorua
2892 3154 38 17 and
2938 3155 99 20 atPaeroa,
3047 3157 20 16 at
3076 3157 31 17 the
3124 3160 104 17 conclusion

2799 3176 20 17 of
2827 3176 62 18 which
2906 3177 70 19 Messrs
2992 3178 52 18 Moss
3060 3180 38 17 and
3115 3182 65 18 Cotter
3196 3184 21 17 ad-

2799 3198 75 19 dressed
2882 3200 34 18 the
2928 3202 114 17 committee.
3067 3203 56 19 After
3135 3211 24 11 an
3175 3206 55 17 hours

2799 3222 122 19 deliberation
2930 3224 32 17 the
2978 3225 101 21 chairman,
3095 3227 39 18 Col.
3152 3229 78 18 Roberts

2799 3246 47 17 o.M.
2857 3253 49 16 gave
2914 3247 33 17 the
2956 3247 81 18 decision
3052 3250 20 16 of
3084 3250 33 18 the
3124 3253 105 17 committe-.;

2799 3275 19 11 as
2828 3270 79 18 follows:
2930 3271 20 17 If
2957 3271 33 17 the
2999 3271 96 22 applicant
3111 3274 75 22 applied
3203 3277 28 16 for

2799 3298 24 11 an
2832 3293 136 23 adjournment
2977 3295 29 16 for
3017 3296 19 15 14
3045 3295 48 23 days
3100 3298 38 16 and
3153 3298 23 18 he
3187 3305 30 16 pro-

2799 3315 56 18 duces
2863 3316 55 22 plans
2927 3318 21 16 of
2961 3324 12 11 a
2985 3323 43 12 new
3040 3319 58 18 house
3111 3321 21 17 of
3147 3323 34 16 not
3197 3323 32 17 les-i

2799 3338 45 18 than
2854 3340 44 22 fifty
2906 3346 69 15 rooms,
2985 3347 51 16 upon
3044 3343 91 21 approval
3148 3346 20 16 of
3180 3346 51 17 these

2799 3362 54 22 plans
2862 3363 25 22 by
2896 3363 32 17 the
2943 3364 112 18 Committee
3070 3366 32 17 the
3118 3368 111 22 application

2799 3385 38 18 will
2845 3386 24 17 be
2877 3387 87 21 granted.
2990 3387 77 18 Colonel
3079 3389 81 19 Roberts
3172 3392 59 18 added

2798 3409 43 17 that
2849 3410 34 16 the
2890 3410 59 17 house
2957 3413 51 15 must
3020 3411 23 17 be
3059 3418 11 11 a
3086 3418 42 12 now
3144 3420 35 12 one
3195 3416 35 17 and

2799 3432 42 17 that
2849 3438 25 12 no
2883 3433 31 17 old
2923 3433 88 24 building
3018 3440 23 11 or
3052 3441 11 10 a
3076 3437 73 20 portion
3164 3439 21 16 of
3198 3445 33 12 one

2799 3457 49 15 must
2860 3455 23 17 be
2895 3457 47 17 used
2954 3457 20 17 in
2990 3458 25 17 its
3027 3459 87 18 erection.
3147 3461 30 17 He
3193 3462 38 17 also

2799 3478 61 17 stated
2869 3479 43 18 that
2921 3479 31 18 the
2961 3486 90 16 expenses
3060 3486 114 19 consequent
3182 3491 49 17 upon

2799 3501 32 16 the
2839 3502 136 22 adjournment
2982 3505 51 16 must
3041 3505 23 17 be
3072 3505 58 18 borne
3139 3507 25 22 by
3171 3509 49 22 appli-

2799 3526 49 16 cant.
2874 3525 29 18 On
2912 3526 33 18 the
2957 3527 115 22 application
3087 3530 20 15 of
3121 3530 31 17 Mr
3168 3531 64 18 Cottcr

2799 3553 24 11 an
2831 3548 135 22 adjournment
2975 3556 38 12 was
3022 3552 80 21 granted
3109 3553 28 17 till-

2798 3570 43 22 day,
2855 3571 66 18 March
2932 3573 28 17 IS.

2822 3594 38 17 The
2869 3595 115 23 application
2998 3597 20 17 of
3032 3597 31 18 Mr
3076 3597 81 20 Edward
3175 3601 56 17 Webb

2799 3617 30 16 for
2848 3618 33 16 the
2896 3620 84 17 removal
2997 3620 21 17 of
3032 3622 33 16 the
3081 3621 69 19 license
3165 3625 20 16 of
3201 3625 30 17 the

2800 3639 66 19 Omaio
2875 3641 60 18 Hotel
2943 3643 20 17 to
2973 3643 32 18 the
3013 3643 101 24 Waiotapu
3122 3646 67 23 Valley
3195 3654 35 11 w.-n

2799 3663 106 22 adjourned
2922 3667 19 16 to
2958 3666 67 18 March
3043 3669 20 16 IS
3081 3669 19 15 to
3116 3671 69 20 permit
3201 3671 30 17 the

2798 3684 65 21 native
2871 3693 81 13 assessor
2961 3691 20 16 to
2989 3690 24 17 be
3022 3692 80 20 present.

2823 3735 25 17 At
2858 3735 32 18 the
2898 3738 98 21 quarterly
3005 3739 83 23 meeting
3100 3742 21 16 of
3133 3742 33 17 tiie
3182 3742 37 17 Wai-

2799 3758 45 18 kato
2855 3758 102 24 Licensing
2972 3760 112 20 Committee
3095 3770 24 10 on
3136 3764 95 21 Thursday

2799 3781 37 17 lust
2845 3787 25 12 an
2881 3783 115 22 application
3010 3784 38 19 had
3062 3785 45 19 been
3123 3787 69 23 lodged
3208 3781 3 29 '
3221 3795 9 10 v

2839 3805 21 17 C.
2870 3805 104 22 Crowthor,
2983 3807 79 18 licensee
3070 3810 21 16 of
3098 3810 33 17 the
3137 3811 93 18 Ateamuii

2799 3827 65 21 Hotel,
2876 3829 29 17 for
2913 3829 32 18 the
2952 3831 84 17 removal
3043 3832 20 16 of
3069 3833 33 17 the
3110 3834 68 18 license
3186 3836 19 16 to

2799 3850 59 19 house
2866 3852 21 17 to
2892 3852 20 17 be
2924 3854 74 17 erected
3007 3855 19 16 at
3036 3855 31 17 the
3076 3857 85 23 crossing
3169 3858 20 17 of
3201 3858 30 17 the

2800 3879 41 11 new
2850 3874 161 26 Rotorua-Taupo
3020 3878 60 21 Road,
3095 3886 24 11 on
3133 3881 33 17 the
3182 3882 40 16 Wr.i-

2799 3897 45 18 kato
2861 3897 62 19 River.
2950 3900 31 16 -Mr
2994 3901 77 21 Baume,
3086 3903 42 18 who
3142 3909 43 12 now
3199 3911 21 15 ap-

2800 3920 69 27 peared
2877 3921 30 17 for
2916 3922 31 16 Mr
3079 3926 39 17 said
3133 3926 29 18 his
3171 3928 59 17 client,

2800 3943 65 23 acting
2874 3951 24 10 on
2907 3945 28 16 his
2944 3946 71 20 advice,
3024 3947 38 18 had
3067 3948 78 18 decided
3151 3952 20 16 to
3178 3951 42 17 with-

2800 3966 52 18 draw
2861 3967 32 17 the
2902 3968 120 23 application,
3032 3977 20 10 as
3061 3977 24 12 no
3094 3973 88 22 premises
3196 3973 35 18 had

2801 3989 45 17 been
2856 3991 74 17 erected
2938 3998 23 11 on
2971 3993 33 17 the
3012 3999 41 12 new
3062 3995 40 17 site.
3128 3996 30 18 He
3171 3996 60 18 would

2801 4013 54 17 mako
2871 4013 52 19 fresh
2943 4016 114 22 application
3078 4020 20 15 at
3116 4018 33 19 the
3164 4019 67 18 annual

2800 4036 90 22 meeting.

2823 4059 68 19 Daniel
2902 4061 73 24 Forney
2982 4062 75 23 applied
3065 4064 30 17 for
3106 4072 10 10 a
3130 4066 68 22 packet
3210 4066 14 17 li-

2801 4088 53 11 cense
2863 4083 30 18 for
2901 4085 32 17 the
2942 4086 80 18 steamer
3030 4089 11 7 *'
3049 4087 84 18 Tauhnra
3159 4090 73 21 trading

2801 4105 85 19 botween
2895 4107 65 23 Taupo
2969 4109 37 17 and
3015 4109 95 20 Tokaanu.
3137 4112 25 18 As
3170 4119 24 11 no
3200 4118 32 12 one

2801 4131 94 20 appeared
2910 4131 20 17 in
2947 4133 79 22 support
3039 4134 21 16 of
3072 4134 33 18 the
3120 4136 112 23 application

2800 4158 25 11 110
2833 4152 63 19 action
2907 4160 36 12 was
2952 4155 63 17 taken.

1222 47 59 25 TiiE
1309 50 57 24 Sot
1394 49 94 25 laKEs
1516 49 175 31 Chronicle,
1719 53 192 29 Wednesday,
1940 58 104 22 march
2074 59 30 25 it,
2122 60 50 20 isvg.

180 217 138 19 STEAMSHIP
332 216 117 17 COMPANY
468 216 29 16 OF

73 234 25 26 U
149 242 58 16 NEW
218 239 115 17 ZEALAND
341 238 82 17 Limited.

127 277 123 17 l-KOI'UaKD
262 275 169 17 DEPARI'URKS.

65 306 15 3 ~
199 308 47 16 l<Oli
258 306 101 17 SYDNEY.

63 342 108 18 Waihora,
178 339 93 22 Tuesday,
287 338 49 17 Mar.
354 337 26 19 17,
395 341 10 11 o
418 340 45 17 p.m.

139 376 49 23 Fur
199 381 43 16 suU
250 379 79 17 rnEi<N
340 376 55 23 puki
402 379 18 13 a.

62 420 99 15 Takapuna
168 423 52 16 every
228 416 77 20 Monday

63 441 130 17 Mahinapua
201 444 55 16 every
262 436 103 22 Thursday.

63 465 115 19 Dingadee,
190 462 91 20 Tuesday,
289 459 66 17 March
366 458 45 20 10,5
416 463 47 16 p.m.

63 487 75 20 Flora,
145 485 104 21 Thursday,
267 482 65 18 March
341 482 27 18 12,
377 486 60 12 noon.-

61 531 92 18 Auckland
160 528 66 17 Branch
277 526 106 15 Paluierstou
396 524 98 28 Buildup

60 665 162 47 HUDDART,
247 662 112 18 PARKER,
380 659 54 18 AND
456 657 37 18 CO.

223 685 108 25 (limited),

83 735 96 22 Splendid,
188 731 164 24 Well-appointed
357 730 94 18 Steamers
456 727 38 17 will

60 762 23 17 be
91 758 115 25 despatched
214 758 49 16 from
272 757 118 17 AUCKLAND,
401 759 20 10 as
435 751 61 17 under

58 784 92 23 (weather
165 781 38 18 and
221 780 55 18 other
292 778 143 18 circumstances
451 780 43 16 per-

60 827 183 21 FokGISBORNE,
249 825 105 19 NAPIER,
362 821 117 18 AVELLING-

81 854 57 19 TON,
150 849 157 20 LYTTELTON,
317 849 16 16 &
341 844 129 20 DUNEDIN,

62 879 100 17 Anglian,
172 875 102 18 Tuesday,
286 872 48 17 Mar.
345 871 26 18 10,
383 870 19 15 12
413 873 56 11 noon.

60 902 115 17 Tasmania.
184 893 14 26 ..
206 898 109 17 .Tuesday,
324 894 48 17 Mar.
380 893 28 19 24,
418 893 75 14 l2noon

187 944 50 18 FOR
251 939 111 21 SYDNEY,

105 968 114 22 (Returning
231 969 20 14 to
259 962 99 20 Auckland
366 960 80 23 Diiect.)

58 994 94 20 Carrying
171 992 113 20 Passengers
305 987 29 17 for
356 985 135 18 Melbourne,

70 1017 54 18 other
129 1016 131 18 Australian
267 1011 70 19 Pouts,
345 1008 134 19 andHoß.uu-,

60 1047 102 15 Anglian.
170 1042 105 17 .Monday,
285 1039 49 17 Mar.
341 1038 28 19 2a,
380 1037 9 17 7
398 1041 46 17 p.m.

60 1069 106 17 Tasmania
213 1064 98 18 Monday,
328 1060 54 22 April
394 1061 17 19 0,
421 1060 11 15 4
444 1063 46 18 p.m.

82 1095 31 17 All
122 1093 73 18 Tickets
202 1097 32 12 are
242 1089 91 19 available
342 1088 40 17 also
395 1087 30 17 for
435 1086 45 22 Stop-

59 1124 44 11 over
111 1123 21 11 or
140 1117 71 16 Return
226 1115 25 21 by
263 1113 54 18 ANY
334 1110 85 19 UNION
432 1109 59 18 CO.'S

60 1139 139 20 STEAMERS,
209 1138 37 17 and
253 1136 75 18 holders
336 1136 21 16 of
365 1134 67 18 U.S.S.
449 1133 27 17 Co
483 1139 8 10 s

60 1164 74 18 Tickets
153 1168 44 17 may
213 1160 61 18 travel
289 1160 26 21 by
336 1157 118 18 ANGLIAN
472 1162 21 11 or

58 1186 139 19 TASMANIA.

155 1215 23 17 L.
192 1214 23 17 D.
225 1211 107 19 NATHAN
346 1211 15 16 &
374 1209 46 20 CO.,

387 1233 80 22 Agents.

58 1282 167 44 Northern
253 1278 147 20 steamship
426 1277 48 18 com-

166 1304 78 20 pany,
260 1302 120 19 LIMITED.

191 1348 165 20 TIME-TABLE.

56 1385 81 16 Weather
145 1384 33 15 and
185 1383 49 15 other
240 1381 133 16 circumstances
377 1379 109 22 permitting.

54 1423 81 14 Steamer.
168 1417 3 22 1
255 1418 45 15 Dme
312 1418 18 14 of
344 1417 72 15 Snilini.'.

58 1452 70 16 Leave
137 1448 141 19 AUCKLAND
290 1451 39 14 FOR
341 1445 147 18 TAURANGA.

56 1482 95 19 Waiotahi
198 1481 62 22 Every
268 1479 86 22 Tuesday
363 1479 20 16 at
391 1483 62 17 op.in.

56 1505 118 19 Chelmsford
223 1517 11 7 ~
267 1503 69 21 Friday
346 1503 19 16 at
374 1502 11 16 3
395 1507 46 16 p.m.

268 1527 113 20 Passengers
390 1524 51 21 only.

58 1563 69 17 Leave
140 1559 139 19 TAURANGA
287 1563 38 12 tor
338 1556 150 19 AUCKLAND.

56 1593 118 20 Chelmsford
186 1590 2 25 |
223 1604 11 8 ~
267 1590 85 21 Tuesday
361 1591 20 15 at
390 1591 11 15 2
409 1595 46 16 p.m.

56 1616 94 19 Waiotahi
188 1613 2 25 |
225 1628 10 7 „
269 1613 70 22 Friday
347 1615 20 15 at
375 1614 10 15 4
395 1618 46 17 p.m.

192 1658 95 23 rpHOS.
310 1656 69 19 COOK
400 1657 14 16 &
439 1656 49 18 SON

193 1658 23 44 'I

231 1709 52 13 BOOK
296 1707 97 14 passages
405 1707 42 13 and

60 1724 116 21 TjiZ&Stg&aL
256 1731 76 14 secure
345 1731 77 12 berths

217 1753 31 16 AT
261 1750 104 19 LOWEST
378 1749 81 17 RATES

56 1783 26 14 IIY
95 1784 17 12 P.
122 1779 16 17 &
147 1782 17 14 0.
174 1782 35 15 CO.,
220 1779 74 14 ORIENT
302 1778 36 16 CO.,
348 1777 73 13 DIRECT
429 1776 59 13 LINES

147 1804 89 16 OCEANIC,
251 1801 142 15 MESSAGERIES,

154 1829 27 17 Or
187 1834 37 16 any
233 1827 37 17 line
279 1833 19 11 as
307 1825 78 18 desired.

76 1876 86 22 Enquiry
171 1874 76 18 invited.
263 1872 125 18 Information
398 1871 66 23 gratis.

56 1922 92 20 Intending
148 1917 2 25 1
156 1925 101 17 passengers
270 1919 60 16 should
345 1917 53 21 apply
412 1917 28 16 for
456 1922 32 10 our

74 1944 36 15 free
118 1943 27 16 list
155 1943 18 15 of
181 1945 72 13 steamer
267 1941 72 20 soilings
350 1939 33 16 and
393 1940 46 15 fares
448 1942 18 12 at

103 1969 89 18 COOK'S
203 1967 125 19 SHIPPING
341 1966 99 21 OFFICE,

131 1999 21 17 70
161 2001 42 14 and
213 1997 21 18 78
247 1997 164 19 Queen-street.

85 2027 85 17 Rotorua
186 2023 88 25 Agency:
287 2024 94 17 Hinemoa
391 2023 68 17 Street.

73 2058 46 16 N.B.
123 2057 81 16 —Drafts
212 2056 33 16 and
253 2056 78 16 Circular
339 2055 55 16 Notes
401 2054 57 16 issued
467 2055 18 14 nt

54 2080 60 15 lowest
122 2080 67 15 current
197 2081 50 13 rates.

143 2117 249 44 NOTICE.

59 2209 194 33 FRANKTON
279 2207 207 32 JUNCTION

220 2242 112 32 HOTEL.

54 2301 205 48 PASSENGERS
274 2301 27 24 by
317 2300 53 19 train
386 2302 20 17 to
422 2299 64 19 Auok'

244 2327 54 18 land.

58 2377 156 27 TRAINS
223 2377 70 32 stop
300 2375 188 27 20minutes

69 2415 20 16 at
96 2411 35 19 the
138 2410 106 19 Frankton
251 2410 97 19 Junction
356 2410 32 18 for
396 2409 79 18 dinner.

80 2437 43 20 The
146 2436 136 24 undersigned
310 2436 38 18 lias
379 2434 110 19 first-class

55 2464 65 19 Meals
133 2463 61 24 ready
205 2462 40 19 and
254 2462 71 19 served
335 2468 26 12 on
376 2460 75 21 arrival
468 2460 21 19 of

54 2490 27 19 all
93 2490 71 18 trains.

58 2516 217 45 William
308 2513 177 55 Geach,

112 2571 317 25 PROPRIETOR.

56 2625 147 24 Hancock's
212 2624 96 23 XXXX
315 2624 63 22 Ales
388 2623 100 29 always

186 2658 33 16 on
229 2650 126 29 Draught.

234 2695 97 19 GI.AND

55 2722 88 20 PLAIN
162 2723 16 18 &
193 2721 94 19 FANCY
305 2720 88 19 DPESS
409 2718 79 20 BALL.

56 2750 28 17 In
93 2749 37 17 aid
139 2748 26 18 of
171 2747 40 18 the
223 2747 91 23 Jockey
328 2745 58 20 Club
401 2745 86 19 Funds.

134 2795 71 25 17TH
218 2794 104 26 MARCH
340 2793 68 25 1896.

174 2821 36 23 (St.
216 2820 92 18 Patrick's
315 2819 57 23 Day.)

85 2845 122 19 Committee
214 2850 25 13 of
246 2844 158 19 Management:
421 2843 33 18 W.
465 2842 23 18 A.

57 2872 109 21 AVilliams,
178 2871 13 19 J
208 2870 34 20 W.
253 2869 99 23 Webber,
360 2869 23 18 T.
391 2869 21 19 C.
421 2869 55 24 Urqu-

57 2898 53 22 hart,
121 2897 28 19 H.
167 2897 96 22 Fortune,
276 2897 24 18 G.
319 2895 76 25 Mayes,
416 2895 30 18 M.
466 2894 22 19 F.

58 2924 68 18 Boord
136 2923 40 19 and
186 2923 24 19 A.
225 2923 80 18 Munro.

62 2972 70 18 FIRST
145 2972 75 17 CLASS
232 2972 87 17 MUSIC.

212 2994 159 18 RECHERCHE
384 2993 105 18 SUPPER.

84 3019 87 19 Tickets
186 3020 21 17 to
220 3019 25 18 be
264 3017 97 20 obtained
380 3018 53 18 from
451 3023 39 18 any

57 3045 91 19 member
159 3045 20 19 of
188 3045 34 18 the
232 3045 125 19 Committee.

59 3071 86 23 Double,
162 3069 34 26 ss;
220 3071 69 24 Single
308 3069 91 24 (Gents')
413 3071 22 17 3s
452 3069 25 18 Gd
486 3069 3 26 ;

138 3097 70 25 Single
225 3096 106 25 (Ladies'),
348 3097 21 17 2s
380 3096 31 19 (id.

163 3123 95 19 Dancing
272 3128 26 13 at
317 3124 10 16 9
344 3128 41 12 r.M.

199 3149 20 17 T.
233 3149 21 17 C.
270 3148 150 20 URQUHART,

366 3172 52 17 Hon.
429 3171 39 17 Sec.

96 3217 197 27 Promenade
314 3216 144 27 Concert.

148 3250 108 25 (AVeatlier
270 3249 135 26 permitting.)

100 3302 186 21 SANATORIUM
310 3301 141 20 GROUNDS.

113 3356 90 21 Friday,
217 3354 77 19 Marcti
309 3356 57 20 13th,
383 3354 34 18 189
417 3354 23 18 G.

60 3389 26 18 Til
96 3387 33 20 aid
145 3386 21 19 of
180 3386 34 19 the
234 3385 61 18 funds
315 3384 20 19 of
354 3384 34 18 the
405 3384 88 18 Rotorua

153 3413 98 18 Amateur
260 3411 62 18 Brass
333 3410 66 19 Band.

88 3440 17 18 A
120 3438 69 19 varied
206 3443 128 19 programme
351 3436 22 19 of
388 3436 105 18 selections

62 3467 28 23 by
101 3466 34 18 the
145 3464 64 22 Band,
218 3464 64 24 Songs
292 3462 84 25 (Native
383 3462 41 18 and
430 3461 51 19 Euro-

61 3492 68 25 pean),
156 3490 78 23 llakas,
257 3492 44 20 etc.,
323 3490 43 21 etc.,
387 3488 38 18 has
442 3487 51 19 been

62 3516 106 26 arranged.

141 3542 94 24 Dancing
249 3547 24 13 on
292 3541 35 19 the
345 3540 70 18 Lawn.

115 3568 125 20 Collection
260 3574 26 12 at
306 3572 41 13 the
368 3566 74 18 Gates.

166 3594 34 20 W.
218 3594 24 18 A.
260 3591 153 23 WILLIAMS,

126 3621 55 18 ITon.
195 3621 42 17 Sec.
248 3619 85 19 Concert
342 3617 125 20 Committee.

208 3669 100 18 MUSI
321 3669 21 18 C.

67 3721 17 16 A
222 3720 64 17 —One
303 3725 21 10 or
340 3720 38 15 two
395 3716 63 24 pupils
467 3716 29 17 for

81 3749 9 14 Y
96 3736 12 27 \
152 3742 202 21 pianoforte.—Terms
363 3742 30 16 etc
401 3746 24 12 on
434 3739 50 23 appli-

66 3767 64 18 cation
141 3768 19 16 to
169 3767 36 16 Mr
213 3767 67 19 Cross,
290 3766 21 16 at
319 3765 32 17 the
360 3765 46 16 Post
416 3763 56 18 Office

89 3817 35 38 a
170 3815 43 41 R

68 3875 153 28 IMPORTER
234 3875 59 24 AND
308 3872 186 27 COMMISSION

225 3901 107 25 AGENT.

120 3951 87 19 LARGE
216 3950 38 18 and
262 3949 138 18 well-assorted
409 3948 52 18 stock
477 3948 20 17 of

68 4007 121 22 Crockery,
216 4004 134 21 Glassware,

123 4030 173 21 Ironmongery.
307 4027 103 23 Drapery
420 4026 19 18 &

221 4050 133 20 Household
366 4049 129 19 Furniture.

101 4081 76 21 Always
186 4085 22 12 on
218 4079 52 18 hand
278 4079 20 16 at
307 4078 75 17 Lowest
394 4077 67 18 Prices.

65 4113 57 18 Also
143 4111 84 19 Totara
253 4109 70 20 Posts
348 4109 46 18 and
419 4108 78 18 House

77 4135 84 18 Blocks
170 4134 25 19 at
204 4132 99 21 reduced
312 4132 63 19 rates
384 4132 25 17 to
419 4131 65 19 clear.

510 116 2 22 I
520 116 119 20 ROTORtTA
650 117 127 18 AMATEUR
788 117 80 18 BRASS
880 117 28 17 BA

623 140 220 18 BALANCE-SHEET.

519 233 25 18 To
553 233 80 18 Balance
642 233 49 17 from
700 233 37 17 lust
746 233 100 19 statement

542 257 63 16 Dance
614 256 104 17 December
732 256 20 17 14
758 268 14 6 ~

542 280 53 17 Subs,
605 285 33 16 per
646 279 32 17 Mr
686 279 18 17 J.
715 278 95 19 Johnston
828 278 14 23 ..

566 315 11 8 ~
649 302 123 18 Mrßoord..
826 302 16 21 ..

649 325 31 17 Mr
689 325 18 18 S.
717 326 20 16 T.
748 325 59 18 Brent
828 325 14 18 ..

565 362 12 7 ~
649 349 31 16 Mr
689 349 21 16 C.
718 348 85 22 Malfroy
827 348 14 22 ..

565 383 12 9 „
649 372 31 16 Mr
688 372 29 16 W.
727 372 57 21 Kelly

565 408 12 8 ~
649 395 32 16 Mr
689 395 21 17 F.
720 395 89 17 Cheshire
827 395 14 21 ..

565 431 11 7 ~
649 418 16 16 A
673 418 64 17 native
757 418 14 20 ..

565 454 11 7 ~
602 442 19 16 at
630 441 57 17 Tamo
699 441 26 17 Te
734 440 68 23 Kapua

565 477 11 7 „
601 465 79 22 playing
689 465 21 16 at
717 464 64 17 Circus

565 501 11 7 „
649 499 12 9 ~
710 487 58 17 Races

564 524 12 7 ~
649 523 11 7 ~
709 510 85 17 Awahou

565 547 11 7 ~
602 533 47 17 Hire
666 534 20 16 of
710 534 58 16 forms

539 557 95 17 Entrance
641 557 35 17 fee.
687 557 55 16 Pratt
765 557 15 17 ..

588 593 11 7 ~
672 579 50 17 Kiwi

541 604 70 21 Sports,
622 602 179 20 Cbristmasdinner,
811 602 35 19 etc,

610 626 42 22 (See
661 625 41 17 List
710 623 75 24 below.)

656 694 155 18 Expenditure.

517 727 28 21 By
555 726 46 17 Hire
609 726 20 17 of
637 725 47 18 Hall
825 725 15 23 ..
892 725 21 16 15
938 726 6 15 0

539 750 94 16 Kerosene
642 749 38 16 and
689 748 74 18 candles
825 748 15 18 ..
892 748 21 16 10
938 750 6 15 9

540 772 29 18 W.
579 773 22 16 A.
611 772 92 18 Williams
712 771 100 23 (sundries)
826 771 14 23 ..
870 772 43 16 112
927 772 17 16 10

539 794 304 26 CllßONlCLE(printing&advtg)
870 795 74 16 120

539 819 21 16 C.
570 819 83 22 Malfroy
662 819 48 22 (hire
718 818 21 17 of
749 818 94 22 paddock)
869 819 44 15 10
938 819 6 15 0

539 841 54 22 Eady
602 842 66 22 (music
677 841 92 23 stands)..
825 841 3 23 .
837 841 3 23 .
868 842 10 15 3
903 842 10 15 0
937 842 7 15 0

539 865 22 16 G.
570 865 94 22 McAuloy
892 864 19 16 11
938 865 6 15 6

539 888 80 22 Stamps,
630 890 42 16 etc..
685 888 14 22 ..
755 888 14 22 ..
904 888 40 16 18

537 911 19 17 J.
562 912 73 19 Munro,
641 912 118 16 Instrument
764 912 80 15 account
856 911 22 16 20
903 912 10 15 0
938 912 6 15 0

537 934 47 17 New
593 935 64 17 cornet
685 934 14 18 ..
755 934 14 18 ..
824 934 16 18 ..
858 935 20 15 10
902 935 11 15 0
937 935 7 15 0

538 957 25 17 Cr
574 958 82 16 Balance
755 957 14 17 ..
825 957 14 17 ..
868 958 10 16 2
892 957 21 16 10
938 959 6 14 5

581 1345 82 17 Balance
671 1345 36 17 due
725 1343 14 19 ..
795 1343 2 19 .
806 1343 3 19 .
838 1343 36 17 £l4
889 1345 21 15 13
934 1345 10 15 0

535 1374 139 21 Subscriptions
696 1373 83 17 towards
800 1373 54 16 Band
878 1373 66 22 Sports

511 1397 44 17 held
564 1402 23 12 on
596 1397 47 17 New
650 1397 67 17 Year's
725 1396 97 22 Day:—C,
830 1396 51 17 Birss
888 1397 19 16 2s
914 1396 29 20 lid,

511 1421 22 16 A.
544 1420 94 17 Maunder
646 1420 20 17 2s
675 1420 29 19 (3d,
715 1420 25 17 11.
751 1420 24 16 K.
786 1420 25 19 ss,
821 1420 20 16 T.
855 1419 22 16 E.
894 1419 50 22 Keys

513 1445 24 19 Is,
547 1442 69 18 Friend
625 1444 26 19 2s,
663 1443 17 17 S.
691 1444 20 16 T.
722 1443 28 17 W.
762 1444 24 19 Is,
795 1442 23 17 It.
828 1442 23 18 B.
859 1442 18 18 S.
885 1443 20 17 2s
914 1442 29 21 Gil,

511 1467 18 17 S.
540 1467 20 17 C.
576 1467 27 16 M.
619 1467 21 16 2s
658 1466 31 20 6d,
706 1465 117 19 Stonebroke
840 1467 19 15 2s
876 1465 29 21 (id,
924 1466 20 16 T.

511 1490 77 17 Samson
598 1491 25 17 ss,
635 1489 55 18 Anon
701 1490 24 18 Is,
736 1490 20 17 C.
766 1489 22 17 A.
798 1488 67 18 Clarke
879 1489 20 16 2s
914 1489 29 19 (id,

510 1512 19 18 J.
539 1514 68 15 Munro
617 1514 20 15 2s
643 1512 30 20 (id,
684 1512 48 17 Ilira
743 1514 23 18 Is,
777 1512 44 17 Pari
826 1513 26 19 2s,
860 1512 72 17 Broken-

511 1536 54 18 down
575 1537 25 20 2s,
613 1536 29 16 An
652 1536 37 17 Old
698 1536 46 16 Man
754 1536 20 16 2s
783 1535 29 20 (id,
823 1535 26 17 M.
860 1535 15 17 I.
885 1535 21 17 P.
919 1536 24 19 Is,

511 1559 22 17 R.
548 1560 73 16 Rarena
637 1559 25 21 2s,
677 1559 74 17 Jecklin
769 1559 15 16 it
801 1559 64 17 Cotter
882 1559 25 19 2s,
925 1558 18 17 J.

510 1582 85 18 Johnson
604 1588 26 14 os,
640 1583 23 16 A.
673 1582 54 17 Crow
742 1584 25 18 ss,
781 1581 18 18 J.
818 1581 90 18 Falloona
925 1583 19 16 2s

511 1606 29 20 (id,
551 1606 23 17 D.
584 1606 65 17 Simon
658 1607 20 15 2s
685 1606 30 17 (id.
726 1606 122 21 Anonymous
855 1604 27 23 (.'5)
890 1606 17 15 Is
914 1605 29 18 (id,

511 1630 83 16 ltotoraa
603 1630 25 19 2s,
640 1628 28 18 W.
678 1629 22 17 A.
714 1628 82 18 Bouiton
812 1629 25 18 ss,
855 1628 29 17 W.
899 1628 45 17 Hall

511 1653 25 19 2s,
547 1652 18 18 S.
574 1653 21 16 T.
605 1652 59 17 Brent
673 1653 20 16 2s
702 1652 30 20 Gd,
745 1652 23 16 A.
784 1651 80 17 Ginders
877 1652 26 19 2s,
921 1651 22 17 E.

511 1675 104 18 Robertson
624 1676 16 16 &
649 1675 32 18 Co.
692 1677 26 17 ss,
727 1675 30 17 W.
772 1675 22 16 A.
809 1674 92 17 Williams
919 1675 23 20 Is,

510 1698 48 17 Telie
567 1700 20 15 2s
596 1698 29 21 Gd,
637 1698 70 17 Patenc
717 1699 19 16 2s
753 1698 30 19 Gd,
801 1698 56 22 Mary
873 1697 71 18 Wilson

510 1723 25 18 ss,
546 1722 21 17 B.
577 1722 23 17 R.
610 1723 26 18 ss,
646 1722 109 17 Wikiriwhe
772 1722 25 19 2s,
812 1721 58 17 Heuii
883 1721 48 17 Herc-

510 1745 48 17 maia
569 1746 24 19 Is,
602 1745 30 17 W.
642 1745 75 17 Purcell
731 1746 26 19 (is,
767 1745 18 16 J.
802 1744 86 18 Johnson
905 1745 37 19 20s,

510 1769 20 17 C.
537 1768 82 22 Malfroy
630 1769 31 16 2()s
668 1768 4 22 ;
686 1768 61 21 Total,
757 1768 26 17 £7
793 1769 25 16 ss.

511 1816 135 27 BRASS
654 1816 120 27 BAND
786 1816 157 26 SPORTS

622 1874 32 16 TO
667 1874 33 16 BE
714 1874 72 16 HELD
796 1873 35 16 ON

510 1905 41 18 ST.
566 1905 158 18 PATRICK'S
738 1904 70 22 DAY,
819 1904 63 22 (Mar.
900 1903 42 23 17).

580 1937 35 17 ON
628 1936 53 18 THE
698 1936 174 18 RACECOURSE.

528 1968 31 23 (In
568 1968 30 17 aid
607 1969 21 17 of
633 1969 32 17 the
672 1969 85 17 Rotorua
765 1969 23 16 A.
795 1968 55 17 Brass
858 1967 68 23 Band.)

657 2015 138 17 Programme.

511 2047 123 23 I.—l2oyds
649 2047 80 19 Hurdle
743 2046 115 22 Handicap.
878 2046 65 23 Prize,

539 2074 35 18 £2.
583 2073 144 19 Nominations
734 2075 23 16 3s
765 2073 4 24 ;
780 2075 124 22 acceptance,
917 2074 25 17 Is.

510 2102 41 17 2.
557 2100 92 18 Rotorua
672 2099 45 25 Cup
741 2099 114 24 Handicap.
868 2098 75 24 Prizes,

537 2126 35 23 £5,
580 2126 34 23 £2,
623 2126 40 18 and
670 2127 91 21 £l,lOO,
771 2126 36 17 220
815 2124 39 19 and
861 2125 35 24 440
896 2125 48 24 yds.

536 2152 29 19 To
576 2152 25 19 be
610 2157 39 13 run
659 2152 21 18 in
689 2152 57 18 heats
759 2152 5 18 1
771 2153 22 21 st,
802 2150 46 24 2nd,
857 2150 40 19 and
908 2151 36 18 3rd

536 2181 21 16 to
567 2182 61 15 count
644 2179 18 23 7,
680 2180 18 20 4,
710 2178 40 18 and
758 2179 10 17 2
779 2176 132 26 respectively
923 2177 21 19 in

536 2204 48 19 each
600 2210 52 13 race.
689 2204 149 22 Nominations,
856 2204 22 17 4s
887 2204 4 22 ;
911 2209 22 13 ac-

536 2234 100 21 ceptance,
649 2232 29 17 2s.

511 2259 17 17 3.
532 2257 67 19 —One
609 2256 50 20 Wile
670 2256 80 25 Bicycle
760 2255 115 26 Handicap.
903 2255 28 19 En-

536 2285 73 21 trance,
623 2285 21 16 2s
655 2283 31 18 Gd.

511 2312 18 16 4.
531 2309 102 25 —Lady's
637 2308 94 20 Bracelet
737 2307 115 26 Handicap,
862 2308 82 25 2coyds.

537 2335 134 25 Competitors
691 2334 117 20 nominated
827 2334 28 25 by
873 2335 71 19 ladies.

537 2362 148 22 Nominations,
701 2363 28 19 3s,

511 2387 155 21 s.—One-Mile
687 2387 115 26 Handicap.
830 2387 64 23 Prize,
916 2387 28 18 £2

539 2416 40 17 10s.
588 2414 150 22 Nominations,
747 2415 22 17 2s
777 2414 4 22 ;
790 2415 118 20 acceptance
918 2415 21 16 Is

512 2443 45 16 6.
558 2440 113 19 Half-Mile
682 2439 116 25 Handicap.
837 2439 63 23 Prize,
914 2440 29 19 £\

539 2469 39 17 10s.
617 2466 152 23 Nominations,
782 2468 21 17 Is
816 2466 25 18 Gd
849 2466 4 25 ;
877 2471 56 20 accep-

537 2495 63 21 tance,
612 2494 28 17 Is.

537 2527 143 19 Nominations
687 2527 40 18 and
736 2527 148 25 performances
891 2528 53 17 must

510 2554 26 19 be
546 2554 74 24 lodged
640 2553 48 19 with
708 2554 34 18 the
765 2554 103 23 Secretary
887 2552 28 25 by
935 2554 9 16 5

511 2580 75 19 o'clock
597 2579 71 19 March
680 2580 54 23 14th,
749 2581 33 16 189
782 2581 23 16 G.

640 2632 75 19 Other
725 2632 88 18 Events.

543 2658 146 23 (Nominations,
701 2658 38 20 &c.,
752 2664 23 10 on
784 2657 33 17 the
825 2656 90 24 ground.)

537 2690 84 19 Maiden
634 2696 52 15 race,
708 2689 37 25 150
745 2689 38 25 yds
793 2688 4 26 ;
818 2688 59 25 Boys'
894 2695 50 16 race,

512 2716 74 25 (under
598 2716 45 23 15);
660 2716 86 23 Putting
758 2715 33 19 the
802 2717 56 16 stone
866 2714 4 27 ;
887 2714 57 25 High

511 2743 58 24 jump
578 2749 5 17 ;
610 2741 152 25 Three-legged
781 2747 45 12 race
833 2748 5 16 ;
861 2740 69 26 Tug-o
932 2740 4 27 !
939 2751 5 4 -

511 2769 58 19 War,
582 2768 67 19 Maori
659 2775 19 12 v.
696 2768 84 19 Pakeha
789 2766 4 25 ;
818 2766 126 20 Consolation

511 2801 51 13 race.

537 2820 55 19 Four
601 2822 22 17 to
640 2823 91 22 compete
748 2820 21 18 in
788 2824 49 14 each
852 2825 22 13 or
890 2819 54 20 there

511 2846 41 20 will
562 2847 26 18 be
598 2853 26 12 no
635 2853 52 12 race.

576 2877 117 19 Admission
706 2883 23 12 to
742 2876 95 23 Ground,
854 2878 26 17 Is.

686 2907 19 17 J.
718 2907 30 17 W.
762 2906 115 22 WEBBER,

819 2930 52 17 Hon.
884 2930 39 17 See.

517 2980 232 45 Broker's
797 2978 147 55 Dutel?

650 3045 161 45 Coeoa.

513 3144 141 33 Highest
662 3144 127 26 awards
802 3145 33 24 at
848 3150 96 27 every

638 3185 195 27 Exhibition.

548 3235 66 25 The
627 3235 98 26 latest
737 3234 28 26 is
778 3235 55 25 the
853 3235 91 26 Cross

517 3268 34 26 of
557 3269 111 25 Honor
682 3269 33 24 at
731 3269 55 24 the
807 3269 118 24 Amster-

517 3302 71 25 dam
598 3300 190 27 Exhibition
796 3300 91 31 1895,
896 3301 48 25 the

515 3334 130 32 highest
652 3334 139 32 possible
801 3334 116 25 award.

555 3476 69 14 TRADE
850 3476 67 13 MARK.

520 3644 104 44 lIA
644 3643 187 44 NCO€
847 3643 97 44 KS'

642 3715 185 20 CELEBRATED

699 3768 86 31 xxxx

630 3827 36 42 A
687 3826 38 44 L
740 3826 38 43 E
797 3826 43 50 S,

649 3883 59 14 MADE
716 3883 55 14 FROM
781 3883 40 12 THE

522 3917 116 32 FINEST
665 3916 88 33 mil
775 3917 63 31 m
856 3916 84 32 HOPS

557 4000 53 13 FREE
623 4000 55 14 PROM
691 4000 40 13 ALL
743 4000 128 13 ANTISEPTICS
884 4000 26 13 OR

625 4026 140 13 DELETEIUOUS
783 4026 64 13 ACIDS.

522 4088 139 32 CAPTAIN
684 4088 83 32 COOK
785 4088 159 33 BREWERY.

625 4132 194 21 NEWMARKET.

1492 4242 22 27 s
1544 4233 277 38 Celebrated
