3280 4340
100 149 31 19 WI
147 149 109 19 MAIHI'S
272 149 157 19 GENEALOGY.

71 202 35 18 The
120 196 96 21 following
231 195 16 16 is
262 195 34 16 the
311 194 124 22 Whakapapa
451 200 16 10 or

51 228 31 11 i;,„,
90 223 19 16 of
118 219 73 19 descent
199 224 24 11 on
236 218 32 16 the
282 217 50 18 male
348 217 38 17 side
403 217 21 16 of
438 217 29 16 the

51 230 33 38 late
91 244 46 19 chief
145 242 81 17 Wirc-mu
234 240 61 17 Maihi
303 242 19 15 te
336 239 131 23 Bangikaheke

52 274 40 16 from
100 268 27 17 his
135 266 72 17 famous
214 264 87 17 ancestor
308 264 56 16 Tame
372 264 19 15 te
402 262 65 21 Kapua

52 295 35 18 who
94 288 69 21 arrived
172 288 49 16 from
229 286 88 17 Hawaiki
325 286 20 16 in
358 285 31 17 the
402 285 65 16 Arawa

50 321 54 14 canoe.
120 309 347 22 Tametekapua—Kahumataiuomoe,

51 333 199 25 Tawakemoetahanga,
263 331 139 18 Uenukumaira
406 331 51 16 roton-

52 353 18 26 ,r'i
90 356 99 23 Bangitiki,
206 355 129 22 Tuliourangi,
353 353 102 18 Uenukuko-

50 376 47 30 p'lko,
106 380 99 18 Whakiiue,
215 379 27 16 Te
249 378 139 19 Wakeheimoa,
396 376 60 22 Bangi-

51 405 71 21 wewehi,
137 403 76 18 Kercru,
228 402 85 20 Pupuru,
325 400 58 20 Pake,
400 400 54 16 Manu-

50 433 89 16 wuerorua,
160 424 90 20 Kaliutia,
274 424 25 16 Te
327 422 140 23 Bangikaheke,

52 454 70 15 Vircmu
130 448 59 18 Maihi
198 449 18 15 te
224 446 141 22 Bangikaheke.

68 504 63 18 Jlessrs
139 501 21 16 F.
169 499 21 17 T.
200 499 79 17 Wimble
287 499 38 16 and
341 499 33 16 Co.
388 499 82 16 forward

51 528 40 19 their
116 522 88 22 Monthly
339 522 30 15 for
376 520 92 22 January,

51 560 8 9 ~
68 546 107 26 publication
189 544 91 23 designed
292 545 30 16 for
338 544 32 16 the
383 543 87 22 printing

51 573 43 19 trade
102 569 35 19 and
151 568 36 18 full
201 568 20 17 of
236 567 87 17 valuable
339 566 128 18 information.

51 599 13 16 It
75 596 14 16 is
101 591 127 21 undoubtedly
244 591 32 16 the
292 591 50 16 most
357 589 119 22 artistically,

50 616 78 22 executed
142 613 101 23 periodical
258 613 62 17 issued
336 613 20 16 in
373 613 32 16 tlie
418 613 38 16 Aus-

49 642 58 19 tridian
126 637 84 19 Colonies
234 636 37 17 and
299 642 95 15 compares
419 636 50 16 most

49 662 86 21 favorably
145 660 46 16 with
205 659 53 17 those
272 659 20 17 of
305 665 11 11 a
332 658 79 17 kindred
426 658 32 17 des-

49 686 68 24 cription
126 683 74 21 coming
208 685 48 14 from
264 682 76 22 Europe
348 682 38 17 and
394 681 61 17 Ameri-

48 718 22 11 ca.
92 710 27 15 Au
127 706 64 17 article
199 704 79 18 entitled
306 706 16 16 A
332 704 45 18 Plea
391 705 30 17 for
435 704 33 17 the

49 733 73 19 Country
216 728 15 17 is
237 728 44 16 veil
289 728 61 17 worth
359 728 80 22 quoting
448 729 20 15 at

48 758 5 17 ]
55 763 7 12 c
62 755 42 18 i,o-th
112 753 35 17 but
154 756 27 13 we
190 752 76 16 content
274 751 94 17 ourselves
377 751 46 16 with
435 751 32 16 the

48 777 87 21 following
273 774 39 17 The
321 774 38 21 city
368 779 66 17 papers
443 773 24 17 do

48 803 26 19 uQt
83 800 39 17 take
130 798 31 17 the
169 798 53 21 place
235 796 19 17 of
271 797 32 17 the
320 798 79 21 country
416 802 49 14 ones,

48 822 81 23 although
137 826 51 12 some
195 819 67 23 people
270 819 56 18 think
334 820 45 22 they
388 819 30 17 do.
428 820 39 17 The

48 849 32 20 city
87 850 62 19 papers
158 849 31 12 are
197 843 26 17 all
231 843 52 21 right
291 843 20 16 in
320 843 49 16 their
377 849 47 15 way,
432 842 35 17 but

48 872 36 20 they
92 868 50 17 don't
150 867 41 22 give
202 871 38 17 yon
253 866 51 16 what
318 871 38 16 you
370 871 31 11 are
417 868 50 14 most

48 890 88 22 interested
144 890 91 21 in—your
243 890 79 20 country
335 894 56 11 news.
423 889 44 16 You

48 916 58 19 cannot
113 914 50 16 learn
172 913 49 16 from
229 911 51 18 them
289 911 54 18 when
352 911 37 17 and
405 911 61 18 where

48 939 53 21 public
108 936 89 22 meetings
206 941 31 10 are
245 936 21 15 to
278 934 24 17 be
313 934 51 21 held,
379 934 42 17 who
435 940 31 11 are

48 963 49 20 dying
113 965 21 12 or
148 958 43 18 who
207 964 31 11 are
258 958 103 21 marrying,
375 957 43 17 who
434 963 32 11 are

48 979 65 26 moving
121 983 18 16 in
148 981 36 17 and
193 981 42 17 who
243 986 32 12 are
283 981 78 22 moving
366 981 39 19 out,
412 981 53 16 court

47 1006 115 26 proceedings,
171 1004 43 17 who
222 1005 61 16 wants
291 1007 20 14 to
320 1004 38 22 buy
371 1009 21 11 or
408 1003 57 17 sell—

47 1033 15 16 in
82 1031 41 16 fact,
141 1026 93 19 hundreds
250 1028 20 16 of
290 1028 54 16 items
370 1026 60 17 which
450 1026 15 17 it

48 1054 51 21 might
106 1052 22 17 be
136 1051 19 17 of
161 1050 101 23 particular
270 1050 115 21 importance
391 1050 30 16 for
426 1055 39 16 you

47 1082 15 14 to
69 1078 56 16 know.
149 1073 49 18 Such
207 1074 77 17 matters
299 1073 31 16 the
344 1072 38 22 city
397 1078 67 16 papers

47 1099 57 19 cannot
112 1096 77 21 furnish,
198 1096 36 17 but
242 1097 32 16 the
282 1097 79 21 country
367 1101 57 17 paper
429 1101 35 12 can

47 1123 30 18 and
89 1122 46 16 does.
165 1120 19 16 If
199 1125 38 16 you
251 1125 35 11 can
302 1118 60 18 afford
377 1118 37 18 but
429 1124 35 12 one

47 1151 52 18 papor,
108 1144 23 21 by
141 1143 24 17 all
174 1148 64 11 means
245 1143 45 17 take
299 1148 35 11 one
342 1142 42 16 that
390 1142 16 16 is
415 1141 36 22 pub-

48 1168 48 19 lished
108 1167 17 16 in
139 1166 31 17 the
184 1166 80 22 country
281 1171 21 11 or
315 1165 72 17 district
403 1164 61 18 where

47 1198 29 13 von
83 1191 39 19 live,
139 1195 19 11 as
174 1188 78 23 thereby
268 1194 38 17 you
323 1193 30 12 are
370 1188 93 22 mutually

47 1214 75 21 assisting
130 1211 82 23 yourself
220 1211 38 17 and

64 1242 28 17 \Ve
102 1240 46 18 have
154 1239 83 17 received
242 1239 48 17 from
297 1239 69 17 Messrs
372 1238 91 18 Cameron

47 1267 50 16 Bros.,-
104 1263 75 17 tobacco
186 1263 94 16 maimf:t.e.i
285 1267 51 11 mors
343 1262 20 17 of
370 1261 92 23 Virginia,

46 1288 64 18 U.S.A..
120 1285 35 18 and
163 1285 93 18 Australia
268 1292 10 9 :i
286 1285 98 21 pamphlet
392 1291 24 10 on
431 1284 32 17 the

45 1311 65 18 tobacco
116 1309 84 21 industry
205 1315 20 10 as
232 1309 89 22 affecting
326 1308 46 17 New
381 1308 82 17 Zealand

45 1335 31 16 The
90 1332 63 20 writer,
171 1329 32 19 Mr
218 1331 107 17 Alexander
341 1331 96 20 Cameron,
452 1337 11 11 a

45 1357 70 18 member
123 1356 19 16 of
153 1355 32 17 the
198 1355 47 17 firm,
261 1354 90 18 contends
364 1354 43 17 that
419 1360 33 16 pre-

45 1381 43 16 vious
101 1378 122 22 experiments
237 1377 53 18 made
304 1378 18 15 in
339 1377 124 23 establishing

44 1404 37 17 such
89 1408 21 11 an
118 1401 85 22 industry
212 1401 43 17 bore
263 1401 48 17 have
324 1400 57 18 failed
394 1400 68 22 simply

44 1433 18 10 mi
71 1425 73 18 account
157 1425 20 15 of
193 1424 32 17 the
243 1425 51 16 want
308 1424 20 16 of
344 1429 64 11 means
424 1423 36 17 and

44 1449 64 20 neglect
121 1449 18 15 to
153 1447 62 17 utilise
229 1447 31 17 the
274 1449 49 15 most
336 1446 77 17 modern
426 1452 24 16 ap-

43 1473 76 22 pliances.
143 1471 30 16 Tie
181 1476 67 15 argues
261 1470 42 17 t.lief
317 1470 46 16 New
379 1469 83 17 Zealand

44 1492 130 25 lieingsituated
181 1492 254 23 onaboutikitsameparallel
441 1498 20 12 as

43 1518 73 23 Virginia
125 1517 35 17 and
170 1517 61 17 North
246 1517 92 19 Carolina,
351 1516 37 17 and
403 1515 59 17 about

43 1542 87 16 the.same
145 1540 79 20 climate,
242 1539 38 18 will
297 1539 87 23 produce,
402 1539 59 17 under

43 1564 56 17 skilled
115 1563 108 18 cultivation
239 1562 37 17 and
293 1563 72 22 curing,
383 1562 78 17 tobacco

43 1588 35 16 that,
86 1586 56 18 would
151 1587 84 21 compete
244 1586 46 17 with
297 1586 86 17 America
395 1585 19 17 in
429 1585 32 17 the
480 1585 1 23 .

42 1611 88 21 European
139 1609 86 20 markets,
235 1609 37 16 and
281 1609 32 16 the
322 1609 105 22 producing
442 1609 19 16 of

43 1634 30 17 tliis
81 1633 72 17 tobacco
162 1632 67 17 should
243 1632 23 17 be
282 1632 47 17 done
344 1633 19 16 at
377 1637 12 12 a
405 1632 55 17 much

42 1657 29 16 less
78 1658 37 15 cost
123 1656 75 19 here,'iu
206 1661 124 17 consequence
339 1656 21 16 of
368 1655 32 17 the
411 1654 39 18 rich-

43 1685 33 11 ness
84 1680 18 16 of
110 1679 31 17 the
154 1679 34 17 soil
200 1680 33 15 not
248 1678 97 23 requiring
361 1678 99 22 expensive

42 1702 84 18 fertilisers
135 1708 20 11 or
169 1707 85 12 manures
268 1708 20 11 as
304 1701 19 17 in
338 1701 32 18 the
385 1706 41 12 case
441 1701 20 17 of

42 1726 78 16 America.
145 1726 25 16 As
179 1731 23 10 an
211 1726 65 20 expert
285 1725 23 16 ho
316 1724 15 17 is
344 1722 115 24 thoroughly

42 1748 94 18 convinced-
149 1748 42 17 that
207 1748 120 22 Wellington,
346 1748 113 22 Wanganui,
480 1748 1 22 ,

41 1772 38 16 Xew
102 1771 105 22 Plymouth,
236 1771 83 22 Poverty
347 1771 46 21 Bay,
423 1771 40 19 and;

42 1794 76 17 Ilawkc's
135 1795 45 21 Bay,
198 1793 36 18 and
251 1794 83 22 possibly
348 1794 33 17 the
398 1793 61 23 Otago
480 1793 1 23 .

42 1818 63 17 Central
115 1818 85 19 districts,
211 1823 34 11 can
262 1817 81 22 produce
357 1823 24 10 an
398 1817 50 17 excel-

40 1841 30 17 lent
90 1840 70 23 quality
180 1841 20 17 of
216 1840 83 20 tobacco,
315 1840 67 19 which,
400 1840 59 17 under
480 1838 1 25 '

41 1863 56 18 stilled
106 1864 63 19 hands,
178 1863 63 17 would
249 1869 46 11 soon
306 1865 33 15 not
353 1863 44 23 only
414 1869 33 17 sup-

42 1886 25 23 ]dy
75 1887 42 17 local
127 1886 94 21 demands,
238 1887 35 16 but
287 1887 22 16 be
323 1893 12 10 a,
348 1892 45 16 very
407 1887 52 22 large

41 1915 54 12 source
103 1910 19 16 of
130 1912 70 20 export,
211 1910 37 17 and
256 1911 20 16 at
285 1910 32 17 the
325 1915 51 12 same
389 1910 46 17 time
449 1916 10 10 a

41 1933 88 22 profitable
144 1938 44 17 crop
204 1934 20 16 to
240 1933 32 17 the
294 1933 74 17 farmer.
402 1933 19 17 It
443 1933 16 17 is

41 1956 79 18 reckoned
129 1956 41 17 that
178 1957 51 16 there
239 1955 67 18 should
314 1956 23 17 be
346 1962 10 11 a
365 1956 62 22 .profit
440 1957 19 16 of

42 1979 30 17 £l2
80 1981 17 14 to
106 1978 35 18 £lB
154 1985 34 16 per
202 1985 47 15 acre,
264 1979 84 23 judging
362 1980 48 17 from
427 1980 32 16 the

41 2002 94 17 Australian
145 2002 95 18 statistics.

59 2034 26 17 Mr
104 2033 73 23 Dansoy
194 2034 34 17 has
250 2034 40 22 just
308 2034 106 23 completed
426 2034 32 17 the
480 2033 1 24 '

41 2057 56 22 taking
113 2058 19 15 of
139 2057 32 17 the
180 2058 63 16 native
252 2063 65 12 census
327 2058 19 16 in
362 2058 38 16 tiiis
419 2058 29 16 dis-

41 2080 40 17 trict.
104 2080 21 16 In
132 2080 32 16 the
172 2086 64 12 course
245 2081 20 17 of
271 2080 28 18 his
309 2080 42 18 task
359 2080 23 17 lie
391 2080 66 18 visited

41 2105 16 15 117
68 2103 110 17 settlements
194 2103 98 23 including
308 2103 52 17 those
373 2103 84 17 between

42 2127 24 16 the
80 2126 95 22 Wiaotapu
184 2126 66 23 Valley
271 2127 36 16 and
325 2127 31 16 the
370 2126 86 17 Waikato

41 2150 42 19 river,
95 2149 104 20 Ttorohoro,
209 2149 127 23 Parekarangi
341 2149 37 17 and
396 2150 60 16 round
467 2149 1 23 !

42 2173 24 16 the
83 2172 46 20 lake;
151 2173 45 16 then
214 2178 25 17 np
255 2174 20 15 to
292 2173 112 22 T.-tnikenga
419 2173 38 17 and
466 2170 2 25 j

40 2195 38 18 hack
85 2197 17 14 to
119 2195 72 17 liofoiti
205 2196 67 21 taking
292 2197 18 16 in
321 2196 43 17 both
386 2196 68 17 shores.
466 2195 2 22 ;

40 2218 30 17 The
77 2218 43 18 total
136 2218 80 17 number
224 2219 20 17 of
257 2225 48 13 men,
324 2225 77 13 women,
419 2219 37 17 and
466 2218 2 22 |

40 2242 71 18 children
127 2242 120 17 enumerated
255 2242 101 17 amounted
369 2244 19 15 to
405 2243 49 17 1042.
466 2242 1 19 ,
477 2242 4 19 _

40 2266 17 16 In
65 2265 27 17 the
106 2264 153 23 neighbourhood
276 2265 20 17 of
315 2265 71 17 Kotoiti
403 2266 53 16 there
466 2264 1 25 j

38 2294 39 11 were
85 2294 23 11 no
116 2293 52 17 crops
174 2289 21 16 to
207 2289 54 21 speak
271 2289 20 16 of
299 2289 37 16 and
345 2289 15 16 it
366 2294 38 11 was
416 2289 39 17 also
465 2289 2 21 ;

38 2311 84 17 remarked
130 2312 41 16 that
180 2311 51 17 then;
242 2311 66 23 watjno
317 2312 109 17 cultivation
436 2312 18 17 in
466 2311 1 24 !
479 2311 2 24 ,

38 2340 73 12 common
120 2334 58 21 going
189 2340 30 11 on.
253 2334 99 23 Generally
363 2335 92 22 speaking

38 2364 8 10 a
51 2358 46 17 small
111 2363 41 11 area
162 2363 36 11 was
207 2358 102 17 cultivated
325 2359 26 21 by
363 2359 33 16 the
405 2358 49 18 head
465 2355 1 26 j

38 2382 16 16 of
65 2381 27 17 the
122 2380 69 22 family.
223 2381 33 17 Mr
271 2381 77 22 Dansoy
363 2382 44 17 took
423 2382 31 17 the
465 2378 1 26 j
480 2378 1 26 I

38 2410 59 15 names,
112 2410 48 16 ages,
182 2410 32 11 sex
230 2404 38 17 and
289 2404 95 17 condition
393 2405 21 17 of
423 2405 31 16 the.
464 2404 2 22 i

38 2428 61 23 people.
122 2428 38 16 The
167 2427 59 17 result
234 2427 39 17 will
282 2428 90 21 probably
381 2428 52 17 show
442 2434 12 11 a
464 2424 2 27 !

38 2451 73 17 ihcrease
120 2450 96 22 compared
224 2451 46 17 with
288 2451 31 17 the
336 2451 36 17 last
389 2456 65 12 census
464 2450 2 29 :
478 2450 3 29 j

37 2475 51 19 taken,
98 2475 33 16 but
139 2474 15 17 it
165 2474 15 17 is
188 2474 103 22 extremely
300 2474 88 17 doubtful
396 2474 16 17 if
423 2475 31 16 the
464 2474 2 22 I

38 2498 58 22 figures
112 2497 43 17 then
168 2497 89 17 obtained
273 2503 47 11 were
337 2499 77 20 correct,
432 2504 20 11 as
464 2497 2 23 !

37 2526 46 16 many
92 2521 84 16 fictitious
184 2526 64 12 names
264 2526 47 12 were
329 2521 61 21 given.
415 2521 39 17 The

36 2544 62 17 natives
106 2543 104 18 considered
215 2543 41 18 that
262 2543 16 18 if
286 2544 32 17 the
327 2543 128 19 Government
464 2543 2 19 1

37 2569 44 16 kiiev
89 2568 40 17 that
136 2573 10 10 a
156 2567 67 17 certain
238 2567 49 17 tribe
299 2568 45 20 only
360 2567 94 18 consisted
464 2567 2 23 j

36 2591 16 17 of
59 2597 9 10 a
76 2590 33 18 few
124 2590 111 17 individuals
244 2590 45 22 they
304 2590 62 18 would
383 2592 33 21 got
429 2597 25 11 no
464 2590 1 23 :
476 2597 5 12 c

36 2613 103 18 concessions
153 2613 98 17 whatever.
278 2613 51 22 They
346 2614 108 17 considered
464 2612 2 23 |

37 2637 34 17 that
78 2642 12 11 n
98 2637 64 17 lnibers
170 2636 62 17 would
249 2642 53 17 carry
319 2637 72 23 weight
406 2637 48 17 both
464 2636 1 24 j

36 2660 15 17 in
59 2661 28 16 the
102 2661 60 16 native
177 2660 43 17 land
237 2661 53 16 court
306 2660 37 17 and
363 2660 21 17 in
400 2660 55 17 other
464 2660 2 26 j

35 2685 73 15 matters.
119 2684 30 16 Mr
157 2683 90 22 Dansey's
255 2683 86 22 personal
345 2683 109 23 knowledge
476 2696 5 2 -

36 2707 16 16 of
61 2707 28 16 the
104 2707 82 17 d'.Fcrcnt
203 2707 79 17 families
298 2706 100 23 prevented
416 2707 38 17 this
464 2706 2 26 j
476 2714 5 18 j

36 2730 71 22 practice
115 2730 55 22 being
178 2729 56 23 again
246 2729 91 23 indulged
346 2730 24 19 in,
382 2729 37 18 and
430 2730 24 17 lie

37 2759 31 10 was
76 2755 46 15 most
137 2753 106 22 hospitably
257 2752 117 18 entertained
388 2758 66 17 every-
478 2752 3 23 -

37 2776 52 17 where
100 2782 46 12 more
156 2776 98 23 especially
262 2776 49 18 after
320 2776 45 22 they
374 2776 38 17 had
424 2776 30 17 his

37 2805 86 12 assurance
131 2799 42 17 that
186 2800 31 16 the
234 2799 129 18 enumeration
381 2799 19 17 of
421 2799 32 17 the

36 2822 58 22 people
101 2822 60 17 would
168 2823 61 17 not.be
237 2822 88 18 followed
330 2822 23 22 by
360 2822 94 17 taxation.

38 2845 36 17 This
82 2846 14 17 is
101 2846 18 16 in
131 2846 72 17 marked
211 2847 83 16 contrast
308 2847 20 16 to
337 2846 32 17 the
378 2847 49 16 state
433 2846 20 16 of

38 2869 53 16 .■■.trail's
99 2869 83 22 reported
199 2870 48 16 from
256 2869 33 17 the
298 2869 86 17 Waikato
394 2869 61 17 where
466 2867 1 24 !
478 2867 3 24 ~

38 2896 28 12 <me
73 2893 19 16 of
99 2892 30 17 the
144 2893 127 17 enumerators
280 2891 90 19 travelled
389 2893 33 16 '2OO
432 2898 22 11 or
466 2890 2 27 i
477 2890 4 27 £

39 2916 16 15 •ill
58 2915 8 16 1.)
86 2915 49 18 miles
160 2915 78 18 without
262 2915 94 23 enrolling
370 2921 12 11 a
395 2915 61 23 single
466 2922 5 18 ;
471 2922 10 18 ;|

38 2943 51 12 name.

1183 83 59 20 THE
1268 84 58 20 HOT
1353 85 92 20 LAKES
1473 85 174 26 CHRONICLE,
1894 88 102 21 MARCH
2026 92 29 20 11,
2073 92 47 17 IS9G

579 144 259 20 EXHIBITION,

494 191 38 17 Oil
544 192 112 16 Paixtjxus
665 195 24 12 of
696 190 51 17 New
756 191 96 16 Zealand
862 190 50 17 Scen-

594 218 47 16 euy,
651 213 129 20 Hot-Laices,
789 214 33 17 &c.

493 259 145 18 ~T7~ISITOKS
647 259 38 17 and
692 259 63 17 others
763 265 32 12 are
803 258 122 23 respectfully

511 287 9 13 T
561 282 73 18 invited
647 284 19 15 to
680 282 73 22 inspect
765 282 32 17 Mr
810 282 115 17 Blomfield's

492 305 76 22 Unique
577 305 103 17 Collection
688 306 20 16 of
722 305 87 22 Original
825 305 100 22 Paintings

492 334 43 11 now
544 334 24 11 on
575 328 49 17 view
633 330 19 15 at
661 328 28 17 his
698 328 73 19 Studio,
784 328 141 22 Kuraugaliape

492 350 59 21 Road,
562 351 105 16 Auckland.

516 374 173 22 N.B.—Paintings
698 374 20 16 of
726 374 32 16 the
767 373 101 22 destroyed
880 374 34 17 Ter-

492 402 50 11 races
551 397 71 17 similar
632 399 20 15 to
666 397 54 17 tiiose
733 402 25 12 on
773 397 46 16 view
836 398 21 15 at
873 397 52 17 Luke

492 419 65 18 House
569 420 39 16 and
620 420 68 17 Palace
706 420 65 20 Hotel,
789 425 35 12 can
840 420 45 21 only
902 420 23 16 be

492 442 89 18 obtained
594 442 58 18 direct
668 444 49 16 from
732 443 34 17 the
782 442 61 18 Artist
857 444 19 15 at
892 442 33 17 the

492 465 59 17 above
561 465 82 18 address.

607 2273 19 18 N
645 2272 16 19 0
674 2273 16 18 T
705 2273 10 18 1
731 2273 15 19 C
761 2273 22 19 K.

480 2321 4 29 '
493 2325 69 25 SpIIE
574 2321 170 23 FOLLOWING
753 2325 73 22 Goods,
837 2325 78 25 froight

494 2349 7 19 \
546 2351 49 24 paid
605 2356 20 13 to
642 2353 87 17 Jvctorua
738 2358 33 12 :

478 2382 82 20 Double
571 2383 93 18 Wooden
675 2382 108 24 Bedstead,
801 2384 35 17 2i's

517 2424 12 8 ~
569 2409 48 18 Iron
717 2423 12 9 ~
800 2410 35 17 40s

517 2434 45 24 „Bi
569 2435 160 22 nss-mounted,,
746 2436 41 20 48s,
800 2436 40 21 08s,
853 2436 36 18 80s

478 2461 48 19 Boat
537 2460 76 20 double
624 2461 47 19 wire
681 2461 125 23 Mattresses,
819 2462 35 17 'J-'ls

540 2502 12 8 ~
617 2487 40 18 ilnx
724 2502 12 7 ~
819 2488 35 17 21s

539 2528 13 9 ~
618 2513 74 25 Kapok
703 2511 45 21 Bed
758 2514 36 17 40s

583 2539 55 19 Casii
657 2544 56 14 with
728 2539 79 19 Order.

503 2565 177 26 PnperJiangiugs,
693 2572 11 11 a
715 2565 56 25 large
783 2565 63 19 stock,
865 2572 48 18 very

477 2591 69 25 cheap.
576 2591 52 19 Send
640 2592 31 18 for
682 2594 97 22 patterns.

492 2622 44 32 T,
559 2622 58 32 W.
641 2622 254 36 MAUNDKB,

588 2655 21 18 11
619 2655 19 18 A
649 2655 17 18 AI
680 2655 11 18 i
703 2655 15 18 L
729 2655 15 18 T
755 2657 16 16 O
781 2655 25 18 M.

477 2714 170 19 BILLIARDS.

741 2714 170 18 BILLIARDS.

478 2761 122 43 HARRY
616 2761 134 18 ESKRIPGE
773 2761 48 22 begs
836 2761 21 16 to
878 2767 23 10 nn-

551 2790 73 12 nounco
642 2784 42 17 thii.t
704 2784 24 18 lie
748 2784 33 17 lias
800 2784 65 17 rented
889 2784 23 16 If.

478 2808 73 18 Wake's

583 2831 126 17 BILLIARD
728 2831 76 17 ROOM,

477 2855 86 21 opposite
571 2854 33 17 tlie
617 2854 66 17 Grand
696 2854 65 20 Hotel,
779 2853 39 17 and
834 2853 39 17 will
889 2853 24 17 bo

477 2878 47 22 jrliul
531 2879 20 15 to
560 2878 47 16 have
622 2884 11 10 a
645 2876 33 18 call
696 2877 49 17 from
758 2876 25 18 all
797 2876 79 22 knights
893 2876 20 16 of

477 2901 33 17 the
519 2906 39 15 cue,
568 2901 43 17 who
624 2901 39 16 will
678 2900 40 17 rind
734 2906 35 11 one
786 2900 20 16 of
823 2900 32 16 the

477 2923 103 24 appointed
589 2923 60 18 tables
657 2923 20 18 in
685 2923 49 18 New
742 2922 89 18 Zealand.

482 3066 186 43 I)ASSE!?GERS
677 3068 19 16 to
705 3067 86 16 Rotorua
798 3071 32 11 are
837 3065 76 17 advised

543 3092 6 16 t
554 3091 32 17 lint
595 3097 10 10 a
618 3090 77 22 regular
706 3090 51 22 daily
771 3094 33 12 coa
811 3089 16 17 :li
845 3089 68 16 service

478 3114 86 18 between
572 3113 91 18 O'coroirc
671 3113 39 17 and
720 3113 84 17 liotorua
819 3111 39 18 and
873 3112 40 17 vice

478 3143 53 12 versa
540 3137 15 17 is
564 3142 43 11 now
615 3136 89 23 running.

502 3160 39 17 The
550 3160 116 21 advantages
672 3160 20 16 of
707 3159 29 16 his
741 3159 54 16 route
800 3164 31 11 are
837 3163 64 12 numer-

479 3189 40 13 ous.
529 3189 10 11 a
549 3183 103 17 somewhat
664 3182 75 18 tedious
748 3182 77 21 railway
833 3181 81 22 journey

480 3207 15 17 is
506 3207 75 19 broken,
591 3206 37 17 and
637 3206 32 16 the
685 3208 55 14 route
756 3206 91 15 traverses
864 3210 50 11 some

480 3231 20 15 of
518 3229 33 18 the
567 3229 36 18 love
610 3229 42 17 liest
668 3228 53 17 Bush
738 3228 81 22 Scenery
835 3228 20 16 in
868 3227 47 17 New

481 3254 34 16 Zea
518 3253 51 16 li'iKi.

520 3283 105 22 PARES,
642 3283 41 18 10s
694 3282 81 19 EACH
789 3281 82 19 WAY.

481 3311 92 25 Special
590 3311 166 23 Conveyances
772 3315 45 13 can
837 3309 28 18 be
882 3314 24 13 ar-

627 3334 89 22 ranged
724 3333 41 19 foi\

481 3380 213 20 Les.ve—Okoroire
703 3380 36 18 for
752 3379 105 19 Rotorua
871 3378 46 18 and

552 3403 220 21 "WTiakarew&u'ewa
802 3402 62 23 daily
892 3402 26 17 at

555 3428 28 18 10
592 3427 52 18 a'm.

483 3451 92 19 L&iva-
584 3450 105 19 Rotorua
697 3449 46 19 and
751 3449 152 19 Whakarewa-

553 3479 61 13 rewa
631 3478 35 14 .-or
680 3472 117 22 Okoroire,
814 3471 63 23 daily
893 3471 25 18 at

555 3497 29 19 10
592 3502 46 13 a.m

516 3525 23 18 ill
558 3530 111 17 passengers
690 3529 31 11 art-.
738 3522 76 18 advised
834 3523 20 16 to
870 3522 49 17 avail

483 3548 113 17 themselves
605 3548 19 17 of
632 3547 38 17 this
687 3547 62 16 Route
764 3551 20 11 as
798 3546 91 17 Okoroire
903 3545 16 17 is

484 3578 35 11 on.!
536 3572 18 17 of
565 3572 33 16 the
667 3570 62 22 places
746 3569 21 18 of
783 3569 32 17 the
831 3568 87 18 Thermal

484 3595 23 17 Di
519 3595 50 17 tricl:,
592 3593 37 18 and
645 3599 23 11 no
684 3593 45 16 visil;
743 3595 20 14 to
780 3592 32 17 Ihe
826 3591 61 18 Lakes,
904 3591 15 17 is

484 3617 93 23 complete
586 3617 78 17 without
672 3616 24 17 its
703 3615 97 18 inclusion.

509 3640 72 23 Special
590 3639 92 18 attention
696 3639 16 17 is
725 3638 60 18 called
798 3639 20 15 to
831 3638 34 16 the
881 3637 38 17 fact

484 3664 43 17 that
536 3670 12 10 a.
556 3663 56 18 coach
621 3663 62 17 leaves
696 3662 85 17 Rotorua
790 3661 38 17 and
837 3660 69 18 Whaka-

484 3693 15 11 it
506 3692 79 12 warcwa
593 3692 24 11 on
627 3685 77 23 Sunday
713 3686 21 16 at
743 3685 21 16 10
773 3690 44 11 a.m.

621 3732 149 16 AGENTS
779 3732 4 16 :

477 3749 1 32 |
485 3755 73 17 TIIOS.
572 3753 69 18 COOK
658 3754 15 16 &
692 3753 55 19 SON,
765 3751 101 18 Auckland
882 3750 37 18 and

656 3776 91 17 Rotorua.

513 3838 167 23 FIREWOOD!
728 3838 165 23 FIREWOOD!

39 2980 442 890 dfas

525 513 369 50 R/GR.IFFIT.HS,

603 579 211 31 ROTORUA,

491 625 432 26 GENERALCARTER&CARRIER.

516 699 68 19 Goods
594 699 102 19 delivered
705 702 21 16 to
734 700 28 18 all
777 704 57 21 parts
850 701 22 18 of
889 701 34 19 the

490 725 77 19 district
575 728 21 16 at
603 726 38 18 low
651 729 60 15 rates.

570 764 62 18 ALL
645 764 111 19 TRAINS
770 765 69 19 MET.

515 828 139 19 N.B.—Good
657 829 100 25 paddocki
761 836 10 12 n
775 836 13 18 g
792 829 32 19 for
828 836 11 12 a
843 830 6 18 1
852 830 5 18 i
861 831 25 18 mi
889 831 33 18 ted

489 854 86 19 number
584 855 21 18 of
614 854 76 19 horses.
707 855 105 25 Spencer's
822 856 98 25 paddock,

489 880 145 19 well-watered
659 881 40 18 and
731 888 59 19 every
822 883 99 18 attention

489 906 54 23 paid.

488 954 181 22 AUCKLAND
690 955 51 23 and
759 955 160 24 WAIKATO

632 980 134 24 AGENCY

502 1014 56 19 Near
568 1014 92 20 Catholic
669 1014 88 25 Church,
770 1016 137 20 ROTOIiUA.

757 1068 124 47 DEPOT,

675 1121 61 19 AND

487 1154 243 27 GENERAL
748 1156 168 27 STORE.

510 1213 70 18 Local
603 1214 79 22 Agent
706 1214 36 18 for
767 1215 152 19 Commercial

486 1235 78 19 Union
578 1236 51 19 Fire
642 1237 135 19 Assurance
791 1238 125 21 Company,

486 1258 106 20 Limited.

487 1308 65 56 S.
616 1312 157 52 DAN
787 1312 126 64 DO,

534 1374 212 26 Commission
760 1377 110 31 Agent

507 1434 68 52 A.
618 1434 275 64 BKADY,

483 1504 115 20 BARBER
620 1505 60 19 AND
709 1507 94 19 lIAIRD
808 1507 108 24 KESSER,

483 1538 93 43 BEGS
587 1543 19 15 to
617 1547 105 13 announce
732 1541 45 20 that
784 1541 26 20 ho
821 1542 37 19 lias
865 1548 40 13 com-

551 1566 83 19 menced
646 1566 92 20 business
749 1568 21 18 in
781 1568 34 19 the
831 1568 52 25 sliop
898 1569 18 18 in

483 1594 35 19 the
533 1592 33 18 old
583 1595 59 19 town,
664 1593 95 25 formerly
778 1594 96 25 occupied
892 1594 26 24 by

484 1620 32 18 Mr
526 1618 123 24 McFadyen,
660 1619 85 23 saddler,
763 1620 41 18 and
820 1620 63 25 hopes
897 1623 21 16 to

483 1645 59 19 merit
553 1651 12 12 a
575 1646 59 17 share
645 1645 22 18 of
677 1645 33 18 the
721 1646 70 24 public
801 1649 89 22 support.

566 1679 158 19 RAZORS
753 1680 76 18 SET.

505 1728 23 19 A
537 1728 83 19 Choice
631 1728 151 19 Assortment
796 1729 26 18 of
833 1729 71 18 Tobac-

483 1757 45 16 cos,
540 1752 85 23 Cigars,
636 1752 130 23 Cigarettes
773 1752 21 18 &
801 1752 117 19 Smoker's

483 1775 139 22 Requisites.

484 1825 119 31 UNITED
626 1825 186 32 SKSJRAKCE
833 1826 82 36 COY.,

633 1864 127 18 LIMITED.

545 1915 151 29 CAPITAL,
713 1915 143 29 £500,000.

542 1968 33 18 RE
584 1968 52 19 risks
644 1968 21 18 of
672 1968 27 19 all
707 1968 76 19 classes
789 1969 126 18 undertaken

551 1998 21 15 at
582 1994 70 19 lowest
662 1998 81 15 current
753 1999 60 15 rates.

482 2029 75 18 Claims
566 2029 72 19 settled
648 2029 103 25 promptly
761 2030 40 18 and
814 2029 101 26 liberally.

492 2078 48 17 Now
548 2078 83 17 Zealand
642 2078 55 17 Head
706 2078 64 21 Office,

515 2105 91 18 Resident
615 2105 46 21 Sec.,
671 2105 67 18 .Tames
748 2106 18 18 S.
779 2106 101 18 Jameson.

605 2135 100 16 Auckland
715 2135 75 23 Agent:

541 2162 23 16 A.
579 2162 108 20 lleatuee,
698 2163 76 17 Custom
783 2161 68 19 Street.

612 2194 85 17 Rotorua
706 2194 75 23 Agent:

525 2222 22 17 F.
561 2223 21 17 F.
592 2223 68 17 Watt,
675 2223 118 17 CIIIIOXICLE
804 2223 63 17 Oflice.

66 3886 79 21 (Under
153 3889 128 24 Vice-regal
295 3888 147 23 Patronage.)

48 3916 28 21 'V
90 3921 13 16 0
127 3921 45 17 TO
190 3922 18 17 IT
225 3922 16 17 K
260 3922 9 16 I
288 3921 13 18 S
318 3921 14 16 T
351 3920 18 19 8,
393 3919 17 17 E
423 3923 13 13 T
448 3923 16 13 c.

58 3937 8 22 !
93 3947 108 14 beavtu'vl
212 3949 98 13 vjseskxts
322 3948 38 13 ron
370 3947 63 12 iiojik.

80 3972 29 16 fry
124 3966 107 19 Handsome
245 3967 63 18 Inlaid
327 3966 73 20 Tables;
415 3965 37 17 Oab-

48 3985 44 21 i'-i'ts,
104 3989 56 18 Jewel
174 3991 60 18 Case.-.,
249 3992 42 18 etc.,
308 3990 24 16 all
345 3989 55 17 made
417 3988 49 17 from

80 4011 126 21 fiii'.-stofNew
212 4013 100 19 Zealand's
318 4013 67 18 Forest
389 4012 19 17 AY
414 4011 50 17 oods.

48 4031 79 21 I'l'tronisi
139 4036 5 17 1
154 4037 23 21 l>y
187 4038 35 17 His
231 4036 114 21 Excellency
354 4035 32 17 tliu
394 4034 46 17 Earl
447 4034 19 16 of

48 4055 82 24 I'iusgow.
139 4060 20 18 K.
159 4060 32 18 0..
307 4059 37 17 and
359 4057 65 19 nearly
441 4057 24 16 all

81 4081 80 24 lability,
171 4084 69 17 llriiish
250 4083 37 17 and
294 4081 80 22 Foreign
382 4081 82 16 Officers,

48 4102 30 17 uiiil
87 4107 62 19 gentry
159 4107 40 17 who
214 4107 47 17 have
275 4104 67 19 visited
356 4104 47 17 New
419 4103 36 16 Zoa-

48 4123 42 21 iiinl.

74 4149 24 17 Vr.
111 4151 101 21 XOliltlE.
221 4153 41 22 Top
271 4153 19 16 of
299 4149 138 19 Sliortlaud-st.

606 4095 63 19 paper
688 4088 41 19 and
744 4086 115 25 Envelopes
876 4086 47 18 with

490 4114 35 18 .1.1
568 4115 82 26 printed
662 4114 91 25 heading
764 4116 20 16 at
794 4113 65 24 cheap
867 4116 56 15 rates

489 4146 20 16 at
520 4142 105 20 Chronicle
640 4142 62 18 oiiiee.

1174 147 33 51 E
1261 147 153 52 HOT
1468 150 33 51 L
1518 148 206 54 AKES
1778 151 73 52 01
1872 151 92 52 ST
1985 151 66 51 HI

1182 229 91 18 Tourists
1283 228 41 19 and
1336 228 91 20 Invalids
1436 230 85 25 visiting
1530 230 36 19 the
1574 230 141 19 Wonderland
1726 232 21 18 of
1755 232 52 19 New
1816 232 92 19 Zealand
1919 232 41 18 will
1967 232 42 18 find
2020 232 34 19 the

1164 269 409 79 SRAND
1664 272 400 78 HOTEI

948 423 79 43 THE
1042 427 51 16 most
1103 425 87 24 elegant,
1201 425 132 19 comfortable
1341 425 40 18 and
1392 425 44 18 best
1446 426 110 24 appointed
1566 425 154 19 establishment
1731 427 20 17 in
1771 426 51 19 New
1839 427 97 22 Zealand,
1955 426 17 18 it
1990 426 63 25 being
2069 427 76 24 replete
2162 427 127 25 throughout

1416 451 50 18 ■with
1476 451 34 19 the
1520 454 53 16 most
1586 451 83 19 modern
1684 452 148 18 conveniences.

973 475 57 18 THE
1044 475 92 20 HOTEL
1153 477 18 18 is
1189 477 21 18 in
1230 477 35 19 the
1282 475 117 20 immediate
1414 476 170 25 neighbourhood
1602 476 21 19 of
1642 477 35 18 the
1694 477 73 23 Priest,
1788 477 84 23 Rachel,
1892 477 125 19 Postmaster
2039 477 41 19 and
2095 478 59 19 other
2168 479 68 23 baths,
2254 479 35 18 the

947 501 89 20 curative
1045 502 113 24 properties
1167 502 22 19 of
1200 503 65 18 which
1280 508 33 13 are
1331 501 147 20 world-famed.
1506 502 55 19 Bath
1573 503 66 18 chairs
1650 502 39 19 and
1700 503 118 18 attendants
1828 510 35 12 are
1872 503 99 25 provided
1981 507 21 14 to
2014 509 76 19 convey
2105 503 88 20 invalids
2208 507 22 15 to
2248 505 41 18 and

947 526 51 19 from
1009 526 35 19 the
1053 528 81 18 various
1146 528 141 19 bath-houses.
1315 527 43 18 The
1368 528 107 18 bedrooms
1486 528 40 19 and
1545 529 86 23 retiring
1653 535 67 12 rooms
1740 535 34 12 are
1792 529 59 18 fitted
1870 529 49 18 with
1947 529 75 24 special
2035 529 75 24 regard
2123 533 20 15 to
2157 530 35 18 the
2208 530 81 25 require

947 555 65 16 ments
1021 553 23 18 of
1051 556 70 22 guests
1131 553 21 18 in
1162 554 70 19 search
1242 555 21 18 of
1272 553 91 19 renewed
1373 554 99 22 strength.

973 578 43 19 The
1028 578 63 19 Baths
1101 581 21 16 at
1132 579 35 19 the
1175 579 130 20 Sanatorium
1316 579 51 18 have
1378 579 99 19 attracted
1487 586 61 18 many
1558 580 81 19 visitors
1658 580 22 19 of
1698 580 41 19 lute
1759 587 71 17 years;
1858 583 95 21 amongst
1969 580 58 19 those
2039 580 44 19 who
2091 580 53 19 have
2156 581 64 18 found
2230 581 59 18 relief

947 602 32 20 bei
988 604 35 18 tho
1032 604 145 24 convalescent,
1188 612 92 16 nervous,
1292 605 117 22 rheumatic,
1421 605 40 18 aud
1472 606 101 24 sleepless.

972 629 92 19 Rotorua
1073 630 18 18 is
1100 630 34 19 the
1152 634 67 16 centre
1238 632 53 17 from
1308 630 66 19 which
1393 630 28 19 all
1440 630 70 25 points
1519 632 22 17 of
1550 632 84 18 interest
1644 632 20 17 in
1682 632 34 18 tho
1726 631 95 18 Thermal
1832 632 86 24 Springs
1934 632 86 19 District
2035 638 47 18 may
2097 632 26 18 be
2138 632 92 23 reached,
2248 632 40 19 and

946 655 73 25 special
1029 655 95 19 facilities
1134 663 34 12 are
1177 657 97 24 provided
1284 658 32 17 for
1323 656 57 19 those
1388 656 21 18 in
1419 656 69 19 search
1498 658 22 17 of
1527 656 35 19 the
1572 657 101 18 beautiful
1686 657 40 18 and
1740 657 128 19 marvelious.

1038 686 182 20 MAGNIFICENT
1233 688 176 17 APARTMENTS.
1539 688 84 17 LOFTY
1636 688 146 17 BEDROOMS.
1901 689 115 17 PERFECT
2032 688 162 18 SANITATION.

1090 711 25 18 In
1126 710 57 19 short
1192 719 12 11 a
1214 717 125 13 fihst-class
1352 710 173 19 Establishment
1534 712 88 24 offering
1630 711 61 25 equal
1700 712 94 18 comforts
1804 714 21 16 to
1835 712 35 18 the
1880 712 45 19 best
1939 712 65 19 hotels
2013 712 22 18 in
2044 712 87 24 Europe.

1612 743 11 12 o

1185 762 87 24 Suites
1289 763 28 22 of
1329 762 169 29 Apartments
1508 762 66 23 with
1585 763 98 29 special
1696 763 157 23 attendance
1867 763 40 23 for
1922 763 123 23 Families

946 796 99 25 Spacious
1056 796 126 19 Promenade
1193 797 111 23 Balconies,
1315 797 57 25 Snug
1385 796 90 24 Alcoves,
1487 797 39 18 and
1543 797 127 24 luxuriously
1687 797 108 25 appointed
1806 797 104 26 Drawing,
1930 797 71 21 Music,
2018 797 151 23 Conversation,
2185 797 101 25 Reading,

1396 822 100 26 ISrnoking
1505 823 39 18 and
1556 823 86 19 Billiard
1653 823 81 19 Rooms.
1762 822 71 20 Baths.

1235 856 117 20 SPECIAL
1365 856 161 20 ATTENTION
1540 857 68 19 PAID
1621 858 33 18 TO
1669 856 118 20 CUISINE
1800 857 62 19 AND
1876 856 125 20 SERVICE.
2016 859 36 22 43)

971 888 34 19 All
1015 888 180 20 communications
1206 889 27 24 by
1243 888 59 19 letter
1313 895 21 12 or
1346 888 98 24 telegram
1455 888 40 19 will
1505 889 77 18 receive
1592 891 80 23 prompt
1682 889 105 18 attention.

1070 974 8 9 .
1106 940 58 43 A.
1192 938 311 49 BOULTON,

1974 941 251 44 Manager.

1414 998 59 25 (Late
1484 999 21 17 of
1513 998 115 19 Grosvenor
1638 997 68 23 Hotel,
1719 997 80 19 Svdnev
1808 998 7 24 )

1142 1095 484 59 STREW'S

2085 1300 116 68 §ll

1044 1441 20 19 A
1084 1442 116 20 First-class
1216 1443 39 19 and
1273 1443 46 19 well
1327 1443 110 25 appointed
1446 1443 71 18 House
1529 1442 120 19 convenient
1659 1444 20 16 to
1689 1441 34 19 tho

941 1492 97 33 HOT
1052 1493 204 35 SPRINGS
1279 1495 33 31 &
1329 1495 236 31 WATUSAIi
1581 1492 248 33 WONDERS.

967 1551 57 20 HOT
1047 1552 92 19 BATHS
1162 1560 25 12 on
1204 1554 35 18 tho
1259 1554 102 24 premises.
1397 1554 43 18 The
1451 1554 96 25 stopping
1557 1553 71 19 House
1638 1552 32 19 for

1052 1583 68 23 THE
1144 1584 62 22 SPA
1229 1584 107 24 HOTEL
1361 1584 169 24 COACHING
1552 1583 165 24 COMPANY.

968 1634 89 19 Conches
1071 1636 66 18 arrive
1147 1637 51 18 from
1210 1637 70 25 Taupo
1290 1636 117 25 Thursdays
1416 1636 40 19 and
1473 1636 100 25 Sundays,
1585 1636 39 19 and
1639 1636 57 18 leave
1712 1635 31 18 for
1757 1634 71 26 Taupo

941 1660 86 25 Fridays
1037 1661 40 18 and
1087 1661 105 27 Mondays.

1187 1715 98 18 MODE
1292 1715 43 18 RA
1341 1714 17 19 T
1364 1714 17 19 E
1404 1714 149 20 CHARGE
1560 1714 19 19 S.

1195 1811 111 20 BEFORE
1321 1811 147 20 ORDERING
1479 1811 63 20 ELSE-

1160 1870 108 20 WHERE
1279 1871 58 18 THE
1350 1870 109 20 .PUBLIC
1473 1871 58 19 ARE
1549 1871 28 18 IX-

1197 1930 86 19 VITED
1299 1929 33 20 T0
1346 1930 70 19 CALL
1430 1930 58 19 AND
1500 1930 52 19 SEE

1011 1948 123 43 |&«f|

1238 1989 68 19 NEW
1319 1989 146 19 MATERIAL
1483 1989 32 19 IN

945 2022 38 17 raj.
1126 2018 8 20 ■}

1160 2048 161 27 SUITINGS,

1239 2097 167 28 COATINGS,

958 2123 34 47 /
1000 2123 42 52 f'•'
1102 2126 30 44 %
1305 2146 170 29 VESTINGS,

1840 1450 2 27 !
1853 1450 17 19 A
1891 1451 67 26 Large
1977 1453 60 19 Stock
2058 1455 21 18 of
2096 1454 94 23 German,
2207 1453 78 19 French

1920 1478 40 19 and
1971 1478 92 20 Colonial
2073 1481 61 18 Boots
2144 1481 76 24 always

2014 1506 22 18 in
2053 1506 68 19 Stock.

1853 1540 67 21 BEST
1927 1542 78 19 MATE
2009 1543 72 19 RIAL.
2116 1544 30 18 BI-
2153 1544 30 19 ST
2193 1543 91 21 WORK.

1931 1578 158 20 AUCKLAND
2098 1580 107 19 PRICES.

1852 1626 164 25 Hand-sewn
2027 1629 78 22 Soots
2114 1636 15 16 a
2144 1629 138 29 Specialty.

1877 1690 115 22 Visitors
2002 1691 27 21 to
2044 1691 45 23 the
2103 1691 54 23 Hot
2165 1691 91 23 Lakes.

2041 1742 12 19 1
2060 1744 37 18 HE

1881 1766 175 47 Palace
2092 1769 160 55 Hotel,

1851 1825 92 18 Situated
1969 1825 19 19 in
2013 1826 34 19 the
2072 1826 49 20 New
2145 1827 138 19 Government

1850 1851 107 23 Township
1974 1858 19 12 m
2010 1858 53 13 Ciose
2082 1853 108 25 proximity
2209 1857 21 15 to
2249 1853 35 19 the

1851 1877 70 23 Baths,
1939 1877 25 19 Sft
1975 1879 99 23 'atoiiuin,
2094 1879 49 19 Post
2166 1874 60 24 Ciflioe
2244 1879 39 19 and

1851 1903 91 25 Rai.way
1950 1904 87 19 Station.

1876 1956 41 19 The
1931 1956 59 19 Hotel
2002 1957 16 18 is
2035 1958 126 25 luxuriously
2178 1958 105 19 furnished

1850 1982 38 19 and
1901 1982 77 22 replde
1988 1984 47 18 with
2044 1991 58 17 every
2111 1985 135 18 convenience
2254 1985 31 18 for

1851 2008 84 19 tourists
1947 2009 38 18 and
1995 2010 75 19 others.
2100 2010 21 19 It
2141 2018 16 11 c.
2168 2010 90 20 tnmands
2274 2017 10 11 a

1850 2034 91 25 splendid
1953 2042 48 12 vew
2012 2037 22 17 of
2044 2036 35 19 the
2086 2036 56 20 Lake
2153 2038 38 18 and
2202 2038 16 17 is
2227 2036 46 19 wi:h-

1851 2061 18 18 in
1880 2068 46 17 easy
1938 2068 66 12 access
2018 2062 21 19 of
2057 2061 3 27 I
2065 2062 24 19 lie
2107 2064 77 19 Gevser
2200 2064 84 24 Springs

1858 2087 2 26 ■
1864 2087 7 18 f
1884 2087 184 20 Whakiii-ewarewa
2079 2090 39 18 ai.d
2129 2090 25 18 all
2169 2090 33 19 the
2221 2089 63 24 eights

1850 2114 20 18 of
1882 2113 33 19 the
1926 2114 85 19 district.

1839 2140 3 26 .
1863 2140 33 18 All
1907 2140 106 25 telegrams
2025 2141 103 25 promptly
2138 2142 96 19 attended
2244 2146 27 15 to.

1355 2255 228 23 TROUSERINGS

1639 2207 8 53 i
1663 2207 48 49 pf'
1729 2207 24 69 |i||

1985 2231 170 21 PROPRIETOR.

1186 2373 31 41 H.
1251 2373 40 40 I,
1327 2371 240 42 NEIGHBOUR'S.

960 2668 40 17 One
1009 2668 38 17 and
1056 2674 10 11 a
1075 2667 41 18 half
1124 2667 52 18 miles
1185 2667 50 18 from
1243 2667 32 17 the
1284 2666 46 17 Post
1339 2666 63 17 Office.
1428 2666 30 17 All
1466 2666 82 18 Coaches
1555 2666 49 17 from
1611 2666 95 21 Tokaanu,
1712 2666 72 22 Napier
1789 2666 38 17 and

937 2692 84 17 Rotorua
1030 2697 31 12 are
1070 2693 39 15 met
1117 2690 26 23 bj-
1150 2691 33 17 the
1212 2690 38 23 Spa
1277 2689 87 18 Coaches,
1374 2689 38 17 and
1420 2689 75 18 visitors
1505 2689 95 23 conveyed
1612 2691 19 15 to
1646 2689 33 18 the
1788 2690 39 17 free

1326 2713 20 17 of
1355 2712 75 23 charge.

962 2743 42 19 The
1144 2743 16 18 i*
1173 2742 35 19 tho
1218 2742 67 18 Home
1296 2742 21 18 of
1326 2741 34 19 the
1371 2741 87 19 Famous
1475 2741 94 23 Crow's
1583 2741 66 22 Nest
1665 2741 107 30 Geyser,
1791 2742 36 19 the

936 2769 82 17 Witches
1027 2768 100 19 Cauldron.
1143 2769 122 21 Champagne
1279 2767 75 22 Geyser,
1372 2767 62 22 Milky
1448 2767 76 23 Geyser.
1542 2767 107 22 Flosli-pot,
1666 2768 91 22 Porridge
1774 2768 52 21 Pots,

936 2792 122 20 Blow-holes,
1068 2792 84 17 Hannah
1161 2793 75 21 Geyser,
1246 2791 33 17 the
1287 2791 66 17 Lessor
1366 2791 70 17 Crow's
1449 2791 54 19 Nest,
1518 2791 64 17 Venus
1598 2791 56 19 Bath,
1670 2791 74 17 Satan's
1760 2791 66 23 Glory,

936 2815 40 18 Salt
985 2815 76 23 Spring,
1071 2815 148 20 Paddle-wheel,
1230 2814 36 17 and
1275 2814 70 17 several
1354 2814 55 16 other
1416 2814 62 22 sights
1484 2814 21 17 of
1513 2814 84 17 interest.
1622 2814 76 17 Guide's
1707 2815 29 16 fee
1745 2815 19 16 2s
1781 2810 47 22 each

936 2845 73 16 jersor..

958 2862 40 18 Tlie
1006 2862 76 17 IIUKA
1095 2861 86 18 FALLS.
1207 2861 79 16 Visitors
1295 2861 20 16 to
1324 2860 33 16 the
1447 2860 96 22 conveyed
1552 2861 38 15 free
1600 2860 20 17 of
1628 2860 75 23 charge.

960 2908 38 17 The
1005 2908 160 17 accommodation
1174 2909 21 16 at
1204 2908 31 16 the
1263 2906 38 22 Spa
1351 2906 25 17 all
1386 2906 42 17 that
1442 2912 35 11 can
1495 2906 24 18 be
1535 2906 79 17 desired.
1647 2906 63 22 Every
1726 2907 104 18 Bed-room

937 2931 107 18 over-looks
1053 2932 32 16 the
1094 2930 91 19 Gardens.
1211 2930 76 18 Private
1296 2929 61 17 Suites
1366 2929 20 17 of
1394 2930 130 22 Apartments.
1554 2929 62 22 Large
1631 2930 156 23 Drawing-room
1800 2932 31 17 for

936 2954 74 17 Ladies.
1035 2954 129 18 Comfortable
1172 2953 162 22 Smoking-room.

960 2977 53 18 THE
1026 2977 85 18 MAORI
1124 2977 103 18 CARVED
1241 2975 97 18 DINING
1349 2975 72 18 lIALL
1429 2976 49 17 seats
1491 2981 35 12 one
1539 2975 87 18 hundred
1640 2981 77 17 persons
1732 2977 38 17 and
1785 2983 33 12 con-

938 3000 48 17 tains
996 3001 25 16 all
1030 3001 84 21 separate
1124 3001 61 16 tables
1194 3001 30 16 for
1232 3000 72 22 private
1313 2999 70 22 parties
1392 3005 21 10 or
1425 2999 76 16 friends.

961 3024 14 16 T
980 3024 33 16 HE
1022 3023 86 18 LARGE
1117 3023 59 20 HOT,
1186 3022 67 19 COLD
1263 3024 15 16 &
1287 3022 79 18 TEPID
1372 3022 140 18 SWIMMING
1518 3022 70 18 BATH
1597 3021 73 23 adjoins
1679 3022 33 18 tho
1720 3022 109 19 Bedrooms.

961 3047 39 17 The
1045 3047 87 17 LPHUR.
1140 3047 69 16 BATH
1218 3047 15 16 is
1242 3045 77 23 equally
1326 3045 105 17 efficacious
1439 3051 20 11 as
1466 3045 33 17 the
1505 3046 74 16 famous
1586 3045 61 17 Priest
1653 3046 49 16 Rath
1710 3046 19 17 of
1738 3047 91 17 Rotorua.

961 3069 39 18 The
1009 3069 78 19 TEPID
1099 3069 70 19 BLUE
1181 3069 70 18 BATH
1257 3069 18 16 is
1284 3074 43 16 very
1337 3068 112 22 refreshing.

1147 3093 52 17 ALL
1206 3092 84 18 BATHS
1298 3092 40 16 free
1346 3093 20 15 to
1374 3091 81 17 Visitors
1463 3093 20 15 to
1493 3092 33 16 the

991 3116 42 19 The
1044 3115 92 19 Grounds
1146 3122 35 12 are
1193 3116 41 18 h-id
1244 3120 36 14 out
1295 3115 20 17 in
1332 3115 68 19 choice
1421 3114 122 23 Ruse-beds,
1565 3115 141 20 Shrubberies.
1715 3114 3 23 -
1724 3115 104 20 Beautiful

937 3142 94 23 Flowers,
1043 3142 51 18 Pine
1104 3142 134 23 Plantations,
1250 3141 50 19 Turf
1310 3141 76 18 Tennis
1404 3141 69 23 Lawn,
1489 3141 128 19 Promenade
1638 3142 41 18 and
1698 3141 132 20 Ornamental

936 3168 80 20 Lawns.

990 3194 57 20 Good
1058 3194 61 19 Grass
1129 3193 111 23 Paddocks,
1252 3192 101 25 Stabling,
1367 3193 66 19 Horse
1444 3193 61 23 Feed,
1517 3195 33 17 &e.

930 3228 1 44 J
939 3243 116 24 Visitors
1070 3243 135 29 conveyed
1214 3243 53 22 free
1279 3242 27 22 of
1315 3242 95 28 charge
1420 3243 27 21 to
1456 3243 70 22 meet
1536 3242 37 23 all
1589 3242 109 23 coaches
1711 3244 105 28 proceed-

1223 3269 45 27 ing
1284 3270 26 20 to
1325 3268 122 23 different
1461 3270 79 27 parts.
1625 3281 7 9 »

1072 3318 141 24 TARIFF:
1233 3319 33 16 10s
1279 3316 53 19 PEE
1350 3317 65 19 DAY.
1444 3317 29 20 £2
1491 3319 33 16 10s
1536 3317 55 19 PER
1604 3317 93 20 WEEK.

965 3367 80 26 Special
1052 3367 125 19 concessions
1184 3369 20 17 to
1211 3366 97 19 Families
1315 3366 39 18 and
1362 3366 57 25 large
1427 3367 76 24 parties
1510 3367 86 25 making
1603 3374 11 11 a
1622 3367 124 24 lengthened
1752 3371 52 22 stay.

943 3417 31 19 Vit
979 3417 47 19 itora
1038 3423 46 19 may
1094 3416 123 24 confidently
1229 3419 60 15 count
1299 3422 53 18 upon
1363 3422 60 18 every
1432 3422 45 12 care
1488 3416 40 19 and
1538 3416 99 19 attention
1648 3419 20 16 to
1679 3417 54 18 their
1739 3418 91 23 comfort,

1243 3441 40 18 and
1292 3441 77 25 civility
1377 3442 51 18 from
1439 3442 33 18 the
1484 3441 54 25 staff.

1046 3468 116 19 First-class
1172 3468 70 19 Table.
1376 3468 127 19 Abundance
1513 3469 21 18 of
1543 3468 59 19 Fruit
1611 3468 21 19 in
1643 3468 81 19 Season.

930 3492 1 28 :
941 3495 40 19 Tea
993 3494 40 19 and
1043 3494 67 19 Coffee
1122 3494 71 19 served
1204 3494 21 18 iu
1240 3494 35 18 the
1291 3492 80 26 Dining
1386 3493 50 19 Hall
1455 3495 105 25 mornings
1579 3495 41 18 and
1637 3496 122 18 afternoons.
1797 3496 33 19 No

1312 3523 58 14 extra
1379 3520 82 24 charge.

1075 3572 105 33 THE
1634 3573 62 32 CO,

1120 3614 44 17 Run
1174 3613 81 18 Coaches
1264 3614 20 16 to
1292 3613 33 17 the
1334 3612 98 23 following
1439 3613 63 22 places
1511 3614 20 17 of
1538 3612 88 23 interest:
1628 3624 24 2 —

943 3645 133 26 Tokaanu,
1087 3645 117 24 Thursdays
1214 3644 40 19 and
1268 3643 100 25 Sundays.
1396 3644 52 19 Fare
1458 3647 29 17 ss.

947 3671 136 23 Wairakei
1096 3670 121 30 Geysers,
1228 3671 61 23 daily,
1301 3670 93 25 Sundays
1404 3670 101 19 included.
1533 3670 52 20 Fare
1595 3673 21 16 2s
1626 3671 32 19 Cd.

943 3703 153 17 AIIATEATEA
1103 3703 101 17 RAPIDS,
1214 3702 58 22 daily.
1296 3701 48 17 Fare
1356 3703 19 15 :!s
1384 3702 30 17 (id.

943 3725 145 18 ROTOKAWA
1101 3725 122 18 SULPHUR
1235 3725 77 17 LAKE.
1337 3725 48 17 Fare
1393 3726 19 17 7s
1421 3725 30 21 (id,
1461 3731 38 16 any
1507 3726 51 17 time.

1898 2348 52 20 EGS
1959 2351 19 16 to
1987 2349 93 19 intimate
2087 2349 46 19 that
2143 2349 26 19 he
2187 2349 36 18 h°s
2241 2356 44 12 now

1922 2375 113 19 .concluded
2045 2375 34 19 the
2092 2375 119 19 alterations
2223 2379 21 15 to
2254 2376 32 18 his

1851 2401 96 25 premises
1964 2401 18 18 in
2001 2401 78 19 Fenton
2096 2401 73 23 Street,
2184 2401 101 25 (opposite

1851 2429 33 17 the
1895 2427 69 19 Grand
1975 2427 79 25 Hotel,)
2065 2427 40 19 and
2115 2427 37 19 has
2161 2434 12 12 a
2180 2428 56 24 large
2245 2428 40 18 and

1851 2453 44 19 well
1905 2453 91 19 assorted
2007 2453 56 19 stock
2073 2454 21 18 of
2107 2453 35 20 the
2162 2454 110 19 undermen-

1851 2479 68 19 tioned
1929 2480 69 24 goods,

1853 2513 66 41 FOR
1943 2513 19 41 C
1985 2513 45 41 SK
2045 2513 25 41 &
2089 2513 19 41 C
2124 2513 43 41 SH
2182 2513 100 42 ONLY.

1877 2569 49 18 This
1936 2569 53 18 Rule
2000 2568 41 19 will
2058 2570 23 17 be
2098 2570 77 23 strictly
2196 2569 89 19 adhered

1850 2598 20 16 to
1881 2602 22 12 so
1914 2602 26 12 no
1950 2601 38 13 one
1998 2595 51 19 need
2061 2596 23 18 he
2094 2595 95 19 offended
2196 2596 17 18 if
2221 2595 65 19 credit

1851 2622 17 18 is
1879 2621 88 19 refused.

1852 2656 83 22 Men's
1946 2655 126 30 Mercery,
2082 2655 75 28 Hats,
2169 2657 44 22 &c.

1852 2687 84 22 Men's
1951 2687 53 22 and
2018 2686 77 30 Boys'
2112 2687 122 28 Clothing

1957 2735 14 11 ~
2082 2718 79 23 Boots
2173 2719 21 22 &
2205 2720 79 22 Shoes

1851 2749 137 27 Blankets,
2003 2748 80 29 Rugs,
2096 2749 96 28 Prints,
2209 2749 60 23 Flan-

1905 2780 121 27 nelettes,
2039 2782 47 22 etc.

1853 2812 114 28 Saddles,
1979 2812 109 28 Bridles,
2105 2814 47 22 etc.

1966 2882 102 25 Complete
2079 2883 60 19 Stock
2150 2884 21 18 of

1854 2913 90 29 Fancy
1959 2913 90 27 Goods,
2068 2913 150 31 Stationery
2235 2915 51 22 and

1905 2945 85 22 Books

1853 2977 194 23 Tobacconist's
2064 2976 91 29 Goods,
2167 2979 47 21 etc-

1856 3008 113 23 Musical
1983 3008 178 24 Instruments

1853 3039 112 27 Fishing
1979 3038 95 23 Tackle

1853 3071 121 22 Window
1981 3070 71 29 glass
2061 3071 21 22 &
2090 3071 78 30 Lamp
2178 3072 107 28 glasses.

1853 3122 93 19 LARGE
1962 3122 59 19 AND
2052 3123 234 19 WELL-ASSORTED

1999 3154 88 20 STOCK
2101 3155 34 19 OF

1868 3186 184 27 BIRTHDAY,
2082 3186 94 23 XMAS
2203 3187 70 23 AND

1906 3217 79 23 NEW
2007 3217 92 23 YEAR
2119 3219 114 23 CARDS.

1893 3269 67 20 Maori
1973 3269 72 20 Curios
2056 3270 21 19 in
2087 3271 63 19 Great
2158 3271 91 24 Variety.

1919 3322 118 19 First-class
2054 3322 87 20 Billiard
2150 3323 70 19 Table.

1854 3369 149 25 Prescriptions
2013 3369 108 25 dispensed
2131 3371 26 24 by
2166 3377 12 12 a
2188 3370 100 21 Qualified

2012 3395 91 19 Chemist
2112 3398 21 16 at

1932 3427 127 32 ROBERT
2077 3428 134 31 WAKE'S.

1991 3484 160 24 ROTORUA.

1000 3817 108 41 DAVID
1139 3815 184 46 SHERRIFF,

1028 3890 114 20 FAMILY
1157 3890 139 23 BU'ICUER,

998 3942 80 18 Akawa
1101 3941 92 23 Street,
1217 3939 107 19 Botohua.

971 3990 22 19 Is
1012 3996 44 11 now
1076 3988 95 25 carrying
1190 3995 24 12 on
1234 3988 35 19 the
1284 3988 94 19 business

946 4016 61 25 lately
1030 4015 111 18 conducted
1160 4015 28 23 by
1205 4014 75 18 Messrs
1298 4014 79 19 Jeckliu

933 4038 2 27 !
946 4042 41 19 and
998 4041 75 23 Cotter,
1085 4040 40 19 and
1136 4041 16 18 is
1162 4040 99 25 prepared
1273 4044 18 14 to
1305 4040 74 24 supply

934 4066 1 27 1
946 4069 35 18 tho
992 4067 69 26 public
1072 4068 46 17 with
1131 4068 64 24 prime
1204 4066 78 25 quality
1292 4067 21 18 of
1327 4068 52 17 meat

934 4093 1 25 ;
946 4094 41 19 and
997 4093 58 19 small
1065 4093 62 25 goods

1019 4137 35 19 AT
1069 4136 118 21 LOWEST
1202 4135 104 20 PRICES.

1454 3802 31 40 I,
1501 3802 38 40 ¥.
1571 3801 160 43 PEMSi

1529 3870 171 20 FRUITERER.

1426 3913 57 19 Next
1494 3912 99 19 Saddler's
1607 3912 56 25 shop,
1673 3913 133 21 Ohinemutu.

1403 3953 43 19 Has
1457 3953 74 23 always
1546 3959 12 11 a
1573 3952 52 24 good
1639 3954 73 24 supply
1729 3955 21 18 of
1769 3955 63 20 Fresh

1475 3979 66 23 Fruit,
1552 3978 47 19 both
1615 3979 50 19 local
1675 3981 37 17 and
1726 3981 22 19 im-

1527 4004 70 26 ported
1609 4011 25 12 on
1646 4005 59 20 hand.

1571 4030 20 19 A
1600 4037 12 12 l
1623 4037 37 17 so,

1526 4058 19 17 A
1564 4057 43 18 well
1618 4061 91 16 assorted

1455 4082 57 19 stoik
1523 4083 22 18 of
1555 4082 86 24 Biscuit,
1654 4084 117 20 Confection-

1402 4115 35 19 ery
1447 4109 40 19 and
1498 4111 92 17 Summer
1603 4108 76 23 Drinks
1692 4113 21 17 at
1729 4111 106 20 Moderate

1580 4135 75 20 Prices.

2044 3542 9 13 J
2060 3542 40 13 ilii.

1857 3562 427 88 Langham.

1877 3659 48 23 (One
1932 3659 89 17 minute's
2028 3660 52 17 -walk
2087 3660 50 18 from
2144 3661 32 17 the
2182 3661 73 17 Govern-

2006 3683 52 18 ment
2066 3683 76 23 Baths.)

1974 3736 190 22 T6RMS:

1882 3770 45 22 35s
1936 3777 45 22 per
2000 3771 87 27 week;
2108 3772 28 22 6s
2151 3778 46 22 per
2205 3772 58 28 day.

1883 3801 62 22 Two
1955 3801 89 22 weeks
2054 3808 28 15 or
2092 3801 99 29 loneer,
2208 3802 55 23 30s.

1891 3849 28 31 C.
1952 3850 135 31 HMVKER
2116 3850 141 38 WILSON,

1982 3892 187 20 PROPRIETOR.

1884 3953 176 23 WYNYARD
2074 3955 191 29 &PURCHAS,

1919 3988 130 19 Baiuiistejis
2056 3995 43 12 axd
2110 3989 123 23 Solicitous,

1858 4026 80 19 B.N.Z.
1947 4026 118 24 Chambers,
2075 4026 103 26 QueenSt,
2186 4028 108 19 Auckland

1954 4088 52 18 have
2016 4095 73 18 money
2098 4092 21 16 to
2129 4089 47 19 lend
2188 4096 25 12 on
2230 4090 63 19 Mort-

1876 4115 9 14 T
1895 4116 8 13 r
1951 4120 53 19 gage
2014 4115 21 17 of
2050 4114 100 20 Freehold
2166 4115 40 19 and
2221 4116 60 19 Lease-

1861 4139 49 19 hold
1919 4143 95 21 property
2025 4143 21 15 at
2056 4144 81 16 current
2145 4144 61 16 rates.

903 4225 1486 49 dfas

2348 289 269 66 NOTIC6
2640 266 112 89 To
2780 291 378 69 TOURISTS.

2748 362 11 11 O

2345 378 63 25 The
2427 378 214 32 undersigned
2661 385 53 19 are
2732 385 73 20 now
2820 381 139 32 running
2973 383 139 32 Buggies
3128 384 63 25 and

2312 410 139 26 Coaclies
2473 412 32 24 to
2525 412 54 24 the
2592 411 163 30 following
2768 412 107 31 places
2888 413 34 24 of
2934 414 132 26 interest
3084 416 34 25 in
3138 417 53 25 the

2310 442 240 31 neighborhood
2568 445 32 23 at
2617 444 128 31 greatly
2769 444 136 26 reduced
2929 447 91 25 rates.
3067 449 125 31 Special

2311 475 182 26 reductions
2501 475 49 26 for
2562 477 89 30 large
2660 476 125 31 parties.

2310 514 55 18 WH
2366 515 259 19 AILARF.WARBWA
2632 522 5 16 ;
2674 515 163 19 WAIRAKEI
2858 517 20 18 &
2898 519 101 19 TAUPO
3006 526 5 3 •
3036 521 142 18 TIKITERE
3187 514 4 25 •

2450 538 144 19 TIKITERE
2606 538 20 19 &
2639 538 104 18 OKERE
2757 538 96 20 FALLS
2862 538 3 24 ;
2878 540 172 22 WAIOTAPU.

2324 583 92 28 Special
2427 587 168 25 Conveyances
2607 585 45 26 arpd
2663 585 86 19 Saddle
2761 586 82 22 Verses
2854 591 21 15 to
2887 588 27 18 all
2926 592 59 23 parts
3001 596 22 13 oi
3036 591 38 19 the
3091 591 84 20 district

2633 615 22 15 at
2667 612 115 23 Moderate
2793 614 77 21 F^ates.

2356 658 47 18 Bus
2409 658 77 19 leaves
2494 659 63 18 Lake
2563 660 86 21 House,
2657 659 85 23 calling
2747 660 26 17 at
2778 660 31 17 all
2816 660 82 19 Hotels
2903 662 46 17 and
2955 662 113 25 Boarding
3075 665 92 18 Houses;

2333 681 36 17 for
2377 681 224 23 Whakarewarewa,
2611 682 68 18 twice
2688 682 116 23 forenoon,
2815 683 67 18 twice
2891 684 120 20 afternoon

2498 714 45 45 J.
2578 714 308 46 FALLOONA
2907 715 47 45 &
2976 718 96 55 Co.,

2806 779 323 56 Proprietors.

2324 841 129 27 BOOKING
2466 842 107 26 OFFICE
2583 842 61 26 AND
2656 842 134 26 STRBLES
2804 842 145 27 OPPOSITE
2959 844 99 26 GRAND
3074 846 103 27 HOTEL.

2399 889 228 46 ROBERT
2660 889 254 47 FURJMESS
2946 889 46 47 &
3023 891 82 50 Co.,

2341 982 380 28 MANUFACTURERS
2758 982 114 27 AND
2909 983 249 33 IMPORTERS,

2500 1051 181 35 FORT
2716 1052 290 34 STR66T.

2310 1122 240 46 KUSABS
2584 1122 152 46 BROS

2415 1187 217 33 MAMAKU

2307 1225 73 40 SAW
2396 1226 24 41 &
2447 1226 152 42 PLANING
2621 1226 115 41 MILLS,

2310 1296 268 23 MOUNTAIN
2602 1296 136 25 RI7VZ\J,

2466 1340 42 13 TILE
2520 1340 54 13 ONLY

2308 1373 134 20 GENUINE
2456 1373 60 19 DRY
2533 1373 78 19 LAND
2628 1373 111 19 TIMBER

2412 1408 29 17 IN
2454 1408 52 17 THE
2519 1408 115 17 MARKET.

2308 1453 127 43 MESSRS
2454 1454 100 17 KUSABS
2571 1453 70 19 BROS.
2655 1454 38 22 bog
2709 1459 20 11 re-

2383 1477 101 23 spectfully
2489 1479 20 16 to
2517 1477 71 18 inform
2595 1477 33 17 the
2641 1477 66 17 Public
2720 1477 20 17 of

2308 1501 77 14 Hoturuii
2393 1501 34 15 unci
2437 1500 72 20 vicinity
2519 1500 38 16 ilmt
2566 1502 41 19 tliey
2621 1501 44 15 have
2680 1502 46 14 otub-

2307 1521 55 15 lished
2370 1527 11 9 u
2389 1521 44 20 yard
2441 1521 17 15 in
2472 1521 125 19 Hhieinoa-st.,
2608 1522 33 14 and
2656 1526 30 10 can
2701 1526 38 10 now

2307 1543 62 20 supply
2378 1542 29 16 tlie
2414 1543 51 14 finest
2474 1543 43 14 class
2532 1543 18 15 of
2564 1542 83 20 Building
2660 1542 78 15 Material

2307 1564 17 14 in
2333 1564 28 15 t.lie
2371 1563 74 17 Market,.
2461 1564 18 15 It
2487 1564 14 15 is
2508 1564 103 20 unequalled
2620 1569 16 9 in
2645 1563 93 20 durabiliiy

2307 1585 33 15 and
2350 1585 104 21 impervious
2462 1588 19 13 to
2490 1585 29 16 the
2528 1586 67 15 auaeks
2611 1585 17 15 of
2642 1585 53 15 borer,
2705 1585 33 14 and

2307 1606 31 21 dry
2350 1610 32 13 rot.
2406 1606 52 16 Their
2466 1606 84 16 sawmills
2558 1611 29 11 ere
2594 1606 49 16 fitted
2654 1606 41 15 with
2710 1606 29 14 the

2307 1631 44 12 most,
2360 1627 69 16 modern
2438 1627 99 21 appliances
2547 1627 34 16 and
2590 1628 28 15 the
2627 1627 37 16 firm
2678 1627 13 15 is
2701 1627 38 16 ahle

2307 1651 17 12 to
2341 1649 62 20 t-upply
2419 1654 34 15 any
2468 1650 82 19 quantity
2567 1649 18 15 of
2599 1649 39 21 Dry
2655 1648 84 20 Building

2307 1669 80 16 Material
2397 1676 20 10 on
2427 1671 29 15 the
2463 1672 77 14 shortest
2547 1670 62 16 notice.

2308 1712 140 30 Skirtings,
2456 1713 179 27 Architraves,
2641 1712 81 23 Mould-

2343 1743 66 29 ings,
2423 1744 51 22 and
2484 1743 111 23 Dressed
2605 1743 102 22 Timber

2373 1775 28 22 of
2409 1781 81 23 every
2505 1774 165 29 description,
2679 1789 8 10 .

2399 1804 109 30 Always
2520 1812 32 15 on
2562 1804 84 23 Hand.

2333 1839 119 22 HENAU
2462 1839 108 23 HOUSE
2583 1838 127 23 BLOCKS.

2327 1886 50 17 Prise
2385 1886 48 16 Lists
2441 1891 20 11 on
2471 1886 104 21 application
2585 1888 18 14 to

2307 1917 224 33 KUSABS
2568 1916 170 37 BROS,,

2381 1958 118 18 MAMAKU
2512 1964 25 12 on
2550 1958 113 18 OHAUPO.

2435 1988 26 17 Or
2470 1989 20 15 nt
2498 1988 31 17 the
2542 1987 68 21 Yards,

2329 2015 125 18 HINEMOA
2467 2015 101 20 STREET,
2588 2013 127 19 ROTORUA.

2307 2088 34 18 TO
2355 2088 59 19 THE
2428 2088 106 19 PUBLIC
2548 2088 35 19 OF
2601 2087 137 20 ROTORUA.

2308 2139 94 43 IBEG
2413 2142 20 16 to
2443 2140 65 19 thank
2518 2140 34 18 tho
2566 2139 73 19 Public
2649 2139 21 19 of
2677 2138 51 20 Roto-

2360 2172 41 12 rua
2419 2166 32 19 for
2465 2166 53 19 their
2525 2167 83 17 favours
2620 2165 74 25 during
2705 2165 35 19 tli'e

2307 2194 45 23 past
2362 2192 70 19 fifteen
2442 2198 64 19 years,
2519 2192 40 18 and
2574 2196 19 14 to
2611 2192 64 23 notify
2696 2191 44 18 that

2307 2218 31 18 for
2348 2218 34 18 1110
2395 2218 133 19 convenience
2538 2218 21 18 of
2568 2218 99 18 residents
2676 2217 22 19 in
2707 2217 32 20 tlie

2308 2245 50 18 Neiv
2369 2244 116 25 Township,
2498 2244 40 18 and
2548 2250 32 19 my
2594 2243 57 19 trade
2669 2250 60 18 gener-

2307 2271 47 23 ally,
2366 2270 10 18 I
2387 2271 52 17 have
2449 2270 54 19 built

2334 2304 53 19 New
2395 2304 104 20 Premises
2507 2311 22 12 in
2536 2304 45 19 Pen
2585 2310 36 13 ton
2628 2304 84 24 Street,

2308 2341 64 18 which
2384 2348 34 12 aie
2428 2347 44 12 now
2484 2347 51 19 open
2543 2341 33 18 for
2585 2340 99 23 business,
2701 2339 39 19 and

2307 2367 10 18 I
2329 2374 32 11 am
2380 2367 99 25 prepared
2501 2371 21 14 to
2535 2367 73 25 supply

2448 2401 71 19 Piti.ME
2538 2402 63 18 Meat

2308 2439 19 19 in
2340 2439 49 19 both
2400 2439 50 20 New
2463 2440 40 18 and
2514 2439 37 19 Old
2562 2438 125 25 Townships.

2340 2506 43 23 An
2395 2506 153 29 Inspection
2562 2506 22 22 is
2600 2505 107 23 invited.

2517 2546 102 19 HENRY
2632 2545 82 20 KIRK.

2353 2618 30 39 A,
2413 2617 69 40 AND
2508 2617 30 40 G.
2566 2615 126 46 BROOK,

2307 2670 81 23 BOOT
2402 2669 70 23 AND
2489 2667 82 25 SHOE
2592 2667 157 27 MAKERS,.

2366 2702 87 19 Kenton
2469 2703 88 21 Street,
2581 2702 105 17 Kotohta.

2308 2735 44 18 And
2376 2737 21 17 at
2427 2733 82 20 Parnell
2533 2733 40 19 a'd
2602 2732 136 20 Newmutket.

2333 2787 66 25 Large,
2409 2787 38 18 and
2460 2787 66 18 varied
2543 2785 62 20 Steele
2616 2785 19 18 of
2648 2784 90 24 English,

2308 2813 86 24 Foreign
2406 2813 38 19 and
2457 2813 90 18 Colonial
2560 2813 13 18 B
2589 2817 31 12 ots
2631 2812 36 17 and
2677 2812 61 17 Shoes

2368 2841 22 18 to
2401 2840 72 18 choose
2484 2840 50 18 from
2546 2841 22 16 at
2578 2839 35 17 the
2623 2840 51 16 most

2341 2871 216 31 REASONABLE
2579 2869 126 32 PRICES.

2374 2913 96 20 GREAT
2482 2913 88 19 IU.DTJi

2334 2944 95 24 Clearing
2447 2947 36 15 out
2505 2945 39 17 Sto.
2553 2943 11 19 k
2584 2943 32 18 for
2640 2942 74 25 Spiing

2461 2970 122 24 Shipments.

2309 3003 34 19 All
2358 3003 70 19 orders
2444 3002 40 19 and
2501 3001 74 26 repairs
2592 3000 147 25 expeditiously

2472 3035 29 12 exi
2508 3028 65 19 cuted.

2819 1122 39 40 W,
2886 1122 32 40 A,
2950 1123 184 42 WILLIAMS'

2764 1194 221 23 PIONEER
3027 1196 165 27 STORE,

2840 1232 102 24 Opposite
2957 1232 72 19 Palaco
3046 1233 66 20 Hotel.

2761 1282 139 25 GROCERY,

2802 1314 138 20 OILMEN'S
2955 1314 109 24 STORES,

2845 1344 215 24 IRONMONGERY,

2895 1375 153 19 CROCKERY
3052 1376 91 23 WARE,

2947 1409 141 25 DRAPERY,
3105 1413 42 21 &c.,
3157 1413 34 19 &c.

2790 1444 16 13 A
2823 1446 22 11 iv(
2851 1439 120 20 l!-assorted
2988 1441 56 19 stock
3062 1443 20 17 in
3099 1442 27 19 all
3142 1443 52 19 lincv?

2762 1465 21 19 of
2793 1466 34 18 the
2836 1467 62 18 above
2909 1471 20 14 at
2939 1466 70 20 lowest,
3021 1474 70 16 prices.

2762 1500 49 19 New
2823 1500 87 20 Zealand
2917 1502 65 24 Dairy
2990 1502 146 20 Association's
3143 1503 40 20 F.ie-

2798 1528 45 22 tory
2855 1526 74 20 Butter
2938 1528 55 19 fresh
3004 1528 57 19 twice
3072 1529 81 25 weekly.

2838 1561 50 19 Neiv
2898 1561 50 19 Laid
2959 1562 59 24 E»gs,
3030 1564 41 22 &c.,
3083 1564 34 19 Ac.

2778 1613 162 21 GOVERNMENT
2961 1615 48 21 LIFE
3030 1616 138 23 INSURANCE

2892 1640 118 14 Established
3019 1643 36 12 1870.

2792 1663 47 13 LOW
2848 1664 113 14 PIiEMIUMS.
2978 1665 70 14 LARGE
3057 1667 99 14 BONUSES.

2777 1687 144 17 Reversionary
2931 1689 85 14 Bonuses
3026 1691 107 14 declared—

2810 1705 7 23 |
2818 1709 10 9 n
3068 1709 101 18 £125,000

2837 1722 33 23 JBBS
3069 1725 100 18 £319,000

2837 1738 33 13 1890
3065 1741 104 17 £396,000

2810 1755 18 12 la
2837 1756 33 12 lb'-M
2875 1754 53 16 (three
2932 1759 46 12 years
2983 1756 58 17 0n1y)...
3064 1757 105 18 £277,000

2915 1777 14 12 J.
2939 1777 18 13 It.

3039 1795 130 15 Commissioner.

2811 1832 333 43 HORACESTEWART.

2762 1887 108 22 SADDLE,
2885 1888 124 21 HARNESS,
3023 1889 53 17 AND
3093 1890 101 17 COLLAR

2931 1911 99 22 MAKER,

2806 1946 179 24 FENTON-ST.,
2999 1947 151 20 ROTORUA.

2762 1982 103 22 Saddles,
2883 1983 92 22 Bridles,
2992 1984 92 22 Collars,
3100 1984 91 23 Chains,

2785 2005 56 22 Bits,
2849 2006 79 23 Spurs,
2937 2006 103 19 Harness
3053 2008 68 23 Soap,
3129 2008 40 19 &o.

2785 2052 118 22 Coaclialine,
2913 2059 11 10 a
2941 2055 113 21 waterproof
3069 2055 126 21 preservative

2761 2076 30 16 for
2799 2075 26 17 all
2833 2076 55 17 kinds
2897 2076 20 17 of
2929 2076 77 18 leather.

2785 2098 84 21 Axleinc,
2888 2105 11 11 a
2912 2099 71 22 perfect
2999 2100 95 18 lubricant
3109 2101 30 17 for
3153 2107 31 12 car-

2761 2121 67 23 riages,
2839 2128 97 16 waggons,
2946 2123 32 16 &c.

2785 2145 73 17 Collars
2865 2144 56 18 made
2934 2147 20 15 to
2968 2151 83 12 measure
3065 2152 23 11 011
3105 2147 33 16 the
3152 2152 33 17 pre-

2762 2168 54 17 mises
2825 2174 11 10 a
2845 2168 102 22 speciality.
2986 2169 124 22 Lengthened
3121 2170 64 22 experi-

2762 2196 44 12 ence
2814 2191 20 17 in
2842 2191 27 17 all
2877 2191 68 17 classes
2952 2191 21 17 of
2978 2190 94 20 Saddler's
3081 2193 57 17 work.
3164 2193 33 17 All

2762 2213 64 18 orders
2835 2214 97 22 promptly
2941 2215 89 17 attended
3042 2217 26 15 to.

2787 2278 42 44 G
2842 2279 53 18 Ea
2915 2279 134 44 M°A
3062 2280 102 18 ULET
3166 2295 5 7 -

2762 2348 122 23 Plumber
2902 2349 20 22 &
2933 2348 111 24 General
3056 2349 138 24 Mechanic

2856 2398 129 19 Tutanekai
3004 2399 92 23 Street,

2825 2448 210 23 ROTOR
3051 2449 91 22 UH,

2809 2514 91 67 1L
3051 2523 108 40 SIMON
3166 2514 3 67 >

2959 2574 60 24 (Late
3026 2575 22 18 of
3056 2575 138 24 Melbourne.)

2786 2612 13 41 I
2968 2623 113 18 Practical
3101 2624 81 17 Taii.oh.

2786 2665 20 58 1[
2956 2696 104 23 Clothes
3074 2698 74 21 made
3168 2699 25 20 to

2786 2723 44 28 P§
2837 2719 49 32 lis
2983 2722 73 22 order
3074 2730 33 15 on
3123 2723 45 22 the

3009 2748 133 23 shortest

2786 2771 98 29 teplif
3027 2775 93 22 notice.

2820 2864 202 120 tStvie
3032 2877 11 11 a
3060 2870 10 18 d
3083 2870 35 19 Fit
3130 2872 34 17 not
3175 2873 21 16 to

2957 2898 23 16 bo
2989 2896 95 25 equalled
3102 2902 18 12 in
3138 2899 55 17 town

2891 2933 45 27 ggF
2955 2932 110 28 Address:
3082 2932 112 20 ArawaSt.

2891 2957 28 21 W
3026 2958 101 19 Rotorua.

2765 3053 136 23 BARBER
2915 3054 21 21 &
2952 3054 235 24 HAIRDRESSER

2310 3167 430 36 CARPENTER,

2413 3210 105 18 FENTON
2534 3209 103 20 STREET,

2403 3244 100 18 Opposite

2333 3274 68 17 Sashes
2409 3273 54 17 made
2472 3273 20 17 to
2501 3272 60 17 order.

2405 3333 28 41 F,
2477 3330 172 46 GOODSON,

2751 3230 3 28 j
2764 3233 61 19 HAS
2843 3233 109 18 removed
2966 3234 25 18 to
3008 3233 36 19 his
3059 3234 74 19 NEW
3150 3234 32 19 SA-

2789 3273 82 19 LOON
2879 3273 178 23 Fenton-street,
3067 3274 106 23 opposite

2889 3310 66 23 Kirk,
2970 3310 103 20 butcher.

2453 3398 55 17 Hub
2517 3391 86 23 UnyA
2753 3391 2 26 I
2807 3393 88 19 Setting
2908 3393 82 19 Razors
3002 3400 12 12 a
3029 3393 120 20 Specialty.

2312 3428 83 33 COAL
2411 3428 26 32 &
2457 3426 169 34 FIREWOOD
2645 3424 97 37 YARD,
2753 3412 2 56 j

2397 3474 143 18 PUKUATUA
2552 3471 101 22 STREET,
2752 3470 4 31 j
2790 3475 108 19 Choicest
2911 3475 89 18 Brands
3014 3475 86 23 Cigars,
3114 3476 70 18 Tobac-

2754 3498 2 25 i
2766 3504 40 13 COS
2808 3498 4 25 i
2823 3498 19 18 &
2844 3504 12 12 c
2859 3498 3 25 -

2336 3556 63 17 Goods
2407 3555 94 17 delivered
2510 3554 49 17 after
2571 3553 69 17 arrival
2653 3553 20 16 of
2686 3552 59 17 trains

2312 3580 19 16 to
2340 3579 26 17 all
2374 3580 53 21 parts
2435 3579 21 17 of
2464 3578 32 17 the
2505 3579 51 15 town
2565 3576 45 17 with
2619 3576 124 22 promptness.

2312 3611 62 22 Large
2383 3610 57 18 Stock
2453 3610 20 18 of
2490 3609 44 18 Coal
2551 3608 37 18 and
2606 3607 95 17 Firewood
2716 3606 18 17 al-

2381 3639 52 16 ways
2443 3638 24 12 on
2475 3632 52 18 hand
2536 3631 38 18 and
2583 3630 92 18 delivered

2452 3657 20 16 at
2480 3655 33 18 the
2525 3655 82 17 shortest

2494 3678 68 17 notice.

2335 3709 68 18 RATA
2408 3713 42 12 anti
2455 3707 55 17 TAW
2512 3708 16 16 A
2536 3711 24 12 at
2565 3709 79 14 lowest
2653 3708 68 14 rates.

2314 3751 62 44 All
2382 3750 133 19 CKLAND
2529 3749 63 16 ADV
2599 3748 17 17 E
2623 3748 16 16 R
2645 3747 44 18 TIS
2694 3747 30 16 TN
2729 3747 16 16 G

2470 3772 111 19 AGENCY,

2335 3798 100 17 Victoria
2447 3796 88 17 Arcade.
2550 3795 71 18 Queen*
2638 3793 83 17 Street.

2368 3819 122 21 Advertising
2496 3819 18 16 in
2524 3818 25 17 all
2561 3817 25 17 its
2594 3816 96 17 branches.

2313 3844 54 20 Now,
2381 3843 76 22 Unique
2473 3845 37 14 amt
2523 3840 85 18 Tasteful
2625 3838 121 23 Advertising

2486 3864 90 18 Medium.

2337 3889 69 18 Orders
2415 3889 48 17 from
2472 3888 25 17 all
2506 3889 52 20 parts
2567 3885 90 18 attended
2665 3886 20 16 to
2700 3884 45 17 with

2314 3918 42 12 care
2366 3913 36 16 arid
2412 3911 112 22 expedition.

2331 4031 47 32 H.
2458 4025 271 37 W.MITCHELL,

2540 4086 110 23 jEurlicßor,

2768 3560 74 24 Sixth
2856 3560 73 23 Year.

2978 3560 73 23 Price
3060 3560 134 30 Sixpence.

3015 3588 88 20 Postage
3113 3588 31 18 2d.

2812 3756 340 33 ILLUSTRATED

2768 3814 163 41 ALMANAC
2956 3815 70 41 AND
3057 3813 134 44 DIARY,

2909 3887 62 22 FOR
2986 3887 67 22 1896.

2771 3925 87 31 rpiIIS
2873 3926 67 18 useful
2949 3926 81 19 Annual
3041 3926 36 18 has
3091 3930 43 12 now
3150 3929 32 12 ncr-

2779 3944 20 23 -B-
2836 3951 103 25 manontly
2956 3952 60 18 taken
3032 3952 25 18 its
3076 3950 53 24 place
3144 3955 22 12 as
3182 3954 10 11 a

2770 3977 117 19 Handbook
2898 3978 21 18 of
2935 3977 55 25 daily
3004 3977 99 19 reference
3123 3974 19 18 in
3160 3973 32 18 iho

2770 4003 102 25 Counting
2882 4003 70 19 House
2962 4005 39 17 and
3011 4003 71 18 Home.
3110 4000 19 19 It
3136 4000 17 17 is
3159 3998 33 19 the

2769 4029 97 20 standard
2877 4029 52 18 book
2942 4029 20 18 of
2972 4029 98 18 reference
3085 4026 31 18 for
3135 4024 46 19 Busi-

2771 4063 45 11 ness
2827 4054 55 24 Men,
2894 4054 98 23 Farme-s,
3003 4054 102 18 Mariners,
3114 4050 66 19 House-

2771 4082 89 24 keeper.';,
2871 4081 40 18 and
2966 4078 84 23 Mineral
3060 4076 76 21 Public.

2797 4108 29 18 To
2837 4108 24 17 bo
2870 4106 42 19 had
2928 4113 21 11 ci
2966 4106 27 19 all
3009 4102 126 21 Booksellers
3154 4100 38 21 and

2772 4133 147 24 Storekeepers.
