2418 3804
1871 2844 118 72 Oxford
2009 2844 59 72 and
2088 2844 79 72 Cust
2187 2844 177 72 Observer.

1871 2916 261 71 PUBLISHED
2161 2916 203 71 WEEKLY.

1894 2987 282 28 SATURDAY.March
2213 2993 51 22 12th
2302 2995 60 22 1892.

1909 3102 73 30 The.
2039 3103 101 33 North
2203 3105 192 40 Canterbury

1854 3144 270 45 -Hospiti^lßQ^
2138 3151 32 31 $,t
2183 3146 41 30 its
2233 3147 58 29 last
2302 3151 92 26 meet-,

1867 3184 55 38 ing
1936 3175 72 38 lieid
2032 3185 33 30 at
2090 3175 227 50 (yhrjsfcfmfcli,
2347 3198 47 19 re->

1869 3225 113 35 solved,
2000 3225 41 39 by
2045 3227 25 35 '.#
2084 3225 143 41 majority
2248 3227 31 30 of
2303 3239 91 18 seven

1868 3267 86 26 votes
1969 3265 32 28 toi
2029 3266 99 35 fQur,/.
2138 3271 54 34 np^
2205 3271 46 31 ,to
2281 3269 113 38 supply

1868 3304 52 29 the
1947 3305 74 33 sick:.
2040 3306 58 29 anH
2129 3307 150 40 suffering
2280 3309 2 2 '
2293 3314 2 1 '
2319 3319 75 28 poor

1869 3345 73 30 witu
1957 3345 72 30 sncK
2061 3347 131 39 surgical
2222 3349 172 38 appliances,

1869 3394 34 19 as
1919 3395 67 29 may
2004 3385 36 30 be
2048 3382 102 36 ibiVtid
2180 3399 158 30 necessary
2361 3395 31 26 tQ

1869 3424 140 33 alleviate
2036 3426 81 32 their
2145 3429 87 40 pains
2260 3431 61 31 and
2348 3430 44 28 in*

1869 3464 146 31 finnities.
2018 3474 5 9 :

1912 3505 52 29 We
1980 3507 88 30 think
2082 3509 25 28 it
2121 3519 71 28 may
2210 3512 67 31 well
2290 3512 38 29 be
2342 3522 50 18 en-

1868 3547 261 37 quired—Whose
2154 3551 137 30 business
2313 3553 27 29 it
2367 3553 25 30 is

1868 3591 32 24 to
1929 3587 87 30 make
2045 3591 152 31 provision
2227 3592 48 29 for
2317 3593 74 28 such

1868 3625 99 39 needs,
1976 3627 32 32 in
2023 3628 52 29 the
2090 3631 195 32 unfortunate
2310 3642 82 23 cases

1868 3667 35 28 of
1914 3677 126 30 persons
2069 3671 114 32 unable-
2208 3678 31 25 to
2267 3682 125 29 procure

1870 3706 52 30 the
1934 3709 174 37 appliances
2117 3711 30 28 in
2160 3713 137 36 qae.«tion
2311 3713 81 30 with-

1869 3751 53 28 out
1937 3751 150 41 resorting
2095 3754 32 28 to
2136 3752 103 42 public
2251 3754 117 44 charity
2378 3754 14 32 ?

802 32 103 34 CUBT
950 34 224 37 OBSERVER
1219 40 230 42 SATURDAY,
1492 44 146 34 MARCH
1682 47 46 37 12,
1774 50 75 31 1802

1960 2418 121 38 Divine
2131 2420 165 40 Services.
2307 2453 5 2 -

1993 2491 2 2 .
2031 2471 98 24 Sunday
2155 2478 76 20 next..

1900 2513 29 24 U.
1955 2514 33 23 M.
1997 2538 4 4 .
2011 2515 29 23 F.
2064 2507 107 37 Oliuroh,
2201 2518 67 25 Wtst
2291 2519 98 28 Oxford,

1868 2552 27 21 11
1920 2559 20 15 a.
1960 2559 32 16 n>.
2014 2552 50 24 Rev
2083 2553 24 25 J,
2130 2554 123 31 Be«mwg,
2275 2556 98 33 Subject
2382 2565 7 15 s

1868 2593 5 8 '
1882 2588 21 24 A
1915 2589 119 26 Ppvvcrful
2054 2591 108 30 Magnet.

1898 2625 62 25 East
1988 2626 106 28 Oxford,.
2103 2628 76 24 2.45.
2192 2636 77 23 p/m.,
2291 2631 53 24 Rev
2363 2631 25 26 J,

1867 2662 118 33 Penning;
2009 2664 98 31 Subject
2117 2672 12 16 :.
2148 2669 20 16 .'•
2178 2666 51 24 Thi«.
2251 2667 93 30 Liassop
2367 2668 26 25 of

1866 2700 41 24 the
1918 2699 114 30 FloweVa,
2034 2704 6 8 I
2044 2704 12 22 ',
2067 2702 49 26 and
2127 2705 26 25 at
2166 2705 62 25 6,30.
2241 2712 60 23 p.m.
2329 2706 59 24 Sub-

1863 2737 52 31 jecc
1922 2746 6 17 :
1931 2735 2 14 ;
1974 2738 75 25 God's
2060 2748 52 18 cave
2124 2742 38 23 for
2183 2737 82 32 Oatite

1865 2041 269 52 OXFORD
2148 2051 243 49 SPORTS

1866 2167 21 24 A
1904 2168 85 24 Public
2001 2171 106 30 meeting
2117 2172 51 24 will
2181 2173 28 23 be
2220 2173 58 26 held
2300 2179 29 21 aV
2345 2175 44 24 the

1867 2204 89 25 Oxford
1967 2206 112 32 Library,
2093 2217 32 17 on
2148 2209 106 34 Monday
2278 2212 110 31 evening,

1865 2246 26 20 at
1914 2244 15 21 8
1950 2244 97 26 o*clock.
2082 2245 116 26 Business
2220 2252 26 19 to
2279 2249 63 23 form
2375 2258 15 17 a

1866 2279 145 26 Committee
2032 2283 26 22 to
2079 2291 69 18 carry
2170 2287 43 20 out
2235 2284 42 28 the
2299 2287 89 27 annual

1868 2318 82 31 Sports
1961 2328 33 16 on
2005 2321 90 25 Easter
2114 2323 112 31 Monday,

1857 1536 2 3 .
1927 1500 228 46 TSHtIOTS
2183 1510 146 41 HOTEL

1997 1552 92 25 WEBT
2116 1556 145 25 OXFOBD.

1899 1608 105 32 MRg\j.
2023 1617 133 27 BATLEY
2181 1622 92 31 having-
2293 1626 98 23 secured

1865 1651 42 25 the
1918 1653 64 25 lease
1993 1655 26 23 of
2028 1656 39 23 the
2079 1656 128 27 Terminus
2216 1660 75 24 Hotel
2310 1664 78 23 trusts

1866 1689 32 30 by
1919 1692 91 24 cai-eful
2032 1695 120 23 attention
2171 1701 26 19 to
2217 1698 33 23 the
2285 1700 105 30 .require-

1867 1731 76 21 ments
1955 1731 26 23 of
1992 1731 41 23 her
2044 1738 134 20 customers
2195 1738 25 21 to
2243 1745 81 18 secure
2348 1740 43 24 the

1858 1798 7 5 ..
1866 1773 44 16 SJlu
1908 1775 10 30 ?
1920 1774 12 15 e
1932 1800 6 6 r
1955 1767 23 22 ki
1981 1775 16 30 ?
1998 1768 16 23 d
2035 1773 132 28 patronage
2190 1773 55 23 that
2266 1784 50 15 was
2347 1785 43 16 eu-

1857 1806 2 5 '
1862 1803 107 31 jiiynd-by
1982 1806 43 26 her
2036 1809 174 32 pradeci'isprs.
2244 1813 7 19 ?
2330 1817 13 19 r

1865 1875 121 30 Eahgiora
1998 1876 182 33 willree-oghise
2202 1876 26 29 in
2249 1883 52 24 Mr.s
2324 1884 64 23 Bat-

1865 1914 87 29 leyiafl,
1958 1914 42 26 old}
2008 1915 78 25 friend
2093 1917 201 35 jwhojwili'Sp^re.
2304 1927 35 19 no
2354 1922 36 24 ef-

1865 1951 60 24 foris
1936 1951 27 23 in
1974 1952 134 32 ooudueing
2120 1956 26 22 to
2157 1955 62 25 their
2240 1957 114 27 ootnfort.

1961 618 332 67 NOTICE.

1866 768 112 32 PB-
2006 769 130 30 WALLIS
2159 781 122 21 successor
2302 781 25 23 to
2349 781 41 24 Mr
2385 785 5 5 1

1867 802 37 22 ill
1921 802 27 23 P.
1971 804 22 22 D
1996 812 12 15 e
2038 805 84 29 Loree,
2144 809 49 24 will
2204 811 86 30 always
2303 812 57 31 ke.*p
2373 822 15 15 a

1867 839 68 24 stock
1957 843 28 22 of
2003 844 70 24 fruits
2092 846 27 22 of
2138 847 42 24 the
2213 856 92 17 season.
2341 851 46 24 Hia

1866 878 78 23 motto
1954 878 48 25 will
2015 880 26 23 be
2077 882 69 25 sm.-ill
2158 884 83 30 profits
2253 887 48 23 and
2312 889 73 29 quick

1866 915 122 23 return^/'

1869 955 83 24 HAIR
1975 957 145 28 CUTTING
2134 962 69 24 AND
2227 964 162 28 SHAVING.

1869 997 40 22 On
1931 999 139 32 Thursdays
2088 1000 48 26 sad
2159 1003 131 34 Saturdays
2323 997 66 43 only]

1949 1035 86 24 Adults
2053 1039 38 22 6d.
2126 1041 112 25 Children
2267 1044 40 24 Bd.

1902 1074 217 30 MRS.WALLIS
2136 1082 84 26 invites
2236 1085 154 25 the,.Ladies

1869 1111 48 23 and
1928 1112 142 26 Gentlemen
2080 1117 27 23 of
2116 1119 93 24 Oxford
2221 1124 25 20 to
2268 1121 44 24 her
2334 1130 56 24 cosy

1869 1150 61 24 little
1943 1152 170 26 Refreshment
2126 1156 84 29 Room,
2234 1159 75 24 vrhere
2333 1162 56 30 they

1869 1195 45 16 can
1928 1190 26 22 be
1965 1192 180 29 suppljqdvwith
2168 1203 122 24 summer.,,
2298 1199 91 29 drink*,

1869 1225 54 28 Tea,
1937 1226 90 30 Coffee,
2040 1229 86 29 Cocoa,
2139 1240 26 16 or
2176 1232 139 31 Chocolate,
2338 1238 51 23 and

1869 1264 138 32 something
2018 1267 61 29 good
2091 1271 30 24 to.
2128 1272 47 26 eat,
2194 1272 45 23 and
2253 1273 41 23 she
2316 1274 77 30 hopes

1870 1302 30 31 by
1912 1303 150 33 cleanliness,
2074 1307 97 33 civility,
2193 1310 48 24 and-
2263 1313 129 29 attention,

1867 1343 24 22 to
1916 1344 81 23 merit,
2013 1353 15 15 a
2038 1345 84 26 liberal
2135 1348 69 25 share
2213 1350 25 23 of
2257 1354 134 30 patronage

1866 1381 63 23 from
1937 1381 42 25 the
1988 1383 44 24 inh
2038 1385 138 26 Ibi6.int3.of
2182 1386 93 29 Oxford!
2281 1390 49 27 and
2341 1399 50 17 sar-

1867 1421 123 30 rattoling
2001 1420 113 28 district.-'.

1998 166 257 55 NOTICE,

1877 271 166 32 QTRAYED
2062 273 24 27 in
2099 287 37 21 my
2148 280 115 30 paddock,
2276 287 15 19 a
2312 280 81 28 dross-

1875 306 27 21 U
1938 306 54 23 bred
2005 307 58 25 Ewe
2081 311 47 22 and
2141 311 84 25 Lamb,
2260 315 38 24 No
2319 313 74 27 brand

1872 339 83 26 visible
1957 360 21 20 ._..
1999 343 26 24 If
2032 345 43 25 not
2097 345 45 26 clai
2145 348 52 25 tiled
2221 346 82 30 within
2328 355 64 22 fotir-

1870 381 54 22 teen
1937 381 58 29 days
2005 384 59 23 from
2077 384 56 25 date
2144 388 27 22 of
2181 388 47 24 thi.s
2241 391 83 29 notice<
2340 391 47 26 will

1871 417 27 24 bo
1910 416 51 27 sold
1975 422 24 22 td
2011 419 80 37 defray

2009 460 23 24 J«
2056 454 87 34 QISIM
2146 458 133 36 WOOD,'"

2189 505 67 25 West
2279 504 96 30 Oxford,

1869 537 83 25 March
1966 540 44 24 oth
2023 543 70 24 1892,

1385 3489 259 49 NOTICE.

1254 3575 164 77 POISON
1435 3579 59 30 will
1511 3580 35 29 be
1569 3580 58 30 laid
1658 3592 39 21 on
1725 3595 52 25 my

1332 3616 70 30 land
1423 3616 49 32 for
1499 3619 84 39 dogs,
1609 3622 80 31 after
1718 3623 60 30 this

1255 3656 80 35 date,
1351 3656 72 31 Feb.
1452 3658 82 31 13tb,

1397 3696 38 32 D.
1463 3696 174 40 CONDON,

1557 3737 89 36 'View
1666 3742 73 33 Hill.

1248 2977 149 39 NOTICE
1418 2980 48 36 TO
1483 2980 164 41 CATTI-E
1666 2982 108 40 JIUS-

1428 3021 183 46 TERERS.

1254 3068 167 27 OTRAYED
1439 3070 62 26 from
1513 3079 41 23 my
1565 3073 69 29 pkoe
1655 3081 45 17 one
1722 3074 54 25 Bed

1253 3105 27 21 U
1315 3101 47 25 and
1378 3102 79 25 White
1469 3103 15 23 2
1496 3112 58 23 year
1566 3105 39 23 old
1628 3106 77 28 Steer,
1728 3108 48 24 and

1251 3147 43 16 one
1307 3140 70 24 Roan
1400 3142 49 24 and
1473 3142 148 32 Strawberry
1644 3144 94 30 Heifer,
1762 3147 14 25 2

1249 3187 57 23 year
1318 3180 48 28 old,
1380 3182 59 30 only
1451 3182 69 26 mark
1533 3191 19 18 a.
1559 3184 41 24 slit
1613 3184 22 26 in
1648 3184 43 27 the
1702 3185 72 26 lower

1250 3225 14 25 p
1282 3220 22 24 it
1326 3218 26 23 of
1374 3220 43 23 left
1439 3220 59 29 Ear,
1522 3229 33 18 no
1589 3222 98 27 brands.
1722 3225 55 31 Any

1250 3262 87 22 person
1359 3256 95 31 finding
1477 3258 66 23 them
1566 3262 114 28 amongst
1714 3262 62 25 their

1251 3291 80 28 cattle,
1343 3293 48 23 and
1401 3293 85 31 giving
1508 3303 40 17 me
1570 3296 67 25 word
1659 3297 82 25 where
1764 3299 13 25 I

1253 3335 43 19 Ga.n
1309 3330 118 37 gcjj^tfiem
1440 3331 47 23 will
1500 3331 29 24 be
1552 3334 129 27 rewarded,

1247 3371 7 44 j
1306 3355 44 38 Y
1407 3368 62 27 .W.
1488 3369 110 30 FRIAR,

1247 3417 38 28 \y
1601 3408 143 28 WOODSIDE.

1336 1297 52 42 F.
1412 1298 53 43 B.
1498 1299 191 45 LANE.
1710 1311 4 2 •

1358 1360 89 37 (Late
1462 1362 36 29 E.
1514 1362 158 38 Butcher.)

1263 1405 248 38 Watchmaker,
1526 1410 179 35 Jeweller,
1722 1411 44 29 &c

1254 1451 118 31 Importer
1400 1454 26 22 of
1463 1454 103 24 Musical
1605 1456 169 29 Instruments,

1253 1490 106 24 Victoria
1378 1491 36 27 St,
1433 1492 130 30 Rangiora.

1251 1546 130 32 bpecialily
1390 1557 5 15 ;
1399 1562 29 3 —
1429 1549 26 22 in
1463 1550 106 29 superior
1579 1550 105 31 English
1702 1552 76 24 Lever

1253 1584 111 24 Watches
1375 1586 27 23 in
1414 1588 68 22 extra
1494 1588 84 30 strong
1588 1596 66 16 cases
1666 1590 70 23 made
1749 1592 25 22 to

1251 1629 40 23 my
1303 1621 70 24 order
1385 1624 24 22 to
1421 1623 49 24 suit
1488 1623 42 24 the
1541 1632 4 21 ;
1552 1625 176 31 requirements
1751 1628 26 23 of

1252 1659 49 24 this
1319 1659 100 25 district.

1286 1708 27 23 F.
1326 1708 29 23 B.
1370 1709 66 23 Lane
1449 1710 67 24 visits
1540 1711 88 24 Oxford
1653 1713 127 30 monthly,'

1252 1747 95 30 staying
1355 1750 25 21 fit
1392 1748 132 25 Mitchell's
1540 1749 122 32 Boarding
1682 1751 92 24 House.

1251 1785 42 24 All
1303 1786 90 30 repairs
1406 1794 37 15 are
1456 1786 61 25 done
1528 1788 74 23 under
1613 1797 43 23 my.
1663 1790 110 29 personal

1251 1824 157 31 supervision,
1432 1826 54 27 and.
1501 1826 13 23 I
1536 1833 131 23 guarantee
1701 1828 70 22 satis-

1249 1863 98 24 faction.
1383 1863 43 24 All
1438 1864 98 30 jobbing
1545 1865 43 24 left
1606 1869 26 20 at
1654 1865 122 24 Weeber's

1251 1900 83 31 Fancy
1346 1900 152 31 Repository,
1520 1901 61 23 East
1604 1901 99 29 Oxford,
1725 1902 49 24 will

1250 1939 91 25 receive
1353 1947 41 24 ray
1407 1939 52 26 best
1470 1940 121 26 attention
1609 1941 49 26 an.d
1676 1948 97 18 season-

1250 1978 53 25 able
1315 1981 73 24 rates.

1283 2023 116 26 Caution.
1433 2025 39 24 No
1483 2026 142 23 connection
1644 2026 60 24 with
1727 2034 46 23 any

1249 2063 71 23 other
1331 2063 59 31 shop
1404 2063 26 24 of
1440 2064 94 24 similar
1552 2064 106 25 address.

1315 2145 48 37 R.
1392 2145 55 35 H.
1482 2146 232 45 PARISH,

1385 2185 87 30 East
1500 2187 147 30 Oxford.*

1284 2224 92 30 Special
1387 2225 61 23 lines
1461 2228 25 21 to
1498 2227 27 22 be
1536 2226 51 23 sold
1608 2227 46 23 this
1677 2227 95 27 month,

1251 2259 25 20 at
1288 2256 48 23 less
1345 2256 59 23 than
1419 2257 136 24 Wholesale
1567 2260 58 24 cost,
1646 2259 50 23 and
1718 2267 56 15 con-

1250 2287 119 32 siderably
1382 2288 75 25 below
1469 2290 78 30 prices
1559 2290 103 30 charged
1674 2291 36 23 for
1733 2291 42 24 the

1251 2328 66 16 same
1328 2321 90 31 quality
1432 2329 15 16 o
1449 2322 8 17 p
1465 2322 95 25 a.rticlus
1569 2325 25 21 at
1603 2322 170 30 Co-operative

1253 2353 89 23 Stores.

1251 2385 254 26 FLANNELBTTS.

1314 2421 67 24 ART
1420 2422 150 25 MUSLINS

1341 2458 142 28 /BROWN
1502 2460 173 24 HOLLAND.

1380 2538 83 24 JUST
1480 2538 161 25 ARRIVED.

1299 2580 14 22 2
1322 2580 82 23 Ba:les
1419 2588 84 15 direct
1515 2589 65 15 from
1594 2582 131 27 Scotland,

1299 2621 116 26 WHITE
1439 2622 72 25 AND
1546 2623 180 26 COLOURED

1393 2664 236 32 BLANKETS.

1356 2714 72 24 From
1463 2715 41 32 7/6
1539 2724 42 23 per
1614 2716 58 24 Pair

1307 2756 177 32 CABPET!
1529 2758 191 31 CARPET!!

1268 2805 129 31 Six^penee
1430 2807 143 32 half-penny
1606 2816 43 23 per
1683 2809 72 26 Yard.

1253 2847 93 32 Selling
1357 2849 36 23 off
1413 2849 74 25 below
1512 2853 59 25 cost,
1592 2851 89 24 Ladies
1703 2852 71 25 btest

1348 2890 128 27 fashioned
1503 2892 78 25 Straw
1606 2893 71 24 Hats.

1252 829 48 28 All
1318 829 95 31 Wovk
1426 833 78 28 done
1514 842 37 20 on
1561 835 52 28 the
1625 835 148 29 Premises

1374 883 60 28 and
1456 885 196 36 guaranteed.

1286 949 38 23 Mr
1336 948 52 26 Gus
1400 951 75 25 Jones
1484 953 49 23 will
1540 953 57 24 visit
1606 953 90 24 Oxford
1705 962 70 23 every

1253 986 70 24 other
1343 988 55 24 Sale
1420 989 54 29 day,
1498 991 167 30 commenc-ing
1688 991 86 24 Thurs-

1252 1024 53 32 day,
1319 1026 55 24 Feb.
1387 1027 52 27 Ith,
1451 1028 49 22 and
1517 1028 49 23 will
1580 1029 69 29 bring
1671 1037 15 14 a
1708 1029 66 23 stock

1284 1063 26 22 of
1324 1062 120 27 Watches,
1458 1064 96 27 Clocks,
1566 1065 47 22 aud
1624 1064 118 30 Jewellry.

1285 1122 86 24 Orders
1389 1123 43 24 left
1453 1127 24 20 at
1498 1127 40 21 the
1562 1124 116 31 Working
1700 1126 78 24 Men's

1286 1160 66 27 Club,
1366 1160 98 28 Oxford,
1476 1162 49 24 will
1548 1163 88 23 receive
1647 1166 99 27 prompt

1447 1200 128 24 attention.

749 3436 321 45 TENDERS.

646 3557 167 40 npEJNDERS
832 3558 96 25 wanted
949 3560 44 22 not
1015 3559 61 25 later
1109 3558 59 24 than

654 3582 16 33 1
708 3590 98 30 l^riday,
822 3591 83 23 Marob
919 3591 65 24 18fch,
997 3591 37 23 for
1046 3591 40 22 the
1105 3598 63 18 erec-

646 3629 49 23 tion
709 3628 26 24 of
741 3637 13 15 a
766 3628 156 26 five-roomed
935 3628 92 28 House,
1044 3628 65 26 West
1121 3628 46 27 Ox-

645 3666 60 23 ford.
740 3665 75 25 Plans
826 3667 26 23 to
863 3665 30 25 be
905 3673 53 18 seen
966 3667 25 23 at
1000 3666 32 24 <j.
1046 3664 122 31 Savage's,

647 3704 68 23 West
728 3704 97 24 Oxford.
862 3704 51 24 The
926 3706 83 22 lowest
1020 3712 28 16 or
1058 3712 47 25 any
1117 3706 52 25 tea*

646 3741 42 25 der
698 3744 44 25 not
753 3742 144 32 necdssarily
916 3742 121 34 accented.

738 3125 46 52 J.
811 3125 261 47 FOSTER.

817 3189 65 22 BAY
903 3189 83 21 ROAD

723 3230 112 32 JBASl
840 3232 5 11 1
894 3230 206 32 OXFORD,

647 3281 121 40 Apples,
800 3281 112 35 Plums,
936 3310 3 4 .
948 3281 219 35 Blackberries,

645 3321 52 34 &c,
708 3322 29 28 in
748 3322 83 37 lar^e
845 3331 35 21 or
895 3322 88 30 small
993 3322 173 40 quantities,

687 3389 2 1 -
728 3379 24 9 •■•
795 3391 3 7 ■.
857 3380 16 19 •;
919 3378 18 22 y
978 3378 26 24 ■/;,■

792 2659 224 46 DRINK

662 2719 203 42 HYSLOP'S
879 2721 120 42 PURE
1021 2724 122 39 TEAS.

644 2769 63 28 The
722 2770 90 29 finest
825 2772 53 30 the
892 2772 102 30 World
1011 2775 153 38 produces.

646 2814 72 29 Sold
730 2816 42 37 by
801 2815 49 29 Mr
863 2816 35 29 E.
913 2818 39 30 A.
981 2818 184 37 Waterman,

685 2853 78 33 East
775 2856 124 32 Oxford.
950 2884 3 2 .
1041 2884 3 4 .
1081 2883 2 5 ,

645 2894 50 28 Mr
714 2895 21 27 R
741 2918 10 10 m
767 2894 115 33 Fisher,
903 2896 83 30 West
999 2898 127 31 Oxford,

646 2933 48 29 Mr
710 2934 34 28 E.
762 2934 47 29 W.
840 2935 124 38 Cooper,
994 2937 83 36 Cust,
1106 2939 61 29 and

685 2984 92 30 many
795 2975 108 30 others.

675 1563 164 31 OXFORD
854 1565 111 31 EOAD
985 1567 147 31 BOAKD.

644 1661 208 35 WIBNDKRS
889 1675 50 19 are
967 1666 115 30 invited
1116 1668 48 28 for

651 1698 23 41 I,
725 1703 54 29 the
792 1705 156 39 following
977 1707 108 29 works.

644 1753 55 28 No.
744 1755 67 29 329.
858 1754 125 41 Carting
1038 1758 126 39 shingle,

644 1792 137 31 Brown's
811 1793 92 30 Road.

644 1842 54 29 No.
712 1844 67 35 330,
795 1844 216 41 Constructing
1025 1847 66 40 Log
1106 1849 60 28 and

642 1881 134 31 Boulder
814 1884 106 36 -Workj
966 1886 198 31 Grimwaod's

645 1922 88 30 Ford.

648 1973 53 29 No.
732 1976 66 34 331,
829 1976 216 42 Constructing
1073 1979 92 36 Ford,

645 2014 183 32 Woodstock
856 2016 190 36 Road.Yiew
1070 2019 73 30 Hill.

645 2053 53 29 No.
716 2054 58 29 332
777 2084 8 14 y
804 2055 162 40 Grubhing
980 2068 97 28 gorse,
1106 2060 60 28 and

645 2094 133 39 erecting
787 2097 84 27 fence
882 2100 32 24 at
929 2098 172 30 Plantation
1127 2110 37 18 on

646 2133 135 30 Terrace.

644 2181 55 31 No.
715 2184 68 34 333,
795 2183 213 42 Constructing
1016 2192 61 26 two
1088 2189 76 29 foot-

645 2223 28 28 bi
682 2222 94 39 idges,
792 2223 82 31 View
890 2226 73 30 Hill.

645 2273 133 29 Tenders
793 2277 30 26 to
844 2275 36 29 be
883 2303 16 2 ...
908 2280 68 25 sent
1004 2277 31 29 in
1064 2279 102 29 before

645 2314 37 27 12
697 2323 79 19 noon
792 2324 38 19 on
864 2315 167 40 Thursday,
1059 2318 107 30 March

647 2352 70 29 17th
737 2354 84 28 1892.
865 2355 65 29 The
946 2355 101 30 lowest
1062 2367 35 19 or
1106 2368 60 29 any

645 2393 106 28 tinder
765 2397 54 25 not
843 2396 180 39 necessarily
1047 2402 118 35 accept-

647 2432 44 28 ed.

706 2482 138 32 JAMES
866 2484 40 30 H.
931 2484 174 38 SHAEP.E,

785 2533 90 30 Clerk
889 2538 31 26 to
949 2537 52 27 the
1017 2537 107 29 Board.

665 867 168 32 OXFORD
854 870 110 32 ROAD
998 872 147 32 BOARD.

645 969 152 31 Cooper's
813 971 107 30 Ckbek
943 974 123 29 Water
1080 974 87 30 Race

825 1021 160 31 District.

645 1067 165 76 MOTICE
825 1070 26 29 is
861 1071 113 38 hereby
988 1072 90 38 given
1099 1072 69 31 that

726 1118 19 18 a
755 1109 69 37 plan
835 1108 138 40 showing
995 1113 52 28 the
1072 1114 94 29 boun-

645 1146 96 30 daries
757 1148 31 28 of
801 1149 53 28 the
866 1151 94 28 above
970 1151 102 30 Water
1086 1152 80 31 Race

647 1185 133 37 District,
793 1188 54 30 has
865 1190 72 29 been
952 1191 156 39 deposited
1135 1193 31 28 in

644 1227 52 29 the
710 1225 84 32 Road
808 1228 100 30 Board
925 1230 101 36 Office,
1042 1231 124 38 Oxford,

644 1267 58 29 and
713 1268 25 28 is
755 1278 66 19 now
835 1278 77 29 open
926 1271 48 28 for
1002 1272 164 39 inspection

646 1307 131 30 between
793 1309 52 29 the
867 1310 93 29 hours
985 1311 33 30 of
1043 1313 17 28 9
1089 1323 77 26 a.m.,

645 1348 59 28 and
717 1349 16 27 5
754 1358 69 28 p.m.

705 1397 131 31 JAMES
861 1400 40 29 H.
932 1400 137 31 SHARP
1075 1403 31 29 E.

826 1450 91 28 Clerk
932 1456 30 23 to
976 1452 52 29 the
1055 1452 111 30 Board.

647 152 101 37 tioned
774 155 112 31 section
914 158 32 30 to
976 157 51 32 the
1065 158 100 33 North

647 191 74 31 East
753 204 106 22 comer
895 199 123 35 thereof,
1058 202 107 29 thence

645 242 98 21 across
757 236 47 30 ihe
819 237 82 29 Road
914 240 59 27 and
996 241 90 39 along
1112 240 52 31 the

644 273 131 31 Eastern
788 276 177 31 boundaries
981 279 30 29 of
1036 279 128 32 sections

645 315 108 34 1GG51,
764 315 108 36 30631,
882 319 57 28 and
955 320 9 28 3
975 320 57 29 888
1056 322 32 27 to
1114 322 50 29 the

644 354 99 29 North
762 356 71 29 Kast
844 368 105 19 corner
977 360 32 28 of
1030 358 50 31 the
1107 362 59 28 last

645 393 173 31 mentioned
835 399 123 34 section,
974 398 106 31 thence
1089 398 29 31 in
1149 412 17 18 a

645 434 131 39 straight
804 435 59 31 line
895 443 30 24 to
953 439 51 29 the
1034 440 132 40 starting-

645 475 91 36 point.
779 476 40 30 As
830 476 102 32 shown
948 487 37 21 on
1009 478 70 40 plan
1108 480 58 31 de-

644 514 113 37 posited
780 516 31 28 in
851 518 50 29 the
934 520 94 28 Road
1063 521 103 30 Board

645 553 101 36 Office*
780 556 125 37 Oxford,
943 560 59 28 and
1040 561 125 30 thereon

645 595 140 30 coloured
800 597 82 38 pink.

643 643 48 39 By
707 645 104 31 Order,

722 693 134 34 JAMES
872 699 39 28 H.
929 700 195 37 SHARPE,

845 747 91 30 Clerk
952 753 30 26 to
994 751 51 29 the
1054 751 109 30 Board.

34 137 168 31 OXFORD
218 139 113 32 ROAD
348 141 205 33 DISTRICT.

158 238 129 29 Special
314 240 119 29 Order.

35 287 151 29 Coopers
202 288 106 30 Creek
337 289 220 31 Wateu-Race

215 329 159 38 District!

35 393 162 78 NOTICE
213 397 24 28 is
250 396 112 40 hereby
377 398 87 38 given
491 398 66 30 that

117 440 29 24 at
176 447 18 18 a
222 438 109 37 special
358 440 140 38 meeting'
526 441 32 28 of

32 479 53 25 tae
101 480 5 19 <
120 476 99 29 )xford
233 479 81 28 iiond
333 477 98 30 Board
462 489 30 19 to
520 480 37 29 be
566 506 1 3 .

33 514 68 29 hold
119 520 31 24 -it
161 518 16 25 2
188 518 114 28 o'clock
317 529 17 27 p
348 529 36 17 m.
396 529 37 17 on
446 519 111 29 Thurs-

33 555 69 34 day,
131 556 106 30 March
265 558 82 33 17th,
377 558 84 35 189?,
505 558 51 30 the

33 594 99 30 Boar.l
150 597 56 27 will
233 607 67 27 pass
325 597 52 29 the
400 598 158 40 following

33 636 174 35 resolution,
223 637 154 38 declaring
392 648 19 18 a
437 638 121 38 portion

33 676 31 27 of
75 676 53 28 the
143 675 113 30 Oxford
272 676 83 30 Road
374 678 124 29 District
525 683 32 24 to

34 714 36 29 he
82 725 17 18 a
115 715 102 29 Water
233 716 81 30 Race
339 717 135 29 District.

103 765 79 30 That
209 766 39 30 all
278 767 67 29 that
374 766 120 39 portion
527 769 33 29 of

33 805 52 29 the
124 806 25 29 O
172 807 69 28 ford
292 807 82 30 Road
428 809 128 29 District

32 845 140 30 bounded
202 857 31 19 as
262 848 152 29 described
451 848 106 36 below,

33 885 37 29 he
93 887 185 30 constituted
307 899 17 18 a
351 888 130 29 District
508 889 47 29 for

33 925 50 30 the
99 936 131 29 purpose
246 929 32 28 of
287 928 51 29 the
351 929 205 29 construction

36 967 32 27 of
78 966 104 30 Water
196 967 94 30 Races
302 969 123 36 therein,
451 969 33 29 in
508 979 47 19 ac-

36 1006 145 30 cordance
207 1008 71 28 with
306 1009 52 28 the
385 1010 171 37 provisions

35 1046 32 28 of
96 1047 82 28 'The
207 1048 106 29 Water
333 1047 116 40 Supply
485 1050 70 28 Act.

36 1085 100 30 1891/
179 1086 42 29 To
235 1088 36 28 be
287 1086 95 30 called
392 1088 50 29 the
459 1087 98 30 'Coo-

35 1126 79 37 per's
120 1125 94 29 Creek
223 1126 99 30 Water
325 1127 80 29 Race
421 1127 67 29 dist;
496 1129 11 27 i
513 1129 43 28 3t.'

35 1164 211 40 Commencing
269 1171 32 24 at
328 1167 51 28 the
393 1166 132 30 Norther
528 1177 29 18 d-

34 1209 81 24 most
139 1215 105 20 corner
273 1207 33 29 of
332 1207 82 29 rural
444 1207 113 30 section

36 1246 108 33 17978,
160 1246 107 29 thence
279 1248 90 36 along
404 1247 52 29 the
484 1248 72 28 road

33 1285 136 39 forming*
178 1286 49 29 the
237 1287 99 30 North
355 1298 18 18 r
387 1288 171 29 .mostboun

35 1327 75 37 dary
129 1327 32 28 of
174 1327 68 28 that
254 1329 122 33 section,
384 1329 58 27 and
451 1338 17 18 a
489 1338 67 19 con-

35 1367 149 28 tinuation
216 1367 113 30 thereof
355 1373 30 22 to
400 1367 157 30 Sladdi-n's

33 1407 84 29 Bush
133 1407 93 36 Road,
241 1409 108 28 thence
362 1418 99 18 across
489 1407 67 29 tha^

37 1448 93 34 l.oud,
146 1448 59 29 aud
220 1449 93 36 along
323 1448 51 28 the
403 1446 150 30 Northern

36 1486 157 38 lßHUidaiy
223 1489 34 26 of
295 1486 129 29 sections
467 1488 87 33 1009,

36 1528 89 34 4853,
141 1528 85 32 7883,
244 1528 78 28 1980
340 1531 29 24 to
383 1527 55 28 the
457 1526 96 29 North

35 1567 76 29 East
127 1577 106 19 corner
252 1568 30 28 of
306 1567 53 28 the
384 1567 60 28 last
466 1577 91 19 men-

34 1607 103 30 tioned
165 1608 124 35 section,
318 1607 108 29 thenos
450 1626 2 2 ■
465 1607 90 39 along

35 1648 51 29 the
102 1649 131 28 Eastern
247 1648 157 39 boundary
433 1649 31 28 of
492 1658 61 19 sec-

34 1689 64 28 tion
114 1689 87 34 1980,
216 1692 31 26 to
266 1689 52 28 the
346 1688 99 29 North
474 1687 83 30 West

37 1738 104 20 corner
155 1729 31 28 of
196 1729 112 30 section
333 1729 85 35 1790,
448 1727 36 35 jh
501 1739 54 19 nee

37 1768 90 38 ulong
138 1768 50 29 ihe
204 1768 149 30 Northern
377 1769 178 28 boundaries

38 1808 32 27 of
97 1808 127 28 sections
254 1809 86 34 1790,
376 1808 59 28 and
480 1809 75 28 VW)

38 1857 102 19 across
190 1848 118 29 Clark's
350 1848 95 34 Road,
498 1849 58 28 and

38 1887 93 38 along
143 1888 53 27 the
209 1888 153 29 Northern
376 1888 181 29 boundaries

38 1927 30 28 of
83 1927 131 30 sections.
228 1928 89 35 1811,
333 1928 60 29 and
421 1929 80 28 1802;
524 1931 32 26 to

40 1968 51 28 the
106 1968 98 29 North
219 1969 72 29 East
316 1978 105 19 corner
447 1969 31 28 of
505 1969 52 28 the

38 2007 59 30 last
110 2009 173 29 mentioned
297 2009 124 33 section,
448 2008 109 30 thence

50 2058 18 18 n
85 2058 18 17 a
117 2049 131 38 straight
265 2049 57 29 line
334 2058 104 19 across-
445 2048 110 29 section

40 2089 110 33 28705,
164 2089 59 28 and
235 2089 212 30 McCandish's
471 2089 84 28 Road

40 2133 29 24 to
85 2127 98 30 North
202 2129 82 28 West
299 2138 105 19 corner
432 2128 31 29 of
489 2138 68 19 sec-

38 2169 62 27 tion
132 2169 87 34 l()70,
249 2169 108 29 thence
383 2168 90 38 along
508 2168 50 28 the

38 2207 97 30 North
163 2209 84 29 West
271 2208 157 38 boundary
449 2207 31 29 of
508 2208 51 28 the

39 2249 60 28 last
140 2249 180 33 mentioned,
360 2249 59 27 and
461 2258 98 18 across

40 2289 172 29 Gammon's
228 2288 95 31 Creek
337 2293 32 24 to
383 2289 52 28 the
462 2287 96 29 North

150 2340 100 18 cornti
278 2331 31 27 of
334 2329 113 28 section
474 2328 85 33 1575,

39 2369 108 29 thence
183 2370 90 37 along
313 2369 51 28 the
409 2367 151 30 Northern

39 2409 158 38 boundary
210 2410 30 27 of
249 2409 111 29 section
373 2409 74 28 1575
461 2418 97 18 acros-

42 2449 104 28 Luei's
160 2449 84 28 Bush
273 2448 92 34 Road,
392 2447 89 38 along
509 2448 50 28 the

40 2489 150 29 Northern
214 2489 60 28 and
303 2489 124 28 Kastern
459 2487 100 29 boun-

42 2529 96 28 daries
167 2529 36 28 of
223 2530 112 27 section
375 2528 86 34 1687,
501 2528 58 28 and

42 2569 90 36 along
154 2569 51 28 the
228 2568 153 29 Northern
403 2567 156 37 boundary

42 2608 31 28 of
87 2608 114 29 section
219 2609 74 28 1709
316 2610 32 26 to
383 2607 50 29 the
463 2607 95 29 North

42 2648 76 29 East
146 2658 106 19 corner
289 2647 124 35 thereof,
454 2648 105 29 thence

42 2689 89 37 along
146 2689 51 28 the
210 2688 131 30 Eastern
357 2688 158 39 boundary
529 2689 31 28 of

43 2730 112 27 section
187 2731 87 33 1709,
304 2729 58 29 and
392 2738 17 19 a
434 2729 62 29 line
527 2729 30 28 in

42 2769 207 28 continuation
273 2769 126 34 thereof,
435 2772 33 25 ta
509 2769 50 28 the

43 2809 89 28 south
148 2809 62 29 side
233 2811 33 27 of
289 2809 52 28 the
365 2808 82 29 Main
477 2808 81 29 Bush

42 2848 94 35 Road,
153 2849 106 29 thence
284 2849 92 36 along
400 2849 50 28 ihe
477 2846 80 32 Main

42 2888 86 29 Bush
142 2889 84 28 Road
237 2893 31 25 to
285 2889 50 28 the
360 2888 98 29 North
485 2889 75 28 East

41 2938 105 19 corner
160 2929 33 28 of
205 2933 115 26 section
343 2929 84 36 1965,
453 2929 106 29 thence

40 2968 90 38 along
144 2969 51 28 the
209 2969 130 29 Eastern
355 2969 158 33 boundary
528 2969 31 28 of

40 3008 50 29 the
106 3009 57 28 last
184 3009 171 30 mentioned
384 3009 114 30 section
527 3011 32 26 to

38 3049 52 28 the
104 3048 79 31 Main
192 3050 95 34 Road,
294 3049 107 30 thence
409 3050 90 38 a'ong
506 3050 52 29 the

38 3088 82 30 Main
133 3089 93 35 Road,
237 3091 59 28 and
324 3089 137 31 Brown's
478 3090 63 31 Roa
550 3091 8 29 1

39 3129 52 29 the
99 3140 4 4 •
115 3129 56 30 Noi
179 3131 34 28 th
245 3131 64 29 side
332 3131 33 29 of
390 3131 50 31 Ihe
470 3131 91 30 Kiver

36 3169 84 39 Eyre
152 3171 89 37 alonj;
277 3172 50 28 the
365 3171 98 30 North
499 3172 63 29 side

38 3213 30 26 of
80 3211 50 30 the
141 3210 91 31 River
250 3211 78 39 Eyre
337 3215 33 25 to
381 3212 50 29 the
461 3212 72 30 Souf
542 3213 16 28 h

36 3250 78 31 East
137 3262 108 20 corner
270 3252 33 29 of
327 3253 111 29 section
469 3253 88 35 6!->l3,

37 3292 108 29 thence
160 3293 90 38 along
266 3293 50 29 the
328 3293 126 29 Eastern
465 3293 92 30 boun-

36 3332 77 39 dary
128 3333 32 29 of
176 3333 48 30 the
240 3334 58 29 la*t
313 3333 171 30 mentioned
496 3343 48 21 sec

36 3373 73 34 tion,
125 3373 59 30 and
210 3373 91 39 along
325 3373 52 29 the
405 3373 152 31 Northern

40 3411 177 31 boundaries
246 3423 29 19 ot
308 3414 129 30 sections
480 3415 77 29 6913

38 3451 57 29 and
111 3455 86 33 63H8,
212 3457 32 26 to
256 3453 170 37 M>»unsey's
440 3453 118 42 Swamp

40 3490 94 35 Road,
151 3493 106 31 thence
272 3494 91 37 along
385 3493 173 42 Mounsey's

28 3530 133 40 Jiwciiuj)
172 3532 83 31 Road
270 3540 31 24 to
317 3544 17 20 a
348 3534 85 39 point
461 3545 99 31 oppo-

40 3575 56 22 s.fce
111 3571 51 28 the
175 3571 95 31 South
292 3573 79 29 East
393 3585 106 19 corner
527 3577 33 26 of

42 3611 247 35 section*2Uss,
318 3614 108 30 thence
459 3624 99 22 across

40 3648 53 29 the
106 3650 82 29 Row
203 3651 56 28 ami
276 3651 88 39 aloag
379 3653 51 30 the
453 3653 108 32 South-

42 3698 62 18 ern.
134 3688 144 35 Western,
309 3691 57 28 and
407 3693 153 31 Northern

42 3728 181 32 boundaries
248 3731 32 29 of
306 3730 49 32 the
379 3731 59 31 laFt
478 3743 86 22 men-
