3272 4278
953 1154 57 22 THE
1029 1154 57 22 HOT
1105 1154 95 22 LAKES
1219 1154 172 22 CHRONICLE

953 1220 438 20 AND

953 1257 207 9 Tourists'
1183 1257 185 9 Journal.

1075 1288 49 14 fact
1134 1283 10 19 I
1155 1290 52 13 will,

1000 1334 170 22 WEDNESDAY,
1183 1335 58 18 MAY
1252 1337 26 20 15,
1290 1337 51 17 1895.

955 1380 36 18 Jilt
1000 1380 88 19 Andrew
1100 1380 28 19 H.
1139 1380 103 24 Waddell,
1256 1382 45 19 who
1311 1383 17 18 is
1343 1389 46 13 now

954 1406 22 19 in
985 1406 34 19 tlio
1029 1406 98 20 Urewora
1135 1411 83 21 country
1229 1415 26 12 on
1265 1415 12 11 a
1292 1415 85 19 prospec-

955 1434 44 23 ting
1012 1432 122 25 expedition,
1153 1433 42 23 has,
1216 1434 108 26 according
1341 1438 20 16 to
1378 1442 12 11 a

955 1458 97 25 telegram
1062 1458 21 19 in
1098 1458 34 19 tbe
1148 1459 85 23 Herald,
1274 1460 116 20 discovered

955 1491 12 12 a
976 1484 139 19 well-defined
1126 1486 43 18 reef
1186 1485 91 20 between
1300 1487 90 20 Ivuotoki

955 1511 40 18 and
1003 1510 90 25 Galatea,
1104 1510 22 19 in
1136 1512 54 24 good
1202 1512 110 19 sandstone
1329 1520 48 12 coun-

1037 1536 49 19 This
1095 1537 17 18 is
1133 1543 14 13 a
1164 1539 160 19 consummation
1340 1543 50 16 most

956 1562 94 25 devoutly
1060 1565 20 17 to
1093 1563 23 18 lie
1126 1564 76 19 wished
1211 1570 23 13 as
1244 1565 16 18 it
1281 1571 61 19 opens
1362 1573 27 19 up

955 1590 69 18 future
1034 1589 138 24 possibilities,
1183 1596 22 13 as
1215 1591 33 18 far
1258 1597 21 12 as
1289 1592 42 19 this
1339 1594 51 17 town

956 1615 39 19 und
1006 1615 77 19 district
1093 1622 33 12 are
1135 1616 116 24 concerned,
1263 1619 22 18 of
1296 1618 34 19 the
1340 1623 51 15 nio?L

955 1641 93 25 dazzling
1058 1641 128 26 description.
1215 1642 42 20 But
1272 1651 12 12 a
1301 1644 44 19 well
1357 1645 31 18 do.

956 1667 53 19 fined
1019 1667 48 22 reef,
1080 1669 39 17 and
1131 1675 12 11 a
1160 1669 145 27 gold-hearing
1319 1674 72 21 quartz

956 1693 45 19 lode
1011 1700 33 12 are
1055 1700 48 18 very
1111 1694 95 20 different
1217 1695 76 26 things,
1306 1697 39 19 and
1357 1697 22 19 be-

956 1720 43 18 fore
1009 1722 32 16 too
1051 1720 82 18 ecstatic
1143 1721 75 18 visions
1228 1728 35 13 are
1277 1723 84 19 allowed
1371 1726 20 16 to

956 1752 114 18 overpower
1090 1746 55 19 one's
1165 1754 46 17 eyes
1230 1748 16 18 it
1265 1749 42 19 will
1327 1749 25 19 be
1371 1757 20 11 as

957 1771 44 19 well
1010 1774 20 16 to
1041 1772 47 18 wait
1098 1773 32 17 for
1141 1773 34 18 the
1185 1773 137 21 Government
1333 1782 57 15 assay

956 1797 21 19 of
987 1797 34 19 the
1031 1798 50 18 stuff
1091 1798 65 19 which
1178 1799 17 19 is
1215 1801 67 19 stated
1300 1804 19 16 to
1338 1802 52 19 have

957 1823 51 20 been
1019 1827 44 16 sent
1073 1825 32 18 for
1115 1825 45 19 that
1169 1832 96 19 purpose.
1293 1827 52 22 Still,
1357 1828 33 18 the

957 1850 100 19 existenco
1067 1851 21 18 of
1097 1851 88 25 payable
1196 1853 53 18 reefs
1260 1853 19 19 in
1291 1854 34 18 the
1338 1854 40 19 Urn-

957 1883 53 12 wera
1018 1880 85 21 country
1112 1877 17 18 is
1143 1879 111 24 extremely
1272 1879 68 24 likely,
1361 1881 31 19 for

957 1902 33 19 Mr
998 1902 23 19 G.
1032 1902 26 19 M.
1068 1903 87 25 Creagh,
1173 1905 43 18 who
1234 1905 38 19 has
1289 1906 40 19 had
1347 1913 33 12 con-

957 1928 100 19 siderable
1067 1929 118 25 experience
1206 1931 20 18 in
1241 1931 46 19 that
1303 1932 86 25 locality,

958 1954 36 19 lias
1004 1955 106 24 expressed
1128 1956 81 19 himself
1227 1964 22 12 as
1266 1965 49 18 very
1333 1959 50 19 confi

957 1980 48 19 dent
1015 1981 20 18 of
1051 1980 34 19 the
1101 1981 47 20 fact.
1179 1983 34 19 Mr
1232 1983 101 25 Waddell,
1352 1989 38 19 too,

957 2006 35 19 the
1002 2010 115 22 prospector
1125 2008 19 19 in
1154 2010 100 24 question,
1274 2011 36 18 has
1330 2011 59 19 much

958 2033 94 22 practical
1077 2034 79 26 mining
1178 2037 118 23 experience
1316 2037 77 25 having

957 2058 52 19 been
1020 2059 52 19 until
1086 2062 90 19 recently
1194 2062 106 26 employed
1317 2066 21 17 at
1357 2063 35 20 the

958 2084 69 19 Grand
1039 2085 97 20 Junction
1148 2088 62 23 Mine,
1230 2089 76 24 Waihi,
1325 2089 67 20 where

957 2110 26 19 ho
995 2110 42 20 had
1046 2111 75 26 charge
1137 2114 22 17 of
1175 2114 35 19 the
1228 2114 96 20 diamond
1346 2116 48 18 drill

958 2137 31 18 for
999 2137 32 19 Mr
1044 2137 20 19 J.
1075 2137 34 20 W.
1121 2138 92 22 Walker.
1224 2147 104 19 manager.
1362 2142 30 18 On

957 2163 35 19 tho
1002 2163 79 25 ground
1091 2164 56 19 itself
1158 2166 48 24 only
1223 2166 35 19 the
1274 2170 51 17 most
1342 2168 50 19 rudo

958 2190 49 18 tests
1011 2195 21 13 co
1036 2190 33 18 uld
1073 2190 25 18 be
1102 2191 81 25 applied
1188 2193 40 18 and
1237 2195 56 17 stone
1298 2201 24 11 on
1328 2194 65 19 which

958 2215 34 19 tho
1003 2218 73 16 merest
1088 2217 86 24 speekof
1185 2218 49 25 gold
1247 2219 17 18 is
1271 2220 121 19 undiscerni*

958 2241 34 19 hie
1001 2248 45 18 may
1058 2243 64 19 under
1131 2250 60 17 assay
1201 2251 61 18 prove
1275 2246 42 18 rich
1329 2246 20 18 iu
1359 2246 33 19 tho

958 2267 91 24 precious
1065 2269 68 19 metal.
1171 2270 42 19 But
1228 2277 51 13 even
1297 2275 57 16 stone
1372 2273 21 18 of

958 2293 40 19 this
1008 2293 121 26 description
1138 2299 93 22 presents
1242 2297 120 20 indications
1371 2301 19 16 to

959 2319 34 19 the
1004 2320 101 25 practised
1115 2323 64 18 miner
1195 2323 46 19 that
1256 2323 75 26 justify
1352 2324 40 19 him

959 2345 20 19 in
997 2345 117 27 subjecting
1135 2349 112 24 specimens
1266 2353 20 16 to
1306 2357 11 12 a
1336 2357 55 13 mora

958 2371 74 20 crucial
1042 2375 45 17 test.
1116 2373 49 20 This
1175 2375 18 18 is
1203 2376 35 18 tbe
1248 2382 70 13 course
1329 2377 63 18 which

959 2397 32 19 Mr
1001 2398 23 19 \Y
1030 2399 66 19 iiddo'il
1107 2400 37 19 has
1163 2401 96 19 followed
1274 2403 21 18 iu
1310 2403 83 19 submit'

959 2424 45 25 ting
1013 2425 87 25 samples
1110 2427 21 18 of
1141 2427 34 19 the
1186 2431 72 21 quartz
1270 2431 19 16 to
1306 2429 76 19 Govern-

959 2453 54 16 ment
1037 2457 61 19 assay
1116 2453 40 19 and
1175 2453 34 19 the
1233 2455 63 18 result
1312 2455 42 19 will
1370 2455 24 19 be

959 2476 86 20 awaited
1056 2478 47 19 with
1114 2479 140 20 considerable
1266 2481 89 19 interest.

972 2542 102 24 LOCAL
1088 2544 96 24 NEWS
1195 2546 70 23 AND
1280 2546 104 24 NOTES.

982 2612 39 16 The
1030 2612 68 17 second
1106 2612 56 19 batch
1173 2614 20 17 of
1201 2614 131 24 unemployed,
1352 2621 34 11 con-

959 2635 67 22 sisting
1035 2635 20 17 of
1062 2636 22 17 47
1094 2642 49 15 men,
1158 2637 29 16 for
1200 2638 53 16 work
1262 2644 24 11 on
1300 2638 33 17 tlie
1342 2639 55 17 roads

959 2659 58 16 about
1026 2658 84 23 Galatea,
1120 2660 74 18 arrived
1202 2660 38 18 last
1248 2661 62 21 night.

983 2686 17 17 A
1004 2686 69 18 service
1080 2686 21 18 of
1109 2693 48 16 song
1162 2688 80 17 entitled
1268 2688 59 18 Uncle
1335 2689 62 17 Tom's

1049 2709 19 17 in
1076 2709 31 18 aid
1116 2711 20 16 of
1143 2711 31 17 the
1184 2711 56 17 funds
1247 2712 20 16 of
1275 2712 33 18 the
1316 2711 70 24 Presby-

952 2732 2 24 .
960 2732 59 17 terinn
1028 2732 81 21 Church,
1120 2733 53 18 takes
1178 2734 53 22 place
1237 2736 47 16 next
1292 2735 57 17 week.

983 2765 75 19 Private
1067 2766 65 18 letters
1143 2767 85 17 received
1240 2768 48 17 from
1303 2768 31 17 Mr
1346 2768 38 18 Mol-

960 2789 42 22 froy
1011 2794 71 17 convey
1089 2791 32 16 the
1130 2791 86 22 pleasing
1225 2791 118 22 intelligence
1355 2792 43 18 that

960 2812 23 17 he
992 2812 33 18 has
1031 2813 100 18 benifitted
1139 2813 26 23 by
1173 2813 29 18 his
1211 2819 80 19 passage
1294 2815 22 17 to
1321 2814 77 24 Sydney

960 2835 37 17 and
1006 2836 35 17 left
1049 2836 52 17 there
1111 2838 29 16 for
1146 2837 75 22 Albury
1226 2843 24 11 on
1256 2836 32 18 the
1294 2838 33 17 9th
1336 2838 44 18 host.

983 2863 32 16 Mr
1023 2864 22 16 B.
1055 2864 18 17 S.
1084 2863 78 22 Corlett,
1168 2864 93 19 architect
1266 2865 131 23 and!building

960 2892 94 16 surveyor,
1077 2886 15 18 is
1113 2888 32 16 the
1166 2887 48 17 local
1235 2890 58 19 agent
1313 2888 29 18 for
1366 2888 31 18 the

960 2909 90 18 National
1071 2910 42 18 Fire
1136 2910 37 18 and
1199 2911 74 17 Murine
1295 2912 102 17 Insurance

961 2932 103 24 Company.

984 2963 31 16 Mr
1033 2963 25 16 \Y.
1073 2963 16 16 G
1098 2962 73 22 >od\vin,
1190 2963 20 17 of
1227 2963 31 17 the
1273 2963 126 18 Educational

961 2985 131 24 Department,
1110 2986 45 23 paid
1175 2991 11 12 a
1207 2986 44 17 visit
1267 2988 20 16 to
1305 2987 31 18 the
1350 2987 49 17 local

962 3009 63 17 school
1035 3015 24 12 on
1068 3009 70 23 Friday
1146 3009 38 18 last
1193 3010 37 16 and
1239 3010 98 22 expressed
1348 3011 37 16 him-

962 3033 35 16 self
1005 3039 19 10 as
1032 3033 81 17 satisfied
1122 3033 46 17 with
1177 3033 30 16 bis
1215 3033 111 22 inspection.

985 3060 38 16 The
1038 3060 63 17 Union
1119 3060 106 23 Steamship
1246 3060 99 23 Company
1364 3067 24 11 an-

962 3088 72 12 nounce
1042 3083 33 17 the
1091 3083 93 23 proposed
1199 3083 53 17 dates
1265 3084 19 16 of
1300 3083 99 23 departure

962 3107 20 16 of
990 3106 49 17 their
1054 3107 74 17 various
1141 3107 69 17 vessels
1227 3107 30 17 for
1270 3107 76 22 Sydney
1362 3107 38 17 and

962 3130 31 16 the
1003 3130 93 16 Southern
1105 3131 59 22 ports.
1190 3130 17 17 A
1223 3130 80 17 reduced
1318 3130 48 17 scale
1380 3131 20 16 of

962 3153 49 17 fares
1019 3153 16 17 is
1043 3159 44 11 now
1094 3153 20 17 in
1124 3153 55 18 foroo.

986 3181 59 19 Those
1054 3181 20 18 in
1083 3182 63 17 search
1156 3182 20 17 of
1190 3182 50 22 legal
1254 3182 65 18 advice
1331 3188 22 12 or
1367 3182 22 18 de-

962 3205 60 17 sirous
1030 3205 21 17 of
1059 3205 71 23 raising
1138 3212 69 15 money
1216 3207 19 15 at
1250 3212 11 10 a
1275 3206 37 16 low
1324 3207 40 16 rate
1381 3206 20 17 of

962 3228 78 17 interest
1049 3228 38 17 will
1096 3229 24 17 do
1129 3229 43 16 well
1181 3230 19 15 to
1210 3229 65 22 glance
1284 3230 19 15 at
1321 3229 32 17 the
1366 3229 23 17 ad-

963 3252 121 16 vertisement
1092 3252 20 16 of
1120 3252 32 16 Mr
1159 3252 29 17 W.
1199 3252 17 17 J.
1226 3252 76 22 Napier,
1313 3252 88 17 banister

964 3274 37 17 and
1010 3275 88 20 solicitor,
1108 3276 61 16 which
1176 3281 79 16 appears
1265 3274 104 19 elsewhere.

987 3304 30 16 Sir
1033 3304 77 17 Patrick
1129 3304 85 22 Buckley
1230 3304 38 17 and
1281 3304 29 17 his
1326 3304 74 22 private

965 3328 98 21 secretary,
1074 3328 31 16 Mr
1115 3328 75 19 Govetr,
1206 3327 34 17 left
1256 3328 30 16 for
1302 3327 99 17 Auckland

965 3355 24 12 on
998 3350 84 22 Monday
1094 3351 95 21 morning.
1221 3351 30 17 Sir
1267 3350 76 17 Patrick
1359 3351 42 16 who

966 3373 32 16 has
1006 3373 48 17 been
1067 3373 91 23 suffering
1173 3375 48 16 from
1235 3374 105 17 rheumatic

965 3401 62 17 passes
1036 3402 11 12 a
1056 3403 58 11 warm
1126 3397 98 23 eulogium
1242 3403 24 11 on
1279 3397 33 17 the
1327 3397 28 17 efH
1366 3393 19 10 aC

966 3419 19 17 of
993 3419 32 18 the
1033 3420 58 17 baths
1099 3421 30 16 for
1137 3421 43 16 that
1189 3419 107 23 complaint.
1329 3424 11 3 -
1341 3416 31 12 Ullc
1373 3415 12 17 y

989 3447 17 17 A
1014 3448 84 22 meeting
1108 3448 20 17 of
1136 3448 33 17 the
1178 3448 88 18 Urewera
1274 3450 13 15 '..

966 3470 48 17 have
1023 3471 56 16 taken
1087 3471 54 22 place
1150 3472 20 16 at
1178 3472 26 16 To
1212 3471 23 19 W
1237 3471 5 10 l
1242 3470 22 23 '.L-
1301 3467 30 26 t.7

967 3494 36 17 last
1012 3495 19 16 to
1040 3494 85 17 consider
1133 3494 33 17 the
1175 3491 61 21 sit.'F
1236 3485 19 17 ui
1255 3490 10 21 ?
1270 3490 24 12 on

966 3517 32 16 the
1007 3516 45 19 road
1072 3517 59 17 works
1139 3520 50 15 noV
1190 3514 17 11 ia
1230 3514 18 10 m
1258 3514 17 10 ln
1286 3513 8 12 r
1295 3513 24 22 ?S
1319 3513 21 12 ar
1341 3507 12 32 2
1366 3509 20 15 to

967 3540 20 17 It
993 3539 17 18 is
1018 3539 115 19 understood
1176 3537 49 11 unl(!
1228 3537 7 11 ''
1253 3531 123 27 cnstr.uctln-

967 3569 11 11 a
987 3563 53 17 share
1049 3564 21 17 of
1079 3564 31 17 the
1160 3554 67 23 people
1236 3560 31 12 are
1272 3559 80 12 anxious
1357 3553 30 18 for

990 3592 39 16 The
1042 3592 58 18 follov
1112 3583 7 13 '
1183 3606 11 2 ..
1266 3605 5 10 ,
1332 3583 3 32 .
1351 3583 4 32 .

967 3615 35 18 out
1009 3612 117 25 shooting
1142 3606 107 23 gentlomen
1266 3605 47 26 hayo
1330 3605 57 18 taken

967 3638 20 14 fn
997 3638 43 14 rl'itc
1047 3631 4 21 -
1063 3635 19 17 'S
1090 3631 77 17 licenses
1178 3631 29 16 for
1221 3631 37 15 tins
1272 3631 73 14 district
1362 3635 25 12 un

968 3662 62 16 Danse
1043 3662 16 2 ~
1061 3652 14 17 F
1078 3652 3 26 -
1092 3652 33 18 Civ.
1132 3652 54 19 shire,
1197 3652 26 17 H.
1233 3652 28 17 W.
1272 3652 77 18 Martin,
1357 3652 29 16 W.

969 3690 26 11 we
996 3675 77 24 ji//and
1080 3675 139 23 J.-H>Taylor.
1246 3676 18 16 It
1273 3680 44 17 may
1330 3675 24 17 be
1367 3680 20 11 as

969 3713 7 9 r
976 3697 2 25 ,
980 3713 6 5 r
988 3708 5 7 L
1002 3700 19 16 to
1031 3699 84 17 mention
1124 3699 42 17 that
1175 3704 76 17 persons
1266 3698 46 17 with
1326 3704 26 11 no
1363 3697 24 17 li-

960 3726 54 14 Bnses
1035 3722 150 22 accompanying
1201 3722 62 16 others
1281 3722 42 16 who
1340 3721 48 16 have

952 3751 34 11 run
995 3750 12 12 a
1015 3745 39 17 risk
1063 3746 20 16 of
1091 3746 58 21 being
1157 3744 57 18 fined.

975 3772 31 17 Mr
1014 3772 27 17 M.
1052 3772 70 21 Simon,
1136 3772 90 23 practical
1240 3772 61 19 tailor,
1319 3770 45 23 late]
1370 3771 19 17 of

952 3795 117 21 Melbourne,
1087 3796 34 17 has
1135 3795 119 18 commenced
1271 3795 84 16 business
1369 3794 19 16 in

953 3819 32 17 the
994 3819 31 17 old
1033 3819 95 22 township
1137 3819 37 17 and
1189 3819 69 17 solicits
1272 3824 11 11 a
1300 3817 53 17 share
1370 3817 19 17 of

953 3842 31 17 the
993 3843 79 21 support
1080 3842 61 17 which
1152 3841 50 26 good
1206 3840 140 23 workmanship
1352 3839 38 18 and

953 3865 36 17 low
1005 3865 59 22 prices
1079 3865 68 17 should
1164 3864 105 19 command'.
1295 3864 35 16 His
1345 3869 32 16 pro-

954 3889 54 16 mises
1017 3894 32 11 are
1061 3889 47 16 next
1121 3889 21 17 to
1159 3889 54 16 those
1229 3888 20 17 of
1265 3887 31 17 Mr
1312 3885 76 22 Larkin,

953 3911 117 18 bootmaker.

976 3943 70 17 Messrs
1055 3942 22 18 A.
1087 3942 37 18 and
1134 3943 23 17 G.
1167 3942 68 20 Brook,
1244 3941 120 18 bootmakers
1371 3941 19 16 of

953 3966 75 18 Parnoll
1037 3966 38 17 and
1084 3966 126 20 Newmarket,
1226 3965 54 17 make
1297 3965 93 16 reference

953 3991 19 16 in
981 3996 35 11 our
1025 3989 84 18 business
1118 3988 85 19 columns
1219 3990 20 18 to
1253 3987 48 19 their
1317 3987 71 16 branch

954 4012 143 19 establishment
1105 4012 84 21 recently
1197 4010 72 25 opened
1284 4011 18 16 in
1317 4010 73 17 Fentoii

954 4035 36 22 St.,
998 4034 61 20 under
1066 4036 33 18 the
1107 4035 136 22 management
1250 4033 20 19 of
1284 4034 32 16 Mr:
1333 4033 17 17 S.
1367 4033 21 16 E.

954 4059 90 23 Fordyce.
1070 4058 77 18 Besides
1156 4064 11 11 a
1176 4057 52 23 large
1244 4057 114 17 assortment
1371 4056 20 16 of

953 4083 63 17 Home
1025 4082 38 17 and
1072 4081 80 18 colonial
1162 4080 63 23 goods,
1239 4080 54 17 boots
1303 4079 19 18 of
1335 4085 53 16 evory

954 4106 113 22 description
1076 4111 30 12 are
1116 4104 55 18 made
1179 4109 22 13 od
1213 4104 31 17 the
1253 4103 93 22 premises.

1423 94 94 17 Fourteen
1526 99 51 11 more
1585 92 127 23 unemployed
1722 91 40 19 will
1775 91 60 17 arrive
1860 91 2 24 c

1399 118 26 21 by
1433 117 50 18 train
1491 118 112 15 to-morrow
1611 117 63 21 night.
1691 116 52 21 They
1759 113 38 17 will
1813 113 24 17 bo
1860 113 2 26 g

1400 136 39 22 niet
1447 142 21 15 at
1482 140 33 17 the
1531 139 130 23 Ngongotaha
1677 138 70 18 station
1763 137 26 22 by
1804 137 33 16 the
1860 136 2 26 E

1400 169 94 16 surveyor,
1504 162 32 17 Mr
1544 162 98 21 Paterson,
1652 162 38 17 and
1703 161 39 17 mil
1758 159 80 23 proceed
1861 159 1 26 ,

1400 189 21 15 to
1430 187 31 17 tho
1468 185 94 20 half-way
1574 185 59 18 house
1653 185 61 17 where
1734 183 46 22 they
1799 183 39 16 will
1860 183 2 22 t

1401 214 104 13 commence
1514 208 79 22 making
1604 208 33 17 the
1656 207 46 18 road
1718 205 84 23 through
1818 206 21 17 to
1860 205 2 25 1

1400 233 26 18 To
1435 232 57 19 Puke,
1501 231 61 17 which
1567 231 39 18 will
1611 231 24 18 be
1640 238 12 10 a
1657 231 51 17 boon
1713 231 21 16 tD
1740 229 78 18 settlors.

1426 257 111 24 Operations
1546 258 39 17 will
1593 259 20 16 in
1623 259 63 16 future
1694 257 23 17 bo
1731 255 69 18 carried
1815 261 24 10 on
1861 255 1 26 ;

1402 284 21 15 at
1432 282 31 17 the
1472 281 71 17 Rotoiti
1557 280 85 18 Sawmill
1655 281 46 16 with
1717 286 24 11 an
1757 279 83 17 increaso
1861 279 1 21 ]

1403 306 20 17 of
1442 305 59 22 vigor,
1523 304 33 17 the
1576 304 77 17 natural
1669 305 86 16 outcome
1772 302 20 17 of
1807 301 33 17 the
1861 301 1 26 i

1404 329 71 20 (hinge
1485 327 19 16 of
1512 329 134 20 management
1655 327 61 17 which
1731 326 33 17 has
1781 324 59 22 lately
1861 324 1 25 i

1405 351 56 18 taken
1470 350 57 22 place.
1553 350 39 17 The
1606 350 85 17 business
1705 348 39 17 will
1757 348 24 16 be
1795 353 44 11 con-
1861 348 1 24 i

1405 374 67 17 ducted
1484 372 60 18 under
1558 373 33 17 the
1607 374 49 22 style
1673 373 19 17 of
1708 372 32 16 the
1757 371 84 17 Rotorua

1405 396 82 19 Sawmill
1508 396 104 23 Company.
1646 396 32 17 Mr
1698 395 28 17 W.
1744 393 96 18 Henshaw
1861 393 1 26 j

1405 420 96 18 continues
1512 419 17 18 to
1538 421 31 15 act
1577 426 21 10 as
1606 424 92 17 manager
1705 418 50 17 here.
1861 418 1 23 i

1428 447 38 17 The
1475 447 78 16 amount
1562 446 20 17 of
1591 446 44 18 cash
1646 444 83 19 received
1745 444 28 17 for
1785 443 57 17 baths
1861 443 1 21 :

1405 470 56 16 taken
1482 470 20 15 at
1521 469 33 16 the
1577 469 121 17 Sanatorium
1720 467 69 20 during
1809 466 33 17 tho
1861 466 1 21 '

1405 492 65 18 month
1480 492 20 17 of
1508 491 54 24 April
1570 498 39 12 wus
1618 492 38 17 4!)
1663 492 20 16 7s
1691 492 11 15 i)
1710 496 21 11 as
1743 488 99 23 compared
1861 488 1 31 J

1406 515 45 17 with
1461 514 36 18 32
1508 517 19 15 (is
1536 515 24 17 (id
1569 516 30 16 for
1607 515 33 17 the
1649 520 50 11 same
1707 513 66 17 month
1783 513 19 16 of
1808 513 32 16 the

1407 538 85 22 previous
1501 544 50 16 year.
1577 539 54 16 Since
1640 536 103 19 December
1759 536 36 17 last
1809 536 33 17 the
1861 536 1 24 <

1406 562 48 16 total
1470 563 80 15 amount
1565 561 85 17 received
1670 560 15 16 is
1702 558 49 19 325
1771 560 29 16 IGs
1818 559 24 17 9d
1861 558 1 20 '

1406 585 86 20 showing
1501 590 23 11 an
1533 590 64 11 excess
1606 585 20 15 of
1635 583 49 17 lO9
1696 583 28 17 ITs
1733 581 24 18 9d
1766 582 19 16 in
1800 582 43 17 that

1406 607 65 22 period
1479 607 100 22 comparod
1589 607 46 16 with
1644 607 33 16 the
1691 605 85 23 previous
1790 611 52 16 year.

1429 635 60 17 Those
1498 635 42 17 who
1549 635 48 16 have
1606 633 121 23 experienced
1738 633 33 17 the
1778 633 54 22 pains-

1408 657 67 21 taking
1491 659 87 20 courtesy
1594 656 105 23 invariably
1715 656 92 17 extended
1823 656 21 17 to

1407 680 66 22 people
1485 680 72 23 having
1571 680 85 18 business
1674 682 20 15 at
1710 679 32 18 tho
1758 679 86 21 Railway

1408 703 74 17 Station
1490 703 39 17 will
1538 706 63 19 regret
1609 705 19 15 te
1637 704 45 16 hear
1690 703 43 17 that
1741 703 31 17 Mr
1779 702 29 18 W.
1821 702 22 17 P.

1508 727 43 16 who
1567 727 35 17 has
1618 727 47 17 been
1680 727 20 16 in
1717 726 69 21 charge
1800 725 44 17 hero

1408 750 49 16 since
1466 750 32 16 the
1506 750 84 22 opening
1599 750 20 17 of
1627 750 32 17 the
1673 750 38 17 line
1723 749 16 16 is
1752 748 59 17 about
1824 749 20 15 to

1408 778 71 12 resume
1489 772 28 18 his
1526 773 31 17 old
1569 773 61 17 duties
1646 774 20 16 of
1679 772 90 20 relieving
1783 771 63 17 officer

1409 796 37 16 and
1454 795 39 17 will
1501 798 65 15 return
1583 798 21 15 to
1616 795 105 19 Auckland.
1746 794 32 17 Mr
1797 793 36 18 Wil-

1408 819 60 17 liams'
1485 825 100 14 successor,
1599 820 31 17 Mr
1644 819 113 18 Wainhouse
1770 818 20 15 of
1799 817 34 17 Nel-

1409 847 38 14 son,
1457 842 16 17 is
1479 842 90 23 expected
1576 843 44 16 here
1626 849 24 10 on
1656 840 127 19 to-morrow's
1788 840 56 17 train.

1435 873 38 16 Tho
1482 872 99 21 following
1593 872 17 16 is
1625 872 32 16 the
1673 873 51 14 team
1740 870 69 16 chosen
1825 870 21 16 to

1409 896 45 23 play
1463 896 75 21 against
1546 895 101 22 Tauranga
1656 899 24 11 on
1689 892 94 22 Saturday
1793 894 51 14 next.

1410 916 128 22 FULL-BACK:
1563 917 69 21 Huka;
1660 916 174 18 TitREE-QrATE-

1410 946 61 14 iiacics
1479 938 3 25 :
1496 941 29 17 W.
1535 941 83 21 Dansey,
1629 940 68 23 Aporo,
1708 939 37 17 and
1754 939 24 17 To
1785 938 48 17 Wire-

1410 971 42 14 mu;
1468 964 132 18 HALT-BACKS
1607 962 4 23 :
1625 963 85 17 Webber.
1726 962 21 17 G.
1762 962 83 21 Dansey,

1410 988 36 18 and
1456 988 71 17 Martin
1536 985 4 22 ;
1554 986 125 18 FORWARDS:
1698 986 60 17 Wera.
1774 985 60 21 Rangi-

1410 1012 46 18 tnhi,
1465 1011 43 21 Teo,
1518 1011 24 17 D.
1552 1009 78 19 Daltou,
1645 1009 77 17 Wilson.
1740 1007 104 24 Ngaroata,
1858 1007 2 30 j

1411 1034 102 22 Gareghty,
1524 1033 38 17 and
1575 1031 111 25 Arawhata;
1708 1031 138 23 Emergencies,

1411 1062 61 13 HACKS
1480 1049 4 31 :
1497 1058 22 16 R.
1535 1056 84 17 Graham
1635 1056 38 17 and
1689 1055 77 17 Pelhain
1774 1049 3 31 ;
1799 1058 48 14 FOB-
1858 1049 2 31 |

1410 1085 70 14 WARDS
1488 1077 3 24 ;
1513 1080 21 17 T.
1556 1080 77 18 Petene,
1643 1079 70 22 Hoyes.
1745 1078 47 22 Play
1809 1077 39 17 will
1858 1077 2 24 I

1411 1108 104 15 commence
1525 1105 20 15 at
1554 1103 10 16 3
1574 1102 77 18 o'clock.

1434 1133 69 15 Messrs
1511 1130 75 18 Jeckliu
1595 1129 37 17 and
1642 1130 70 17 Cotter,
1722 1128 93 19 butchers,
1829 1128 20 17 of

1411 1155 67 17 Arawu
1487 1154 61 17 Street
1561 1153 48 17 have
1625 1159 24 11 an
1665 1153 149 16 announcement
1828 1152 21 16 in

1411 1178 79 17 another
1496 1177 76 17 column
1586 1176 95 21 thanking
1696 1175 31 17 the
1742 1174 63 23 public
1820 1176 29 15 for

1410 1202 33 16 the
1452 1206 83 12 measure
1545 1200 19 17 of
1572 1201 80 20 support
1661 1199 44 21 they
1712 1199 47 16 have
1766 1197 83 17 received
1859 1195 2 26 I

1411 1225 49 17 since
1469 1224 88 21 entering
1565 1223 41 17 into
1618 1222 85 17 business
1720 1221 49 18 here.
1799 1221 49 17 That
1859 1219 2 30 j

1411 1248 45 16 such
1465 1247 15 16 is
1489 1246 80 18 merited
1577 1246 15 17 is
1600 1244 99 19 evidenced
1704 1244 25 23 by
1736 1244 33 17 the
1776 1244 73 23 quality

1411 1272 21 16 of
1439 1272 50 15 meat
1498 1269 82 24 exposed
1589 1270 30 16 for
1627 1268 38 18 sale
1674 1268 38 17 and
1725 1267 32 18 tho
1771 1268 77 16 cleanli-
1859 1267 2 26 j

1411 1300 42 11 ness
1461 1293 38 18 and
1508 1293 56 18 order
1572 1294 92 21 apparent
1673 1291 118 21 throughout
1800 1291 50 16 their

1411 1317 94 22 premises.
1532 1315 51 19 Such
1591 1314 138 24 qualifications
1744 1320 30 11 are
1781 1320 42 11 sure
1830 1315 19 16 to

1411 1340 71 18 receive
1491 1340 32 17 the
1532 1340 105 22 patronage
1646 1338 20 17 of
1674 1338 32 17 the
1716 1337 69 22 public.

1435 1367 38 18 For
1480 1366 33 19 tho
1521 1373 46 17 year
1575 1366 62 18 e.ided
1646 1366 41 17 31st
1694 1364 66 18 March
1775 1365 38 16 last
1828 1364 21 17 70

1412 1391 82 22 patients
1503 1397 49 10 were
1560 1390 73 16 treated
1646 1390 20 16 at
1682 1388 31 17 the.
1730 1387 119 19 Sanatorium

1412 1414 61 17 which
1482 1414 61 17 shows
1552 1418 24 12 an
1586 1412 81 18 increase
1684 1411 19 18 of
1719 1412 22 15 20
1758 1416 44 12 over
1818 1411 32 17 the

1412 1437 86 23 previous
1507 1443 51 16 year.
1585 1436 25 17 Of
1618 1435 38 18 this
1670 1435 80 16 number
1764 1435 21 16 .'ill
1802 1440 48 11 were

1413 1461 56 17 cured
1477 1461 22 16 30
1506 1465 49 12 wore
1571 1458 78 18 relieved
1664 1458 35 17 and
1715 1459 8 15 7
1739 1457 34 18 left
1788 1457 47 17 unim-

1412 1483 70 23 proved
1499 1484 49 16 their
1566 1482 111 23 complaints
1694 1481 57 20 being
1768 1480 81 18 chronic.

1413 1507 38 18 Tho
1460 1508 39 16 cost
1509 1507 20 17 of
1537 1507 72 16 rations
1619 1506 29 17 for
1657 1505 31 16 the
1698 1510 43 16 year
1750 1504 16 17 it
1776 1510 44 15 may
1828 1504 23 16 be

1414 1529 60 18 stated
1483 1535 48 17 gave
1540 1536 23 10 an
1574 1534 80 18 average
1663 1528 20 17 of
1691 1527 23 17 3d
1723 1533 34 16 per
1764 1527 46 16 head
1819 1533 33 15 per
1861 1527 1 25 .

1414 1554 36 21 day
1459 1559 19 11 as
1487 1553 101 22 compared
1598 1551 86 18 with-lAd
1691 1550 29 18 for
1726 1550 33 17 the
1764 1550 87 23 previous

1413 1583 50 16 year.
1477 1576 44 17 This
1530 1576 120 21 satisfactory
1659 1573 58 19 result
1722 1573 16 18 is
1747 1573 105 17 attributed

1414 1601 19 16 to
1442 1600 31 16 the
1482 1599 96 17 increased
1595 1599 79 16 number
1687 1598 19 16 of
1720 1597 82 22 patients
1814 1597 38 16 and

1413 1623 61 17 better
1484 1622 104 19 household
1597 1621 138 23 management.

1437 1655 17 16 A
1463 1654 83 21 meeting
1555 1654 19 16 of
1594 1654 32 16 the
1642 1653 80 22 Library
1740 1651 112 19 Committee

1414 1678 44 16 took
1467 1677 53 23 place
1529 1684 24 10 on
1563 1675 117 23 Wednesday
1689 1675 56 23 night
1754 1675 37 17 last
1799 1675 54 16 when

1414 1701 52 17 there
1473 1707 47 10 were
1527 1704 73 18 present
1628 1700 68 17 Messrs
1703 1698 73 17 Purcell
1783 1697 60 24 (chair-

1414 1723 58 24 man,)
1482 1723 78 20 Corlett,
1572 1724 53 17 Kirk.
1634 1722 116 23 Neighbour,
1759 1721 93 18 Prothcro
1861 1721 1 26 ;

1414 1748 92 16 Williams
1533 1747 24 17 rid
1572 1747 80 17 Seddon.
1668 1745 114 23 (secretary).
1814 1744 39 17 The

1414 1771 108 17 treasurer's
1544 1771 102 16 statement
1667 1768 76 17 showed
1759 1768 49 17 that-
1821 1768 32 17 the

1413 1794 78 17 balance
1500 1794 17 16 in
1528 1794 51 16 bank
1588 1793 38 17 and
1635 1794 18 15 in
1663 1792 50 17 hand
1722 1790 103 18 amounted
1832 1793 21 15 to

1415 1816 37 19 ls
1463 1818 31 17 13s
1503 1816 29 18 3d.
1560 1816 94 18 Accounts
1662 1815 113 22 amounting
1792 1816 19 15 to
1827 1814 26 17 2

1414 1842 20 14 8s
1444 1846 47 11 were
1501 1839 66 24 passed
1577 1840 29 17 for
1621 1839 96 23 payment.
1747 1839 16 16 A
1776 1839 44 15 vote
1833 1838 21 17 of

1414 1863 69 18 thanks
1493 1870 38 10 was
1545 1862 90 19 accorded
1651 1863 19 17 to
1686 1862 31 17 Mr
1722 1861 92 18 Prothcro
1824 1860 29 18 for

1415 1886 100 24 mounting
1524 1886 38 17 and
1571 1886 110 20 varnishing
1692 1885 68 17 certain
1771 1889 54 17 maps
1834 1884 20 16 in

1415 1910 32 18 tho
1456 1910 79 22 reading
1545 1916 58 10 room.
1630 1910 18 16 It
1657 1915 37 11 was
1703 1907 77 17 decided
1790 1907 42 17 that
1844 1913 10 11 a

1415 1933 112 22 deputation
1544 1933 68 17 should
1629 1932 43 16 wait
1691 1937 24 10 on
1733 1931 28 16 Sir
1778 1930 76 17 Patrick

1416 1956 83 22 Buckley
1508 1962 25 11 on
1543 1957 32 16 the
1585 1955 98 21 following
1693 1955 35 21 day
1740 1954 43 17 with
1791 1961 10 9 a
1807 1954 47 15 view

1416 1976 3 26 t
1431 1976 3 26 >
1445 1980 94 22 receiving
1547 1985 52 12 some
1607 1979 100 17 assistance
1717 1979 18 15 at
1747 1978 32 16 the
1793 1976 61 18 hands

1415 2003 19 17 of
1444 2003 31 17 the
1485 2003 134 17 Government.

1439 2030 31 17 Mr
1479 2030 22 17 G.
1511 2030 100 21 Me.Auley,
1625 2029 87 23 plumber
1726 2028 37 18 and
1778 2026 76 23 general

1417 2053 94 18 mechanic
1532 2054 20 16 of
1572 2052 103 19 Tutunekai
1693 2053 76 17 Streets,
1788 2051 66 18 suffers

1416 2077 46 16 from
1480 2077 32 16 the
1536 2075 141 24 idiosyncrasies
1698 2076 19 16 of
1738 2075 31 17 the
1791 2075 63 21 gentle

1415 2100 77 22 printer.
1519 2100 36 17 His
1570 2100 150 17 announcement
1735 2098 60 17 which
1811 2103 33 18 par-

1416 2122 54 23 tially
1480 2129 79 16 appears
1569 2129 23 11 on
1602 2129 34 11 our
1644 2122 47 17 back
1700 2127 48 17 page
1764 2121 44 17 does
1821 2122 35 15 not

1416 2146 112 22 sufficiently
1545 2145 78 17 disclose
1639 2145 29 17 his
1685 2145 86 21 identity,
1783 2144 33 17 but
1839 2144 14 16 if

1415 2175 37 17 any
1461 2169 21 18 of
1489 2169 33 18 tho
1531 2169 118 18 Chronicle
1665 2168 74 18 roadors
1753 2168 43 16 who
1811 2173 44 16 may

1416 2192 47 17 have
1473 2199 11 10 a
1496 2192 100 23 hydraulic
1609 2197 68 16 engine
1693 2193 19 15 to
1730 2190 60 23 repair
1807 2196 21 11 or
1845 2196 11 10 a

1416 2216 76 16 musical
1502 2216 37 16 box
1553 2216 20 16 of
1586 2216 68 16 erratic
1670 2215 106 17 tendencies
1793 2215 20 15 to
1828 2213 27 17 fix

1416 2239 38 17 will
1463 2239 36 17 call
1508 2241 21 15 at
1538 2239 28 17 his
1582 2239 99 21 workshop
1698 2238 45 21 they
1760 2237 39 17 will
1816 2236 40 18 find

1416 2262 32 17 the
1465 2267 64 12 owner
1546 2262 49 22 fully
1613 2262 52 23 equal
1684 2262 20 16 to
1717 2261 32 17 the
1763 2260 91 17 occasion.

1416 2286 31 16 Mr
1456 2286 94 21 Me.Auley
1564 2281 22 21 is'
1595 2292 9 10 a
1620 2284 86 18 versatile
1720 2284 82 17 artificer
1819 2283 37 17 and

1416 2308 82 23 nothing
1508 2309 59 17 which
1578 2315 45 15 goes
1632 2314 24 11 on
1665 2308 68 16 wheels
1750 2313 21 11 or
1785 2307 71 17 derives

1416 2332 24 17 its
1449 2332 73 17 motion
1539 2333 49 16 from
1606 2331 62 19 wind,-,
1679 2333 64 16 steam,
1762 2332 59 15 water
1837 2336 21 11 or

1418 2356 74 16 manual
1510 2361 69 16 power,
1597 2356 16 15 is
1626 2354 74 22 beyond
1717 2354 28 17 his
1762 2354 44 16 ken.
1841 2354 15 16 A

1417 2378 43 18 visit
1470 2380 19 15 to
1499 2378 28 17 his
1536 2379 52 22 place
1603 2378 15 17 is
1632 2384 23 11 an
1672 2378 100 17 education
1785 2377 19 17 in
1826 2377 31 17 the

1418 2402 116 16 mechanical
1543 2404 45 14 arts.

1440 2430 89 22 Judging
1546 2431 49 17 from
1610 2430 32 18 the
1658 2436 120 16 programmo
1792 2430 20 16 of
1825 2430 33 16 the

1418 2455 74 17 concert
1501 2456 20 14 to
1531 2455 22 15 lie
1563 2454 53 22 given
1628 2453 85 23 to-night
1722 2453 19 17 in
1750 2453 32 17 the
1795 2453 52 17 Pulce-

1418 2483 33 11 roa
1459 2477 47 18 Hall
1516 2478 19 16 in
1545 2478 29 16 aid
1584 2479 20 15 of
1613 2477 31 18 tho
1654 2476 47 18 local
1705 2476 89 18 Football
1802 2476 54 18 Club.

1418 2501 77 22 patrons
1505 2507 43 15 may
1558 2501 80 22 cxpeetn
1649 2500 116 23 thoroughly
1771 2500 83 22 pleasant

1419 2524 86 21 evening.
1532 2524 39 16 Mrs
1581 2524 46 17 Koir
1642 2523 37 17 and
1696 2523 64 17 Misso?
1775 2523 81 22 Dansey,

1419 2548 93 16 Thomson
1523 2547 37 17 and
1569 2547 84 17 Griffiths
1663 2547 35 16 and
1708 2547 32 17 Mr
1748 2547 20 16 ('.
1784 2547 72 16 Clarke,

1419 2570 37 17 will
1476 2571 107 16 contribute
1604 2575 56 16 songs
1680 2570 120 17 so'itimontal
1819 2570 36 16 and

1419 2594 105 19 otherwise,
1534 2594 44 20 and,
1588 2594 19 17 in
1616 2600 10 10 a
1635 2593 71 22 lighter
1720 2593 48 18 vein,
1785 2599 20 11 so
1820 2593 38 17 will

1419 2617 70 18 Messrs
1496 2617 74 22 Mayes,
1580 2617 85 22 Fordyco
1673 2616 38 18 and
1719 2617 72 17 Cotter.

1399 2639 1 25 i
1420 2641 83 21 Comedy
1512 2641 20 16 of
1666 2646 9 11 a
1686 2640 91 17 dramatic
1793 2639 64 17 sketch

1419 2664 15 16 is
1443 2664 40 17 also
1489 2664 94 22 promised
1591 2664 25 22 by
1621 2669 12 12 a
1638 2664 95 22 quartette
1741 2664 19 15 of
1766 2663 93 21 juveniles

1399 2686 1 24 i
1419 2687 38 17 and
1466 2688 32 16 the
1507 2687 129 23 performance
1650 2686 38 17 will
1705 2686 90 18 conclude
1813 2686 45 17 with

1421 2710 30 17 the
1473 2712 77 16 convent
1555 2710 49 18 ional
1625 2709 106 22 screaming
1759 2709 50 17 farce
1833 2709 27 22 by

1420 2733 69 18 Messrs
1499 2733 85 23 Fordyco
1592 2733 38 18 and
1637 2733 69 22 Hoyes.
1733 2732 126 17 MrLandells

1421 2757 38 16 will
1468 2757 73 23 preside
1550 2759 20 15 at
1579 2757 32 17 the
1619 2757 57 22 piano
1685 2756 37 17 and
1733 2763 10 10 a
1753 2755 59 18 dance
1821 2756 39 17 will

1420 2780 45 17 take
1473 2781 53 22 place
1536 2781 49 16 after
1593 2780 32 17 the
1637 2781 80 16 concert.

1444 2810 24 17 In
1481 2810 56 16 order
1550 2811 20 15 to
1585 2810 78 21 prevent
1679 2815 20 10 as
1715 2809 49 16 little
1778 2808 71 19 miscon-

1421 2832 92 18 struction
1524 2839 20 11 as
1553 2832 80 23 possible
1642 2832 18 17 in
1674 2832 32 17 the
1720 2832 63 17 minds
1795 2832 21 17 of
1828 2832 32 18 tho

1420 2856 65 23 public
1494 2857 19 15 in
1522 2856 68 21 regard
1600 2858 18 14 to
1628 2856 31 16 the
1668 2856 48 16 hour
1726 2856 19 16 of
1751 2855 82 22 delivery
1840 2856 21 16 of

1399 2878 1 24 ,
1421 2879 54 17 mails
1484 2879 33 17 the
1526 2879 99 23 following
1633 2878 61 18 notice
1700 2878 35 18 has
1739 2878 49 18 been
1792 2878 68 23 posted

1399 2901 1 23 ,
1420 2908 26 16 up
1503 2902 57 17 Mails
1569 2909 31 10 are
1609 2902 63 17 sorted
1680 2902 40 17 into
1726 2902 73 22 private
1805 2901 56 18 letter

1420 2926 59 16 boxes
1499 2926 129 21 immediately
1646 2931 50 15 upon
1712 2925 75 17 arrival.
1821 2926 39 16 The

1399 2948 1 23 .
1421 2951 78 15 counter
1508 2949 15 18 is
1532 2955 47 16 open
1590 2949 29 16 for
1628 2948 82 23 delivery
1720 2949 20 17 of
1745 2948 65 18 letters
1816 2948 45 23 only

1420 2978 20 11 as
1450 2972 65 17 follow
1523 2971 3 23 :
1542 2971 105 23 -Tuesdays
1666 2973 10 16 7
1691 2973 20 16 to
1726 2972 47 19 7.30,
1789 2971 60 18 Thurs-

1421 2995 46 22 days
1477 2996 38 16 and
1529 2995 168 22 Saturdayshalf
1711 3001 24 10 an
1750 2994 49 17 hour
1816 2994 45 23 only

1421 3025 51 16 upon
1482 3019 113 22 completion
1605 3018 20 17 of
1633 3018 73 21 sorting
1715 3018 33 17 tho
1760 3018 101 17 Auckland

1421 3042 61 20 mails,
1492 3042 60 17 about
1567 3043 40 16 7.40
1624 3048 46 16 p.m.
1684 3046 21 13 or
1822 3041 39 17 The

1399 3064 1 19 '
1421 3065 89 17 omission
1528 3065 20 17 of
1564 3065 32 18 the
1611 3064 52 17 word
1702 3064 60 18 about
1768 3064 10 11 ''
1798 3065 63 16 would

1399 3087 1 23 1
1422 3088 55 17 make
1486 3089 32 16 the
1527 3088 61 17 notice
1597 3094 21 11 as
1625 3094 46 10 near
1678 3087 104 23 perfection
1792 3093 21 11 as
1826 3093 35 11 can

1399 3106 1 23 I
1421 3112 24 17 be
1452 3112 86 17 attained
1545 3112 20 16 in
1571 3112 31 16 the
1619 3111 107 17 meantime.
1759 3111 103 17 Whatever

1399 3133 1 24 '
1422 3141 44 16 may
1479 3135 24 17 be
1519 3135 33 17 tho
1569 3135 143 16 circumstances
1727 3134 33 17 the
1778 3133 83 23 delivery

1422 3158 82 18 window
1526 3158 67 17 should
1614 3159 34 16 not
1665 3158 22 16 be
1696 3157 73 23 opened
1776 3157 66 18 before
1852 3164 10 10 a

1399 3182 1 21 -
1422 3182 88 21 specified
1519 3182 55 16 hour.

1399 3205 2 25 f
1447 3209 16 16 A
1472 3209 84 21 meeting
1573 3208 60 17 called
1645 3208 27 21 by
1686 3208 32 17 the
1733 3207 74 18 Official
1825 3208 24 17 As-

1399 3231 1 22 -
1423 3232 64 21 signee
1496 3238 38 11 was
1540 3232 44 17 held
1593 3232 20 16 in
1621 3231 99 17 Auckland
1730 3237 22 9 or.
1772 3231 34 12 '-.-
1854 3231 2 22 ,

1399 3254 2 20 r
1423 3255 37 19 day
1469 3255 37 17 last
1516 3257 19 15 to
1545 3255 84 17 consider
1645 3255 20 12 tl.
1709 3254 27 17 .-'*

1425 3269 3 18 ,
1445 3269 11 13 x
1472 3278 13 9 v
1534 3278 63 9 liii
1629 3272 31 13 tfiio
1673 3269 82 18 position
1770 3269 18 15 ot
1805 3272 30 13 cer-

1424 3285 39 10 tain
1473 3281 47 14 liens
1534 3281 36 14 lie!'
1613 3291 21 4 -.,
1659 3290 18 9 TT
1703 3290 21 9 t-,t
1750 3290 33 9 m-i
1798 3290 5 9 i
1823 3290 12 9 n

1577 3297 23 11 ov
1613 3291 31 17 Mr
1659 3291 25 16 11.
1706 3295 13 12 U
1727 3291 4 17 .
1750 3291 92 16 Mitchell.

1424 3307 135 16 surveyor,.ov
1614 3315 76 8 ...,.,.,.,,
1767 3314 6 5 ,
1809 3314 12 5 ~

1399 3315 1 24 i
1424 3325 11 10 i.
1463 3325 5 9 i
1480 3320 14 14 ':.
1508 3315 2 24 .
1524 3321 28 11 .er
1558 3319 51 13 some
1614 3315 76 20 3<j0,000
1695 3319 53 13 acres
1753 3315 21 16 of
1781 3315 65 16 native

1425 3349 12 8 i.
1466 3344 20 10 in
1500 3338 32 16 the
1546 3339 84 15 Rotorua
1646 3337 38 17 and
1700 3337 90 21 adjacent
1806 3337 30 17 dis-

1399 3359 1 20 ,
1408 3362 58 17 ricts.
1492 3361 39 17 Till!
1540 3361 47 18 lions
1595 3360 38 17 had
1641 3360 47 17 been
1698 3360 68 17 ottered
1776 3361 22 16 to
1813 3359 33 18 the

1407 3384 129 17 Government
1545 3385 19 16 in
1573 3384 54 16 order
1635 3384 44 16 that
1687 3383 45 23 thoy
1741 3383 106 23 mightpay

1407 3408 52 16 them
1469 3408 26 16 off
1503 3407 37 17 and
1549 3406 74 24 acquire
1632 3406 32 18 the
1672 3406 51 17 land.
1755 3406 39 17 The
1808 3403 26 20 Go-

1407 3432 105 18 vernment,
1529 3431 92 17 however,
1635 3429 87 24 required
1735 3429 43 17 that,
1795 3429 52 17 these

1407 3453 47 18 liens
1465 3453 68 18 should
1549 3454 23 16 lie
1588 3452 108 24 registered,
1715 3452 38 17 and
1769 3452 78 22 implied

1407 3477 44 16 that
1459 3477 33 16 the
1501 3477 73 17 Official
1583 3476 90 21 Assignee
1687 3476 38 17 had
1741 3481 25 11 no
1785 3481 63 16 power

1408 3501 20 15 to
1437 3500 75 22 dispose
1521 3500 20 17 of
1550 3500 31 17 the
1589 3499 46 18 land
1652 3499 77 17 covered
1745 3498 26 23 by
1787 3499 58 17 them.

1408 3523 39 17 The
1456 3523 84 22 meeting
1549 3522 115 18 determined
1673 3522 42 18 that
1724 3521 64 19 before
1800 3528 36 16 any-

1409 3546 56 22 thing
1475 3547 74 16 further
1558 3546 48 17 shall
1613 3546 23 17 be
1652 3546 53 19 done,
1720 3546 33 16 the
1771 3545 76 22 opinion

1409 3570 20 16 of
1438 3570 75 16 counsel
1522 3570 23 16 be
1554 3570 56 16 taken
1620 3575 50 16 upon
1679 3569 32 17 the
1720 3569 75 16 matter,
1811 3568 37 16 and

1409 3593 44 16 that
1461 3593 51 16 after
1520 3593 32 16 the
1561 3592 76 23 opinion
1650 3592 33 16 has
1691 3592 48 16 been
1757 3591 89 20 received,

1409 3622 12 10 a
1430 3615 85 22 meeting
1523 3616 23 17 be
1556 3615 59 17 called
1624 3615 20 18 to
1650 3615 84 17 consider
1739 3613 54 19 what
1798 3615 50 22 steps

1409 3639 33 16 the
1452 3638 91 17 creditors
1552 3638 19 17 in
1579 3639 33 16 the
1624 3640 58 15 estate
1692 3637 68 18 should
1769 3636 49 19 take.

1435 3682 169 19 DEPUTATION
1617 3682 31 18 TO
1660 3682 40 18 SIR
1714 3681 113 19 PATRICK

1567 3706 128 17 BUCKLEY.

1425 3753 45 17 Tin.
1489 3753 92 16 Library
1601 3757 41 12 amj
1659 3752 94 16 Rkadino
1774 3752 64 16 Room.

1434 3780 75 23 Taking
1523 3779 106 22 advantago
1644 3779 20 17 of
1673 3779 37 17 .the
1727 3784 88 17 presence
1831 3778 20 17 in

1411 3803 86 17 Rotovua
1510 3803 19 17 oi
1545 3808 11 12 a
1570 3802 87 18 Minister
1671 3801 20 18 of
1707 3801 33 18 the
1758 3802 67 17 Crown
1841 3807 10 10 a

1412 3826 111 23 deputation
1534 3826 48 17 from
1596 3826 33 16 the
1644 3825 80 21 Library
1739 3824 112 19 Committee

1411 3850 70 16 waited
1490 3855 22 11 o:>
1521 3849 29 17 Sir
1556 3848 75 18 Patrick
1637 3848 84 21 Buckley
1727 3849 20 15 at
1753 3847 29 18 his
1790 3854 61 10 rooms

1411 3873 20 16 in
1440 3873 41 17 Mrs
1493 3872 99 18 Graham's
1606 3871 51 17 Lake
1672 3871 66 17 House
1752 3871 59 16 Hotel
1828 3876 24 12 on

1412 3895 99 23 Thursday
1519 3895 43 21 last,
1572 3895 30 16 for
1611 3894 31 18 the
1650 3899 82 17 purpose
1742 3894 19 17 of
1773 3893 79 23 making

1413 3919 70 16 known
1490 3918 33 18 the
1533 3919 59 16 wants
1601 3918 19 16 of
1629 3917 32 17 the
1670 3916 119 18 Institution.

1436 3942 31 16 Mr
1476 3941 63 23 Kelly,
1549 3941 87 20 M.H.R.,
1645 3939 113 18 introduced
1773 3940 32 16 the
1820 3940 21 16 de-

1413 3965 94 22 putation,
1519 3964 59 17 which
1587 3963 94 18 consisted
1690 3963 19 17 of
1718 3963 70 17 Messrs
1804 3963 36 16 Wil-

1413 3988 60 20 liams,
1491 3987 108 20 Protheroe,
1617 3986 78 20 Coiiott,
1714 3986 38 17 and
1771 3986 80 19 Seddon,

1413 4010 52 24 (lion,
1476 4010 106 23 secretary),
1595 4010 38 16 and
1641 4010 19 16 in
1675 4008 60 23 doing
1751 4015 20 11 so
1792 4008 62 18 stated

1413 4034 43 17 that
1464 4034 33 16 the
1505 4034 62 16 affairs
1577 4033 19 17 of
1605 4033 32 17 the
1645 4032 114 18 Institution
1771 4038 50 11 were
1834 4032 20 16 in

1413 4063 10 11 a
1432 4057 65 17 rather
1505 4056 128 17 embarrassed
1644 4055 97 18 condition
1756 4055 65 22 owing
1834 4055 21 16 to

1413 4087 10 10 a
1432 4080 44 17 lack
1483 4080 19 17 of
1511 4079 64 20 funds,
1601 4079 68 22 Seeing
1675 4079 43 16 that
1725 4079 87 16 Rotorua
1817 4083 38 12 was
1861 4077 1 24 I

1413 4109 25 11 an
1448 4102 118 22 exceptional
1580 4103 52 17 town
1646 4101 38 17 and
1697 4101 76 17 distiict
1787 4101 16 17 it
1817 4106 39 12 was

1860 95 109 18 considered
1978 96 42 16 that
2028 95 32 17 the
2069 93 198 20 Governmentmight
2273 93 23 17 do
2306 93 3 20 i
2318 93 1 20 i

1860 118 108 23 something
1976 119 19 17 to
2005 118 54 17 make
2067 117 33 18 the
2105 115 87 23 building
2197 120 52 12 more
2254 121 42 16 pre-
2306 111 2 30 I
2318 111 1 30 1

1860 141 85 17 sentuble
1962 143 19 15 to
1994 141 78 17 tourists
2087 139 39 18 and
2134 140 102 22 strangers,
2255 139 41 16 who
2307 139 3 23 i

1861 164 73 17 availed
1950 164 111 17 themselves
2077 164 19 16 of
2110 163 24 16 its
2147 161 101 23 privileges
2260 162 37 16 and
2318 161 1 23 '

1860 187 56 17 could
1924 188 35 16 not
1967 193 44 15 very
2020 185 42 19 well
2070 186 23 18 be
2103 184 89 24 expected
2198 184 20 18 to
2227 184 69 17 contri-
2318 184 1 24 i

1860 210 45 17 bute
1915 212 19 15 to
1943 210 33 16 the
1985 209 62 17 funds.
2072 209 38 16 The
2119 208 76 25 present
2209 207 88 21 premises
2318 205 1 28 1

1861 238 48 12 were
1919 232 127 19 Government
2054 233 89 21 property
2152 230 37 17 and
2197 230 38 16 had
2252 230 46 18 been
2318 230 1 24 '

1858 254 85 24 .granted
1952 256 30 17 for
1989 256 33 16 the
2031 259 79 18 purpose
2119 254 15 16 it
2142 259 39 11 was
2190 259 44 11 now
2242 253 56 22 being
2318 253 1 25 1

1861 280 35 20 put
1905 280 26 16 to.
1957 279 38 16 The
2004 277 88 22 building
2105 276 37 17 had
2155 275 84 21 recently
2252 276 46 17 been

1863 302 51 16 fresh
1923 297 87 28 shingled
2019 302 20 15 at
2047 306 11 11 a
2067 301 40 16 cost
2114 299 20 17 of
2142 299 58 16 about
2214 299 37 16 l<>
2264 299 34 18 but
2318 297 1 28 ;

1862 330 43 11 now
1925 322 87 25 required
2035 322 88 24 painting
2142 322 38 17 and
2201 322 98 17 otherwise

1863 347 118 23 renovating.

1886 371 33 16 Mr
1932 369 74 19 Seddon
2021 369 61 17 stated
2099 369 42 16 that
2157 367 78 17 tourists
2251 374 48 12 were
2318 367 1 21 '

1863 393 81 22 granted
1953 393 32 17 the
1994 393 38 17 free
2041 398 31 11 use
2081 392 20 17 of
2109 391 32 17 the
2155 390 80 23 reading
2248 397 51 12 room

1864 416 38 17 and
1910 416 73 17 availed
1991 415 111 18 themselves
2111 414 20 17 of
2138 414 16 16 it
2162 415 21 15 to
2188 419 11 11 a
2204 419 45 17 very
2255 420 44 11 eon-
2318 414 1 22 '

1865 438 91 19 siderable
1964 440 71 16 extent.
2061 438 30 16 He
2100 437 62 17 would
2176 442 51 12 more
2240 438 50 21 parti-

1865 462 72 22 cularly
1947 462 59 17 direct
2014 462 32 16 the
2055 460 102 17 Minister's
2171 461 94 16 attention
2279 463 20 15 to

1865 485 31 17 the
1906 487 49 15 state
1964 485 19 18 of
1988 485 33 18 the
2025 483 94 23 building.
2145 482 39 18 The
2189 483 111 18 Committee
2311 479 2 29 |

1864 508 39 17 had
1911 509 46 16 been
1967 515 20 10 as
1995 506 95 24 energetic
2105 512 20 11 as
2140 506 81 21 possible
2235 506 19 17 in
2270 507 20 16 in-

1865 531 86 24 creasing
1966 532 33 16 the
2015 531 72 16 income
2107 528 38 18 and
2163 529 74 22 though
2256 530 45 21 they
2311 525 2 30 !

1865 555 55 17 could
1929 560 37 17 pay
1975 554 49 17 their
2033 558 41 17 way
2083 553 44 21 they
2137 552 55 17 could
2201 554 34 15 not
2241 552 60 17 afford
2312 552 2 28 j

1865 579 19 16 to
1906 578 59 21 spend
1985 576 94 22 anything
2099 581 23 11 on
2141 574 108 24 improving
2269 575 33 17 the

1865 599 94 24 building.
1985 600 16 17 A
2016 605 41 11 sum
2074 599 20 17 of
2110 598 57 17 about
2185 597 37 19 3O
2239 598 63 17 would

1865 624 55 16 make
1940 624 16 16 it
1971 622 123 23 presentable.
2128 621 19 17 It
2164 627 38 11 was
2218 621 85 23 thought

1865 647 43 16 that
1917 647 61 16 under
1990 646 32 17 the
2039 645 144 17 circumstances
2199 651 11 10 a
2226 644 76 22 subsidy

1866 670 62 20 might
1936 669 24 17 be
1969 668 94 17 obtained.

1890 692 30 18 Sir
1928 692 77 17 Patrick
2013 691 83 22 Buckley
2106 691 39 16 said
2154 691 43 16 that
2205 697 9 10 a
2227 690 76 22 subsidy

1867 716 55 16 could
1931 715 81 21 scarcely
2020 715 23 16 be
2053 713 94 23 expected.
2174 714 19 16 If
2201 713 45 17 such
2255 719 49 10 were

1867 739 81 21 granted
1957 738 124 22 applications
2090 738 29 15 for
2127 737 70 16 similar
2202 737 102 16 assistance

1867 761 63 21 would
1945 761 42 17 flow
2004 760 18 18 in
2039 760 49 17 from
2105 766 54 16 every
2176 761 44 21 part
2235 760 20 16 of
2272 759 32 17 tho

1867 785 79 21 Colony.
1980 784 50 16 Most
2047 782 91 23 certainly
2154 783 33 17 the
2200 783 53 22 place
2266 781 39 18 had

1868 808 64 17 claims
1941 808 29 16 for
1979 806 135 17 consideration
2123 812 20 11 as
2151 806 16 17 it.
2175 806 15 17 is
2200 812 11 11 a
2220 805 72 18 Govern-

1867 833 53 14 ment
1929 830 94 22 township
2032 830 36 16 and
2082 830 23 16 lie
2119 829 61 17 would
2197 828 24 18 do
2239 833 55 16 every-

1868 854 57 22 thing
1933 854 24 16 he
1973 852 83 23 possibly
2070 852 54 18 could
2138 854 20 15 to
2174 852 56 17 assist
2246 851 58 17 them.

1868 877 20 17 If
1896 877 15 16 it
1920 882 47 11 were
1981 875 69 23 merely
2063 882 12 10 a
2087 875 87 23 question
2191 875 20 16 of
2227 873 79 24 putting

1868 900 33 17 the
1909 899 53 23 place
1972 899 20 17 in
2000 899 60 22 repair
2070 899 22 17 he
2102 899 62 16 would
2173 898 63 17 advise
2253 896 52 17 them

1868 925 21 15 to
1895 922 53 18 write
1954 924 20 15 to
1980 922 31 17 the
2018 922 82 17 Premier
2107 922 36 16 and
2149 922 23 16 he
2178 921 38 22 (Sir
2221 919 84 22 Patrick)

1869 946 64 17 would
1941 946 23 16 be
1973 945 45 22 glad
2027 946 19 16 to
2054 945 82 17 advance
2154 945 32 17 the
2201 945 69 15 matter
2287 948 20 11 as

1870 970 29 16 far
1907 975 20 11 as
1936 969 23 17 he
1968 969 60 16 could.
2047 969 30 16 He
2083 968 84 22 thought
2176 967 50 17 their
2234 966 73 21 objects

1869 992 38 17 and
1916 992 46 17 aims
1971 998 48 11 were
2025 993 49 16 most
2080 991 94 17 laudable.
2200 990 30 16 He
2237 988 58 18 under-

1858 1011 2 30 j
1870 1015 54 18 stood
1933 1016 45 21 they
1987 1014 36 18 hud
2032 1015 32 17 the
2073 1014 87 21 building
2168 1015 43 15 rent
2220 1013 43 19 free,
2270 1011 38 17 and

1870 1039 24 17 he
1903 1033 125 27 might'point
2037 1040 32 15 out
2077 1039 41 16 that
2127 1037 16 17 if
2153 1037 45 21 they
2207 1035 37 17 had
2254 1035 35 17 but
2297 1041 11 10 a

1858 1054 2 30 I
1870 1062 83 17 nominal
1963 1061 59 17 rental
2032 1062 19 17 to
2056 1066 39 18 pay
2100 1060 50 18 their
2154 1059 84 23 position
2243 1058 64 18 would

1870 1085 23 16 be
1902 1084 135 22 strengthened
2046 1090 21 12 as
2072 1084 31 18 the
2110 1083 129 17 (jrovornmilit
2246 1081 62 17 would

1870 1108 47 18 then
1925 1108 23 17 be
1957 1108 64 16 bound
2028 1109 20 15 to
2058 1108 45 22 keep
2112 1106 33 18 the
2154 1106 53 22 place
2215 1105 19 17 in
2241 1105 66 22 repair.

1894 1131 32 17 Mr
1942 1131 92 17 Williams
2047 1129 61 19 stated
2124 1129 43 17 that
2184 1129 32 16 the
2233 1129 75 21 present

1871 1155 72 16 income
1952 1153 101 19 amounted
2063 1155 18 15 to
2091 1153 58 17 about
2159 1151 43 21 4O,
2213 1151 37 17 and
2260 1152 48 15 after

1871 1177 33 18 the
1921 1183 79 16 expense
2018 1178 19 15 of
2054 1176 93 21 cleaning,
2162 1174 91 22 lighting,
2268 1174 39 21 &c.,

1859 1197 2 23 I
1872 1206 38 12 was
1918 1202 44 18 met,
1972 1201 31 17 the
2013 1200 76 18 balance
2103 1205 37 11 was
2150 1197 80 18 devoted
2242 1199 20 15 to
2277 1197 31 17 the

1859 1218 2 28 I
1872 1225 91 21 purchase
1978 1225 19 15 of
2011 1221 115 25 periodicals.
2161 1223 29 15 An
2205 1221 103 17 occasional

1872 1249 75 15 concert
1955 1247 38 17 had
2002 1246 90 24 provided
2100 1246 54 16 them
2162 1244 46 17 with
2218 1244 57 17 funds
2289 1245 19 16 to

1859 1263 2 29 !
1872 1276 78 16 procure
1959 1270 64 16 books.
2048 1269 39 18 The
2095 1268 78 17 nucleus
2180 1269 20 16 of
2207 1274 11 10 a
2224 1273 84 11 museum

1872 1300 38 10 was
1920 1294 39 16 also
1967 1293 58 21 being
2034 1291 78 19 formed.

1896 1317 30 16 Sir
1935 1316 77 18 Patrick
2019 1315 84 23 Buckley
2113 1315 39 16 said
2161 1315 24 16 he
2194 1320 37 11 was
2239 1313 69 22 glndto

1872 1340 46 18 hear
1926 1340 58 17 about
1992 1340 33 17 tho
2034 1345 90 11 museum.
2150 1338 18 16 It
2179 1343 37 11 was
2227 1344 12 10 a
2251 1338 46 16 thou-

1873 1363 55 17 sands
1937 1363 55 22 pities
2009 1362 44 17 such
2068 1369 9 9 a
2095 1362 57 21 thing
2165 1360 38 18 had
2216 1361 34 16 not
2263 1360 46 16 been

1873 1386 84 24 thought
1964 1386 21 18 of
1992 1385 65 19 before
2064 1385 55 17 when
2133 1384 74 17 curious
2220 1383 54 17 relics
2291 1383 19 16 of

1873 1409 31 18 old
1914 1410 60 17 Maori
1983 1409 31 17 life
2024 1414 47 12 were
2079 1407 57 18 much
2145 1413 50 12 more
2202 1411 106 12 numerous.

1874 1432 48 22 Still,
1933 1433 55 17 much
2003 1432 55 17 could
2070 1432 23 16 be
2107 1430 83 21 secured,
2205 1436 25 11 no
2244 1429 64 20 doubt,

1873 1461 46 13 even
1928 1462 48 11 now.
2002 1455 59 18 There
2070 1460 37 11 was
2119 1460 24 11 no
2152 1454 53 22 place
2214 1460 20 10 so
2247 1454 52 15 favor-

1873 1479 45 22 ably
1927 1479 80 17 situated
2016 1479 19 16 in
2045 1478 37 16 this
2099 1477 72 23 respect
2186 1483 20 10 as
2220 1476 89 18 Rotorua.

1873 1503 31 18 Ho
1912 1501 76 20 assured
1998 1501 31 18 the
2038 1501 111 22 deputation
2158 1500 43 17 that
2211 1500 24 16 ho
2248 1498 64 17 would

1861 1523 2 24 1
1874 1526 70 17 stretch
1953 1532 11 10 a
1974 1526 53 21 point
2035 1527 20 14 to
2064 1524 53 17 assist
2126 1524 59 16 them.

1898 1550 38 16 Tiie
1946 1548 129 17 conversation
2084 1547 45 17 then
2145 1547 76 16 became
2236 1545 75 23 general

1874 1573 37 16 and
1920 1572 37 17 had
1967 1573 91 15 reference
2067 1573 19 15 to
2096 1571 31 16 the
2137 1576 72 11 reserve
2218 1571 28 14 set
2258 1569 54 21 apart

1873 1595 21 18 in
1903 1595 31 18 the
1943 1601 40 11 new
1994 1594 92 22 township
2095 1594 30 17 for
2134 1599 91 12 museum,
2236 1592 32 17 &c.
2293 1591 19 17 If

1875 1620 14 15 it
1905 1625 47 10 were
1966 1620 33 15 not
2014 1618 79 16 suitable
2110 1616 50 18 their
2176 1616 89 19 member,
2283 1614 30 18 Sir

1875 1642 77 17 Patrick
1961 1641 88 23 thought,
2060 1641 61 22 might
2130 1640 24 15 be
2162 1639 42 17 able
2217 1641 20 15 to
2251 1639 33 21 get
2296 1637 17 17 it

1875 1665 86 21 changed
1980 1666 28 15 for
2029 1670 34 11 one
2084 1669 51 11 more
2157 1662 85 17 suitable.
2274 1661 39 17 The

1875 1688 92 18 members
1975 1688 20 17 of
2003 1687 33 18 the
2044 1686 111 23 deputation
2169 1685 73 17 seemed
2254 1686 21 16 to
2290 1684 23 17 be

1863 1709 2 24 !
1875 1717 36 12 una
1915 1717 72 12 urinous
1997 1711 17 17 in
2023 1711 33 17 the
2065 1710 76 23 opinion
2151 1709 43 17 that
2206 1709 15 17 if
2234 1715 11 10 a
2261 1714 52 10 more

1863 1731 2 26 j
1877 1735 133 17 fav.nublcsite
2013 1740 48 11 were
2067 1732 90 19 obtained
2160 1732 53 18 there
2220 1731 63 17 would
2289 1731 24 16 be

1863 1753 2 27 I
1876 1758 48 18 little
1934 1757 91 23 difficult)'
2035 1757 18 17 in
2063 1757 71 21 raising
2147 1762 11 11 a
2173 1762 41 10 sum
2230 1755 19 16 of
2264 1753 49 19 3OO

1864 1779 1 24 ,
1877 1782 28 17 for
1915 1788 7 9 :
1933 1781 69 22 library
2012 1780 36 17 and
2054 1785 86 12 museum
2147 1779 54 16 when
2208 1783 104 16 necessary.

1900 1805 38 17 Tho
1947 1804 109 23 deputation
2065 1802 83 20 thanked
2159 1802 29 17 Sir
2194 1801 76 18 Patrick
2276 1801 36 17 and

1876 1828 104 21 withdrew,
1990 1828 50 16 alter
2047 1827 74 17 mutual
2131 1825 132 23 compliments
2276 1823 38 18 had

1875 1851 47 17 been
1931 1849 116 24 exchanged.

1901 1875 28 16 On
1939 1873 94 23 Saturday
2042 1873 87 21 morning
2139 1872 29 17 Sir
2177 1871 77 18 Patrick
2269 1876 43 14 was,

1877 1899 19 16 at
1905 1898 28 16 his
1943 1903 41 11 own
1994 1898 79 22 request,
2083 1896 64 16 shown
2158 1901 44 11 over
2210 1895 32 17 the
2251 1893 51 17 build-

1877 1921 33 21 ing
1920 1921 25 22 by
1960 1921 32 17 the
2007 1922 96 20 Secretary
2119 1919 42 16 who
2174 1917 87 24 supplied
2275 1917 39 17 him

1878 1944 44 18 with
1932 1944 25 17 all
1966 1943 120 18 information
2096 1942 104 24 regarding
2213 1941 32 17 the
2259 1940 45 17 insti-

1877 1969 40 15 tute!
1926 1968 36 16 and
1980 1967 30 17 the
2025 1968 84 17 outcome
2127 1966 20 17 of
2162 1965 38 17 this
2213 1964 15 17 is
2245 1964 41 18 that
2304 1969 10 12 a

1877 1991 56 17 letter
1941 1990 33 18 has
1983 1990 47 18 been
2038 1988 100 19 addressed
2152 1989 19 17 to
2187 1989 31 16 the
2232 1987 83 17 Premier

1877 2014 68 21 asking
1955 2014 28 18 for
1992 2020 10 10 a
2011 2020 41 10 sum
2061 2013 19 16 of
2098 2011 37 19 25
2152 2018 20 10 or
2187 2010 38 19 3O
2241 2011 29 16 for
2282 2010 32 17 the

1865 2034 2 26 I
1878 2038 61 22 repair
1948 2037 19 18 of
1982 2037 31 17 tho
2030 2035 93 24 premises.
2157 2034 86 17 Another
2260 2034 55 17 letter

1865 2053 2 25 I
1877 2062 20 15 to
1904 2060 32 18 the
1946 2060 86 17 Minister
2040 2060 21 17 of
2068 2059 65 17 Lands
2142 2058 43 17 asks
2194 2058 42 17 that
2243 2057 72 17 thesite

1877 2090 24 11 on
1911 2084 59 17 Block
1979 2084 27 16 VI
2016 2084 29 16 for
2053 2089 11 11 a
2079 2082 88 17 Museum
2181 2081 37 17 and
2235 2080 80 23 Library

1877 2107 68 17 should
1964 2107 24 17 be
2008 2105 111 23 exchanged
2140 2105 29 17 for
2190 2104 79 17 another
2291 2109 24 11 on

1877 2130 59 17 Block
1956 2130 22 17 V.
2004 2130 20 17 It
2039 2129 15 16 is
2075 2128 79 22 pointed
2174 2129 34 15 out
2224 2127 44 17 that
2282 2126 33 17 the

1878 2154 70 16 former
1955 2154 35 15 site
1999 2152 62 17 would
2068 2152 73 22 require
2157 2156 23 12 an
2192 2149 124 23 expenditure

1879 2177 19 16 of
1907 2176 70 17 several
1985 2175 86 18 hundred
2086 2173 75 25 pounds
2176 2175 29 15 for
2218 2173 97 22 drainage,

1858 2197 1 24 '
1879 2200 38 21 &c,
1927 2199 37 17 and
1974 2199 42 17 that
2025 2204 19 12 as
2057 2199 32 16 the
2105 2197 112 18 Committee
2230 2197 49 21 hope
2296 2197 20 16 to

1879 2229 44 10 soon
1932 2223 23 16 be
1964 2223 18 16 in
1992 2229 10 10 a
2011 2222 81 23 position
2107 2223 19 15 to
2141 2223 50 14 erect
2205 2227 10 10 a
2229 2219 88 21 building

1879 2246 45 23 thoy
1933 2252 30 11 are
1976 2246 79 16 anxious
2070 2247 19 15 to
2105 2245 48 17 have
2171 2244 31 17 the
2220 2243 96 20 exchange

1879 2269 83 18 effected.
1988 2269 25 17 At
2022 2269 31 17 the
2062 2274 51 11 same
2126 2268 45 16 time
2186 2267 44 22 thoy
2246 2265 22 18 do
2283 2268 34 15 not

1879 2293 46 16 wish
1934 2294 19 16 to
1964 2292 55 17 stand
2027 2292 19 17 in
2054 2291 32 17 the
2097 2297 41 16 way
2152 2291 19 16 of
2186 2291 32 16 the
2232 2289 73 22 applica-

1858 2312 1 26 -1
1879 2316 40 17 tiou
1928 2315 54 18 made
1990 2316 26 22 by
2025 2316 30 16 Mr
2064 2316 20 16 C.
2094 2314 91 22 Malfroy,
2192 2313 50 17 their
2251 2312 54 18 Chair-

1880 2345 48 14 man,
1950 2340 30 16 for
1996 2345 11 11 a
2023 2338 34 18 site
2075 2344 24 11 on
2120 2338 32 16 the
2169 2337 64 22 public
2250 2341 66 18 square

1880 2363 85 22 opposite
1973 2362 31 17 the
2014 2363 45 16 Post
2074 2362 63 18 Office,
2154 2360 66 18 should
2235 2359 45 17 such
2294 2359 23 17 be

1858 2385 1 23 '
1880 2385 76 18 decided
1966 2391 50 17 upon
2024 2385 25 23 by
2059 2385 31 16 the
2100 2385 134 17 Government.

1858 2432 1 17 !
1979 2432 60 17 TOWX
2053 2432 167 17 IMPROVEMENTS.

1903 2465 16 16 A
1937 2463 110 24 deputation
2061 2464 20 17 of
2098 2463 92 17 residents
2207 2462 110 18 afterwards

1858 2486 1 23 '.
1880 2488 68 17 waited
1958 2494 23 11 on
1990 2488 32 17 tho
2038 2487 84 18 Colonial
2139 2486 98 23 Secretary
2251 2487 19 16 to
2286 2486 31 21 lay

1880 2512 63 16 before
1952 2511 38 17 him
2007 2510 69 18 certain
2090 2511 78 16 matters
2182 2509 90 22 affecting
2286 2509 31 18 tho

1858 2533 1 25 '
1880 2533 106 25 prosperity
1995 2535 20 17 of
2023 2535 32 16 the
2068 2535 53 15 town
2136 2533 37 16 and
2188 2534 20 15 to
2223 2538 54 11 crave
2289 2533 29 16 bis

1880 2559 101 16 assistance
1989 2557 19 17 in
2017 2558 72 21 respect
2106 2556 79 18 thereto.
2216 2556 38 17 The
2268 2556 40 17 sani-

1880 2583 44 21 tary
1943 2581 96 17 condition
2060 2582 19 15 of
2100 2580 32 17 the
2153 2581 51 15 town
2221 2585 38 11 was
2278 2580 41 16 first

1858 2597 1 28 '
1881 2604 76 18 alluded
1965 2606 20 15 to
1994 2604 38 18 and
2040 2603 32 18 tho
2080 2603 93 22 necessity
2179 2603 60 16 which
2248 2603 71 16 existed

1858 2626 1 23 u
1881 2629 29 17 for
1919 2628 70 21 having
1998 2628 37 16 this
2044 2629 70 15 matter
2122 2626 91 17 attended
2221 2627 20 15 to
2255 2626 64 17 before

1858 2646 1 23 '
1881 2653 46 16 next
1936 2651 68 17 tourist
2016 2657 71 11 season.
2114 2650 38 16 The
2166 2655 72 11 owners
2253 2650 21 16 of
2286 2649 33 17 the

1858 2672 1 19 '
1881 2675 60 16 hotels
1951 2674 18 17 in
1979 2680 63 11 course
2051 2674 20 16 of
2080 2673 81 17 erection
2175 2672 73 18 seemed
2261 2674 20 15 to
2296 2672 23 17 he

1858 2692 2 25 [
1881 2698 48 18 alive
1943 2699 19 15 to
1977 2698 31 16 the
2026 2697 91 17 situation
2133 2696 38 17 and
2188 2702 47 10 were
2253 2696 66 20 taking

1881 2723 51 21 steps
1949 2723 19 15 to
1985 2721 49 17 meet
2049 2721 21 19 it,
2085 2720 36 17 but
2134 2726 11 11 a
2160 2724 73 18 sewage
2246 2719 73 18 scheme

1858 2742 1 28 j'
1882 2745 60 16 which
1952 2744 55 17 could
2012 2744 23 17 be
2040 2743 97 22 generally
2145 2742 82 22 adopted
2234 2742 85 23 required

1881 2770 20 15 to
1910 2768 23 17 be
1942 2767 119 17 formulated.
2088 2767 29 16 Sir
2131 2766 76 17 Patrick
2221 2765 98 23 expressed

1881 2791 76 18 himself
1966 2797 19 11 as
1995 2790 56 23 being
2065 2790 50 22 fully
2128 2794 61 13 aware
2205 2789 19 16 of
2239 2789 31 16 the
2283 2789 27 16 ini-

1858 2812 2 25 '
1882 2816 89 21 portance
1980 2815 20 16 of
2007 2814 32 17 the
2053 2815 74 15 matter.
2160 2813 30 16 He
2205 2812 114 17 understood

1858 2835 3 25 ;
1882 2838 43 17 that
1939 2837 32 17 the
1987 2837 93 17 attention
2098 2836 20 17 of
2134 2836 32 17 the
2183 2836 58 17 Town
2257 2835 62 18 Board

1858 2856 3 22 f
1882 2861 63 17 would
1953 2861 23 16 be
1985 2860 65 17 drawn
2059 2862 20 14 to
2089 2860 11 16 it
2112 2860 20 16 in
2141 2859 32 17 the
2184 2864 41 12 new
2239 2858 70 18 instruc-

1858 2879 3 26 l
1882 2884 49 18 tions
1941 2884 59 17 which
2011 2889 47 12 wore
2067 2883 58 20 being
2133 2882 92 23 prepared
2235 2882 28 16 for
2272 2882 47 16 their

1858 2902 3 27 '"
1882 2907 98 22 guidance.
2006 2907 38 17 The
2053 2902 64 22 Board
2122 2911 49 13 were
2176 2905 77 23 already
2260 2911 59 12 aware

1858 2928 2 23 3
1882 2931 87 17 however
1977 2930 20 18 of
2005 2930 32 17 the
2047 2930 76 21 gravity
2133 2930 19 15 of
2161 2929 32 16 the
2202 2928 89 17 situation
2301 2929 18 16 in

1858 2952 3 24 '
1883 2954 37 17 this
1937 2955 77 21 respect.
2042 2953 40 17 The
2098 2959 42 11 new
2157 2952 61 16 wharf
2235 2952 37 16 and
2289 2952 30 16 the

1883 2977 84 23 carriage
1975 2977 46 17 road
2029 2978 20 15 to
2058 2977 33 16 the
2100 2976 78 16 summit
2193 2975 20 16 of
2227 2975 79 21 Ngongo-

1858 2998 3 20 '"
1883 3000 45 18 taha
1937 3006 48 11 were
1994 3000 38 17 iriso
2041 2999 83 17 referred
2133 3001 19 15 to
2161 2998 36 17 and
2208 2998 31 17 the
2254 2998 55 17 Minis-

1858 3018 3 24 -1
1884 3024 29 17 tor
1925 3024 62 16 stated
1999 3024 43 16 that
2056 3023 33 16 the
2104 3022 91 17 residents
2209 3022 61 20 might
2284 3022 35 17 rest

1858 3045 3 23 0
1884 3046 81 18 satisfied
1974 3047 43 17 that
2025 3046 32 18 tho
2067 3046 90 22 promises
2166 3046 20 16 of
2195 3045 33 17 the
2237 3045 71 17 Govcrn-

1858 3065 4 26 -1
1884 3071 52 17 ment
1943 3071 21 16 in
1971 3070 52 18 these
2041 3071 82 20 respects
2138 3068 63 18 would
2214 3067 23 18 be
2251 3067 68 19 carried

1858 3094 3 16 1
1884 3095 38 15 out.

1930 3158 50 17 THE
1989 3158 58 17 NEW
2057 3157 123 18 SULPHUR
2189 3156 82 18 BATHS.

1872 3203 3 19 I
1908 3205 11 5 -
1962 3204 14 9 r,
1984 3203 3 19 .
1997 3203 137 15 ..<JI-w-fT
2275 3208 37 14 we,;.

1890 3217 92 18 The2now
1999 3224 80 15 uuip...u
2099 3216 59 17 Batns
2189 3216 1 23 .

1867 3240 71 20 odoikkl
1947 3242 19 15 to
1976 3240 32 18 the
2016 3239 65 23 public
2085 3239 39 18 last
2129 3239 52 18 week
2185 3239 22 18 in
2211 3244 24 12 an
2244 3239 50 16 infor-

1867 3264 38 18 mal
1914 3269 77 12 manner
2002 3263 25 23 by
2036 3262 29 19 Sir
2079 3262 76 19 Patrick
2169 3261 84 23 Buckley
2268 3262 36 17 and

1867 3287 32 18 Mr
1906 3286 83 19 William
1997 3285 64 24 Kelly,
2070 3285 88 22 M.H.E.,
2175 3291 31 12 arc
2220 3290 19 12 us
2255 3287 50 15 most

1868 3311 19 17 of
1897 3316 33 12 our
1938 3309 74 19 readers
2020 3309 55 17 know
2085 3308 83 18 situated
2176 3308 59 18 about
2245 3308 41 18 half
2295 3315 7 9 :i

1868 3333 42 18 mile
1922 3335 19 15 to
1950 3333 33 17 the
1990 3333 56 16 south
2053 3332 20 18 of
2079 3332 32 18 the
2119 3332 76 17 Priest's
2204 3331 56 21 Biith,
2269 3332 36 17 and

1868 3362 45 13 near
1917 3356 33 18 tho
1955 3356 52 23 large
2016 3356 80 22 sulphur
2104 3354 83 24 deposits
2194 3360 25 13 on
2223 3354 32 18 the
2264 3354 41 17 lake

1868 3380 60 17 shore.
1942 3379 31 18 On
1981 3385 54 16 every
2044 3378 52 18 hand
2105 3384 35 11 can
2146 3378 23 18 bo
2178 3384 43 11 seen
2229 3377 66 19 eviden-

1869 3409 29 12 ces
1907 3403 20 17 of
1935 3403 66 24 strong
2009 3401 155 21 thormalaction,
2172 3401 37 17 and
2218 3401 51 17 there
2275 3408 31 10 are

1868 3426 66 23 plenty
1943 3426 20 17 of
1971 3425 113 18 indications
2089 3424 44 18 that
2143 3424 68 17 should
2222 3424 32 17 tho
2262 3430 33 16 sup-

1868 3450 33 22 ply
1913 3455 36 11 run
1961 3449 53 17 short
2027 3450 19 15 at
2059 3448 32 17 tho
2104 3453 41 12 now
2158 3448 57 17 baths
2226 3448 52 16 there
2291 3448 15 16 is

1870 3472 61 23 ample
1940 3471 123 23 opportunity
2072 3472 30 16 for
2110 3470 107 23 increasing
2221 3470 21 18 it.
2268 3470 38 18 The

1870 3496 30 17 old
1909 3496 116 16 Postmaster
2032 3494 46 18 bath
2088 3494 34 17 has
2134 3496 34 15 not
2176 3495 47 16 been
2232 3493 75 18 utilised

1870 3526 19 9 as
1899 3519 20 18 at
1926 3519 43 16 first
1976 3517 93 23 supposed
2078 3517 62 17 would
2150 3517 23 16 he
2178 3517 33 17 the
2216 3523 47 12 case,
2270 3516 37 17 and

1870 3543 24 16 its
1903 3542 68 17 waters
1978 3547 43 11 now
2030 3547 35 10 run
2074 3540 73 18 unused
2162 3540 40 17 into
2217 3540 32 17 the
2258 3540 48 17 lake.

1870 3566 39 16 The
1918 3565 55 17 Vaux
1980 3564 47 17 hath
2035 3563 41 22 has,
2086 3563 92 19 however,
2193 3563 47 17 been
2253 3563 54 17 made

1870 3588 97 18 available,
1977 3587 43 19 and,
2034 3587 74 18 indeed,
2124 3587 59 17 forms
2194 3592 35 11 one
2242 3587 21 16 of
2275 3586 33 17 the

1870 3611 52 17 three
1932 3610 66 17 within
2006 3610 33 17 the
2053 3610 96 17 enclosure
2166 3611 28 15 set
2210 3611 55 21 apart
2279 3610 29 16 for

1870 3634 64 17 ladies.
1960 3634 43 16 This
2009 3632 46 18 bath
2061 3633 16 17 it
2086 3639 43 14 may
2136 3632 23 18 bo
2168 3632 112 23 interesting
2288 3634 20 15 to

1870 3658 57 16 know
1936 3663 37 11 was
1990 3656 40 17 first
2048 3655 75 19 dubbed
2140 3655 33 18 the
2190 3655 55 17 Alum
2261 3655 48 17 bath

1872 3687 22 10 on
1901 3680 79 18 account
1988 3679 18 18 of
2013 3679 71 18 certain
2090 3679 109 23 properties,
2206 3678 34 18 hut
2248 3684 10 12 a
2265 3684 45 17 year

1872 3710 21 10 or
1904 3704 37 17 two
1950 3708 42 17 ago,
2002 3703 52 16 "'hen
2063 3702 29 18 Sir
2096 3702 65 18 James
2166 3702 72 18 Hector
2242 3701 68 18 visited

1872 3726 33 18 tho
1912 3726 54 23 place
1973 3724 37 19 and
2025 3725 98 22 expressed
2138 3724 76 18 himeolf
2228 3725 81 17 salislied

1875 3750 41 17 that
1923 3750 15 16 it
1947 3747 100 20 contained
2056 3748 87 18 valuable
2148 3747 78 19 minora]
2233 3754 66 16 proper-

1872 3773 35 16 ties
1915 3773 16 16 it
1940 3778 38 11 was
1986 3771 93 24 proposed
2088 3773 20 16 to
2117 3771 113 22 distinguish
2240 3772 16 16 it
2264 3771 45 18 with

1873 3796 28 17 his
1911 3801 59 12 name.
1996 3795 50 20 This,
2060 3795 92 18 however,
2175 3795 24 16 he
2219 3793 88 22 declined,

1873 3814 38 23 and
1919 3819 28 17 T)r
1964 3817 85 21 Grinders,
2060 3818 45 18 also,
2115 3819 35 16 not
2162 3818 58 21 being
2228 3817 83 17 desirous

1874 3843 19 16 of
1901 3842 72 22 having
1981 3841 76 17 himself
2069 3841 76 17 handed
2162 3841 54 16 down
2234 3843 19 14 to
2266 3846 33 17 pos-

1874 3861 57 27 terity
1941 3865 20 17 in
1970 3864 37 17 this
2017 3869 84 16 manner,
2117 3865 16 16 it
2150 3870 38 10 was
2205 3863 105 18 christened

1980 3888 48 16 after
2037 3894 11 10 a
2054 3887 61 18 friend
2125 3887 19 17 of
2154 3887 29 17 Sir
2191 3886 68 18 James'
2270 3886 42 18 who

1874 3917 38 12 was
1921 3911 80 22 present,
2008 3910 38 18 and
2054 3911 44 17 who
2105 3916 36 11 was
2147 3916 10 10 a
2163 3911 84 15 men,her
2255 3911 20 15 of
2281 3909 31 17 the

1875 3934 83 18 Duchoss
1966 3934 20 16 of
1992 3933 149 24 Buckingham's
2152 3933 47 17 suite
2208 3933 45 16 then
2260 3934 42 20 stay-

1875 3958 33 22 ing
1917 3959 19 16 at
2157 3957 25 16 At
2191 3956 32 17 the
2240 3956 44 16 time
2294 3956 18 16 of

1875 3981 32 17 tho
1912 3980 79 18 writer's
1997 3980 51 21 visit,
2056 3980 40 22 just
2103 3980 51 22 prior
2159 3980 20 16 to
2185 3979 32 17 the
2223 3978 89 23 opening,

1875 4005 32 16 the
1915 4005 128 20 temperature
2052 4003 20 17 of
2080 4003 32 17 the
2121 4003 36 17 No.
2169 4003 8 16 1
2188 4002 45 17 hath
2245 4008 24 11 on
2282 4003 30 16 the

1876 4027 63 17 ladies'
1950 4027 38 16 side
1999 4026 54 17 stood
2062 4027 21 16 at
2093 4027 38 19 108,
2141 4026 37 17 No.
2188 4026 10 16 2
2207 4025 20 18 at
2238 4025 33 18 lOC
2277 4024 35 18 and

1877 4051 31 16 the
1919 4050 61 21 larger
1988 4055 35 11 one
2032 4050 21 16 at
2074 4050 37 15 110.
2149 4049 39 16 The
2204 4048 73 17 bottom
2295 4047 17 18 of

1873 4073 49 17 each
1931 4072 47 18 bath
1984 4072 15 16 is
2009 4073 20 16 of
2037 4072 76 17 natural
2122 4071 108 21 formation,
2238 4070 74 18 covered

1877 4096 46 17 with
1933 4102 24 10 an
1965 4095 43 17 inch
2018 4101 21 11 or
2047 4097 39 15 two
2094 4095 20 17 of
2120 4095 70 22 gravel,
2199 4095 21 16 in
2226 4095 32 16 the
2267 4099 45 13 same

2319 97 79 12 manner
2405 96 20 12 as
2434 89 31 17 the
2474 89 77 16 Priest's
2559 89 52 17 bath.
2637 89 38 17 The
2681 87 75 19 smaller

2319 115 56 16 baths
2383 119 31 12 are
2424 112 28 18 Bft
2460 118 12 11 x
2483 110 47 24 lOftJ
2537 112 36 17 and
2583 112 62 21 larger
2652 117 34 13 one
2695 111 39 17 24ft
2744 117 10 10 x

2322 138 43 20 12ft,
2376 136 36 19 and
2422 132 69 21 011-'aro.
2495 135 31 17 3ft
2533 132 57 25 deep.'
2615 136 39 16 The
2669 134 86 18 overflow

2320 161 58 17 water
2386 160 16 16 is
2411 157 71 19 earned
2491 163 53 16 away
2552 157 25 21 by
2586 164 11 12 a
2609 158 30 17 9in
2653 157 49 23 pipe,
2719 156 37 18 rnd

2320 190 20 10 us
2349 184 31 16 the
2397 181 98 23 dischargo
2500 180 19 18 is
2527 181 55 23 equal
2589 182 20 17 to
2623 180 88 23 TOOOgaLs
2722 185 35 17 per

2320 206 53 19 hour,
2389 213 10 9 a
2417 204 111 18 continuous
2544 204 127 22 rapl'enisbing
2688 204 20 16 of
2723 202 33 17 the

2321 230 58 17 water
2386 228 54 18 takes
2448 226 59 23 place.
2533 227 17 17 A
2559 227 76 18 natural
2651 226 69 17 eveviee
2737 225 17 17 in

2321 252 31 17 the
2361 250 101 20 formation
2471 249 78 18 extends
2558 250 31 18 the
2598 250 61 18 whole
2665 248 67 23 length
2738 248 20 17 of

2321 275 52 17 those
2380 280 42 11 new
2431 272 62 19 baths,
2503 272 37 18 and
2549 274 47 16 from
2607 274 38 17 this
2653 273 33 16 the
2700 272 58 16 water

2321 303 35 12 can
2365 298 23 17 be
2395 295 126 23 seenJ'-sru'ng
2538 297 63 22 freely.
2638 295 64 18 Water
2718 293 40 19 also

2322 320 77 17 bubbles
2409 324 25 17 up
2444 319 48 17 from
2500 319 74 18 various
2584 320 75 22 springs
2667 316 65 20 struck
2737 316 20 17 in

2323 344 31 16 tho
2364 348 63 12 course
2436 342 20 17 of
2464 342 116 18 excavation.
2613 343 59 16 There
2681 346 31 11 are
2725 341 33 15 ten
2768 341 2 19 i

2322 366 157 22 dressing-rooms
2488 365 65 17 within
2565 366 43 17 c::h
2622 364 102 19 enclosure,
2737 367 21 13 so

2322 390 31 16 the
2360 387 158 19 accommodation
2532 388 15 18 is
2552 387 110 24 practically
2672 385 75 19 unlimit-

2323 411 28 22 ed,
2364 411 82 23 judging
2461 411 46 17 from
2525 414 73 20 prosint
2616 409 141 23 rapiiremonts.

2323 435 39 18 The
2369 434 123 23 gentlemen's
2500 434 56 18 baths
2563 440 31 12 are
2601 434 71 17 similar
2677 432 19 16 in
2704 437 55 16 every
2768 429 2 30 j

2323 458 71 22 respect
2403 458 20 16 to
2432 457 52 17 these
2492 457 39 22 jst
2542 456 102 19 described.
2663 455 39 17 The
2710 455 36 17 tem-

2323 480 88 23 perature
2419 479 53 18 there
2481 480 120 23 ranges'from
2614 480 31 16 107
2654 479 19 17 to
2684 478 31 16 112
2725 477 34 17 but

2323 504 38 16 this
2370 508 34 12 can
2413 503 23 16 be
2445 503 59 17 raised
2519 507 18 14 at
2554 503 92 23 pleasure,
2666 501 37 16 and
2720 501 39 16 also

2324 525 79 18 lowered
2414 527 19 15 to
2442 531 11 12 a
2462 527 70 16 certain
2540 527 65 16 extent
2614 525 18 17 in
2643 524 32 17 the
2686 524 63 17 follow-

2324 549 34 22 ing
2366 554 78 12 manner
2451 554 9 12 :-
2480 550 51 16 Each
2540 550 45 16 hath
2592 548 34 18 has
2633 554 8 10 u
2650 547 56 17 sluice
2715 552 33 12 con-

2324 571 65 18 nected
2399 571 45 18 with
2453 578 11 11 a
2472 573 95 20 reservoir,
2580 573 49 15 from
2637 570 123 18 whichissues

2325 595 32 17 the
2366 594 86 18 overflow
2461 595 48 23 pipe.
2535 596 19 17 If
2563 601 10 12 a
2584 595 75 22 greater
2668 593 43 18 heat
2721 592 40 18 isro

2325 617 65 24 quired
2400 618 32 17 the
2441 618 55 18 sluice
2506 620 15 15 is
2539 616 78 25 opened,
2635 616 37 18 and
2688 616 73 22 boiling

2326 642 58 15 water
2399 641 53 17 takes
2467 642 32 16 the
2515 642 53 23 place
2585 640 20 18 of
2619 640 42 17 that
2678 639 81 21 elected;

2326 664 54 17 when
2389 663 31 18 the
2430 664 55 18 sluice
2494 665 15 17 is
2519 665 44 17 shut
2572 663 32 17 the
2613 662 63 17 inflow
2685 663 19 17 to
2720 661 42 18 that

2326 686 103 23 particular
2435 688 46 17 bath
2493 688 17 17 is
2518 686 81 24 stoppod
2606 687 21 16 to
2635 692 11 11 a
2662 686 53 22 great
2728 691 22 11 ex-

2326 711 47 17 tent,
2381 710 37 17 and
2425 711 31 16 the
2463 712 57 16 water
2526 710 49 18 cools
2580 709 102 22 naturally.
2690 709 15 16 A
2712 707 40 19 cool-

2326 732 33 23 ing
2368 733 45 17 tank
2421 733 36 19 will
2464 734 23 17 bo
2493 733 72 17 erected
2572 733 19 17 in
2598 732 36 16 due
2641 732 44 17 time
2692 733 19 15 to
2721 732 30 16 fur-

2327 755 43 17 ther
2378 756 87 17 facilitate
2475 757 37 17 this
2521 761 80 19 proccsr.
2620 755 38 18 The
2667 757 50 15 town
2724 761 26 10 wa-

2327 780 29 15 ter
2361 780 66 22 supply
2435 780 36 17 will
2481 780 40 17 also
2527 780 23 15 he
2557 778 74 18 utilised
2639 778 29 17 for
2676 778 32 17 the
2717 783 34 17 pur-

2327 806 45 17 pose
2377 802 21 18 of
2401 802 176 23 providingdouchc
2582 801 37 18 and
2626 801 71 19 shower
2699 801 63 17 baths.

2328 825 67 18 Before
2402 825 32 19 the
2443 832 82 12 summer
2533 826 38 16 sots
2578 825 19 17 in
2614 825 15 16 it
2642 825 16 16 is
2674 823 89 19 intended

2328 848 20 17 to
2356 849 50 18 erect
2413 855 11 11 a
2431 848 112 19 shade-roof
2551 853 43 12 over
2611 848 25 17 all
2652 848 33 17 the
2700 848 63 15 lmths.

2328 871 39 17 Tin:
2375 872 94 17 Saddler's
2476 872 56 19 Bath,
2542 872 74 16 further
2624 871 62 17 north,
2702 870 60 16 which

2328 900 38 11 was
2374 895 66 17 named
2450 896 50 16 after
2508 900 34 12 our
2548 894 29 16 old
2585 896 105 15 townsman
2699 894 31 16 Mr
2738 894 25 16 11.

2329 917 21 18 L.
2360 917 115 24 McFadyoh,
2486 924 44 16 may
2538 917 23 17 be
2571 916 63 19 drawn
2641 923 50 15 upon
2697 918 21 15 at,
2726 922 37 16 any

2328 941 45 18 tame
2381 942 17 17 if
2404 942 34 17 the
2448 941 70 23 supply
2535 940 19 18 of
2571 943 58 14 water
2645 940 67 17 should
2729 945 36 11 run

2329 964 58 20 short,
2394 964 36 18 but
2438 964 38 18 this
2493 964 16 18 is
2517 969 11 12 a
2545 966 70 14 remote
2632 963 131 22 contingency.

2329 988 84 16 Another
2421 994 73 10 reserve
2502 987 16 16 is
2527 987 82 17 afforded
2617 987 25 22 by
2649 987 32 17 the
2688 986 64 17 Matua-

2330 1010 59 24 tonga
2396 1011 46 16 bath
2452 1016 22 13 on
2485 1016 11 11 a
2504 1009 68 24 higher
2580 1010 54 17 level.
2667 1008 44 19 This
2720 1015 33 10 con-

2330 1034 48 16 tains
2387 1034 81 17 alkaline
2477 1033 103 23 properties
2585 1033 104 18 somewhat
2693 1032 73 19 similar

2330 1058 19 15 to
2359 1057 32 17 the
2399 1056 77 19 Rachel,
2486 1056 35 17 but
2531 1062 50 11 more
2591 1056 75 21 heavily
2683 1055 83 23 charged

2330 1081 45 15 with
2385 1086 39 16 gas.
2458 1080 38 16 The
2513 1080 125 22 temperature
2647 1080 20 16 of
2676 1079 31 17 the
2715 1078 50 17 main

2331 1103 65 24 spring
2405 1103 14 17 is
2429 1104 38 17 172.
2478 1109 21 10 or
2507 1104 23 15 -10
2539 1102 76 24 degrees
2624 1103 60 16 below
2693 1101 73 23 boiling

2331 1126 58 22 point,
2399 1127 34 16 but
2443 1133 19 10 as
2471 1126 16 16 it
2495 1126 16 17 is
2519 1126 70 22 always
2599 1126 19 17 in
2627 1133 11 10 a.
2654 1125 47 24 high
2718 1126 48 16 state

2331 1150 19 16 of
2359 1150 132 17 effervescence
2500 1149 14 17 it
2524 1149 51 22 gives
2584 1150 11 16 it
2605 1149 28 17 thr
2651 1153 115 18 appearance

2331 1173 20 17 of
2358 1173 57 22 being
2423 1173 20 16 in
2452 1180 11 9 a
2471 1173 74 21 boiling
2553 1173 101 16 condition.
2669 1171 50 18 Near
2723 1171 44 18 bore

2331 1202 27 11 we
2368 1196 40 17 also
2425 1198 48 17 have
2490 1196 32 17 the
2538 1196 67 18 Twins,
2624 1195 73 20 Gemini
2713 1194 52 19 bath,

2331 1220 67 16 named
2404 1222 26 22 by
2436 1221 31 17 Mr
2473 1220 115 23 McFadycn,
2596 1225 28 12 am
2630 1218 2 26 [
2639 1227 24 10 on
2672 1218 32 17 the
2709 1218 57 17 beach

2331 1242 85 21 between
2423 1245 34 17 the
2466 1244 108 18 Sanatoium
2585 1242 84 24 grounds
2681 1242 38 16 and
2736 1242 32 16 the

2331 1272 42 12 new
2392 1269 46 16 bath
2464 1268 59 16 house
2546 1268 31 16 the
2606 1267 31 16 old
2667 1265 99 18 .Stonewall

2331 1289 88 24 Jackson,
2431 1297 35 11 one
2476 1291 19 17 of
2504 1291 32 16 the
2549 1291 73 16 earliest
2638 1289 57 17 baths
2711 1288 19 17 in
2736 1288 32 17 the

2331 1314 79 19 district.
2433 1315 23 16 In
2465 1315 46 17 fact,
2521 1315 31 16 the
2560 1314 60 16 whole
2628 1312 48 17 wide
2685 1312 33 17 flat
2725 1312 43 16 hen:

2331 1339 16 16 is
2356 1338 78 17 covered
2443 1338 46 16 with
2499 1339 57 15 water
2566 1336 66 19 caused
2641 1336 26 21 by
2673 1336 33 16 the
2716 1340 42 11 over-

2332 1362 44 16 flow
2384 1362 48 16 from
2443 1361 31 16 the
2485 1367 72 11 sources
2566 1359 113 18 mentioned,
2698 1358 37 17 and
2744 1357 25 23 by

2333 1390 100 13 numerous
2438 1383 127 24 independent
2570 1383 75 23 springs
2649 1381 62 18 which
2720 1381 36 17 bub-

2331 1408 32 17 ble
2372 1414 26 16 \ip
2406 1408 115 21 ceaselessly,
2531 1408 44 17 here
2580 1406 36 18 and
2626 1406 57 17 there,
2692 1411 22 10 on
2721 1404 49 17 their

2333 1437 42 12 own
2384 1432 85 16 account.
2507 1431 38 17 The
2554 1437 42 10 area
2613 1429 44 18 will,
2669 1434 25 12 no
2702 1426 66 22 doubt,

2333 1454 92 22 someday
2429 1454 23 18 be
2458 1453 100 19 converted
2561 1454 40 17 into
2608 1458 33 13 one
2648 1453 52 19 large
2707 1451 52 18 swira-

2333 1477 98 23 ing-batn.
2456 1477 39 17 The
2504 1477 45 17 bath
2558 1477 66 17 houses
2632 1476 37 17 and
2678 1475 48 16 their
2736 1480 22 15 ap-

2333 1502 124 22 purtenances
2466 1500 48 17 have
2522 1501 45 16 been
2582 1499 71 18 erected
2670 1498 60 17 under
2739 1498 31 16 the

2334 1524 116 21 supervision
2462 1524 19 16 of
2490 1524 31 16 Mr
2537 1523 72 18 Purcell
2627 1523 42 16 who
2687 1526 43 17 may
2747 1521 23 16 be

2335 1547 144 20 complimented
2489 1553 23 11 on
2522 1547 28 17 his
2559 1547 92 17 excellent
2660 1545 57 16 work.

2358 1571 38 16 The
2405 1570 86 22 analyses
2500 1571 19 16 of
2527 1571 32 16 the
2568 1570 73 17 various
2653 1568 56 18 baths
2718 1573 39 12 mon-

2335 1589 125 22 tioncdabov'o
2468 1594 54 17 arcof
2524 1594 84 17 interest.
2612 1592 40 18 The
2654 1590 116 20 Waikirihou

2335 1623 21 11 or
2366 1617 52 17 Vans
2432 1617 46 17 bath
2497 1617 83 17 contains
2598 1623 8 9 a
2625 1615 55 18 much
2697 1616 75 20 greater

2336 1640 88 23 quantity
2432 1641 20 16 of
2460 1639 74 21 potash,
2545 1639 101 22 magnesia,
2657 1639 40 17 iron
2707 1637 64 17 oxides

2336 1664 36 17 nnd
2382 1664 96 22 sulphuric
2499 1664 39 16 acid
2559 1664 45 17 than
2627 1663 59 16 either
2704 1661 19 16 of
2739 1661 33 16 the

2337 1688 67 16 others.
2431 1687 17 17 Tt
2458 1687 21 17 is.
2486 1687 101 20 according
2596 1688 18 14 to
2624 1693 8 9 a
2641 1686 61 16 recent
2710 1686 62 20 report

2335 1710 26 22 by
2370 1710 27 17 Dr
2414 1709 85 19 Grinders.
2552 1710 32 17 the
2605 1710 94 20 strongest
2714 1707 58 17 acidic,

2336 1735 58 15 water
2401 1733 19 17 in
2430 1733 32 17 the
2472 1733 78 19 district,
2566 1733 36 17 and
2620 1733 49 16 most
2685 1731 87 17 valuable

2336 1763 20 10 as
2365 1763 10 10 a,
2384 1756 47 18 local
2441 1757 113 21 application
2565 1757 19 16 to
2596 1755 92 18 rhumatic
2706 1761 20 10 or
2742 1755 20 15 in-

2335 1780 55 22 jured
2399 1780 65 21 joints,
2474 1780 40 17 but.
2523 1780 30 17 for
2561 1780 32 17 the
2599 1778 107 18 immersion
2714 1778 20 16 of
2740 1777 33 17 the

2336 1803 60 17 whole
2405 1803 56 21 body,
2469 1803 97 23 rcquiiine
2574 1803 32 16 the
2611 1803 72 17 utmost
2688 1807 42 11 care
2735 1801 38 16 and

2442 1827 106 20 According
2554 1828 19 15 to
2580 1826 31 17 tin-
2617 1831 50 12 same
2676 1824 97 22 authority

2337 1850 31 17 the
2378 1850 132 21 Matuatouga.
2521 1856 21 11 or
2551 1850 87 17 Oorlett's
2647 1848 46 17 bath
2703 1848 15 16 is
2728 1847 33 18 sim-

2336 1872 36 18 ilar
2380 1874 19 16 to
2408 1872 33 18 the
2449 1872 70 18 Rachel
2533 1873 66 22 spring
2615 1872 37 17 and
2669 1871 104 17 calculated

2337 1897 20 16 to
2368 1896 49 17 fulfil
2434 1896 71 18 similar
2521 1896 118 22 therapeutic
2655 1894 117 24 conditions;

2336 1919 33 18 the
2377 1920 52 17 Toko
2438 1926 21 10 or
2467 1919 132 18 Postmaster's
2608 1919 45 16 bath
2663 1919 15 16 is
2687 1918 87 20 strongly

2337 1943 58 16 acidic
2405 1944 36 16 and
2451 1942 71 19 similar
2530 1944 20 16 to
2559 1943 32 16 the
2604 1942 67 17 Priest'
2678 1947 7 11 s
2695 1941 66 22 spring
2769 1941 3 22 ;

2337 1966 32 17 the
2378 1966 143 23 Waikupnpapo
2531 1972 20 10 or
2561 1965 92 17 Saddler's
2662 1964 46 17 bath
2718 1964 15 16 is
2738 1964 36 17 less

2317 1987 1 24 '
2337 1989 120 21 stimulating
2466 1990 45 16 than
2521 1990 32 16 the
2563 1989 99 22 foveoroing
2669 1987 36 17 and
2712 1987 52 17 there

2338 2013 39 18 fore
2385 2018 52 13 more
2446 2012 81 19 suitable
2537 2013 29 17 for
2581 2012 78 17 delicate
2673 2011 50 17 skins
2737 2010 37 17 and

2337 2036 33 17 the
2378 2036 125 23 Ngaruapuia
2516 2042 21 11 or
2551 2036 72 17 Gemini
2641 2035 46 16 bath
2704 2034 15 17 is
2736 2034 37 16 still

2337 2059 36 17 less
2390 2060 107 19 astringent,
2512 2059 37 17 and
2567 2058 119 21 stimulating
2702 2057 37 17 and
2756 2057 18 16 in

2338 2089 50 11 cases
2398 2083 20 16 of
2427 2083 40 16 skin
2478 2083 69 16 disease
2562 2083 15 15 is
2591 2089 8 9 a
2619 2083 48 15 most
2685 2080 89 17 desirable

2337 2105 132 19 intermediate
2477 2107 58 16 water
2544 2106 84 17 between
2640 2105 32 16 the
2687 2104 87 17 soothinsr

2317 2127 1 22 i
2338 2129 82 16 alkaline
2429 2131 68 14 waters
2505 2129 38 16 and
2552 2129 53 16 those
2618 2134 51 11 more
2683 2127 90 22 powerful

2317 2152 1 21 !
2339 2152 19 16 of
2366 2152 32 17 the
2407 2152 42 17 acid
2457 2153 51 20 type.

2421 2203 53 16 THE
2488 2202 71 17 BAND
2573 2202 32 16 OF
2617 2201 70 18 HOPE.

2362 2248 24 18 In
2394 2255 12 11 ft
2413 2249 53 17 town
2474 2248 46 18 such
2534 2255 20 10 ns
2568 2248 38 17 this
2621 2248 59 17 where
2693 2247 33 16 the
2740 2251 33 16 op-
2781 2243 1 24 !

2339 2272 112 24 portunitics
2458 2272 28 18 for
2491 2271 80 19 rational
2578 2270 115 18 amusement
2701 2275 32 13 are
2738 2269 36 18 few

2339 2295 37 17 mid
2386 2296 28 16 far
2422 2296 85 16 between
2517 2295 16 17 it
2541 2301 58 11 seems
2607 2293 82 23 peculiar
2694 2293 44 17 that
2741 2292 34 18 the

2339 2319 53 18 Band
2402 2319 19 17 of
2430 2318 56 23 Hope
2495 2317 86 23 monthly
2595 2316 87 19 reunions
2697 2322 31 11 are
2741 2317 35 16 not

2339 2342 61 17 bettor
2417 2341 96 18 attended.
2547 2342 18 16 Tt
2580 2341 50 17 must
2642 2341 35 16 not
2689 2340 24 16 ho
2730 2345 33 12 con-

2339 2365 78 18 sidered,
2428 2365 92 19 however,
2530 2364 42 18 thn.t
2585 2364 32 17 the
2628 2363 113 17 attendance
2757 2364 19 15 at.

2339 2389 32 17 (he
2389 2388 126 18 Schoolhouse
2532 2388 35 16 lust
2585 2386 70 24 Friday
2668 2386 57 23 night
2738 2391 38 13 was

2339 2411 145 23 discouraging,-
2496 2411 38 18 -far
2543 2411 48 16 from
2604 2411 21 16 it.
2651 2410 17 17 A
2683 2411 50 15 most
2747 2410 19 15 in-

2339 2436 93 17 torestinrr
2439 2439 119 19 programme
2572 2439 38 11 was
2627 2439 48 14 gone
2692 2432 84 18 throuarh

2328 2455 2 29 I
2339 2458 61 18 under
2413 2459 33 17 tin'
2460 2457 143 22 Chairmanship
2613 2457 19 16 of
2646 2457 31 16 the
2692 2455 46 18 Rev.
2753 2456 22 16 11.

2339 2481 87 19 McNicol
2436 2482 18 16 in
2463 2482 31 16 thn
2504 2486 88 17 presence
2602 2480 19 17 of
2629 2485 11 12 a
2650 2484 46 13 verv
2708 2484 57 18 appre-

2340 2505 67 18 ciative
2416 2504 88 19 audience
2513 2505 20 16 of
2542 2509 65 17 young
2616 2503 37 16 ami
2670 2502 37 17 old.
2738 2502 40 17 The

2341 2528 99 18 Chairman
2450 2528 18 16 in
2482 2528 29 16 his
2520 2526 84 24 opening
2620 2526 83 18 remarks
2720 2525 58 22 spoke

2341 2554 18 15 to
2368 2552 55 17 much
2433 2557 80 16 purpose
2523 2557 24 10 on
2560 2550 32 16 (ho
2607 2550 72 21 objects
2696 2549 19 17 of
2732 2549 46 17 such

2340 2574 126 20 associations,
2477 2573 87 23 showing
2574 2573 43 18 that
2626 2578 20 13 as
2654 2573 33 17 the
2698 2571 70 18 inclina-

2340 2598 50 18 tions
2399 2597 19 18 of
2424 2597 98 20 therising
2529 2596 108 22 generation
2642 2601 47 12 were
2696 2594 82 19 directed

2339 2622 20 17 in
2368 2622 32 17 the
2409 2621 56 20 paths
2475 2621 19 16 of
2503 2621 118 18 temperance
2630 2620 18 16 in
2656 2618 121 23 theiryouth,

2341 2651 19 11 so
2369 2644 63 18 would
2441 2644 46 21 they
2496 2643 87 19 continue
2598 2644 19 16 to
2632 2642 48 18 walk
2696 2642 19 17 in
2729 2642 50 16 thoir

2340 2667 97 19 advanced
2450 2673 60 16 years.
2536 2667 30 16 Tic
2583 2665 90 18 exhorted
2690 2665 51 17 them
2759 2667 19 15 to

2340 2691 104 18 remember
2453 2691 42 17 that
2504 2691 18 16 in
2532 2690 52 17 these
2593 2690 78 16 matters
2680 2688 16 18 it
2701 2694 40 12 was
2746 2688 33 18 the

2341 2714 42 18 first
2392 2716 41 17 step
2442 2714 42 17 that
2494 2715 66 15 counts
2569 2712 37 18 and
2615 2711 41 19 that
2665 2712 27 22 by
2696 2712 71 18 eschew-

2340 2738 35 21 ing:
2383 2737 26 19 all
2416 2737 129 22 intoxicating
2552 2736 62 23 liquor
2621 2736 21 17 in
2657 2735 49 17 their
2719 2735 59 22 youth

2341 2761 45 23 they
2400 2760 63 18 would
2479 2766 52 17 grow
2548 2764 25 18 up
2590 2759 76 18 fearless
2683 2764 42 11 men
2742 2758 38 17 and

2341 2780 66 23 bright
2424 2790 78 11 women.
2536 2783 38 18 The
2591 2782 76 18 anthem
2707 2781 73 17 Golden

2329 2805 2 22 I
2422 2813 38 11 was
2469 2807 45 17 then
2524 2805 88 19 rendered
2621 2806 26 21 by
2657 2812 10 10 a
2676 2805 53 17 choir
2734 2810 34 12 con-

2342 2831 69 19 sisting
2418 2831 21 17 of
2446 2830 41 18 Mrs
2494 2829 82 19 Daniell.
2591 2829 66 17 Misses
2671 2828 20 18 C.
2708 2828 60 17 Robin-

2342 2860 39 12 son.
2392 2854 22 17 F.
2423 2854 85 20 Murray.
2519 2853 22 17 P.
2551 2852 90 19 Griffiths,
2648 2851 67 18 andN.
2726 2851 52 18 Karl.

2330 2874 3 25 J
2343 2878 45 17 with
2409 2876 128 19 considerable
2554 2876 53 17 effect
2625 2875 36 18 and
2678 2875 32 18 the
2730 2881 50 10 same

2330 2898 2 27 j
2342 2907 44 11 mav
2398 2900 24 18 be
2436 2900 38 17 said
2489 2900 20 16 of
2522 2900 33 16 the
2571 2900 38 16 two
2623 2898 54 18 other
2693 2898 88 18 choruses

2342 2924 61 17 which
2413 2923 88 17 followed
2510 2923 70 21 during
2587 2922 32 18 the
2628 2921 86 23 evening.
2734 2921 47 17 Miss

2343 2947 62 17 Pattio
2414 2946 91 19 Giifftths,
2515 2952 11 11 a
2534 2952 46 11 verv
2588 2951 65 16 young:
2665 2944 50 22 lady,
2734 2944 47 18 with

2343 2977 8 10 it
2362 2971 52 16 voice
2423 2970 19 18 of
2451 2970 55 17 much
2517 2969 64 22 purity
2590 2968 85 21 sangthe
2705 2967 76 23 Ginsy's

2465 2993 37 17 and
2519 2993 33 17 she
2569 2998 37 12 was
2623 2991 87 17 followed
2728 2991 26 21 by
2771 2997 10 11 a

2343 3017 111 17 diminutive
2471 3015 77 18 damsel.
2566 3015 47 17 Miss
2629 3015 51 17 Elsie
2695 3014 85 22 Murray,

2342 3041 21 16 to
2372 3041 39 17 wit.
2421 3040 43 17 who
2472 3039 42 18 told
2523 3045 10 12 a
2543 3039 60 21 funny
2607 3038 51 18 little
2664 3038 53 22 story
2722 3037 58 20 about

2344 3070 8 10 ;i
2376 3062 129 21 disagreeable
2526 3062 62 17 school
2609 3062 94 19 inspector
2720 3060 60 17 which

2344 3086 55 18 made
2408 3087 32 17 the
2449 3086 54 17 other
2511 3086 47 21 hoys
2567 3084 35 18 and
2614 3084 44 23 girls
2667 3083 59 22 laugh
2736 3090 34 12 con-

2344 3109 92 19 sumedlv.
2473 3109 39 17 The
2533 3108 38 17 solo
2588 3108 26 16 hv
2629 3107 41 18 Mrs
2686 3107 95 17 Thomson

2484 3132 83 19 through
2592 3131 31 18 the
2743 3136 38 11 was

2345 3157 55 18 sriven
2421 3156 46 17 with
2484 3155 56 17 much
2557 3154 106 18 expression
2680 3154 39 16 and
2734 3154 47 16 Miss

2345 3180 48 18 Cora
2402 3179 96 18 Robinson
2507 3178 19 18 in
2536 3184 10 11 a
2557 3178 38 17 rich
2611 3177 105 17 full-toned
2730 3177 45 17 voici

2345 3209 47 15 snug
2484 3207 82 17 courage
2571 3206 31 18 my
2611 3200 43 20 bov,
2665 3201 19 17 to
2694 3206 34 16 say

2360 3223 4 26 '
2390 3226 92 16 """"ili'ims
2500 3224 87 18 followed
2600 3224 46 17 with
2661 3229 11 11 a
2686 3224 36 16 few
2738 3223 43 17 well

2327 3241 30 15 Mr
2376 3241 57 16 Wxizc.
2468 3241 3 28 '
2489 3248 5 5 -
2524 3246 102 23 suggested
2643 3247 25 16 hv
2685 3246 32 18 the
2734 3252 48 15 song

2327 3262 68 17 chosen
2409 3264 84 15 remarks
2507 3273 19 5 ....
2547 3262 4 24 -
2562 3262 4 24 '
2577 3271 13 7 ,
2608 3271 29 15 ~,.,,.
2710 3269 70 17 Thaw*

2326 3286 60 16 which
2397 3286 96 18 preceded.
2520 3286 16 14 A
2545 3287 39 13 solo
2594 3289 24 17 py
2634 3286 2 20 .
2724 3287 38 13 am-
2773 3286 2 20 ,

2327 3314 32 11 son
2369 3308 38 17 and
2416 3314 11 12 a
2433 3308 45 17 duct
2486 3308 27 20 by
2521 3307 40 17 Mrs
2574 3306 75 18 Daniell
2663 3306 36 17 and
2717 3306 46 17 Miss
2773 3306 1 26 j

2326 3332 98 17 Robinson
2432 3337 48 11 wove
2489 3331 56 16 much
2560 3329 82 18 admired
2657 3329 36 17 and
2711 3328 52 18 three

2327 3355 50 17 little
2393 3354 84 18 maidens
2504 3353 112 23 apparentlv
2715 3353 49 16 from

2419 3377 63 17 trilled
2492 3379 32 15 out
2533 3383 23 10 an
2574 3376 79 21 entirely
2667 3381 41 12 new
2721 3381 32 11 ver-

2327 3401 41 18 sion
2378 3401 20 17 of
2428 3400 72 18 Comin'
2513 3400 49 17 thro'
2580 3399 33 17 the
2629 3399 58 21 Rye.''
2722 3398 42 17 And

2328 3426 45 15 then
2383 3425 32 16 the
2428 3423 119 18 harmonium
2562 3429 46 14 gave
2625 3424 39 18 out,
2679 3422 37 16 and
2730 3422 32 16 the
2774 3422 2 21 i

2328 3447 90 19 audience
2426 3452 49 12 were
2487 3445 89 23 deprived
2589 3446 20 16 of
2621 3446 79 20 hearing
2713 3445 52 17 what,

2329 3471 63 17 would
2400 3471 54 17 have,
2464 3476 25 10 no
2498 3469 64 18 doubt,
2578 3469 47 17 heen
2639 3469 32 17 the
2686 3474 41 16 gem
2745 3467 20 18 of

2328 3494 33 17 the
2383 3493 138 21 eveningthe
2538 3492 79 17 favorite
2642 3492 32 17 old
2689 3492 76 17 Ohristv

2329 3523 54 12 sons-.
2461 3516 90 18 Suwsnee
2649 3515 26 22 by
2688 3515 48 17 Miss
2742 3514 22 18 P.

2329 3540 92 18 Griffiths.
2446 3540 31 16 Mr
2486 3539 116 21 Neighbour,
2620 3538 33 18 the
2663 3537 101 24 president,

2329 3564 92 16 however,
2440 3568 70 16 sprang
2526 3562 41 17 into
2583 3562 32 17 the
2635 3561 75 18 breach,
2729 3560 35 17 and

2329 3587 77 17 thrilled
2413 3586 33 17 the
2453 3586 88 17 audience
2548 3585 44 16 with
2600 3591 34 10 one
2640 3585 21 17 of
2664 3584 89 20 Washing-

2333 3611 31 17 ton
2374 3610 82 17 Irvinff's
2464 3609 71 17 stories.
2560 3608 47 17 Miss
2616 3608 57 21 Selhy
2681 3606 85 24 presided

2331 3634 50 16 most
2397 3632 101 21 efficiently
2514 3633 19 15 at
2550 3631 31 17 the
2595 3631 119 17 treacherous
2722 3631 33 16 har-

2331 3656 90 17 monium,
2432 3655 37 17 and
2484 3661 10 10 a
2511 3660 45 11 verv
2571 3653 99 23 enjoyable
2687 3653 80 22 evening

2331 3685 38 11 was
2379 3678 103 18 concluded
2491 3678 45 16 with
2546 3677 31 17 (he
2587 3677 125 17 benediction.

2404 3730 52 18 THE
2477 3729 118 19 GALATEA
2607 3729 90 17 ROADS.

2357 3777 39 18 Our
2405 3776 145 20 correspondent
2559 3776 19 17 at
2595 3775 32 18 the
2643 3775 123 18 Government

2333 3801 66 21 Damp,
2409 3799 150 23 Orongohukore
2569 3798 54 18 sends
2629 3804 22 12 us
2656 3798 34 18 the
2695 3798 63 17 follow-

2333 3824 34 23 ing
2376 3822 112 21 interesting
2502 3821 111 21 particulars
2630 3822 60 16 wider
2703 3821 55 18 Satur-

2334 3847 53 22 day's
2396 3846 43 16 date
2447 3843 3 26 :
2538 3845 34 17 loft
2680 3850 23 11 on
2722 3843 36 19 Sun-

2334 3870 44 22 day,
2388 3870 45 21 May
2442 3869 16 20 5,
2469 3868 46 18 with
2529 3869 21 17 74
2565 3868 20 17 of
2597 3868 32 17 the
2646 3865 123 25 unemployed

2334 3893 38 17 and
2390 3892 96 18 transDort
2506 3891 103 23 consisting
2630 3888 19 20 of
2666 3892 37 16 two
2719 3890 40 17 four-

2333 3916 56 17 horse
2399 3915 81 17 eoaches.
2491 3914 36 17 and
2538 3920 33 11 one
2582 3914 102 18 five-horse
2697 3916 71 23 wagpn,

2335 3940 39 16 also
2384 3946 11 10 a
2404 3938 45 22 dray
2459 3937 105 23 nonvbying
2573 3938 31 16 the
2614 3937 76 18 rations.
2705 3937 36 16 &.c.
2751 3935 20 18 of

2335 3963 33 16 the
2391 3961 65 23 police.
2494 3960 82 19 Camped
2597 3961 20 16 at
2642 3958 127 28 Pukokarfika.

2336 3984 75 19 Turned
2420 3985 33 18 out
2461 3984 64 18 before
2535 3983 87 23 daylight
2631 3984 45 16 next
2686 3981 85 24 nioitrin'g

2336 4008 38 18 and
2383 4008 34 23 got
2427 4013 53 16 away
2489 4007 51 21 early
2548 4006 3 25 ;
2566 4007 25 16 all
2600 4007 60 21 going
2668 4006 41 17 well
2719 4011 17 11 as
2743 4006 22 16 fai-

2337 4038 20 11 ns
2367 4031 32 17 the
2408 4029 180 21 Mangakokomuka
2599 4029 53 18 creek
2669 4029 58 17 whore
2745 4034 27 11 wo

2336 4054 38 17 had
2384 4060 50 11 some
2443 4049 92 26 difficulty
2547 4053 18 16 in
2581 4052 84 23 crossing
2677 4053 32 17 the
2724 4051 47 20 ford,

2336 4078 33 16 the
2378 4078 33 20 big
2420 4082 68 17 wagon
2496 4076 71 20 bavins;
2578 4076 20 16 to
2612 4075 23 17 bo
2648 4075 92 17 unloaded
2752 4075 20 16 in

2346 4101 25 16 he
2380 4100 59 17 creek.
2469 4099 39 17 The
2524 4098 60 23 police
2598 4100 56 21 party
2667 4098 59 18 under
2740 4097 23 18 In
2769 4097 3 24 -

2779 89 74 22 spector
2861 88 91 16 Emerson
2961 86 66 23 pissed
3036 92 21 10 us
3066 86 50 17 here,
3126 91 22 10 en
3161 91 9 10 r
3178 85 37 15 lire

2779 112 29 16 for
2827 110 85 19 Galatea.
2939 112 15 15 A
2972 110 50 17 short
3040 108 83 18 distance
3140 108 61 21 boyon
3209 108 3 21 i

2779 133 182 22 Mangakokomuka
2967 138 29 14 we
3004 133 39 17 met
3057 131 75 17 H-ivehr
3142 136 10 12 e
3167 131 34 16 Ate-

2778 163 37 12 rea,
2826 157 32 16 the
2867 156 77 22 leading
2953 155 105 18 manoft'io
3068 154 146 20 Xgalima'cwa

2778 180 48 17 tribe
2835 180 43 17 who
2887 185 71 16 occupy
2967 179 31 16 the
3008 173 72 25 disV'ct
3091 176 59 18 round-

2778 205 36 15 tea.
2839 203 39 17 The
2893 202 60 22 genial
2970 201 30 18 eld
3017 201 47 17 chic;
3083 197 57 21 shook
3156 198 58 18 hands

2778 226 46 16 with
2834 232 56 15 many
2900 226 20 16 of
2928 225 32 17 the
2975 231 40 11 men
3031 230 19 12 as
3064 223 45 22 they
3127 220 86 20 marched

2778 251 49 14 unst.
2853 249 16 16 A
2878 244 47 28 iong
2933 254 22 11 >m
2963 248 6 16 1
2979 247 37 18 tec.i
3026 253 24 11 ins
3060 246 62 17 march
3136 246 20 16 of
3165 251 7 10 s
3181 244 34 17 inn

2779 272 22 16 2:;
2810 272 53 17 miles
2871 271 83 22 brought
2965 277 20 10 us
2994 272 19 15 to
3023 267 116 20 Motumake,
3154 267 60 18 which

2779 295 32 17 the
2819 295 36 17 last
2866 300 67 15 wagon
2942 300 31 11 ro:i
2980 293 40 17 .he!
3036 300 51 10 some
3104 292 45 17 time
3167 291 48 17 after

2780 317 52 18 dark.
2857 317 51 18 Here
2928 322 38 12 soin
2994 313 3 27 i
3007 317 6 16 f
3030 315 31 18 the
3079 321 41 12 men
3138 313 76 27 camped

2780 341 59 16 under
2856 347 23 10 an
2895 340 130 20 overhanging
3040 339 50 18 rock,
3108 336 107 23 remindhrg

2780 370 35 10 one
2836 364 19 16 of
2871 364 33 16 the
2921 363 80 22 pre-hist
3010 362 19 17 ni
3059 367 43 13 cave
3123 360 91 18 dwellers.

2781 387 85 16 Another
2874 387 51 21 early
2934 388 46 14 start
2990 392 24 10 on
3027 385 86 21 Tuesday
3127 383 88 21 morning

2780 410 83 20 brought
2873 415 21 12 us
2903 411 20 15 to
2932 409 31 18 the
2975 407 108 24 Rangitaiki
3101 407 19 18 at
3138 405 77 19 Galatea

2781 433 60 16 where
2851 438 57 15 many
2918 433 19 16 of
2945 433 32 16 the
2985 437 42 12 men
3036 437 49 10 were
3093 430 74 17 crossed
3173 434 44 12 over

2781 456 18 16 in
2814 455 31 18 Mr
2862 455 76 23 Wylie's
2955 456 48 20 trap.
3036 454 56 16 From
3109 453 67 17 thence
3190 458 27 10 we

2781 479 88 16 marched
2878 480 42 20 past
2932 479 31 15 Mr
2977 477 75 17 Grant's
3069 475 109 18 homestead
3198 477 19 14 to

2782 502 31 16 the
2822 501 74 17 evident
2906 501 137 18 astonishment
3059 500 20 17 of
3095 500 32 16 the
3144 498 71 23 people,

2782 524 73 17 crossed
2865 525 31 16 the
2906 524 103 17 Wbirinaki
3019 524 56 16 River
3088 522 38 17 and
3140 520 76 23 camped

2782 550 16 14 at
2812 547 156 21 Orongohukire.
2978 549 19 14 at
3006 547 32 16 the
3047 548 88 14 entrance
3153 546 18 16 to
3185 544 32 17 the

2782 576 43 16 pass
2834 571 77 21 leading
2919 573 20 14 to
2946 570 24 17 To
2977 569 75 18 Whaiti.
3067 569 50 17 Here
3125 574 26 11 we
3159 566 59 18 found

2783 594 32 16 the
2824 594 59 22 police
2892 594 38 16 and
2939 599 65 16 survey
3014 592 69 23 parties
3088 592 20 17 in
3113 596 61 17 camp,
3181 590 36 16 and

2783 623 34 10 our
2829 617 47 18 lone;
2888 614 37 19 and
2939 616 73 17 tedious
3027 615 65 17 march
3109 620 61 12 across
3187 613 32 17 the

2784 640 53 16 Land
2847 641 19 15 of
2875 639 31 18 No
2914 640 85 16 Account
3008 644 37 11 was
3053 644 50 11 over.
3129 638 38 16 The
3177 642 41 11 men

2783 668 32 11 are
2834 668 44 11 now
2899 663 85 21 working
3001 668 23 11 on
3045 661 32 18 the
3094 660 45 17 road
3156 661 21 16 to
3194 659 25 17 To

2784 685 71 18 Whaiti
2863 686 39 16 and
2910 692 30 10 are
2952 685 41 18 well
3008 684 112 17 established
3135 684 18 16 in
3171 682 49 17 their

2777 701 1 30 I
2784 715 61 16 camp.
2859 708 16 18 A
2883 708 80 18 number
2971 709 20 16 of
2999 708 72 17 natives
3080 708 19 16 of
3107 707 33 17 the
3148 706 71 16 Tuhoe.

2777 729 1 28 j
2784 732 146 20 Ngatimanawa
2939 731 37 17 and
2986 731 121 21 Ngatiwhare
3116 729 64 18 Tribes
3189 734 31 11 are

2785 755 79 21 holding
2871 761 11 10 a
2890 755 83 21 meeting
2988 756 20 15 nt
3020 755 25 16 To
3059 753 71 18 Whaiti
3143 752 35 17 hut
3194 757 25 11 no

2784 778 75 18 trouble
2875 778 15 17 is
2904 778 113 21 anticipated
3032 777 18 17 in
3066 777 41 16 that
3123 775 97 17 direction.

2785 801 39 17 The
2833 807 42 12 men
2884 807 31 11 are
2928 801 51 22 quiet
2994 800 37 17 and
3044 799 75 22 orderly
3133 799 20 16 in
3167 803 53 15 camp

2777 817 1 24 I
2785 824 37 17 and
2843 825 33 16 the
2895 825 36 16 few
2951 824 124 17 malcontents
3100 823 47 16 have
3174 821 46 17 been

2777 845 1 20 |
2786 847 33 18 effo
2827 848 66 17 -tually
2902 846 85 18 silenced.

2918 900 166 31 JOTTINGS.

2810 965 70 17 Messrs
2897 965 28 17 W.
2944 963 56 24 Kelly
3015 964 37 17 and
3069 964 64 17 James
3150 963 70 19 Carrol,

2787 988 97 19 M.11.K.5,
2902 988 35 16 left
2952 988 29 18 for
2996 986 99 19 Auckland
3113 993 23 11 on
3153 987 71 22 Friday

2787 1011 94 21 morning.

2812 1039 55 16 Some
2876 1039 62 21 paltry
2955 1039 75 21 pilferer
3043 1038 34 17 has
3092 1037 85 18 annexed
3192 1037 32 18 the

2788 1063 76 15 current,
2884 1062 79 16 number
2983 1062 20 16 of
3019 1061 109 17 Chamber's
3144 1061 80 17 Journal

2789 1084 49 18 from
2846 1084 32 17 the
2888 1084 79 23 Library
2976 1084 78 21 reading
3063 1090 58 11 room.

2812 1116 95 17 Entrance
2923 1117 19 15 to
2958 1116 32 17 the
3003 1115 86 18 Pukoroa
3104 1116 80 17 Keserve
3201 1121 24 11 on

2790 1139 95 22 Saturday
2893 1139 38 17 will
2940 1140 23 16 he
2972 1139 25 22 by
3005 1139 58 17 ticket
3073 1139 60 17 which
3149 1138 37 17 will
3202 1138 23 16 be

2789 1161 125 19 redemanded
2924 1169 23 10 on
2956 1162 32 17 the
2997 1162 50 17 field.
3076 1162 39 17 The
3128 1162 70 21 charge
3211 1162 16 16 is

2789 1191 36 11 one
2836 1185 84 21 shilling.

2813 1213 37 17 Ten
2860 1213 77 21 degrees
2946 1214 20 16 of
2974 1214 46 16 frost
3029 1218 49 12 were
3087 1212 102 23 registered
3200 1213 27 21 by

2789 1236 33 17 the
2838 1236 134 17 thermometer
2988 1238 18 15 at
3015 1236 33 17 the
3065 1236 120 17 Sanatorium
3202 1241 25 12 on

2791 1259 76 22 Sunday
2885 1260 93 21 morning.
3011 1260 39 16 The
3064 1260 75 16 rainfall
3156 1258 71 23 during

2790 1283 32 16 the
2831 1283 52 16 week
2892 1283 101 16 amounted
3001 1284 20 15 to
3031 1284 22 15 SO
3062 1283 68 21 points.

2813 1315 40 16 The
2862 1315 125 22 temperature
3000 1315 20 16 of
3033 1315 33 16 the
3083 1314 76 17 Priest's
3176 1314 49 16 Bath

2791 1338 30 16 for
2829 1338 32 16 the
2870 1338 43 22 past
2922 1338 50 16 week
2982 1338 70 21 ranged
3062 1338 47 16 from
3121 1338 32 16 102
3158 1338 21 17 to
3187 1337 37 19 103;

2791 1361 43 17 that
2843 1361 19 16 of
2871 1361 31 17 the
2911 1367 41 11 new
2969 1361 83 22 Sulphur
3067 1361 49 16 Bath
3130 1361 49 17 from
3194 1361 32 15 101

2792 1387 19 14 to
2823 1385 37 16 112.

2815 1413 38 17 The
2862 1413 71 17 hottest
2942 1413 20 16 of
2976 1413 32 16 the
3019 1413 53 16 three
3087 1413 55 16 baths
3159 1413 18 16 in
3196 1412 31 18 the

2793 1436 57 17 lnen's
2859 1436 39 17 side
2907 1438 19 15 at
2935 1436 31 17 the
2975 1442 41 10 new
3024 1435 47 18 bath
3080 1436 58 16 house
3155 1436 37 16 will
3208 1436 18 16 in

2792 1460 63 16 future
2873 1459 22 17 he
2911 1459 70 17 known
2996 1465 21 11 as
3032 1459 29 17 Sir
3077 1458 93 18 Patrick's
3187 1459 40 17 tub.

2793 1483 50 21 They
2857 1483 63 20 might
2933 1483 35 16 call
2982 1482 31 16 the
3027 1482 35 22 big
3074 1488 35 11 one
3144 1481 84 19 Gbvett's

2793 1505 51 23 Leap
2872 1505 48 18 after
2928 1505 28 17 his
2965 1505 72 23 private
3046 1507 98 20 secretary.

2817 1538 19 16 It
2844 1537 15 17 is
2869 1537 57 17 about
2935 1537 45 17 time
2995 1537 43 17 that
3051 1537 32 17 the
3099 1534 69 21 barbed
3186 1537 42 17 wire

2793 1560 128 21 surrounding
2930 1566 56 16 many
2994 1561 20 16 of
3028 1561 31 16 the
3074 1562 57 15 street
3148 1561 48 16 trees
3211 1561 17 16 in

2793 1584 32 17 the
2839 1589 42 12 now
2894 1583 93 23 township
3003 1589 37 11 was
3057 1581 93 20 removed.
3176 1583 52 18 Some

2793 1608 20 15 of
2822 1607 32 16 the
2863 1608 48 15 frees
2920 1607 39 16 also
2968 1606 62 23 might,
3039 1607 63 16 follow
3118 1607 42 16 suit.
3191 1607 37 16 The

2794 1630 70 17 former
2872 1630 14 16 is
2895 1636 12 11 a
2911 1629 94 22 nuisance,
3015 1630 32 16 the
3055 1630 56 16 latter
3117 1636 25 10 an
3148 1636 79 16 eyesore.

2817 1657 68 18 Unless
2900 1658 107 20 something
3020 1658 15 16 is
3050 1657 83 23 speedily
3147 1657 47 17 done
3212 1658 16 16 to

2793 1681 105 16 Tutanekai
2908 1681 61 16 Street,
2979 1681 19 16 in
3012 1681 32 16 the
3057 1676 143 25 neighborhood
3213 1682 15 15 of

2794 1704 32 17 the
2836 1704 70 17 station
2914 1704 32 17 the
2954 1703 46 18 road
3008 1704 39 17 will
3056 1710 46 11 soon
3110 1704 23 16 he
3139 1704 78 22 impassi-

2793 1726 37 18 ble.
2856 1727 39 17 The
2904 1728 62 17 recent
2975 1728 49 16 rains
3033 1728 47 16 have
3088 1727 38 17 had
3135 1733 11 11 l>,
3154 1727 74 17 marked

2795 1750 53 18 effect
2859 1756 49 16 upon
2918 1750 21 17 it.

2818 1779 17 17 A
2852 1785 45 15 very
2913 1778 101 19 handsome
3034 1779 123 21 mantelpiece
3177 1779 16 17 is
3213 1779 15 17 ia

2795 1808 65 11 course
2869 1803 19 16 of
2897 1803 80 16 erection
2992 1803 18 16 in
3026 1802 31 17 Mr
3070 1803 74 17 Wake's
3158 1802 70 18 billiard

2795 1831 58 11 room.
2888 1826 18 16 It
2926 1825 16 17 is
2963 1825 111 23 principally
3095 1826 100 22 composed
3212 1828 16 15 of

2796 1848 87 23 carvings
2897 1849 48 16 from
2958 1849 33 16 the
3005 1849 68 16 second
3090 1849 68 18 Arawa
3175 1855 53 11 canoe

2796 1872 37 16 and
2841 1872 16 16 is
2866 1872 20 16 of
2895 1872 61 18 totara
2965 1872 45 16 with
3027 1878 11 10 a
3052 1872 48 17 shelf
3113 1873 21 16 of
3147 1872 81 23 polished

2798 1896 52 16 rimu.

2819 1927 33 17 Mr
2860 1928 21 16 A.
2892 1927 26 17 11.
2927 1927 76 17 Wilson,
3012 1927 67 22 special
3087 1927 141 23 correspondent

2796 1951 30 16 for
2834 1951 32 16 the
2875 1950 118 21 Canterbury
3001 1951 61 16 Times
3071 1951 16 16 is
3095 1952 20 15 at
3123 1952 77 20 present
3208 1957 20 17 up

2797 1973 82 18 Ruotoki
2889 1979 47 16 way,
2946 1973 71 21 having
3029 1974 103 21 proceeded
3146 1974 52 17 then:
3214 1975 14 16 in

2798 1996 122 23 anticipation
2930 1997 19 16 of
2958 1997 141 21 complications
3109 1998 62 16 which
3185 2004 43 11 were

2798 2020 89 23 expected
2897 2022 19 15 to
2925 2025 55 12 occur
2994 2020 45 16 with
3053 2020 33 17 the
3102 2021 79 21 natives,
3199 2021 28 17 but

2798 2043 59 17 which
2867 2043 47 17 have
2929 2043 79 22 happily
3024 2043 47 17 been
3087 2045 83 17 averted.
3203 2045 25 17 Mr

2798 2067 71 16 Wilson
2878 2072 43 16 may
2938 2067 23 16 be
2973 2067 91 21 expected
3078 2067 19 16 in
3114 2067 84 18 Itotorua
3214 2069 13 16 ill

2798 2090 31 17 the
2839 2096 64 11 course
2913 2090 20 17 of
2940 2090 32 17 the
2982 2090 80 22 ensuing
3070 2090 57 17 week.

2821 2119 59 18 There
2889 2119 32 18 has
2931 2119 46 17 been
2986 2126 10 10 a
3005 2119 87 23 plethora
3101 2120 20 17 of
3129 2120 98 23 politicians

2797 2142 43 16 here
2850 2143 21 15 of
2878 2142 37 16 late
2925 2143 19 15 of
2953 2142 73 17 various
3113 2143 38 16 The

2797 2165 46 16 bath
2852 2164 16 16 is
2877 2164 39 16 said
2923 2166 19 15 to
2948 2165 22 15 he
2976 2165 49 16 their
3031 2165 79 16 favorite
3117 2171 35 11 one
3160 2165 66 23 thougli

2798 2193 57 16 many
2864 2187 47 17 have
2920 2187 47 17 tried,
2976 2187 32 17 the
3186 2196 19 9 as
3218 2190 7 15 i;

2798 2211 41 16 that
2850 2211 118 21 functionary
2982 2217 48 10 were
3043 2212 35 15 not
3090 2212 77 22 already
3182 2218 36 11 over-

2798 2234 96 17 burdened
2901 2234 45 16 with
2956 2234 57 17 work.
3039 2234 20 18 It
3071 2234 15 17 is
3101 2235 42 17 well
3159 2236 28 16 for
3204 2236 20 17 (111

2798 2262 80 18 average
2886 2257 165 22 parliamentarian
3058 2260 19 14 to
3084 2260 95 16 accustom
3186 2258 30 18 him-

2798 2280 36 18 self
2854 2282 20 15 to
2895 2281 33 16 hot
2949 2283 62 14 water.
3043 2281 38 17 The
3102 2282 92 22 difficulty
3214 2282 8 17 it

2798 2304 85 22 political
2891 2304 33 17 life
2932 2304 15 17 is
2956 2305 19 16 to
2984 2304 47 22 keep
3040 2306 34 15 out
3080 2305 20 17 of
3108 2305 21 17 it.

2822 2332 38 17 The
2874 2332 46 17 Rev.
2934 2332 99 17 Frederick
3047 2332 106 22 Langham,
3169 2333 46 18 Chair-

2799 2360 43 12 man
2852 2356 20 16 of
2881 2356 31 16 the
2924 2355 36 22 Fiji
2974 2355 99 23 Wcsleyan
3088 2356 79 19 district,
3186 2357 31 16 win

2801 2379 44 16 with
2855 2379 39 16 Mrs
2904 2379 98 21 Langham
3012 2380 55 20 spent
3081 2385 10 11 a
3107 2380 93 20 fortnight
3214 2385 10 11 ;:'

2799 2401 84 18 Rotorua
2893 2402 82 21 recently
2984 2401 57 23 spoke
3050 2403 20 16 to
3079 2409 11 10 a,
3099 2402 73 18 Herald
3176 2403 40 17 inter-

2799 2424 68 18 viewer
2876 2425 17 16 in
2903 2426 32 15 the
2948 2425 74 21 highest
3036 2427 58 16 terms
3109 2427 20 16 of
3143 2427 60 21 praise
3215 2431 7 12 o:

2799 2449 33 16 the
2840 2448 69 17 benefit
2919 2449 44 21 they
2972 2448 37 17 had
3017 2448 47 18 both
3073 2448 85 21 received
3161 2448 27 24 by
3193 2449 22 17 tak-

2799 2471 35 24 ing
2842 2471 105 23 advantage
2956 2472 20 16 of
2985 2472 32 16 the
3026 2472 55 17 baths
3090 2472 50 18 here.
3186 2472 36 23 The;

2787 2490 2 24 !
2800 2495 47 17 have
2856 2495 76 17 worked
3055 2495 23 17 he
3095 2496 45 18 said.
3177 2496 33 17 and
3219 2490 3 24 '

2801 2519 69 16 cannot,
2878 2518 57 22 speak
2944 2520 30 15 too
2982 2518 68 24 highly
3059 2519 19 16 of
3087 2519 32 17 the
3128 2519 90 18 restorativ

2800 2541 71 17 virtues
2880 2542 19 17 of
2914 2547 47 16 your
2973 2542 82 17 thermal

2802 2586 415 44 CABLEGRAMS

2825 2672 90 19 Loxiion.
2925 2673 45 22 May
2981 2674 27 17 14.
3018 2674 120 18 Viscount
3154 2675 55 18 Wohn

2801 2697 38 18 will
2848 2698 33 16 not
2891 2703 71 10 assume
2971 2697 33 17 the
3013 2697 42 17 title
3063 2698 20 16 of
3099 2698 46 18 Earl
3161 2699 20 16 of
3197 2698 19 16 SI

2801 2721 58 17 borne
2868 2720 47 17 until
2926 2720 31 17 the
2966 2719 86 23 question
3061 2721 20 16 of
3089 2721 28 17 his
3127 2724 39 14 scut
3175 2723 19 15 in
3203 2722 8 16 >i

2801 2744 66 18 House
2875 2743 19 18 of
2900 2743 101 18 Commons
3005 2744 16 17 is
3026 2744 74 17 settled.
3115 2744 30 18 Sir
3148 2745 30 17 W.
3185 2745 28 18 Em

2802 2768 54 16 court
2864 2773 42 16 says
2914 2767 16 16 it.
2939 2766 16 17 is
2970 2766 108 23 impossible
3096 2770 19 14 to
3132 2768 56 18 evade
3203 2766 3 23 t
3210 2766 3 23 ;

2802 2790 97 23 disability
2908 2789 89 19 attached
3013 2791 19 16 to
3049 2791 33 17 the
3098 2792 107 18 succession,
3211 2789 2 24 i

2802 2815 51 17 Lord
2861 2813 84 19 Wolmar
2953 2813 15 16 is
2977 2819 11 11 a
2995 2818 46 18 peer
3048 2814 85 18 whether
3142 2816 23 16 he
3174 2815 39 18 clain

2802 2840 32 17 the
2843 2839 41 17 title
2893 2845 21 10 or
2922 2841 38 14 not.
2975 2839 31 16 Mr
3015 2838 79 19 Balfour
3102 2845 83 12 concurs.

2826 2862 38 18 The
2874 2862 94 18 Canadian
2979 2862 127 18 Government
3119 2863 56 17 asked
3185 2863 30 16 En.

2802 2886 45 18 lond
2857 2887 19 15 to
2885 2885 105 18 contribute
2999 2891 12 12 a
3020 2886 72 17 million
3108 2887 81 16 towards
3202 2886 11 16 ti

2784 2909 1 19 1
2802 2911 41 15 cost
2852 2910 20 16 of
2879 2909 102 17 federation
2992 2909 46 17 with
3048 2909 149 19 Newfoundland
3201 2909 9 17 h

2803 2933 32 17 the
2844 2933 73 22 request
2926 2938 38 11 was
2973 2932 80 17 refused.
3067 2933 38 16 The
3114 2933 91 23 prospects

2803 2955 104 19 federation
2916 2961 30 11 arc
2955 2955 92 23 regarded
3056 2962 19 10 as
3084 2956 91 22 hopeless.

2827 2980 57 16 Great
2893 2979 72 17 Britain
2974 2978 38 18 will
3021 2980 33 16 not
3063 2985 62 11 renew
3134 2980 32 16 the
3175 2985 32 16 agi'i

2803 3003 51 17 ment
2860 3002 45 17 with
2912 3002 85 17 America
3004 3002 103 20 regarding
3112 3002 72 23 sealing
3188 3007 23 12 ait

2804 3026 37 17 and
2849 3025 119 21 implements
2983 3025 20 16 in
3013 3025 92 22 Bchrings
3115 3026 41 17 Sea.

2827 3049 31 17 Mr
2867 3048 55 18 Ward
2931 3048 61 18 leaves
3002 3048 30 17 for
3040 3048 76 17 Ottawa
3126 3055 23 10 on
3162 3049 40 20 May

2804 3072 36 17 and
2850 3072 38 16 will
2901 3072 60 16 arrive
2977 3072 18 16 in
3005 3071 47 18 New
3061 3072 54 18 Zealp
3129 3078 7 5 ~
3140 3072 10 13 l,
3155 3075 8 15 'i
3164 3076 5 9 J
3169 3072 25 20 -;i?
3196 3071 3 21 ,
3201 3075 22 17 \fi.

2827 3095 261 23 ToKin,May.U--An'.,..

2784 3113 1 27 ;
2804 3118 91 22 Japanese
2905 3118 54 20 Gove,
2961 3129 13 11 Tj
2978 3116 10 20 ,'
3015 3115 5 9 :
3023 3116 45 24 ;-in
3072 3113 3 27 (
3081 3121 28 13 .i;e
3222 3113 1 27 .

2784 3122 52 49 !ltun
2837 3122 3 57 P
2841 3122 384 57 gPem^^^g^sth^

2804 3165 32 17 the
2845 3163 96 24 opposite,,
2950 3172 22 15 of
2980 3174 14 17 t}
3053 3170 35 17 sj!K
3089 3168 23 12 en

2784 3183 1 41 .
3063 3183 3 41 (
3074 3183 104 41 i^.^
3179 3204 12 11 vi
3192 3196 12 16 a
3216 3198 10 10 u

2785 3295 34 17 lice
2837 3295 54 19 force,
2910 3295 58 18 killed
2984 3295 34 18 her
3058 3298 132 22 unsihusbana

2786 3317 96 23 jealously'.
3037 3331 25 4 ~..

2808 3342 42 16 P.u:
2854 3344 21 16 is.
2886 3341 46 22 May
2942 3342 31 17 14.-
2979 3342 54 17 -The
3091 3337 4 28 !
3121 3337 94 28 Socialists
3223 3337 11 12 lV

2786 3366 60 16 deaux
2855 3365 69 17 hooted
2933 3367 19 15 at
2961 3365 37 17 and
3007 3361 63 29 disi^!
3072 3361 5 12 1
3082 3361 3 29 '
3089 3363 5 10 1
3202 3365 34 19 /

2786 3390 57 18 ening
2859 3388 81 17 attitude
2955 3389 81 17 towards
3049 3382 32 17 ]lls
3180 3382 57 24 Ribf'

2786 3412 71 17 derides
2872 3412 31 17 tbe
2919 3412 94 21 agitation
3029 3413 30 16 in''
3061 3410 4 23 l
3068 3413 12 13 '-
3154 3412 32 18 the
3201 3412 14 16 P
3215 3410 13 11 rl

2786 3436 74 19 against
2868 3435 86 18 taxation
2969 3441 19 11 as
3006 3436 66 16 factist
3082 3441 38 12 olio
3135 3434 43 22 ictos
3194 3436 17 12 al

2787 3459 42 17 that
2837 3459 16 17 it
2861 3459 39 17 will
2907 3464 45 12 soon
2961 3459 23 16 be
2992 3460 21 16 at
3021 3465 23 11 an
3150 3457 43 21 cn&-

2787 3502 462 44 UNKNOWN

2811 3591 110 21 Adelaide,
2940 3592 45 22 May
3005 3581 244 29 14.jhobrilliaMichftd
3265 3581 1 39 j

2788 3620 39 12 was
2834 3614 89 22 qordially
2936 3615 102 18 welcomed
3082 3612 26 20 be
3118 3613 100 27 rnfflipcvc.

2790 3637 31 18 the
2829 3638 57 18 death
2894 3638 20 17 of
2921 3643 36 12 one
2966 3638 20 18 of
2992 3639 31 17 his
3036 3639 16 18 cl
3072 3645 23 12 on
3116 3646 21 11 so
3157 3633 75 24 liLiW'''
3237 3633 3 24 1

2790 3661 35 17 will
2835 3661 22 17 ho
2867 3661 104 18 shortened.
3055 3655 3 33 .
3077 3655 103 33 petjtioiicl
3248 3655 3 33 1
3262 3655 4 33 J

2947 3685 47 23 May
3002 3686 49 16 14.-
3051 3690 92 21 Ministel
3144 3680 2 36 .
3162 3680 45 36 ,|^'
3209 3687 9 10 V
3220 3680 3 36 '
3223 3702 7 14 A
3231 3683 7 11 V
3239 3687 26 24 ;;;:'
3265 3680 1 36 1

2789 3713 46 11 -ierr
2842 3709 117 15 Australians
2965 3714 31 11 nro
3002 3710 49 15 onhr
3100 3709 3 19 i
3162 3709 27 19 Bi
3190 3709 4 19 1
3197 3709 3 19 >
3202 3711 11 10 v

2792 3732 53 16 hinds
2854 3736 31 12 are
2893 3732 58 21 l>cmg
2959 3732 60 16 raised
3028 3734 27 14 ten
3161 3734 66 14 ,Bi"'
3234 3732 15 9 111

2790 3754 41 16 that
2841 3753 31 18 the
2881 3754 73 17 settlors
2962 3760 49 11 wore
3020 3751 61 21 sufF.'"'
3084 3750 3 35 1
3090 3750 5 35 ]
3098 3751 5 10 1
3257 3756 5 8 '

2881 3802 385 38 TELEGRAPHIC.

2814 3863 142 18 AYeu/ixgtox.
2969 3864 80 16 Wo.lnos
3056 3847 3 40 1
3071 3847 2 40 1
3074 3847 3 40 '
3096 3850 13 19 <l
3128 3847 4 40 l
3134 3847 116 40 ''-''jhiy-
3265 3847 1 40 '

2792 3887 57 17 states
2857 3886 84 18 that-tho
2948 3887 72 17 B.N.Z.
3035 3887 16 17 E
3178 3880 36 36 Hf
3237 3882 29 33 "''l

2792 3909 118 22 atipi'oached
2914 3909 95 18 ministers
3013 3916 33 15 pro
3061 3907 4 24 ,
3091 3907 3 24 ,
3118 3907 4 24 .
3233 3907 3 24 ,
3238 3911 8 10 *
3248 3907 15 11 m
3264 3907 2 24 -j

2792 3939 10 10 a
2811 3932 33 24 hi?
2853 3932 68 23 lotteiy
2931 3933 19 18 to
2959 3932 73 24 dispose
3042 3928 8 21 J
3058 3925 4 32 ,
3089 3926 6 16 i
3118 3925 4 32 l
3124 3925 4 32 '
3133 3932 16 11 lll
3153 3930 76 19 "M''

2792 3956 38 17 sets
2837 3955 21 19 of
2863 3954 32 19 the
2905 3960 98 19 company.
3018 3957 38 16 Tl.-'
3060 3949 2 35 l
3067 3949 1 35 '
3086 3949 142 20 s'nMiitJt,'
3235 3949 31 35 Poj

2792 3978 95 18 Ministerj
2904 3978 95 24 mchnc]to
3008 3975 106 23 favOtheh;
3253 3975 13 26 *]

2816 4002 52 17 Cuir
2875 4003 106 19 jrcftDRCU,
3137 3995 3 30 <
3225 4005 11 11 AC
3238 3995 3 30 '
3243 4003 8 11 s
3253 4004 13 20 'l

2790 4025 39 22 'day
2839 4025 52 18 niiflit
2903 4031 131 18 someyoung<
3055 4035 35 12 .;[
3099 4036 21 11 .i,,
3129 4021 2 29 :
3141 4021 98 29 ;,,I^^H'h'
3239 4028 6 10 v
3245 4021 2 29 '
3246 4027 5 9 l
3252 4024 14 25 ']j

2794 4048 71 18 certain
2872 4048 61 18 hotels
2943 4049 19 17 to
2971 4049 63 17 ascorti
3051 4066 8 6 ~
3067 4054 10 18 |,
3081 4048 2 24 (
3088 4048 3 24 ,
3258 4050 8 20 1

2848 4085 5 4 .
2883 4078 15 10 lo
2910 4077 4 26 .
2945 4077 3 26 .
2998 4078 15 10 U!
3015 4078 7 16 >
3031 4080 53 22 ((in';'
3096 4082 56 18 !ll|.]||.
3166 4077 71 20 ISA',
3248 4077 3 26 .
3260 4082 6 21 J

2795 4100 50 11 some
2854 4096 66 15 houses
2929 4096 37 15 and
2976 4096 19 15 11
3006 4101 17 10 w
3260 4096 6 22 I

3027 4137 19 16 he
3061 4137 2 23 |
3073 4137 11 23 i.
3166 4140 29 18 BE
3265 4137 1 23 I

3095 4155 118 23 ia>l..r,.;iHHF
3264 4155 2 23 I

2996 4184 26 16 <n,
3036 4181 17 17 of
3061 4181 82 21 Kotgruu,
3164 4176 12 22 1
3264 4176 2 32 |

1305 36 58 21 THE
1390 34 57 22 HOT
1473 33 91 22 LAKES
1592 33 171 23 CHRONICLE,
2008 31 63 21 MA.Y
2100 33 29 21 15,
2147 30 48 20 18)5

64 113 224 49 Visitors'
313 112 118 46 List.

66 193 103 25 Brent's
182 190 134 25 Batheate
332 189 94 23 House,
453 189 3 29 .

31 226 30 17 Dr
68 225 60 21 Barry
136 223 21 17 T.
166 223 81 20 Russell,
256 221 53 18 West
317 218 94 19 Maitland

31 249 42 17 Mrs
82 247 80 20 Burton,
170 244 101 19 Auckland

66 270 55 21 Biu,
130 269 118 22 Wellington

64 294 82 22 Hyams,
155 291 89 19 Dunedin

67 317 40 17 and
115 317 71 17 Master
195 313 112 20 Chishounc,
317 310 91 18 Brisbane

66 340 24 18 O.
101 339 87 19 liobarts,
197 335 134 19 Christchurch

31 364 49 17 Miss
89 363 26 16 H.
124 362 17 17 A
149 361 21 17 B.
180 360 74 21 Taylor,
264 357 90 23 England

79 386 27 18 H.
115 385 59 18 Belts,
184 382 91 23 England

31 410 35 18 Mr
73 409 75 19 Brown,
157 406 77 22 Sydney

66 431 42 18 iind
115 431 40 16 Mrs
163 429 62 20 Be.alo,
235 426 100 20 Auckland

67 454 40 19 avud
115 454 41 18 Mrs
163 450 109 23 Matthews,
282 450 97 18 Avondalo

67 479 23 17 C.
99 477 19 19 8.
127 477 72 18 Moore,
209 475 76 23 Sydney

64 501 76 23 Brugl),
150 500 62 22 Otago

67 524 39 20 and
114 525 41 17 Mrs
162 523 71 24 Lyons,
242 520 83 20 Hawltes
334 520 40 22 Bay

68 548 85 18 Maurice
160 547 49 21 Joel,
218 545 90 19 Dunofiin

137 585 138 22 Tarawera
284 580 89 23 House

36 618 41 17 Mrs
86 616 79 21 Daniell,
177 614 106 18 Haloombe

35 640 33 18 Mr
75 640 38 18 and
118 640 40 16 Mrs
163 639 78 17 Salmon
247 637 38 17 and
291 637 10 16 2
308 635 90 21 children,
405 633 51 18 Auck-

174 660 45 19 land

67 686 41 21 *ind
116 686 39 17 Mrs
164 684 47 21 List,
220 682 79 19 Tuakau

68 710 25 17 E.
103 708 81 23 Wriglit,
194 706 90 23 England

35 733 47 18 llov.
91 733 23 17 E.
123 733 23 16 E.
155 731 82 22 Temple,
247 728 83 20 Candelo

158 771 71 24 Lake
243 771 96 23 House.

35 807 32 18 Sir
86 804 77 19 Patrick
179 803 89 22 Buckley,
286 800 182 22 Attorney-General

107 828 116 21 Wellington

36 853 34 17 Mr
78 852 73 19 Govett,
163 851 102 18 Secretary.
275 846 117 22 Wellington

37 875 52 18 Hon.
98 874 19 18 J.
126 873 71 18 Carrol.
207 870 87 21 M.H.R.,
308 869 116 23 Wellington

37 900 40 15 Mrs
85 897 71 18 Walter
165 896 85 20 Bentley,
260 893 90 23 England

36 921 32 18 Mr
77 921 102 17 Anderson,
192 918 118 22 Wellington

72 943 71 20 Grubb,
153 942 118 22 Wellington

73 968 74 19 Bainor,
157 964 90 24 England

97 990 14 17 d
118 989 40 18 Mrs
167 989 105 20 Hampton,
282 987 24 16 To
315 985 101 17 Awaniutu

110 1013 41 20 -~\
164 1010 99 18 Auckland

141 1041 17 11 rs
167 1034 63 20 Jakes,
242 1031 91 24 England

72 1058 39 19 and
119 1059 40 16 Mrs
167 1058 80 17 Kneecc,
257 1055 91 18 Adclaido

73 1082 70 20 Currie,
151 1080 100 18 Auckland

73 1105 86 22 Hookey,
209 1117 12 7 ~

73 1127 106 23 Longland,
211 1139 12 8 ~

73 1151 97 22 Longdill,
214 1163 10 7 ~

73 1175 37 17 and
120 1175 39 16 Mrs
167 1174 63 18 Kolm,
240 1172 118 22 Wellington

75 1198 87 18 Bradley,
174 1195 90 24 England

38 1222 33 19 Mr
79 1221 37 18 and
125 1220 80 18 Masters
214 1218 19 19 S.
242 1218 62 19 Allen,
314 1215 88 24 England

154 1255 53 24 The
217 1255 141 29 Langham.

38 1290 41 18 Mrs
87 1289 19 18 J.
117 1289 20 17 A.
148 1288 77 19 Wilson,
236 1287 75 22 Sydney

38 1313 32 18 Mr
78 1312 37 17 and
124 1312 39 17 Mrs
173 1310 74 20 Swales,
258 1308 105 18 Auckland.

74 1336 56 17 Burk,
142 1333 98 19 Auckland

73 1359 54 19 Jack,
137 1358 46 18 Now
193 1355 61 20 South
262 1355 62 18 Wales

73 1380 134 21 MacPherson,
217 1378 100 19 Auckland

74 1406 83 18 Henson,
169 1403 75 22 Sydney

73 1429 68 21 Keyes,
151 1426 99 18 Auckland

75 1451 67 20 Smith,
151 1449 101 18 Auckland

74 1475 71 20 Carter,
155 1471 100 20 Auckland

75 1497 77 23 Speedy,
167 1497 51 17 Hutt

73 1521 108 20 Nicholson,
192 1518 32 24 (2),
235 1518 89 22 Glasgow

75 1543 97 23 Kennedy,
182 1542 122 22 Wellington,

75 1568 67 19 Smith,
152 1565 100 18 Auckland

75 1591 22 17 O.
106 1590 28 18 M.
144 1588 79 23 Creagh,
236 1586 100 19 Auckland

65 1611 2 22 '
74 1614 98 19 Boulston,
186 1611 102 18 Pukokohe

153 1649 116 24 Eotorua
282 1648 86 23 Hotel.

35 1683 36 17 .Mr
80 1682 21 17 A.
111 1681 18 18 J.
140 1681 97 20 Paterson,
246 1679 96 23 Ngawarb

75 1706 58 17 Dove.
143 1703 120 20 Queensland

75 1728 81 19 Meehin,
165 1726 109 22 Wanganui

75 1752 18 17 J.
104 1750 108 23 Cavanagh,
222 1747 140 24 Ngaruawahia

75 1775 78 17 Jordan.
162 1774 102 22 Tauxanga

75 1798 50 20 Colt;
134 1797 116 21 Wellington

75 1820 73 21 Nesbit,
158 1820 117 21 Wellington

75 1844 19 17 J.
104 1844 56 17 Bean.
172 1841 101 19 Auckland

485 106 134 23 ROTORUA
624 105 128 21 LIBRARY
761 105 60 19 AND
831 104 46 19 RE;

625 133 53 20 ING
691 132 87 19 ROOM.

488 185 79 29 rpilE
589 184 120 21 Committee
734 185 21 18 of
778 183 33 19 the
830 181 47 19 Rote

494 203 24 27 JL
552 211 88 25 Library
650 210 41 20 and
700 209 94 25 Reading
804 208 64 18 Room
879 207 26 19 be

487 240 20 17 to
530 237 143 24 acknowledge
696 236 34 18 the
749 234 105 21 followinp;
875 233 34 19 sub-

487 264 106 25 scriptions
608 263 53 19 from
677 262 85 19 October
779 261 29 22 10,
828 261 56 21 1894,
900 260 22 17 to

488 290 49 24 May
549 290 28 22 11,
593 290 58 18 1895.
653 287 101 19 Messrs
763 286 20 19 J.
791 286 91 22 Duncan,
893 286 27 20 ss;

488 315 87 24 JTadley,
595 317 35 21 ss;
655 313 73 23 Board,
743 310 33 29 os;
791 310 129 25 Carnaghan,

489 343 21 17 2s
522 341 26 18 6d
557 337 4 28 ;
576 341 122 24 Thompson,
710 341 22 16 2s
742 338 25 19 6d
775 337 4 28 ;
793 337 68 21 Jones,
874 337 36 17 10s
918 337 4 28 ;

488 367 22 19 C.
520 367 25 18 B.
555 366 76 24 AVebb,
642 368 22 16 2s
672 365 24 19 6d
704 361 4 29 ;
723 364 20 19 J.
754 365 79 21 Munro,
846 364 34 21 ss;
894 361 28 18 H.

490 393 128 24 Herdegeen,
630 394 33 20 ss;
684 390 24 19 P.
727 390 96 22 Mellroy,
843 389 22 17 2a
885 387 37 30 6d;

489 418 82 21 Fairlie,
597 414 34 28 os;
654 417 23 19 P.
698 416 21 20 0.
739 416 116 21 Protiieroe,
880 414 42 23 1;

489 444 73 19 Edwin
577 444 122 22 Robertson,
716 442 26 19 1
752 439 3 27 ;
776 440 25 19 A.
818 439 25 19 A.
862 440 47 19 Man-

490 470 58 24 ning,
561 471 22 17 2s
593 470 25 19 6d
627 465 4 29 ;
654 470 31 19 Dr
700 468 91 21 Gindcrs,
809 466 28 20 1
848 465 4 29 ;
875 465 49 19 Geo.

490 495 105 25 McAuley,
608 496 41 22 1;
663 494 88 20 Thomas
768 492 90 23 Samson,
879 491 43 23 1;

491 522 51 19 Miss
564 522 89 18 Jemima
676 520 121 21 Robertson,
821 517 102 22 donation,

490 548 29 19 2
527 541 4 30 ;
544 547 113 23 Anderson,
668 548 23 17 2s
701 546 37 23 Gd;
757 545 21 19 C.
790 544 89 23 Malfroy
889 541 35 25 1;

490 574 63 21 Huet,
566 580 34 17 os;
614 572 97 23 Howard,
724 573 21 17 2s
752 571 32 23 6d;
793 571 27 18 H.
828 569 96 21 Fortune,

491 601 23 18 2s
524 598 38 26 6d;
583 598 110 20 Constable
713 598 90 22 Murray,
825 597 45 20 10s;
891 593 33 21 W.

490 625 87 24 Pranks,
592 619 33 30 ss;
640 624 50 25 Gay,
702 625 22 17 2s
733 623 27 19 (id
766 630 5 15 ;
793 621 25 19 R.
835 619 52 24 Bell,
904 621 22 17 2s

492 652 37 23 (id;
546 651 22 20 C.
584 651 109 21 Mossman,
711 651 46 20 10s;
783 647 33 19 W.
830 646 24 19 A.
872 645 41 20 Wil-

491 678 66 23 liams,
569 678 29 19 1
608 671 4 30 ;
627 677 64 22 Percy
703 673 70 24 Thorn,
790 673 27 19 1
828 671 4 30 ;
856 671 26 20 R.
900 671 25 19 D.

492 704 88 23 Danscy,
593 703 26 18 1
630 710 5 15 ;
654 701 73 23 Henry
743 699 59 23 Kirk,
824 699 28 19 1
864 697 4 30 ;
891 697 34 20 W.

492 730 25 18 A.
527 729 56 22 Jsutt,
595 730 24 16 2s
629 727 32 23 Cd;
675 727 28 18 H.
710 725 33 20 W.
753 725 128 25 Neighbour,
890 723 35 23 l;

492 754 103 20 R.Blake
605 755 35 21 ss;
654 753 20 19 J.
684 751 104 23 Falloona,
807 751 40 23 1;
868 748 20 21 S.
904 749 22 19 T.

481 776 1 28 .
492 781 69 23 Brent,
575 781 28 18 1
613 776 4 28 ;
628 779 34 19 W.
671 779 85 24 Rogers,
769 779 27 18 1
807 776 4 28 ;
825 776 68 22 Poole,
906 777 22 16 5s

493 806 22 19 C.
529 806 97 23 Griffiths,
638 807 22 16 2s
670 805 38 23 Cd;
722 804 21 19 C.
756 804 23 18 E.
792 802 85 23 Nelson,
890 801 35 24 1;

493 833 43 18 Mrs
546 832 124 25 Shrimpton,
687 833 33 21 ss;
739 829 20 20 J.
779 828 84 24 Mcae,
883 828 29 20 1
923 828 4 29 ;

493 859 24 18 A.
528 858 52 22 Tait,
592 852 59 25 2s'Gd
659 852 4 29 ;
678 857 107 22 Thomson,
796 857 29 17 ss.

573 912 22 23 S.
626 908 221 26 HOWARD.

611 963 92 20 COMET
718 961 93 21 STORE.

520 1016 74 21 TEW
615 1014 89 21 STOCK
727 1015 21 18 of
774 1014 92 25 Drapery
889 1011 40 19 and

497 1034 39 29 jA
574 1042 98 23 Clothing
682 1048 43 12 now
734 1046 89 20 opening
837 1039 21 18 in
870 1044 59 17 every

495 1070 136 24 department,
644 1072 21 14 at
675 1068 69 18 lowest
758 1066 53 25 price
828 1067 31 16 lor
875 1063 54 19 cash.

571 1103 116 19 Taii.ohiko
701 1107 14 13 a
729 1101 126 19 Speciality.

523 1135 70 20 Grand
604 1141 64 18 range
678 1134 21 18 of
706 1133 40 19 this
752 1130 88 20 season's
848 1129 81 19 tweeds.

496 1162 46 24 Any
551 1161 70 19 article
632 1162 36 17 not
678 1160 21 19 in
717 1158 61 23 stock,
796 1155 98 27 procured
909 1158 22 16 at

496 1187 108 19 Auckland
612 1186 71 26 prices.

633 1242 160 24 EOTORUA.

497 1324 428 72 Langham.

649 1443 53 17 incut
710 1440 74 25 Baths.)

698 1471 22 12 o

617 1489 188 23 TGRMS:

524 1524 99 30 35sper
641 1524 88 26 week;
748 1523 29 22 6s
792 1529 46 23 per
846 1522 58 29 day.

524 1559 61 22 Two
595 1558 89 24 weeks
696 1565 27 16 or
733 1558 98 27 longer,
850 1556 55 23 30s.

532 1609 28 31 C.
755 1606 143 36 WILSON,

623 1648 186 21 PROPRIETOR.

630 1696 64 23 FOR
710 1694 89 25 SALE.

499 1748 230 44 TOTARAHOUSE
738 1747 113 23 BLOCKS,
857 1747 75 18 Strain,

564 1781 39 18 er.s,
615 1774 40 20 and
665 1774 136 19 Government
812 1773 40 19 size
866 1773 66 20 Posts,

498 1801 20 19 in
530 1807 41 18 any
581 1801 102 25 quantity,
695 1799 101 20 delivered
806 1802 20 16 to
837 1806 40 17 any
887 1801 46 22 part

498 1827 21 19 of
529 1828 36 18 the
576 1827 179 24 district.Apply
769 1828 21 16 at
800 1825 34 19 the
846 1825 87 19 Auction

498 1853 60 20 Mart.

684 1879 18 18 J.
720 1878 28 19 n.
762 1877 118 19 TAYLOR.

524 1931 175 24 WYNYARD
713 1929 193 28 &PURCHAS,

561 1968 129 19 Barristers
698 1972 41 14 and
751 1966 123 20 Solicitors,

497 1998 84 25 Temple
588 1997 119 23 Chambers,
715 1996 58 25 High
781 1996 28 23 St,
818 1994 110 20 Auckland

594 2056 52 18 have
657 2062 71 17 money
738 2058 20 15 to
768 2053 47 19 lend
827 2060 25 12 on
870 2052 52 19 Mort-

537 2090 5 8 '
590 2088 14 19 g
605 2088 12 13 a
619 2088 13 19 g
633 2088 11 12 e
689 2080 101 20 Freehold
805 2079 41 20 and
861 2079 61 19 Lease-

498 2107 48 19 hold
557 2111 95 22 property
663 2110 20 16 at
695 2110 81 16 current
785 2109 61 15 rates.

630 2165 172 20 NOTICE.

501 2218 136 48 OYSTER
647 2218 96 26 Suppers,
752 2218 41 18 Tea
805 2216 41 19 and
858 2216 75 23 Coffee,

573 2248 21 16 to
609 2244 26 19 be
661 2245 40 18 had
721 2244 74 25 during
810 2243 35 19 the
863 2242 71 19 winter

500 2272 104 24 evenings,
616 2273 21 17 at
647 2271 19 19 S.
681 2270 110 24 Andrews,
808 2269 100 19 Rotorua.

501 2357 295 49 EhrenMed
810 2357 123 46 Bros

645 2438 143 22 BREWERS,

580 2470 109 20 ALBERT
704 2469 148 24 BREWERY,

524 2512 216 24 QUEEN-STREET,
755 2510 159 21 AUCKLAND

523 2576 67 18 WINE
603 2575 141 16 ANDSTIRIT
756 2573 156 20 MERCHANTS,

546 2603 121 17 BOTTLERS
679 2602 52 16 AND
746 2601 146 19 IMPORTERS,

589 2631 27 19 43,
630 2634 132 12 aUEEN-STREET
778 2633 60 11 WHAEI
839 2631 2 19 :
844 2631 3 19 .

595 2682 51 11 TBKK
658 2681 58 12 MEDAL
728 2681 34 11 AND
774 2681 71 12 AWARDS

504 2714 23 16 At
536 2714 28 16 the
577 2713 89 19 following
684 2712 111 16 Exhibitions
811 2711 26 15 for
847 2716 31 10 our
887 2710 38 16 well-

598 2735 61 15 known
673 2733 44 16 Bulk
727 2733 33 15 and
769 2732 68 16 Bottled

616 2760 48 17 ALE
677 2759 50 16 AND
738 2758 86 19 STOUT:

504 2791 68 20 Rvdnoy
580 2790 126 16 International
715 2789 108 16 Exhibition,
833 2789 49 15 1579.

504 2813 101 16 Melbourne
613 2811 126 16 International
746 2810 108 17 Exhibition,
865 2810 69 15 1880-81

503 2834 44 16 New
553 2832 74 17 Zealand
635 2830 97 21 Industrial
732 2830 108 21 Exhibition,
846 2830 77 20 Welling-

546 2857 37 16 ton,
593 2855 48 15 188.).

504 2877 44 16 New
566 2874 76 18 Zealand
655 2875 33 15 and
703 2875 53 15 South
769 2874 40 16 Seas
825 2873 109 16 Exhibition.

547 2897 87 17 Dunedin.
645 2897 79 15 ISB9-90.

504 2919 21 16 In
534 2919 77 16 addition
619 2920 18 14 to
647 2918 52 15 above
707 2918 44 15 have
769 2917 42 15 been
825 2916 80 15 awordod
919 2917 15 14 at

546 2940 105 16 Tawnanian
682 2938 108 19 Exhibition,
818 2937 116 19 Liuncuston,

548 2962 80 16 1891-92.

590 2986 57 17 FIVE
658 2985 70 18 FIRST
745 2985 106 16 AWARDS

704 3017 34 11 FOR

505 3041 67 16 BULK
583 3039 109 17 BOTTLED
704 3037 43 20 ALE
761 3037 15 20 3
790 3037 43 20 AND
852 3037 77 16 STOUT

593 3105 251 33 CHAMPIONSHIP

532 3152 63 18 ftnld
610 3151 83 19 TWaHoI
706 3151 28 19 of
747 3149 165 21 Australasia

613 3187 72 11 AOAINST
695 3186 98 12 ALLCOMERS
804 3186 33 12 FOR

506 3210 91 24 BULK
610 3210 69 22 AND
698 3208 146 24 BOTTLED
860 3208 65 23 ALE

602 3274 73 20 Having
682 3279 10 11 a
699 3274 57 20 Large
765 3273 51 17 Stock
825 3274 18 16 of

621 3304 48 17 ALE
680 3304 51 16 AND
743 3303 83 20 STOUT,

510 3336 67 16 Bottled
585 3335 17 17 in
611 3338 50 18 quart
670 3335 34 16 and
718 3335 39 21 pint
769 3335 69 17 bottles,
855 3334 79 21 specially

510 3358 66 15 brewed
583 3358 28 15 for
618 3358 29 15 the
655 3361 74 12 summer
737 3356 54 19 trade,
802 3356 56 16 which
866 3361 28 10 are
901 3361 33 10 now

509 3378 105 21 thoroughly
621 3378 84 18 matured,
717 3383 33 10 can
762 3377 44 15 with
819 3382 52 15 every
885 3377 41 15 confi-

510 3401 51 15 dence
572 3399 106 16 recommend
693 3404 46 11 name
755 3400 17 14 to
786 3403 118 11 connoisseurs
919 3403 15 10 as

510 3421 61 17 second
579 3422 17 15 to
604 3425 44 12 none
657 3420 18 17 in
684 3420 28 16 the
720 3420 73 20 Colony.

536 3468 127 20 Note.Mr
682 3467 108 25 Wynyard
816 3467 17 19 is
855 3473 45 13 now
922 3473 12 12 n

510 3495 92 19 Rotorua
619 3494 40 19 and
675 3500 47 19 may
745 3493 25 19 be
794 3493 105 19 consulted
924 3500 10 12 a

511 3521 56 19 Lake
578 3521 64 20 View.

624 3577 89 24 JOHN
731 3577 99 28 HALL,

683 3628 228 24 PAPERHANGER,
929 3629 5 18 t

630 3681 194 23 SIGNWRITER,

605 3790 27 30 J.
655 3789 27 31 F.
703 3786 159 37 PEATSON,

642 3850 168 24 FRUITERER,

542 3900 56 21 Next
607 3899 101 20 Saddler's
718 3899 57 24 shop,
806 3910 97 24 Lnemuiu>

516 3939 44 19 Has
569 3939 72 23 always
655 3944 9 12 n
675 3936 52 25 good
748 3942 9 14 B
758 3932 50 29 upL
826 3947 22 21 q
867 3947 64 21 Ffesh

587 3963 64 25 Fruit,
663 3962 48 20 both
722 3959 84 36 locals
818 3975 27 19 im
846 3987 6 4 _

642 3991 70 24 ported
724 3994 24 14 on
761 3991 9 16 h
790 3991 4 24 ,

705 4015 57 19 A.eso
766 4008 24 12 ~k
799 4016 5 4 '

518 4043 17 19 A
543 4041 144 21 well-assorted
699 4040 56 20 stock
760 4053 10 20 f
778 4052 88 21 Biscuit
880 4052 43 21 Con
925 4064 5 5 .

557 4069 109 23 fectionery
677 4067 39 20 and
727 4068 32 31 Su;
812 4079 66 20 Drink

954 100 105 43 LOST.
1060 99 48 18 Gold
1123 99 57 22 Ring.
1213 98 70 17 Finder
1299 98 39 17 will
1354 100 22 15 be

1005 122 96 18 rewarded
1117 128 24 11 on
1155 122 77 22 leaving
1245 127 50 12 same
1309 123 20 16 at
1345 122 33 17 the

948 230 8 10 ''
962 232 190 19 IECOND-CLASS
1173 232 74 17 Return
1270 232 66 16 Ticket
1359 232 20 16 to

955 250 19 26 3
1001 256 104 17 Auckland.
1126 255 65 22 Apply
1196 255 20 17 at
1225 255 31 16 the
1262 254 118 18 CHRONICLE

947 279 61 17 Office.

947 324 196 20 PRESBYTERIAN
1163 324 109 18 CHURCH
1288 324 77 17 BUILD-

1092 347 48 18 ING
1150 347 80 17 PUND.

947 394 122 44 AVERY
1077 393 113 23 interesting
1202 393 73 18 Service
1290 393 20 18 of
1324 393 56 23 Song,

1119 416 86 21 entitled,

993 449 107 24 UNCLE
1113 449 93 23 TOM'S
1223 449 111 28 CABIN,

947 480 38 17 will
993 480 23 17 bo
1025 479 90 17 rendered
1122 479 26 22 by
1162 486 23 10 an
1200 480 81 17 efficient
1295 480 52 17 choir
1362 480 18 16 in

947 504 32 16 the
988 503 66 17 Public
1063 503 68 17 Sohool
1140 508 24 12 on
1178 502 135 19 WEDNESDAY
1329 503 51 19 next,

948 526 50 17 22nd
1006 526 43 17 inst.

1041 555 27 16 To
1077 560 105 12 commence
1191 556 20 16 at
1225 556 9 16 8
1243 560 46 17 p.m.

965 583 114 17 Admission
1086 581 3 23 :
1103 583 75 21 Adults,
1190 581 28 23 Is;
1233 583 95 19 Children,
1336 581 29 18 3d.

950 671 82 43 ANY
1037 672 100 17 PERSON
1144 672 60 17 found
1212 670 116 23 trespassing
1336 669 47 17 with

1018 694 38 24 dog
1065 701 20 11 or
1094 701 40 17 gun
1142 701 24 12 on
1178 701 38 16 any
1228 694 76 23 portion
1318 693 20 17 of
1352 693 31 16 the

950 718 47 17 N.Z.
1017 719 80 17 Thames
1112 719 68 21 Valley
1201 717 54 18 Land
1271 715 112 23 Company's

950 741 65 18 Estate
1024 741 39 18 will
1071 742 23 17 be
1103 741 117 22 prosecuted.

1085 764 76 17 MARK
1174 762 140 20 HARRISON,

1262 786 100 18 Manajrer.

952 840 208 27 STATIONERY
1174 839 212 24 STATIONERY

962 920 60 17 JUST
1035 919 115 17 ARRIVED
1160 919 32 17 AT
1200 918 53 17 THE
1262 918 96 17 CHRONI-

1087 956 49 17 CLE
1149 956 100 17 OFFICE.

964 1036 85 20 HIRST
1062 1036 187 18 CONSIGNMENT
1261 1036 20 17 of
1290 1035 95 18 Coromor-

964 1057 17 22 P
1016 1060 35 17 cial
1068 1059 38 18 and
1122 1059 81 19 General
1219 1059 110 22 Stationery
1344 1063 41 11 now

1075 1083 58 22 being
1145 1082 72 23 opened
1226 1088 31 17 up.

96 1917 64 43 11.
214 1914 198 51 KOHN,

43 1976 251 23 MANUFACTURING
311 1973 160 25 JEWELLER,

149 2012 57 25 due
210 2018 31 16 en
266 2011 93 27 Street,

43 2096 40 30 San
106 2104 28 24 B.
150 2101 170 25 PETERSON
334 2100 86 28 &ICo.,

151 2142 77 20 HIGH
247 2140 111 24 STREET,

177 2186 167 19 CHUISTCHURCn.

67 2250 44 19 TLg
119 2249 77 25 largest
212 2247 41 20 and
269 2248 53 18 most
338 2245 62 20 select,
418 2244 57 19 stock

41 2276 22 20 of
72 2275 103 27 jewellery
184 2275 57 25 kept.

197 2547 57 20 ASK
269 2547 56 19 FOR

45 2597 431 50 HANCOCKS'

168 2671 184 22 CELEBRATED

223 2724 86 33 xxxx

156 2782 212 50 ALES,

177 2850 59 13 MADE
243 2849 56 14 FUOII
308 2848 41 14 THE

48 2895 117 33 FINEST
191 2894 88 32 MALT
301 2893 62 32 AND
381 2890 97 38 HOPS,

86 2990 52 13 FREE
150 2989 56 14 FROM
219 2989 39 13 ALL
271 2987 127 14 ANTISEPTICS
410 2986 27 13 Oil

153 3025 139 14 DELETERIOUS
311 3025 64 13 ACIDS.

48 3088 139 33 CAPTAIN
210 3088 83 31 COOK
310 3086 170 37 BREWERY,

152 3145 194 21 NEWMARKET.

55 3293 195 34 FRANKTON
275 3292 208 33 JUNCTION

217 3335 114 33 HOTEL

52 3394 206 47 PASSENGERS
272 3394 29 24 by
315 3392 53 20 train
383 3394 20 17 to
419 3392 52 19 Auck-

245 3420 54 19 laud.

52 3471 73 20 Trains
147 3472 44 23 stop
210 3471 77 23 twenty
306 3468 85 20 minutes
411 3469 21 17 at
452 3467 35 19 the

97 3496 108 20 Frr.nkton
214 3495 97 19 Junction
320 3495 32 19 for
362 3493 78 19 dinner.

79 3546 43 19 Tho
144 3544 139 25 undersigned
309 3544 39 18 has
378 3542 109 20 first-class

54 3572 66 19 Meals
132 3571 62 25 ready
204 3571 40 18 and
254 3570 71 19 served
334 3576 25 12 on
374 3568 73 20 arrival
467 3568 21 19 of

54 3598 28 19 all
94 3598 70 18 trains.

55 3646 218 46 William
286 3643 199 56 Geateh,

110 3725 272 24 PHOPRIETO
388 3725 40 22 F5.

58 3792 148 25 Hancock's
214 3791 98 23 XXXX
318 3790 62 23 Ales
389 3789 101 30 always

187 3826 34 15 on
232 3817 126 28 Draught.

73 3919 11 13 A
113 3916 134 19 FOOTBALL
252 3915 89 18 MATCH
347 3914 40 17 will
393 3914 23 16 be
423 3913 69 22 played

125 3941 85 17 between
218 3940 100 22 Tauranga
327 3937 36 18 and
372 3937 87 18 Botorua
467 3942 25 11 on

57 3968 32 12 tlie
99 3964 43 16 18th
151 3964 19 17 of
178 3964 53 22 May.

81 3987 29 21 By
121 3986 109 24 permission
245 3985 19 18 of
278 3984 33 18 the
327 3984 59 17 Town
401 3982 64 18 Board
482 3988 11 11 :i

57 4010 70 21 charge
135 4010 19 17 af
164 4010 18 16 Is
191 4009 38 17 will
238 4009 23 17 be
277 4007 54 18 made
345 4007 29 17 for
391 4005 101 18 admission

59 4035 20 16 to
94 4033 32 17 tlie
143 4032 84 19 Pukeroa
243 4032 80 17 Reserve
339 4030 21 17 in
376 4029 31 17 aid
424 4029 19 16 of
461 4028 32 18 tho

57 4056 65 19 Club's
132 4055 61 17 lands.

238 4078 19 17 J.
266 4077 28 19 W.
305 4076 115 19 WEBBER,

366 4099 51 17 Hon.
428 4097 40 19 See.

1012 4196 101 38 Ask
1140 4194 73 40 for
1238 4192 266 40 Hancock's
1530 4191 278 40 Celebrated
1833 4190 188 39 XXXX
2046 4189 114 40 Ales
2187 4189 93 38 and
2306 4189 150 40 Stout.
