3290 4320
107 99 156 21 DISCOVERY
276 99 34 19 OF
324 98 98 21 RELICS
437 99 33 19 OF

222 125 126 19 BUDDHA.

100 179 24 19 In
131 178 33 19 the
174 177 134 19 Government
317 176 80 20 Central
406 176 94 22 Museum

75 206 20 18 at
104 204 81 19 Madras
192 203 66 24 th\fin
269 204 22 17 dc
300 202 54 20 st'cclc
361 202 139 25 globe-trotter

74 237 46 17 may
129 236 31 12 see
168 228 106 27 preserved
280 229 21 18 in
311 235 11 12 a
333 228 54 25 glass
395 234 44 13 case
447 234 53 14 some

73 256 56 19 relics
151 256 21 17 of
188 255 93 22 Buddha,
302 254 66 19 which
390 253 32 20 for
442 255 58 23 2,t)00

73 288 56 19 years
138 280 33 26 lay
181 280 133 19 undisturbed
323 280 20 19 in
354 280 34 19 the
398 279 102 20 elaborate

73 307 39 19 and
132 307 62 24 costly
211 306 76 26 resting
300 306 57 24 place
374 306 79 19 erected
468 307 32 18 for

72 333 55 19 them
144 332 29 24 by
185 333 57 24 Xing
259 332 68 19 Asoka
341 332 21 18 in
371 331 35 20 the
424 335 76 16 remote

67 360 56 24 .past.
150 358 63 24 Many
234 358 48 19 such
300 358 58 18 relics
376 358 53 18 have
448 358 52 19 been

72 384 63 19 found
142 384 21 20 in
172 384 78 19 various
256 386 56 23 parts
318 384 20 17 of
345 383 66 24 India,
419 384 81 24 usually

72 410 59 19 small
140 410 64 26 pieces
213 411 21 18 of
242 410 56 23 bone,
317 408 91 20 believed
417 411 20 17 to
447 409 53 19 have

72 436 52 19 been
141 436 91 19 collected
249 438 20 16 at
282 431 35 23 tho
327 435 78 19 "saint's
419 435 80 19 funeral

72 469 55 18 pyre,
138 462 40 19 and
195 461 89 20 enclosed
293 462 21 18 in
324 461 73 24 crystal
413 461 85 19 caskets.

72 489 34 18 Sir
122 488 75 19 Robert
207 487 75 24 Sewoll,
298 487 46 19 who
359 487 36 19 has
411 487 87 19 devoted

72 514 61 20 much
141 514 94 20 attention
253 516 19 16 to
281 513 35 19 tho
326 513 84 25 subject,
428 514 49 18 read
487 521 9 11 a

72 547 63 19 paper
155 540 85 23 recently
267 539 69 19 before
364 539 35 19 the
421 538 77 20 Asiatic

73 567 77 24 Society
171 572 25 12 on
213 571 54 13 some
281 565 118 19 discoveries
422 565 22 19 of
463 565 35 19 the

73 593 50 19 kind
131 591 55 20 made
195 593 35 17 not
239 591 48 25 long
297 598 39 17 ago
345 598 26 11 on
388 591 33 18 tho
432 591 65 18 bank.-,

73 619 21 18 of
111 618 32 18 the
152 617 87 18 Krishna
250 617 20 18 in
288 617 35 19 the
337 615 121 26 Presidency
476 617 21 19 of

73 642 91 21 Madras.-
185 642 42 19 Tho
243 642 63 19 belief
315 643 21 19 of
345 643 34 18 tho
394 642 72 25 people
475 643 21 18 in

73 670 34 18 the
127 668 131 26 genuineness
275 669 21 18 of
319 668 34 19 tho
374 668 59 19 relics
456 675 40 12 was

73 695 86 23 attested,
169 694 26 19 ho
204 695 50 23 said,
270 694 27 25 by
307 694 34 19 the
357 693 108 27 splendour
475 694 22 19 of

72 721 33 20 the
126 721 107 18 structures
255 721 20 18 in
293 720 67 19 which
373 720 49 24 thoy
444 727 51 13 were

70 746 94 25 carefully
185 746 108 25 deposited,
315 746 40 18 and
372 745 35 19 tho
430 746 63 19 lavish

70 772 70 19 wealth
146 772 21 18 of
176 772 122 19 adornment.
326 772 54 19 That
385 772 21 19 at
415 771 67 20 Bhatti-

70 798 60 25 proiii,
141 798 114 19 discovered
264 798 27 25 by
300 798 33 18 Mr
342 798 44 18 Ilea
404 797 21 20 in
438 797 55 25 1892,

67 830 44 18 may
121 824 25 18 bo
155 824 110 19 described.
291 824 21 19 It
322 823 105 20 contained
435 824 59 19 when

67 850 25 18 ho
113 850 110 18 unearthed
243 850 16 18 it
279 850 54 18 three
348 849 82 22 caskets,
454 850 39 18 and

67 882 72 18 among
148 875 33 19 the
193 876 124 24 inscriptions
326 875 64 19 found
398 881 40 13 was
448 881 43 18 one,

66 901 20 19 in
108 901 110 19 characters
235 903 36 17 not
284 901 51 19 later
358 901 49 19 than
430 901 62 19 about

65 929 37 16 200
111 926 53 24 8.C.,
176 927 66 19 which
251 934 49 12 runs
310 927 47 19 thus
367 926 39 25 :—'
416 927 33 24 By
458 927 34 19 the

64 953 66 19 father
148 953 21 18 of
177 953 65 24 .Kura,
254 953 33 19 tho
301 953 79 19 mother
389 953 22 19 of
426 953 65 24 Kura,

64 979 56 19 Kura
130 979 85 23 himself,
234 979 40 19 and
284 979 52 22 Siva,
348 979 33 19 the
397 985 82 19 prepara-

65 1005 41 19 tion
114 1005 21 18 of
152 1011 12 13 a
174 1005 67 18 casket
257 1005 39 19 and
311 1011 12 13 a
331 1005 42 19 box
382 1005 21 19 of
418 1005 73 24 crystal

64 1031 21 18 in
102 1031 56 18 order
180 1033 20 15 to
218 1031 78 25 deposit
315 1037 52 12 some
392 1031 57 17 relics
470 1031 21 19 of

63 1056 91 19 Buddha.
182 1057 31 24 By
219 1057 63 23 Kura,
290 1056 34 19 tho
331 1063 35 12 son
373 1057 21 18 of
401 1056 88 25 Banava,

63 1082 108 19 associated
188 1083 49 19 with
247 1083 30 18 his
291 1082 68 19 father
374 1082 46 25 (has
439 1082 50 20 been

63 1109 68 25 given)
153 1109 34 18 the
210 1108 79 19 casket.'
322 1108 69 19 Inside
414 1115 41 13 was
478 1116 11 11 a

62 1134 144 26 globe-shaped
222 1134 57 19 black
289 1136 57 17 stone
356 1134 73 24 casket,
450 1135 38 18 and

61 1160 65 19 inside
136 1161 43 18 that
189 1169 10 10 a
210 1160 69 26 crystal
291 1160 68 19 casket
372 1160 117 26 containing

62 1193 11 12 a
83 1186 57 19 small
149 1187 100 24 fragment
259 1188 20 17 of
288 1186 58 19 bone.

87 1212 42 19 Tho
150 1215 115 16 monument
282 1219 42 13 was
338 1212 21 19 of
381 1213 35 18 tho
435 1215 52 17 most

62 1238 98 19 elaborate
169 1238 138 19 construction.
334 1238 60 24 First,
402 1239 73 18 founda-

61 1264 51 19 tions
121 1271 51 12 were
181 1264 43 25 dug
233 1265 49 24 deep
291 1265 22 18 in
322 1264 35 19 tho
366 1264 43 24 soil,
426 1266 40 17 and
476 1272 9 11 a

62 1292 55 23 great
127 1290 82 19 circular
219 1290 47 19 base
277 1291 50 18 built
339 1290 21 20 of
369 1291 51 18 solid
429 1291 58 18 brick

63 1318 34 16 1-18
107 1317 39 18 feet
160 1316 21 20 in
191 1316 102 20 diameter.
321 1316 69 20 Above
407 1317 79 25 ground

61 1348 39 13 was
109 1348 11 13 a
130 1342 50 19 solid
189 1344 158 25 superstructure
359 1344 8 17 5
379 1342 41 20 feet
435 1343 51 24 high

61 1369 21 18 of
90 1369 53 24 large
152 1368 72 23 bricks,
235 1369 40 19 and
284 1369 21 19 in
311 1369 34 19 tho
354 1370 56 18 exact
420 1374 66 14 centre

63 1395 21 18 of
100 1394 38 19 this
151 1400 40 14 was
209 1395 37 19 left
260 1401 11 13 a
293 1395 59 19 small
369 1395 117 24 cylindrical

61 1419 75 24 hollow,
159 1421 39 18 and
216 1421 35 19 the
264 1421 47 19 relic
333 1421 77 19 caskets
434 1428 51 12 were

61 1446 68 25 placed
151 1452 36 13 one
205 1446 62 20 above
287 1447 35 19 tho
340 1447 63 24 other,
419 1447 67 26 firmly

61 1472 51 20 built
129 1472 40 20 into
178 1472 33 20 the
225 1473 117 24 brickwork,
361 1473 34 19 tho
411 1473 73 19 hollow

62 1497 60 26 being
128 1499 75 19 about!)
209 1499 66 19 inches
284 1499 21 19 in
311 1499 102 19 diameter.
442 1499 41 20 The

63 1527 55 17 outer
125 1525 74 19 caskets
205 1525 103 19 measured
315 1527 11 17 2
336 1525 41 19 foet
387 1527 18 17 11
416 1526 68 19 inches

62 1550 27 27 by
98 1552 10 17 2
117 1551 39 19 feet
166 1552 10 17 G
185 1551 70 19 inches,
266 1551 39 20 and
315 1553 11 17 2
332 1551 41 19 feet
385 1553 22 17 10
415 1551 69 21 inches
499 1550 1 27 '

62 1576 27 26 by
95 1579 10 17 2
113 1577 39 20 feet
160 1579 10 17 3
179 1577 65 20 inches
251 1577 134 26 respectively.
413 1578 70 20 Above
499 1576 1 27 .

63 1603 26 20 all
107 1604 39 19 this
155 1610 39 13 was
207 1603 121 21 constructed
344 1610 12 14 a
364 1604 64 24 dome,
442 1606 41 18 also
499 1603 1 25 ;

63 1629 21 20 of
101 1630 50 19 solid
160 1630 61 24 brick,
235 1630 74 26 having
322 1636 12 13 a
352 1630 49 20 base
409 1631 22 19 of
448 1632 34 18 132

61 1656 41 19 feet
112 1656 99 23 diameter,
223 1657 60 18 round
292 1656 64 20 which
365 1663 41 13 was
416 1663 11 14 a
438 1664 44 16 pro-
499 1656 1 24 '

60 1681 75 20 cession
152 1682 50 26 path
216 1683 19 20 of
254 1685 9 18 8
277 1683 38 20 feet
338 1683 68 20 broad.
441 1683 41 20 The
499 1681 1 27 -

60 1707 63 21 whole
141 1709 21 18 of
171 1709 34 19 the
215 1710 74 19 outside
303 1710 76 19 surface
389 1716 40 13 was
449 1717 22 12 en-

60 1734 57 20 cased
126 1734 20 19 in
155 1735 77 20 marble
242 1736 56 23 slabs,
310 1743 20 12 so
340 1743 21 12 as
371 1739 20 16 to
401 1739 81 23 present
499 1734 1 28 i

60 1767 12 12 a
81 1766 48 20 pure
139 1760 61 21 white
207 1762 102 26 glittering
315 1762 83 24 surface,
411 1769 5 14 \
425 1762 49 21 isibl;

60 1786 50 20 from
132 1793 11 13 a
161 1790 59 22 great
233 1788 90 19 distance.
356 1789 86 23 Though,
461 1790 20 19 in
499 1786 1 26 j

59 1819 76 19 process
145 1814 22 18 of
176 1815 101 23 centuries,
289 1814 73 26 during
371 1815 71 20 twelve
461 1816 20 19 of

58 1838 64 19 which
131 1838 34 20 the
183 1840 84 25 religion
277 1841 20 19 of
307 1840 33 21 the
355 1842 75 18 district
442 1849 38 11 was
499 1838 1 30 (

59 1864 131 20 Brahmiuical
210 1867 39 18 and
267 1868 33 18 not
320 1866 105 26 Buddhist,
441 1868 40 19 this
499 1864 1 32 ]

59 1893 55 23 great
124 1891 66 19 edifice
199 1892 41 19 had
257 1893 49 19 been
316 1893 64 25 sorely
394 1893 86 25 injured,

58 1917 34 20 the
112 1917 86 20 marbles
217 1918 61 26 being
298 1920 92 24 partially
413 1920 68 25 pulled
499 1917 1 28 .

59 1943 61 24 down,
132 1943 38 19 and
179 1950 11 12 a
207 1946 95 24 quantity
312 1946 20 19 of
340 1945 34 20 the
391 1946 90 19 enclosed

58 1968 109 20 brickwork
187 1970 70 25 pulled
275 1974 19 16 to
318 1972 64 25 pieces
399 1971 26 26 by
449 1972 32 19 (he
499 1968 1 34 j

58 1995 97 25 villagers,
163 1996 99 25 probably
271 1998 32 18 for
309 1997 171 26 house-building,

57 2021 16 19 it
87 2022 99 18 remained
195 2022 32 19 till
242 2029 12 12 a
263 2023 38 19 few
310 2030 58 18 years
385 2031 38 18 ago
433 2024 21 20 in
470 2031 10 13 a

58 2047 92 19 confused
159 2048 36 19 but
209 2049 103 24 generally
330 2051 84 18 circular
428 2058 53 12 mass

58 2075 24 17 30
92 2080 21 12 or
122 2075 24 17 40
155 2074 40 19 feet
208 2075 55 24 high,
274 2075 70 19 ruined
361 2077 20 18 at
391 2077 34 19 the
441 2078 40 25 top.

56 2099 28 19 At
93 2099 43 19 that
144 2100 74 25 period,
229 2108 11 12 a
249 2101 78 19 zealous
341 2103 66 18 oh'iccr
417 2103 22 18 of
447 2103 34 19 the
499 2097 1 28 '

55 2125 72 19 Public
145 2125 73 21 Work/5
232 2127 130 24 Department
378 2128 82 19 utilised
468 2136 12 11 a
499 2121 1 30 '

56 2151 92 25 quantity
172 2151 20 19 of
220 2151 33 20 the
280 2152 67 20 bricks
367 2153 33 19 for
423 2154 56 19 road-
499 2146 1 30 '

54 2176 90 26 making,
164 2178 39 18 and
212 2179 51 18 most
277 2179 21 19 of
307 2179 33 19 the
357 2179 77 20 marble
449 2181 32 18 for
498 2176 2 26 -i

55 2202 34 19 the
99 2203 48 19 floor
157 2204 39 18 and
207 2204 54 19 walls
270 2205 21 19 of
301 2211 12 12 a
322 2205 57 19 small
388 2205 61 20 sluice
460 2212 20 13 :n
499 2202 1 23 -

53 2228 36 21 the
107 2229 57 19 canal
173 2230 51 19 close
237 2230 33 25 by.
298 2231 33 19 Ho
340 2231 41 25 dug
390 2238 21 13 so
430 2232 50 26 deep

55 2254 45 19 that
121 2255 34 19 tho
173 2258 87 22 topmost
281 2258 51 18 relic'
350 2258 66 19 casket
439 2265 41 12 was
498 2251 2 37 ]

55 2280 68 25 found,
134 2281 40 19 and
183 2279 40 22 this
239 2282 32 19 led
280 2285 20 17 to
310 2284 33 18 the
358 2284 122 26 subsequent

55 2306 122 25 discoveries,
201 2308 40 19 and
259 2309 34 19 tho
307 2310 62 23 relics,
389 2311 92 24 together

55 2333 48 19 with
112 2340 12 12 a
140 2334 92 25 quantity
242 2334 20 19 of
271 2335 48 25 gold
334 2336 82 24 flowers,
428 2337 53 19 coins

56 2359 38 22 and
110 2360 89 25 precious
218 2362 71 23 stones,
305 2362 52 19 after
374 2362 57 26 lying
444 2369 36 13 un-
499 2355 1 33 )

56 2385 82 20 touched
156 2386 27 25 by
193 2386 34 19 the
236 2387 54 19 hand
305 2388 21 19 of
334 2395 47 12 man
397 2389 31 19 for
443 2392 38 17 two

57 2411 96 20 thousand
162 2419 63 18 years,
236 2420 50 13 were
296 2414 61 19 taken
366 2416 54 17 from
429 2415 52 20 their

58 2438 72 25 resting
138 2439 66 24 places
214 2440 40 19 and
271 2442 37 24 put
317 2440 21 20 in
348 2441 34 19 the
398 2441 83 20 Madras
499 2433 1 33 '

58 2463 94 20 Museum.

58 2545 54 22 THE
137 2547 105 21 DESERT
272 2549 146 22 BLOOMING
446 2551 33 20 AS

190 2573 56 22 THE
259 2575 77 20 ROSE.

85 2625 60 21 What
162 2628 85 21 artesian
265 2632 62 17 water
340 2630 17 19 is
373 2630 61 26 doing
449 2631 32 19 for

61 2651 96 22 Australia
178 2661 46 18 may
242 2656 24 18 be
279 2656 78 25 judged
375 2657 52 18 from
446 2657 34 18 the

61 2679 98 26 following
173 2680 57 20 letter
239 2682 107 19 addressed
359 2682 28 24 by
403 2683 34 18 Mr
446 2682 33 20 W.

61 2704 24 18 O.
103 2705 44 24 Cox,
158 2705 50 26 CO.,
221 2710 19 17 to
254 2708 33 19 the
305 2708 176 21 Queenslander—

63 2729 4 31 '
77 2729 24 19 In
110 2731 108 21 November
227 2734 38 19 last
274 2741 40 19 you
329 2734 110 26 published
447 2733 38 27 my'

61 2755 92 26 telegram
170 2759 50 20 from
232 2760 100 20 Boatman
349 2761 85 22 Station,
451 2762 28 18 St.

61 2781 80 26 George,
164 2786 73 26 stating
265 2788 44 18 that
332 2794 11 12 a
375 2788 106 23 4,000,000

62 2808 65 24 gallon
143 2809 42 21 iiow
199 2813 21 18 oi
236 2813 55 19 fresh
305 2818 61 15 water
381 2813 42 19 had
439 2814 34 22 just-

61 2833 49 20 been
115 2861 5 3 _
129 2837 63 19 struck
200 2845 25 12 on
234 2839 44 19 that
291 2840 74 19 station
381 2839 28 25 by
418 2839 33 19 Mr
460 2840 20 18 J.

61 2858 131 29 L/Wbodley,
203 2867 114 19 contractor,
328 2868 21 17 at
366 2872 12 12 a
388 2866 63 25 depth
461 2866 21 19 of

63 2886 48 23 1,500
111 2886 30 23 ft.
167 2889 30 19 Mr
218 2890 92 27 Woodley
324 2892 37 19 has
378 2898 43 13 now
436 2899 35 12 con-

63 2913 74 19 tracted
155 2916 18 17 tu
182 2918 34 22 put
225 2917 56 20 down
295 2919 85 18 another
388 2918 49 19 bore
456 2926 25 11 on

63 2937 96 22 Boatman
176 2941 48 20 back
238 2947 87 22 country.
353 2944 42 19 The
417 2945 65 24 grand

63 2964 70 20 results
150 2966 24 19 ho
191 2970 77 18 secured
284 2970 28 25 by
324 2971 34 18 the
376 2971 44 19 first
434 2971 48 19 bore

63 2989 51 20 have
132 2996 117 24 encouraged
259 2997 33 19 the
306 2997 62 19 lessee
384 3000 20 16 to
421 2997 61 25 again

63 3016 110 21 endeavour
182 3021 19 18 to
216 3024 32 23 tap
258 3023 33 18 tho
305 3023 87 19 artesian
402 3025 79 18 stream.

63 3041 75 20 Should
147 3044 31 20 No
188 3049 9 14 •!
206 3046 45 21 bore
260 3054 59 19 prove
327 3056 11 12 a
349 3056 83 18 success,
443 3050 40 18 and

62 3068 35 19 the
107 3068 43 21 flow
159 3070 24 20 be
192 3077 19 14 at
224 3074 25 18 all
258 3075 20 18 in
287 3075 79 19 volume
383 3075 91 26 anything-

60 3096 137 26 approaching
214 3103 18 15 tu
243 3100 40 20 that
297 3101 95 19 obtained
409 3102 26 25 by
448 3102 35 18 the

62 3120 34 20 No
117 3123 14 21 1,
148 3122 16 19 it
179 3124 39 19 will
234 3126 24 19 bo
270 3127 92 25 possible,
378 3128 40 19 and
437 3128 16 19 it
467 3129 16 18 is

61 3148 106 25 proposed,
185 3149 26 25 by
220 3157 63 14 means
299 3154 21 19 of
333 3161 12 12 a
356 3154 55 20 bbnd
425 3155 58 18 creek

62 3173 43 19 and
122 3174 26 18 its
157 3176 139 27 ramifications,
308 3185 19 14 to
341 3182 61 17 water
421 3180 62 19 about

62 3200 39 18 400
111 3206 71 19 square
192 3202 53 20 miles
254 3206 18 18 of
282 3206 52 19 what
343 3207 16 18 is
373 3207 21 18 at
402 3209 82 17 present

62 3226 129 21 unavailable
208 3232 83 24 country,
309 3233 39 18 and
361 3232 65 21 which
443 3234 42 18 will

63 3257 88 14 increase
170 3253 33 21 tho
211 3257 89 26 carrying
312 3259 91 25 capacity
411 3259 21 19 of
450 3260 34 19 the

65 3283 39 13 nm
122 3279 27 24 by
160 3280 80 21 100.000
254 3282 62 27 sheep.
344 3285 41 19 One
401 3285 45 19 half
464 3286 21 19 of

62 3302 37 21 tho
116 3307 44 17 vast
170 3308 72 18 stream
254 3308 48 21 from
317 3310 31 21 No
362 3302 3 29 I
379 3311 37 19 has
430 3311 55 20 filled

63 3329 70 20 eleven
152 3332 55 19 dams
218 3340 24 12 on
252 3334 30 20 the
295 3336 83 25 Nobino,
397 3338 40 18 and
450 3338 35 19 tho

63 3357 58 19 creek
137 3358 43 19 also
193 3360 32 18 for
242 3367 12 12 a
273 3361 84 21 distance
374 3364 22 19 of
409 3364 75 25 twenty

63 3383 56 18 miles
128 3385 20 17 to
159 3385 33 19 the
202 3387 70 19 station
285 3387 103 27 boundary,
401 3390 39 19 and
450 3390 35 19 tho

64 3409 56 18 other
129 3410 44 19 half
187 3411 36 19 has
233 3413 49 19 been
292 3410 108 31 carried'by
417 3417 68 18 drains

65 3434 31 19 for
105 3435 61 27 thirty
175 3438 57 18 miles
242 3438 54 20 back.
322 3441 40 19 The
373 3442 68 19 drains
451 3449 34 12 are

65 3460 31 19 4ft
104 3462 48 19 wide
171 3464 39 18 and
222 3465 32 19 Din
263 3466 54 25 deep,
331 3468 39 20 smd
379 3475 34 12 are
423 3471 19 17 to
458 3468 26 20 be

65 3486 76 20 further
159 3490 102 20 extended.
289 3492 40 20 The
349 3494 59 25 sheep
423 3498 61 16 water

65 3514 21 16 at
108 3513 51 20 them
181 3517 84 19 without
291 3518 99 28 diffiexdty.
437 3521 47 19 This

65 3539 71 23 system
145 3543 70 18 waters
225 3543 55 25 eight
288 3545 98 24 paddocks
400 3547 19 18 in
430 3547 54 19 what

65 3569 41 14 was
115 3565 34 26 dry
167 3570 87 24 country.
282 3569 21 20 It
310 3571 17 19 is
343 3572 33 20 the
384 3573 98 20 intention

63 3590 134 25 *°.excavatot
263 3590 3 29 [
297 3597 15 18 •:
340 3590 3 29 '
362 3590 2 29 ;
371 3590 1 29 .
391 3606 92 13 conserve

64 3618 35 16 the
116 3620 63 24 water,
194 3622 39 18 and
251 3622 45 26 only
319 3629 44 14 turn
381 3625 34 19 ihe
434 3625 48 20 bore

65 3643 61 18 water
134 3649 24 14 on
167 3646 55 21 when
232 3647 46 27 thoy
286 3651 78 23 require
373 3651 100 23 replenish-

63 3667 49 24 ing.'
395 3665 7 12 l

523 99 188 47 Dwymoon
726 101 59 35 the
799 99 150 38 Outlaw.

498 189 3 26 \
637 189 195 26 [BY'MAJUBA.j

498 249 2 22 1
545 250 42 19 The
604 249 53 20 head
674 250 73 20 station
762 252 17 18 al
798 250 69 20 Crevis
886 250 61 19 Craels

498 275 2 25 2
519 281 40 14 was
568 275 62 25 badly
646 276 88 19 situated
743 278 68 17 at-ouo
828 276 39 19 ond
885 276 22 18 of
915 276 32 18 tho

498 300 1 27 L
499 300 2 27 .
517 308 45 15 run,
581 301 35 19 the
639 308 70 13 reason
734 302 63 25 being
816 302 44 19 that
881 300 66 27 Qrqyis

498 326 2 27 3
518 326 63 20 Greek
599 333 41 13 was
653 327 34 19 the
696 328 48 25 only
752 329 195 24 permanent-water.

498 353 2 26 !
517 353 21 18 It
547 353 41 19 had
604 353 51 19 been
673 353 70 25 placed
752 353 48 19 thus
819 353 128 26 temporarily

498 377 2 28 ,-
517 379 49 18 with
580 377 34 21 the
637 379 98 19 intention
752 379 21 19 of
787 379 87 26 shifting
890 379 57 19 when

498 404 1 21 ,
517 406 62 18 water
598 404 40 19 had
661 405 51 18 been
726 405 108 19 conserved
857 405 21 19 in
891 407 55 18 sbine

498 431 1 24 i
517 436 54 13 more
581 431 75 18 central
665 431 93 24 position.

543 456 28 19 To
581 455 33 20 the
624 456 60 19 south
700 463 50 18 open
761 457 69 19 downs
848 457 98 19 stretched

498 482 1 25 [
517 488 57 18 away
583 483 32 17 lor
625 488 11 12 a
646 482 92 18 hundred
756 483 64 23 miles,
841 483 76 19 broken
927 486 20 21 al.

498 507 1 25 ,
515 507 96 19 intervals
621 507 27 25 by
657 507 41 24 flat,
710 508 157 20 coolibah-lined
877 511 58 17 water-

498 530 1 30 -.
515 540 84 17 courses,
609 533 115 25 ill-defined,
741 530 41 24 and
791 534 85 26 holding
885 536 62 18 water

498 559 1 26 ,
515 560 46 24 only
582 559 33 20 for
637 566 11 13 a
663 560 40 19 few
724 561 73 19 weeks.
826 561 40 19 For
880 560 67 25 -thirty

498 584 1 28 i
514 585 57 19 miles
590 584 68 23 Crevis
681 586 62 19 Creek
768 593 40 12 was
822 588 123 24 permanent,

498 610 1 29 ;
515 611 39 18 and
565 610 90 21 afforded
665 612 65 24 ample
748 615 86 22 country
848 613 31 18 for
889 612 47 27 sliep-

498 636 1 28 !
514 636 87 26 herding
609 637 34 18 the
662 638 85 19 number
761 638 21 19 of
791 638 62 26 sheep
863 638 46 19 then
921 644 24 13 on

498 662 1 27 i
514 662 34 19 the
557 669 45 18 run,
613 662 34 20 the
657 663 46 25 only
714 664 108 20 drawback
831 664 62 25 being
902 664 45 19 that

498 688 1 25 ;
514 688 47 24 they
571 688 40 19 had
620 688 38 20 but
668 695 37 12 one
715 690 42 19 side
768 690 21 19 of
799 690 34 19 the
853 690 57 19 creek
921 696 24 13 on

498 714 1 27 ,
513 714 67 20 which
590 716 18 18 to
627 715 52 20 :':eed,
689 716 33 19 for
735 715 35 20 the
788 718 84 23 country
882 718 20 17 to
914 716 32 19 the

513 741 59 19 north
583 747 39 12 was
634 741 71 19 almost
714 742 111 19 worthless.

540 766 71 20 Across
622 767 33 19 the
674 768 54 18 main
747 768 86 20 channel
846 768 34 25 lay
888 768 57 20 threo

512 793 57 17 miles
592 793 21 19 of
643 792 54 20 thick
727 794 67 25 gidya,
820 794 78 20 broken
918 793 27 26 by

512 824 96 14 numorou
616 825 5 13 i
630 818 115 27 bi'labongs
756 828 5 12 ;
775 821 49 18 then
834 821 34 18 the
878 822 67 23 aspect

513 843 91 26 changed
630 846 20 18 to
681 851 10 13 a
719 849 59 22 stony
800 846 60 20 black
883 847 60 24 gidya

511 869 68 24 forest,
597 870 48 18 with
659 871 61 19 silver
738 878 57 18 grass
809 872 40 18 and
863 871 82 19 stunted

510 894 99 25 saltbusb,
621 894 115 22 distasteful
743 900 22 17 to
773 897 62 24 stock,
848 898 40 18 and
898 904 47 12 over

510 921 66 19 which
585 921 34 19 tho
628 921 61 20 flocks
699 923 67 18 would
773 930 44 11 race
832 923 21 18 ir-
860 923 83 20 rllowed

510 946 31 19 till
552 948 47 23 they
608 954 37 12 ran
654 948 120 20 themselves
784 950 20 17 to
813 955 11 12 a
834 948 106 20 standstill.

510 972 66 26 Sheep
589 974 46 24 only
658 975 71 18 settled
748 974 56 21 down
816 981 25 12 on
860 975 15 18 it
889 974 53 19 after

511 998 33 19 the
562 999 59 19 black
640 1000 62 24 gidya
720 1000 67 19 leaves
804 1000 42 19 had
863 1000 63 19 fallen
936 998 4 26 ;

510 1024 66 19 whilst
583 1025 57 18 these
649 1026 65 19 lasted
728 1026 49 25 they
795 1026 79 19 seemed
883 1027 49 18 satis-

508 1050 39 19 lied
557 1050 40 19 and
606 1050 34 20 did
655 1052 50 19 well.
733 1052 43 19 Tho
786 1052 65 24 cattle,
863 1052 76 19 broken

508 1083 45 12 now
563 1078 20 17 to
590 1076 35 19 the
634 1084 45 17 run,
692 1079 106 18 wandered
809 1078 65 19 where
892 1078 49 24 they

508 1101 60 25 liked,
580 1103 80 24 usually
670 1111 47 11 over
726 1104 35 19 the
771 1104 63 24 creek,
845 1104 37 20 but
888 1103 53 20 after

508 1128 43 19 rain
561 1129 32 19 far
602 1135 66 13 across
681 1130 34 19 tho
724 1137 59 19 open.

533 1154 49 20 This
592 1155 62 19 forest
663 1155 48 20 land
721 1163 44 12 rose
771 1156 107 25 gradually
887 1156 51 19 until

507 1180 15 19 it
538 1181 82 25 merged
636 1181 43 19 into
701 1182 78 23 biykou
801 1189 79 18 ranges,
905 1182 22 19 be-

507 1207 80 25 coming
604 1208 122 24 precipitous
744 1209 86 19 towards
844 1209 33 19 tho
886 1208 52 19 head

507 1232 20 19 of
546 1233 34 19 the
602 1233 64 19 creek.
703 1234 61 24 Here,
790 1236 92 23 amongst
905 1234 34 19 the

506 1259 63 22 rocks,
581 1265 54 18 grew
645 1260 48 24 only
702 1261 82 19 stunted
804 1259 4 25 '
818 1259 104 21 ironbarks
933 1259 4 25 '

506 1285 39 18 and
564 1285 109 26 porcupine
687 1292 95 19 grass—a
797 1287 89 19 harbour
907 1287 31 18 for

508 1310 72 25 blacks,
606 1311 84 26 making
711 1313 55 19 them
786 1313 44 19 bold
848 1313 36 19 and
903 1310 2 27 i
932 1310 4 27 -

505 1337 94 25 gressivq.
641 1337 58 19 After
722 1339 33 19 the
779 1339 81 19 murder
883 1338 21 19 of
927 1344 9 13 a

505 1362 101 26 shepherd
616 1364 38 18 and
675 1363 122 21 destruction
808 1366 20 17 (.1'
837 1365 32 19 his
878 1364 57 24 flock,

504 1388 35 19 the
548 1395 97 20 manager
653 1389 78 21 formed
745 1398 10 12 a
766 1393 117 23 permanent
894 1393 32 16 out-

504 1415 74 19 station
594 1415 62 25 there,
677 1416 38 19 and
725 1417 71 25 placed
811 1424 25 12 an
847 1423 91 13 overseer

503 1441 21 18 in
534 1441 80 25 charge.

529 1510 63 20 There
611 1517 40 15 was
672 1518 24 13 an
712 1512 61 20 awful
792 1513 56 19 to-do
862 1514 21 18 at
901 1512 34 20 the

501 1536 53 20 head
577 1537 79 21 station.
685 1538 42 20 Tho
750 1539 114 26 manager's
884 1539 52 20 little

502 1562 159 28 daughter—six
675 1571 58 19 years
752 1565 101 20 old—had
869 1564 55 27 disap-

501 1589 75 26 peared
585 1597 5 11 :
620 1590 104 22 wandered
747 1597 57 20 away
828 1591 105 21 unnoticed

501 1616 52 20 after
577 1617 46 19 wild
644 1617 84 20 flowers.
755 1617 34 21 All
804 1617 34 21 the
861 1617 72 21 station

503 1641 61 21 hande
590 1643 38 20 and
653 1643 33 20 the
709 1643 38 21 few
768 1643 68 21 blacks
851 1645 81 19 allowed

501 1668 63 20 about
574 1668 34 21 the
626 1670 116 20 homestead
759 1670 40 20 had
810 1671 72 19 turned
892 1673 40 23 out,

501 1694 37 20 but
557 1696 52 19 after
632 1697 131 25 twenty-four
777 1697 68 20 hours'
864 1697 70 20 search

500 1722 95 20 returned
618 1723 143 20 unsuccessful.
799 1723 42 21 The
863 1723 70 21 blacks

500 1747 41 20 had
550 1748 63 20 found
632 1750 35 18 tho
677 1749 70 20 child's
767 1750 67 20 tracks
844 1750 90 26 crossing

500 1773 34 20 the
543 1775 64 23 creek,
620 1776 39 19 and
677 1776 40 19 had
733 1776 94 21 followed
844 1777 54 19 them
908 1784 25 12 on

500 1802 20 17 to
543 1803 58 23 stony
620 1804 88 22 country,
734 1803 67 19 where
816 1803 52 20 their
882 1804 51 18 keen

500 1832 45 19 eyes
568 1827 41 19 had
623 1828 52 19 been
697 1828 80 20 baffled.
805 1829 43 19 The
866 1829 67 20 father

500 1859 40 12 was
558 1853 114 20 distracted.
700 1854 89 26 Equally
813 1856 46 18 vain
882 1862 50 13 wire

499 1878 32 19 his
550 1880 97 24 promises
667 1880 39 19 and
720 1881 77 18 threats
808 1878 4 28 ;
834 1882 34 19 the
882 1882 50 24 boys

499 1905 47 25 only
555 1906 71 19 looked
637 1906 85 25 sullenly
730 1909 21 17 at
762 1907 33 19 tho
804 1908 77 24 ground
893 1908 39 19 and

500 1931 68 19 said—

526 1957 12 21 '
538 1957 52 21 Baal
620 1958 54 19 mine
701 1959 92 20 look-out
819 1960 55 19 track
898 1960 22 20 be-

500 1983 75 26 longin'
594 1986 20 18 to
628 1985 119 26 piccaninny
759 1983 3 28 !
778 1986 47 19 You
839 1986 92 20 feteh-im

500 2009 229 28 Dwymoon—budgery
760 2012 80 19 tracker
870 2012 45 26 Dwy-

500 2042 55 14 moon
569 2037 10 18 '.'

526 2062 25 20 In
561 2063 79 26 despair
649 2063 26 19 ho
684 2066 21 17 at
712 2063 39 21 last
761 2064 122 26 despatched
893 2067 38 18 two

500 2088 21 19 of
531 2089 54 19 them
603 2089 31 19 for
644 2089 117 26 Dwymoon;
782 2091 85 25 bidding
878 2092 53 18 them

499 2115 86 24 promise
595 2115 42 19 him
644 2116 107 25 immunity
761 2117 52 19 from
823 2117 58 19 harm
891 2118 40 18 and

499 2146 11 12 a
520 2141 42 18 free
571 2141 78 25 pardon
656 2142 17 18 if
681 2142 26 19 be
717 2149 61 13 came.
940 2141 1 27 |

525 2165 52 20 Now
591 2165 111 26 Dwymoon
720 2174 41 12 was
776 2169 87 19 credited
882 2169 32 19 wit
920 2170 21 18 hi

498 2191 64 27 being
570 2192 69 19 loader
648 2193 20 19 of
677 2193 33 19 tho
719 2193 96 21 mobthat
825 2195 106 19 murdered

498 2217 94 27 Meegan,
604 2218 35 19 the
648 2218 105 27 shepherd,
775 2221 40 18 and
834 2221 60 19 drove
903 2221 29 19 off
946 2215 1 30 '

498 2247 47 22 part
563 2244 22 20 of
594 2245 31 18 his
635 2245 51 19 Hock
696 2242 71 23 to'the
785 2253 69 18 range,
865 2247 66 19 whore

498 2270 49 25 thoy
557 2277 51 12 were
627 2271 63 20 found
703 2271 50 20 with
762 2272 44 26 legs
826 2273 76 19 broken
910 2276 21 16 to
946 2270 1 28 '

498 2299 81 22 present
599 2297 56 19 them
677 2298 52 20 from
760 2299 93 26 straying
879 2300 51 18 until

498 2323 81 19 wanted
601 2323 31 19 for
647 2322 4 27 '
659 2324 85 25 pahter.'
772 2324 34 21 No
824 2325 64 20 doubt
905 2326 26 19 he
946 2322 1 27 '

499 2355 41 14 was
554 2350 35 18 not
608 2350 83 19 accused
707 2350 82 19 without
800 2358 81 14 reason;
897 2352 34 19 the
946 2347 1 25 :

499 2376 120 24 temptation
638 2378 20 17 to
668 2376 37 19 kill
723 2377 41 18 had
774 2377 51 19 been
834 2379 76 25 strong-

500 2400 33 20 the
555 2401 85 20 careless
664 2402 100 26 shepherd
787 2410 40 14 was
841 2404 50 19 such
905 2411 24 13 an

499 2433 46 18 easy
555 2434 55 18 prey.

524 2453 101 20 Whether
638 2454 26 19 ho
682 2462 40 12 was
734 2455 33 20 'in
782 2456 15 19 it
808 2453 3 29 '
823 2463 21 12 or
854 2458 39 24 not,
904 2457 25 19 he

498 2486 42 13 was
547 2480 71 19 absent
632 2481 53 19 from
696 2480 4 28 '
712 2482 33 19 the
755 2488 58 20 camp
825 2480 3 28 '
839 2483 56 19 when
914 2483 17 20 it

499 2513 41 12 was
547 2507 90 18 rounded
651 2514 28 18 up
697 2508 31 19 for
743 2509 136 24 punishment,
891 2510 38 18 and
946 2507 1 26 '

499 2539 21 12 so
531 2532 31 20 for
577 2539 11 13 a
598 2532 48 21 time
665 2534 83 25 escaped
764 2534 35 20 the
813 2534 42 20 fate
869 2536 21 19 of
899 2535 30 20 his
946 2530 1 29 '

498 2559 135 24 companions.

525 2585 63 20 Black
599 2592 22 12 as
632 2585 69 27 ebony,
714 2586 34 20 tall
760 2587 40 19 and
810 2587 85 25 lissome,
905 2588 25 19 he

498 2617 42 14 was
563 2611 18 19 in
606 2611 99 27 physique
733 2613 40 19 and
795 2614 134 26 intelligence,

499 2637 63 20 above
573 2637 34 20 tho
623 2645 85 20 average;
729 2640 19 19 af
762 2640 70 18 inland
846 2640 83 20 natives.
946 2637 1 28 •

498 2663 59 20 None
566 2670 50 14 wore
631 2672 20 11 so
668 2665 64 19 clever
755 2668 20 16 at
790 2666 91 27 stalking
899 2666 31 20 the

500 2697 45 12 emu
556 2696 21 14 or
595 2691 89 25 snaring,
703 2691 49 20 with
767 2692 120 24 hair-noose,
898 2693 32 19 the

499 2716 83 20 bustard
594 2716 3 29 ;
613 2724 51 12 none
683 2724 20 12 so
723 2718 42 18 deft
776 2720 20 18 at
815 2718 116 27 fashioning

499 2743 48 18 with
572 2743 49 19 shell
646 2743 39 19 and
699 2745 105 19 stone-axe
825 2745 34 19 tho
881 2746 50 18 rude
946 2743 1 24 |

499 2769 126 24 implements
639 2769 21 20 of
675 2770 60 19 chase
745 2776 22 14 or
785 2771 91 19 warfare.
904 2771 27 19 At

499 2795 49 19 bora
568 2802 20 13 or
606 2795 116 21 corroboree
731 2796 26 20 he
776 2796 32 20 led
818 2797 35 19 tho
862 2798 67 23 dance,
946 2794 1 27 '

500 2822 129 25 grotesquely
644 2822 82 25 painted
742 2823 39 18 and
791 2823 109 25 disguised,
910 2831 21 11 or

500 2849 21 17 at
531 2847 34 19 the
575 2848 46 18 tires
634 2849 69 24 facing
712 2849 34 19 tho
755 2849 81 19 wurlies
846 2850 85 18 chanted

499 2873 85 25 legends
590 2875 21 18 of
618 2874 63 21 battle
689 2875 40 19 and
738 2877 96 23 mystery.
862 2877 29 17 As
900 2877 31 18 for

501 2899 98 27 tracking,
615 2900 25 19 he
659 2901 58 19 could
726 2901 57 19 track
792 2902 41 19 like
841 2909 12 12 a
862 2902 57 19 blood-

499 2926 76 19 hound.

526 2952 40 19 For
576 2952 55 19 three
641 2960 57 18 years
708 2953 25 20 he
743 2953 41 21 had
792 2955 138 26 disappeared,
946 2952 1 29 '

500 2978 57 25 lying
567 2979 74 19 hidden
658 2980 19 18 in
688 2980 34 19 the
740 2981 109 20 fastnesses
863 2981 21 20 of
898 2981 33 19 the

500 3011 69 18 range.
611 3005 56 19 Then
689 3006 26 19 he
747 3008 101 24 appeared
871 3007 61 26 again
946 3005 1 29 ;

501 3032 89 24 amongsl
604 3031 37 20 the.
646 3031 143 22 half-civilised
808 3034 69 19 blacks
888 3034 44 19 who

500 3056 78 21 hunted
595 3063 25 14 on
630 3057 33 20 the
679 3065 61 19 verge
754 3060 21 18 of
793 3060 34 19 the
837 3060 95 26 occupied

501 3088 89 20 country,
611 3084 70 25 warily
699 3085 96 26 avoiding
814 3087 34 18 the
864 3086 69 20 casual

501 3109 103 20 stockman
622 3110 19 19 in
665 3112 68 17 search
756 3111 22 20 of
791 3114 71 24 strays.
891 3113 42 18 The

501 3136 84 19 warmth
615 3136 21 19 of
665 3137 33 18 the
729 3137 134 27 hue-and-cry
893 3138 39 20 had

501 3161 84 24 abated;
601 3162 36 19 but
655 3162 26 19 he
700 3171 40 11 was
753 3164 40 19 still
813 3171 24 13 an
852 3165 80 25 outlaw,

501 3187 62 20 liable
580 3190 19 17 to
615 3188 26 19 bo
651 3189 45 19 shot
706 3194 20 16 at
745 3190 61 25 sight.
834 3192 48 18 This
893 3198 39 13 was

501 3213 35 20 the
549 3214 79 20 tracker
646 3216 66 19 whom
727 3216 34 19 the
776 3216 49 26 boys
846 3225 49 12 were
913 3224 20 13 to

501 3239 61 26 bring
573 3241 14 19 if
604 3241 47 24 they
660 3242 62 20 could.

532 3292 133 29 'Piccaninny
682 3302 40 19 yan
731 3296 63 25 longa
804 3296 61 25 there,
874 3298 45 24 Dwy-

503 3326 59 12 moon
573 3319 14 20 ?'
602 3321 41 19 said
665 3322 31 19 the
711 3329 97 18 manager
822 3324 111 25 anxiously.

503 3346 112 24 Dwymoon
629 3348 46 24 only
693 3348 93 26 grunted,
799 3350 39 18 and
856 3350 77 25 pushed

504 3371 34 19 the
548 3372 44 19 hair
604 3373 48 20 from
662 3374 31 20 his
700 3374 107 21 bloodshot
817 3382 51 18 eyes.

531 3397 80 26 'Youi,'
622 3400 44 18 said
680 3401 76 24 Tandy,
768 3401 34 19 the
818 3402 59 19 black
887 3402 45 23 boy.

504 3424 64 19 'That
584 3432 37 12 one
637 3428 35 23 got
686 3427 28 19 im
736 3427 131 21 track—baal
892 3434 41 15 taut

501 3450 68 20 fellow
578 3450 78 21 lose-im
667 3454 62 19 now!'

529 3476 42 19 The
580 3477 50 26 boys
639 3478 41 20 had
696 3480 51 19 been
757 3480 61 25 lucky
828 3481 20 19 in
856 3481 77 26 finding

502 3502 35 19 the
547 3503 78 21 outlaw,
630 3504 21 19 in
666 3511 11 13 a
687 3512 56 20 camp
754 3508 34 18 not
806 3514 61 17 many
876 3507 62 19 miles'

501 3529 53 19 from
563 3529 34 19 tho
606 3530 52 19 head
677 3533 78 22 station,
776 3533 38 19 for.
825 3530 41 22 like
875 3533 28 19 all
913 3533 20 19 oi

501 3554 31 20 his
551 3561 50 19 race,
626 3556 25 19 he
670 3564 39 12 was
723 3559 89 24 doficipni
837 3559 20 20 in
881 3559 42 19 fore-

501 3580 93 26 thought,
620 3583 39 18 and
682 3587 92 22 amongst
793 3584 34 20 the
846 3585 47 20 mob
907 3585 25 19 he

501 3606 87 26 thought
607 3608 81 20 himself
697 3611 48 19 safe.
775 3610 53 20 Such
838 3618 11 12 a
858 3618 48 12 man
916 3611 21 20 is.

501 3633 69 19 feared
593 3635 40 18 and.
656 3635 89 21 admired
768 3637 26 25 by
818 3637 34 19 tho
874 3637 58 19 other

503 3658 73 21 blacks.
605 3662 28 18 As
651 3662 49 26 long
719 3669 21 13 as
759 3662 25 20 he
798 3663 17 19 is
830 3669 89 20 compara-

501 3685 61 26 tively
572 3687 43 19 safe
632 3687 52 21 he-is
697 3689 104 25 protected
810 3685 4 29 ;
830 3692 66 16 scouts
905 3696 25 12 on

500 3711 34 22 the
544 3713 97 20 outskirts
653 3714 21 19 of
682 3715 35 19 tho
726 3721 57 20 camp
793 3722 56 13 warn
858 3715 43 20 him
910 3717 21 18 of

501 3737 86 25 danger.'
611 3739 41 21 But
670 3740 28 21 lot
711 3740 43 23 him
773 3748 47 12 once
834 3742 25 19 be
874 3742 57 24 hotly
946 3737 1 29 '

500 3763 83 26 hunted,
594 3766 40 19 and
644 3773 49 13 oven
707 3766 31 21 his
747 3773 80 14 nearest
837 3768 93 19 relatives

500 3792 41 19 will
550 3794 47 17 turn
606 3793 40 18 and
655 3794 59 18 assist
721 3793 31 21 his
761 3800 101 18 pursuers.
881 3794 49 19 This

500 3818 17 19 is
527 3818 34 19 tho
574 3819 81 19 natural
663 3819 80 19 instinct
751 3825 21 14 oi
779 3819 34 20 the
822 3820 108 25 predatory

500 3844 94 20 mammal
605 3844 3 26 ;
624 3845 34 18 the
680 3844 41 21 itch
743 3847 21 18 to
786 3845 43 25 join
853 3846 21 19 in
896 3846 33 19 the

500 3871 111 19 chase—no
621 3872 72 18 matter
710 3871 45 20 who
774 3871 35 20 the
818 3872 111 19 victim—is

498 3897 125 20 ■irresistible.
946 3897 1 20 I

528 3924 57 23 Once,
597 3924 52 19 after
665 3931 12 12 a
688 3923 4 26 '
700 3923 111 26 dispersal'
830 3924 21 19 of
860 3924 69 20 blacks

500 3949 28 21 by
550 3950 67 19 native
639 3950 69 25 polico,
728 3950 34 19 the
776 3951 90 24 troopers
878 3957 51 13 were
946 3949 1 26 :

503 3975 61 20 round
573 3975 99 26 gathered
684 3976 66 20 round
758 3975 34 20 tire
811 3975 54 24 body
874 3976 22 20 of
904 3983 24 13 an
946 3975 1 26 :

501 4001 40 19 old-
569 4008 53 18 man,
653 4002 99 25 laughing
783 4003 146 24 uproariously,
946 4001 1 26 :

500 4027 68 21 Asked
578 4028 54 20 what
648 4029 82 19 amused
740 4028 61 23 them',
822 4035 41 17 one,
875 4030 54 18 amid

500 4053 68 21 bursts
583 4055 20 19 of
626 4055 98 25 laughter,
749 4055 93 24 pointing
860 4057 20 17 to
895 4055 34 21 tho

500 4086 74 20 corpse,
585 4081 110 25 spluttered
704 4084 40 20 out,
758 4081 3 25 '
769 4081 61 25 Why,
842 4081 44 21 that
893 4089 36 13 one

500 4107 85 26 p'farclir
594 4106 102 27 belongih'
707 4110 19 17 to
735 4113 33 14 mo
778 4106 20 27 !!'

994 100 73 19 Across
1089 101 35 18 the
1138 100 4 29 ,
1155 103 59 26 stony
1236 103 80 18 surface
1347 105 53 16 went

949 125 1 28 •
969 125 115 25 Dwymoon,
1104 126 93 20 followed
1211 127 28 25 by
1253 128 34 19 tho
1302 135 98 18 manager

969 152 39 18 and
1018 153 34 18 the
1058 153 56 24 boys.
1143 152 124 25 Sometimes,
1276 154 66 19 whero
1352 154 47 20 rock

968 184 52 17 gave
1038 179 57 24 place
1110 179 73 23 to'soil,
1194 179 26 19 ho
1234 180 67 18 would
1319 182 44 22 stop
1378 182 21 16 to

968 203 57 24 point
1034 207 35 15 out
1086 212 11 10 a
1107 210 65 12 scarce
1182 205 118 18 discernible
1316 206 72 24 impres-

968 229 49 23 sion,
1037 236 23 12 or
1065 228 42 25 lift,
1125 229 69 21 with'a
1209 233 68 22 grunt,
1287 237 9 11 a
1309 233 50 16 sh-m
1378 231 21 18 of

949 253 1 22 '
968 253 33 20 tho
1013 255 46 19 wild
1068 256 61 18 heath
1145 256 85 19 to'show
1248 257 66 18 whero
1322 257 17 18 it
1357 257 42 18 had

949 279 1 26 •
967 279 52 20 been
1041 281 83 19 broken.
1160 281 30 20 On
1209 282 53 23 thus,
1277 282 61 18 stolid
1359 283 38 17 and

949 305 1 27 -
967 305 65 25 silent,
1056 308 52 18 until
1124 308 37 22 .the
1182 307 101 20 shadows,
1296 308 102 24 deepened

949 332 1 26 •
967 332 39 19 and
1017 333 33 18 the
1060 333 47 19 blue
1121 333 64 20 abovo
1201 333 92 25 changed
1302 335 20 17 to
1332 340 12 12 a
1358 336 41 16 soft

968 356 38 21 tint
1015 358 22 19 of
1045 359 107 25 amethyst.
1164 356 2 29 ■
1181 360 103 18 Darkness
1296 361 22 17 at
1326 359 72 26 length

949 384 1 26 1
966 384 110 24 compelled
1087 386 53 18 them
1147 387 20 16 to
1174 387 46 23 stop
1226 386 53 18 until
1282 385 38 25 day
1324 385 74 19 should

949 410 1 23 '
966 410 61 23 again
1037 410 72 19 enable
1119 411 54 18 them
1183 413 20 16 to
1213 412 73 19 follow.

993 435 86 25 Strange
1086 436 44 19 that
1138 443 21 12 so
1166 443 70 18 young
1246 444 10 11 a
1265 437 52 18 child
1324 436 73 19 should

949 458 1 29 I
966 462 63 18 travel
1052 469 21 11 so
1092 463 32 18 far
1147 469 47 12 over
1216 462 67 25 rough
1305 465 91 22 country.

949 485 1 28 .
969 485 56 27 Hope
1044 488 41 19 and
1093 488 45 19 fear
1146 488 61 25 impel
1222 488 34 19 the
1274 488 39 19 lost
1329 495 38 12 one
1377 491 20 16 to

966 511 49 26 keep
1034 514 83 25 moving
1132 515 53 18 until
1198 514 112 19 exhausted
1324 516 73 17 nature

965 539 54 24 steps
1039 540 25 18 in.
1163 548 21 10 so
1203 540 48 19 with
1271 540 34 18 tho
1328 547 69 17 young

965 565 21 17 of
1004 566 85 18 animals
1100 565 3 21 ;
1118 567 80 17 instinct
1210 566 78 19 teaches
1303 566 54 18 them
1377 568 20 15 to

964 591 45 24 stay
1027 591 66 20 -whoro
1103 592 44 21 lost,
1158 592 32 19 for
1204 594 20 16 to
1234 592 109 25 that'place
1363 591 34 19 tho

965 615 46 19 dam
1021 617 41 19 will
1070 618 68 25 surely
1148 622 75 15 return.

992 639 73 29 Slowly
1089 643 34 20 the
1141 645 62 17 hours
1223 644 72 25 passed
1314 645 24 20 .to
1361 643 35 19 tho

964 668 85 20 anxious
1067 670 74 24 father,
1152 670 100 25 straining
1265 670 33 18 his
1313 676 44 13 oars
1376 672 20 16 to

964 694 56 19 catch
1030 695 33 19 the
1069 695 84 19 faintest
1162 696 70 23 sound,
1240 695 53 19 until
1301 695 26 19 ho
1337 695 59 19 could

949 718 1 27 1
966 718 57 27 fancy
1032 721 45 19 that
1087 721 25 19 he
1122 722 61 19 heard
1194 722 32 19 his
1239 721 71 20 child's
1319 721 77 20 distant

963 751 39 18 ovy.
1030 746 20 19 It
1073 754 41 12 was
1133 748 47 24 only
1194 747 40 20 the.
1250 747 79 20 whistle
1348 747 22 19 of
1383 754 13 12 a

962 773 109 24 porcupine
1081 773 62 20 borno
1160 781 25 11 on
1196 774 34 18 the
1239 774 54 18 wind
1307 774 52 17 from
1369 779 26 13 an

964 796 91 26 adjacent
1065 799 64 25 ridgo'.
1156 800 43 19 Tho
1208 800 71 19 blacks
1296 799 99 25 gathered

962 823 65 19 round
1045 831 11 12 a
1072 825 37 19 fire
1127 825 22 20 of
1157 825 62 20 sticks
1233 826 40 18 and
1288 825 69 18 talked
1373 825 21 18 in

962 849 93 20 subdued
1071 853 58 17 tones
1140 852 51 18 until
1206 852 33 19 the
1258 851 58 18 small
1325 852 69 23 hours,

964 874 56 20 when
1039 876 48 26 thoy
1105 877 35 18 fell
1159 878 42 18 into
1215 878 66 24 heavy
1297 876 95 20 slumber.

962 900 41 28 '.'-'.•:.-
1011 908 99 20 manager,
1123 906 19 15 at
1153 903 32 19 the
1194 903 42 20 first
1243 904 45 24 sign
1296 903 21 19 of
1326 903 65 24 dawn,

951 927 82 20 ■•roused
1055 929 61 19 them.
1145 929 28 19 To
1194 929 32 19 his
1245 929 147 19 consternation

960 952 41 19 and
1011 953 79 27 despair
1100 955 111 24 Dwymoon
1224 962 41 13 was
1274 956 90 24 missing.

986 977 58 21 JcLmA.
1075 988 9 12 o
1103 981 90 19 deserted
1213 982 64 22 when,
1297 981 93 25 perhaps,

960 1003 47 25 only
1025 1012 12 12 a
1049 1007 48 19 mile
1157 1010 39 16 two
1211 1007 105 26 separated
1336 1007 56 19 them

960 1028 50 21 from
1020 1031 34 19 iho
1064 1032 39 20 lost
1112 1038 38 14 one
1160 1028 4 29 !
1185 1033 70 19 iCWt
1269 1033 78 24 though
1357 1033 35 19 the

959 1054 88 22 distance
1056 1059 67 25 might
1134 1059 29 24 be,
1175 1058 54 19 what
1241 1059 100 25 cwtainty
1352 1066 39 12 was

959 1080 56 21 there
1034 1085 21 17 of
1064 1092 77 12 success
1155 1084 68 19 unless
1232 1085 28 24 by
1277 1085 96 18 traiV'i'-
1383 1085 9 19 ?

957 1107 46 19 And
1027 1109 35 20 the
1081 1110 196 25 blackboys—could
1296 1110 49 25 thoy
1368 1118 22 11 or

958 1134 66 20 would
1046 1136 49 26 thoy
1118 1137 92 19 continue
1220 1136 9 20 ?
1270 1136 55 25 They
1348 1137 41 18 had

958 1158 82 28 already
1049 1162 92 20 declared
1150 1163 48 25 they
1208 1163 56 19 could
1276 1165 40 17 not.

984 1186 73 25 (There
1075 1189 18 20 is
1103 1196 12 13 a
1133 1189 82 25 general
1229 1189 62 19 belief
1300 1189 45 19 that
1361 1188 28 19 all

957 1210 69 21 blacks
1045 1221 34 12 arc
1093 1216 94 19 trackers.
1216 1215 34 19 All
1268 1215 70 19 blacks
1352 1221 37 12 can

958 1238 53 19 track
1032 1247 24 12 on
1067 1242 54 24 good
1135 1243 84 23 country
1229 1238 3 28 ;
1248 1242 37 18 but
1295 1248 25 12 on
1337 1241 43 19 diffi-

957 1263 40 20 cult
1020 1267 78 23 ground
1119 1268 45 25 only
1182 1267 31 20 tho
1232 1267 95 20 cleverest
1349 1268 38 18 and

958 1292 46 17 most
1018 1293 99 23 practised
1129 1301 34 12 can
1176 1293 65 20 follow
1252 1300 12 12 a
1274 1293 62 26 trail.)

982 1315 106 29 However,
1100 1320 115 25 something
1225 1322 53 16 must
1294 1320 25 18 bo
1329 1319 58 20 done.

959 1341 108 26 Dwymoon
1076 1345 42 20 had
1128 1353 56 19 gono,
1202 1346 40 19 and
1253 1346 43 18 that
1310 1352 42 13 was
1361 1352 26 12 an

956 1368 39 19 end
1013 1370 21 19 of
1042 1370 22 20 it.
1093 1372 101 25 The-boys
1209 1372 53 23 then,
1280 1372 64 24 urged
1360 1371 27 25 by

956 1393 56 23 their
1030 1399 80 22 master,
1133 1398 61 20 threw
1208 1398 120 19 themselves
1352 1400 35 17 out

955 1420 92 25 fan-like,
1072 1424 40 20 and
1131 1425 66 25 began
1220 1424 123 25 laboriously
1366 1426 21 17 to

955 1445 44 26 pick
1023 1455 28 18 up
1084 1450 33 19 the
1147 1452 52 18 trail.
1241 1451 42 18 The
1312 1450 73 25 father,

955 1473 106 26 anxiously
1079 1478 98 25 scanning
1191 1477 34 19 the
1240 1476 84 26 ground,
1345 1483 41 14 was

955 1499 71 21 roused
1044 1501 28 26 by
1091 1509 11 13 a
1119 1503 60 20 shout
1192 1504 53 19 from
1261 1509 37 13 one
1316 1503 22 19 of
1352 1503 33 20 tho

954 1531 50 19 men,
1018 1527 39 19 and
1063 1528 73 21 looked
1146 1536 33 20 up.
1208 1530 71 20 Across
1285 1529 34 20 tho
1327 1529 58 20 rocks

954 1557 54 15 came
1031 1553 117 28 Dwymoon,
1173 1556 31 20 his
1228 1556 64 20 whole
1317 1558 68 24 aspect

966 1577 2 27 :
973 1577 2 27 '
985 1579 59 25 mged
1063 1582 40 19 and
1114 1582 31 20 his
1158 1583 90 19 features
1257 1582 81 20 relaxed
1352 1583 33 19 for

954 1603 31 20 ihu
993 1604 43 22 first
1042 1606 48 22 time
1097 1609 20 19 in
1126 1616 11 13 a
1145 1609 63 20 broad
1215 1610 52 25 grin.
1295 1609 7 19 J
1307 1608 77 22 'ercked

954 1636 23 13 on
989 1630 29 21 his
1029 1632 96 24 shoulder
1135 1642 40 14 was
1185 1636 34 20 the
1229 1635 85 27 missing
1323 1635 59 26 child,

954 1656 98 29 laughing
1078 1661 44 21 ivitb
1154 1662 83 27 delight,
1261 1663 35 19 her
1319 1661 65 22 hands

954 1682 69 23 buried
1039 1686 50 27 deep
1097 1687 22 21 in
1134 1689 30 20 his
1175 1689 56 26 curly
1241 1696 45 19 mop
1296 1689 21 19 of
1332 1689 50 20 hair,

978 1711 109 26 Dwyniooi]
1107 1714 40 20 had
1166 1716 52 20 been
1232 1722 71 17 aware,
1324 1715 59 19 when

952 1736 96 22 darkness
1066 1741 111 26 compelled
1190 1742 43 20 him
1251 1745 21 17 to
1289 1741 94 21 abandon

952 1762 33 21 the
1005 1765 60 25 track,
1077 1766 46 20 that
1131 1767 34 21 tho
1180 1769 53 19 child
1251 1776 41 12 was
1302 1773 34 14 not
1351 1768 32 20 far

952 1788 69 22 ahead.
1050 1792 70 21 Seized
1129 1794 28 25 by
1166 1801 12 13 a
1194 1795 76 19 sudden
1282 1795 55 19 freak
1357 1794 26 21 he

951 1818 53 24 crept
1024 1824 57 17 away
1090 1820 21 18 in
1121 1820 35 20 the
1172 1821 60 25 night
1246 1823 19 18 to
1276 1822 66 18 where
1357 1821 25 20 ho
1399 1818 1 29 ,

951 1842 58 19 could
1027 1844 46 25 pick
1091 1852 28 20 up
1139 1847 34 19 the
1186 1848 48 19 trail
1251 1848 74 23 afresh,
1343 1848 39 18 and

952 1867 57 21 when
1018 1870 93 27 daylight
1128 1873 85 19 enabled
1223 1874 48 23 him,
1288 1874 94 19 followed

951 1897 15 16 it
985 1897 19 17 to
1015 1896 63 21 where
1097 1899 26 18 ho
1133 1899 40 19 had
1187 1900 64 20 found
1266 1901 41 18 her.
1335 1901 47 18 And

951 1923 34 16 tie
994 1921 116 23 child—sho
1121 1932 40 13 was
1171 1933 51 12 none
1232 1927 35 19 the
1277 1933 63 13 worse
1350 1927 32 19 for

950 1946 37 19 her
994 1950 133 26 wanderings.
1156 1951 71 21 Water
1237 1960 40 12 was
1286 1953 94 26 plentiful

950 1972 21 19 in
980 1974 35 19 tho
1034 1976 79 24 gullies,
1132 1978 34 19 the
1175 1979 69 24 nights
1259 1986 51 12 were
1324 1979 56 24 mild,

950 1999 41 20 and
996 2007 26 13 on
1029 2007 59 20 every
1093 2004 59 26 ridge
1162 2011 54 19 grow
1224 2005 34 19 the
1267 2005 38 20 low
1313 2005 57 20 black-

950 2025 59 25 berry
1020 2029 89 23 peculiar
1119 2035 19 14 to
1149 2031 43 18 that
1202 2031 77 26 region.

976 2050 42 21 Tho
1028 2055 74 20 outlaw
1112 2063 40 12 was
1162 2058 58 19 made
1230 2058 59 19 much
1300 2058 20 20 of
1330 2058 52 20 after

950 2077 33 21 t;ho
994 2082 68 17 return
1073 2084 20 15 to
1103 2082 34 19 the
1147 2082 80 26 station,
1239 2084 37 19 but
1292 2085 88 18 received

954 2104 21 18 .ill
987 2105 97 22 advances
1102 2109 85 19 towards
1206 2110 111 26 friendship
1334 2111 45 18 witii

952 2130 54 20 stolid
1020 2132 134 22 indifference
1182 2136 43 18 The
1236 2137 39 23 gift
1284 2136 22 19 of
1316 2130 3 30 ;
1332 2138 39 17 toni-

951 2155 58 16 tinr-cn
1018 2155 4 17 '
1032 2159 65 12 n-,,,.1/1
1161 2167 5 5 ~
1227 2155 16 16 /-
1256 2162 6 9 i
1270 2162 32 9 ...t_
1312 2162 24 10 i.„

1037 2172 9 6 ,,
1052 2172 25 6 „„
1079 2172 20 6 ivt
1108 2169 2 19 -
1120 2174 17 5 llt
1177 2172 41 9 iuijtjt
1229 2172 17 9 u,
1256 2172 11 8 J(
1273 2172 29 9 lUiv
1312 2169 65 19 UUjJpJ

950 2182 30 18 for
991 2189 11 12 a
1012 2184 58 20 while
1082 2182 4 27 ;
1171 2187 33 20 tho
1215 2188 55 19 weed
1281 2188 64 19 lasted
1356 2190 24 17 he

949 2209 83 19 smoked
1056 2212 146 26 continuously.
1239 2214 34 19 All
1293 2214 40 25 day
1355 2215 26 19 he

951 2235 65 19 would
1025 2237 26 19 sit
1061 2244 25 13 on
1096 2245 13 12 a
1117 2238 35 26 log
1161 2247 50 12 near
1220 2240 34 19 tho
1266 2241 112 25 stockyard,

950 2260 58 20 silent
1031 2264 40 18 and
1089 2265 72 20 almost
1175 2267 115 19 motionless
1301 2260 4 31 ;
1324 2274 56 13 more

949 2286 40 20 like
1008 2294 10 13 a
1033 2289 85 21 chained
1136 2292 58 26 eagle
1208 2293 50 19 than
1281 2293 99 27 anything

949 2313 45 19 elso.
1023 2315 98 28 Clothing
1129 2319 80 20 seemed
1223 2320 107 25 especially
1339 2320 30 19 irk-

949 2345 53 14 some
1011 2342 21 18 to
1041 2342 48 20 him.

975 2366 41 19 Tho
1025 2374 99 21 manager
1133 2371 40 20 had
1182 2379 11 12 a
1203 2372 59 20 letter
1272 2375 19 17 to
1301 2373 48 19 send
1360 2376 20 16 to

949 2392 34 19 tho
993 2393 96 21 Overseer
1098 2398 21 17 at
1129 2398 34 18 the
1173 2398 53 20 head
1236 2400 21 18 of
1271 2399 33 20 tho
1314 2400 63 19 creek.

949 2418 42 20 who
1010 2419 40 21 had
1060 2421 64 20 heard
1138 2425 86 26 nothing
1239 2426 21 18 of
1278 2426 34 19 the
1326 2426 54 19 child

949 2444 62 27 being
1018 2446 39 20 lo&t
1076 2449 41 19 and
1125 2449 71 21 found.
1223 2452 44 20 The
1275 2452 65 20 hands
1360 2456 17 15 at

949 2471 33 19 the
992 2473 73 19 station
1074 2481 51 13 were
1135 2476 57 25 busy.
1221 2478 56 25 Why
1286 2482 35 16 not
1331 2479 49 19 send

949 2497 127 26 Dwymoon?
1115 2502 39 19 His
1173 2498 52 31 'long
1248 2505 42 25 legs
1313 2505 67 19 would

949 2524 57 19 make
1025 2525 53 25 light
1096 2528 21 18 of
1126 2528 34 20 the
1175 2529 127 28 intervening
1316 2531 64 25 thirty

949 2550 61 20 miles.
1037 2549 28 23 At
1076 2555 78 19 sunrise
1164 2562 37 13 ono
1210 2557 95 25 morning
1322 2557 55 24 then,

949 2576 115 26 Dwymoon,
1076 2580 50 20 with
1135 2581 34 19 the
1179 2582 59 20 letter
1248 2584 57 18 stuck
1314 2584 21 18 in
1345 2583 35 19 the

949 2603 37 19 end
1005 2605 20 18 of
1044 2612 11 12 a
1070 2606 48 19 cleft
1136 2608 55 25 stick,
1213 2609 76 20 started
1304 2616 25 13 on
1347 2610 33 20 his

949 2635 89 21 journey.

978 2682 88 26 Day,was
1073 2684 92 29 drawing
1171 2689 19 18 to
1197 2694 12 14 a
1219 2688 58 21 close.
1306 2689 74 21 Round

949 2708 148 23 thowatorhole
1107 2715 21 16 at
1137 2713 35 20 tho
1179 2716 119 19 out-station
1307 2724 11 11 a.
1329 2716 51 20 flock

949 2734 20 19 of
988 2736 70 24 galahs
1076 2738 70 20 circled
1156 2740 49 20 with
1220 2742 57 25 noisy
1295 2743 83 19 chatter.

954 2760 36 20 l-he
1009 2762 34 24 air,
1062 2764 66 25 heavy
1138 2766 39 19 and
1191 2769 120 24 oppressive,
1327 2769 42 19 indi-

949 2787 56 20 cated
1028 2797 9 10 a
1057 2790 85 26 change.
1170 2793 42 19 Not
1226 2800 12 13 a
1256 2795 58 19 cloud
1337 2802 42 12 was

949 2814 70 19 visible
1030 2814 3 27 ;
1049 2816 37 19 but
1104 2825 22 11 as
1136 2818 34 20 tho
1188 2826 39 13 sun
1241 2821 50 19 sank
1310 2821 21 19 in
1345 2821 34 20 tho

949 2842 45 17 west
1013 2840 54 21 three
1086 2844 62 24 spiral
1158 2845 65 20 shafts
1237 2847 21 19 of
1272 2847 51 26 light
1334 2848 46 19 shot

949 2872 26 19 up
994 2873 21 13 111
1029 2868 34 19 tho
1082 2872 79 18 eastern
1181 2872 43 24 sky,
1248 2873 40 19 and
1310 2873 57 21 simul-

950 2893 108 26 taneously,
1069 2895 54 20 from
1140 2897 35 19 tho
1183 2899 63 19 forest
1263 2906 65 14 across
1345 2901 35 18 tho

950 2918 61 25 creok,
1023 2919 63 21 broke
1096 2922 34 19 tho
1137 2929 76 15 scream
1220 2926 22 19 of
1251 2933 12 12 a
1272 2926 109 21 stormbird

949 2946 129 25 —prophetic
1096 2949 22 18 of
1131 2950 50 19 rain.
1216 2952 43 19 The
1281 2959 97 17 overseer,

949 2972 86 19 wearied
1044 2974 50 19 with
1108 2982 11 11 a
1129 2976 49 25 long
1186 2977 50 24 ride,
1253 2979 82 19 entered
1349 2979 32 19 his

949 2997 38 19 hut
996 2999 40 18 and
1046 2999 63 21 threw
1117 3001 82 21 himself
1208 3011 54 19 upon
1272 3005 34 19 tho
1316 3006 64 19 bunk.
1399 2997 1 33 '

950 3023 30 19 On
998 3024 34 18 the
1047 3026 53 19 shelf
1117 3027 68 21 beside
1200 3030 43 19 him
1258 3031 34 25 lay
1302 3038 11 13 a
1332 3031 50 27 long

950 3049 80 26 cavalry
1051 3052 66 25 pistol,
1140 3056 76 24 capped
1240 3058 40 19 and
1302 3057 78 22 loaded.

950 3076 34 18 He
994 3078 64 18 closed
1067 3079 32 19 his
1107 3086 45 18 eyes
1162 3082 40 19 and
1208 3082 36 20 fell
1254 3084 42 19 into
1305 3091 11 12 a
1326 3084 55 20 dozo.

950 3102 117 26 Dwymoon,
1087 3105 59 21 letter
1159 3108 22 18 in
1199 3109 61 25 hand,
1283 3110 99 26 suddenly

950 3128 103 20 darkened
1062 3130 34 20 the
1106 3132 100 27 doorway.

976 3155 42 19 Tho
1029 3156 76 26 sleeper
1112 3160 73 20 turned
1194 3162 38 19 and
1246 3163 73 20 awbko.
1348 3163 34 21 He

950 3187 41 13 saw
1001 3184 34 17 not
1042 3183 35 19 the
1085 3184 58 20 letter
1152 3187 20 18 in
1185 3187 11 19 t'
1226 3190 91 25 upraised
1326 3190 56 19 hand

950 3208 21 18 of
990 3208 33 20 the
1043 3211 82 24 native;
1145 3213 11 18 h
1194 3221 41 13 saw
1258 3217 47 24 ODly
1327 3216 56 20 what

950 3235 80 19 seemed
1053 3237 21 19 to
1103 3237 42 21 him
1169 3246 11 14 a
1203 3242 95 25 startling
1321 3242 61 26 sight.

951 3261 32 18 D,.
990 3268 7 18 3
1003 3267 59 14 moan
1074 3262 33 20 Lho
1123 3265 109 21 outlaw—i
1238 3270 97 23 >wymoou
1349 3269 34 19 the

952 3287 181 25 dangerous—had
1148 3293 75 25 caught
1236 3289 45 25 him'
1292 3294 93 27 napping

951 3314 41 18 and
1009 3314 46 19 held
1076 3315 40 19 him
1128 3319 20 17 at
1161 3319 31 19 his
1208 3326 66 19 mercy
1284 3321 8 19 ?
1319 3321 66 19 Could

951 3339 25 19 he
986 3342 34 22 yet
1030 3343 56 18 avert
1103 3342 34 20 tho
1147 3345 59 25 tardy
1222 3353 58 18 spear
1290 3347 8 19 ?
1325 3347 59 19 With

952 3373 11 11 a
982 3366 44 25 jerk
1037 3367 25 19 ho
1079 3374 71 20 swung
1164 3371 82 20 himself
1260 3373 85 26 upright
1359 3380 26 12 on

951 3393 20 18 to
991 3393 34 19 tho
1035 3394 50 25 edge
1100 3395 21 19 of
1139 3397 34 19 tho
1187 3397 63 26 bunk,
1262 3400 76 25 caught
1356 3406 29 19 up

952 3418 33 19 the
994 3420 61 24 pistol
1065 3421 40 19 and
1118 3422 55 20 fired.

980 3444 92 22 Forward
1082 3454 26 12 on
1118 3451 20 16 to
1148 3450 34 18 tho
1196 3452 83 19 earthen
1289 3452 50 20 floor
1349 3453 37 20 fell

950 3470 117 27 Dwymoon,
1089 3475 45 19 shot
1154 3476 90 27 through
1263 3479 35 19 tho
1317 3479 66 20 heart.

950 3496 42 19 The
1011 3498 64 24 letter,
1092 3500 94 28 impelled
1200 3503 28 25 by
1243 3504 34 19 tho
1295 3505 55 19 force
1365 3505 21 20 of

950 3522 32 19 his
991 3524 43 23 fall,
1045 3525 94 22 fluttered
1154 3536 66 12 across
1231 3532 19 18 to
1261 3531 34 19 tho
1313 3532 43 18 feet
1366 3533 21 18 of

951 3548 34 19 tho
994 3556 97 16 overseer.

976 3575 132 27 Bewildered,
1131 3582 26 19 he
1175 3583 72 24 picked
1262 3583 16 19 it,
1296 3590 28 18 up,
1344 3585 42 19 and

952 3602 62 18 broke
1032 3603 34 19 the
1084 3607 47 19 seal.
1159 3608 21 19 It
1193 3608 74 27 briefly
1284 3610 103 20 informed
1394 3602 3 33 I

950 3627 42 19 him
1002 3628 21 18 oi
1041 3629 35 20 the
1086 3632 71 21 details
1167 3635 20 18 of
1201 3635 36 19 the
1246 3635 40 20 loss
1305 3637 40 19 and
1355 3643 20 13 re-

950 3658 72 20 covery
1039 3656 21 18 of
1070 3657 34 19 the
1119 3660 59 24 child,
1194 3662 41 18 and
1252 3664 54 17 wont
1325 3669 25 12 on
1365 3665 22 17 to

950 3685 37 18 say
1004 3681 44 19 that
1058 3682 35 20 tho
1107 3684 75 26 bearer,
1204 3687 118 27 Dwymoon,
1344 3689 42 19 had

952 3707 49 17 been
1010 3708 110 26 pardoned,
1130 3712 32 19 his
1174 3714 99 25 outlawry
1284 3715 101 24 removed,

949 3733 41 17 and
1008 3733 44 19 that
1062 3735 32 20 for
1110 3736 33 20 tho
1152 3738 69 21 future
1272 3747 42 13 was
1324 3744 21 17 to
1361 3742 26 19 be

950 3759 16 16 al
975 3759 59 18 owed
1044 3762 20 16 to
1076 3762 5 9 '
1091 3769 52 13 come
1153 3764 34 19 in.'

952 3783 4 32 .
975 3783 54 20 Poor
1047 3785 111 28 Dwymoon
1168 3783 4 32 !
1201 3792 33 19 Ho
1248 3793 43 20 had
1311 3794 76 21 indeed

957 3813 5 10 '
971 3818 55 14 come
1035 3813 34 19 m.'

958 3872 2 31 .
975 3872 19 19 A
1011 3872 58 26 largo
1082 3874 69 24 public
1164 3877 91 26 meeting
1274 3881 21 17 at
1314 3880 69 20 North

949 3896 80 28 Sydney
1039 3900 96 24 resolved,
1149 3896 4 35 '
1163 3902 53 20 That
1234 3904 16 18 it
1260 3904 16 19 is
1295 3905 75 26 impera-

949 3924 40 19 tive
999 3927 20 17 to
1030 3926 84 25 appoint
1124 3933 11 12 a
1142 3927 67 25 Royal
1219 3929 133 22 Commission
1362 3935 20 17 to

949 3957 83 23 re_-opon
1050 3952 34 18 the
1103 3952 58 20 Dean
1175 3956 58 22 case,'
1255 3957 39 18 and
1304 3964 12 12 a
1330 3964 39 13 com-

949 3976 69 20 mittee
1028 3983 41 13 was
1084 3979 108 25 appointed
1202 3983 21 16 to
1233 3982 69 19 collect
1319 3984 64 19 funds

949 4003 32 18 for
999 4002 35 21 tho
1042 4009 87 21 purpose
1139 4006 22 19 of
1164 4004 90 23 "'further
1272 4008 99 26 investiga-

950 4028 48 20 tion.

970 4068 57 21 Every
1033 4074 37 15 pers
1081 4075 36 11 n-m
1123 4069 34 19 flu's
1173 4072 66 18 district
1265 4074 56 17 should
1343 4077 38 16 sent

952 4092 42 16 copy
994 4089 35 25 Jot'
1041 4089 30 16 tho
1088 4090 41 16 Now
1152 4092 73 17 Zealand
1239 4093 74 21 Cookery
1335 4096 45 16 BOOK

951 4108 111 19 horrfuonds,
1085 4110 15 14 A
1117 4114 46 14 mono
1170 4112 55 17 usoful
1244 4117 59 16 proscn
1309 4115 55 16 could

952 4129 29 14 out
987 4127 20 16 he
1015 4128 127 17 fouud.—Anvv

1495 103 130 19 CARRIER
1642 102 123 20 PIGEONS.

1444 157 26 19 Iu
1485 155 128 21 connection-
1624 155 48 19 with
1691 156 35 19 the
1743 157 47 24 long
1811 157 37 18 and

1419 183 86 19 difficult
1515 188 83 19 passage
1608 181 22 18 of
1640 180 35 20 the
1686 182 118 25 Gaa'coigne,
1816 182 32 18 the

1418 208 93 26 question
1524 208 33 19 has
1572 208 49 18 been
1641 208 60 18 asked
1829 209 19 17 in

1418 261 26 24 by
1454 262 54 18 want
1518 260 22 18 of
1550 259 75 24 tidings
1639 259 57 19 could
1717 261 35 18 not
1771 260 24 19 be
1815 259 22 19 ob-

1418 287 64 18 viated
1495 287 25 23 by
1537 285 34 19 idie
1583 291 33 13 use
1629 285 21 18 of
1667 286 72 19 carrier
1760 286 88 25 pigepns.

1418 312 58 19 Some
1495 311 63 19 think'
1574 311 16 19 it
1612 310 69 26 might:
1713 311 43 20 'Mr
1773 310 75 26 Joseph

1412 338 95 26 .Lugnolj'
1527 344 36 19 ope
1621 337 35 18 the
1680 338 127 19 best-known
1828 337 20 18 of

1419 364 78 20 French
1508 364 99 21 breeders,
1619 363 23 22 is,
1655 362 96 26 however,
1771 365 37 18 not
1828 362 20 19 of

1416 391 62 23 these,
1494 390 38 19 and
1552 396 45 18 says
1616 388 30 20 M.
1666 390 87 24 Lugiiol,
1773 390 21 19 in
1814 389 34 18 the

1418 416 55 19 Paris
1484 416 80 24 Figaro,
1578 415 34 18 ibo
1624 417 91 22 proposal
1726 417 21 18 to
1767 415 80 25 employ

1418 442 82 26 pigeons
1510 445 29 16 as'
1552 440 95 26 despatch
1669 442 79 19 bearers
1767 448 40 12 was
1826 444 22 15 at

1417 463 43 24 iirst
1480 468 72 25 simply
1573 463 106 30 ridiculed.
1720 468 51 19 IN'ow
1790 467 57 19 these

1417 495 55 19 birds
1491 501 34 12 are
1544 493 56 19 often
1619 493 89 19 believed
1727 493 82 26 capable
1827 493 21 19 of

1418 520 123 25 performing
1572 520 72 18 radical
1682 519 165 26 impossibilities.

1416 547 41 19 The
1481 547 106 18 maximum
1611 546 59 23 light
1693 546 22 19 of
1738 553 14 14 a,
1772 545 75 20 carrier

1418 573 76 24 pigeon,
1519 572 85 20 without
1622 572 146 25 interruption,
1790 571 57 24 lasts;

1417 600 63 18 under
1491 599 34 19 the
1536 602 52 15 most
1597 598 118 20 favourable
1732 598 115 20 conditions

1416 625 21 19 of
1448 625 93 23 weather,
1559 625 43 22 <tc,
1618 623 94 20 fourteen
1734 631 22 12 or
1775 623 70 20 fifteen

1416 652 66 18 hours.
1511 651 60 19 Swift
1581 657 21 12 as
1612 650 35 19 tho
1666 650 44 18 bird
1730 650 23 23 is,
1773 650 17 18 it
1809 657 36 12 can

1414 684 59 13 cover
1484 677 19 19 in
1515 676 42 20 this
1573 677 50 18 time
1641 677 48 24 only
1708 677 89 19 between
1817 677 28 18 six

1415 704 91 19 hundred
1531 703 38 19 and
1593 709 58 13 seven
1669 702 92 20 hundred
1781 702 64 20 miles.

1414 731 47 19 This
1472 730 16 19 is
1499 732 36 16 not
1543 729 33 19 all.
1604 729 41 19 The
1657 729 85 19 instinct
1758 729 21 18 of
1797 729 40 19 self-

1414 756 138 25 preservation
1559 755 17 19 is
1584 762 20 12 as
1611 757 71 22 strong
1690 755 20 19 in
1719 753 115 27 tho'pigeon-

1415 783 105 26 voyngcur'
1529 789 20 11 as
1561 781 20 18 in
1597 782 59 18 other
1675 781 112 23 travellers,
1805 781 38 19 and

1414 809 29 20 M.
1456 808 82 27 Lugnol.
1546 808 18 19 is
1574 808 108 19 convinced
1692 808 47 19 that
1759 808 20 18 in
1796 809 48 17 such

1414 836 87 19 weather
1511 842 21 12 as
1543 835 45 18 that
1607 835 137 18 encountered
1766 834 24 24 by
1811 833 35 20 tho

1414 862 113 25 Gascoigne
1538 863 36 17 not
1588 866 38 13 one
1645 860 72 26 pigeon
1734 861 19 19 in
1765 866 11 13 a
1785 860 48 19 thou-

1412 889 48 18 sand
1473 887 59 21 could
1552 887 24 19 be
1590 887 85 19 induced
1695 888 22 18 to
1736 887 55 19 leave
1810 886 35 20 tho

1412 915 71 18 vessel.

1927 99 77 18 FOOD
2016 98 80 20 RIOTS
2103 98 35 20 IN
2148 98 86 20 ITALY.

1896 169 17 17 A
1924 167 33 20 sad
1970 168 44 24 sign
2021 167 23 19 of
2052 168 34 19 the
2096 168 108 25 pio?ailing
2215 168 84 18 distress

1870 195 18 17 in
1899 193 54 26 Italy
1966 201 39 11 was
2015 194 33 18 the
2058 194 43 18 late
2111 194 99 19 outbreak
2226 194 20 18 of
2266 193 33 19 the

1871 221 84 23 peasant
1971 219 119 24 population
2110 221 22 17 of
2150 220 81 24 Acerra,
2250 226 49 12 Dear

1870 246 82 24 Naples.
1981 245 41 20 The
2032 247 90 18 torrents
2131 245 22 20 of
2173 246 42 19 rain
2236 245 62 20 which

1870 271 36 19 had
1919 271 62 19 fallen
1993 271 38 19 had
2042 271 110 25 prevented
2164 271 52 20 work
2227 272 19 19 in
2265 272 34 19 the

1869 297 51 23 field,
1933 298 38 18 and
1983 297 35 20 the
2037 298 78 24 general
2138 299 69 23 misery
2227 304 72 18 among

1868 324 34 19 the
1924 323 103 20 labourers
2052 324 37 19 had
2111 324 110 19 increased.
2257 325 42 18 The

1868 349 70 26 people
1961 353 36 16 out
2018 350 21 19 of
2060 349 53 20 work
2134 356 51 13 were
2204 350 95 25 standing

1867 376 67 24 about,
1945 376 58 19 when
2014 383 12 12 a
2036 376 37 25 boy
2095 376 71 23 passed
2183 376 35 19 the
2234 377 64 19 octroi

1867 402 78 19 officers
1955 402 49 19 with
2015 409 25 12 an
2051 409 32 12 asa
2093 402 59 19 laden
2173 402 48 19 with
2239 403 57 22 bran,

1866 428 40 19 and
1925 435 21 12 as
1966 429 51 18 bran
2040 429 36 19 has
2100 430 21 17 to
2136 435 40 18 pay
2195 428 49 24 duty
2264 429 34 19 the

1866 454 82 20 officials
1968 455 89 18 arrested
2068 454 33 19 the
2112 455 32 18 lad
2156 455 32 18 for
2198 454 68 26 trying
2277 458 21 15 to

1867 480 90 26 smuggle
1966 481 21 18 in
1998 480 34 19 the
2044 481 54 19 bran.
2136 480 42 20 The
2195 480 37 25 boy
2253 488 33 18 prj-

1867 509 64 17 tested
1956 507 75 24 loudly,
2061 507 39 18 and
2120 506 35 19 the
2174 507 122 25 unoccupied

1866 533 111 24 operatives
1985 532 48 19 took
2042 532 30 20 bis
2082 535 51 22 part:
2144 533 46 25 they
2199 533 97 19 liberated

1867 559 34 19 the
1915 559 39 24 boy
1974 559 40 19 and
2030 559 75 19 carried
2127 559 39 19 him
2185 559 61 19 about
2263 560 35 18 the

1866 586 80 18 streets.
1976 585 57 19 Cries
2051 585 22 18 of
2111 585 65 19 Down
2196 585 46 19 with
2263 586 34 19 the

1956 617 51 13 were
2019 611 66 23 heard,
2102 611 40 19 and
2152 618 47 17 very
2218 618 49 12 soon
2286 619 12 11 a

1865 639 46 17 mob
1921 637 96 19 attacked
2033 637 35 19 the
2086 637 55 19 office
2152 638 40 18 and
2202 637 61 19 burnt
2282 638 16 18 it

1866 665 64 23 down,
1941 664 39 18 and
1990 663 58 19 other
2066 663 56 19 mobs
2137 663 63 19 burnt
2219 663 25 19 all
2264 663 33 19 the

1865 691 67 19 excise
1943 690 65 19 oilices
2023 689 65 20 round
2099 689 35 19 the
2153 691 61 17 town.
2241 689 56 26 Thoy

1866 716 47 20 fchsn
1923 716 94 20 attacked
2028 716 35 19 the
2079 715 76 19 central
2166 715 56 19 office
2232 722 20 12 in
2263 715 34 19 the

1865 749 77 19 square,
1953 743 77 19 burned
2040 742 28 19 all
2089 741 34 19 the
2143 741 94 25 registers
2256 741 41 19 and

1865 769 108 20 furniture,
1989 769 39 19 and
2039 767 112 26 attempted
2166 771 21 16 to
2197 768 55 19 force
2263 767 34 19 the

1865 798 70 22 strong
1943 796 45 19 box.
2017 795 29 24 By
2062 795 41 18 this
2114 795 47 18 time
2172 794 34 19 the
2224 794 72 19 rioters

1866 822 109 19 numbered
1986 828 60 18 many
2056 821 118 19 thousands.
2189 821 41 19 The
2240 822 54 17 town

1865 848 39 20 hall
1915 849 38 18 and
1970 848 81 20 schools
2066 854 53 12 were
2139 847 78 19 sacked.
2254 846 42 19 The

1863 875 112 19 ommunal
1999 875 74 25 library
2102 880 40 13 was
2166 874 41 19 also
2226 873 69 20 burnt.

1863 903 59 17 Some
1933 901 85 20 Roldiers
2028 901 52 19 from
2092 900 86 20 Caserta
2192 900 40 19 and
2241 899 54 19 Nola

1863 930 21 18 at
1896 928 37 19 last
1945 931 36 22 put
1992 934 24 12 an
2027 927 38 19 end
2075 929 20 17 to
2107 927 34 19 the
2159 927 135 19 disturbance.

1164 44 58 20 THE
1235 44 60 20 HOT
1310 45 93 21 LAKES
1419 46 170 20 CHRONICLE
1603 45 183 22 WEDNESDAY
1806 44 31 25 15,
1853 44 129 25 MAY.1895,

89 3740 32 25 By
132 3747 41 18 way
182 3742 19 19 of
211 3745 129 27 commencing
350 3753 11 12 a
370 3749 112 18 movement

64 3766 65 20 which
147 3773 45 19 may
200 3770 69 20 extend
282 3778 45 13 over
346 3772 34 19 the
388 3773 65 20 whole
463 3774 20 19 of

63 3792 91 24 London,
166 3799 10 12 a
193 3793 63 22 Board
265 3797 64 20 school
337 3798 21 19 in
376 3798 107 27 Hollaway

65 3825 18 13 as
92 3824 44 14 now
146 3825 50 19 open
205 3820 74 27 nightly
289 3829 21 13 as
319 3831 11 13 a
348 3824 64 21 Social
421 3825 51 20 Insti-

62 3846 50 18 tuto.

89 3883 65 19 Maud
162 3883 4 30 :
182 3885 5 9 '
194 3883 46 26 Yes,
250 3885 11 19 I
269 3887 41 19 love
323 3895 44 18 you,
378 3890 56 19 Jack,
445 3890 38 20 hut

63 3909 13 21 I
85 3916 33 12 am
127 3911 32 18 too
169 3916 68 19 young
246 3913 18 17 to
273 3913 56 21 think
341 3916 19 19 of
369 3917 113 24 marriage-.'

62 3935 53 20 Jack
126 3932 4 36 :
155 3938 5 9 '
169 3936 42 20 But
232 3943 40 18 you
284 3939 38 19 will
340 3947 52 21 grow
414 3932 68 31 older!'

63 3962 64 19 Maud
137 3969 5 13 :
158 3963 5 10 '
173 3963 52 19 How
235 3962 46 20 dare
289 3971 38 18 you
340 3967 50 20 such,
396 3974 12 14 a
417 3968 64 26 thing,

62 3995 41 20 you
112 3988 67 20 horrid
188 3995 47 14 man
246 3989 10 19 !'

89 4029 18 19 A
129 4030 78 20 curious
230 4030 48 20 item
297 4032 110 22 mentioned
428 4035 20 20 in
465 4035 17 20 'a

62 4054 90 22 iarmer's
166 4056 36 21 bill
221 4059 20 17 to
261 4063 12 13 a
291 4058 111 25 gentloman
411 4075 5 8 ,
441 4062 42 20 'To

62 4082 71 26 curing
154 4089 49 19 your
221 4083 94 23 honour's
329 4090 53 14 mare
399 4087 30 19 till
448 4089 35 19 alio

61 4108 53 25 died,
124 4109 33 20 12s
167 4109 37 22 Ud.'

1406 977 437 412 dsfdsf

1889 1026 41 20 The
1939 1025 109 20 Mossburn
2064 1023 159 26 correspondent
2233 1022 21 19 of
2270 1029 25 12 au

1863 1051 132 26 Invercargill
2006 1058 60 19 paper
2078 1051 66 19 writes
2151 1050 54 20 :~lt
2216 1055 45 19 may
2272 1049 23 19 be

1862 1079 21 21 of
1894 1080 86 19 interest
1991 1081 20 16 to
2020 1084 60 18 many
2090 1077 21 19 of
2121 1083 51 19 your
2183 1076 81 19 readers
2274 1076 21 18 to

1861 1107 59 19 know
1931 1105 44 20 that
1983 1105 34 18 the
2025 1110 75 19 swamp
2108 1103 73 25 turkey
2188 1103 35 19 has
2234 1101 61 20 taken

1862 1138 21 14 i;e
1893 1132 71 25 killing
1973 1131 34 19 the
2015 1129 141 25 bumblebees,
2167 1128 128 26 presumably

1861 1160 32 19 for
1904 1159 34 19 the
1948 1158 49 19 sake
2017 1157 22 19 of
2059 1156 52 20 their
2132 1156 71 24 honey.
2240 1154 55 26 They

1862 1186 49 19 have
1921 1185 49 19 been
1982 1183 96 20 observed
2095 1183 46 19 here
2151 1184 22 17 to
2184 1182 57 19 catch
2262 1180 33 20 the

1862 1213 45 19 bees
1918 1218 24 13 on
1951 1211 35 19 the
1994 1210 69 19 thistle
2074 1209 78 20 flowers
2163 1215 38 13 ana
2213 1208 42 19 bite
2266 1207 29 20 off

1864 1239 35 20 the
1909 1239 47 24 part
1966 1237 45 19 that
2021 1236 57 19 holds
2089 1235 35 20 the
2134 1235 71 25 honey,
2216 1234 79 25 leaving

1860 1265 34 19 the
1913 1266 41 18 vest
1969 1263 23 20 of
2011 1263 34 19 the
2066 1263 35 18 bee
2121 1263 95 18 uneaten.
2252 1260 43 19 The

1861 1291 80 19 huurblo
1966 1291 47 18 bees
2033 1296 33 13 are
2082 1295 44 13 now
2144 1295 21 12 so
2186 1294 109 13 numerous

1859 1317 45 19 that
1954 1317 35 19 the
1996 1323 75 17 swamp
2083 1315 84 25 turkeys
2177 1314 37 19 kill
2233 1313 62 20 won't

1859 1343 58 20 make
1927 1343 60 20 much
1999 1342 117 23 difference,
2137 1341 37 20 but
2193 1340 47 26 they
2253 1346 30 15 cer-

1859 1370 64 26 tainly
1933 1369 36 20 kill
1980 1366 80 28 a'igweat
2071 1375 68 19 many.

1476 1580 61 38 ra\
1578 1580 143 36 nnrm
1747 1575 109 41 i-mtT

1547 1616 128 31 -HUM
1693 1605 28 42 li
1743 1605 81 42 \\\
1846 1618 16 29 1.

1884 1661 25 41 u
1990 1619 214 83 ullltlM

1456 1959 23 19 A
1498 1959 33 21 TT
1545 1959 21 19 n
1588 1960 27 19 71
1630 1959 37 22 TT
1684 1959 23 22 A
1724 1959 17 21 T
1766 1957 31 23 T\
1877 1959 29 21 11
1913 1957 34 24 IT
1959 1956 33 25 T\

1545 1979 22 31 V
1604 1971 11 46 /
1702 1968 8 40 I
1729 1982 7 35 i
1791 1979 10 38 |
1898 1981 8 27 I'
1969 1968 23 48 J

1453 2009 8 16 R
1477 2005 7 20 3
1505 2008 6 17 3
1552 2011 15 14 *
1593 2010 16 15 n
1636 2010 27 15 s-s
1681 2003 7 22 B
1705 2010 7 12 '••
1731 2003 6 22 I
1772 2005 8 20 I
1792 2003 9 22 B
1882 2011 18 14 m
1920 2010 7 15 a
1942 2003 1 22 I
1965 2011 25 14 r\

1650 2292 122 28 Q?1

1465 2644 315 62 ousenold
1837 2644 128 61 and
2011 2644 159 60 bent

1546 2732 281 95 Drapery
1865 2733 66 73 of
1974 2753 187 73 every

1703 3085 303 73 JAillinepy.

1813 3222 34 10 -rr
1855 3222 27 10 ttv
1928 3220 17 14 T
1961 3220 36 14 TT

1499 3246 49 35 lii
1565 3246 29 32 y
1612 3250 39 31 sis
1686 3246 11 35 1
1781 3246 47 35 vs
1860 3246 46 35 iM

1557 3368 161 54 Oueen
1748 3369 66 53 St.

1679 3676 352 29 TKURKNGH

1427 3709 61 51 rap
1517 3711 49 39 and
1585 3709 114 52 Carriage
1722 3711 106 46 Works,
1860 3710 82 40 Coach
1969 3711 48 39 and
2048 3710 111 51 Waggon
2195 3709 105 51 Factory

1614 3779 217 21 ESTABLISHED
1847 3779 81 20 OVER
1945 3779 26 20 !0
1987 3778 106 21 YEARS.

1425 3826 38 15 The
1471 3825 118 22 undersigned
1597 3831 30 10 are
1634 3826 142 18 manufacturers
1784 3828 19 15 of
1811 3828 22 15 all
1843 3827 62 16 classes
1914 3828 18 15 of
1941 3826 80 18 Vehicle's
2030 3827 13 15 &
2053 3826 120 22 Agricultural
2182 3826 118 22 Implements.

1426 3847 37 16 Our
1472 3848 112 16 woll'-known
1592 3848 101 20 reputation
1702 3853 19 11 as
1729 3848 86 17 Practical
1830 3848 102 18 Meohaiiica
1949 3848 34 16 and
1998 3848 21 16 W
2028 3847 27 17 P's
2068 3849 20 17 '27
2104 3852 50 17 years
2166 3848 100 21 experience
2285 3848 17 15 in

1404 3869 30 16 tlio
1441 3869 120 16 Australasian
1571 3869 85 20 Colonies,
1665 3870 66 20 justify
1738 3875 21 10 us
1767 3870 17 16 in
1803 3870 83 20 claiming
1898 3871 39 16 that
1952 3875 26 10 we
1996 3875 31 10 ami
2041 3870 68 15 furnish
2126 3875 9 11 a
2151 3870 57 16 better
2222 3869 44 16 class
2285 3869 18 16 of

1404 3890 80 18 vehicles,
1494 3890 94 17 consistent
1597 3887 113 20 with/honest
1719 3892 47 15 work
1775 3893 19 14 at
1802 3897 10 10 a
1821 3892 76 19 cheaper
1907 3893 37 15 rate
1952 3892 43 14 than
2005 3897 33 12 any
2047 3891 18 16 of
2074 3896 31 10 our
2114 3891 116 22 competitors.

1424 3912 37 15 The
1469 3911 62 16 Public
1539 3911 36 16 will
1587 3912 35 15 find
1630 3913 16 14 it
1657 3913 17 14 to
1690 3912 45 15 their
1751 3913 100 20 advantage
1868 3914 18 14 to
1900 3911 152 18 'ENCOURAGE
2072 3913 80 15 LOCAL
2172 3912 130 16 INDUSTRY,

1404 3932 56 17 where
1471 3931 43 22 tKoy
1525 3938 32 11 can
1565 3932 45 17 have
1615 3932 31 17 the
1652 3934 81 20 pleasure
1740 3934 19 16 cf
1766 3934 61 22 seeing
1842 3934 93 17 first-class
1951 3934 79 17 material
2043 3934 35 16 and
2094 3934 128 21 workmanship
2238 3935 33 20 put
2286 3934 16 15 in

1404 3953 78 20 Vehiolpa
1491 3955 49 15 made
1548 3955 18 15 to
1575 3954 46 16 their
1626 3955 64 16 valued
1699 3955 36 19 prdt
1756 3966 8 6 ..

1423 3975 46 18 N,T>.
1471 3975 102 17 —Vehicles
1582 3976 17 15 of
1606 3976 23 15 all
1639 3975 117 23 descriptions
1767 3977 85 21 repaired,
1863 3977 77 21 painted,
1951 3977 94 17 ronovatbd
2055 3977 33 16 and
2098 3977 51 17 made
2165 3979 17 14 to
2197 3978 39 15 look
2254 3976 49 22 equal

1404 3997 16 14 Lo
1429 4001 45 12 new.

1406 4043 203 29 WILLIAM
1629 4046 187 32 PAEKES,
1838 4047 260 31 Coachbuilder.

1764 4076 143 35 JAMES
1927 4085 134 31 HAIFA,
2082 4083 221 29 Blacksmith

1648 4116 2 20 •
1663 4116 151 20 DEVONPOST
1827 4117 74 19 ROAD,
1916 4117 149 17 TAURANO-A.
2093 4116 3 20 '

584 4211 126 50 Ask
751 4212 93 49 for
895 4212 329 54 Hamedck's
1250 4214 343 51 Celebrated
1620 4217 230 49 XXXX
1871 4218 142 48 Ales
2050 4214 117 51 and
2192 4214 186 51 Stout.

2343 133 69 45 W.
2438 133 287 52 THOMAS,

2449 261 170 19 AUCKLAND.

2352 313 93 24 Orders
2464 312 29 25 in
2514 314 108 26 Marble,
2644 311 107 25 Granite

2317 347 49 23 and
2376 346 86 27 Stone,
2473 346 130 31 promptly
2615 346 50 23 and
2672 345 66 23 faith-

2318 380 66 31 fully
2398 378 133 25 executed.

2345 439 110 31 Designs
2467 437 51 25 and
2530 437 83 31 prices
2622 436 54 24 free
2690 444 33 16 on

2451 470 164 33 application.
2643 470 3 33 .

2306 564 1 49 |
2350 569 29 30 J-
2404 566 38 39 H,
2465 566 250 37 BUCHANAN,

2354 615 119 22 STOJWS
2488 613 216 23 MERCHANT.

2412 649 170 17 ESTABLISHED
2593 650 47 15 18D2.

2316 697 103 23 Statuary,
2440 697 144 20 Monumental
2605 696 38 19 aed
2662 695 88 19 General

2488 719 78 19 Mason.

2342 741 118 20 MARBLE
2478 742 62 19 AMD
2559 739 164 21 FREESTONE

2316 773 34 19 CB
2358 773 74 19 BINE
2442 773 38 19 YC
2491 773 24 21 P)
2525 773 54 24 BES;
2593 771 99 24 MASES,
2704 771 39 20 Etc

2355 807 130 32 VICTORIA
2506 808 108 30 STREET
2640 806 74 36 EAST,

2406 851 249 32 AUCKLAND.

2341 917 65 25 Desig
2448 916 40 19 and
2508 916 66 19 Trices
2591 915 113 20 forwarded
2723 922 26 13 no

2315 943 125 25 application
2450 945 21 17 to
2481 949 39 20 any
2529 944 46 24 part
2583 942 21 19 of
2610 942 35 19 the
2651 942 98 20 Province

2315 970 83 25 Colony.

2363 1054 41 43 A,
2436 1054 30 41 &
2492 1053 208 48 G.BROOK,

2316 1107 165 25 Boot/and
2497 1108 90 24 Shoe
2600 1107 147 24 Makers.

2393 1145 79 19 Fenton
2483 1143 71 24 Street,
2570 1143 99 20 Hotorua.

2313 1171 48 19 And
2382 1173 23 17 at
2431 1169 83 21 Parnell
2542 1170 40 19 and
2608 1169 139 22 Newmarket.

2340 1223 67 26 Large
2417 1223 41 20 and
2466 1223 71 20 varied
2551 1222 60 20 Stock
2621 1223 21 18 of
2655 1222 94 25 English,

2314 1249 88 26 Foreign
2412 1249 41 20 and
2462 1248 92 21 Colonial
2563 1249 63 18 Boots
2636 1248 40 19 and
2686 1248 63 20 Shoes

2380 1279 20 16 to
2410 1276 73 19 choose
2492 1276 53 19 from
2554 1277 21 17 at
2586 1275 33 19 the
2632 1276 52 18 most

2380 1350 95 21 Football
2484 1351 59 19 boots
2553 1356 12 13 a
2572 1349 111 26 speciality.

2314 1383 34 20 All
2366 1383 68 20 orders
2453 1382 42 21 and
2511 1382 77 26 repairs
2598 1380 153 28 expeditiously

2483 1408 103 20 executed.

2318 1490 52 26 ~~>l
2379 1490 76 22 ANO
2466 1490 19 25 S,
2511 1489 238 27 HAEMONIUNS,

2483 1517 15 21 0
2506 1517 20 21 E
2534 1516 17 22 G
2558 1517 19 20 A
2584 1516 19 21 N
2610 1515 20 22 Si

2500 1553 66 16 ALSO

2316 1581 75 27 Harps,
2412 1578 83 26 Violins,
2507 1577 141 27 Violoncellos,
2661 1577 74 22 Guitar
2735 1579 9 15 ß
2745 1577 4 31 )

2438 1608 38 19 and
2485 1604 80 23 smaller
2577 1606 130 19 instruments
2718 1608 32 17 too

2339 1640 112 15 uu.raor.ouß
2462 1639 21 14 to
2497 1633 146 27 particularise,

2341 1670 166 47 JJOFFMAN
2533 1681 54 21 AND
2613 1669 96 50 §ONS:

2313 1728 102 28 QUEEjM
2432 1728 124 26 STREET,
2575 1727 172 23 AUCKLAND-

2312 1759 42 21 I\he
2363 1759 195 26 largest'importers
2576 1759 20 18 of
2612 1757 28 21 all
2654 1758 60 19 kinds
2729 1759 21 18 of

2337 1785 221 21 niusicalinstruments
2565 1784 21 19 in
2593 1785 52 20 New
2652 1784 96 20 Zealand.

2310 1818 35 20 All
2354 1818 59 20 kinds
2423 1819 22 19 of
2454 1817 86 21 musical
2545 1818 135 21 instruments
2686 1818 63 21 tuned

2337 1846 40 18 and
2394 1845 99 26 repaired.

2379 1940 40 32 H.
2436 1941 36 32 C.
2493 1941 193 32 WRIGHT,

2385 1989 139 20 SURGEON
2535 1989 130 19 DENTIST.

2520 2060 19 1 _
2544 2041 3 30 s
2558 2041 25 21 L.
2592 2041 103 26 Wright),

2334 2095 90 20 Notifies
2435 2095 46 19 that
2492 2095 25 19 he
2537 2096 17 18 is
2573 2095 119 25 continuing
2712 2095 34 19 the

2307 2122 94 20 business
2412 2122 22 20 of
2445 2129 11 12 a
2466 2122 87 19 Dentist
2563 2123 21 18 at
2594 2123 35 19 the
2640 2121 106 20 Premises.

2307 2148 233 24 SHORTLAND-BT.,
2556 2149 86 19 assisted
2663 2148 25 25 hy
2707 2147 40 19 Mr

2307 2174 33 21 W.
2352 2175 27 19 11.
2390 2174 109 21 Wbighi.
2520 2175 43 18 The
2574 2172 109 28 high-class
2693 2173 53 20 work

2306 2201 21 19 of
2340 2201 35 19 the
2386 2201 41 21 late
2438 2201 36 19 Mr
2485 2202 24 19 A.
2521 2201 24 19 L.
2556 2201 88 26 Wright
2665 2200 40 20 will
2723 2200 25 20 he

2306 2227 88 21 adhered
2405 2229 28 23 to,
2443 2228 38 18 and
2494 2234 40 18 any
2546 2227 38 19 left
2596 2227 117 19 unfinished
2721 2227 26 25 by

2306 2255 34 19 hat
2351 2254 118 26 gentleman
2483 2253 40 21 will
2542 2254 25 19 bo
2585 2253 113 26 complete!
2716 2253 26 25 by

2400 2281 35 19 the
2445 2288 44 13 new
2501 2283 150 21 management.

2317 2650 32 24 *-?
2387 2652 139 31 Buying
2560 2656 36 20 m
2635 2655 112 26 juarge

2314 2684 196 30 Quantities
2542 2684 16 25 I
2584 2689 56 20 am
2664 2682 83 27 thus

2313 2718 146 27 enabled
2509 2718 36 26 to
2598 2722 149 27 procure

2313 2751 106 34 goods
2461 2751 36 26 at
2532 2750 59 27 the
2627 2749 120 27 lowest

2312 2784 152 35 possible
2507 2784 122 33 price?,
2678 2782 69 27 and

2312 2818 174 27 therefore
2500 2824 57 20 am
2573 2817 37 26 in
2623 2823 21 19 a
2656 2816 72 32 posi-

2314 2852 75 28 tion
2396 2854 37 24 to
2453 2851 63 27 sell
2530 2850 31 27 at
2584 2850 163 32 cheapest

2313 2885 103 30 rates.
2452 2886 47 25 As
2525 2891 45 19 an
2589 2882 157 33 example

2313 2920 17 26 I
2353 2920 103 31 quote
2479 2918 59 27 the
2568 2916 179 33 following

2314 2951 140 29 articles
2472 2951 54 27 for
2546 2949 89 28 Gash
2648 2949 98 33 Only.

2313 3005 52 24 Jam,
2377 3003 128 21 Australian,
2525 3002 63 20 dozen
2599 3001 41 20 tins
2695 3002 12 19 6
2735 3003 13 18 0

2332 3047 11 8 ~
2363 3031 85 20 Mennie
2459 3031 17 19 &
2487 3029 63 26 Doy'a
2695 3030 12 17 0

2313 3059 113 22 Kerosene,
2457 3057 71 19 White
2555 3055 53 20 Rose
2636 3054 40 20 and

2339 3084 119 24 Snowflake,
2471 3085 37 18 150
2521 3086 41 16 test
2682 3082 25 19 15
2736 3083 12 18 6

2313 3111 65 23 Sugar
2387 3111 37 21 No
2443 3112 10 18 1
2470 3110 103 24 ou'lbbags
2683 3109 24 18 14
2736 3110 12 17 6

2312 3193 97 22 Tobacco,
2421 3191 32 19 Gib
2464 3189 111 28 quantilies
2696 3189 12 18 5
2737 3189 12 19 S

2313 3219 46 23 Tea,
2370 3219 24 19 L.
2405 3218 27 19 D.
2443 3217 103 20 Nathan's
2552 3216 40 20 and
2599 3215 78 20 Nelson

2339 3244 89 20 Moate's
2440 3247 20 16 at
2472 3244 24 20 Id
2508 3243 29 20 off
2546 3243 34 19 for
2589 3243 35 19 Gib
2635 3242 39 19 lots

2313 3272 69 23 Flour,
2412 3271 47 20 50lb
2490 3269 120 21 Housewife
2630 3269 39 19 and

2340 3298 113 25 Champion
2464 3304 23 14 os
2500 3298 39 19 and
2551 3299 22 17 5s
2584 3296 31 20 6d.

2314 3324 97 22 Waikato
2423 3324 98 20 Potatoes
2533 3327 21 17 8*
2565 3330 11 12 a
2591 3321 52 22 sack.

2340 3353 42 19 The
2392 3351 65 19 above
2477 3350 116 26 quotations
2613 3356 33 13 are
2671 3349 80 25 suhjeot

2314 3382 21 17 to
2343 3377 79 21 market
2429 3377 137 21 fluctuations.

2340 3405 67 21 Other
2417 3405 64 24 goods
2493 3403 81 27 equally
2590 3402 68 26 cheap.

2342 3473 99 26 Monthly
2450 3473 103 22 accounts,
2568 3470 47 21 that
2628 3471 15 19 is
2654 3473 98 17 accounts

2315 3502 45 24 paid
2373 3500 113 21 deforethe
2497 3498 48 21 10th
2556 3498 22 19 of
2593 3497 71 20 month
2674 3497 67 19 follow-

2314 3529 35 24 ing
2361 3528 47 19 date
2419 3527 21 19 of
2447 3526 41 20 sale
2496 3525 41 20 will
2545 3525 24 19 be
2579 3525 66 19 tveato
2669 3531 21 12 as
2697 3523 55 21 cash.

2457 3558 269 23 WILLIAMROGERS.

2337 3721 405 35 BOOTMKK9R

2382 3789 322 54 ROTORUA.

2398 3888 146 21 INSURE
2572 3885 106 21 WITH

2325 3920 48 16 THE
2388 3913 182 23 SOUTH'BRITISH
2579 3909 78 28 KRE>
2671 3914 82 16 MARIN

2400 3947 44 16 Coy.
2453 3946 30 16 OP
2492 3944 53 17 NEW
2557 3943 112 16 ZEALAND.

2322 3986 75 15 Cai'lt.u.
2591 3978 4 23 ;
2659 3978 96 21 .£1,900,000

2384 4015 89 17 LTuliinitetl
2482 4013 85 20 libtilityofl
2573 4012 122 17 Shareholders.

2323 4040 52 21 Being
2382 4046 10 10 :t
2400 4033 73 23 Colonial
2480 4037 97 16 Institution
2582 4037 59 15 Profits
2648 4040 26 12 are
2681 4034 74 17 invested

2506 4057 64 20 looally.

2323 4094 47 12 Wnn.l
2386 4094 50 12 nfKn.
2673 4087 3 19 !
2683 4087 71 16 UcltlilllO

2323 4128 17 15 L
2350 4128 25 15 i-.'il
2396 4128 12 15 A
2412 4127 49 18 sent.

2613 4122 54 18 ..I.YV.
2678 4121 77 20 Wriglcy

2812 110 27 26 J.
2858 111 51 26 W.
2930 111 216 34 WEIGLEY,

2785 164 209 22 AROHI
3027 168 18 19 T
3077 168 19 19 E
3128 169 16 19 G
3176 170 22 19 T.

2912 217 137 22 EOTOEUA;

2774 241 3 26 ■
2797 241 68 23 Agent
2880 242 31 19 fot
2924 245 33 16 the
2975 245 65 19 South
3058 245 82 22 British
3149 246 47 20 Fire

2771 266 16 18 &
2798 266 80 20 Marine
2887 268 111 21 Insurance
3009 271 109 26 Company.

2837 311 209 35 Established
3068 320 60 28 i&i'e.

2770 387 59 17 Under
2851 388 28 17 the
2905 388 9 19 ,i

2771 409 32 15 His
2816 409 62 17 Excel-
2904 414 11 12 *

2770 430 88 17 Governor
2888 426 98 23 <*&£-§*»•**

3101 416 50 17 lenev
3170 418 27 15 the

3102 437 18 16 of
3131 436 22 19 N.
3166 438 19 17 Z.

2834 467 94 38 John
2959 470 36 38 J.
3026 472 106 48 Keys,

2772 517 124 30 Builder
2925 519 58 26 and
3010 520 185 31 Contractor.

2769 637 106 22 Estimates
2893 640 58 25 given
2965 642 33 19 for
3008 642 115 28 Buildings,
3133 645 51 21 alter-

2785 665 124 21 tations'and
2919 668 76 24 repairs
3005 669 21 19 in
3036 670 26 19 all
3073 669 97 22 branches

2922 694 28 20 of.
2953 694 36 26 tjio
2996 696 82 22 trade.*.

2794 722 100 27 Painting,
2905 725 162 28 Paperhauging,
3081 729 41 21 and
3138 730 47 20 Glaz-

2768 755 40 18 ing,
2819 749 100 21 Venet-.au
2930 753 17 18 &
2957 753 56 20 other
3025 755 71 21 Blinds
3106 758 22 18 to
3138 757 59 20 order

2780 781 24 12 or
2818 776 113 24 re-painted
2946 779 37 19 and
2994 782 108 24 re-taped..

2780 808 57 24 Goo.d
2846 809 66 20 stocks
2926 811 21 19 of
2959 811 89 21 Funeral
3060 813 122 24 Requisites.

2813 863 136 21 FUNERAL
2969 866 172 23 FURNISHER.

2808 972 9 11 ,
2862 949 40 26 H.
2932 950 179 29 MARTIN.

2768 995 127 28 Saddler
2905 1000 19 23 &
2939 997 132 29 Harness
3086 1000 108 28 Maker.

2812 1041 61 20 (Next
2875 1051 8 12 4
2884 1042 23 17 to
2915 1041 91 19 Larkin's
3019 1043 52 20 Boot
3085 1044 65 24 Sjiop.)

2890 1076 184 23 OHINEMUTU.
3086 1069 4 30 '

2791 1118 88 23 Saddles,
2892 1118 84 25 Bridles,
2986 1119 82 25 Collars,
3077 1122 33 18 &e.
3120 1120 50 26 kept
3177 1120 20 20 in

2769 1145 67 19 Stock.

2829 1181 33 19 All
2874 1181 132 25 descriptions
3016 1183 22 18 of
3047 1183 83 20 harness

2899 1208 58 20 'made
2967 1210 20 17 to
2999 1209 64 21 order.

2820 1251 84 24 Repairs
2914 1251 52 19 done
2980 1251 49 19 with
3039 1252 104 25 despatch.

2768 1287 56 26 Style
2832 1288 40 20 and
2888 1288 157 25 Workmanship
3059 1289 132 25 guaranteed.

2768 1357 189 39 JECKLIN
2975 1358 24 31 &
3020 1359 177 39 COTTER

2834 1422 114 21 FAMILY
2975 1423 156 26 BUTCHERS,

2848 1465 73 19 Arawa
2935 1463 71 25 Slreet,
3022 1465 97 25 Estonia,

2796 1507 42 21 Hal
2844 1514 10 13 e
2864 1509 22 18 to
2898 1508 63 22 thank
2975 1508 35 21 the
3021 1508 68 27 public
3103 1509 23 21 of
3135 1508 63 21 Rote

2770 1540 36 15 rua
2816 1535 32 20 for
2855 1536 47 25 past
2912 1536 67 20 favors
2994 1536 40 20 and
3052 1535 38 27 beg
3107 1540 20 17 to
3146 1537 54 20 state

2772 1561 47 27 they
2829 1561 41 21 will
2881 1562 93 21 continue
2983 1564 21 18 to
3013 1562 57 21 merit
3079 1564 86 27 support
3172 1563 26 27 by

2773 1588 106 27 providing
2899 1588 34 21 the
2951 1590 45 20 best
3015 1590 77 27 quality
3108 1589 24 22 of
3146 1593 52 18 meat

2834 1629 31 25 ..t
2892 1624 105 32 lowest
3022 1628 108 36 prices.

2773 1715 36 20 TT7*
2824 1712 15 22 T
2886 1711 18 23 it
2919 1716 17 19 0
2952 1714 19 21 Y
2999 1717 85 20 aOT
3106 1717 55 21 EL.

2885 1745 92 23 Wakefield
2989 1743 31 30 St.,
3031 1745 92 25 Auckland,

2822 1795 137 34 Newman
3007 1799 122 33 Meider

2786 2264 67 20 Having
2864 2263 50 16 taken
2925 2263 26 15 the
2965 2263 51 15 above
3027 2262 109 18 well-known
3147 2261 53 16 Hotel

2767 2284 33 16 will
2811 2284 69 20 be,glad
2891 2284 16 15 to
2918 2288 26 10 see
2954 2281 33 17 anil
2996 2282 78 16 welcome
3085 2282 22 16 all
3127 2281 24 17 his
3172 2281 28 15 old

2946 2302 67 16 friends.

2854 2338 53 19 ONLY
2918 2338 38 18 THE
2964 2337 52 18 BEaT
3025 2337 81 18 BRANDS

2825 2375 17 15 of
2850 2375 54 15 Wines
2910 2374 32 16 and
2950 2374 61 19 Spirits
3019 2374 41 19 kept
3067 2373 18 16 in
3092 2373 50 16 Stock

2811 2411 111 18 SPARKLING
2931 2411 55 17 XXXX
2992 2410 40 17 ALE
3039 2415 21 12 on
3075 2410 79 22 draught.

2767 2446 55 19 Every
2829 2445 106 16 convenience
2946 2444 86 16 combined
3043 2444 40 15 with
3091 2443 62 20 civility
3164 2443 33 17 and

2787 2464 70 19 comfort
2864 2466 27 14 for
2897 2465 68 19 country
2978 2464 65 15 visitors
3049 2463 33 16 and
3090 2463 86 17 Boarders.

2799 2524 21 25 /f
2840 2524 17 20 0
2874 2523 20 20 K
2910 2523 16 20 0
2942 2523 10 19 I
2968 2523 18 19 A
3055 2523 140 19 UIEW

2782 2547 42 24 ..tJL
3064 2545 18 25 V

2922 2575 122 21 PRIVATE

2772 2624 222 33 BOARDING
3036 2623 150 32 HOUSE

2766 2737 131 20 Opposite
2915 2739 50 16 the
2983 2735 63 21 13ost
3056 2738 50 16 and
3116 2733 70 21 ©eliE
3200 2733 1 24 .

2983 2763 93 20 Gfpigb

2765 2795 47 20 And
2827 2803 49 12 near
2897 2796 33 19 the
2954 2795 119 20 Celebrated
3093 2792 99 21 PKIEST

2819 2829 115 19 RACHEL
2944 2829 40 19 and
2989 2828 57 20 other
3053 2827 95 23 BATHS,

2913 2860 139 24 ROTORUA.
3095 2860 16 24 ,'

2790 2914 119 35 MRS
2935 2912 212 40 YOUNG,

3003 2959 139 26 Proprietress.

2884 2987 69 19 Terms
2968 2986 111 20 Moderate.

2824 3014 345 72 H/¥,;BEIGHBOUR,~

2766 3098 115 38 Tailor
2893 3095 300 46 a^Habit-JVlaker,

2836 3222 297 29 IROTORU-.A.

2791 3312 60 18 Kesi
2875 3311 107 22 B2n?li»h
3010 3309 94 19 Scotch
3124 3307 51 19 and

2855 3334 121 18 Colonial
2997 3332 115 19 Tweeds.

2792 3365 70 22 Style
2874 3363 54 18 aiid
2942 3364 42 17 Fit
3006 3359 171 24 guaranteed.

2772 3395 96 18 ladies
2888 3393 113 19 Jackets
3024 3392 53 18 and
3102 3390 95 21 Hiding

2846 3416 97 18 HahitM
2952 3420 16 13 a
2977 3414 139 23 speciality

2770 3452 31 17 All
2808 3451 47 18 suits
2862 3448 54 20 uiiido
2923 3452 20 15 to
2951 3449 54 18 order
3011 3450 20 16 at
3036 3446 97 20 Auckland
3142 3446 57 23 prices

2820 3514 162 35 Rotopua
2997 3511 157 41 Library.

2773 3586 61 48 OP
2843 3586 42 20 BA'
2902 3586 52 20 from
2965 3587 24 18 10
3002 3593 44 12 a.m.
3056 3587 21 18 to
3087 3586 12 18 5
3107 3590 44 19 p.m.
3163 3580 37 22 and

2832 3615 12 18 (J
2852 3615 26 18 SO
2888 3615 19 17 to
2918 3613 24 20 10
2951 3614 49 24 p.m.'
3008 3612 93 24 Sundays
3109 3610 30 19 till
3147 3611 53 23 Op.m

2773 3644 192 22 Subscription:
2975 3644 52 17 2«s
3041 3648 48 17 per
3102 3644 95 15 annum

2798 3676 88 19 Visitors
2906 3681 43 18 may
2968 3681 85 19 procure
3069 3672 66 20 Books
3151 3671 50 19 from

2773 3703 33 19 the
2816 3699 93 28 'Library
2927 3708 24 12 on
2970 3700 81 25 making
3068 3706 12 14 a
3093 3697 77 26 deposit
3180 3695 20 20 of

2773 3730 37 19 not
2824 3728 40 19 loss
2883 3727 47 20 than
2995 3726 39 20 and
3050 3725 120 26 purchasing
3179 3723 21 19 Is

2773 3761 77 20 coupon
2863 3754 32 19 for
2904 3760 60 19 every
2975 3753 56 19 Four
3039 3752 71 20 books.

2798 3787 42 19 The
2859 3786 87 24 Library
2963 3784 18 21 ia
3004 3791 51 19 open
3079 3784 70 23 during
3166 3780 33 20 the

2773 3883 239 44 STEELE
3048 3881 150 40 Bros..

2811 3968 161 39 SWararoa
2999 3961 164 42 Sawmill.

2774 4016 118 40 DESIRE
2914 4017 23 17 to
2947 4014 66 19 thank
3031 4013 35 18 the
3083 4009 64 24 public
3167 4007 30 17 for

2836 4039 47 20 past
2890 4038 75 17 favors,
2978 4035 41 19 and
3026 4034 36 21 beg
3070 4034 20 18 to
3099 4032 103 18 announce,

2773 4060 47 18 that
2843 4059 75 21 having
2930 4063 12 13 a
2956 4058 55 20 large
3034 4054 56 19 stock
3101 4053 22 17 of
3142 4053 44 14 well-

2774 4081 97 19 seasoned,
2893 4080 105 18 first-class
3019 4076 71 18 timber
3107 4077 25 14 on
3145 4073 51 15 hand

2773 4103 51 20 they
2846 4107 34 13 are
2899 4100 97 22 prepared
3008 4100 22 16 to
3041 4097 50 18 mini
3100 4097 65 15 oraer*

2774 4123 86 19 reduced
2871 4123 62 19 rates.
3118 4127 12 15 /
3179 4123 24 17 W
3204 4119 2 23 1
