4174 5926
145 4340 248 96 Lyell
443 4340 297 96 Times.

212 4518 238 31 SATURDAY,
476 4518 106 31 JUNE

132 4602 65 31 The
211 4600 177 41 wretchedly
402 4599 57 32 bad
473 4602 75 29 state
563 4599 32 32 of
612 4611 54 20 our
679 4600 85 32 roads

131 4645 55 31 has
197 4644 71 40 long
276 4643 75 31 been
366 4653 17 20 a
397 4643 113 40 subject
521 4643 32 31 of
564 4643 111 31 serious
686 4653 58 21 com-

132 4688 105 41 plaint,
273 4686 58 32 and
396 4697 98 21 curses
521 4688 53 30 not
607 4686 70 32 loud
711 4686 53 32 but

268 4740 38 23 on
332 4730 51 32 the
411 4733 66 38 part
504 4730 32 32 of
560 4730 153 32 travellers
737 4730 32 32 of

135 4786 86 29 every
234 4775 113 38 degree,
363 4773 76 32 from
462 4773 51 32 the
528 4784 130 29 swagger
672 4777 29 28 to
716 4773 50 32 the

134 4827 159 33 passenger
317 4817 40 42 by
379 4816 169 32 Newman's
576 4816 132 38 coaches,
735 4827 32 21 or

136 4863 50 32 the
221 4873 80 20 more
336 4861 181 32 aristocratic
551 4862 115 36 tourist,
701 4861 66 31 who

134 4916 99 22 comes
249 4909 29 28 to
292 4916 54 21 our
360 4904 143 33 beautiful
517 4905 83 31 West
612 4904 87 32 Coast
710 4904 57 31 like

133 4950 56 32 Dr.
216 4950 113 41 Syntax
356 4949 31 30 in
450 4948 102 32 search
577 4948 32 32 of
632 4948 50 31 the
709 4948 44 40 pic-

357 4993 88 32 Voice
470 5003 60 21 was
553 4992 87 41 given
663 4995 30 29 to
718 4992 50 32 the

136 5037 120 42 general
278 5036 228 33 dissatisfaction
520 5036 32 32 in
567 5047 54 22 our
634 5036 135 33 columns

139 5093 17 19 a
169 5082 55 31 few
238 5082 92 30 issues
345 5081 82 36 back,
443 5081 31 30 in
489 5092 16 19 a
520 5081 249 30 communication

139 5125 75 33 from
249 5135 52 22 our
329 5124 78 32 Fern
435 5123 68 34 Flat
530 5123 237 44 correspondent,

140 5170 58 31 and
212 5170 66 31 that
302 5170 250 32 communication
573 5170 55 30 has
652 5170 119 40 already

140 5212 90 32 borne
246 5222 79 22 some
340 5212 80 37 fruit,
436 5212 51 31 the
501 5212 65 31 first
580 5212 86 31 fruits
680 5212 41 31 let
735 5222 35 21 us

141 5257 75 40 hope
239 5256 32 32 of
296 5255 112 33 similar
435 5256 82 32 wails
543 5257 76 31 from
653 5257 117 32 various

140 5301 85 31 other
239 5301 131 40 portions
385 5301 31 31 of
437 5301 50 31 the
502 5301 114 31 district
631 5301 31 31 of
673 5301 97 31 which

141 5345 60 32 this
216 5344 145 40 township
376 5354 68 31 may
468 5344 34 31 be
527 5344 63 31 said
611 5347 31 30 to
663 5344 36 33 be
721 5344 50 32 the

141 5388 119 31 natural
275 5390 108 28 centre.
426 5388 119 39 Having
556 5388 146 31 ourselves
713 5388 59 30 had

143 5431 134 33 occasion
301 5430 51 32 the
379 5429 86 33 other
488 5430 56 42 day
567 5433 31 30 to
622 5431 85 32 make
722 5431 51 32 the

143 5476 123 41 journey
294 5478 30 29 to
352 5474 58 32 and
437 5475 75 31 from
543 5475 158 41 Westport,
731 5487 42 20 we

143 5520 93 33 found
249 5530 17 22 a
287 5519 112 32 similar
423 5519 179 32 lamentable
625 5520 149 32 condition

143 5566 33 31 of
194 5565 108 36 affairs,
318 5563 59 33 and
401 5563 112 32 similar
537 5564 236 32 dissatisfaction.

146 5610 61 32 Our
231 5605 152 36 travellers
404 5608 75 32 have
503 5608 59 31 had
583 5608 77 32 their
674 5608 100 41 growl,

146 5664 52 22 our
223 5653 242 41 correspondents
488 5652 75 31 have
586 5652 60 31 had
673 5653 101 36 theirs,

146 5698 59 32 and
219 5697 23 33 it
256 5708 66 21 now
336 5697 9 30 1
357 5708 113 21 eaomes
485 5708 53 20 our
552 5696 71 41 duty
638 5700 29 28 to
679 5696 97 33 clinch

147 5752 32 21 or
203 5741 74 31 rivet
301 5741 51 30 the
376 5741 76 29 nails
477 5739 96 31 which
601 5740 74 30 have
703 5741 73 29 been

147 5786 118 42 already
278 5784 103 34 driven
395 5784 63 33 into
472 5784 50 33 the
542 5783 122 43 subject.
706 5784 72 33 This

147 5831 66 32 task
228 5831 24 31 is
267 5829 179 41 fortunately
471 5840 16 20 a
510 5829 177 41 sufficiently
710 5840 68 30 easy

756 205 65 22 one.
864 195 28 33 It
906 197 80 30 must
1000 194 36 34 be
1057 194 146 38 assumed,
1220 204 31 22 as
1266 204 17 22 a
1298 195 72 31 start-

756 239 51 40 ing
831 240 91 39 point,
939 250 33 21 or
995 240 108 37 axiom,
1120 239 65 31 that
1209 239 51 31 the
1282 240 102 39 people

756 283 105 30 settled
876 294 38 19 on
936 283 51 30 the
1012 282 98 36 Coast,
1127 282 58 31 and
1209 282 105 31 indeed
1334 282 50 31 the

756 328 124 29 western
895 326 79 40 slope
989 326 32 31 of
1032 326 60 31 this
1106 324 102 33 Island
1226 325 158 41 generally,

756 379 48 21 are
819 369 123 31 entitled
957 372 30 29 to
1001 369 173 40 participate
1188 369 31 30 in
1233 369 51 31 thfe
1298 368 69 32 bene-

755 413 49 31 fits
819 413 32 32 of
872 413 105 32 settled
998 414 202 40 government,
1217 412 58 32 and
1299 416 30 28 to
1352 411 35 33 be

755 458 102 39 placed
872 469 39 20 on
925 459 91 29 terms
1037 458 32 30 of
1090 457 130 40 equality
1243 456 73 31 with
1336 456 51 31 the

756 500 184 32 inhabitants
968 500 31 32 of
1020 500 51 32 the
1095 503 117 29 eastern
1236 498 150 33 seaboard.

757 545 118 36 Indeed,
888 555 42 20 we
945 555 36 29 go
995 545 123 35 further,
1130 545 58 29 and
1200 554 50 29 say
1264 544 67 30 that
1344 543 54 41 we'

757 599 48 21 are
826 599 39 21 on
889 587 60 33 this
963 587 61 33 side
1039 587 31 33 of
1081 586 51 34 the
1146 585 103 34 Island
1263 585 124 34 entitled

757 636 29 28 to
800 633 75 30 have
890 644 72 20 even
976 632 95 31 better
1085 632 96 36 roads,
1196 632 59 30 and
1270 635 29 27 to
1313 631 75 31 have

757 686 85 31 every
855 675 76 32 river
945 675 58 31 and
1018 685 86 31 every
1125 674 84 31 creek
1223 674 92 41 safely
1329 673 59 31 and

758 719 130 44 securely
899 719 129 43 bridged,
1041 718 155 34 inasmuch
1211 729 32 22 as
1257 729 43 22 we
1313 717 76 33 have

758 766 44 30 for
815 766 50 30 the
880 766 57 30 last
951 767 110 37 twenty
1075 775 83 29 years
1173 775 32 20 or
1219 774 82 20 more
1315 763 75 31 been

758 808 115 41 obliged
887 811 30 29 to
931 807 70 32 bear
1014 807 51 32 the
1080 807 113 32 burden
1217 806 32 32 of
1268 816 17 21 a
1309 805 80 41 large

758 853 116 39 portion
889 852 31 31 of
937 851 51 31 the
1002 861 122 30 moneys
1138 849 135 41 required
1287 849 38 40 by
1339 849 51 32 the

761 895 82 33 State
857 895 45 32 for
916 894 134 41 building
1057 893 135 41 railways
1203 893 75 32 from
1293 892 97 32 which

760 950 42 21 we
815 939 75 31 have
904 938 132 33 received
1055 948 39 21 no
1108 937 110 32 benefit
1232 936 158 32 whatever.

761 984 67 32 And
842 983 95 38 when,
953 983 74 31 after
1048 993 17 21 a
1089 992 96 32 weary
1208 980 127 33 interval
1362 980 31 33 of

762 1038 138 30 suspense
915 1027 58 31 and
986 1027 77 40 hope
1083 1026 140 36 deferred,
1239 1025 83 31 there
1336 1025 25 30 is
1375 1034 18 20 a

761 1074 134 40 prospect
918 1070 31 33 of
970 1082 53 21 our
1045 1070 115 42 getting
1174 1081 38 20 an
1226 1068 120 42 innings
1361 1068 32 32 in

762 1117 50 30 the
834 1116 89 39 shape
948 1115 32 31 of
1000 1115 121 39 railway
1144 1114 251 31 communication

763 1158 71 33 with
848 1158 50 33 the
913 1160 84 31 outer
1020 1157 100 38 world,
1136 1157 24 32 it
1183 1156 97 32 would
1294 1155 36 33 be
1344 1158 50 30 too

763 1202 89 32 much
866 1205 31 29 to
906 1204 103 38 expect
1019 1201 66 32 that
1095 1201 51 32 the
1155 1201 121 40 railway
1287 1199 106 33 should

763 1246 35 31 be
813 1246 76 31 built
910 1256 39 21 on
972 1245 50 32 the
1048 1255 80 21 same
1152 1243 141 32 financial
1317 1243 63 41 prin-

763 1290 90 43 ciples
868 1301 31 21 as
923 1300 75 22 were
1022 1289 84 33 those
1132 1288 167 33 elsewhere.
1342 1286 54 33 We

765 1347 48 21 are
838 1335 40 32 all
902 1346 32 22 so
955 1345 70 30 very
1046 1334 127 41 pleased,
1198 1333 145 36 however,
1365 1335 31 29 at

765 1380 50 33 the
829 1382 134 40 prospect
985 1378 32 33 of
1037 1378 114 42 getting
1174 1388 17 21 a
1214 1376 121 43 railway
1357 1387 39 22 on

765 1425 50 30 the
826 1425 97 35 Coast,
930 1424 66 31 that
1005 1434 43 20 we
1056 1423 75 30 have
1140 1421 258 40 magnanimously

766 1466 104 42 agreed
884 1469 31 30 to
929 1466 81 42 forgo
1025 1475 53 23 our
1099 1465 99 42 growl,
1215 1463 58 33 and
1297 1465 30 31 to
1352 1473 30 22 ac-

765 1514 66 38 cept
857 1511 52 32 the
974 1511 55 41 gift
1055 1510 87 32 horse
1200 1509 125 32 without
1348 1510 50 30 too

765 1556 146 41 narrowly
983 1554 165 42 inspecting
1188 1553 38 32 its

767 1600 69 38 But,
852 1600 25 32 if
898 1610 53 22 our
971 1599 71 33 road
1056 1599 74 32 lines
1144 1598 75 32 have
1233 1597 109 42 proved
1355 1596 29 33 in-

767 1645 142 40 adequate
924 1644 32 31 in
970 1644 50 32 the
1035 1646 75 38 past,
1127 1643 58 31 and
1198 1643 38 31 he
1251 1641 97 33 would
1362 1641 36 31 be

767 1698 17 20 a
798 1688 68 31 bold
880 1698 71 20 man
965 1687 66 31 who
1045 1686 98 32 would
1163 1696 52 30 say
1235 1685 71 40 they
1325 1684 75 32 have

766 1734 62 35 not,
843 1731 68 32 how
923 1730 91 32 much
1038 1741 81 21 more
1143 1729 177 41 inadequate
1340 1727 62 33 will

767 1775 70 40 they
850 1777 52 29 not
917 1774 36 31 be
967 1774 87 31 when
1064 1774 51 31 the
1127 1773 94 31 traffic
1235 1773 24 30 is
1273 1771 128 33 doubled

767 1828 33 22 or
826 1816 123 38 trebled,
976 1827 31 21 as
1031 1816 24 32 it
1075 1818 80 30 must
1179 1816 37 32 be
1239 1815 32 31 in
1292 1825 18 21 a
1332 1825 70 30 very

767 1861 83 34 short
874 1861 71 33 time
958 1863 13 30 ?
1021 1860 48 34 Sir
1091 1860 99 33 Julius
1214 1859 119 42 Vogel's
1360 1858 27 33 fa-

767 1916 85 21 mous
866 1905 169 40 expression
1056 1905 90 31 about
1159 1905 52 30 the
1226 1904 113 39 Colony
1353 1903 32 30 be-

767 1949 118 40 coming
918 1957 175 33 prosperous
1228 1946 82 41 leaps
1344 1945 58 33 and

946 2002 61 20 was
1033 1991 132 31 received
1193 1993 30 28 at
1250 1990 52 31 the
1328 1990 72 31 time

768 2035 72 32 with
853 2034 137 43 laughter
1004 2034 60 32 and
1077 2033 177 43 incredulity
1266 2032 33 33 in
1312 2043 91 31 many

769 2083 153 39 quarters;
943 2079 55 32 but
1021 2082 31 29 to
1074 2090 54 21 our
1151 2078 85 32 mind
1258 2077 24 32 it
1304 2077 25 32 is
1344 2077 43 32 sin-

768 2124 115 40 gularly
896 2124 99 40 happy
1016 2133 32 21 as
1069 2123 120 40 regards
1203 2122 51 31 the
1269 2121 132 32 fortunes

768 2167 32 33 in
815 2169 76 32 store
906 2166 43 34 for
970 2166 51 33 the
1036 2166 83 33 West
1134 2165 97 34 Coast.
1274 2164 82 39 Now,
1372 2164 31 33 in

770 2213 84 31 order
868 2215 30 28 to
913 2211 103 32 enable
1027 2222 35 19 us
1073 2213 31 29 to
1114 2211 88 40 profit
1216 2210 38 41 by
1268 2210 50 31 the
1332 2212 71 28 turn

770 2256 32 32 of
822 2256 51 32 the
895 2255 60 33 tide
982 2265 54 23 our
1063 2254 120 34 arterial
1209 2253 86 34 roads
1322 2255 80 31 must

772 2300 151 31 forthwith
950 2300 36 31 be
1013 2299 179 40 thoroughly
1213 2298 188 36 overhauled,

772 2344 59 31 and
844 2344 86 32 made
951 2342 168 42 something
1142 2342 58 32 less
1223 2342 75 31 than
1321 2352 63 21 man-

772 2390 81 39 traps
866 2397 6 29 ;
907 2397 54 23 our
987 2387 101 37 rivers,
1117 2385 96 33 which
1241 2396 49 21 are
1318 2385 85 37 wide,

772 2432 174 40 dangerous,
962 2431 58 32 and
1044 2431 88 32 liable
1156 2433 31 30 to
1211 2430 112 32 sudden
1347 2429 59 32 and

773 2475 135 41 frequent
930 2475 92 31 floods
1046 2474 59 31 and
1128 2474 122 36 freshes,
1265 2475 81 29 must
1370 2472 35 32 be

774 2519 131 41 securely
937 2518 139 41 bridged;
1118 2518 59 31 and
1220 2517 51 32 the
1304 2519 100 39 punts,

773 2562 97 33 which
885 2563 36 32 do
935 2562 73 43 duty
1021 2561 45 33 for
1080 2561 125 42 bridges,
1220 2562 91 36 must,
1327 2570 32 21 as
1374 2559 31 32 in

774 2608 85 31 other
869 2618 81 20 more
964 2606 139 32 favoured
1117 2606 138 36 districts,
1272 2605 35 31 be
1321 2608 31 28 to
1367 2605 40 31 all

773 2650 101 32 lawful
895 2650 160 36 travellers,
1071 2648 132 33 whether
1227 2659 39 22 on
1289 2648 62 32 foot
1375 2658 32 21 or

773 2694 172 36 horseback,
961 2704 33 22 or
1016 2693 32 31 in
1068 2693 130 32 wheeled
1212 2702 193 30 conveyance,

775 2737 164 41 absolutely
952 2737 76 31 freee
1053 2736 32 32 of
1106 2736 116 41 charge.
1265 2735 42 32 To
1321 2735 87 40 bring

774 2781 83 32 these
868 2780 143 33 desirable
1022 2780 101 40 things
1135 2779 90 33 about
1238 2779 24 31 it
1275 2779 25 31 is
1314 2778 91 32 above

775 2823 40 31 all
843 2823 138 32 essential
1004 2822 67 31 that
1093 2832 54 22 our
1170 2821 238 41 Parliamentary

774 2867 243 42 representatives
1032 2866 106 34 should
1152 2865 67 34 sink
1232 2865 77 34 their
1330 2865 77 34 local

772 2912 158 40 jealousies
953 2911 59 31 and
1034 2911 98 31 minor
1151 2911 181 34 differences,
1351 2910 57 30 and

775 2953 135 33 combine
937 2963 33 22 as
994 2963 55 23 one
1071 2962 72 22 man
1166 2954 31 30 to
1220 2952 87 31 insist
1327 2961 80 31 upon

772 2997 107 42 justice
900 2996 89 42 being
1012 2998 30 30 at
1068 2996 104 41 length
1196 2996 75 31 done
1299 2998 30 29 to
1356 2996 52 31 the

776 3041 89 33 Coast
879 3051 32 22 as
925 3051 18 21 a
956 3040 105 33 whole.
1104 3040 62 32 The
1190 3042 82 39 petty
1295 3039 96 32 bicker-

775 3085 67 40 ings
855 3095 43 22 we
909 3084 97 32 allude
1020 3086 40 35 to,
1073 3083 97 33 which
1183 3093 67 23 now
1264 3083 59 31 and
1337 3083 72 31 then

776 3138 69 30 crop
859 3138 40 30 up
912 3138 74 21 even
999 3127 32 31 in
1045 3127 50 31 the
1110 3126 111 37 House,
1236 3126 76 32 have
1331 3126 75 32 done

776 3183 81 23 more
871 3172 75 33 than
966 3170 145 45 anything
1125 3170 59 35 else
1198 3173 31 32 to
1242 3170 98 34 retard
1355 3182 53 21 our

776 3227 133 30 progress
933 3227 33 20 as
990 3227 17 20 a
1037 3217 193 39 community,
1254 3216 69 36 and.
1339 3216 71 40 they

776 3260 93 41 ought
886 3270 68 22 now
977 3261 31 31 to
1029 3259 37 33 be
1090 3259 134 41 stamped
1248 3261 52 30 out
1320 3258 59 32 and
1393 3268 17 22 a

775 3315 66 20 new
864 3314 50 21 era
937 3304 205 39 inaugurated.
1184 3303 83 30 With
1289 3303 121 39 railway

776 3346 260 40 communication,
1059 3346 76 43 good
1156 3346 59 32 and
1239 3346 60 32 safe
1313 3345 96 39 roads,

777 3393 58 31 and
848 3393 60 32 free
923 3392 115 41 bridges
1062 3403 33 21 or
1118 3394 100 38 punts,
1233 3391 84 33 there
1341 3391 26 32 is
1391 3401 17 22 a

777 3438 82 36 great
882 3436 98 30 future
1005 3435 97 31 before
1126 3434 51 31 the
1201 3434 84 30 West
1310 3434 99 35 Coast,

777 3478 59 32 and
849 3477 39 43 by
901 3487 156 33 necessary
1070 3487 201 32 consequence
1295 3476 44 33 for
1360 3476 51 32 the

778 3523 112 41 Colony
914 3532 33 22 as
971 3532 18 22 a
1002 3522 105 32 whole.
1149 3522 62 32 But
1225 3532 54 22 our
1292 3521 118 32 readers

777 3577 69 30 may
869 3566 115 41 depend
1007 3577 80 30 upon
1111 3566 24 31 it
1148 3566 77 31 little
1240 3576 33 21 or
1285 3565 128 40 nothing

777 3610 61 32 will
859 3609 36 34 be
918 3620 104 31 wrung
1045 3609 77 32 from
1136 3608 184 32 Parliament
1342 3608 40 42 by
1396 3619 17 20 a

779 3657 43 30 set
844 3655 32 32 of
904 3654 148 33 members
1076 3654 66 32 who
1170 3654 89 41 adopt
1286 3653 126 32 towards

779 3699 72 33 each
874 3699 85 33 other
982 3699 52 33 the
1058 3697 172 35 traditional
1253 3697 104 33 tactics
1385 3697 31 33 of

779 3744 51 31 the
853 3743 149 40 Kilkenny
1026 3745 72 34 cats,
1114 3742 97 32 which
1236 3752 48 20 are
1306 3742 63 30 said
1383 3744 30 28 to

779 3787 75 33 have
868 3786 105 43 fought
987 3786 47 33 till
1051 3785 128 43 nothing
1202 3796 60 21 was
1284 3784 53 33 left
1359 3784 54 33 but

780 3835 58 29 two
852 3832 79 31 tails.
973 3831 57 31 Let
1043 3841 35 21 us
1093 3831 41 30 all
1157 3831 73 30 then
1282 3840 86 28 agree
1383 3832 30 29 to

780 3875 85 33 differ
915 3875 32 31 in
967 3874 106 41 regard
1096 3876 31 30 to
1150 3873 51 33 the
1225 3873 121 32 relative
1361 3873 36 31 im-

781 3922 140 39 portance
942 3918 32 33 of
998 3929 54 21 our
1073 3917 160 41 respective
1260 3917 153 32 locations.

783 3963 63 32 The
860 3963 125 32 benefits
1006 3962 97 32 which
1122 3972 70 31 may
1215 3961 36 32 be
1274 3961 139 41 expected

783 4010 30 28 to
840 4007 98 31 follow
965 4006 51 31 the
1049 4006 216 38 improvement
1299 4005 32 31 of
1362 4015 53 21 our

783 4050 96 38 roads,
908 4049 59 33 and
994 4048 50 34 the
1072 4049 202 33 construction
1300 4048 33 33 of
1363 4058 53 22 our

784 4094 145 40 railways,
945 4104 49 20 are
1007 4093 144 31 manifold
1166 4093 58 30 and
1237 4092 176 31 multiform.

785 4137 60 33 Not
859 4136 51 34 the
923 4136 76 34 least
1012 4135 25 34 is
1051 4135 51 34 the
1124 4135 75 34 total
1220 4135 162 34 extinction
1395 4135 24 32 it

785 4182 26 30 is
825 4181 112 31 certain
960 4184 31 28 to
1014 4181 127 39 produce
1164 4181 31 30 of
1212 4181 51 30 the
1286 4181 132 31 noisome

786 4225 82 41 petty
882 4222 121 34 scandal
1017 4222 58 33 and
1089 4222 51 34 the
1162 4222 137 42 cliquism
1320 4222 98 33 which

788 4280 48 20 are
851 4268 50 32 the
915 4278 155 31 necessary
1084 4271 135 29 outcome
1234 4268 31 31 of
1282 4268 139 31 isolation

788 4312 59 31 and
857 4312 51 31 the
919 4311 274 32 non-introduction
1204 4311 31 32 of
1242 4311 80 31 fresh
1333 4311 88 32 blood

788 4356 76 32 from
886 4355 50 33 the
961 4355 113 33 outside
1098 4355 101 32 world.
1240 4355 134 40 Nothing
1396 4355 25 31 is

790 4410 82 22 surer
885 4399 74 33 than
983 4399 70 32 this.
1096 4399 63 33 The
1172 4398 121 43 railway
1306 4398 116 33 whistle

789 4445 60 30 will
864 4445 35 30 be
914 4448 30 27 at
958 4455 72 20 once
1044 4443 50 31 the
1114 4444 96 39 signal
1234 4445 31 30 of
1286 4454 134 28 progress

790 4487 59 33 and
862 4486 172 43 prosperity,
1051 4486 58 33 and
1129 4486 51 32 the
1194 4485 184 34 death-knell
1392 4485 30 33 of

790 4532 50 30 the
855 4532 83 37 reign
958 4534 49 28 too
1031 4531 70 38 long
1124 4531 160 31 continued
1308 4531 32 31 of
1361 4531 61 30 Mrs

792 4574 132 42 Grundy,
952 4573 95 33 Sarah
1072 4574 108 40 Gamp,
1204 4573 58 31 and
1289 4573 41 31 all
1356 4573 67 31 that

791 4619 105 35 crowd,
912 4617 66 31 who
1001 4617 76 31 have
1092 4617 40 30 all
1146 4617 83 31 these
1243 4627 84 30 years
1340 4617 84 30 ruled

792 4660 58 32 and
864 4660 106 40 guided
984 4660 51 31 the
1059 4660 154 39 thoughts,
1235 4659 104 37 words,
1363 4659 58 31 and

793 4704 112 32 actions
919 4704 32 31 of
962 4704 41 30 all
1018 4703 58 31 and
1091 4703 110 40 sundry
1214 4702 72 31 with
1301 4713 39 20 an
1359 4703 66 31 iron

792 4747 90 32 hand.
925 4747 54 32 We
994 4747 79 32 shall
1093 4746 62 33 hail
1169 4747 51 32 the
1234 4746 140 33 downfall
1395 4746 32 33 of

793 4792 66 29 that
873 4791 150 40 oligarchy
1043 4791 72 30 with
1138 4791 50 29 the
1213 4793 78 27 most
1315 4791 110 29 sincere

793 4834 123 42 delight,
942 4834 58 32 and
1024 4833 138 34 welcome
1187 4833 50 33 the
1261 4833 108 33 advent
1396 4833 32 33 of

794 4879 50 30 the
872 4889 80 20 more
987 4878 109 40 benign
1131 4888 78 30 sway
1243 4878 32 31 of
1305 4878 122 40 healthy

794 4921 99 42 public
920 4921 129 41 opinion,
1084 4921 38 41 by
1155 4921 51 32 the
1241 4921 127 32 exercise
1399 4920 31 33 of

795 4965 96 32 which
913 4965 51 31 the
988 4965 58 31 bad
1070 4967 137 38 amongst
1228 4975 35 21 us
1277 4975 49 21 are
1340 4965 86 31 made

795 5010 58 31 less
867 5010 66 37 bad,
945 5009 58 31 and
1017 5009 50 32 the
1082 5009 75 40 good
1171 5019 49 21 are
1234 5009 85 31 made
1333 5008 95 32 better

795 5053 74 33 than
889 5053 107 32 before.
1038 5053 70 37 But,
1124 5053 41 32 let
1188 5064 79 21 none
1281 5052 31 32 of
1323 5064 35 20 us
1373 5052 41 32 for-

795 5100 49 37 get
858 5098 66 30 that
938 5107 43 21 we
1005 5097 75 30 have
1105 5107 17 20 a
1146 5097 71 40 duty
1232 5100 29 27 to
1276 5096 152 39 discharge

796 5141 31 34 in
842 5141 50 33 the
906 5140 170 34 immediate
1100 5140 107 39 future,
1223 5139 66 39 viz.,
1305 5142 31 32 to
1354 5139 76 33 have

797 5198 53 19 our
864 5187 152 39 highways
1030 5186 142 30 rendered
1197 5188 31 27 at
1251 5196 73 20 once
1347 5195 64 29 pass-

797 5229 65 32 able
891 5229 58 31 and
976 5228 70 33 safe.
1089 5228 98 42 Every
1214 5227 112 42 private
1353 5226 60 32 indi-

797 5274 109 37 vidual,
930 5285 86 29 every
1039 5273 99 41 public
1160 5283 81 26 man,
1265 5272 59 31 and
1346 5282 86 30 every

799 5318 235 40 Parliamentary
1061 5316 229 42 representative
1324 5316 55 30 has
1414 5325 17 21 a

799 5362 85 31 share
900 5363 31 30 of
953 5361 49 32 the
1017 5361 218 40 responsibility
1250 5360 32 31 of
1293 5359 139 40 bringing

799 5405 66 31 that
889 5405 100 36 about,
1006 5405 58 29 and
1087 5405 51 29 the
1162 5404 73 40 duty
1258 5403 54 30 lies
1337 5414 38 20 011
1396 5412 35 20 us

800 5449 58 31 and
896 5459 52 22 our
985 5448 247 41 contemporaries
1267 5447 31 32 of
1329 5446 104 40 taking

800 5493 96 32 notice
924 5493 66 32 that
1018 5492 65 32 that
1111 5492 72 41 duty
1216 5492 25 31 is
1275 5490 71 42 duly
1376 5490 42 31 dis-

801 5537 137 42 charged.
981 5537 85 35 Shall
1089 5548 43 20 we
1160 5536 74 32 have
1249 5538 30 29 to
1294 5537 96 30 revert
1404 5536 30 29 to

802 5582 49 32 the
875 5582 113 40 subject
1013 5582 87 40 again
1110 5584 13 29 ?
1165 5581 39 31 Or
1225 5581 75 30 have
1315 5591 42 19 we
1373 5579 62 30 said

802 5626 117 40 enough
932 5628 13 29 ?
987 5626 83 31 Time
1082 5625 59 32 will
1152 5625 62 32 tell.
1257 5622 178 34 Meanwhile

804 5669 40 32 let
858 5670 22 31 it
895 5670 34 31 be
944 5669 201 32 remembered
1162 5669 66 32 that
1252 5668 183 31 Parliament

804 5715 24 29 is
842 5725 66 20 now
922 5715 31 29 in
968 5715 120 34 session,
1106 5714 57 30 and
1178 5713 66 31 that
1258 5712 115 30 further
1387 5711 31 31 de-

804 5757 48 42 lay
866 5767 68 32 may
948 5767 87 32 prove
1059 5759 78 30 most
1161 5756 161 31 disastrous
1341 5758 30 28 to
1386 5754 50 31 the

804 5806 134 36 prospect
963 5803 31 31 of
1014 5802 112 40 having
1148 5802 51 31 the
1218 5800 73 33 evils
1305 5810 42 21 we
1362 5799 74 32 have

807 5845 116 33 alluded
940 5849 27 29 to
983 5849 43 29 set
1040 5849 30 29 to
1084 5845 104 40 rights.

1448 206 35 29 In
1496 216 184 28 consequence
1690 205 30 30 of
1727 216 35 19 an
1772 206 122 30 accident
1902 210 27 26 to
1936 207 46 30 the
1989 217 46 20 con-

1415 255 119 26 veyance
1546 245 68 28 after
1633 246 107 34 leaving
1762 246 123 32 Reefton,
1898 247 51 27 last
1970 247 65 28 Tues-

1414 284 62 33 day,
1493 284 50 26 His
1556 284 143 34 Lordship.
1715 284 48 26 J)r.
1779 284 112 27 Francis
1905 285 147 33 Redwood,

1415 320 46 28 did
1471 325 48 23 not
1534 320 88 28 arrive
1636 327 28 21 at
1677 321 78 34 Lyell
1769 331 29 17 as
1816 322 137 35 expected.
1999 323 53 27 His

1415 358 135 37 Lordship
1571 358 56 28 will
1648 358 81 28 reach
1743 358 64 28 here
1829 365 28 22 at
1870 360 60 27 four
1951 361 101 27 o'clock

1415 405 35 18 on
1464 397 122 35 Monday
1600 397 140 27 afternoon
1752 401 72 28 next,
1834 398 53 26 and
1897 398 45 27 the
1951 398 87 28 follow-

1414 434 48 36 ing
1480 435 54 36 day
1552 435 56 29 will
1629 435 65 28 hold
1716 442 53 22 two
1788 445 104 20 masses
1911 437 55 29 and
1988 447 48 19 con-

1415 473 148 27 firmation.

1450 519 57 29 The
1523 519 100 29 United
1635 518 99 39 Alpine
1746 523 107 27 returns
1866 521 41 29 for
1918 525 62 33 past
1991 523 64 29 nine

1415 558 76 35 days'
1501 558 73 35 eight
1584 558 84 26 hours
1678 559 137 35 crushing,
1826 560 69 26 from
1904 562 47 26 the
1960 561 95 35 plates,

1415 595 116 30 resulted
1546 595 28 29 in
1588 597 107 28 6640z5.
1709 597 29 28 of
1753 597 134 36 amalgam
1911 598 71 29 from
2004 600 50 28 337

1415 640 63 23 tons
1492 635 29 27 of
1532 644 76 18 sione
1622 636 112 27 treated.
1774 637 168 34 Everything
1960 644 28 21 at
2009 639 46 27 the

1417 673 106 35 battery
1553 672 54 27 and
1631 672 75 27 mine
1731 673 24 27 is
1777 673 87 36 going
1888 674 115 29 forward
2027 685 30 18 as

1416 710 88 34 usual,
1541 710 87 29 There
1641 709 15 43 i
1671 709 14 43 8
1700 709 103 43 nothing
1824 711 71 30 fresh
1920 716 26 25 to
1967 716 90 36 report

1419 752 70 27 from
1502 750 46 28 the
1561 754 120 25 crosscut
1693 751 29 27 in
1744 752 52 27 No.
1816 753 24 26 6.
1878 752 120 29 Tenders
2012 763 44 18 are

1417 788 87 28 called
1517 789 28 26 in
1558 788 55 28 this
1630 789 72 26 issue
1722 788 41 28 for
1784 791 51 26 300
1855 790 54 27 feet
1929 790 29 27 of
1977 792 51 27 No.
2042 792 15 27 7

1418 826 77 27 level.

1452 872 57 28 The
1517 873 96 27 tunnel
1623 872 29 27 in
1664 873 47 27 the
1721 873 126 28 Larnach
1857 873 23 28 is
1890 884 62 18 now
1962 874 94 29 driven

1419 922 15 17 a
1459 911 121 27 distance
1605 912 27 27 of
1659 912 49 26 155
1732 912 63 33 feet,
1810 912 45 27 the
1878 913 52 26 last
1951 913 34 27 20
2005 913 54 28 feet

1419 950 102 35 having
1535 950 66 27 been
1615 949 28 27 in
1658 949 69 28 hard
1747 950 67 28 slate
1837 950 155 35 formation,
2006 952 53 27 and

1420 989 49 28 has
1483 998 80 27 every
1575 993 124 32 prospect
1711 989 30 27 of
1752 999 15 18 a
1777 992 55 26 reel
1842 989 81 37 being
1932 990 126 29 obtained

1422 1031 28 24 at
1462 1037 35 17 no
1511 1032 77 31 great
1601 1026 130 28 distance.

1457 1075 52 28 His
1523 1073 134 38 Lordship
1678 1073 104 38 Bishop
1798 1074 88 35 Suter,
1900 1074 30 30 of
1949 1075 111 35 Nelson,

1422 1113 106 27 arrived
1541 1117 28 22 at
1589 1113 79 34 Lyell
1681 1122 35 17 on
1737 1114 121 34 Monday
1881 1114 125 35 evening,
2019 1124 28 17 ac-

1422 1150 164 37 companied
1606 1150 36 37 by
1662 1150 46 29 the
1727 1151 66 28 Rev.
1815 1150 32 29 T.
1870 1151 33 28 B.
1927 1152 134 33 Maclean,

1423 1190 54 27 and
1490 1190 64 26 held
1567 1190 101 27 service
1680 1190 29 26 in
1724 1190 38 27 St.
1776 1190 156 28 Matthew's
1943 1190 118 28 Church.

1423 1228 57 27 The
1501 1227 66 27 Rev.
1590 1227 31 27 T.
1641 1227 32 27 B.
1699 1228 123 27 Maclean
1844 1228 152 28 conducted
2016 1229 45 27 the

1424 1266 101 28 service
1539 1265 55 29 and
1606 1265 43 28 his
1668 1262 134 40 Lordship
1815 1265 134 37 preached
1961 1275 15 19 a
1997 1275 65 28 very

1424 1305 158 36 impressive
1607 1303 54 30 and
1685 1304 128 38 eloquent
1838 1314 117 20 sermon.
2003 1305 59 29 The

1426 1343 170 33 attendance,
1620 1343 89 35 owing
1728 1354 35 17 no
1788 1343 84 29 doubt
1890 1348 28 25 to
1939 1345 46 28 the
2005 1345 58 28 cold

1425 1382 54 29 and
1503 1382 147 29 inclement
1680 1382 129 34 weather,
1834 1391 56 20 was
1913 1386 49 26 not
1991 1383 74 29 what

1426 1422 88 34 might
1526 1422 69 26 have
1609 1422 66 26 been
1689 1422 137 34 expected,
1836 1422 94 35 taking
1935 1422 59 27 into
2003 1432 45 17 con-

1426 1458 147 28 sideration
1595 1458 46 28 the
1663 1458 165 36 necessarily
1850 1458 65 37 long
1935 1460 130 27 intervals

1426 1497 122 30 between
1572 1496 47 30 the
1645 1496 75 30 visits
1745 1498 30 28 of
1803 1497 103 39 Bishop
1933 1498 79 29 Suter
2040 1502 26 25 to

1426 1536 87 37 Lyell.
1560 1536 52 28 His
1626 1536 136 37 Lordship
1775 1536 48 28 left
1843 1537 42 28 for
1908 1537 102 28 Nelson
2031 1547 33 19 on

1427 1574 126 37 Tuesday
1582 1575 137 34 morning,
1745 1575 55 29 and
1824 1575 63 29 held
1912 1576 102 28 service
2039 1580 27 25 at

1427 1614 72 28 Fern
1516 1613 61 29 FJat
1591 1614 60 28 that
1664 1614 127 36 evening.

1462 1661 58 28 The
1534 1661 68 28 Rev.
1617 1662 30 27 T.
1661 1662 33 27 B.
1709 1661 124 29 Maclean
1847 1663 129 28 returned
1996 1663 70 28 from

1428 1700 72 27 Fern
1514 1700 61 27 Flat
1595 1708 35 19 on
1653 1700 175 36 Wednesday
1850 1700 142 29 afternoon
2014 1702 52 27 and

1428 1738 150 28 conducted
1593 1737 90 29 divine
1698 1738 100 28 service
1812 1738 27 28 in
1855 1739 40 28 St.
1913 1739 155 29 Matthew's

1429 1776 109 28 Church
1552 1777 29 26 in
1595 1776 46 28 the
1654 1776 124 34 evening.
1815 1777 58 27 The
1887 1787 108 18 sermon
2011 1787 55 19 was

1428 1813 66 28 both
1525 1814 160 28 instructive
1711 1814 55 27 and
1793 1814 170 37 interesting,
1987 1815 80 38 being

1429 1851 115 31 listened
1556 1855 26 27 to
1597 1853 159 37 attentively
1769 1852 177 36 throughout.

1465 1901 109 27 Several
1582 1901 30 26 of
1622 1910 50 18 our
1683 1901 69 27 local
1762 1901 167 35 speculators
1940 1903 128 27 returned

1429 1937 99 36 during
1549 1938 47 28 the
1615 1938 75 37 early
1712 1943 61 32 part
1786 1938 28 28 of
1834 1938 46 28 the
1902 1939 76 28 week
1999 1941 69 27 from

1430 1986 16 17 a
1458 1976 65 28 visit
1535 1981 29 23 to
1578 1977 46 27 the
1638 1978 85 26 Owen
1735 1978 77 27 reefs.
1850 1978 77 36 They
1947 1978 82 36 speak
2042 1980 26 26 in

1430 2014 66 35 high
1521 2018 86 24 terms
1628 2015 31 27 of
1676 2015 47 27 the
1745 2020 138 31 prospects
1903 2016 30 28 of
1949 2017 47 27 the
2017 2016 39 28 dis-

1430 2052 72 28 trict.

1465 2101 58 28 The
1535 2102 130 33 weather,
1679 2106 29 24 at
1720 2102 88 36 Lyell,
1822 2102 99 36 during
1930 2102 47 29 the
1986 2103 83 32 week,

1431 2138 50 29 has
1494 2139 68 28 been
1581 2140 109 36 bitterly
1711 2140 70 28 cold.
1826 2141 24 27 A
1872 2141 84 35 slight
1976 2142 49 27 fall
2045 2142 28 27 of

1431 2187 75 20 snow
1520 2178 127 30 occurred
1662 2189 36 19 on
1711 2178 127 38 Tuesday
1847 2179 138 37 morning.

1466 2225 28 29 It
1514 2225 55 29 will
1589 2225 33 29 be
1635 2226 128 29 observed
1778 2226 72 29 from
1871 2235 35 20 an
1927 2227 128 29 advertise-

1433 2269 73 24 ment
1530 2264 28 29 in
1584 2265 116 28 another
1724 2264 111 29 column
1855 2265 61 30 that
1937 2266 47 29 the
2006 2267 47 28 Pro-

1432 2303 116 28 visional
1561 2303 149 28 Committe
1723 2304 30 27 of
1768 2305 46 26 the
1838 2304 132 36 proposed
1992 2305 79 35 Lyell

1432 2340 138 38 Hospital,
1584 2342 103 35 having
1706 2341 66 29 used
1786 2351 82 27 every
1888 2342 136 29 endeavor
2043 2343 29 28 in

1432 2380 70 27 their
1521 2390 91 26 power
1633 2385 28 23 to
1686 2390 79 25 carry
1789 2385 48 23 out
1861 2380 47 28 the
1932 2381 86 28 desire
2045 2382 29 27 of

1433 2418 173 35 subscribers,
1619 2418 59 29 find
1690 2418 22 30 it
1730 2429 144 26 necessary
1896 2423 28 25 to
1946 2419 125 30 abandon

1433 2458 46 26 the
1492 2458 86 35 object
1593 2458 54 26 and
1661 2458 73 26 hand
1747 2467 63 17 over
1824 2458 45 27 the
1889 2467 95 26 rnonej
2009 2469 62 17 now

1432 2495 29 28 in
1483 2495 75 28 hand
1579 2498 29 25 to
1630 2494 46 30 the
1698 2495 173 34 subscribers,
1885 2495 82 29 about
1990 2496 80 29 <l4o.

1433 2533 66 28 This
1524 2533 211 28 determination
1760 2534 23 27 is
1809 2534 45 27 the
1874 2535 85 27 result
1977 2535 30 27 of
2026 2536 45 27 the

1433 2571 62 29 firm
1509 2571 154 38 opposition
1683 2571 31 30 of
1732 2571 47 30 the
1798 2571 139 39 .Westport
1959 2572 113 30 District

1434 2611 91 27 Board
1539 2617 27 21 to
1579 2622 16 16 a
1618 2611 109 27 Branch
1750 2611 164 28 Institution
1935 2617 27 22 at
1984 2613 87 35 Lyell.

1434 2648 82 28 Their
1534 2648 89 28 action
1642 2648 29 28 in
1690 2648 55 29 this
1765 2653 99 24 matter
1882 2650 22 26 is
1923 2653 28 24 to
1976 2650 32 27 be
2031 2660 26 19 re-

1434 2697 16 26 g
1465 2687 74 28 etted
1562 2688 72 26 from
1655 2697 85 26 many
1765 2688 91 35 points
1880 2687 31 28 of
1929 2688 75 33 view,
2019 2689 53 28 and

1434 2728 48 24 not
1494 2724 46 28 the
1554 2725 68 27 least
1634 2724 55 28 will
1702 2724 32 28 be
1747 2725 145 28 contained
1909 2726 27 26 in
1950 2726 46 28 the
2021 2726 52 28 fact

1434 2763 60 29 that
1506 2763 98 29 should
1618 2763 77 37 Lydl
1715 2767 28 25 at
1756 2773 54 27 any
1831 2763 90 29 future
1934 2764 66 30 time
2022 2765 33 29 im-

1434 2811 80 26 prove
1527 2806 28 22 to
1568 2802 67 26 such
1658 2811 35 17 an
1715 2806 92 23 extent
1820 2811 30 18 as
1871 2808 27 20 to
1910 2805 106 31 require
2038 2813 34 17 an

1434 2837 154 30 institution
1602 2837 32 29 of
1650 2838 46 29 the
1709 2838 75 34 kind,
1795 2839 22 28 it
1836 2839 56 28 will
1904 2838 33 29 be
1951 2839 84 30 found
2058 2849 15 20 a

1435 2882 100 24 matter
1553 2879 29 27 of
1597 2878 133 36 difficulty
1749 2883 28 23 to
1802 2879 49 28 stir
1868 2888 38 27 up
1930 2879 47 29 the
1998 2890 75 19 same

1435 2916 172 27 enthusiasm
1632 2925 30 17 as
1687 2916 49 26 has
1754 2916 68 27 been
1847 2925 29 19 so
1901 2917 95 35 amply
2019 2918 55 28 and

1435 2952 163 37 generously
1617 2952 131 29 accorded
1772 2962 35 19 on
1826 2953 47 29 the
1897 2957 109 33 present
2031 2963 28 20 oc-

1436 2991 101 32 casion,

1470 3038 58 28 The
1541 3038 130 29 tributors
1683 3039 29 27 in
1726 3038 45 29 the
1786 3038 102 29 United
1902 3039 81 37 Italy,
1998 3040 76 28 Luke

1436 3078 125 27 Fantella
1585 3077 55 28 and
1663 3082 89 31 party,
1766 3087 45 18 are
1832 3087 63 19 now
1918 3078 108 36 driving
2046 3080 28 26 in

1437 3116 115 27 Potter's
1565 3115 78 32 level,
1657 3125 35 18 on
1705 3125 15 17 a
1733 3116 82 27 small
1838 3117 92 26 leader
1950 3117 126 34 carrying

1437 3153 124 38 splendid
1573 3153 73 37 gold.
1692 3153 70 29 This
1782 3153 24 30 is
1819 3153 47 30 the
1887 3163 75 20 same
1985 3154 90 30 leader

1437 3193 91 28 which
1540 3192 107 37 yielded
1660 3203 76 18 some
1747 3203 80 20 seven
1836 3204 78 26 years
1926 3204 50 26 ago
1986 3195 89 28 21ozs.

1437 3236 28 22 to
1477 3231 47 27 the
1536 3235 58 29 ton,
1608 3231 55 27 and
1676 3240 57 19 was
1745 3232 53 27 lost
1820 3241 35 18 on
1868 3232 61 27 that
1951 3233 125 27 occasion

1438 3273 28 24 at
1479 3278 16 20 a
1507 3268 83 30 break
1603 3270 29 27 in
1645 3268 46 30 the
1705 3268 114 37 ground.
1856 3270 67 28 This
1942 3273 78 34 party
2041 3270 36 34 by

1437 3308 107 35 driving
1556 3309 34 26 80
1602 3308 62 32 feet,
1675 3308 81 35 again
1775 3313 55 22 met
1843 3309 47 27 the
1911 3308 100 35 leade-,
2025 3309 53 27 and

1437 3354 46 19 are
1495 3354 61 19 now
1570 3345 122 38 working
1703 3345 23 29 it
1737 3345 66 28 with
1817 3346 105 28 similar
1938 3348 138 36 prospects

1438 3390 28 24 to
1490 3385 60 29 that
1575 3385 134 29 occasion.
1754 3385 87 29 There
1863 3395 44 20 are
1929 3386 61 28 four
2013 3396 65 19 men

1438 3424 154 34 employed.
1630 3424 109 34 Mining
1746 3428 138 30 prospects
1894 3433 36 18 on
1939 3425 46 26 the
1992 3425 71 33 eight-

1439 3460 63 28 mile
1516 3469 45 18 are
1573 3468 63 19 now
1649 3459 110 37 looking
1770 3459 87 28 better
1867 3460 68 27 than
1949 3461 42 27 for
1999 3470 80 26 years

1439 3502 70 33 past,
1521 3499 55 28 and
1585 3498 89 29 shows
1683 3508 81 26 every
1773 3498 151 29 indication
1935 3499 29 29 of
1973 3503 87 25 return-

1439 3538 47 34 ing
1498 3541 28 25 to
1540 3538 46 27 the
1599 3538 94 36 palmy
1705 3537 68 37 days
1786 3538 30 27 of
1825 3538 47 27 the
1886 3538 44 28 old
1947 3538 91 29 Break
2051 3539 23 28 o'

1439 3576 63 35 Day
1514 3576 55 28 and
1581 3576 47 28 the
1643 3576 116 27 Maruia.

1474 3623 58 29 The
1545 3624 61 28 Bon
1625 3623 115 35 Accord,
1752 3623 48 29 the
1820 3626 65 26 next
1905 3623 91 35 claim,
2010 3626 55 27 east-

1441 3663 83 33 ward,
1538 3666 28 25 to
1590 3663 47 28 the
1659 3663 108 28 Maruia
1791 3672 36 19 on
1848 3663 47 28 the
1916 3663 163 36 Eight-mile

1442 3702 67 33 Hill,
1535 3702 50 29 has
1615 3712 62 19 now
1707 3705 55 26 two
1792 3701 71 38 good
1892 3702 188 37 gold-bearing

1441 3741 104 28 leaders
1575 3741 116 35 exposed
1716 3744 28 25 to
1768 3742 77 27 view.
1899 3742 79 34 They
2007 3742 71 28 have

1441 3779 95 29 driven
1550 3788 35 20 on
1598 3779 76 28 them
1693 3788 75 20 some
1792 3778 131 33 distance,
1937 3779 55 28 and
2012 3779 69 30 have

1443 3820 58 27 four
1513 3823 62 24 tons
1589 3819 29 27 of
1629 3823 76 23 stone
1718 3821 55 26 out.
1811 3819 86 27 These
1911 3818 104 29 leaders
2038 3828 43 19 are

1442 3858 81 35 going
1533 3856 117 28 towards
1660 3857 46 27 the
1719 3856 108 28 Maruia
1834 3856 151 35 boundary.
2023 3857 58 27 The

1443 3901 115 31 country
1571 3895 23 27 is
1606 3894 71 28 loose
1690 3894 54 28 and
1758 3894 112 37 slightly
1886 3894 125 37 jumbled
2032 3904 46 27 up,

1443 3933 132 34 although
1602 3933 45 28 the
1673 3937 77 24 stone
1770 3943 52 18 can
1841 3943 62 18 now
1924 3933 33 27 be
1978 3934 103 35 plainly

1443 3972 125 28 followed
1599 3971 53 28 and
1677 3971 49 28 has
1753 3974 66 25 been
1846 3975 58 24 met
1927 3971 29 28 in
1980 3972 103 28 several

1444 4011 89 35 places
1545 4011 29 26 in
1586 4009 47 28 the
1646 4011 105 26 tunnel.
1787 4010 58 27 The
1858 4013 80 32 party
1947 4011 23 26 is
1983 4010 100 28 known

1444 4057 30 19 as
1488 4047 116 34 Ritchie,
1618 4047 91 28 Burns
1723 4047 54 28 and
1790 4057 145 27 company,
1950 4048 53 28 and
2018 4048 65 38 they

1445 4087 166 33 confidently
1624 4091 95 31 expect
1732 4091 27 24 to
1769 4096 33 25 go
1816 4091 27 23 to
1857 4087 45 28 the
1915 4087 61 28 mill
1988 4087 67 28 with
2065 4097 16 18 a

1445 4125 70 36 good
1528 4124 129 36 crushing
1669 4124 81 28 about
1757 4124 2 37 .
1764 4124 162 28 Christmas.

1479 4174 37 26 At
1536 4173 47 27 the
1605 4174 56 34 Tyr
1684 4173 116 27 Connell
1813 4173 35 27 all
1862 4173 89 27 hands
1964 4183 45 18 are
2022 4183 61 18 now

1447 4211 107 36 stoping
1568 4214 76 24 stone
1668 4210 28 27 of
1712 4211 132 26 excellent
1864 4211 114 36 quality,
1992 4211 55 27 and
2069 4220 16 19 a

1449 4249 129 37 crushing
1590 4250 23 28 is
1626 4249 130 37 expected
1769 4248 30 29 in
1814 4250 116 36 August.

1482 4307 38 27 As
1528 4316 75 18 some
1613 4305 253 36 misapprehension
1879 4315 88 18 seems
1979 4308 29 25 to
2018 4307 69 27 exist

1448 4345 66 29 with
1535 4350 105 31 respect
1665 4347 28 25 to
1717 4344 47 28 the
1789 4345 89 28 action
1893 4343 30 29 of
1944 4354 50 19 our
2017 4345 69 28 local

1449 4383 211 37 representative
1672 4382 30 28 in
1715 4381 45 30 the
1773 4383 109 35 County
1904 4383 122 32 Council,
2041 4383 44 28 Mr

1449 4423 74 28 John
1536 4422 125 33 Fennell,
1674 4422 28 27 in
1722 4422 159 28 connection
1894 4421 67 29 with
1975 4421 43 29 his
2041 4422 30 29 ad-

1449 4469 101 26 vocacy
1573 4463 30 25 at
1625 4460 53 27 last
1699 4461 121 33 meeting
1839 4468 30 18 re
1888 4459 139 36 footpaths
2046 4460 42 27 for

1450 4498 79 36 Lyell
1542 4497 144 37 township,
1700 4507 40 19 we
1754 4497 69 29 have
1833 4497 130 37 procured
1982 4507 16 19 a
2017 4507 70 28 copy

1450 4538 30 26 of
1490 4537 43 27 his
1548 4537 79 27 letter
1639 4541 59 23 sent
1710 4536 58 27 into
1782 4536 46 28 the
1841 4536 114 27 Council
1971 4546 37 18 on
2027 4537 61 27 that

1449 4574 133 31 occasion,
1595 4573 70 28 from
1679 4572 91 29 which
1786 4573 23 28 it
1820 4573 56 28 will
1895 4573 33 28 be
1942 4582 64 19 seen
2027 4573 61 28 that

1450 4613 43 26 his
1507 4611 87 36 object
1603 4621 55 18 was
1677 4611 61 27 that
1750 4620 80 26 every
1844 4616 127 30 property
1992 4611 97 28 holder

1451 4660 30 17 so
1493 4649 120 33 desiring
1624 4648 99 27 should
1735 4649 158 35 participate
1914 4648 31 27 in
1956 4648 47 27 the
2025 4657 46 19 con-

1451 4688 118 28 cessions
1583 4686 101 36 prayed
1697 4686 57 28 for:

1515 4735 39 27 To
1568 4734 46 28 the
1628 4734 150 28 Chairman
1791 4733 29 28 of
1831 4733 45 29 the
1890 4733 95 29 Buller

1619 4773 109 34 County
1742 4772 114 28 Council

1514 4819 74 29 Dear
1608 4818 52 34 Sir,
1662 4818 49 27 I
1733 4817 91 29 would
1844 4817 52 37 beg
1910 4820 28 25 to
1952 4816 74 29 draw
2039 4817 47 29 the

1455 4860 134 27 attention
1603 4858 30 28 of
1650 4857 45 29 the
1709 4856 115 29 Council
1845 4861 28 25 to
1895 4856 47 29 the
1963 4860 75 25 want
2059 4857 30 28 of

1455 4907 74 17 some
1542 4896 66 28 kind
1622 4896 30 26 of
1661 4895 140 35 footpaths
1813 4896 28 25 in
1855 4895 46 27 the
1915 4895 77 34 Lyell
2003 4898 67 24 town-

1455 4935 71 36 ship.
1562 4935 38 27 As
1621 4943 55 26 you
1696 4942 45 19 are
1766 4942 97 22 aware,
1889 4933 48 27 the
1961 4936 81 25 street
2065 4933 23 28 is

1455 4982 115 23 narrow,
1584 4972 53 28 and
1651 4971 75 28 there
1744 4970 81 35 being
1846 4979 37 19 no
1903 4969 107 29 defined
2024 4970 64 37 path

1455 5011 41 28 for
1509 5020 158 27 passengers
1682 5009 63 35 (and
1759 5008 122 29 children
1893 5008 62 28 who
1968 5009 70 27 have
2051 5018 36 19 no

1456 5049 76 37 place
1545 5053 28 24 to
1585 5058 52 19 run
1650 5048 48 28 but
1711 5048 27 28 in
1760 5047 47 29 the
1829 5046 101 36 street),
1944 5046 20 28 it
1977 5047 23 28 is
2015 5056 16 20 o
2043 5051 46 24 ten

1456 5098 66 23 very
1535 5088 153 33 dangerous
1700 5086 79 27 when
1789 5085 46 27 the
1846 5085 83 27 coach
1942 5085 55 27 and
2010 5086 78 26 other

1457 5124 118 30 vehicles
1597 5133 45 19 are
1663 5124 111 37 passing
1796 5121 128 37 through.
1960 5122 62 28 You
2041 5131 45 19 are

1458 5165 58 29 also
1529 5174 89 18 aware
1630 5164 61 27 that
1710 5163 29 27 in
1761 5162 60 28 that
1836 5166 61 31 part
1906 5161 30 28 of
1945 5161 47 28 the
2004 5165 68 25 town-

1458 5203 61 35 ship
1531 5203 91 26 where
1642 5211 47 25 my
1711 5201 131 35 premises
1855 5209 44 16 are
1914 5199 117 26 situated
2044 5201 46 25 the

1458 5244 81 25 street
1552 5239 23 28 is
1589 5248 64 26 very
1667 5246 114 25 narrow,
1795 5236 55 29 and
1863 5236 60 28 that
1943 5236 81 34 being
2042 5236 47 29 the

1459 5280 51 27 low
1523 5279 55 28 side
1592 5279 30 26 of
1631 5278 46 27 the
1698 5281 84 24 street
1801 5277 22 26 it
1846 5276 125 27 becomes
1992 5276 100 27 almost

1458 5317 164 36 impassable
1644 5316 28 27 in
1697 5319 53 24 wet
1773 5314 127 28 weather.
1955 5314 14 27 I
1999 5314 91 28 would

1459 5356 132 27 therefore
1604 5354 48 29 ask
1666 5354 45 28 the
1727 5352 112 28 Council
1862 5356 27 24 to
1911 5352 111 36 provide
2046 5352 46 29 the

1459 5394 114 31 kerbing
1586 5392 53 28 and
1651 5391 91 33 gravel
1756 5394 40 23 lor
1808 5390 55 27 this
1877 5391 105 33 portion
1995 5390 30 27 of
2044 5390 46 28 the

1459 5430 134 37 footpath,
1607 5430 53 28 and
1676 5429 13 28 I
1703 5429 54 28 will
1771 5427 149 28 undertake
1933 5430 28 25 to
1975 5427 57 28 find
2046 5428 45 28 the

1461 5470 95 28 labour
1575 5469 54 27 and
1651 5472 42 24 tar
1714 5467 28 28 to
1761 5466 82 28 make
1865 5475 14 18 a
1902 5465 69 35 good
1985 5465 108 37 asphalt

1462 5509 76 36 path,
1551 5507 53 28 and
1618 5517 35 17 no
1667 5505 85 28 doubt
1773 5505 46 28 the
1839 5504 133 29 residents
1992 5505 87 35 adjoin-

1462 5549 47 33 ing
1521 5546 90 29 would
1623 5545 153 28 contribute
1790 5544 28 27 in
1832 5543 45 28 the
1891 5552 75 20 same
1982 5553 59 28 way
2051 5544 41 28 for

1462 5587 46 27 the
1528 5584 189 28 continuation
1740 5584 30 26 of
1790 5583 44 27 the
1855 5583 66 35 path
1941 5587 60 31 past
2024 5583 71 28 their

1462 5624 141 37 premises,
1627 5621 90 30 which
1742 5622 54 28 will
1820 5621 30 28 be
1872 5631 15 19 a
1909 5626 75 28 great
2006 5621 89 36 public

1463 5671 188 20 convenience.
1696 5661 114 35 Hoping
1831 5660 45 27 the
1902 5660 112 27 Council
2038 5660 55 28 will

1463 5711 43 19 see
1521 5700 71 29 their
1604 5709 59 27 way
1677 5703 27 25 to
1719 5704 60 22 vote
1792 5698 56 29 this
1870 5698 78 29 small
1967 5698 111 37 expendi-

1463 5745 69 21 ture.
1570 5739 14 26 I
1597 5738 70 27 have
1681 5742 28 22 to
1721 5737 107 27 remain

1449 5771 2 49 |
1698 5784 88 29 Yours
1799 5782 165 38 obediently,

1449 5824 3 37 I
1902 5832 161 28 Fennell.''

2117 203 41 29 An
2182 203 150 37 important
2353 200 142 39 discovery
2516 210 56 21 was
2593 201 80 30 made
2694 205 28 27 at

2083 244 46 28 the
2143 241 162 36 Eight-mile
2318 241 30 28 in
2362 241 47 28 the
2432 241 108 28 Maruia
2561 244 160 34 company's

2083 280 106 37 ground
2201 289 35 19 on
2250 278 145 36 Thursday
2405 279 152 28 afternoon.
2594 280 42 27 On
2651 280 71 28 their

2080 323 115 24 western
2202 317 152 35 boundary,
2362 317 71 27 close
2440 320 27 25 to
2478 317 46 28 the
2532 317 73 35 Italy
2615 318 107 35 ground

2080 367 16 19 a
2105 356 91 29 leader
2218 365 57 18 was
2290 354 85 29 found
2394 364 36 19 on
2442 355 47 28 the
2510 355 113 33 surface,
2638 356 83 28 about

2080 400 53 23 two
2158 394 94 27 inches
2282 394 29 27 in
2341 393 139 28 thickness
2510 393 123 36 showing
2657 395 63 34 gold

2080 433 113 39 plainly.
2231 431 58 30 The
2303 431 90 30 leader
2402 431 96 30 strikes
2506 431 80 29 south
2597 433 54 28 and
2662 433 58 37 dips

2082 478 27 22 to
2133 472 46 27 the
2204 470 143 28 westward
2359 471 58 27 into
2440 471 47 28 the
2509 471 74 35 Italy
2605 473 115 33 ground.

2082 510 58 29 The
2154 508 209 30 determination
2377 509 24 28 is
2414 513 28 25 to
2455 508 74 29 drive
2541 518 16 19 a
2570 508 68 30 level
2652 510 68 28 from

2081 550 47 26 the
2142 548 65 28 road
2219 547 120 34 through
2353 548 45 27 the
2412 548 73 35 Italy
2497 548 107 34 ground
2621 548 103 35 having

2083 584 126 31 obtained
2223 584 175 37 permisssion
2412 584 71 30 from
2496 584 61 30 that
2574 593 147 30 company.

2082 626 27 27 It
2122 626 24 26 is
2160 623 129 37 expected
2307 624 61 28 that
2380 626 34 27 60
2434 625 55 27 feet
2501 625 29 27 of
2547 624 107 37 driving
2666 625 56 28 will

2083 666 45 25 cut
2139 662 48 27 the
2200 661 92 28 leader
2303 662 29 27 in
2345 662 72 27 their
2428 671 62 18 own
2513 663 114 32 ground.
2664 663 57 27 The

2083 700 58 29 The
2156 699 106 29 Maruia
2274 699 23 28 is
2311 709 15 18 a
2339 701 104 36 private
2457 709 136 28 company
2614 700 108 29 worked

2083 740 37 38 by
2133 740 82 34 Hart,
2230 739 117 37 M'Cioy,
2361 739 53 30 and
2431 743 89 34 party,
2534 739 56 30 and
2609 741 114 29 consists

2084 781 29 25 of
2123 780 40 25 six
2176 778 199 27 shareholders.
2412 779 76 35 They
2501 779 69 26 have
2584 779 68 27 been
2663 789 44 25 pro-

2085 817 122 35 specting
2228 815 55 29 this
2300 816 105 35 ground
2426 817 73 27 since
2520 816 53 28 last
2595 816 129 35 crushing

2087 854 144 35 (January)
2240 854 115 28 without
2363 859 103 28 return,
2474 854 53 28 and
2538 854 71 28 their
2618 863 106 19 success

2085 901 35 20 on
2135 891 46 29 the
2195 895 108 32 present
2316 892 125 28 occasion
2454 893 24 27 is
2490 892 61 28 well
2566 892 138 29 deserved.

2123 939 23 28 A
2159 947 60 19 new
2233 939 117 28 element
2367 938 50 29 has
2430 949 101 27 sprung
2543 948 37 27 up
2593 940 83 35 lately
2694 942 28 26 in

2089 976 60 30 that
2173 978 107 36 usually
2306 979 73 36 quiet
2406 978 123 38 locatity,
2555 978 72 29 Fern
2653 979 70 33 Flat,

2088 1016 110 29 Central
2212 1018 101 27 Buller.
2351 1018 49 28 We
2414 1018 89 28 allude
2523 1022 28 24 to
2571 1018 47 28 the
2640 1019 65 27 exist-

2087 1064 66 20 ence
2175 1054 30 28 of
2221 1063 16 20 a
2258 1055 72 29 band
2350 1055 31 29 of
2396 1056 136 33 larrikins,
2546 1056 61 28 who
2621 1056 41 28 for
2675 1056 46 28 the

2089 1098 73 24 want
2186 1094 30 28 of
2236 1094 158 37 something
2420 1095 88 29 belter
2529 1098 28 26 to
2587 1096 43 33 do,
2662 1095 57 28 find

2089 1135 173 24 amusement
2285 1132 30 28 in
2341 1133 133 35 prowling
2498 1133 84 28 about
2608 1133 113 36 playing

2089 1169 130 38 practical
2251 1169 88 37 jokes,
2370 1169 55 30 and
2463 1171 151 28 heretofore
2652 1171 70 28 have

2090 1207 113 29 avoided
2216 1208 144 29 detection.
2398 1209 104 28 On'last
2514 1209 113 36 Sunday
2635 1209 87 35 night,

2090 1246 134 32 however,
2248 1246 44 27 Mr
2310 1246 17 28 J
2333 1256 72 19 imes
2427 1247 95 28 Hart's
2541 1247 116 37 drapery
2670 1256 53 19 van

2090 1294 55 19 was
2156 1284 47 28 left
2216 1284 36 37 by
2266 1284 44 28 Mr
2321 1284 127 36 Karsten,
2461 1285 47 29 the
2522 1285 98 33 driver,
2634 1289 28 24 at
2677 1285 46 28 the

2090 1323 80 29 usual
2194 1326 115 27 turnout
2332 1324 71 29 close
2428 1328 28 25 to
2480 1324 47 30 the
2558 1324 72 29 Fern
2660 1325 64 28 Flat

2092 1363 92 27 Hotel.
2223 1363 111 36 Shortly
2348 1363 68 28 after
2434 1364 136 35 nightfall,
2585 1364 45 28 Mr
2642 1364 65 27 Kars-

2091 1406 55 29 ten,
2160 1401 113 37 hearing
2285 1412 16 19 a
2314 1402 74 29 noise
2402 1412 75 20 came
2497 1406 48 26 out
2557 1407 27 25 to
2598 1412 44 20 see
2664 1402 61 30 that

2092 1440 43 26 his
2155 1440 104 27 vehicle
2279 1449 57 18 was
2357 1440 36 27 all
2411 1442 81 32 right,
2515 1441 80 26 when
2619 1440 35 27 he
2673 1440 39 27 dis-

2092 1475 116 31 covered
2220 1478 21 27 it
2255 1476 55 30 had
2322 1477 68 30 been
2409 1477 118 38 draggel
2541 1486 75 21 some
2631 1477 94 29 chains

2092 1526 37 26 up
2142 1517 46 28 the
2207 1517 68 28 road
2291 1517 55 28 and
2358 1517 124 28 tumbled
2496 1517 92 36 bodily
2600 1526 65 19 over
2680 1517 45 28 the

2092 1559 113 29 terrace,
2220 1555 142 37 smashing
2374 1556 29 27 in
2416 1556 47 28 the
2477 1559 46 33 top
2536 1554 55 30 and
2604 1554 111 37 destroy

2093 1594 48 36 ing
2162 1603 15 19 a
2198 1594 73 36 large
2294 1595 127 36 quantity
2445 1594 30 29 of
2496 1594 116 38 drapery
2637 1595 88 27 stored

2094 1633 115 28 thereiu.
2245 1633 58 29 The
2316 1633 113 37 culprits
2438 1643 70 19 were
2519 1634 100 27 almost
2628 1632 99 37 caught

2094 1672 28 27 in
2134 1672 47 27 the
2195 1675 53 30 act,
2262 1671 53 28 and
2329 1681 36 18 no
2379 1672 83 28 doubt
2480 1672 23 27 if
2520 1672 47 28 the
2587 1674 100 25 matter
2705 1671 23 27 is

2082 1708 1 38 i
2094 1713 49 25 not
2167 1709 97 28 settled
2288 1709 55 28 will
2367 1709 71 29 form
2459 1709 47 29 the
2526 1708 104 38 subject
2646 1709 30 29 of
2694 1717 34 20 an

2082 1747 1 33 i
2095 1748 88 28 action
2196 1748 30 27 in
2238 1757 51 19 our
2300 1747 70 29 local
2383 1748 52 28 law
2449 1751 86 25 court.

2130 1795 45 26 Mr
2192 1794 104 28 Arthur
2315 1794 94 33 Rowe,
2423 1794 30 28 of
2470 1794 169 31 Murchison,
2653 1803 76 18 some

2095 1834 67 27 time
2173 1842 51 26 ago
2237 1832 106 28 erected
2358 1842 14 18 a
2384 1832 65 28 wire
2463 1832 161 37 suspension
2637 1831 92 35 bridge

2097 1881 91 20 across
2200 1872 47 28 the
2261 1870 164 30 Matakitaki
2442 1871 81 34 river,
2536 1871 42 29 for
2598 1870 47 30 the
2668 1879 46 21 con-

2097 1910 128 28 venience
2238 1910 30 27 of
2276 1910 56 26 foot
2353 1919 160 26 passengers
2536 1910 113 33 visiting
2668 1910 63 26 that

2096 1947 145 37 township.
2278 1947 28 28 It
2327 1947 116 28 consists
2463 1947 30 28 of
2511 1950 54 25 two
2577 1955 93 28 spans,
2684 1946 47 29 the

2096 1988 88 33 larger
2196 1995 51 18 one
2261 1986 29 27 of
2308 1985 89 28 which
2410 1995 56 18 was
2479 1985 111 28 washed
2605 1995 77 25 away
2696 1985 36 36 by

2096 2034 17 19 a
2133 2024 72 28 flood
2221 2032 76 19 some
2318 2023 69 28 little
2408 2024 66 27 time
2494 2030 59 28 ago.
2591 2023 44 27 Mr
2648 2023 83 28 Rowe

2097 2063 50 29 has
2159 2061 149 30 re-erected
2320 2061 46 30 the
2380 2065 134 26 structure
2525 2061 116 37 entirely
2649 2065 29 26 at
2688 2061 43 29 his

2097 2112 61 18 own
2183 2110 124 27 expense,
2329 2101 41 27 for
2397 2100 90 28 which
2510 2101 102 27 service
2634 2104 28 25 to
2684 2101 47 28 the

2097 2140 90 36 public
2201 2139 34 27 he
2249 2148 55 18 was
2316 2138 138 36 promised
2473 2148 16 18 a
2510 2138 106 28 reward
2637 2139 29 26 in
2686 2138 46 28 the

2097 2178 85 37 shape
2195 2177 30 29 of
2244 2187 15 19 a
2278 2176 87 30 bonus
2379 2176 29 30 of
2417 2177 56 29 JO2O
2485 2187 46 28 per
2544 2186 106 20 annum
2663 2176 69 30 from

2098 2218 45 26 the
2169 2216 162 35 Inangahua
2354 2216 109 35 County
2487 2216 122 26 Council.
2659 2216 76 28 After

2097 2255 137 36 receiving
2252 2264 16 19 a
2289 2253 52 29 few
2362 2254 176 29 instalments
2551 2254 55 29 this
2619 2254 113 38 subsidy

2097 2303 56 18 was
2167 2294 135 35 suddenly
2323 2293 141 31 withheld,
2477 2293 43 28 for
2538 2293 76 28 what
2635 2303 98 18 reason

2099 2341 39 19 we
2151 2340 46 20 are
2210 2334 28 25 at
2251 2340 16 19 a
2280 2331 53 29 loss
2356 2335 28 24 to
2405 2331 117 28 fathom.
2560 2331 66 28 This
2640 2331 93 37 bridge

2099 2370 49 27 has
2162 2370 101 36 proved
2276 2369 30 28 of
2315 2369 174 28 inestimable
2503 2369 79 28 value
2596 2373 27 24 to
2640 2370 77 36 pedes-

2099 2408 85 29 trians
2208 2408 99 36 during
2329 2406 95 35 floods,
2447 2411 55 25 and
2524 2417 40 20 we
2586 2408 80 29 think
2687 2408 47 29 the

2099 2448 90 27 action
2203 2447 30 28 of
2242 2447 47 28 the
2303 2447 113 28 Council
2428 2448 23 27 is
2464 2448 91 35 paltry
2572 2447 30 27 in
2622 2448 46 28 the
2690 2458 30 17 ex-

2099 2488 94 24 treme.
2231 2484 45 28 Mr
2297 2484 83 28 Rowe
2402 2484 24 27 is
2445 2494 52 18 one
2521 2486 27 27 of
2567 2494 49 18 our
2629 2485 108 28 earliest

2099 2524 141 35 pioneers;
2260 2523 34 27 he
2304 2523 51 27 has
2368 2533 93 26 grown
2473 2523 45 27 old
2529 2523 29 27 in
2574 2523 47 28 the
2635 2524 102 28 service

2099 2562 30 28 of
2140 2561 46 28 the
2199 2561 101 37 public,
2311 2561 54 28 and
2379 2561 49 28 has
2441 2566 49 23 not
2503 2561 126 28 amassed
2642 2571 16 19 a
2684 2561 39 29 for-

2099 2605 75 29 tune,
2197 2611 29 19 so
2249 2611 39 18 we
2311 2600 81 29 think
2414 2600 42 29 for
2475 2601 47 28 the
2543 2605 104 24 matter
2670 2601 31 28 of
2722 2611 15 18 a

2099 2639 80 27 small
2199 2641 116 25 amount
2336 2638 32 28 of
2390 2639 57 28 J620
2468 2648 95 27 a-year
2575 2639 47 27 the
2637 2648 101 26 money

2099 2676 89 29 would
2207 2677 32 28 be
2252 2677 62 28 well
2334 2681 79 31 spent
2433 2677 28 28 in
2485 2677 185 36 maintaining
2692 2678 46 28 the

2099 2714 93 35 bridge
2205 2716 28 26 in
2247 2716 126 34 question
2386 2724 29 18 m
2429 2716 98 34 repair.

2135 2763 44 27 Mr
2190 2762 104 37 Joseph
2307 2762 130 37 Barkley,
2450 2762 107 38 draper,
2567 2763 171 29 Palrnerston

2099 2804 90 29 street,
2202 2801 147 35 Westport,
2370 2810 159 18 announces
2550 2803 28 24 in
2591 2802 56 26 this
2667 2803 72 26 issue

2102 2838 52 37 (Ist
2177 2837 78 38 page)
2281 2846 36 19 an
2335 2837 135 30 immense
2494 2838 119 38 clearing
2636 2839 56 27 sale
2713 2838 26 29 of

2100 2877 84 37 cheap
2208 2877 117 37 drapery
2345 2877 93 36 goods.
2482 2877 58 29 The
2560 2883 104 31 system
2684 2879 29 28 of
2724 2888 15 18 a

2100 2916 94 26 liberal
2207 2916 125 28 discount
2344 2916 30 26 of
2383 2916 30 25 4s
2425 2916 28 26 in
2468 2916 47 26 the
2529 2916 92 34 pound
2635 2921 26 21 to
2674 2916 65 26 cash

2101 2952 170 36 purchasers,
2285 2961 35 19 on
2335 2960 34 19 an
2385 2951 112 36 already
2518 2952 52 28 low
2591 2952 72 37 price
2684 2952 55 34 list,

2101 2989 97 29 should
2210 2999 82 27 prove
2306 2999 16 19 a
2334 2994 94 31 strong
2440 2990 187 29 inducement.

2137 3037 166 32 Muncaster,
2333 3036 135 34 Jeweller,
2493 3037 31 28 of
2549 3037 112 34 Nelson,
2692 3047 31 18 an-

2101 3084 121 20 nounces
2233 3085 16 19 a
2271 3076 120 35 clearing
2402 3076 55 28 sale
2471 3076 30 28 of
2517 3076 36 28 all
2567 3076 45 28 the
2631 3076 108 33 leading

2102 3114 69 27 lines
2183 3114 28 26 in
2221 3114 149 35 jewellery.
2405 3114 26 26 A
2442 3114 142 35 speciality
2597 3114 23 28 is
2640 3114 99 27 offered

2101 3151 30 29 in
2144 3151 85 38 cheap
2241 3151 74 29 lever
2325 3150 130 30 watches.
2490 3151 59 29 The
2562 3151 43 29 ad.
2625 3161 114 29 appears

2103 3201 36 19 on
2153 3192 41 28 Ist
2214 3200 77 27 page.

2193 3288 111 29 OWEN
2325 3288 125 29 REEFS
2467 3289 184 28 DISTRICT.

2175 3374 85 37 (from
2273 3381 55 22 our
2340 3381 61 21 own
2415 3374 254 37 correspondent.)

2390 3427 141 29 Tuesday,
2545 3428 73 26 June
2633 3428 73 27 15th.

2140 3472 110 37 Mining
2267 3472 29 29 in
2312 3471 56 30 this
2389 3472 112 37 locality
2513 3472 24 29 is
2550 3472 116 38 steadily
2679 3482 44 28 pro-

2105 3513 131 36 gressing,
2250 3511 55 29 and
2324 3511 76 29 three
2420 3520 61 19 new
2502 3512 86 28 leases
2610 3512 69 28 have
2702 3522 26 18 re-

2106 3551 91 35 cently
2218 3550 68 28 been
2306 3549 104 37 pegged
2432 3549 39 29 off
2487 3559 36 20 on
2544 3550 75 29 what
2639 3550 23 28 is
2681 3560 62 19 now

2110 3588 86 29 called
2208 3588 47 28 the
2268 3588 159 35 Enterprise
2440 3587 54 29 line
2507 3588 30 28 of
2546 3588 64 28 reef.

2141 3637 58 28 The
2210 3635 114 29 Bulmer
2333 3633 86 31 Creek
2428 3635 50 29 has
2488 3635 153 37 suspended
2650 3645 77 27 opera-

2107 3676 72 29 tions
2191 3675 41 28 for
2245 3684 16 19 a
2273 3674 52 29 few
2338 3673 76 37 days,
2427 3674 122 37 pending
2557 3674 46 29 the
2616 3675 85 29 result
2714 3675 31 28 of

2107 3715 46 29 the
2166 3717 122 33 meeting
2307 3712 33 30 of
2356 3713 190 30 shareholders
2566 3713 91 30 which
2678 3713 65 30 took

2107 3754 76 36 place
2197 3762 35 18 on
2248 3752 120 35 Monday
2381 3752 52 27 last
2455 3757 29 23 at
2504 3753 112 26 Nelson.
2653 3753 91 27 There

2109 3802 45 20 are
2167 3792 60 29 four
2240 3789 112 30 distinct
2364 3792 70 27 reets
2443 3799 63 20 now
2518 3789 118 38 exposed
2648 3790 30 29 in
2688 3791 55 28 this

2109 3832 90 32 claim,
2213 3830 54 28 and
2280 3839 52 18 one
2345 3830 30 27 of
2391 3830 76 27 them
2489 3830 51 27 has
2561 3830 70 27 been
2650 3830 93 29 traced

2109 3869 95 36 nearly
2216 3871 29 25 to
2257 3866 46 29 the
2314 3866 132 28 northern
2457 3866 151 37 boundary,
2619 3867 125 36 showing

2109 3918 16 18 a
2138 3907 51 29 fair
2201 3910 125 33 prospect
2337 3905 30 28 of
2376 3905 63 36 gold
2457 3905 178 37 throughout.
2672 3906 28 28 It
2718 3906 22 28 is

2109 3945 133 38 proposed
2264 3949 28 24 to
2313 3948 72 24 erect
2407 3953 35 19 an
2466 3945 103 27 incline
2592 3946 146 34 tramway,

2110 3985 88 32 shoot,
2212 3983 55 28 and
2285 3981 134 38 paddock,
2432 3985 28 26 to
2479 3988 115 23 connect
2606 3982 47 29 the
2667 3983 75 28 mine

2109 4023 66 28 with
2189 4022 47 27 the
2250 4020 126 28 machine
2396 4020 50 28 site
2467 4020 99 28 situate
2579 4030 36 18 on
2629 4020 114 28 Bulmer

2110 4060 95 30 Creek.
2241 4059 58 28 The
2318 4061 139 34 prospects
2474 4058 32 29 of
2523 4058 54 29 this
2598 4058 143 38 Company

2110 4110 46 17 are
2180 4103 73 23 most
2272 4098 192 35 encouraging,
2478 4098 55 27 and
2554 4098 15 26 I
2591 4101 71 25 trust
2684 4098 61 28 that

2110 4138 81 36 being
2204 4136 46 29 the
2262 4135 125 38 pioneers
2408 4134 31 28 of
2455 4134 47 30 the
2524 4134 65 29 field
2601 4134 60 30 that
2674 4135 72 29 their

2111 4177 91 28 eftorts
2222 4176 57 27 will
2301 4174 32 28 be
2352 4174 126 28 crowned
2496 4174 67 29 with
2576 4174 47 29 the
2637 4185 105 18 success

2111 4214 66 36 they
2190 4222 29 19 so
2232 4212 87 36 richly
2330 4211 120 28 deserve.

2146 4261 59 30 The
2228 4260 79 37 Lyell
2331 4260 167 36 Company's
2521 4260 107 36 ground
2652 4261 21 28 is
2694 4260 34 29 im-

2112 4300 147 34 mediately
2271 4298 82 28 north
2366 4298 30 28 of
2412 4298 113 28 Bulmer
2538 4298 95 33 Creek,
2646 4299 56 27 and
2722 4299 24 27 is

2112 4349 30 19 so
2155 4336 104 40 pegged
2272 4336 39 29 off
2331 4345 30 19 as
2381 4338 29 26 to
2432 4336 79 28 catch
2525 4336 36 28 all
2579 4336 47 28 the
2638 4337 69 27 lines
2720 4336 26 28 of

2112 4378 59 28 reef
2180 4375 116 38 exposed
2308 4375 29 27 in
2351 4374 47 28 the
2410 4374 81 28 latter
2502 4374 92 34 claim,
2608 4374 55 28 and
2676 4375 70 29 their

2112 4416 142 36 uuderlap.
2301 4413 112 29 Surface
2436 4418 76 24 stone
2535 4413 97 38 picked
2653 4423 37 28 up
2710 4424 36 19 on

2112 4456 56 26 this
2181 4454 81 27 claim
2284 4453 89 26 shows
2386 4461 16 18 a
2415 4461 66 27 very
2502 4452 71 36 good
2593 4454 104 34 sample
2719 4453 27 27 of

2114 4501 91 21 coarse
2218 4489 72 36 gold.

2149 4532 57 27 The
2222 4529 115 29 Wakatu
2350 4528 103 29 United
2464 4528 71 29 have
2555 4529 40 27 six
2613 4538 65 18 men
2701 4538 32 19 en

2114 4568 85 35 gaged
2212 4568 107 33 driving
2332 4574 15 18 a
2360 4568 133 25 cross-cut
2514 4566 94 27 tunnel
2622 4569 27 24 to
2662 4567 60 26 inter-

2114 4611 56 23 sect
2183 4605 46 29 the
2242 4604 64 33 reef,
2319 4602 91 29 which
2431 4603 24 28 is
2473 4607 128 32 expected
2615 4608 27 23 to
2656 4603 31 28 be
2702 4612 32 20 cu

2113 4644 29 26 in
2156 4642 83 28 about
2252 4642 50 27 150
2315 4642 62 26 feet.

2148 4681 58 29 The
2231 4680 159 35 Enterprise
2420 4678 79 28 claim
2531 4678 51 28 lias
2613 4678 134 28 attracted

2113 4727 149 20 numerous
2280 4718 117 32 visitors,
2411 4717 55 27 and
2479 4717 14 26 I
2508 4721 75 23 must
2595 4727 49 25 say
2655 4717 60 27 that
2727 4712 28 32 if!

2113 4758 47 29 the
2190 4760 134 33 stampers
2348 4755 90 28 reveal
2465 4754 135 36 anything
2621 4754 55 29 like
2700 4755 47 28 the

2113 4798 140 33 prospects
2265 4793 129 28 obtained
2406 4793 68 26 from
2488 4793 81 26 small
2581 4794 123 34 portions
2718 4793 30 26 of

2113 4834 47 29 the
2172 4837 86 28 stone,
2272 4831 47 29 the
2331 4830 123 29 fortunes
2472 4830 31 29 of
2519 4830 47 29 the
2587 4829 81 39 lucky
2687 4839 44 30 pro-

2113 4872 115 37 prietors
2239 4871 24 27 is
2281 4870 119 28 assured.

2149 4908 177 37 Prospecting
2338 4906 75 30 work
2421 4906 24 29 is
2457 4910 49 24 not
2519 4906 162 37 proceeding
2691 4907 57 36 just

2114 4957 62 19 now
2205 4947 90 33 owing
2324 4950 29 24 to
2377 4945 47 28 the
2449 4945 172 36 inclemency
2645 4946 30 26 of
2701 4945 46 28 the

2113 4984 129 35 weather,
2255 4983 90 29 which
2359 4983 50 28 has
2421 4983 68 28 been
2508 4992 66 27 very
2595 4992 91 19 severe
2707 4983 41 28 for

2115 5033 75 19 some
2202 5025 68 26 time
2289 5026 69 33 past.
2394 5022 82 28 Frost
2496 5021 54 29 and
2571 5031 74 20 snow
2668 5022 80 36 being

2114 5063 47 29 the
2174 5061 79 30 order
2265 5061 31 28 of
2304 5061 47 28 the
2365 5059 62 37 day.

2149 5101 15 26 I
2186 5099 89 28 notice
2296 5099 30 26 in
2346 5107 70 26 your
2435 5098 52 26 last
2508 5099 73 25 issue
2602 5098 61 27 that
2680 5108 70 25 your

2115 5136 220 40 correspondent,
2386 5134 74 37 Quid
2600 5136 51 29 has
2663 5136 84 29 Mleu

2115 5180 58 25 into
2193 5187 36 18 an
2251 5186 74 18 error
2345 5176 29 27 in
2395 5176 103 35 stating
2515 5175 45 28 ihe
2573 5181 76 23 route
2662 5176 29 27 of
2703 5177 45 27 the

2116 5214 66 28 road
2194 5214 51 27 has
2254 5214 68 26 been
2333 5212 120 32 decided,
2465 5212 54 27 and
2532 5212 61 28 that
2604 5221 65 19 men
2680 5221 69 19 were

2117 5252 111 36 already
2249 5250 122 37 engaged
2392 5259 74 28 upon
2490 5249 54 38 day
2562 5249 105 30 labour.
2712 5251 38 28 As

2117 5296 47 32 yet
2187 5291 77 28 there
2288 5292 24 26 is
2336 5299 36 18 no
2397 5298 168 27 appearance
2587 5289 31 28 of
2637 5299 16 18 a
2677 5299 54 18 com-

2118 5332 173 26 mencement
2310 5327 31 29 of
2357 5327 47 28 the
2427 5327 74 33 road,
2515 5327 54 28 and
2589 5327 15 28 I
2627 5334 46 21 am
2692 5328 29 27 in
2734 5336 16 19 a

2118 5368 118 37 position
2249 5371 28 24 to
2290 5371 69 24 state
2373 5366 60 27 that
2453 5365 46 28 the
2519 5365 55 28 line
2593 5366 24 27 is
2638 5371 49 22 not
2705 5370 47 31 yet

2119 5406 111 27 decided
2242 5414 84 26 upon,
2339 5404 55 26 and
2407 5405 72 25 most
2492 5402 84 35 likely
2590 5403 46 27 the
2648 5407 102 23 matter

2120 5444 55 28 will
2188 5444 32 28 be
2233 5442 119 36 brought
2371 5440 88 29 under
2471 5440 46 28 the
2530 5440 90 28 notice
2633 5441 28 27 of
2684 5441 48 27 Par-

2121 5483 113 28 liament
2259 5482 100 34 during
2383 5480 55 28 this
2463 5479 103 29 session
2590 5479 90 28 before
2705 5479 47 29 the

2120 5521 74 30 work
2216 5522 23 27 is
2261 5520 96 35 finally
2378 5519 82 28 taken
2481 5518 29 28 in
2533 5517 83 29 hand.
2653 5518 27 27 It
2701 5518 23 28 is
2738 5527 16 19 a

2121 5561 58 37 pity
2192 5560 60 28 that
2261 5559 66 28 such
2339 5561 104 33 reports
2453 5557 98 28 should
2561 5557 32 28 be
2604 5556 148 29 circulated

2122 5599 116 29 without
2261 5597 171 33 foundation,
2453 5606 29 18 as
2503 5605 87 27 many
2612 5595 143 36 labouring

2124 5648 63 18 men
2200 5637 68 29 have
2282 5635 115 37 trudged
2418 5645 37 27 up
2477 5635 64 28 here
2562 5634 143 36 expecting
2726 5640 28 23 to

2122 5682 44 31 get
2191 5686 15 19 a
2227 5675 57 38 job,
2307 5674 55 29 and
2381 5673 70 29 have
2473 5682 69 27 gone
2567 5682 79 28 away
2665 5672 73 37 disap-

2122 5715 120 37 pointed.

2157 5753 59 27 The
2237 5752 106 28 Golden
2365 5751 95 27 Fleece
2482 5750 81 28 claim
2576 5749 54 28 will
2645 5759 66 17 soon
2724 5748 31 28 be

2124 5791 165 37 thoroughly
2311 5788 169 40 prospected.
2517 5790 24 28 A
2561 5787 122 38 meeting
2700 5797 55 19 was

2124 5832 64 29 held
2200 5836 28 24 at
2241 5830 149 35 Hampden
2403 5830 52 27 last
2474 5828 75 29 week
2569 5829 29 27 of
2618 5829 46 27 the
2684 5828 57 37 prin-

2749 203 70 39 cipal
2833 204 198 36 shareholders,
3044 207 54 30 and
3113 207 22 30 it
3147 217 55 20 was
3216 205 124 32 resolved
3353 209 27 26 to

2749 248 49 32 put
2810 254 35 18 on
2861 254 64 19 men
2939 250 28 23 at
2979 256 66 19 once
3059 251 28 24 to
3099 247 75 28 drive
3188 257 16 18 a
3218 246 95 29 tunnel
3322 247 58 26 into

2749 282 46 28 the
2821 284 76 26 main
2918 285 59 26 reef
2996 288 29 24 to
3044 289 52 24 test
3119 285 36 28 its
3179 285 89 27 value.
3313 283 67 27 This

2748 329 73 19 mine
2835 320 94 29 stands
2942 331 16 19 a
2971 322 70 36 good
3053 322 77 29 show
3140 322 55 29 and
3204 322 125 28 deserves
3341 325 26 24 at-

2749 358 114 27 tention.

2786 397 45 27 Mr
2843 397 115 37 Wright,
2974 399 188 28 Government
3179 406 139 29 surveyor,
3331 397 51 27 has

2751 435 152 38 completed
2917 437 42 29 his
2972 435 74 32 work
3059 437 54 30 and
3127 437 49 29 has
3188 437 48 29 left
3255 437 41 29 for
3318 436 47 28 Nel-

2750 484 58 23 son,
2821 475 96 35 taking
2928 477 67 26 with
3015 477 59 27 him
3094 477 120 35 samples
3233 476 32 27 of
3286 478 96 33 quartz

2750 511 69 30 from
2833 513 37 28 all
2883 513 46 29 the
2942 514 104 34 claims,
3060 513 121 30 likewise
3194 524 16 19 a
3222 513 71 37 good
3306 522 59 28 pros-

2750 555 61 31 pect
2833 551 31 28 of
2880 552 111 27 alluvial
3011 553 73 33 gold,
3098 553 127 27 obtained
3245 553 71 26 from
3336 551 45 27 the

2750 588 87 29 banks
2861 589 30 29 of
2911 589 47 30 the
2981 591 81 28 river.
3113 590 14 28 I
3151 588 170 30 understand
3346 588 36 29 all

2751 628 75 28 these
2852 630 119 35 samples
2995 629 69 28 have
3088 628 69 29 been
3182 628 150 29 forwarded
3353 631 29 24 to

2753 665 165 36 Wellington
2931 670 27 24 to
2971 666 33 28 be
3024 666 107 28 treated
3150 667 36 34 by
3206 666 49 26 Dr.
3270 665 111 27 Hector.

2751 703 37 28 Of
2805 712 93 20 course
2918 713 42 19 we
2982 713 45 19 are
3049 703 38 29 all
3107 705 114 36 waiting
3239 703 143 36 anxiously

2751 742 40 29 for
2804 743 45 29 Mr
2862 743 130 36 Wright's
3007 748 100 33 report,
3121 743 90 29 which
3224 743 56 29 will
3291 747 50 25 not
3350 742 32 29 be

2751 781 143 35 published
2913 783 72 26 until
3006 783 50 26 Dr.
3078 783 129 26 Hector's
3225 785 92 31 report
3329 781 53 27 and

2751 819 120 35 analysis
2893 819 30 28 of
2939 819 47 28 the
3007 823 78 24 stone
3106 819 24 28 is
3151 818 122 29 received
3286 818 36 36 by
3337 818 45 28 the

2751 857 159 28 authorities
2922 859 29 25 in
2965 856 112 28 Nelson.

2821 944 257 28 WARDEN'S
3135 944 178 28 COURT.

2838 1030 192 31 Wednesday,
3049 1030 49 27 9th
3117 1029 85 33 June,
3223 1030 75 27 1886.

2772 1106 104 36 (Before
2906 1106 92 28 Frank
3018 1105 77 34 Bird,
3124 1105 76 36 Esq.,
3226 1105 140 36 Warden.)

2961 1166 210 21 APPLICATIONS.

2784 1211 95 29 James
2892 1209 286 37 RyanAbandoned
3193 1213 85 24 water
3291 1218 61 19 race
3359 1209 29 27 in

2750 1259 16 18 a
2780 1249 76 35 gully
2869 1248 119 28 situated
3002 1258 35 17 on
3050 1247 48 28 the
3110 1247 82 28 north
3205 1247 75 28 bank
3292 1246 31 28 of
3339 1246 47 28 the

2751 1287 95 28 Buller
2866 1286 82 29 river.
2985 1285 126 30 Granted
3132 1285 105 39 subject
3248 1289 29 25 to
3291 1284 36 29 all
3340 1293 30 20 ex-

2751 1326 85 37 isting
2848 1326 96 36 rights.

2786 1365 79 37 Lyell
2884 1364 85 29 Creek
2992 1364 146 28 Extended
3159 1364 102 35 Quartz
3282 1363 109 37 Mining

2753 1404 277 36 CompanyNotice
3054 1403 31 29 of
3106 1403 137 30 intention
3267 1406 29 26 to
3324 1411 47 21 con-

2753 1446 86 23 struct
2852 1446 86 22 water
2950 1451 61 17 race
3032 1442 30 26 in
3084 1442 80 34 Lyell
3183 1441 96 31 Creek,
3292 1441 98 34 nearly

2753 1488 51 20 one
2818 1477 64 31 mile
2907 1478 86 30 above
3014 1479 34 30 its
3068 1478 127 39 junetion
3217 1482 29 26 at
3265 1478 126 29 Brown's

2755 1518 85 29 Creek
2854 1517 66 30 with
2934 1518 80 37 Lyell
3033 1518 96 29 Creek.
3166 1517 132 30 Granted.

2788 1557 43 36 Ly
2845 1556 210 29 PuckNotice
3073 1557 32 29 of
3122 1557 138 29 intention
3278 1559 28 26 to
3329 1565 47 20 con-

2755 1599 85 25 struct
2865 1599 84 26 water
2972 1605 62 20 race
3055 1606 67 19 near
3145 1596 47 29 the
3213 1595 98 29 mouth
3324 1594 31 30 of
3377 1604 15 19 a

2755 1634 80 29 creek
2856 1634 100 29 known
2978 1644 31 19 as
3030 1634 140 34 Junker's,
3183 1645 36 18 on
3240 1635 46 28 the
3310 1634 81 29 south

2756 1673 56 27 side
2825 1673 31 27 of
2869 1673 48 28 the
2931 1673 95 28 Buller
3038 1682 81 19 river.
3157 1673 131 28 Granted.

2791 1710 120 37 Godfrey
2952 1710 98 34 Hofer,
3080 1710 76 28 John
3188 1710 121 33 Walker,
3339 1710 55 28 and

2756 1748 243 29 HuttonNotice
3013 1749 30 28 of
3064 1749 135 29 intention
3213 1754 28 23 to
3255 1751 139 26 construct

2757 1796 16 18 a
2786 1790 85 23 water
2883 1796 62 18 race
2957 1787 30 27 in
3000 1796 17 18 a
3029 1787 79 27 creek
3121 1796 36 18 on
3177 1787 123 27 Manuka
3323 1787 71 33 Flat,

2759 1833 67 18 near
2838 1824 48 27 the
2898 1828 92 25 centre
3001 1823 31 28 of
3041 1823 46 29 the
3100 1824 57 29 flat.
3194 1824 132 29 Granted.

2794 1862 109 29 Patrick
2928 1862 106 31 Carroll
3055 1862 55 29 and
3124 1862 103 31 Martin
3241 1863 156 30 Mullans

2759 1902 109 33 Tailing
2880 1903 59 30 site,
2952 1902 83 28 north
3058 1902 73 27 bank
3152 1903 31 27 of
3200 1903 97 27 Buller
3317 1903 80 33 river,

2759 1947 67 19 near
2839 1938 104 37 Ryan's
2957 1938 80 29 farm.
3075 1939 131 29 Granted.

2794 1977 43 27 Ah
2851 1977 72 28 Lum
2937 1976 55 30 and
3004 1978 42 28 Ah
3062 1978 99 35 Chung
3173 1987 25 19 v.
3210 1978 34 28 Li
3255 1978 75 37 Song
3342 1978 53 29 and

2762 2015 78 36 Lang
2852 2015 74 28 Wun
2927 2016 125 27 Claim
3065 2016 42 27 for
3119 2016 130 35 damages
3260 2017 42 27 for
3314 2017 70 27 inter-

2761 2053 106 30 ference
2889 2053 66 30 with
2978 2057 86 26 water
3081 2063 61 21 race
3164 2058 29 25 at
3215 2055 68 29 New
3303 2055 94 29 Creek.

2762 2092 67 29 This
2843 2102 60 19 case
2917 2093 129 37 occupied
3064 2093 48 29 the
3133 2094 84 28 Court
3238 2094 43 28 for
3300 2103 16 19 a
3335 2104 48 19 con-

2763 2131 132 28 siderable
2908 2132 76 32 time,
2996 2131 54 29 and
3072 2132 119 27 resulted
3203 2132 30 27 in
3251 2132 148 36 judgment

2763 2168 41 29 for
2826 2168 139 38 plaintiffs.
3010 2169 126 30 Another
3156 2179 71 26 case,
3253 2170 29 29 in
3307 2170 91 29 which

2763 2208 47 27 the
2823 2208 122 36 litigants
2957 2218 71 19 were
3041 2210 125 27 reversed
3175 2215 74 22 went
3261 2211 28 26 in
3305 2210 96 27 favour

2764 2245 30 30 of
2815 2246 170 30 defendants.
3035 2246 102 30 Messrs
3169 2246 154 40 Moynihan
3347 2247 54 30 and

2764 2286 141 27 Haselden
2926 2295 71 19 were
3020 2286 124 28 retained
3171 2288 30 26 in
3223 2287 67 29 both
3316 2296 85 23 cases,

2764 2323 55 28 and
2841 2333 40 19 we
2903 2323 103 29 believe
3027 2324 61 28 that
3109 2333 35 19 an
3165 2325 96 37 appeal
3288 2325 57 28 will
3369 2324 32 30 be

2764 2361 98 37 lodged
2875 2371 35 20 on
2924 2362 94 29 behalf
3027 2363 31 29 of
3076 2363 47 29 the
3137 2363 164 30 defendants
3313 2365 29 27 in
3355 2364 46 29 the

2765 2400 81 29 latter
2858 2410 70 20 case.

2901 2491 115 30 WHAT
3035 2491 36 30 IS
3089 2492 174 29 WANTED.

2956 2590 251 43 [communicated.]

2799 2639 92 29 When
2912 2649 52 19 one
2984 2640 50 29 sits
3053 2641 81 28 down
3159 2645 28 25 to
3210 2642 127 28 consider
3358 2643 47 28 the

2766 2678 82 28 needs
2861 2678 30 28 of
2911 2688 51 19 our
2982 2679 123 36 growing
3123 2679 106 30 district
3248 2681 35 28 he
3305 2684 101 25 cannot

2765 2716 48 27 fail
2827 2721 28 23 to
2867 2716 33 28 be
2914 2716 137 36 surprised
3064 2726 36 19 on
3111 2717 108 35 finding
3226 2718 62 28 how
3299 2719 108 35 rapidly

2766 2754 66 37 they
2846 2763 71 19 seem
2932 2758 29 25 to
2973 2754 120 29 increase
3107 2756 54 28 and
3177 2756 141 37 multiply.
3364 2757 43 28 No

2766 2803 99 17 sooner
2877 2793 70 27 have
2961 2803 41 17 we
3015 2794 156 27 chronicled
3184 2795 55 27 and
3253 2795 56 27 laid
3331 2796 75 26 aside

2766 2839 52 18 one
2832 2829 81 36 thing
2931 2830 67 27 than
3012 2830 93 28 others
3126 2840 77 19 come
3217 2831 139 28 unbidden
3379 2837 28 23 to

2767 2868 47 29 the
2835 2869 105 29 surface
2952 2868 56 31 like
3027 2868 47 31 the
3093 2879 75 20 snow
3180 2869 83 39 drops
3284 2869 54 31 and
3360 2871 41 29 the

2766 2917 125 17 crocuses
2912 2908 31 25 of
2959 2908 75 34 early
3048 2910 102 33 spring.
3192 2910 25 25 A
3239 2909 169 35 Circulating

2769 2944 115 36 Library
2897 2944 24 28 is
2931 2944 84 36 badly
3037 2945 118 28 wanted.
3191 2945 75 36 Why
3283 2954 40 19 we
3337 2946 70 27 have

2767 2991 84 19 never
2862 2985 46 34 yet
2930 2982 128 29 obtained
3071 2983 65 28 such
3151 2992 17 19 a
3189 2984 127 35 priceless
3336 2984 71 28 boon

2766 3020 109 36 nobody
2903 3030 51 19 can
2978 3020 127 39 properly
3140 3022 178 28 understand.
3365 3024 42 27 On

2767 3068 82 27 every
2862 3059 83 34 hand,
2959 3059 105 29 around
3077 3069 40 23 us,
3131 3060 133 28 localities
3277 3070 46 19 are
3335 3064 28 25 to
3374 3060 33 29 be

2766 3097 87 28 found
2865 3097 66 29 with
2944 3101 50 24 not
3006 3107 16 18 a
3035 3097 60 28 fifth
3107 3101 61 33 part
3181 3099 30 27 of
3224 3099 47 27 the
3294 3099 96 36 popula-

2768 3135 55 28 tion
2839 3135 30 27 of
2878 3135 46 28 the
2946 3135 80 36 Lyell
3039 3136 54 27 and
3106 3140 50 24 not
3168 3145 16 19 a
3205 3136 78 28 tenth
3297 3140 61 29 part
3381 3137 30 27 of

2768 3173 36 30 its
2827 3173 181 39 possibilities,
3032 3173 51 31 but
3107 3175 90 29 which
3219 3175 187 30 nevertheless

2769 3214 49 27 has
2831 3214 140 35 possessed
2983 3214 42 27 for
3036 3224 79 26 years
3128 3218 61 32 past
3197 3215 122 27 libraries
3331 3225 75 17 more

2769 3260 30 20 or
2811 3251 53 29 less
2877 3252 137 28 extensive
3036 3252 56 28 and
3104 3252 161 38 important.
3313 3252 93 28 Books

2769 3299 46 19 are
2828 3290 161 37 important,
3006 3300 71 24 eyen
3090 3290 103 37 though
3215 3290 66 37 they
3302 3290 32 29 be
3356 3291 52 28 few

2769 3328 28 26 in
2820 3328 124 33 number,
2967 3337 30 18 as
3015 3328 66 33 long
3101 3338 30 18 as
3150 3329 68 35 they
3241 3337 45 19 are
3311 3329 31 27 of
3361 3329 47 27 the

2769 3365 73 36 right
2855 3369 64 27 sort.
2956 3365 30 30 Is
2998 3372 50 24 not
3059 3375 69 21 even
3140 3367 48 30 the
3201 3368 73 28 most
3283 3366 60 38 tiny
3355 3375 53 29 ray

2770 3410 34 23 ot
2819 3406 71 35 light
2912 3406 89 28 better
3024 3407 68 27 than
3117 3407 91 33 chaos,
3234 3407 55 27 and
3314 3407 23 27 is
3360 3411 50 23 not

2770 3443 158 26 half-a-loaf
2949 3443 87 28 better
3059 3443 69 28 than
3152 3452 37 18 no
3218 3443 84 27 bread
3313 3445 13 25 ?
3375 3444 35 27 Of

2770 3489 95 20 course
2878 3480 66 36 they
2963 3490 55 25 are,
3041 3480 55 29 and
3118 3490 30 19 so
3170 3481 47 28 the
3239 3481 170 36 importance

2771 3519 30 28 of
2810 3519 86 28 sound
2909 3519 114 37 healthy
3036 3519 139 29 literature
3194 3519 98 29 should
3305 3519 32 28 be
3360 3530 30 26 ap-

2771 3562 98 31 parent
2882 3565 26 21 to
2921 3558 46 28 all.
3004 3558 72 28 How
3090 3558 67 28 then
3175 3568 45 18 are
3232 3568 40 18 we
3286 3561 28 25 to
3336 3567 54 19 com-

2770 3604 63 27 pass
2844 3596 48 27 the
2905 3595 105 28 desired
3023 3596 97 36 object.
3157 3596 124 36 Nothing
3298 3596 24 26 is
3335 3605 75 18 more

2771 3633 107 38 simple.
2924 3634 51 28 Let
2996 3643 33 19 us
3041 3634 60 30 first
3119 3634 30 29 of
3166 3634 37 30 all
3215 3638 46 31 get
3279 3642 51 22 our
3349 3633 48 30 fire-

2771 3673 205 37 extinguishing
2991 3678 147 33 apparatus
3154 3673 96 38 placed
3262 3682 36 19 on
3311 3683 17 18 a
3349 3682 61 20 sure

2771 3712 55 29 and
2843 3712 69 30 solid
2936 3712 171 34 foundation,
3132 3713 55 29 and
3211 3712 66 30 then
3302 3721 35 20 on
3363 3712 47 30 the

2771 3752 66 27 time
2851 3759 75 20 worn
2938 3751 134 37 principle
3090 3751 62 28 that
3164 3752 46 27 the
3222 3760 76 18 more
3312 3760 40 18 we
3373 3751 34 27 do

2770 3789 47 28 the
2830 3798 75 20 more
2919 3798 40 20 we
2980 3799 46 19 are
3048 3789 60 30 able
3121 3793 29 26 to
3169 3789 44 33 do,
3226 3789 39 29 let
3286 3797 32 20 us
3338 3788 72 29 bend

2771 3838 50 19 our
2844 3828 94 29 united
2959 3828 122 36 energies
3101 3839 30 18 as
3150 3839 52 18 one
3224 3838 66 18 man
3313 3833 28 23 to
3363 3828 47 29 the

2771 3866 209 29 establishment
3010 3867 31 28 of
3067 3876 17 19 a
3112 3866 91 37 public
3232 3866 103 36 library
3366 3867 42 27 for

2771 3904 78 37 Lyell
2862 3908 73 25 town
2949 3905 55 29 and
3017 3904 113 30 district.
3168 3905 41 29 Its
3221 3904 69 29 local
3302 3904 90 29 habita-

2771 3944 58 28 tion
2839 3953 64 27 may
2916 3944 33 28 be
2962 3944 47 28 the
3033 3944 76 29 State
3131 3944 199 33 School-room,
3350 3943 61 29 that

2771 3982 23 27 is
2814 3981 65 29 with
2902 3982 47 28 the
2970 3982 123 28 sanction
3114 3982 31 29 of
3161 3982 46 28 the
3227 3981 70 29 local
3318 3981 92 29 school

2771 4019 168 34 committee,
2951 4020 55 28 and
3014 4021 35 27 its
3060 4029 81 20 name
3149 4021 47 28 the
3206 4020 80 35 Lyell
3295 4019 115 28 District

2772 4057 95 30 Public
2881 4058 124 37 Library,
3018 4058 47 29 the
3078 4058 94 30 school
3184 4057 110 30 teacher
3311 4057 41 29 for
3364 4057 46 30 the

2772 4098 67 27 time
2847 4101 28 24 to
2881 4097 34 28 be
2924 4097 129 28 librarian
3063 4098 98 34 during
3167 4097 43 28 his
3215 4096 194 36 incumbancy,

2773 4134 30 29 of
2806 4143 93 20 course
2905 4135 41 28 for
2952 4144 15 19 a
2974 4134 210 29 consideration.
3211 4135 51 28 Let
3269 4143 15 19 a
3293 4134 116 28 number

2772 4175 31 27 of
2811 4174 46 28 the
2870 4178 73 25 most
2955 4174 152 36 intelligent
3119 4174 56 28 and
3187 4174 90 36 public
3298 4174 112 35 spirited

2773 4211 113 27 citizens
2914 4212 64 27 take
3001 4212 157 27 immediate
3183 4212 55 27 and
3267 4210 144 29 concerted

2773 4250 99 34 action,
2886 4250 66 29 send
2964 4250 89 29 round
3065 4249 183 38 subscription
3266 4259 97 29 papers
3382 4253 28 25 to

2773 4289 132 27 ascertain
2941 4289 63 28 how
3039 4289 84 29 much
3159 4298 101 26 money
3296 4298 51 18 can
3377 4288 33 28 be

2773 4326 128 29 obtained
2922 4326 41 29 for
2975 4336 17 19 a
3011 4330 79 25 start.
3135 4327 40 29 To
3199 4327 47 28 the
3258 4336 102 25 money
3382 4335 28 19 so

2773 4365 139 33 collected,
2922 4364 55 30 and
2987 4367 28 27 to
3023 4365 47 29 the
3079 4366 102 28 annual
3194 4364 108 30 income
3309 4364 102 37 arising

2773 4403 71 29 from
2854 4403 196 38 subscriptions
3060 4404 30 29 of
3097 4404 116 34 readers,
3220 4403 190 30 Government

2773 4443 57 27 will
2841 4451 36 19 on
2885 4452 81 18 cause
2976 4443 93 28 shewn
3077 4443 54 30 add
3140 4453 37 18 an
3186 4443 104 28 annual
3298 4442 112 34 subsidy

2774 4482 27 26 ot
2814 4480 93 37 pound
2924 4480 43 28 for
2978 4480 102 36 pound,
3102 4480 55 28 and
3169 4480 56 28 will
3237 4489 36 19 on
3293 4480 103 36 applica-

2773 4520 58 28 tion
2844 4519 99 36 supply
2950 4518 91 37 copies
3053 4519 31 29 of
3090 4519 37 29 all
3137 4519 48 29 the
3194 4518 216 37 parliamentary

2775 4566 96 26 papers
2884 4558 45 25 &c.
2952 4557 28 26 in
2993 4558 82 33 print,
3096 4557 55 27 and
3170 4557 147 31 Hansard,
3340 4556 71 31 bills,

2775 4593 55 29 and
2841 4597 123 29 statutes,
2982 4602 29 19 as
3023 4593 67 35 they
3110 4603 46 20 are
3168 4594 91 27 issued
3271 4593 71 28 from
3363 4593 48 28 the

2775 4641 74 25 press
2860 4632 30 26 in
2903 4631 166 35 Wellington
3081 4640 7 24 ;
3106 4631 81 28 while
3200 4631 67 27 with
3284 4631 47 27 the
3344 4631 65 27 cash

2773 4669 30 27 in
2827 4668 75 28 hand
2927 4668 47 28 the
3004 4668 166 34 committee,
3194 4671 29 25 to
3246 4668 33 28 be
3309 4668 102 28 elected

2774 4706 36 37 by
2822 4707 47 27 the
2882 4705 173 34 subscribers,
3068 4706 56 28 will
3136 4707 72 27 from
3224 4706 67 29 time
3304 4711 28 23 to
3344 4706 67 28 time

2775 4744 80 28 make
2875 4744 136 28 additions
3023 4748 29 25 to
3068 4744 48 28 the
3128 4744 76 29 stock
3217 4744 30 29 of
3265 4744 84 29 books
3371 4744 41 28 for

2775 4783 110 32 general
2908 4783 119 34 perusal,
3046 4783 157 34 catalogues
3222 4783 57 27 will
3296 4783 33 27 be
3351 4792 45 26 pro-

2775 4819 108 30 curable
2907 4819 42 28 for
2970 4819 47 29 the
3040 4828 49 20 use
3109 4819 31 28 of
3158 4819 175 34 subscribers,
3357 4819 55 29 and

2775 4858 162 37 everything
2958 4858 98 29 should
3076 4868 33 24 go
3123 4859 81 36 along
3224 4859 29 28 in
3274 4858 61 29 first
3354 4864 59 23 rate

2775 4897 78 36 style.
2899 4896 119 28 Scandal
3038 4896 55 28 and
3116 4898 91 35 gossip
3229 4897 57 28 will
3309 4897 104 35 greatly

2776 4936 143 35 disappear
2947 4937 70 25 from
3042 4943 51 19 our
3117 4935 87 28 moral
3229 4935 183 36 atmosphere,

2776 4973 53 29 like
2843 4972 102 33 clouds,
2959 4972 18 29 d
2985 4972 113 33 irkness,
3106 4972 69 37 fogs,
3188 4973 55 28 and
3253 4973 79 28 mists
3342 4973 71 28 from

2776 5011 47 29 the
2847 5011 126 28 material
2998 5011 184 36 atmosphere.
3229 5012 40 28 To
3295 5011 81 28 make
3399 5021 15 18 a

2775 5050 66 34 long
2852 5053 76 32 story
2940 5049 85 34 short,
3039 5050 65 36 why
3117 5049 100 29 should
3229 5050 47 28 the
3289 5049 80 38 Lyell
3382 5049 32 29 be

2776 5088 103 27 behind
2898 5088 150 35 Hampden
3068 5088 30 27 in
3110 5088 56 28 this
3187 5092 110 23 matter.
3342 5089 72 26 That

2777 5125 76 38 place
2878 5124 49 29 has
2952 5135 16 19 a
2997 5125 162 37 flourishing
3190 5125 92 38 public
3312 5125 102 37 library

2776 5165 93 28 whilst
2881 5164 56 30 this
2949 5165 76 37 place
3038 5165 50 29 has
3100 5175 82 18 none.
3220 5165 120 28 Citizens
3360 5164 54 29 this

2777 5203 100 26 should
2889 5207 49 22 not
2950 5204 42 25 be.
3160 5204 61 25 Bus
3238 5211 31 18 in
3288 5203 92 26 Urbe.

2817 5292 95 33 There
2927 5303 50 22 are
2988 5303 18 21 a
3019 5292 117 32 million
3147 5292 135 32 children
3292 5292 32 32 in
3335 5292 61 42 Eng-

2777 5336 71 32 land
2874 5336 67 32 who
2968 5336 38 31 do
3037 5338 53 29 not
3117 5336 103 31 attend
3250 5336 102 32 school
3378 5348 39 21 on

2778 5383 126 28 account
2917 5380 32 31 of
2959 5380 51 31 the
3024 5382 121 37 poverty
3155 5380 33 31 of
3198 5380 79 31 their
3286 5384 130 36 parents.

2778 5423 36 31 In
2828 5423 67 31 half
2906 5422 32 32 of
2945 5422 83 32 these
3039 5432 82 22 cases
3131 5422 87 32 drink
3228 5423 25 32 is
3264 5423 52 33 the
3327 5435 88 22 cause

2779 5467 32 32 of
2821 5466 51 32 the
2893 5468 130 40 poverty.

2820 5511 25 31 A
2870 5513 119 38 strange
3013 5510 212 42 phenomenon
3251 5511 57 34 has
3342 5513 76 33 been

2782 5555 140 33 observed
2936 5555 60 32 this
3008 5555 105 33 winter
3126 5555 33 33 in
3174 5557 51 32 the
3240 5557 161 42 neighbour-

2781 5599 79 33 hood
2887 5599 33 32 of
2943 5599 176 41 Langenan,
3149 5600 32 33 in
3210 5601 207 40 Switzerland,

2783 5644 97 31 where
2895 5655 17 19 a
2926 5644 202 32 considerable
3152 5648 76 29 tract
3253 5647 31 31 of
3303 5649 116 38 ground

2784 5698 60 21 was
2868 5688 122 32 covered
3014 5691 31 29 at
3068 5699 55 22 one
3143 5689 72 33 time
3237 5690 72 34 with
3335 5691 84 34 black

2785 5742 90 20 snow.
2918 5733 29 29 It
2969 5733 54 29 has
3048 5733 74 30 been
3147 5735 184 31 ascertained
3352 5738 67 29 that

2785 5774 60 34 this
2870 5774 230 35 discolouration
3124 5776 24 33 is
3173 5778 108 33 caused
3303 5778 37 44 by
3354 5783 65 31 vast

2785 5821 141 31 numbers
2941 5821 32 32 of
2984 5821 222 41 microscopical
3220 5824 119 32 insects.

3514 199 122 30 NOTES
3657 196 105 31 FROM
3783 194 158 30 NELSON.

3481 288 83 33 (FIIOM
3578 291 57 20 our
3646 287 62 23 own
3722 278 252 34 correspondent.)

3618 378 57 27 The
3687 375 166 31 F-ruptions.

3443 427 60 30 The
3525 425 165 30 excitement
3705 422 31 29 of
3753 421 48 29 the
3814 420 76 29 week
3911 420 51 28 lias
3984 420 68 29 been

3410 468 46 28 the
3468 466 125 29 volcanic
3605 462 126 36 eruption
3744 461 29 27 in
3786 460 47 28 the
3844 459 88 28 North
3944 459 103 29 Island.

3410 506 84 28 From
3520 503 47 28 the
3590 498 215 40 comparatively
3827 497 143 37 imperfect
3990 507 45 27 par-

3409 544 112 29 ticulars
3535 547 27 22 to
3576 540 75 28 hand
3664 539 47 27 the
3724 546 80 20 scene
3817 541 74 23 must
3904 536 70 28 have
3981 536 70 29 been

3410 592 16 18 a
3438 580 91 38 grand-
3539 578 54 29 and
3614 576 109 29 terrible
3737 584 61 19 one.
3844 574 95 27 Grand
3952 574 29 27 in
4004 575 45 26 the

3409 619 161 35 immensity
3583 616 30 30 of
3631 616 36 28 its
3688 618 95 25 extent
3794 613 55 29 and
3866 622 91 27 power
3977 622 56 19 com-

3412 658 82 36 pared
3506 654 68 30 with
3597 663 55 26 any
3672 654 81 33 thing
3773 662 68 25 poor
3861 652 147 34 humanity
4028 653 24 26 is

3410 695 113 38 capable
3531 694 31 28 of
3572 691 158 38 producing,
3741 690 88 28 either
3841 698 30 18 as
3884 699 16 17 a
3910 689 141 36 spectacle,

3411 745 30 20 or
3453 736 29 28 in
3495 731 163 40 completely
3680 729 117 37 altering
3816 728 47 29 the
3884 736 168 29 appearance

3412 775 30 27 of
3461 775 47 27 the
3529 774 59 26 face
3602 772 29 27 of
3649 775 98 22 nature
3768 769 42 27 for
3823 778 16 18 a
3860 768 69 27 wide
3943 778 61 17 area
4024 768 28 28 in

3410 813 36 27 its
3460 810 123 35 vicinity.
3618 808 64 28 And
3694 806 109 29 terrible
3817 805 29 27 in
3858 805 36 27 its
3914 814 91 27 power
4013 806 41 26 for

3411 848 169 29 destruction
3604 849 29 25 to
3661 845 46 27 life
3732 844 55 27 and
3817 847 136 32 property,
3978 853 75 18 more

3412 887 107 28 terrible
3527 886 55 28 still
3588 884 29 28 in
3628 884 47 28 the
3683 882 138 28 unknown
3829 881 53 27 and
3891 882 162 34 mysterious

3412 924 124 36 strength
3558 923 31 27 of
3607 923 47 27 the
3667 922 87 28 forces
3774 919 90 28 under
3875 919 46 28 the
3934 923 74 24 crust
4026 920 31 27 of

3412 964 47 28 the
3473 962 76 29 earth
3570 969 113 27 causing
3696 958 67 29 such
3785 958 183 37 phenomena.
4012 958 41 28 To

3414 1003 68 34 fully
3494 1001 152 36 appreciate
3659 999 31 33 it,
3703 1007 51 19 one
3766 997 121 36 requires
3908 1001 28 24 to
3948 999 105 26 re-read

3414 1040 45 27 the
3482 1040 52 27 last
3556 1039 68 34 days
3645 1037 30 27 of
3697 1036 134 35 Pompeii,
3858 1044 31 18 or
3911 1036 101 33 rather,
4033 1036 23 28 it

3414 1077 90 30 would
3529 1076 106 38 require
3661 1074 116 29 another
3800 1072 109 30 Bulwer
3933 1076 28 26 to
3984 1073 71 30 have

3414 1117 68 26 been
3502 1125 35 17 on
3559 1116 46 26 the
3629 1118 69 31 spot,
3721 1113 56 27 and
3798 1112 142 35 possessed
3961 1113 30 27 of
4009 1114 47 26 the

3414 1152 131 37 requisite
3558 1151 162 36 descriptive
3734 1158 92 28 power
3838 1154 28 23 to
3878 1149 61 34 give
3950 1159 35 18 an
3995 1150 61 28 idea

3416 1192 29 27 of
3455 1191 47 27 the
3525 1190 145 37 spectacle.
3715 1189 59 27 The
3786 1189 141 27 historical
3948 1189 109 28 Roman

3416 1229 118 28 sentinel
3555 1227 89 29 would
3668 1227 69 28 have
3760 1227 68 27 been
3840 1227 105 33 absent,
3957 1227 49 28 but
4027 1229 29 26 in

3417 1267 44 28 his
3482 1267 77 35 place
3580 1265 91 28 would
3691 1265 34 28 be
3744 1274 17 19 a
3785 1264 65 29 hero
3874 1274 76 19 more
3974 1269 28 24 to
4026 1265 33 29 be

3417 1304 134 34 admired,
3566 1313 73 20 since
3652 1303 44 29 his
3709 1303 119 29 heroism
3842 1303 64 30 took
3918 1304 47 29 the
3986 1304 71 30 form

3417 1345 31 28 of
3459 1345 99 32 action,
3570 1347 50 25 not
3633 1344 30 27 of
3673 1344 129 34 standing
3809 1349 29 23 at
3847 1344 43 27 his
3899 1348 70 32 post.
4006 1345 51 28 We

3417 1383 66 29 read
3504 1383 30 28 of
3553 1382 96 29 heroes
3670 1382 29 28 of
3717 1382 133 37 chivalry,
3868 1382 114 29 warfare
4003 1384 54 28 and

3418 1426 143 32 tempests,
3583 1421 55 29 and
3659 1421 111 32 wrecks,
3791 1421 50 29 but
3856 1422 30 28 in
3902 1422 47 28 the
3970 1422 88 28 whole

3419 1464 127 31 category
3570 1459 32 27 of
3622 1460 126 26 warriors
3770 1459 93 27 whose
3886 1458 82 28 deeds
3988 1460 73 28 have

3421 1498 69 30 been
3502 1497 140 31 rewarded
3654 1497 67 29 with
3743 1500 103 27 statues
3858 1497 55 29 and
3933 1497 126 31 histories

3420 1538 64 28 does
3504 1547 55 26 any
3571 1547 52 19 one
3643 1537 79 28 stand
3741 1540 48 26 out
3800 1538 30 27 in
3849 1547 17 18 a
3882 1546 76 19 more
3979 1538 81 28 noble

3421 1577 68 34 light
3502 1577 68 27 than
3583 1575 47 29 the
3642 1575 98 38 daring
3748 1576 53 28 and
3812 1576 90 28 heroic
3914 1577 104 28 actions
4028 1576 31 29 of

3421 1616 99 29 M'Rae
3537 1619 27 25 at
3575 1615 48 29 the
3632 1625 79 19 scene
3722 1625 35 19 on
3767 1615 61 29 that
3842 1615 121 29 eventful
3971 1616 87 36 night.

3421 1655 92 27 Think
3534 1655 28 27 of
3580 1654 48 28 the
3647 1664 85 26 many
3753 1655 117 33 horrors,
3884 1664 55 26 any
3960 1664 51 19 one
4031 1656 32 27 of

3421 1692 90 28 which
3523 1692 91 27 would
3628 1693 79 27 makS
3720 1702 35 18 an
3768 1693 128 35 ordinary
3917 1702 64 18 man
4002 1694 56 27 lose

3422 1731 42 28 his
3483 1730 72 28 head
3567 1730 56 28 and
3642 1730 43 28 his
3707 1740 123 25 courage.
3875 1731 82 34 First,
3969 1731 75 28 earth-

3423 1769 111 36 quakes,
3543 1769 66 28 then
3620 1769 46 27 the
3673 1778 61 18 roar
3743 1769 53 27 and
3804 1768 70 28 flash
3884 1769 31 28 of
3921 1770 46 28 the
3977 1770 66 28 burn-

3422 1808 49 33 ing
3492 1807 143 27 mountain
3656 1807 125 35 belching
3800 1807 70 27 forth
3890 1807 75 27 what
3986 1811 77 24 must

3423 1845 71 29 have
3506 1845 108 29 seemed
3628 1845 53 28 like
3694 1845 46 28 the
3753 1845 112 29 interior
3877 1845 31 29 of
3923 1845 46 29 the
3982 1846 79 29 earth

3424 1885 81 36 being
3517 1885 97 27 hurled
3627 1885 29 27 in
3668 1894 16 18 a
3697 1885 105 27 molten
3819 1889 70 24 state
3901 1886 58 27 into
3971 1895 91 26 sqace.

3424 1923 79 27 Then
3526 1923 48 26 the
3599 1923 109 27 descent
3730 1924 31 25 of
3781 1923 48 26 hot
3854 1923 77 32 mud,
3944 1924 55 26 and
4023 1925 27 25 in-

3424 1959 165 30 candescent
3612 1959 88 35 rocks,
3721 1959 124 30 followed
3870 1959 36 38 by
3933 1960 130 35 thunder,

3425 1999 138 36 lightning
3575 1998 56 29 and
3650 1999 161 27 Cimmerian
3828 1999 131 27 darkness
3971 2008 7 24 ;
3997 1999 67 28 then

3425 2037 46 28 the
3502 2036 130 36 crushing
3661 2036 30 28 in
3720 2036 31 28 of
3774 2036 47 28 the
3850 2036 146 37 buildings,
4016 2037 48 28 the

3424 2076 83 28 belief
3518 2075 30 29 of
3556 2076 46 28 the
3615 2078 80 34 party
3706 2075 61 29 that
3779 2075 71 29 their
3862 2076 53 28 last
3927 2075 68 29 hour
4011 2076 55 28 had

3426 2114 115 32 arrived,
3555 2114 55 28 and
3623 2115 47 27 the
3683 2114 119 36 struggle
3815 2114 118 35 through
3948 2115 45 27 the
4007 2125 59 17 war

3426 2153 31 27 of
3468 2153 133 27 elements
3622 2156 28 24 to
3670 2153 116 27 another
3805 2152 77 37 place
3895 2153 31 26 of
3941 2153 125 27 doubtlul

3427 2196 103 32 salety;
3560 2191 56 29 and
3641 2191 77 33 then,
3741 2191 70 29 after
3836 2191 131 36 reaching
3990 2192 76 28 what

3428 2229 108 29 seemed
3549 2233 28 24 to
3599 2229 32 28 be
3644 2229 88 28 better
3744 2230 109 30 shelter,
3866 2230 47 27 the
3925 2234 93 23 return
4038 2230 30 27 of

3429 2269 98 28 M'Rae
3541 2275 28 22 to
3581 2268 122 29 discover
3715 2269 45 28 the
3773 2268 116 34 missing
3901 2278 65 19 ones
3974 2269 30 28 of
4021 2269 47 28 the

3429 2311 89 32 party,
3529 2307 53 27 and
3591 2307 45 28 the
3645 2307 164 35 subsequent
3819 2307 93 28 search
3920 2307 54 27 aud
3981 2307 85 33 labor,

3429 2346 132 33 resulting
3573 2345 113 37 happily
3697 2346 29 27 in
3741 2345 45 28 the
3799 2354 92 19 rescue
3904 2345 33 28 of
3955 2345 37 28 all
4004 2345 63 28 who

3429 2394 71 18 were
3513 2384 55 27 still
3581 2384 79 27 alive.
3696 2384 88 27 These
3797 2394 45 17 are
3855 2384 81 28 deeds
3947 2387 27 24 to
3986 2384 82 26 make

3431 2433 51 19 one
3503 2421 55 31 still
3571 2422 102 29 believe
3694 2423 29 28 in
3744 2422 148 35 humanity
3915 2433 30 18 as
3967 2422 101 34 having

3431 2462 55 27 still
3498 2471 75 18 some
3586 2463 160 25 sentiments
3758 2462 49 26 left
3823 2462 29 26 in
3864 2462 77 27 them
3959 2462 109 35 beyond

3431 2509 74 19 mere
3518 2508 101 27 money
3635 2499 142 36 grabbing.

3574 2580 57 30 The
3643 2580 153 30 Moribund
3807 2580 126 30 Council.

3466 2630 24 26 A
3511 2630 129 35 majority
3662 2630 30 26 of
3713 2630 47 27 the
3781 2629 193 35 municipality
3997 2639 72 18 seem

3434 2666 180 35 determined,
3636 2667 89 28 before
3746 2667 71 28 their
3836 2667 65 28 final
3923 2668 148 27 extinction

3435 2716 29 17 as
3477 2706 121 33 borough
3612 2706 170 30 councillors,
3796 2709 28 24 to
3841 2706 84 35 spend
3939 2714 28 19 as
3987 2707 83 26 much

3434 2744 30 28 of
3473 2744 47 27 the
3532 2746 167 33 ratepayer's
3709 2753 99 27 money
3816 2753 31 18 as
3854 2745 66 34 they
3930 2753 51 18 can
3994 2743 60 28 with-

3434 2787 47 23 out
3496 2791 55 26 any
3563 2781 201 29 consideration
3777 2792 30 18 as
3818 2785 28 25 to
3860 2781 46 30 the
3926 2782 91 28 future
4029 2792 27 18 re-

3434 2820 169 33 quirements
3615 2820 31 26 of
3655 2819 45 26 the
3713 2820 64 33 city.
3814 2820 37 26 So
3861 2828 29 17 as
3902 2823 28 23 to
3945 2819 78 26 make
4034 2829 37 17 an

3434 2866 96 20 excuse
3542 2855 40 30 for
3596 2855 121 38 pitching
3729 2866 78 28 away
3819 2866 30 20 as
3862 2855 82 31 much
3958 2856 30 29 of
3998 2856 71 30 their

3433 2897 82 26 fnnds
3528 2906 30 17 as
3570 2896 116 34 possible
3696 2898 29 25 in
3735 2897 46 26 the
3791 2896 76 28 short
3876 2896 94 35 period
3979 2897 90 27 which

3433 2933 142 27 remained
3587 2937 28 23 to
3628 2933 76 27 them
3717 2933 31 26 of
3762 2933 88 27 office.
3886 2933 78 34 They
3977 2933 94 27 struck

3434 2970 47 28 the
3495 2970 61 28 Nile
3578 2975 82 23 street
3679 2969 93 36 bridge
3785 2980 36 18 on
3841 2980 51 18 one
3906 2969 57 29 side
3976 2970 31 28 of
4024 2970 47 28 the

3434 3012 93 28 street,
3548 3008 55 28 and
3624 3008 66 28 then
3712 3014 47 31 got
3781 3018 38 26 up
3839 3019 16 17 a
3876 3008 73 28 howl
3970 3008 60 28 that
4051 3010 23 27 it

3434 3050 99 24 wasn't
3544 3047 70 27 wide
3627 3047 117 36 enough.
3781 3047 27 27 It
3822 3047 48 27 has
3883 3057 64 17 over
3964 3048 34 27 30
4019 3047 55 29 feet

3434 3085 31 28 of
3474 3085 148 36 road-way,
3633 3085 55 28 and
3700 3086 76 27 there
3789 3085 23 28 is
3831 3086 90 35 ample
3935 3094 77 19 room
4031 3086 44 27 for

3435 3132 54 26 any
3502 3128 53 22 two
3575 3123 119 28 vehicles
3714 3128 28 23 to
3757 3132 72 26 pass,
3843 3123 53 27 and
3918 3124 47 26 the
3986 3123 88 28 traffic

3434 3161 77 28 there
3521 3161 23 28 is
3557 3165 48 25 not
3618 3170 51 19 one
3680 3161 77 28 tenth
3771 3161 30 28 of
3817 3161 75 29 what
3907 3165 23 25 it
3941 3160 23 29 is
3977 3170 35 19 011
4026 3161 48 30 the

3435 3201 100 28 Haven
3547 3201 67 28 road
3627 3201 89 28 which
3728 3201 24 28 is
3764 3201 65 35 only
3842 3202 33 27 21
3888 3201 54 28 feet
3962 3201 69 28 wide
4043 3201 32 29 in

3435 3239 98 35 places,
3547 3239 48 27 but
3614 3239 54 27 this
3687 3238 136 36 lop-sided
3834 3238 124 28 business
3980 3247 56 19 was
4058 3249 17 17 a

3434 3286 53 28 peg
3516 3281 28 24 to
3573 3276 75 36 hang
3677 3287 36 18 an
3740 3287 96 18 excuse
3864 3287 36 18 on
3930 3280 28 26 to
3988 3277 88 37 spend

3435 3325 74 17 some
3523 3325 75 16 more
3612 3325 105 24 money,
3732 3315 54 27 and
3799 3316 65 33 they
3876 3316 105 26 carried
3994 3317 21 25 it
4036 3316 38 35 by

3436 3362 16 19 a
3476 3361 106 20 narrow
3604 3352 138 37 majority.
3787 3353 155 28 Councillor
3961 3353 114 34 Levien,

3435 3392 62 29 who
3510 3392 50 29 has
3572 3401 75 20 more
3659 3393 122 28 business
3790 3391 159 38 knowledge
3958 3393 69 28 than
4037 3394 38 28 all

3435 3431 47 26 the
3495 3434 55 23 rest
3562 3431 30 25 of
3609 3431 46 26 the
3677 3431 172 33 corporation
3871 3436 50 29 put
3941 3432 135 32 together,

3436 3466 137 38 protested
3584 3469 30 25 in
3626 3466 71 31 vain,
3711 3466 42 28 for
3765 3466 131 37 although
3911 3467 34 27 he
3955 3467 55 27 had
4028 3468 48 27 the

3436 3508 102 26 matter
3558 3515 35 19 on
3613 3505 47 29 the
3680 3505 73 36 tapis
3775 3515 16 19 a
3812 3505 101 29 second
3933 3506 76 32 time,
4030 3506 48 29 the

3438 3544 111 28 Nileists
3563 3545 80 34 again
3655 3544 63 28 beat
3734 3544 69 33 him,
3816 3544 55 28 and
3881 3547 47 25 not
3938 3544 65 36 only
4013 3545 64 27 beat

3436 3581 60 28 him
3509 3582 48 27 but
3570 3582 85 27 called
3669 3582 40 27 for
3721 3582 108 27 tenders
3842 3585 28 24 to
3884 3582 32 26 be
3928 3582 107 35 opened
4047 3588 29 22 at

3436 3629 17 19 a
3472 3619 102 38 special
3593 3619 122 37 meeting
3735 3619 87 30 called
3835 3619 43 29 for
3893 3619 47 29 the
3960 3629 118 28 purpose

3437 3662 29 25 at
3478 3661 77 26 three
3567 3658 78 37 day's
3656 3659 99 33 notice,
3766 3669 30 18 so
3807 3668 29 19 as
3847 3662 29 25 to
3886 3662 45 33 get
3941 3658 46 29 the
3997 3659 81 36 thing

3437 3697 96 30 settled
3547 3697 91 30 before
3650 3697 47 29 the
3709 3707 61 19 new
3783 3698 106 29 council
3902 3697 80 30 could
3994 3699 68 28 intei-

3438 3746 68 19 vene
3518 3737 55 28 and
3594 3741 61 33 stop
3674 3737 47 28 the
3742 3736 125 29 wasteful
3888 3737 186 36 expenditure.

3437 3776 39 26 To
3490 3784 47 28 say
3551 3775 61 28 that
3624 3776 71 27 their
3704 3775 90 28 action
3803 3784 56 19 was
3868 3776 41 27 for
3918 3775 47 28 the
3974 3775 104 29 benefit

3436 3814 31 28 of
3475 3814 46 28 the
3534 3817 156 33 ratepayers
3702 3814 55 28 and
3770 3814 45 29 the
3829 3814 70 36 good
3911 3814 30 29 of
3958 3814 47 29 the
4019 3815 57 36 city

3436 3852 91 28 would
3536 3852 32 28 be
3579 3862 15 17 a
3605 3852 164 34 subterfuge.
3807 3853 26 27 It
3843 3862 56 18 was
3908 3862 16 18 a
3932 3853 146 36 positively

3436 3890 127 28 indecent
3580 3890 100 33 action,
3700 3890 145 37 prompted
3866 3890 37 37 by
3923 3891 46 28 the
3993 3890 86 29 desire

3437 3934 28 23 to
3478 3929 76 27 leave
3567 3929 37 27 all
3617 3929 73 28 their
3702 3929 58 28 sins
3772 3933 29 24 to
3814 3929 32 29 be
3868 3929 100 29 atoned
3981 3930 42 28 for
4041 3930 38 36 by

3437 3967 47 28 the
3507 3977 61 18 new
3587 3977 74 23 men,
3681 3967 56 28 and
3749 3968 68 28 with
3840 3978 29 18 as
3892 3968 71 28 little
3982 3969 30 27 in
4033 3969 46 27 the

3438 4010 123 32 treasury
3574 4009 28 24 to
3615 4006 34 27 do
3662 4007 22 27 it
3695 4006 68 27 with
3777 4016 30 18 as
3817 4007 67 35 they
3897 4007 81 28 could
3993 4007 86 28 leave.

3637 4089 240 35 Parliamentary.

3472 4126 36 28 So
3520 4126 42 28 far
3574 4126 47 28 the
3633 4128 101 26 session
3746 4127 50 27 has
3805 4131 49 24 not
3863 4127 136 37 produced
4010 4137 51 27 any-

3436 4165 80 37 thing
3544 4166 176 28 sensational.
3774 4166 36 28 In
3840 4169 54 26 fact
3924 4167 48 28 the
4002 4166 75 36 daily

3436 4204 146 33 telegrams
3591 4213 143 17 announce
3744 4213 66 26 very
3817 4204 69 27 little
3894 4204 50 28 but
3951 4214 127 17 rumours

3436 4241 30 29 of
3476 4240 157 36 something
3644 4244 160 33 portentous
3823 4241 85 30 about
3919 4246 29 25 to
3969 4242 111 38 happen

3436 4280 91 28 which
3540 4281 23 26 is
3576 4280 108 36 usually
3696 4281 186 28 contradicted
3894 4291 16 18 a
3923 4282 54 36 day
3986 4291 31 18 or
4026 4285 55 25 two

3437 4317 165 28 afterwards.
3639 4319 58 26 One
3708 4328 123 24 rumour,
3841 4319 137 33 howevar,
3989 4329 91 18 seems

3436 4359 29 25 to
3477 4355 69 29 have
3558 4365 77 19 some
3649 4360 57 25 sort
3717 4357 31 28 of
3765 4357 164 37 probability
3941 4357 83 29 about
4037 4358 40 29 it:

3438 4395 87 36 Many
3537 4395 137 28 members
3686 4396 53 27 feel
3751 4396 22 27 it
3785 4399 29 25 to
3826 4396 33 28 be
3869 4397 59 36 just
3944 4396 84 29 about
4049 4406 31 19 as

3437 4435 102 27 certain
3560 4444 31 18 as
3603 4434 55 28 fate
3671 4434 61 28 that
3754 4434 67 36 they
3842 4436 56 27 will
3918 4435 51 28 hot
3981 4435 33 28 be
4035 4445 27 18 re-

3437 4471 104 28 elected
3549 4479 7 25 ;
3575 4472 67 34 they
3655 4481 45 18 are
3713 4472 199 36 consequently
3924 4474 116 26 anxious
4050 4477 31 23 to

3438 4509 70 29 have
3521 4509 116 29 another
3657 4509 59 38 pull
3736 4513 30 27 at
3787 4510 47 30 the
3855 4510 118 30 colonial
3993 4510 86 30 milch

3437 4557 58 18 cow
3506 4548 89 27 before
3608 4549 113 34 retiring
3732 4553 30 23 to
3781 4549 106 35 private
3899 4550 56 26 life.
3999 4550 80 34 They

3438 4594 45 17 are
3496 4585 177 36 particularly
3688 4585 114 29 anxious
3821 4589 29 25 to
3870 4586 72 28 have
3962 4587 118 27 another

3438 4624 102 26 sess.'on
3553 4627 65 23 next
3629 4633 75 25 year,
3717 4627 29 24 at
3758 4634 18 17 a
3787 4629 59 22 cost
3857 4624 32 28 of
3897 4625 53 27 200
3967 4625 114 35 guinea*

3438 4663 28 25 to
3476 4660 47 27 the
3536 4660 116 36 Colony.
3689 4661 15 27 I
3716 4660 95 37 firmly
3823 4661 105 29 believe
3940 4662 68 35 they
4024 4662 57 28 will

3438 4698 124 28 succeed.
3606 4699 37 27 As
3656 4708 16 18 a
3690 4703 103 25 matter
3813 4699 31 29 of
3861 4700 56 28 fact
3936 4700 76 28 there
4034 4709 47 19 are

3439 4736 136 28 members
3588 4736 29 28 in
3631 4736 47 29 the
3697 4737 85 29 house
3795 4738 63 28 who
3878 4737 92 29 would
3992 4738 75 28 cheer-

3438 4775 69 35 fully
3529 4778 62 25 vote
3611 4775 43 28 for
3666 4775 77 29 three
3763 4777 119 27 sessions
3901 4785 17 19 a
3937 4786 75 26 year,
4025 4776 56 28 and

3439 4812 66 27 then
3518 4815 77 33 prate
3608 4813 84 28 about
3704 4813 47 28 the
3772 4814 136 28 sacrifices
3921 4814 66 36 they
4000 4813 81 28 make

3439 4849 41 30 for
3492 4850 47 29 the
3551 4850 67 29 land
3629 4850 32 31 of
3669 4851 72 29 their
3753 4851 140 38 adoption.

3561 4932 48 28 Mr
3626 4933 148 28 Burnett's
3794 4934 169 37 Apologists.

3506 4979 155 37 Raspberry
3671 4981 121 34 Vinegar
3839 4982 56 29 and
3913 4986 17 12 44
3942 4980 125 30 Blueib-

3441 5017 93 29 bonite
3577 5028 45 19 are
3631 5019 111 29 faithful
3748 5019 24 28 if
3774 5019 146 30 indiscreet
3927 5023 156 34 supporters

3441 5056 30 28 of
3481 5057 72 28 their
3563 5058 115 36 apostle.
3714 5058 15 28 J
3742 5058 70 38 fully
3829 5069 79 25 agree
3921 5059 67 28 with
4011 5059 72 28 their

3442 5096 163 26 sentiments
3629 5106 30 17 as
3683 5100 29 24 to
3734 5097 48 27 the
3815 5098 94 27 efforts
3937 5098 81 26 made
4048 5097 35 34 by

3443 5131 104 30 leaders
3571 5134 27 28 ot
3622 5133 47 30 the
3692 5137 172 35 temperance
3889 5143 82 22 cause
3989 5134 30 28 in
4037 5143 31 19 en-

3443 5172 149 37 deavoring
3606 5178 27 24 to
3645 5174 111 29 combat
3765 5175 48 28 the
3821 5176 67 28 evils
3899 5176 29 28 of
3938 5177 128 34 intemper-

3443 5219 78 23 ance,
3543 5212 56 27 and
3624 5212 15 27 I
3659 5213 157 35 appreciate
3837 5213 72 27 their
3929 5212 90 28 labors
4039 5211 48 28 the

3444 5256 76 21 more
3534 5258 38 25 so,
3586 5259 30 19 as
3629 5249 14 29 I
3659 5258 54 21 was
3723 5259 68 21 once
3804 5251 30 29 in
3841 5251 62 29 that
3912 5250 56 29 line
3975 5248 107 38 myself.

3443 5287 64 33 Yes,
3521 5287 65 28 dear
3598 5289 118 33 readers,
3730 5299 56 26 you
3798 5291 70 28 need
3880 5294 48 24 not
3946 5289 77 28 smile
4042 5288 43 28 for

3445 5325 14 27 I
3485 5335 46 19 am
3556 5331 49 24 not
3627 5327 84 35 firing
3734 5328 40 28 off
3795 5338 16 19 a
3829 5332 18 13 44
3972 5332 27 23 at
4021 5334 64 29 you.

3446 5364 107 36 During
3565 5369 55 25 two
3633 5366 106 29 blissful
3752 5377 80 26 years
3845 5367 30 28 of
3884 5376 49 27 my
3949 5366 137 28 existence

3446 5402 14 27 I
3474 5412 72 18 wore
3564 5413 36 18 on
3614 5414 48 26 my
3684 5406 118 27 massive
3815 5406 90 27 breast
3918 5414 16 18 a
3955 5411 130 28 gorgeous

3446 5441 94 36 purple
3560 5442 93 32 collar,
3666 5443 54 28 and
3742 5443 109 37 enough
3873 5446 100 33 pewter
3994 5441 91 28 letters

3447 5489 35 19 on
3495 5480 22 28 it
3528 5484 30 25 to
3570 5481 139 38 bankrupt
3725 5482 47 28 the
3792 5482 147 37 alphabet;
3958 5480 45 28 the
4028 5479 58 27 said

3447 5519 92 29 letters
3552 5520 152 36 indicating
3717 5531 49 27 my
3779 5521 122 29 elevated
3917 5519 117 39 position
4056 5527 31 19 as

3447 5558 95 30 Grand
3564 5560 157 37 something
3742 5570 32 20 or
3794 5560 79 30 other
3894 5560 29 28 in
3947 5559 46 29 the
4017 5557 70 36 good

3447 5598 118 36 templar
3575 5599 114 28 brother
3698 5600 55 28 and
3763 5599 160 29 sisterhood.
3960 5599 36 26 As
4007 5597 14 27 I
4033 5606 54 18 was

3448 5636 46 29 the
3508 5637 62 29 boss
3582 5639 119 36 templar
3713 5639 31 27 of
3753 5649 16 18 a
3782 5648 66 27 very
3861 5637 67 29 wide
3942 5635 112 32 district,
4066 5636 21 27 it

3448 5684 56 19 was
3516 5685 49 27 my
3579 5678 115 27 mission
3714 5681 28 24 to
3761 5677 89 29 travel
3871 5676 87 29 round
3981 5676 39 34 (at
4039 5683 48 27 my

3448 5724 60 18 own
3522 5719 127 33 expense)
3673 5721 29 23 to
3724 5717 76 34 eight
3824 5716 62 33 lo<V
3887 5726 28 17 es
3938 5714 149 34 conlerritig

3448 5752 120 35 degrees,
3582 5755 94 35 giving
3690 5755 87 36 praise
3791 5759 28 22 to
3831 5754 47 27 the
3887 5753 120 30 faithful,
4018 5753 69 34 hope

3448 5797 27 23 to
3489 5792 138 29 the-weak
3639 5792 98 35 kneed,
3750 5793 129 37 granting
3891 5792 196 37 dispensations

3448 5837 27 22 to
3485 5832 54 28 this
3548 5841 62 26 one,
3619 5833 55 27 and
3682 5833 111 34 lending
3803 5833 60 27 halt'
3870 5841 104 19 crowns
3984 5835 26 23 to
4020 5831 67 32 that,

1333 65 63 39 th

1417 70 33 35 E
1506 68 184 42 LYELL
1743 70 187 44 TIMES,
1986 66 304 48 SATURDAY,
2343 63 144 55 JUNE
2543 76 55 39 19,
2656 64 104 41 1886.

209 198 234 33 Government
466 195 149 36 Notices.

203 318 34 30 V.
344 301 142 57 fell
598 315 17 29 R-

120 407 148 35 NOTICE
290 408 50 33 TO
368 405 340 35 LEASEHOLDERS.

231 495 196 35 DOUBLED
453 494 144 33 RENTS.

276 583 105 34 Crown
396 582 99 33 Lands
511 581 99 38 Office,

330 628 120 36 Nelson,
466 628 77 31 June
560 629 26 34 1,
604 628 85 35 1886,

105 680 215 85 Holders
327 680 32 33 of
369 680 158 32 leases
542 679 32 32 of
586 678 143 33 crown

198 725 134 34 LANDS
346 736 49 22 are
409 723 151 35 reminded
574 723 66 34 that
652 722 78 34 ALL

102 770 134 32 RENTS
260 771 85 31 DUE
372 770 110 31 MUST
507 770 53 29 BE
584 769 96 30 PAID
701 772 30 27 to

102 812 51 33 the
168 813 138 32 Receiver
330 813 32 32 of
383 812 86 32 Land
489 812 149 37 Revenue,
654 811 57 31 Nel-

101 867 64 26 son,
182 867 32 21 or
228 859 30 29 to
273 857 50 31 the
348 856 90 32 Local
460 856 86 31 Land
572 856 105 31 Offices
703 858 29 27 at

103 899 172 38 Westport,
292 901 130 36 Ahaura,
439 899 58 32 and
522 899 147 37 Reefton,
695 910 38 20 on

102 954 33 22 or
160 943 97 33 before
285 944 50 32 the
363 944 73 32 80th
461 943 116 38 JUNE,
606 945 31 30 to
665 953 67 21 save

104 988 99 33 Fines.

196 1031 164 32 ALFRED
375 1031 280 37 GREENFIELD,

236 1075 229 35 Commissioner
471 1077 31 32 of
511 1076 105 32 Crown
623 1075 111 33 Lands.

273 1159 117 32 Public
413 1160 150 32 Notices.

104 1243 117 41 THE
282 1243 220 42 WINTER
556 1242 181 42 STOCK

364 1322 34 19 AT
417 1321 56 20 THE

242 1365 114 39 NEW
379 1364 223 39 ZEALAND

108 1428 304 75 Clothing
443 1428 297 73 Factory

184 1519 273 32 PALMERSTON
490 1517 169 37 STREET,

320 1576 214 35 WESTPORT,

108 1630 57 60 IS
179 1640 61 19 now
253 1630 101 38 replete
363 1630 67 29 with
444 1640 15 18 a
468 1630 86 36 really
563 1628 178 38 Magnificent

317 1670 173 27 Assortment
502 1668 30 28 of

107 1720 119 40 Men's,
239 1718 140 33 Youths'
391 1719 70 31 and
472 1718 99 39 Boys'

245 1764 313 38 Fashionably-Cut
570 1762 170 38 Clothing,

106 1815 45 29 Ail
169 1814 81 30 made
269 1814 70 29 from
362 1813 68 29 New
449 1813 118 29 Zealand
579 1812 89 34 Wool,
681 1811 44 29 tho-

268 1852 116 39 roughly
396 1851 115 35 shrunk,
525 1850 55 30 and

108 1908 24 27 A
154 1906 94 36 Single
260 1905 106 28 Article
379 1905 68 28 Sold
459 1906 31 25 at
502 1905 122 34 Factory
637 1903 103 27 Prices.

109 1983 25 31 A
170 1981 141 41 Splendid
344 1980 187 33 Assortment
574 1979 32 32 of
645 1978 96 32 Men's

187 2024 125 34 Youths'
342 2023 60 32 and
434 2023 88 42 Boys'
557 2021 188 41 Waterproof

266 2067 149 43 Clothing,
431 2067 40 32 all
482 2066 121 33 marked
613 2066 32 32 in
656 2065 87 32 Plain

344 2112 132 41 Figures,
515 2111 58 31 and
610 2110 72 31 Sold
713 2112 30 29 at

421 2155 127 42 Factory
570 2154 109 33 Prices.

215 2237 234 32 FIRST-CLASS
468 2235 171 32 CUTTERS

111 2293 73 37 Only
197 2303 44 19 are
261 2292 120 37 engaged
403 2292 28 27 in
454 2291 46 28 the
522 2291 87 28 Order
629 2290 98 36 Depart-

341 2333 77 26 ment
429 2332 28 27 at
469 2328 47 31 the

111 2384 90 40 New
219 2381 163 42 Zealand
396 2380 166 54 Clothing
578 2381 165 53 Factory>

112 2489 30 32 A
160 2488 115 40 Single
294 2486 76 34 Suit
386 2486 104 32 Made
515 2486 38 31 to
577 2485 110 33 Order
711 2486 37 31 at

280 2523 146 38 Factory
443 2522 133 32 Prices!

400 2580 55 22 AND

113 2627 188 31 Remember*!
303 2625 89 30 All
419 2625 75 31 from
518 2624 51 31 the
591 2623 89 32 finest
704 2633 28 20 se-

112 2669 96 33 lected
221 2669 73 32 New
308 2668 130 32 Zealand
459 2667 95 37 Wool,
569 2666 180 41 thoroughly

113 2712 123 38 shrunk,
252 2712 59 31 and
325 2722 17 21 a
356 2712 115 31 Perfect
484 2711 50 31 Fit
548 2710 198 32 Guaranteed.

186 2813 95 26 Terms
301 2811 109 28 CASH.
447 2811 43 27 No
506 2811 172 26 Abatement.

114 2903 105 35 Agents
248 2903 41 27 for
317 2902 48 27 the
395 2902 160 27 Unrivalled

289 2939 115 28 Sewing
423 2938 153 29 Macaines.

113 3017 85 61 Mew
228 3015 151 62 Zealand
409 3015 158 74 Clothing
590 3015 158 74 Factory,

152 3091 328 33 PALMERSTON-ST.,
502 3091 213 29 westport.

208 3168 37 33 T.
263 3166 437 43 BLENNERHASSETT,

317 3220 132 33 Manager
460 3219 139 34 Westport
612 3218 120 27 Branch.

120 3302 165 61 UNION
322 3301 215 28 STEAMSHIP
572 3299 178 29 COMPANY

288 3338 47 30 OF
355 3338 229 39 N.Z.,^Limited.

188 3422 229 27 lUMBEBLEY
435 3420 247 30 GOLDFIELDS.

229 3614 58 29 The
300 3613 73 35 large
383 3612 55 29 and
450 3612 188 39 full-powered

121 3662 127 66 S.S.
311 3660 440 64 TRIUMPH

117 3788 175 39 Despatched
317 3787 71 30 from
423 3787 257 30 WELLINGTON
712 3785 41 31 for

293 3827 127 29 KING'S
454 3827 126 28 SOUND

205 3876 43 29 On
274 3874 171 33 MONDAY,
463 3874 100 29 JUNE
592 3873 75 29 28th.

120 3959 102 29 Saloon
233 3959 79 32 Fare,
322 3958 71 27 from
405 3957 177 36 Westport...
596 3957 56 27 23
687 3957 17 27 0
739 3957 17 26 0

122 3999 126 32 Steerage
462 4016 16 12 ~
552 4015 29 7 ...
619 3996 33 26 1G
687 3996 17 25 6
740 3995 16 26 8

146 4034 113 38 Freight
271 4043 36 20 on
319 4034 95 28 horses
426 4043 29 18 as
469 4042 65 28 may
546 4032 32 28 be
593 4031 140 38 arranged.

158 4127 39 29 To
219 4134 91 20 secure
331 4124 94 29 berths
446 4123 76 37 early
544 4122 165 37 application
735 4121 23 28 is

123 4175 154 26 necessary,
291 4163 123 36 together
426 4163 67 28 with
507 4173 15 18 a
536 4163 123 27 Deposit
670 4161 30 28 of
711 4161 47 28 4.

282 4210 118 29 UNION
424 4209 58 28 S.S.
502 4208 188 31 COMPANY,

356 4246 211 34 Wakefield-st.,
577 4246 148 36 Westport.
