4174 5926
100 208 71 28 until
196 208 13 28 I
235 208 84 30 found
343 208 61 30 that
434 209 74 29 what
536 209 122 29 between
690 210 46 28 the

98 248 145 33 travelling
264 257 129 26 expenses
413 249 53 27 and
479 248 64 28 cash
566 249 65 30 lent,
653 248 14 27 I
682 258 54 18 was

96 283 84 38 likely
194 290 28 23 to
233 285 56 28 find
300 295 47 27 my
361 286 51 28 last
425 289 68 25 state
511 294 83 20 worse
608 286 68 28 than
688 295 48 26 my

96 323 70 34 first,
192 324 78 29 when
297 335 48 26 my
370 324 116 29 medical
514 324 106 29 adviser
650 325 71 36 provi-

98 361 132 37 dentially
243 373 76 17 came
331 367 28 24 to
373 365 46 26 the
432 372 91 19 rescue
536 363 67 28 with
616 372 16 18 a
648 363 88 27 notice

99 405 29 21 to
319 401 29 27 of
359 401 60 27 that
437 410 145 25 company.

134 438 44 29 Mr
190 438 141 30 Burnett's
351 438 147 40 apologists
519 448 73 19 seem
604 440 29 27 to
655 437 79 30 think

98 477 14 25 I
134 478 68 26 have
225 488 15 16 a
260 478 80 27 down
364 488 35 17 on
419 479 46 26 the
488 488 73 17 man.
607 478 43 27 No
670 478 65 26 such

98 514 88 37 thing.
223 515 27 28 It
263 515 23 29 is
305 515 47 29 the
374 515 124 38 humbug
510 514 30 29 of
557 513 179 39 intemperate

99 558 173 30 temperance
295 555 14 26 I
334 555 50 27 feel
406 554 68 27 riled
496 558 37 24 at.
570 554 29 27 Is
619 554 22 28 it
664 554 73 34 right

99 590 42 27 for
166 590 133 29 Matthew
324 591 117 28 Burnett
466 594 27 25 to
516 591 80 28 claim
618 594 29 25 to
666 591 70 28 have

99 629 112 29 rescued
223 630 77 29 these
313 630 150 30 thousands
476 629 30 30 of
516 630 73 29 souls
601 633 69 26 Irom
690 629 46 30 the

99 668 175 34 degredation
291 669 30 28 of
340 669 46 28 the
399 669 81 28 drink
500 669 83 33 fiend,
597 669 80 28 when
697 679 39 17 we

98 714 65 29 very
174 707 61 28 well
255 706 81 30 know
356 707 62 29 that
438 707 47 29 the
506 707 128 37 majority
646 708 26 27 ot
693 706 43 29 his

98 745 152 34 signatures
263 756 46 18 are
330 756 93 26 young
445 746 123 28 children
580 746 63 29 who
665 746 70 28 have

98 784 157 37 previously
279 786 95 36 signed
398 784 105 30 similar
532 785 109 37 pledges
670 784 65 30 with

98 822 100 33 Booth,
213 824 59 26 Ben
285 824 88 35 Crisp,
386 824 55 26 and
455 823 128 36 anybody
600 824 53 26 else
674 823 61 27 who

98 869 77 19 came
189 861 81 36 along
282 861 67 28 with
362 870 16 19 a
391 861 94 36 couple
498 861 31 27 of
538 861 92 27 inches
641 861 29 27 of
676 860 61 29 blue

98 897 96 29 ribbon
207 909 31 18 or
259 909 16 18 a
288 900 40 27 tin
347 899 100 28 medal.
496 899 29 28 Is
545 900 22 27 it
578 902 49 25 not
648 908 15 19 a
683 898 54 29 fact

97 935 62 29 that
171 937 47 28 the
232 939 115 34 greatest
361 937 29 28 of
408 937 71 29 their
493 937 116 36 apostles
629 936 29 28 in
679 936 55 29 this

98 974 115 37 Colony,
229 975 42 28 Sir
291 974 123 30 William
436 975 57 28 Fox
515 981 27 22 to
555 974 55 33 wit,
623 974 63 29 who
707 975 28 27 in

98 1012 44 29 his
150 1012 54 37 day
215 1024 55 18 was
281 1024 50 18 one
342 1014 29 27 of
380 1014 47 28 the
437 1013 133 37 brightest
579 1017 157 24 ornaments

98 1051 31 27 of
149 1052 47 28 the
220 1052 71 36 legal
316 1052 53 28 and
394 1052 120 36 political
535 1052 94 32 world,
643 1061 29 19 so
696 1051 41 28 far

97 1088 88 40 forgot
199 1090 112 31 himself
329 1090 30 30 in
371 1090 42 30 his
434 1091 202 38 intemperance
657 1100 29 20 as
707 1093 28 27 to

98 1130 109 29 slander
219 1141 51 19 one
284 1132 30 28 of
332 1131 47 29 the
391 1134 73 25 most
484 1130 166 37 respectable
669 1131 49 36 pub-

97 1167 86 29 licans
195 1168 29 28 in
238 1168 176 37 Wellington,
429 1168 54 28 and
495 1168 55 28 had
564 1172 27 24 to
605 1172 44 24 eat
669 1177 65 28 very

98 1205 112 31 humble
222 1207 44 36 pie
281 1207 97 29 indeed
400 1210 29 26 to
450 1215 63 20 save
535 1207 113 29 himself
665 1206 70 29 from

98 1243 81 38 being
190 1245 65 29 held
267 1255 37 25 up
317 1249 28 26 to
364 1254 87 24 scorn,
465 1245 127 31 derision,
606 1245 54 28 and
681 1246 54 27 loss

98 1283 42 28 for
159 1283 42 28 his
218 1283 164 38 injudicious
394 1286 155 25 utterances
564 1284 30 27 in
614 1283 77 28 favor
709 1283 30 28 of

98 1321 47 30 the
158 1332 79 19 cause
251 1322 34 29 he
298 1322 24 29 is
333 1322 110 38 pleased
453 1325 28 25 to
491 1322 52 28 call
552 1325 181 33 temperance.

128 1360 69 29 Blue
211 1361 138 28 Ribboner
391 1360 174 36 indignantly
578 1360 62 29 asks
658 1369 45 19 me
716 1360 23 28 if

100 1398 15 27 I
139 1408 83 18 never
233 1399 85 27 heard
342 1398 30 28 of
387 1399 47 27 the
456 1398 109 27 Twelve
586 1398 125 35 Apostles
722 1400 12 25 ?

96 1435 80 34 Well,
191 1440 27 25 to
238 1436 47 29 tell
306 1436 46 29 the
375 1435 85 35 truth,
474 1435 14 29 I
512 1444 84 20 never
607 1434 63 30 took
686 1435 44 29 the

97 1475 132 35 scripture
254 1475 105 36 history
382 1475 75 35 prize
483 1477 29 25 at
532 1474 102 32 school,
646 1473 50 28 but
714 1474 24 27 if

95 1521 71 28 your
178 1513 211 37 correspondent
400 1511 56 30 will
469 1511 95 38 kindly
572 1511 70 29 refer
651 1520 44 19 me
705 1513 28 26 to

95 1560 57 26 any
181 1551 139 28 authentic
345 1550 87 29 works
461 1549 113 37 bearing
597 1559 35 19 on
655 1549 79 28 those

96 1589 180 36 gentlemen's
298 1588 111 36 literary
432 1587 187 34 attainments,
636 1586 15 29 I
677 1587 56 29 will

96 1627 94 35 gladly
202 1628 96 27 devote
311 1636 75 18 some
403 1626 83 28 hours
498 1626 30 28 of
545 1625 82 36 study
639 1628 28 25 to
686 1634 30 19 en-

96 1664 104 36 lighten
213 1664 108 39 myself.
357 1664 38 30 As
406 1665 23 29 it
443 1663 22 29 is
478 1673 48 28 my
536 1663 160 36 knowledge
706 1663 31 29 of

96 1704 76 29 them
185 1705 28 27 in
227 1704 61 28 that
308 1704 55 28 line
376 1704 23 28 is
421 1703 112 36 slightly
545 1703 80 36 hazy.
662 1703 27 27 It
709 1703 24 27 is

96 1751 37 19 on
145 1742 93 28 record
251 1743 61 27 that
324 1751 51 18 one
385 1741 30 29 of
423 1741 76 28 them
509 1740 66 29 held
585 1740 47 29 the
643 1741 70 36 scrip
724 1748 7 26 ;

96 1780 49 29 but
157 1780 46 29 the
219 1779 108 30 records
339 1780 34 29 do
390 1784 50 25 not
460 1783 69 25 state
541 1778 125 30 whether
686 1779 47 29 the

95 1819 158 37 companies
274 1819 21 28 it
316 1828 56 19 was
396 1819 29 28 in
449 1817 63 38 paid
536 1817 143 29 dividends
703 1826 30 19 or

96 1857 82 28 made
195 1857 75 28 calls.

132 1896 78 34 Now,
223 1895 116 30 without
350 1894 118 38 wishing
491 1896 28 28 to
544 1894 62 30 take
627 1903 37 28 up
687 1896 45 28 too

96 1934 82 28 much
191 1934 30 27 of
230 1943 70 27 your
313 1943 78 27 space
402 1934 66 27 with
487 1933 55 28 this
558 1933 174 36 explanation

97 1971 31 30 of
138 1972 83 34 mine,
233 1971 15 29 I
261 1981 50 20 can
325 1971 66 38 only
400 1980 109 29 express
522 1980 48 28 my
577 1974 89 32 regret
673 1969 61 31 that

97 2011 47 28 the
174 2011 52 27 five
250 2012 120 26 minutes
395 2011 14 27 I
440 2014 79 32 spent
544 2014 29 24 at
600 2009 134 28 Matthew

97 2048 140 28 Burnett's
257 2048 100 28 lecture
377 2047 43 28 led
440 2057 44 18 me
505 2051 28 24 to
551 2047 70 28 form
640 2056 94 26 wrong

98 2086 178 32 conclusions,
286 2086 49 28 but
343 2095 29 18 as

97 2133 71 27 says,
175 2124 61 28 that
245 2124 151 28 rheumatic
403 2122 139 30 affections
548 2132 45 19 are
602 2122 46 29 the
654 2131 80 19 cause

97 2162 30 27 of
153 2162 43 27 his
221 2162 134 36 drooping
381 2162 43 27 his
448 2161 52 27 h's.
548 2162 15 26 I
669 2160 65 36 only

97 2199 137 39 apologise
252 2200 54 29 and
320 2199 61 31 take
401 2199 68 30 back
483 2199 37 30 all
541 2199 14 29 I
569 2198 67 36 said,
649 2197 50 31 but
719 2198 15 29 I

98 2244 74 23 must
185 2249 48 26 say
245 2239 23 28 it
287 2248 88 19 seems
395 2248 15 19 a
423 2247 83 27 queer
527 2238 68 28 kind
611 2238 29 28 of
658 2238 76 36 place

95 2277 42 28 for
154 2286 15 19 a
182 2286 66 20 man
261 2279 28 26 to
309 2276 70 29 have
397 2275 46 30 the
464 2275 189 30 rheumatism.
699 2275 35 28 So

96 2315 165 35 gentlemen,
275 2315 135 36 thanking
434 2324 54 26 you
513 2315 42 28 for
576 2323 69 27 your
668 2313 66 28 kind

96 2353 137 28 attention
256 2357 27 24 to
303 2362 54 23 me,
370 2352 14 28 I
402 2353 55 28 will
478 2352 131 29 conclude
629 2351 68 29 with
719 2361 15 19 a

94 2391 109 37 couplet
215 2391 71 29 from
303 2391 112 37 Byron:

121 2440 25 27 A
167 2448 64 19 man
255 2442 75 25 must
342 2439 82 28 'serve
445 2439 42 28 his
507 2439 67 28 time
596 2441 28 26 to
649 2446 81 28 every

182 2476 75 29 trade
272 2486 62 18 save
348 2485 112 19 censure

125 2515 96 29 Critics
236 2515 37 29 all
286 2525 44 19 are
344 2515 84 36 ready

570 2562 118 28 Korari.

157 2655 347 33 MISCELLANEOUS
526 2654 138 34 ITEMS.

135 2762 133 32 German
291 2761 148 41 explorers
469 2761 32 31 in
532 2761 74 31 East
636 2760 99 31 Africa

95 2806 75 33 have
184 2806 75 32 been
273 2805 162 42 compelled
450 2808 30 29 to
494 2804 85 32 make
595 2815 17 21 a
623 2804 112 32 sudden

94 2853 109 31 retreat
214 2851 76 32 from
304 2849 51 33 the
365 2849 122 33 interior
497 2849 32 33 of
538 2848 146 32 Zanzibar
696 2848 38 42 by

95 2895 51 30 the
161 2895 119 30 adverse
289 2894 128 31 climate.

135 2936 25 32 A
172 2934 189 34 Frenchman
371 2935 66 32 died
448 2934 131 42 recently
588 2934 32 32 in
632 2934 101 32 Salem

95 2979 243 38 Massachusetts,
354 2979 86 32 while
466 2978 123 40 striving
603 2980 31 30 to
647 2977 86 32 drink

95 3026 111 40 twenty
214 3022 111 43 glasses
340 3023 31 33 of
382 3022 130 43 whiskey
522 3022 32 32 in
563 3021 170 33 immediate

95 3068 176 31 succession.

133 3109 64 34 The
211 3111 175 41 production
401 3110 31 32 of
443 3109 68 42 gold
525 3110 58 30 and
598 3109 87 32 silver
699 3109 32 31 in

95 3155 51 34 the
166 3155 111 34 United
294 3155 98 34 States
416 3154 32 34 in
463 3155 76 31 1885
564 3153 119 33 showed
697 3163 38 22 an

96 3201 131 31 increase
254 3201 32 30 in
313 3200 73 31 each
410 3209 68 21 over
505 3198 51 31 the
580 3198 156 40 preceding

96 3254 69 31 year
180 3243 31 32 of
227 3242 89 33 about
333 3242 192 40 $1,000,000.

136 3288 63 31 The
220 3287 132 31 elevated
375 3285 128 32 railroad
517 3285 32 31 in
562 3284 73 32 New
657 3284 79 32 York

96 3330 26 32 is
131 3330 89 33 about
231 3333 31 30 to
273 3330 135 42 dispense
418 3329 71 32 with
500 3330 131 36 14,000
641 3327 95 33 worth

98 3375 31 33 of
150 3375 40 32 oil
203 3375 96 40 lamps
313 3375 76 31 from
403 3374 50 31 the
468 3383 74 27 cars,
557 3372 59 32 and
630 3371 90 33 substi-

95 3420 64 30 tute
173 3418 116 32 electric
300 3417 101 41 lights.

138 3462 47 32 An
232 3461 201 33 examination
481 3459 31 34 of
556 3459 179 42 forty-seven

98 3506 106 33 female
220 3506 169 33 candidates
403 3505 43 32 for
470 3504 220 42 appointments
704 3514 32 21 as

98 3550 152 41 telegraph
265 3552 148 38 operators
427 3548 131 41 recently
571 3548 70 31 took
654 3547 82 41 place

97 3595 32 31 in
144 3594 183 32 Melbourne.
383 3592 116 32 Fifteen
523 3591 158 33 succeeded
705 3590 31 33 in

98 3639 129 41 passing.

139 3682 62 31 The
223 3681 105 32 Crown
340 3680 101 43 jewels
455 3679 59 32 and
527 3678 51 33 the
599 3678 137 42 priceless

98 3727 98 33 rubies
211 3726 91 34 found
315 3725 32 33 in
361 3725 50 33 the
422 3723 101 44 palace
533 3726 31 31 at
575 3723 160 42 Mandalay

98 3782 51 21 are
163 3774 31 28 to
209 3770 36 32 be
267 3772 65 29 sent
352 3772 31 29 to
406 3769 126 31 London
556 3770 31 30 to
601 3768 35 31 be
662 3768 71 31 sold.

100 3815 63 33 The
190 3816 78 32 most
295 3812 135 35 valuable
457 3811 146 34 furniture
630 3811 32 34 of
685 3811 51 34 the

98 3859 101 40 palace
214 3859 61 31 will
297 3869 36 30 go
354 3860 30 29 to
409 3857 202 32 Government
636 3857 100 32 House

100 3905 31 28 at
154 3902 104 31 Simla.

139 3946 63 32 The
213 3945 59 32 late
284 3944 80 33 John
373 3943 36 33 B.
421 3943 116 42 Gough,
549 3943 50 32 the
611 3944 108 40 temper-

98 4001 73 21 ance
183 3992 107 34 orator,
302 3989 52 31 left
364 3990 137 39 property
512 3990 30 30 to
552 3987 50 32 the
615 3989 122 30 amount

100 4034 32 31 of
157 4033 70 41 only
250 4033 90 31 about
367 4033 140 36 15,000,
524 4041 17 21 a
562 4041 68 31 very
651 4030 88 32 small

101 4088 67 22 sum
195 4075 192 42 considering,
407 4075 51 32 the
484 4074 81 42 large
593 4085 81 22 sums
700 4073 38 34 he

100 4122 109 32 earned
223 4131 39 22 on
276 4120 50 32 the
340 4120 110 32 lecture
470 4119 139 40 platform
622 4129 6 27 ;
650 4118 53 32 but
716 4118 24 31 it

100 4166 26 30 is
145 4165 63 31 said
232 4164 66 32 that
322 4163 108 39 Gough
450 4173 60 21 was
533 4173 17 20 a
573 4172 72 21 man
669 4161 32 32 of
722 4172 17 20 a

98 4218 146 32 generous
271 4206 182 41 disposition,
469 4204 66 32 who
559 4215 71 30 gave
659 4214 82 31 away

101 4263 108 30 money
229 4250 100 41 freely.

142 4295 62 31 The
220 4295 87 31 latest
322 4293 115 31 advices
451 4292 76 32 from
548 4291 103 32 Berlin
665 4293 76 30 state

102 4339 67 33 that
183 4350 39 22 011
236 4338 51 33 the
310 4337 135 34 occasion
460 4336 31 33 of
512 4335 51 33 the
585 4335 156 42 departure

102 4384 33 31 of
155 4383 51 32 the
222 4382 128 32 Russian
365 4381 91 32 Court
470 4380 44 31 for
538 4379 51 32 the
614 4379 126 37 Crimea,

103 4428 51 32 the
169 4429 112 30 utmost
295 4425 186 42 precautions
495 4434 75 21 were
594 4422 90 33 taken
698 4422 44 33 for

102 4471 52 32 the
169 4471 60 31 safe
241 4470 127 40 journey
378 4469 32 31 of
416 4468 51 31 the
477 4466 141 41 Imperial
629 4467 113 40 family,

103 4515 52 32 the
182 4514 121 41 railway
329 4512 76 32 lines
432 4510 89 42 being
547 4509 130 43 guarded
705 4509 37 43 by

105 4560 128 34 100,000
253 4567 80 22 men.

143 4603 26 31 A
200 4600 119 33 terrible
347 4597 122 44 tragedy
498 4596 70 35 took
599 4597 84 42 place
713 4599 31 30 at

103 4645 164 37 Belleville,
278 4644 123 32 France.
437 4643 26 32 A
474 4644 153 39 carpenter
635 4641 108 33 named

103 4690 130 33 Vaubier
261 4686 150 42 strangled
439 4686 47 32 his
513 4685 143 38 mistress,
685 4685 58 31 and

103 4734 74 32 then
192 4733 67 32 shot
282 4731 123 33 himself
423 4730 131 41 through
576 4729 52 33 the
647 4728 95 33 heart.

103 4779 65 31 The
183 4777 103 40 couple
300 4775 106 40 agreed
420 4777 31 29 to
464 4775 46 31 die
524 4773 144 41 together,
684 4773 59 32 and

103 4822 80 31 drew
196 4819 58 33 lots
268 4818 98 32 which
389 4817 106 33 should
508 4817 54 32 kill
575 4817 51 32 the
648 4815 94 33 other.

144 4865 64 31 The
232 4863 130 31 advance
389 4860 31 32 in
443 4860 52 32 the
517 4860 87 33 value
631 4860 32 31 of
683 4859 62 32 real

102 4910 95 30 estate
211 4907 31 31 in
257 4905 72 32 New
348 4904 80 32 York
442 4904 60 41 city
524 4903 61 33 this
599 4912 105 23 season
717 4902 26 31 is

103 4949 195 35 remarkable.
350 4947 87 32 Even
458 4946 51 32 the
533 4946 75 32 East
629 4945 62 32 side
714 4945 31 32 of

103 4995 52 32 the
185 4996 80 30 town
298 4991 25 32 is
357 4990 139 42 bringing
528 4989 94 42 prices
656 4998 89 22 never

103 5038 140 32 dreamed
258 5036 31 31 of
301 5035 108 31 before.
451 5034 29 30 It
493 5034 26 30 is
533 5032 63 32 said
614 5032 67 31 that
694 5032 51 31 the

103 5083 132 32 increase
262 5079 33 33 in
325 5078 51 33 the
403 5076 86 33 value
517 5076 32 33 of
575 5075 51 33 the
657 5074 88 33 Astor

103 5127 106 30 Estate
223 5125 26 30 is
263 5125 53 29 not
329 5122 58 31 less
402 5121 74 31 than
495 5121 192 35 1,000,000.

145 5169 63 33 The
225 5168 148 32 Baroness
397 5163 242 37 Burdet-Coutts,
663 5161 84 42 Lady

102 5213 160 40 Wolseley,
295 5210 59 31 and
385 5209 110 35 others,
530 5206 75 32 have
637 5206 110 31 started

135 5267 84 32 scrap
272 5255 88 37 carts,
385 5251 98 35 which
507 5250 105 34 collect
636 5248 111 35 broken

103 5304 68 32 food
185 5303 32 30 in
232 5298 157 42 Belgravia
408 5297 59 32 and
481 5295 137 42 Mayfair.
669 5295 30 31 It
723 5294 25 31 is

103 5346 144 41 carefully
261 5342 110 34 cooked
390 5341 59 31 and
462 5340 87 31 made
563 5339 64 31 into
649 5348 97 31 soups,

103 5395 98 33 stews,
216 5389 73 42 pies,
305 5386 59 33 and
383 5384 157 43 puddings,
557 5383 58 32 and
630 5382 63 33 sold
717 5384 31 29 at

105 5446 17 21 a
136 5445 99 32 penny
250 5443 17 20 a
281 5431 67 31 dish
363 5433 31 28 to
408 5429 50 31 the
468 5438 81 30 poor.

143 5480 24 33 A
203 5475 88 36 novel
322 5475 139 32 sentence
495 5481 60 23 was
583 5469 67 34 that
683 5480 48 31 pro-

103 5523 138 34 nounced
252 5522 38 40 by
300 5520 97 39 Judge
408 5516 120 33 Church
540 5516 32 31 of
580 5514 167 37 Meadville,

104 5564 231 44 Pennsylvania,
352 5573 38 22 on
401 5564 59 29 two
470 5570 100 31 young
578 5559 91 40 chaps
680 5568 51 22 con-

103 5612 96 34 victed
223 5610 33 33 of
274 5608 78 33 riot:
478 5607 31 30 to
530 5603 73 33 hear
626 5601 123 33 Francis

103 5657 141 42 Murphy,
261 5655 66 40 sign
345 5652 52 32 the
420 5649 115 43 pledge,
559 5648 72 41 keep
654 5646 93 38 sober,

103 5704 35 31 be
166 5699 183 35 industrious
378 5696 58 32 and
464 5697 138 30 sentence
629 5692 61 32 will
713 5692 36 32 be

103 5744 166 41 suspended
281 5743 24 30 if
317 5741 59 31 this
392 5739 85 32 order
491 5739 25 28 is
528 5737 118 40 obeyed.

143 5825 204 34 Continuation
363 5823 34 36 of
413 5823 89 32 News,
516 5830 41 18 sec
571 5819 46 28 4th
632 5819 97 37 Page.)

1321 65 116 42 THE
1493 62 185 42 LYELL
1729 56 185 48 TIMES,
1970 51 308 53 SATURDAY,
2336 53 139 54 JUNE
2645 57 102 41 1886.

924 198 137 41 Mining
1086 195 154 36 No.sccti

777 280 162 28 MANUKA
974 280 95 28 FLAT
1106 280 101 28 GOLD
1245 280 145 29 MINING

887 330 150 30 COMPAQ
1042 332 34 34 Y,
1105 332 175 28 LIMITED.

766 434 109 30 ITIHE
905 434 197 30 ORDINARY
1129 434 270 30 HALF-YEARLY

856 487 177 27 MEETING
1054 487 31 28 of
1101 487 196 28 Shareholders
1310 489 28 25 in
1352 488 46 27 the

765 537 84 29 above
880 537 144 37 Company
1053 537 56 30 will
1139 537 32 30 be
1201 537 64 30 held
1294 541 29 26 at
1351 537 47 30 the

766 588 158 38 Registered
948 585 84 31 Office
1063 588 30 28 of
1119 588 47 28 the
1191 588 152 38 Company,
1370 592 29 25 at

765 642 87 37 Lyell,
886 651 36 19 on
953 640 207 35 SATURDAY,
1191 640 66 30 26th
1287 641 110 34 JUNE,

766 694 74 34 1886,
855 697 28 25 at
902 694 16 28 6
931 692 110 34 o'clock,
1054 701 67 29 p.m.

1002 798 140 29 Business
1153 806 7 21 :

834 852 40 28 To
905 850 116 30 Receive
1043 850 146 28 Directors'
1217 849 102 38 Report
1343 850 54 28 and

904 904 119 30 Balance
1037 903 104 33 Sheet;
1160 902 65 34 and,

834 955 39 29 To
886 955 81 29 Elect
979 955 138 28 Directors
1130 951 55 31 and
1198 953 138 29 Auditors.

1047 1012 122 33 JAMES
1188 1015 140 34 INGLIS,

1222 1068 140 36 Manager.

800 1123 90 37 Lyell,
905 1123 63 30 14th
983 1123 82 35 June,
1079 1122 76 30 1886.

832 1207 249 30 APPLICATION
1102 1207 74 30 FOR
1197 1206 131 31 LEASE.

913 1312 103 30 Nelson
1030 1311 177 31 South-West
1220 1310 159 31 Goldfields.

1024 1351 65 29 12th
1103 1351 82 34 June,
1200 1352 76 28 1886.

797 1403 40 26 To
856 1411 56 19 the
931 1403 129 27 Warden
1077 1411 34 18 at
1131 1403 206 27 Murchison

762 1453 37 60 I
819 1454 160 28 HEREBY
1000 1453 84 38 apply
1101 1453 42 29 for
1166 1463 17 19 a
1205 1452 193 37 Gold-Mining

835 1492 85 28 Lease
942 1492 29 28 of
990 1492 48 28 the
1059 1491 79 29 lands
1162 1491 165 28 hereinafter
1350 1491 30 28 de-

761 1529 112 34 scribed,
899 1530 30 28 in
953 1529 165 30 accordance
1148 1529 68 29 with
1240 1529 47 29 the
1315 1529 80 29 Gold-

762 1568 108 36 Mining
882 1568 101 28 Leases
995 1567 180 37 Regulations
1197 1567 31 28 of
1242 1567 68 28 New
1331 1567 48 28 Zea-

760 1605 75 34 land,
848 1605 55 29 and
916 1606 15 28 I
944 1615 88 27 agree,
1051 1614 75 28 upon
1147 1605 48 28 the
1217 1605 132 37 approval
1370 1614 27 26 oj

760 1644 56 28 this
835 1644 176 37 application,
1025 1647 28 25 to
1075 1647 112 25 execute
1200 1652 16 18 a
1228 1644 72 27 lease
1322 1652 73 28 upon

760 1682 46 30 the
820 1682 73 30 basis
905 1682 105 30 therein
1023 1681 108 35 stated,'
1145 1681 25 29 if
1189 1681 47 30 the
1256 1681 140 31 Governor

760 1721 71 28 shall
844 1721 80 29 think
936 1721 33 29 fit
981 1726 28 24 to
1021 1724 80 33 grant
1114 1720 46 29 the
1174 1729 85 20 same.

1043 1771 123 31 JAMES
1185 1771 141 34 INGLIS,

1204 1811 157 36 Applicant.

795 1913 89 28 Name
897 1913 55 28 and
964 1912 109 29 address
1082 1913 30 27 in
1124 1911 50 29 full
1183 1911 31 29 of
1220 1910 174 38 applicant

828 1950 96 29 James
936 1951 97 37 Inglis,
1047 1950 86 37 Lyell.

797 2004 76 36 Style
894 2002 88 30 under
1004 2002 91 30 which
1120 2002 22 29 it
1166 2002 24 28 is
1213 2001 130 30 intended
1366 2005 29 26 to

830 2041 116 28 conduct
992 2040 45 29 the
1078 2040 124 28 business
1265 2040 130 28 Advance

830 2079 100 34 Quartz
945 2077 108 35 Mining
1065 2077 153 37 Company.

797 2130 103 29 Extent
912 2130 31 30 of
957 2129 106 38 ground
1080 2129 110 38 applied
1207 2129 188 30 forSixteen

830 2169 56 28 and
898 2169 90 28 a-half
997 2177 85 20 acres.

797 2221 149 29 Minimum
959 2221 116 30 number
1087 2221 32 29 of
1127 2230 65 20 men
1214 2220 133 38 proposed
1366 2223 28 27 to

829 2260 33 27 be
875 2259 145 37 employed
1031 2259 37 37 by
1084 2260 48 27 the
1150 2260 176 27 lesseeFor
1347 2259 47 28 the

830 2298 60 29 first
919 2298 76 29 three
1022 2298 122 33 months,
1174 2299 17 27 2
1220 2305 83 27 men;
1334 2297 46 29 sub-

830 2337 153 36 sequently,
1013 2336 81 29 when
1122 2337 31 27 in
1182 2336 52 28 full
1263 2336 84 34 work,
1380 2338 16 26 6

831 2383 75 20 men.

795 2428 124 28 Amount
938 2427 30 30 of
985 2427 100 38 capital
1106 2425 134 40 proposed
1253 2428 29 27 to
1301 2426 33 30 be
1353 2426 28 29 in-

830 2466 93 28 vested
924 2467 161 32 12,000.

797 2518 137 37 Proposed
946 2517 80 30 mode
1039 2517 31 30 of
1086 2516 123 38 working
1226 2516 48 30 the
1293 2516 101 30 land

830 2557 136 37 Ordinary
979 2556 80 29 mode
1072 2556 30 29 of
1112 2559 94 34 quartz
1220 2555 116 37 mining.

797 2609 106 29 Precise
949 2608 112 36 locality
1131 2609 83 27 Owen
1272 2608 123 27 District.

831 2647 134 28 Bounded
1002 2656 37 19 on
1076 2646 47 29 the
1154 2646 82 28 north
1272 2646 37 36 by
1349 2645 47 29 the

831 2686 130 29 Zelandia
982 2685 95 34 Lease,
1091 2694 35 20 on
1144 2684 46 30 the
1204 2684 80 29 south
1299 2684 37 37 by
1349 2684 47 28 the

830 2724 109 28 Broken
953 2724 61 28 Hill
1035 2724 94 32 Lease,
1143 2733 35 19 on
1192 2727 57 25 east
1263 2723 56 28 and
1329 2728 66 24 west

830 2762 36 36 by
880 2762 96 28 Crown
989 2762 87 27 lands.

795 2814 82 29 Term
898 2814 41 28 for
950 2813 90 29 which
1060 2813 71 29 lease
1153 2812 24 30 is
1197 2812 126 38 required
1324 2813 68 28 15

830 2862 87 28 years.

796 2907 77 26 Time
882 2906 30 27 of
919 2906 191 35 commencing
1115 2905 280 36 operationsWhen

830 2943 73 29 lease
914 2942 24 29 is
950 2943 122 37 granted.

796 3048 58 29 The
876 3047 84 30 above
983 3048 165 37 application
1162 3046 54 30 and
1234 3056 55 26 any
1308 3046 72 36 objec-

764 3088 57 28 tion
833 3086 105 29 thereto
950 3087 57 28 will
1020 3088 32 27 be
1065 3086 85 28 heard
1159 3089 28 24 at
1197 3086 46 28 the
1251 3084 145 29 Warden's

762 3125 84 28 Office
860 3128 29 24 at
902 3124 169 33 Murchi-ion,
1084 3133 36 18 on
1133 3123 185 34 TUESDAY,
1329 3123 66 27 28th

764 3163 238 36 SEPTEMBER,
1016 3164 76 28 1886.

797 3212 62 34 Any
880 3220 98 26 person
1000 3210 119 34 desiring
1140 3213 27 24 to
1189 3209 87 35 object
1299 3212 28 25 to
1348 3208 47 28 the

762 3249 72 28 issue
847 3249 30 28 of
886 3258 14 19 a
914 3248 108 36 Mining
1040 3248 86 28 Lease
1147 3256 74 28 upon
1242 3246 47 29 the
1310 3246 84 29 above

764 3287 162 36 application
953 3290 85 29 must,
1062 3286 98 28 within
1181 3287 34 26 30
1234 3286 72 27 clear
1327 3284 68 37 days

764 3326 68 28 from
845 3325 48 29 the
913 3325 61 28 date
996 3324 30 29 of
1045 3324 67 28 such
1132 3324 174 37 application,
1321 3327 76 24 enter

763 3364 43 29 his
828 3364 134 37 objection
982 3366 28 26 at
1030 3363 47 29 the
1098 3363 144 29 Warden's
1262 3362 83 29 Office
1367 3366 30 24 at

764 3401 87 37 Lyell.

866 3439 152 29 ALFRED
1036 3438 33 29 A.
1090 3437 201 35 CORFIELD,

1166 3478 53 29 Pro
1231 3477 130 30 Warden.

844 3516 143 31 Warden's
1004 3516 92 35 Office,

798 3556 88 36 Lyell,
901 3555 64 28 11th
981 3556 84 33 June,
1079 3556 75 28 1886.

831 3636 249 29 APPLICATION
1104 3636 74 29 FOR
1196 3636 131 29 LEASE.

896 3742 103 29 Nelson
1014 3742 178 28 South-West
1204 3740 158 30 Goldfields.

1016 3780 63 28 14th
1093 3780 81 33 June,
1188 3781 77 27 1886.

798 3832 40 30 To
857 3841 56 21 the
932 3832 129 30 Warden
1079 3839 34 21 at
1133 3832 205 28 Murchison

766 3885 36 60 I
820 3885 160 27 HEREBY
1004 3884 84 36 apply
1108 3883 42 29 for
1171 3892 15 20 a
1207 3883 193 36 Gold-Mining

837 3923 87 28 Lease
936 3921 31 30 of
984 3920 47 31 the
1053 3919 80 32 lands
1155 3920 165 31 hereinafter
1341 3921 43 28 des-

766 3961 99 35 cribed,
889 3961 30 28 in
943 3958 168 31 accoadance
1141 3960 67 29 with
1238 3960 47 29 the
1316 3959 81 30 Gold-

767 3999 108 37 Mining
887 3999 100 28 Leases
998 3998 178 36 Regulations
1197 4004 28 23 ol
1243 3998 69 29 New
1334 3999 48 28 Zea-

766 4038 74 33 land,
854 4038 54 27 and
922 4038 15 27 I
955 4047 89 25 agree,
1056 4046 75 28 upon
1151 4037 47 28 the
1220 4036 132 36 approval
1373 4036 30 28 of

766 4076 55 29 this
836 4076 176 37 application,
1023 4078 29 27 to
1074 4079 111 25 execute
1199 4085 16 19 a
1228 4076 86 28 Lease
1326 4084 74 28 upon

767 4116 46 26 the
826 4115 72 28 basis
910 4114 108 29 therein
1037 4114 98 31 stated,
1148 4113 24 29 if
1190 4114 47 28 the
1259 4114 142 28 Governor

767 4153 70 29 shall
850 4152 80 30 think
942 4153 32 27 fit
986 4155 29 26 to
1028 4156 81 31 grant
1123 4152 48 28 the
1184 4161 84 19 same.

1020 4201 98 29 JOHN
1139 4201 189 33 PHILLIPS,

1210 4239 156 37 Applicant.

804 4293 89 27 Name
904 4292 53 28 and
973 4292 111 27 address
1093 4292 29 26 in
1132 4291 49 27 full
1192 4291 29 27 of
1230 4292 138 35 applicant

837 4330 76 30 John
926 4330 125 38 Phillips,
1065 4330 84 29 Owed
1163 4329 90 29 River.

804 4383 76 36 Style
893 4382 87 28 under
993 4382 89 28 which
1094 4383 22 27 it
1128 4383 24 27 is
1160 4382 131 27 intended
1301 4384 27 25 to
1340 4391 46 19 con-

839 4421 65 29 duct
933 4420 47 29 the
1010 4420 125 28 business
1190 4419 111 29 Eureka
1331 4419 71 29 Gold

839 4459 110 36 Mining
967 4459 152 36 Company.

804 4510 104 29 Extent
920 4509 30 30 of
966 4509 106 36 ground
1094 4508 109 38 applied
1215 4508 188 31 forSixteen

842 4549 54 28 and
908 4548 92 29 a-half
1009 4557 84 20 acres.

806 4600 149 29 Minimum
967 4599 119 29 number
1098 4599 29 29 of
1146 4608 64 19 men
1232 4598 132 38 proposed
1376 4602 29 25 to

839 4639 33 30 be
884 4638 145 38 employed
1042 4638 37 36 by
1097 4638 46 28 the
1166 4638 83 28 lessee
1251 4639 89 27 For
1357 4638 47 28 the

839 4677 60 29 first
922 4678 98 28 twelve
1044 4677 122 32 months,
1191 4678 16 26 2
1232 4684 81 26 men;
1344 4676 45 28 sub-

840 4715 154 38 sequently,
1004 4714 81 30 when
1096 4715 30 28 in
1136 4714 49 29 full
1195 4714 84 33 work,
1289 4715 32 27 12
1331 4724 73 18 men.

805 4768 124 28 Amount
950 4767 31 29 of
1000 4766 100 36 capital
1124 4766 134 38 proposed
1279 4769 28 26 to
1320 4766 32 29 be
1364 4767 27 27 in-

842 4806 92 27 vested
935 4806 163 32 12,000.

807 4856 137 37 Proposed
966 4855 80 29 mode
1065 4855 30 29 of
1113 4855 124 37 working
1249 4855 47 29 the
1307 4855 66 30 land

842 4894 87 28 Usual
943 4894 111 27 method
1067 4894 31 27 of
1112 4898 95 32 quartz
1221 4895 115 34 mining.

808 4946 107 28 Precise
926 4945 231 35 localityOwen
1168 4945 121 27 District.
1314 4945 74 27 Boun-

843 4982 53 29 ded
911 4992 35 19 on
959 4982 82 28 north
1054 4982 36 37 by
1104 4982 136 28 Southern
1255 4982 63 28 Star
1325 4982 81 30 lease,

844 5031 36 19 on
894 5021 46 28 the
954 5024 57 24 east
1030 5021 37 36 by
1085 5021 46 27 the
1146 5021 117 27 Wakatu
1277 5020 80 34 lease,
1371 5030 35 18 on

846 5058 47 29 the
906 5063 66 23 west
985 5058 53 27 and
1052 5058 80 27 south
1145 5057 36 37 by
1191 5058 98 27 Crown
1302 5058 88 27 lands.

808 5111 81 27 Term
903 5111 42 26 for
962 5108 91 29 which
1075 5109 73 28 lease
1167 5109 25 28 is
1213 5109 194 35 requiredls

842 5156 87 28 years.

809 5200 78 28 Time
894 5200 30 27 of
929 5199 191 36 commencing
1128 5198 280 36 operationsWhen

844 5237 71 29 lease
929 5238 23 27 is
964 5236 123 39 granted.

809 5315 58 28 The
887 5315 85 29 above
993 5315 166 36 application
1181 5314 53 28 and
1255 5323 54 26 any
1323 5313 70 36 objec-

778 5353 56 29 tion
847 5353 106 29 thereto
967 5353 54 28 will
1033 5352 34 29 be
1077 5352 85 29 heard
1172 5356 28 24 at
1211 5352 47 28 the
1268 5351 142 28 Warden's

776 5392 83 29 Office
872 5396 28 24 at
912 5391 168 31 Murchison,
1095 5401 36 18 on
1145 5390 183 34 TUESDAY,
1342 5390 64 28 28th

778 5429 236 32 SEPTEMBER,
1032 5431 76 26 1886.

809 5468 64 36 Any
893 5476 97 30 person
1011 5467 121 37 desiring
1152 5469 28 27 to
1204 5465 88 39 object
1313 5468 27 28 to
1360 5465 47 30 the

776 5508 71 28 issue
857 5508 30 28 of
903 5518 16 18 a
933 5508 107 34 Mining
1053 5507 85 28 Lease
1157 5516 74 27 upon
1254 5506 47 28 the
1324 5505 85 29 above

777 5546 163 36 application
961 5549 83 29 must,
1066 5545 96 29 within
1187 5544 34 28 80
1243 5544 72 28 clear
1338 5544 68 36 days

776 5585 70 27 from
859 5584 47 27 the
928 5584 62 27 date
1011 5583 29 27 of
1056 5583 65 28 such
1144 5582 175 37 application,
1334 5586 76 24 enter

777 5622 42 28 his
839 5621 132 38 objection
993 5626 28 24 at
1043 5625 46 25 the
1112 5621 142 29 Warden's
1277 5620 83 29 Office
1382 5625 28 24 at

776 5662 89 37 Lyell.

882 5701 152 28 ALFRED
1053 5700 32 29 A.
1105 5700 202 34 CORFIELD,

1177 5739 56 25 Pro
1247 5737 127 28 Warden.

857 5775 143 30 Warden's
1014 5775 95 32 Office,

813 5816 88 37 Lyell,
917 5816 64 29 18ih
995 5816 82 34 Juno,
1091 5817 75 28 1886.

1590 195 137 38 Mining
1743 192 152 33 Notices.

1425 284 83 31 THE
1531 278 158 37 UNITED
1711 275 151 37 ALPINE
1893 269 162 45 QUARTZ

1450 341 152 33 MINING
1624 336 202 37 COMPANY,
1842 330 187 37 LIMITED.

1426 452 208 37 mENDERS
1645 462 49 25 are
1705 447 173 39 INVITED
1889 448 44 34 for
1943 444 91 36 DRIV-

1431 486 29 52 -1
1496 512 73 33 ING
1580 514 57 31 800
1648 510 108 33 FEET
1769 508 31 33 of
1808 507 60 33 this
1879 505 179 41 Company's

1423 571 56 30 No.
1496 573 17 29 7
1527 569 152 31 LEVEL.

1464 684 222 42 Specifications
1714 693 56 21 can
1796 680 36 32 be
1856 686 69 25 seen
1948 678 32 30 at
2006 675 51 32 the

1424 741 179 43 Company's
1630 740 101 38 Office,
1759 738 98 33 where
1891 733 41 35 all
1961 733 72 33 TEN-

1423 800 109 32 DERS
1554 799 61 33 will
1637 799 37 33 be
1698 794 212 36 RECEIVED
1934 803 40 31 up
1994 794 31 31 to
2040 792 18 30 4

1423 856 111 32 o'clock
1548 866 84 31 p.m.,
1649 866 38 21 on
1712 851 201 37 TUESDAY,
1928 849 52 32 the
2004 847 53 34 6th

1423 914 57 41 day
1502 914 32 32 of
1555 913 114 37 JULY,
1686 912 87 31 1886.

1463 1028 26 32 A
1515 1028 129 32 Deposit
1672 1026 32 34 of
1728 1027 61 31 lO
1813 1026 31 32 to
1878 1031 180 31 accompany

1423 1085 73 34 each
1510 1085 113 35 tender.

1463 1188 64 33 The
1548 1187 103 33 lowest
1674 1197 32 23 or
1730 1196 58 32 any
1808 1183 103 34 tender
1935 1183 53 32 not
2008 1191 33 22 ne-

1423 1246 140 42 cessarily
1576 1245 148 41 accepted.

1670 1300 134 36 JAMES
1825 1297 152 39 INGLIS,

1862 1345 154 39 Manager.

1463 1405 96 42 Lyell,
1576 1404 73 32 18th
1670 1404 88 35 June,
1775 1403 87 30 1886.

1423 1491 78 28 THE
1533 1489 125 29 LYELL
1687 1488 129 29 CREEK
1847 1485 211 31 EXTENDED

1480 1542 148 36 QUARTZ
1649 1540 146 30 MINING
1813 1537 188 34 COMPANY,

1658 1589 176 33 LIMITED.

1424 1698 208 29 mENDERS
1651 1696 162 31 WANTED
1832 1696 41 30 for
1889 1694 145 30 EXTEND-

1520 1750 70 28 ING
1611 1749 158 29 TUNNEL
1790 1758 16 18 a
1819 1749 121 27 distance
1959 1745 30 30 of
2008 1747 51 27 500

1422 1802 108 28 FEET.

1457 1900 205 39 Specifications
1681 1903 29 28 to
1731 1900 35 30 be
1788 1909 63 21 seen
1875 1902 28 27 at
1915 1898 47 30 the
1976 1898 60 29 Com-

1421 1954 98 36 pany's
1533 1952 94 35 Office,
1641 1952 127 34 Reefton,
1781 1951 56 29 and
1849 1954 28 24 at
1897 1950 45 28 Mr
1962 1950 96 28 Jaines

1422 2006 105 35 Ryan's
1541 2004 87 35 Store,
1642 2004 87 37 Lyell.

1456 2107 121 29 Tenders
1592 2105 71 31 close
1677 2109 29 27 at
1717 2106 47 29 the
1783 2105 167 36 Company's
1964 2103 92 33 Office,

1421 2158 126 33 Reefton,
1570 2161 28 25 at
1622 2160 17 27 8
1660 2167 76 27 p.m.,
1750 2167 36 18 on
1804 2155 253 32 WEDNESDAY,

1422 2210 67 30 30th
1501 2210 110 34 JUNE,
1624 2210 134 38 proximo.

1456 2309 26 29 A
1507 2309 117 37 Deposit
1647 2309 30 29 of
1696 2308 76 29 TEN
1792 2307 151 30 POUNDS
1962 2309 29 27 to
2015 2315 28 20 ac-

1423 2370 136 28 company
1572 2360 67 29 each
1651 2360 105 29 tender.

1578 2411 165 31 PATRICK
1760 2410 195 35 BRENNAN,

1881 2450 142 35 Manager.

1457 2488 126 35 Reefton,
1597 2490 61 28 31st
1671 2488 76 37 May,
1761 2488 76 28 1886.

1597 2568 120 31 Public
1734 2567 153 31 Notices.

1424 2650 58 33 ST.
1497 2648 192 35 JOSEPH'S
1711 2648 180 37 CHURCH,
1908 2646 148 33 LYELL.

1425 2765 92 85 HIS
1542 2765 218 36 LORDSHIP,
1788 2763 52 33 the
1868 2763 94 31 REV.
1991 2763 66 31 DR.

1519 2823 173 34 FRANCIS
1713 2822 217 37 REDWOOD,
1946 2821 113 41 Bishop

1423 2883 31 31 of
1465 2881 194 42 Wellington,
1671 2881 62 32 will
1747 2880 109 33 VISIT
1871 2879 137 32 LYELL
2020 2890 38 21 on

1423 2938 172 33 MONDAY
1609 2937 257 36 AFTERNOON,
1882 2935 106 33 JUNE
2009 2936 48 36 21,

1423 2996 59 32 and
1501 2996 73 32 hold
1595 2996 89 31 TWO
1706 2994 161 33 MASSES
1888 3005 38 21 on
1940 2993 51 32 the
2005 2993 39 33 fol-

1422 3053 110 42 lowing
1545 3053 57 42 day
1625 3052 228 44 (TUESDAY).

1700 3106 80 40 Also,

1424 3167 308 35 CONFIRMATION
1761 3168 31 32 at
1818 3165 51 35 the
1898 3164 160 36 SECOND

1681 3208 118 35 MASS.

1444 3297 137 33 LYELL
1602 3298 190 34 DISTRICT
1822 3297 215 33 HOSPITAL.

1423 3407 103 82 THE
1548 3406 186 31 Provisional
1758 3405 177 31 Committee
1957 3404 31 30 of
2010 3403 52 31 the

1507 3459 91 33 above
1612 3457 111 43 having
1733 3457 92 33 found
1839 3457 24 31 it
1877 3455 181 43 impossible,

1420 3514 130 42 through
1574 3513 51 33 the
1649 3512 99 33 action
1771 3511 32 33 of
1826 3510 51 33 the
1905 3509 150 42 Westport

1422 3567 139 42 Hospital
1574 3566 109 37 Board,
1698 3567 32 29 to
1744 3563 143 33 establish
1901 3574 18 20 a
1938 3562 120 31 Branch

1424 3619 139 43 Hospital
1574 3622 31 30 at
1615 3617 95 44 Lyell,
1722 3617 75 32 have
1813 3615 119 33 decided
1946 3617 30 31 to
1990 3615 46 32 RE-

1424 3674 110 32 TURN
1556 3673 51 31 the
1631 3670 145 32 MONEY
1801 3668 258 33 SUBSCRIBED

1423 3727 45 34 for
1488 3727 67 34 that
1578 3735 137 33 purpose,
1730 3723 32 33 in
1787 3721 177 35 accordance
1987 3720 73 35 with

1423 3781 163 32 resolution
1600 3778 113 33 carried
1727 3779 31 29 at
1771 3777 59 31 last
1853 3775 100 42 public
1967 3777 72 29 meet-

1423 3835 62 41 ing.

1465 3930 62 32 The
1553 3930 138 32 amounts
1715 3939 40 21 on
1778 3927 52 33 the
1853 3926 118 33 various
1991 3925 66 32 lists

1425 3975 61 32 will
1500 3975 35 31 be
1548 3973 120 32 handed
1682 3983 68 22 over
1770 3974 31 30 to
1823 3971 51 32 the
1900 3970 160 32 Collectors

1425 4021 31 29 at
1484 4019 48 31 Mr
1559 4018 95 32 James
1682 4017 111 32 Inglis'
1822 4015 91 33 Office
1938 4025 39 22 on
2001 4014 59 31 and

1427 4062 74 33 after
1514 4061 61 33 this
1589 4061 78 32 date.

1532 4114 134 34 JAMES
1687 4113 117 36 PECK,
1819 4113 81 31 Hon.
1918 4111 65 33 Sec.

1581 4157 86 41 Lyell
1681 4156 139 41 Hospital
1834 4155 188 33 Committee.

1466 4209 95 42 Lyell,
1578 4209 78 31 June
1679 4208 86 37 19th,.
1778 4209 86 29 1886.

1429 4297 137 35 lyell
1580 4296 278 34 cieculating
1872 4296 191 31 libeaby.

1430 4385 188 33 TIGHT
1646 4383 327 36 LITEEATUBE,
2004 4384 61 35 &C.,

1523 4474 41 32 2b
1580 4473 50 33 6d
1646 4473 88 31 PER
1752 4470 223 45 QUARTER.

1430 4551 131 35 NIGHT
1597 4550 159 34 SCHOOL
1790 4549 80 33 FOE
1904 4548 161 33 ADULTS

1735 4605 36 20 ON

1514 4639 206 32 TUESDAYS
1975 4640 59 28 and

1560 4678 72 28 from
1644 4680 18 26 8
1674 4687 66 28 p.m.
1756 4682 26 23 to
1797 4678 61 27 9.30
1871 4686 66 27 p.m.

1471 4761 139 33 Apply
1698 4758 35 33 P.
1757 4758 37 33 G.
1817 4757 171 37 EOTTON,

1799 4803 230 32 Schoolmaster.

1565 4893 42 37 A.
1627 4889 314 46 RICHARDSON,

1441 4973 196 32 nHEMIST
1684 4969 93 35 AND
1827 4968 242 84 JjRUGGIST,

1470 5059 327 46 Palmerston-St.,
1825 5058 211 51 Westport.

1434 5153 24 28 A
1470 5153 74 36 large
1564 5152 54 28 and
1639 5149 189 31 well-selected
1851 5149 80 28 Stock
1953 5149 31 27 of
2005 5149 66 28 New

1469 5192 100 36 Drugs,
1583 5190 164 33 Chemicals,
1756 5188 220 37 Homoeopathic,
1989 5188 32 28 Pa-

1503 5233 60 25 tent
1575 5229 54 27 and
1650 5228 173 36 Proprietary
1844 5226 157 32 Medicines,

1540 5268 131 38 Sponges,
1702 5265 175 34 Brushware,
1903 5265 46 28 Per-

1572 5307 118 35 fumery,
1715 5306 88 27 Toilet
1834 5305 83 36 Requi-

1608 5345 73 32 sites,
1690 5343 104 29 Elastic
1805 5343 78 28 Stock-

1642 5383 69 36 ings,
1719 5382 151 36 Kneecaps,

1688 5419 124 31 Anklets,

1644 5458 106 28 Ladies'
1795 5456 52 38 Sup-

1608 5503 85 28 ports,
1735 5496 165 29 Abdominal

1573 5537 93 30 Belts;
1684 5536 122 31 Trusses,
1817 5535 36 27 all
1867 5536 69 26 sizes

1539 5575 110 28 various
1667 5578 131 32 patterns,
1812 5572 55 34 &c.,
1881 5573 89 27 Horse

1505 5613 55 31 and
1585 5613 87 29 Cattle
1699 5611 158 34 Medicines,
1883 5611 55 33 &c.,
1959 5611 45 28 &c.

1439 5692 126 37 Country
1594 5690 101 30 Orders
1723 5686 138 39 carefully
1887 5687 131 29 attended
2037 5689 35 32 to,

1481 5731 80 35 Lyell
1573 5731 111 33 Agency
1696 5727 123 35 :Lyell
1832 5728 92 25 Times
1938 5726 92 27 Office.

1439 5808 33 30 A.
1486 5803 273 35 RICHARDSON.
1772 5802 300 33 Palmerston-strect.

2591 186 120 30 Public
2739 185 151 31 Notices.

2141 411 63 28 TIV
2229 416 9 20 J

2243 418 136 61 86-

2601 418 28 63 k
2667 418 173 63 WIHTER
2881 415 371 64 DRAPERY--86.

2358 565 246 61 JOHN
2665 565 455 61 FENNELL

2093 666 61 30 Has
2166 668 86 28 much
2270 668 124 37 pleasure
2413 670 30 28 in
2465 670 176 36 announcing
2660 673 28 25 to
2707 670 48 28 the
2777 668 171 29 inhabitants
2969 668 31 28 of
3021 668 36 36 Lj
3058 666 4 40 T
3065 668 35 28 ell
3125 668 56 28 and
3205 668 183 37 surrounding

2468 708 119 30 districts
2610 709 47 29 the
2680 707 101 30 arrival
2805 708 31 28 of
2851 717 16 18 a
2887 706 125 29 LARGE

2605 953 274 33 COMPRISING

2129 1027 97 41 The
2248 1028 158 42 Latest
2429 1028 226 42 Novelties
2673 1030 86 39 and
2783 1026 213 43 Fashions
3017 1025 39 42 in
3080 1025 167 42 Ladies'
3267 1026 86 41 and

2438 1083 153 45 Gents'
2619 1083 208 52 Wearing
2847 1081 199 54 Apparel,

2095 1173 68 31 And
2186 1173 107 33 invites
2316 1185 39 21 an
2379 1174 164 42 inspection
2568 1176 32 31 of
2620 1175 51 31 the
2695 1183 90 29 same,
2811 1174 109 40 feeling
2944 1185 66 20 sure
3035 1175 66 31 that
3125 1176 44 30 for
3197 1176 191 37 VARIETY,

2244 1218 189 40 QUALITY,
2450 1219 59 32 and
2523 1219 139 34 VALUE
2678 1219 70 42 they
2763 1218 160 33 CANNOT
2938 1218 36 33 be
2991 1218 247 34 SURPASSED.

2097 1401 140 38 Ladies'
2274 1402 72 38 and
2381 1402 198 39 Children's
2628 1402 215 39 WINTER
2887 1401 144 38 HATS
3069 1401 38 36 in
3148 1401 52 37 all
3242 1401 146 51 Shapes.

2132 1592 108 30 Ladies'
2256 1592 156 30 WINTER
2424 1592 165 31 JACKETS
2603 1593 55 30 and
2670 1593 116 29 CAPES
2799 1593 29 29 in
2840 1593 38 29 all
2890 1593 47 30 the
2948 1592 109 31 Newest
3071 1595 104 38 Shapes
3189 1596 55 29 and
3257 1597 98 38 Styles.

2242 1667 88 40 New
2349 1667 191 40 Feathers!
2581 1667 88 40 New
2689 1667 175 41 Flowers!
2905 1669 88 41 New
3014 1670 229 52 Trimmings!

2095 1749 77 41 ggf
2193 1749 49 31 AH
2269 1749 50 32 the
2347 1749 96 32 NEW
2471 1749 59 31 and
2556 1749 290 33 FASHIONABLE
2876 1751 165 32 WINTER
3069 1752 133 33 DRESS
3224 1752 164 38 STUFFS,

2398 1823 68 32 And
2486 1823 235 35 TRIMMINGS
2743 1825 32 33 of
2793 1836 86 31 every
2899 1825 188 42 description.

2095 2003 139 73 MEN'S,
2273 2003 119 63 BOYS'
2425 2005 71 61 and
2532 2005 177 64 YOUTHS'
2747 2008 214 61 CLOTHING
2994 2008 38 61 in
3062 2008 148 63 Endless
3235 2010 150 74 Variety.

2266 2423 119 33 Public
2403 2423 151 33 Notices.

2095 2506 210 39 BROWN'S
2324 2505 120 40 BOOT
2471 2503 260 41 EMPORIUM

2344 2563 135 28 LYELL.

2096 2641 43 66 J
2175 2641 140 28 BROWN
2329 2642 30 27 in
2370 2641 137 33 thanking
2519 2640 44 27 his
2581 2648 150 19 numerous

2193 2684 149 25 customers
2372 2679 42 29 for
2442 2683 63 33 past
2533 2678 120 34 favours,
2677 2677 54 28 and

2096 2719 106 36 hoping
2226 2719 42 28 for
2289 2729 16 18 a
2328 2719 181 28 continuance
2530 2717 30 28 of
2578 2717 47 28 the
2644 2726 86 23 same,

2095 2757 100 27 wishes
2208 2760 44 24 too
2266 2757 51 27 call
2331 2757 72 26 their
2421 2756 136 27 attention
2570 2758 30 24 to
2613 2754 45 28 his
2670 2764 61 18 new

2096 2794 78 29 stock
2195 2794 31 29 of
2248 2794 108 29 Ladies'
2382 2793 97 29 Maids'
2503 2792 56 29 and
2576 2792 155 29 Children's

2096 2834 86 28 Boots
2202 2834 30 27 in
2254 2836 77 34 great
2352 2833 115 36 variety.
2503 2831 77 32 Also,
2594 2831 43 29 his
2655 2830 76 37 large

2096 2872 56 29 and
2165 2872 95 29 varied
2274 2871 78 29 stock
2364 2871 31 29 of

2095 2924 121 35 Men.s,
2229 2923 140 30 Youths'
2385 2923 26 29 &
2425 2921 99 38 Boys'
2543 2921 107 29 Boots
2662 2921 70 29 and

2354 2957 118 33 Shoes.

2097 3032 88 29 Fresh
2199 3031 92 30 Goods
2304 3032 121 35 arriving
2444 3030 136 37 monthly,
2593 3028 91 29 which
2698 3028 34 29 he

2131 3071 23 28 is
2167 3071 117 35 offering
2296 3074 30 25 at
2338 3071 87 36 prices
2438 3073 28 25 to
2477 3070 54 27 suit
2544 3069 48 28 the
2605 3068 91 29 times.

2096 3109 46 28 All
2166 3109 139 36 imported
2339 3109 85 35 goods
2453 3107 117 28 marked
2599 3107 30 27 in
2656 3105 76 37 plain

2358 3145 112 38 figures.

2133 3224 132 28 N.B.A
2276 3224 100 35 supply
2389 3224 30 27 of
2439 3222 89 28 North
2542 3222 104 27 British
2660 3222 73 27 Gum

2098 3263 86 28 Boots
2210 3262 55 28 and
2291 3262 70 28 Own
2386 3260 83 30 Make
2488 3259 182 37 Watertights
2695 3258 24 30 al-

2098 3311 75 26 ways
2186 3311 36 18 on
2235 3300 85 28 hand.

2135 3339 116 37 Repairs
2263 3337 142 40 promptly
2415 3337 131 29 executed
2558 3335 56 30 and
2625 3335 108 30 elastics

2099 3378 132 29 inserted.

2126 3454 71 29 Note
2211 3453 47 30 the
2269 3451 271 31 AddressJOHN
2561 3450 148 35 BROWN,

2100 3502 90 31 Boot
2213 3502 28 31 &
2267 3500 210 33 Shoemaker
2498 3498 28 33 &
2554 3499 180 39 Importer,

2164 3547 141 37 (Opposite
2319 3546 81 27 Bank
2412 3545 31 29 of
2453 3545 68 28 New
2534 3544 140 34 Zealand.)

2217 3626 188 39 JAMES
2444 3625 172 42 RYAN.

2102 3714 245 65 Q.ENERAL
2420 3712 314 65 gTOREKEEPER,

2250 3794 86 29 Cliff
2359 3793 120 34 Street,
2498 3792 87 28 Lyel.

2101 3924 92 29 Goods
2207 3923 133 38 carefully
2352 3921 106 38 packed
2471 3925 28 26 to
2512 3921 37 29 all
2561 3923 76 35 parts
2650 3920 29 29 of
2688 3920 47 29 the

2358 3961 116 29 district.

2117 4087 105 29 BANK
2241 4086 112 30 PRICE
2373 4085 120 31 GIVEN
2513 4085 74 29 FOR
2606 4084 110 30 GOLD.

2120 4166 359 39 WELCOME
2549 4165 167 45 INN,

2363 4224 105 28 Lyell.

2213 4302 154 31 ELLEN
2396 4300 233 32 WILLIAMS

2105 4352 62 30 TN
2190 4361 145 27 retaining
2352 4351 102 29 thanks
2472 4356 42 23 tor
2535 4360 62 27 pasi
2618 4349 118 33 favours,

2104 4380 35 32 -L
2176 4391 65 35 begs
2258 4396 28 22 to
2306 4391 101 26 inform
2424 4390 50 27 her
2491 4388 103 28 friends
2613 4388 56 27 and
2690 4388 47 27 the

2103 4429 91 36 public
2214 4429 60 28 that
2296 4427 48 30 she
2368 4428 51 29 has
2441 4427 57 37 just
2519 4426 155 37 completed
2693 4435 29 19 ex-

2105 4468 102 27 tensive
2227 4467 137 27 additions
2387 4467 55 27 and
2461 4466 160 27 alterations
2642 4469 27 23 to
2688 4464 49 27 her

2103 4505 141 37 premises,
2263 4504 56 29 and
2338 4504 46 28 the
2407 4503 208 29 accomodation
2633 4502 24 28 is
2675 4511 62 19 now

2321 4541 192 38 unsurpassed.

2104 4620 74 34 Ales,
2202 4619 104 33 Wines,
2329 4619 54 28 and
2406 4618 98 37 Spirits
2529 4617 30 29 of
2580 4617 157 30 First-class

2278 4658 112 36 Quality
2403 4657 65 35 only
2480 4657 74 36 kept.

2175 4735 78 29 Good
2271 4734 126 35 Stabling
2415 4732 254 30 Accommodation.

2279 4782 127 28 ELLEN
2430 4781 206 33 WILLIAMS,

2486 4819 219 26 Proprietress.

2927 2427 119 33 Public
3069 2429 151 32 Notices.

2761 2503 161 42 FERN
2969 2506 156 42 FL'AT
3170 2507 218 51 HOTEL,

2916 2567 127 30 UPPER
3071 2569 165 31 BULLER.

2759 2651 30 40 11
2803 2643 64 28 iHE
2881 2644 86 29 above
2980 2646 176 29 well-known
3172 2648 75 29 hotel
3266 2649 23 28 is
3311 2649 81 35 again

2766 2687 37 15 -*
2847 2682 88 30 under
2944 2684 47 28 the
3001 2690 195 32 management
3204 2686 29 29 of
3243 2687 45 28 Mr
3299 2687 94 30 Alfred

2759 2721 101 34 Smith,
2871 2722 47 28 the
2930 2723 101 29 former
3042 2726 159 34 proprietor.

2792 2796 93 38 Every
2898 2799 238 29 accommodation
3144 2799 55 29 and
3212 2801 182 29 convenience

2759 2835 40 28 for
2812 2835 140 30 travellers
2965 2836 120 30 between
3099 2839 47 29 the
3158 2839 78 29 West
3248 2840 83 28 Coast
3340 2841 55 27 and

2761 2874 111 34 Nelson,
2892 2875 151 37 Hampden
3066 2877 174 34 Matakitaki,
3263 2879 131 36 Glenroy,

2760 2912 116 32 Maruia,
2890 2914 54 26 aad
2956 2914 47 26 the
3017 2915 84 27 Owen
3114 2916 91 27 Reefs.

2761 2987 160 29 Newman's
2935 2989 90 36 Royal
3046 2990 70 28 Mail
3135 2990 71 30 Line
3226 2992 31 28 of
3274 2992 122 29 Coaches

2794 3026 81 28 make
2899 3027 57 28 this
2977 3027 138 38 hostelery
3134 3029 48 28 the
3203 3029 61 29 first
3284 3030 77 37 day's

2829 3069 75 33 stage
2916 3065 73 30 from
2999 3066 77 30 West
3083 3068 83 29 Coast
3175 3070 28 26 to
3214 3069 112 29 Nelson.

2794 3140 125 29 Tourists
2932 3150 52 19 can
2996 3141 33 29 be
3042 3142 131 37 provided
3186 3143 67 30 with
3264 3153 82 28 every
3356 3154 26 20 re-

2759 3178 156 38 quirement
2926 3181 42 28 for
2979 3181 113 37 visiting
3104 3182 47 29 the
3163 3182 77 31 lakes
3252 3183 56 30 and
3320 3194 56 27 mag-

2759 3218 113 28 nificent
2885 3219 183 36 surrounding
3079 3225 126 31 country.

2794 3255 105 37 Horses
2912 3256 55 28 and
2985 3257 146 36 equipages
3144 3267 16 20 a
3173 3258 152 38 speciality.

2941 3302 191 40 ALFRED
3154 3305 163 47 SMITH,

3194 3347 166 41 Proprietor.

3078 3535 170 21 WHOLESALE
3278 3536 55 20 AND

2763 3625 630 59 BUTCHERS.

2864 3720 115 31 Dealers
2991 3720 29 31 in
3033 3719 38 32 all
3083 3720 181 39 descriptions
3276 3720 31 31 of

2778 3770 106 28 FARM
2919 3770 79 27 AND
3035 3770 119 27 DAIRY
3190 3770 189 28 PRODUCE.

2762 3847 100 30 Hotels
2869 3848 56 28 and
2937 3848 132 28 Families
3076 3848 101 29 waited
3189 3857 37 19 on
3237 3847 42 29 for
3287 3846 109 31 Orders.

2796 3924 100 29 Orders
2916 3923 138 29 delivered
3072 3926 28 26 to
3123 3924 37 28 all
3180 3926 76 35 parts
3269 3933 16 19 o
3314 3924 49 28 the

3019 3963 125 29 District.

2934 4040 74 28 Note
3021 4039 49 29 the
3083 4039 123 29 Address

2780 4087 241 32 IS'WOLF
3092 4087 114 29 AND
3287 4076 20 46 C

2813 4127 74 28 Next
2909 4126 49 29 the
2982 4126 191 28 Government
3191 4126 155 37 Buildiugs,

2909 4165 86 27 Cliff
3015 4165 119 32 Street,
3152 4165 106 27 Lyell.

2842 4256 185 38 GEORGE
3058 4256 43 38 E.
3125 4256 192 46 LEVIEN,

2765 4318 123 30 Member
2898 4319 29 27 of
2933 4318 46 29 the
2987 4316 236 30 Pharmaceutical
3230 4318 107 36 Society
3342 4316 55 30 and

2850 4357 238 29 Pharmaceutical
3106 4358 166 28 Conference
3285 4356 30 30 of

2972 4396 84 28 Great
3074 4396 116 33 Britain,

2769 4452 203 62 SURGEON
3010 4451 174 33 DENTIST,
3215 4452 182 34 CHEMIST,

2927 4490 79 28 AND
3025 4489 204 34 DRUGGIST,

2979 4528 205 35 (REGISTERED.)

2766 4607 54 28 For
2832 4607 35 27 20
2878 4614 79 29 years
2974 4604 149 38 practising
3144 4605 30 28 in
3193 4603 204 38 Marlborough,

2766 4645 54 29 and
2833 4645 55 28 late
2901 4643 32 30 of
2951 4644 104 28 Nelson
3073 4643 129 35 districts,
3215 4644 23 27 is
3258 4653 62 20 now
3338 4653 45 28 pre-

2864 4683 83 37 pared
2960 4686 27 25 to
3002 4682 94 28 attend
3109 4683 128 35 patients,
3251 4683 55 27 and

2801 4740 72 29 CAN
2905 4740 51 28 BE
2987 4738 225 29 CONSULTED
3248 4738 117 29 DAILY

3067 4786 34 19 AT

2768 4819 99 26 Rooms
2890 4825 31 19 in
2945 4816 185 27 Commercial
3160 4815 111 32 Hotel,
3295 4815 102 28 Lyell.

2107 5078 37 26 m

2107 5109 36 79 3
2186 5117 79 66 K
2298 5117 23 63 1

2685 4973 130 40 TEY

2647 5112 669 68 :ATH!OK'S
3364 5096 37 87 I

2679 5711 151 41 THE
2905 5708 200 42 BEST

3596 181 119 30 Public
3738 181 152 30 Notices.

3620 264 248 27 NOTICE.

3425 338 39 29 To
3480 336 46 31 the
3540 337 172 32 inhabitants
3720 343 27 26 erf
3760 340 78 29 Lvell
3850 340 54 29 and
3914 340 130 29 surround-

3652 380 48 35 ing
3712 379 115 28 district.

3563 451 365 43 HENRYYOUNG

3572 515 28 25 to
3613 514 126 27 intimate
3758 514 60 27 that
3838 514 34 27 he
3897 513 109 27 intends
4031 517 28 23 to

3474 552 9 15 '
3523 555 68 24 start
3603 551 116 37 Baking,
3732 552 55 28 and
3800 552 36 36 by
3858 552 103 36 paying
3982 552 78 28 strict

3426 590 134 25 attention
3574 594 27 21 to
3615 589 43 26 his
3678 590 122 26 business
3821 595 28 22 to
3871 590 81 27 merit
3974 599 16 17 a
4008 590 52 26 fair

3427 623 79 32 share
3521 626 30 29 of
3559 630 122 35 support.
3718 627 58 31 The
3788 628 72 39 price
3873 628 55 29 will
3940 627 33 30 be

3524 684 77 50 4-lb.
3624 686 146 39 LOAF
3829 710 14 6 -
3899 686 61 50 gd.

3462 776 38 29 H.
3519 777 132 30 YOUNG
3664 778 109 30 intends
3787 784 28 24 to
3828 780 99 37 supply
3940 779 47 29 the
3994 787 67 29 very

3428 815 58 29 best
3498 817 106 35 quality
3614 818 31 26 of
3654 818 90 28 bread.
3780 820 24 25 A
3812 820 74 33 large
3896 823 166 23 assortment

3428 853 30 27 of
3479 854 81 27 small
3584 855 85 34 goods
3698 855 80 28 made
3808 865 82 26 every
3912 856 147 35 Saturday.

3430 891 123 37 Nothing
3573 892 51 29 but
3643 892 47 30 the
3714 893 58 28 best
3796 895 167 35 ingredients
3984 895 77 31 used,

3428 930 55 27 and
3496 931 162 37 everything
3671 932 59 28 sold
3742 937 29 23 at
3782 933 141 36 Westport
3935 933 97 36 prices.

3429 1015 196 27 CHRISTENING,
3657 1016 142 27 WEDDING,
3829 1018 56 19 AND
3921 1015 142 21 BIRTHDAY

3513 1055 87 19 CAKES
3618 1055 77 19 MADE
3713 1056 36 20 ON
3767 1056 56 19 THE
3841 1056 141 20 SHORTEST

3617 1093 130 21 POSSIBLE
3766 1094 110 21 NOTICE.

3462 1163 71 28 Note
3547 1164 47 27 the
3606 1165 154 27 Address

3429 1213 111 56 ALL
3560 1214 241 56 NATIONS
3831 1213 232 57 BAKERY

3498 1283 140 36 (Opposite
3650 1284 28 26 J.
3693 1284 88 36 Ryan,
3796 1284 195 37 Storekeeper.)

3537 1365 178 42 JAMES
3763 1367 188 49 INGLIS,

3433 1483 310 36 QHAREBROKER
3773 1487 21 26 &
3824 1486 237 30 COMMISSION

3643 1617 206 34 AGENT,

3504 1748 115 29 Cliff
3656 1749 159 34 Street,
3851 1750 141 28 Ltell.

3446 1838 128 38 POST
3616 1836 194 41 OFFICE
3853 1839 190 44 HOTEL,

3630 1897 225 29 LYELI.

3475 1989 226 43 PETER
3730 1992 282 42 MANGOS

3427 2053 143 69 BEGS
3589 2058 29 24 to
3631 2055 102 28 inform
3753 2055 45 28 his
3815 2056 104 27 triends
3940 2056 56 27 and
4015 2056 49 28 the

3530 2092 93 36 public
3644 2093 63 28 that
3730 2093 45 27 his
3794 2103 61 18 new
3874 2093 188 28 commodious

3598 2130 87 29 Hotel
3697 2132 24 27 is
3733 2140 63 19 now
3809 2141 81 27 open.

3425 2168 153 28 Travellers
3598 2169 54 27 and
3670 2170 110 26 visitors
3798 2173 29 24 to
3846 2170 56 27 this
3920 2170 133 28 establish

3459 2209 79 27 ment
3549 2206 57 30 will
3617 2206 59 30 find
3688 2207 73 29 their
3770 2207 119 30 comfort
3897 2207 55 29 and
3965 2217 48 20 con-

3494 2245 131 28 venience
3636 2246 168 35 thoroughly
3813 2246 131 28 attended
3956 2251 38 23 to.

3426 2283 58 29 The
3497 2282 148 30 bedrooms
3666 2293 46 19 are
3722 2285 79 35 lofty,
3815 2284 56 28 and
3883 2285 64 27 well
3959 2285 106 36 lighted

3628 2323 57 28 and
3704 2323 160 28 ventilated.

3461 2398 206 28 Comfortable
3697 2398 128 28 Parlors
3852 2407 56 19 and
3928 2399 87 28 First-

3645 2445 82 21 class
3745 2437 105 29 Table.

3445 2476 59 26 One
3527 2475 31 27 of
3575 2476 129 27 Alcock's
3716 2476 80 27 Prize
3808 2476 118 28 Billiard
3938 2476 107 28 Tables.

3428 2552 58 28 The
3500 2553 57 27 Bar
3568 2553 24 27 is
3605 2553 113 28 stocked
3728 2553 68 27 with
3809 2553 74 33 Ales,
4012 2554 56 28 and

3481 2591 98 36 Spirits
3592 2592 30 27 of
3638 2591 168 36 guaranteed
3824 2591 102 28 brands
3939 2593 75 35 only.

3462 2629 24 27 A
3504 2629 144 28 first-class
3670 2629 183 28 sixteen-stall
3866 2629 88 28 stable
3966 2631 75 27 iscon-

3428 2666 100 29 nected
3539 2666 69 29 with
3622 2667 57 28 this
3693 2667 86 28 hotel.

3681 2706 128 28 PETER
3832 2706 167 31 MANGOS,

3867 2746 156 31 Proprieor.

3559 2843 122 32 JOHN
3714 2843 228 40 FENNELL,

3435 2907 60 58 Q.
3505 2907 93 27 ENE
3608 2907 59 27 RA
3675 2907 23 27 L
3755 2907 314 59 gTOREKEEPER.

3519 2991 86 30 Wine
3622 3000 57 19 and
3699 2991 95 29 Spirit
3817 2992 172 29 Merchant.

3469 3104 103 35 Money
3591 3103 104 37 always
3715 3104 30 27 in
3766 3104 77 27 hand
3862 3104 43 27 for
3923 3104 114 36 cashing

3689 3141 128 37 cheques.

3467 3254 110 29 Liberal
3591 3253 135 29 advances
3739 3254 81 28 made
3837 3263 35 20 on
3886 3254 107 38 parcels
4006 3255 32 28 of

3648 3294 119 27 retorted
3780 3293 73 32 gold.

3577 3387 80 37 Cliff
3674 3388 122 44 Street,
3821 3388 109 47 Lyell.

3808 3619 148 35 LYELL.

3530 3762 204 39 JAMES
3785 3761 184 44 EDGE,

3804 3848 80 28 AND
3928 3847 143 28 RETAIL

3582 3924 339 33 BUTCHER.

3434 4037 99 29 Hotels
3546 4036 55 29 and
3613 4035 132 29 Families
3764 4033 101 30 waited
3886 4043 37 20 on
3935 4034 84 36 Daily
4030 4034 42 29 for

3698 4072 111 31 Orders.

3486 4189 77 28 Meat
3575 4185 147 31 Delivered
3740 4190 27 24 to
3781 4186 37 27 all
3837 4188 76 34 parts
3925 4186 28 28 of
3974 4185 46 28 the

3691 4223 127 30 District.

3435 4331 120 33 NEW
3599 4329 155 33 CHUM
3793 4326 278 39 BUTCHERY,

3503 4385 129 34 Opposite
3642 4381 153 29 Alhambra
3805 4381 94 31 Hotel,
3913 4381 88 35 Lyell.

3436 4485 291 63 JPOUNDED
3780 4484 72 40 ON
3911 4484 156 40 FACT!

3470 4626 43 29 Ist
3532 4625 85 37 lady:
3653 4623 101 29 Where
3778 4622 35 30 do
3843 4630 54 29 you
3926 4625 46 33 get
4001 4630 70 28 your

3436 4666 116 35 drapery
3570 4673 71 23 now,
3655 4663 79 33 Mary
3747 4663 13 27 ?

3469 4703 59 28 2nd
3552 4702 86 36 lady:
3675 4701 84 35 Why,
3790 4702 29 25 at
3848 4699 47 28 the
3925 4699 82 27 Hall
4036 4705 35 20 of

3437 4742 166 32 Commerce,
3617 4739 110 28 Nelson.

3471 4783 43 26 Ist
3528 4780 85 36 lady:
3651 4779 72 27 How
3741 4775 163 36 beautifully
3921 4776 61 28 that
3996 4775 75 29 dress

3437 4819 46 27 fits
3495 4826 54 27 you
3561 4818 5 26 !
3605 4816 99 28 Where
3715 4824 57 18 was
3785 4814 60 27 that
3864 4814 78 26 made
3953 4814 13 26 ?

3471 4856 57 29 2nd
3541 4854 86 37 lady:
3664 4854 37 27 At
3712 4852 34 28 E.
3759 4852 28 28 J.
3800 4851 128 29 Warner
3945 4852 21 27 &
3987 4851 84 33 Co.'s,

3437 4895 47 27 the
3498 4894 82 26 Hall
3592 4900 33 20 of
3638 4892 163 27 Commerce.

3472 4933 44 26 Ist
3529 4931 65 35 lady
3609 4938 8 19 :
3655 4929 73 27 How
3740 4936 63 19 ever
3815 4927 45 27 did
3874 4927 66 34 they
3953 4935 117 27 manage

3439 4973 28 24 to
3479 4969 32 28 fit
3518 4976 56 28 you
3582 4976 29 19 so
3621 4966 89 35 nicely
3723 4967 14 26 ?
3772 4965 80 28 Were
3862 4972 56 28 you
3927 4964 144 29 measured

3439 5008 40 28 for
3491 5007 23 28 it
3524 5007 13 27 ?

3472 5044 57 28 2nd
3542 5043 65 35 lady
3618 5052 9 18 :
3665 5042 43 27 No
3719 5041 7 27 !
3763 5040 15 27 I
3792 5039 101 36 simply
3912 5044 61 23 sent
3994 5040 77 28 them

3438 5092 36 19 an
3486 5081 46 29 old
3545 5080 73 37 body
3631 5079 60 28 that
3712 5078 78 28 fitted
3803 5086 54 24 me,
3870 5077 42 28 for
3923 5087 16 18 a
3952 5080 118 34 pattern,

3438 5121 67 27 with
3519 5120 47 25 the
3580 5118 94 35 length
3689 5117 30 26 of
3728 5117 46 27 the
3787 5115 77 28 skirt..

3471 5158 44 27 Ist
3528 5155 66 37 lady
3605 5164 8 19 :
3651 5155 54 28 Did
3723 5162 56 29 you
3791 5159 43 31 get
3848 5153 60 28 that
3919 5156 91 34 pretty
4023 5153 49 28 hat

3437 5196 76 29 there
3526 5195 56 28 also
3593 5195 13 27 ?

3471 5233 57 28 2nd
3541 5233 66 35 lady
3618 5241 9 18 :
3664 5232 64 32 Yes,
3741 5230 55 28 and
3812 5239 133 27 everyone
3967 5230 45 38 say
4027 5230 45 38 3it

3438 5275 67 27 suits
3518 5280 44 20 me
3575 5280 30 19 so
3617 5269 79 30 well!

3473 5314 43 26 Ist
3541 5310 86 35 lady:
3677 5309 72 27 How
3773 5307 35 29 do
3831 5317 56 26 you
3912 5307 67 28 send
4002 5317 69 27 your

3439 5350 92 28 orders
3545 5353 26 23 to
3585 5349 75 27 them
3672 5348 13 26 ?
3722 5347 43 27 Do
3778 5347 66 34 they
3852 5345 65 28 send
3928 5350 120 31 patterns
4060 5348 10 25 ?

3474 5387 57 29 2nd
3544 5387 66 36 lady
3622 5396 9 18 :
3670 5385 52 28 Yes
3736 5385 6 28 !
3780 5385 14 27 I
3808 5383 61 37 pick
3882 5389 47 23 out
3942 5383 46 28 the
3998 5383 74 30 color

3442 5427 14 27 I
3468 5427 116 34 require,
3598 5425 53 27 and
3665 5424 65 34 they
3744 5423 80 26 make
3833 5423 20 26 it
3861 5423 29 26 in
3904 5432 15 17 a
3932 5422 49 27 few
3995 5422 76 34 days.

3475 5466 43 27 Ist
3531 5463 65 37 lady
3608 5472 9 19 ;
3654 5463 53 26 Are
3718 5461 65 37 they
3794 5459 156 28 reasonable
3960 5461 29 26 in
4001 5460 71 27 their

3441 5504 137 32 charges'?

3474 5543 57 27 2nd
3557 5541 85 35 lady:
3679 5540 63 29 Yes,
3767 5548 74 25 very.
3878 5538 14 26 I
3917 5538 57 26 find
3996 5538 76 28 them

3442 5579 188 34 considerably
3651 5578 115 35 cheaper
3787 5577 67 27 than
3876 5585 54 27 any
3952 5576 84 28 house
4060 5576 12 27 I

3444 5620 68 27 have
3526 5627 62 19 ever
3602 5617 72 27 dealt
3688 5615 73 27 with.

3477 5659 42 27 Ist
3544 5656 85 36 lady:
3674 5655 71 27 How
3770 5653 73 28 nice!
3882 5653 84 28 lam
3992 5653 80 28 much

3443 5696 106 33 obliged
3564 5703 26 19 to
3603 5703 71 27 you;
3693 5693 63 28 and.
3771 5703 29 18 as
3816 5693 11 26 I
3848 5702 105 27 roqu.re
3976 5704 15 16 a
4014 5693 58 28 nice

3443 5741 120 20 costume
3585 5734 54 25 and
3662 5733 46 26 lmt
3731 5733 39 25 for
3792 5733 45 24 the
3860 5738 105 19 winter,
3982 5732 10 25 I
4019 5731 53 26 will

3443 5771 132 36 certainly
3599 5769 66 28 send
3686 5769 77 27 them
3785 5768 46 27 the
3852 5768 78 27 older
3952 5768 35 35 hy
4010 5775 62 20 next

3443 5811 92 29 coach.
3573 5809 77 29 Gou.l
3664 5808 59 28 lv2.
3740 5808 87 29 Murv.
3841 5808 67 31 gooJ
3925 5808 59 29 bve.
