2540 4020
536 614 127 32 PORT
686 612 283 37 NICHOLSON,
992 606 301 36 WEDNESDAY
1315 607 235 40 MORNING,
1573 611 265 31 NOVEMBER
1862 616 50 33 30,
1936 616 87 29 1842.

2232 616 98 39 [Vol.
2352 616 67 31 111.

1227 58 97 31 THE

64 114 470 130 NEW
598 109 884 137 ZEALAND
1588 114 840 135 GAZETTE

64 249 2364 118 AND

64 367 1125 118 WELLINGTON
1302 367 1126 118 SPECTATOR.

586 499 218 38 PUBLISHED
849 498 131 37 EVERY
1022 494 253 39 WEDNESDAY
1318 494 88 37 AND
1451 496 224 37 SATURDAY
1719 498 202 36 MORNING.

83 621 61 30 No.
162 617 82 39 i9B.]

193 710 60 20 For-
258 708 119 20 London
386 706 99 24 'direct,

143 751 5 5 -
162 745 28 19 To
204 743 40 20 sail
263 742 35 20 the
313 741 40 20 end
367 740 26 25 of
403 740 120 24 November,

202 778 92 29 npHE
318 776 51 22 well
388 776 78 21 known
490 774 43 22 fast

74 796 107 39 Jgj^gk
209 796 29 31 JL
289 804 84 26 barque
408 802 110 26 Clydeside,

215 832 86 22 Adams
312 829 147 22 commander.
488 828 54 21 This
550 827 45 21 will
604 827 27 20 be

51 851 145 36 g&ffjggffMjg.
215 859 36 21 the
267 858 49 22 first
331 856 30 21 oil
379 856 47 26 ship
435 855 44 22 this
491 861 84 18 season,
587 853 45 21 and

216 893 24 14 as
258 888 50 24 part
327 882 26 22 of
369 882 39 21 her
426 889 65 19 cargo
508 881 19 20 is
542 879 90 26 already

179 930 4 5 ,
218 910 106 28 engaged,
341 908 96 28 shippers
446 908 50 25 will,
508 907 88 26 require
610 909 22 18 to

51 940 66 22 make
137 940 60 25 early
216 937 139 29 application.
393 934 45 23 Tlie
459 934 105 26 Clydeside
581 931 49 27 will,

46 966 157 27 immediately
213 973 28 14 on
251 962 141 28 discharging
404 962 39 21 her
459 967 65 19 cargo
533 967 23 13 111
565 960 68 22 .Lon-

54 994 50 26 don,
114 1000 92 20 prepare
217 995 21 18 to
254 995 78 18 return
347 992 23 17 to
385 988 52 21 New
453 988 106 20 Zealand,
590 988 42 18 bhe

51 1020 45 22 will
112 1019 110 22 therefore
238 1017 69 22 afford
322 1023 30 15 an
369 1014 108 21 excellent
494 1014 138 25 opportunity

50 1047 35 21 for
102 1045 70 28 goods
191 1044 101 27 required
309 1046 23 18 at
347 1041 38 20 the
404 1039 94 22 earliest-
508 1039 76 25 period
604 1039 29 24 by

43 1073 89 25 .parties
143 1072 59 24 here,
211 1070 48 22 who
269 1076 37 14 are
317 1065 115 28 requested
440 1068 23 18 to
473 1065 92 21 instruct
575 1064 58 20 their

49 1102 79 24 agents
138 1097 44 22 and
190 1095 85 22 friends
285 1098 23 18 at
317 1094 99 21 home-to
425 1091 50 26 give
482 1091 43 20 this
532 1091 100 19 Colonial

50 1126 74 22 trader
143 1123 36 22 the
197 1122 129 28 preference
343 1126 28 14 on
388 1117 30 22 all
435 1124 119 15 occasions.
590 1117 43 20 For

49 1151 82 27 freight
141 1157 24 14 or
173 1155 99 22 passage,
283 1147 66 27 apply
360 1149 23 18 to

365 1178 82 21 Waitt
462 1176 45 22 and
520 1175 86 22 Tyser.

77 1216 144 26 Wellington,
233 1213 96 22 October
340 1214 34 25 11,
386 1213 58 21 1842.

197 1263 51 21 For
263 1261 107 21 Nelson
385 1260 101 20 Haven.

213 1290 91 32 np'HE
328 1293 46 21 fine
392 1293 42 21 fast
454 1290 79 27 sailing
552 1290 83 27 barque

64 1313 110 38 /^|ffil
220 1313 27 30 X
289 1321 79 24 George
382 1319 58 26 Fyfe,
458 1319 52 24 Al,
525 1319 40 19 460
578 1320 57 22 tons,

75 1340 130 38 Jm*Jhß^
228 1348 87 26 George
339 1346 55 22 Pike
419 1343 148 26 commander,
593 1343 44 21 will

225 1373 116 28 positively
348 1373 42 21 sail
395 1379 26 15 on
429 1371 37 21 the
476 1370 45 22 2nd
529 1370 99 27 proximo

57 1397 150 35 SgßSgp
253 1400 45 22 For
306 1399 83 26 freight
397 1406 24 14 or
428 1404 98 21 passage,
539 1397 66 26 apply
617 1399 20 18 to

185 1421 19 16 Sf
227 1427 36 22 the
275 1425 143 23 commander
427 1432 29 14 on
467 1423 76 26 board,
553 1430 25 14 or
587 1425 23 19 to

235 1463 133 25 RIDGWAYS,
385 1461 103 25 GUYTON,
505 1467 45 14 AND
565 1460 72 21 EARP.

84 1497 127 22 November
223 1497 31 23 29,
266 1495 61 20 1842.
539 1503 10 12 -,

165 1539 166 27 Survey-office,
342 1538 55 21 New
407 1536 99 23 Zealand
517 1536 119 27 Company,

245 1566 145 26 Wellington,
401 1564 48 21 Oct.
459 1564 20 26 7,
491 1564 59 21 1842.

57 1596 52 34 ■\t
111 1601 92 22 OTICE
217 1600 27 22 Is
260 1597 129 23 HEREBY
404 1595 106 27 GIVEN,
532 1595 48 21 that
601 1595 37 21 the

57 1620 43 31 J^l
139 1628 97 25 Country
245 1625 66 23 Land
321 1632 50 14 now
380 1623 71 22 under
460 1630 80 19 survey
550 1622 47 21 will
610 1622 27 20 be

57 1655 86 21 thrown
154 1661 55 20 open
219 1653 32 21 for
266 1651 107 23 selection
388 1650 35 21 for
438 1649 42 22 the'
492 1648 147 28 Preliminary

58 1681 109 26 Sections?
183 1683 22 19 at
223 1682 88 24 present
328 1677 124 26 remaining
470 1676 122 26 unchosen,
611 1682 28 14 on

58 1708 106 26 Monday,
175 1707 37 21 the
223 1709 32 19 Ist
264 1706 108 25 January,
385 1705 57 24 1843,
462 1703 43 21 and
524 1702 115 26 following

59 1735 52 28 days
111 1746 28 4 —
141 1733 152 26 commencing
303 1735 22 17 at
341 1733 24 19 11
382 1738 58 18 a.m.,
458 1729 44 21 and
519 1729 83 26 closing
617 1733 23 16 at

57 1763 15 20 4
80 1769 61 20 p.m.,
152 1759 113 30 preciselj,
277 1758 45 22 and
331 1758 67 25 being
408 1764 22 14 as
439 1756 86 22 follows
532 1764 5 13 :
539 1767 28 4 —
574 1773 5 4 .

480 1790 34 16 No.
525 1790 21 16 of
558 1789 80 17 Sections

488 1811 59 16 ■under
553 1810 74 20 Survey.

86 1843 112 22 District
208 1848 26 14 of
240 1847 44 15 the
292 1839 103 24 Ohariu,
401 1837 36 21 the
444 1836 101 22 Sections

113 1877 37 14 are
160 1867 92 23 situated
266 1867 25 21 in
308 1865 37 21 the
355 1864 78 27 valley,
452 1863 93 27 parallel

110 1896 55 21 with
183 1895 48 21 that
248 1893 67 26 given
336 1894 39 18 out
393 1895 23 17 at
437 1890 38 21 the
499 1889 44 21 last

111 1922 112 25 selection,
235 1919 43 23 and
289 1917 106 28 comprise
405 1920 21 18 at
433 1916 68 22 least.
508 1931 33 5 ...
584 1917 29 19 44

94 1949 79 26 [Plans
183 1953 55 21 open
251 1946 35 20 for
299 1943 124 27 inspection
432 1945 24 18 at
464 1943 37 20 the
513 1942 88 25 Office.]

85 1983 112 20 District
212 1987 26 13 of
253 1985 45 14 the
314 1977 69 21 Hutt
572 1976 40 20 100

110 2008 47 21 The
176 2006 98 22 Sections
293 2010 37 15 are
352 2002 45 21 laid
411 2004 36 18 out
464 2004 23 18 at
505 2001 38 21 the

110 2041 69 21 upper
188 2035 49 25 part
242 2031 24 21 of
275 2030 37 21 the
321 2029 65 25 river,
395 2028 42 22 and
446 2035 37 14 are
492 2035 53 14 con-

110 2060 82 23 nected
205 2055 56 25 'with
284 2057 62 20 those
371 2055 89 26 already
477 2055 67 26 given

112 2091 45 18 out.
186 2086 66 22 Plans
261 2087 23 18 to
293 2083 28 21 be
331 2082 68 27 ready
409 2083 32 20 Ist
448 2081 97 22 Decem-

111 2115 47 26 ber,
171 2114 59 21 1842.

87 2149 111 22 District
209 2153 26 14 of
244 2145 104 23 Horoki,
361 2142 119 26 extending
489 2142 54 21 from

113 2182 54 14 near
177 2172 88 23 Section
275 2173 33 24 10,
319 2170 114 26 Kinapora
444 2168 99 26 District,

112 2200 94 23 towards
228 2198 37 22 the
289 2199 62 19 coast
374 2199 23 18 at
420 2195 126 22 Wai-kanai

111 2227 107 28 probably
574 2222 40 21 150

101 2255 80 28 [Plans
191 2257 21 17 to
221 2253 27 21 be
258 2250 71 27 ready
339 2251 33 20 Ist
383 2249 129 25 December,
525 2250 73 26 1542.J
612 2260 5 2 -

87 2290 112 22 District
228 2293 25 14 of
287 2285 83 21 Loury
402 2283 57 26 Bay,
495 2282 52 22 Port

113 2314 121 23 Nicholson
456 2324 5 5 •
600 2309 13 20 5

217 2351 8 8 >
232 2338 78 28 [Plans
320 2344 51 15 now
381 2335 87 28 ready,]

85 2377 112 24 Porirua,
210 2374 131 25 Kinapora,
350 2370 132 27 andsundry
487 2372 59 25 parts

112 2402 85 22 around
207 2401 52 21 Port
268 2398 124 23 Nicholson
587 2398 27 20 18

99 2430 79 27 [Plans
187 2431 22 19 to
218 2428 27 21 be
254 2425 70 28 ready
335 2427 34 19 Ist
381 2424 132 26 November,
525 2424 74 26 1842.J

85 2458 113 21 District
208 2462 27 14 of
244 2454 149 23 Manawatu,
401 2450 36 22 the
447 2450 99 22 Sections

112 2482 83 23 extend
223 2481 66 25 along
317 2479 38 21 the
378 2477 57 22 bank
459 2477 25 21 of
508 2477 38 21 the

111 2510 70 22 River
190 2508 68 22 above
270 2507 61 21 those
342 2505 66 27 given
419 2507 37 18 out
470 2507 23 18 at
509 2504 37 21 the
573 2521 3 4 .

110 2537 45 21 last
168 2534 112 27 selection,
299 2533 82 21 thence
398 2534 22 18 to
439 2531 38 21 the
496 2530 50 22 hills

111 2563 44 22 and
165 2561 107 28 comprise
289 2562 24 19 at
327 2559 58 21 least
572 2559 42 20 300

103 2591 79 26 [Plans
193 2592 21 18 to
225 2589 26 20 be
261 2586 69 27 ready
340 2587 34 20 Ist
383 2585 129 25 December,
524 2584 73 27 1842.]

85 2623 48 22 The
144 2620 63 23 Field
219 2620 60 21 Plots
288 2625 53 20 may
353 2617 29 21 be
395 2624 50 14 seen
464 2620 23 17 at
499 2616 37 21 the
551 2618 91 25 present

59 2650 52 22 time
122 2652 23 19 at
154 2648 37 21 the
201 2648 83 24 Survey
296 2644 97 22 Stations
408 2643 24 21 of
443 2643 37 21 the
497 2643 86 21 several
597 2643 44 21 dis-

59 2677 61 21 tricts
129 2672 151 30 respectively.
616 2676 3 3 '

87 2704 27 21 In
124 2702 64 22 order
197 2704 22 18 to
229 2697 166 24 accommodate
404 2697 36 21 the
449 2697 90 21 holders
549 2697 25 21 of
581 2697 61 26 early

61 2730 93 25 choices,
166 2728 165 25 arrangements
340 2724 57 21 have
412 2724 58 21 been
484 2723 64 21 made
558 2723 36 21 for
604 2723 38 21 the

59 2760 65 24 party
133 2754 124 29 possessing
273 2752 38 21 the
327 2751 50 21 first
386 2749 63 22 order
465 2750 26 20 of
498 2749 83 27 choice,
593 2757 49 14 suc-

59 2782 108 26 cessively
175 2780 91 25 making
282 2777 59 22 their
355 2776 104 22 selection
469 2779 23 18 at
506 2776 38 21 the
558 2777 83 26 Survey

61 2810 71 22 Office
143 2815 24 15 as
176 2813 54 16 soon
240 2813 23 14 as
272 2805 38 20 the
320 2803 69 22 Plans
398 2810 35 14 are
442 2802 75 27 ready;

303 2836 94 22 Samuel
412 2835 105 22 Charles
532 2834 84 27 Brees,

403 2860 239 28 Principal-Surveyor.

59 2912 63 26 Ship
131 2910 15 22 '
146 2910 75 22 Hotel
235 2909 19 20 &
269 2909 116 23 Tavern,
399 2907 128 20 Manners
543 2906 95 25 Street,

208 2942 40 22 BY
263 2940 87 23 JOHN
364 2939 128 27 FULLER,

61 2978 80 25 wine's,
153 2981 94 20 spirits,
258 2980 47 14 and
315 2979 62 15 malt
387 2979 95 15 liquors
493 2979 27 14 of
530 2979 113 14 superior

298 3006 109 24 QUALITY^
555 3012 4 8 >

134 3026 155 24 Commodious
298 3033 74 14 rooms
383 3025 49 21 with
441 3025 57 27 good
506 3025 62 21 beds.

87 3062 93 20 Dinners
197 3060 37 25 got
253 3058 65 25 ready
338 3064 26 14 on
383 3058 35 20 the
428 3058 92 20 shortest
539 3058 75 20 notice.

143 3101 30 15 AN
183 3099 118 16 ORDINARY
311 3099 71 15 DAILY
392 3099 27 14 AT
427 3093 15 20 2
459 3092 101 21 O'CLOCK.

59 3143 186 51 WILLIAM
262 3142 108 22 ALLEN
391 3141 141 29 respectfully
549 3142 95 21 informs

156 3170 38 23 the
202 3170 138 21 inhabitants
355 3169 26 21 of
392 3168 51 23 Port
453 3168 129 27 Nicholson,
595 3168 48 22 that

61 3199 28 21 he
105 3198 42 22 has
166 3196 90 23 entered
274 3196 48 21 into
342 3199 164 23 arrangements
525 3195 57 22 with'
597 3195 46 22 MrT

61 3226 61 21 Watt
130 3225 35 22 for
174 3232 14 14 a
197 3223 87 28 regular
293 3222 80 28 supply
383 3222 25 22 of
420 3222 57 26 beef,
487 3225 94 24 mutton,
594 3222 47 27 &c,

59 3252 72 22 which
141 3252 45 22 will
196 3250 79 23 enable
284 3250 48 21 him
343 3253 22 18 to
376 3249 40 22 sell
428 3252 23 19 at
466 3249 98 24 reduced
571 3249 72 27 prices

61 3279 34 21 for
103 3279 70 27 ready
183 3285 82 19 money
276 3276 61 28 only.

85 3306 35 21 W.
131 3306 29 22 A.
169 3306 56 26 begs
232 3304 48 22 that
289 3304 30 21 all
334 3302 143 28 outstanding
485 3302 157 32 acpourits'due

58 3335 23 19 to
90 3332 47 22 him
146 3340 51 19 may
207 3332 27 21 be
243 3330 81 23 settled
332 3329 119 27 forthwith,
463 3337 23 14 as
496 3329 35 22 his
544 3330 99 22 business

59 3360 42 21 will
111 3360 24 21 in
144 3360 73 20 future
226 3358 28 22 be
265 3356 127 23 conducted
397 3356 73 22 under
480 3356 94 23 another
583 3356 57 22 firm.

87 3393 102 27 October,
201 3393 60 21 1842.
289 3401 3 4 •
496 3390 15 4 ~
510 3386 4 15 :
512 3389 13 17 ?

199 3436 144 23 CHARLES
358 3434 140 28 HARVEY,
557 3452 4 3 .
609 3455 2 5 ,

261 3469 104 25 Tailor,
380 3468 52 25 &c,

184 3503 114 27 Adjoining
310 3504 73 19 Kurnu
398 3503 51 20 Toto
463 3501 55 27 Pah,

220 3537 22 25 'M
271 3544 157 19 WELLINGTON,
461 3555 2 6 ,
481 3557 6 4 .

61 3570 104 50 BEGS
180 3573 22 18 to
218 3572 76 19 return
310 3568 83 23 thanks
409 3572 22 20 to
447 3568 39 22 the
501 3570 81 25 gentry
597 3567 45 22 and

132 3596 76 28 public
219 3596 22 21 of
249 3595 58 22 New
317 3595 100 22 Zealand
425 3596 34 21 for
466 3595 38 22 the
512 3595 97 27 support'
613 3593 28 23 he

59 3622 39 23 has
113 3622 103 23 received
229 3622 58 22 from
303 3621 62 22 them
378 3622 69 26 since.
452 3622 30 23 he
497 3621 145 22 commenced

59 3650 106 27 business,
183 3649 44 22 and
245 3649 28 22 he
291 3655 87 15 assures
392 3649 60 22 them
468 3649 50 22 that
532 3649 18 21 it
569 3655 19 14 is
607 3648 34 21 his

59 3676 109 23 intention
178 3680 23 19 to
210 3676 105 22 continue
324 3674 36 23 his
375 3679 57 18 most
446 3679 118 20 strenuous
578 3682 54 15 exer
637 3687 5 3 •

60 3703 57 22 tions
127 3707 23 20 to
159 3703 66 22 merit
233 3710 13 15 a
255 3702 149 22 continuance
414 3703 24 22 of
444 3703 59 22 their
510 3706 130 24 patronage.

87 3730 23 22 C.
120 3731 30 22 H.
160 3730 61 22 takes
237 3729 43 22 this
301 3729 142 28 opportunity
458 3730 26 21 of
494 3730 82 26 stating
593 3729 48 22 that

59 3756 33 22 his
101 3758 63 22 stock
174 3756 91 23 consists
275 3756 27 21 of
313 3763 14 14 a
335 3755 152 29 good-variety
497 3757 26 22 of
528 3756 112 28 superfine

60 3783 76 29 cloths,
147 3784 108 26 doeskins,
271 3783 91 25 tweeds,
377 3782 126 28 moleskins,
513 3783 125 26 velveteen,

59 3810 54 26 pilot
128 3810 67 27 cloth,
203 3810 41 25 ,&c.
254 3810 50 26 &c,
319 3809 46 22 and
378 3809 35 23 his
425 3809 90 28 charges
527 3810 46 27 (foy
591 3811 49 20 cash

59 3838 55 25 only)
125 3837 120 22 moderate.
365 3854 5 9 s
642 3843 7 13 r

59 3881 136 51 BLANK
218 3881 139 22 PRINTED
380 3880 208 29 INDENTURES,
610 3890 28 15 on

132 3915 68 21 paper
218 3907 44 25 and
281 3907 145 28 parchment,-
440 3908 35 22 for
492 3905 46 26 sale
555 3913 24 17 at
602 3909 38 22 the

831 701 76 20 Meat
928 701 147 24 Company.

664 733 88 50 THE
773 731 243 28 UNDERSIGNED?
1027 731 81 27 having
1127 732 56 21 been
1205 739 36 20 ap-

734 760 91 28 pointed
841 760 109 26 Manager
959 759 26 21 of
998 759 36 21 the
1048 759 62 21 Meat
1119 758 120 27 Company,

664 788 49 26 begs
723 790 22 18 to
755 793 117 15 announce
883 786 75 28 tha#?a
968 785 87 26 regular
1064 784 77 27 supply
1150 785 24 20 of
1183 784 56 25 beef,

664 817 89 23 mutton,
775 813 46 22 and
837 813 55 27 pork
909 820 51 19 may
980 812 80 26 always
1079 811 27 21 be
1127 807 120 33 depended;

664 847 57 20 upon
733 844 22 17 at
766 840 44 21 this
821 839 170 22 establishment.

689 867 31 21 As
745 867 43 20 this
813 866 113 27 Company
946 871 93 25 puposes
1064 861 77 28 selling
1160 866 23 18 at
1206 863 35 21 the

664 893 75 21 lowest
746 893 73 26 prices
829 896 22 17 at
866 891 73 22 which
948 896 17 16 it
978 898 18 13 is
1006 889 69 21 found
1084 889 36 21 the
1131 892 59 18 meat
1203 896 39 14 can

664 919 25 21 be
700 919 107 26 afforded,
818 918 36 21 the
865 916 148 27 undersigned
1022 916 18 20 is
1054 915 51 26 only
1116 915 125 22 authorized

664 949 20 17 to
695 946 50 25 give
750 952 55 18 very
811 944 85 21 limited
906 941 129 27 credit,'and
1042 941 38 22 has
1086 943 55 20 been
1152 942 91 21 ordered

664 974 21 18 to
701 975 47 22 stop
764 971 31 20 all
809 973 103 18 accounts
927 969 72 21 which
1013 975 37 14 are
1065 971 40 18 not
1118 968 52 27 paid
1184 976 58 19 upon

664 997 100 21 demand.

689 1023 47 21 The
746 1022 100 21 business
857 1021 25 21 of
890 1021 36 22 the
938 1021 112 26 Company
1059 1021 18 21 is
1087 1021 84 21 carried
1181 1028 28 14 on
1219 1021 23 21 in

664 1049 55 21 their
734 1056 49 14 new
799 1048 107 27 building,
919 1048 86 21 erected
1022 1048 99 21 between
1140 1047 102 22 France's

664 1075 66 21 Hotel
750 1075 43 21 and
814 1074 36 22 the
869 1075 57 21 head
945 1075 24 21 of
984 1075 36 21 the
1035 1074 55 27 Bay,
1108 1074 45 21 and
1167 1074 76 26 nearly

664 1102 96 27 opposite
772 1105 22 18 to
805 1101 44 22 Mr.
861 1101 83 27 Lyon's
954 1101 68 21 Store.
1040 1108 6 5 v

934 1134 35 21 W.
984 1134 99 27 Flygeb,
1100 1134 116 27 Manager.

691 1166 131 22 November
830 1168 34 24 23,
876 1165 69 23 1842.~
1219 1183 25 16 j_

691 1213 43 19 Ex
919 1211 53 21 and
1013 1211 104 24 George

667 1246 186 49 MANILLA
868 1245 77 25 coffee,

752 1272 43 21 Do.
825 1272 71 26 cigars
905 1272 50 25 best,
967 1271 90 28 quality,
1069 1290 3 5 ,

746 1299 57 21 Fine
817 1301 53 23 teas,

748 1326 80 26 Sugars
839 1324 86 22 refined
934 1324 44 21 and
988 1331 50 19 raw,
1195 1341 3 4 .
1220 1340 6 3 .

747 1352 96 26 Brandy,
854 1358 57 19 rum,

748 1378 59 26 Port,
819 1378 82 26 sherry,
913 1378 44 21 and
973 1377 101 22 Madeira
1087 1377 69 21 wines
1174 1376 25 21 of
1209 1376 37 21 the

667 1413 53 19 very
729 1405 50 21 best
788 1404 92 27 quality.

748 1432 75 21 Rhine
832 1431 68 21 wines
909 1430 23 22 in
941 1433 61 24 great
1011 1430 90 27 variety,

750 1458 65 21 Good
824 1457 103 22 blankets
937 1457 44 21 and
990 1465 59 19 rugs,

749 1486 37 20 An
797 1484 87 21 invoice
894 1484 26 21 of
929 1484 78 26 lamps,

737 1510 122 27 -Oatmeal,
868 1510 56 28 pork
932 1510 91 26 barrels,

750 1538 71 22 Slates
831 1540 102 19 countess
945 1537 42 22 and
996 1536 75 27 ladies,

751 1566 78 26 Sperm
840 1564 44 21 and
893 1564 76 21 mould
977 1563 94 26 candles,

749 1592 86 26 Butter,
856 1590 101 22 Colonial
977 1590 43 21 and
1039 1589 69 22 South
1127 1589 120 22 American

668 1619 63 26 flour,

750 1645 61 26 Oats,
823 1644 101 26 walnuts,
934 1644 48 26 &c,
993 1644 48 26 &c,
1053 1644 38 21 &c.

863 1678 130 25 RIDGWAYS,
1010 1677 104 26 GUYTON,
1126 1683 45 14 AND
1182 1676 39 20 Cp.
1228 1684 3 6 '

858 1722 65 20 Just
944 1722 117 20 Landed.

672 1757 97 50 SEED
793 1755 127 22 BARLEY
948 1754 45 22 and
1003 1766 5 3 -
1017 1754 84 26 OATS,
1126 1754 56 21 bran
1206 1752 41 22 and

733 1783 73 27 Hops.
837 1782 35 21 On
881 1782 45 21 sale
936 1785 23 18 at

962 1813 23 22 J.
999 1813 33 21 M.
1047 1812 120 25 Taylor's,

909 1846 126 23 Wholesale
1046 1846 68 26 Store,
1124 1844 32 23 Te
1167 1845 54 21 Aro.

840 1893 93 20 Wines
948 1892 29 20 in
990 1891 89 21 wood.

671 1928 70 47 O;N
757 1927 78 21 SALE
849 1926 31 26 by
890 1926 43 20 the-
936 1924 157 26 undersigned,
1103 1923 57 21 from
1171 1929 41 14 one
1227 1921 20 21 of

745 1953 38 20 the
793 1952 49 21 first
850 1952 96 21 London
955 1950 82 21 houses
1038 1961 27 3 —

696 1980 81 21 Choice
802 1978 60 25 Port,
887 1978 87 25 Sherry,
999 1976 108 26 Madeira,
1132 1974 115 25 Teneriffe,

671 2006 87 26 Alican,
786 2004 46 22 and
850 2005 118 25 Taragona
990 2004 75 26 wines,
1084 2003 23 20 in
1126 2001 62 28 pipes
1208 1999 39 23 and

669 2036 88 24 quarter
767 2032 71 25 casks,
1016 2039 4 5 •
1049 2039 4 4 ■

696 2060 53 21 Port
759 2058 44 23 and
814 2058 80 26 Sheny
903 2058 24 21 in
941 2064 68 14 cases.

950 2091 21 21 J.
987 2090 33 22 M.
1035 2090 101 26 Taylor,
1152 2089 32 21 Te
1196 2088 51 22 Aro.

697 2119 98 22 October
805 2120 33 25 14,
849 2119 61 21 1842.

791 2170 41 19 On
847 2168 70 24 Sale,
931 2173 35 15 ex

672 2205 42 29 f^i
726 2203 129 21 UNTER'S
870 2209 115 20 preserves
998 2200 44 22 and
1053 2199 82 22 bottled
1150 2199 64 21 fruits
1228 2197 19 22 in

672 2229 53 24 VJC
753 2229 97 22 assorted
870 2236 78 19 cases,,
957 2227 83 22 bottled
1058 2227 97 26 vinegar,
1167 2232 80 19 sauces,

670 2257 92 26 herring
771 2259 69 24 paste,
851 2257 50 24 pat
898 2257 42 24 6au
951 2254 78 26 diable,
1039 2253 90 28 pickles,

698 2284 80 21 Choice
790 2283 103 21 Chedder
903 2282 78 22 cheese
991 2281 44 21 and
1046 2279 170 27 confectionery,

697 2309 173 24 London-made
882 2309 87 21 saddles
979 2308 46 32 and_
1033 2307 86 26 bridles,

697 2337 138 22 Bush-made
845 2335 87 22 saddles
942 2335 43 22 and
993 2335 87 26 bridles,
1112 2342 3 5 •

698 2366 56 25 10-4,
767 2365 57 25 11-4,
836 2363 46 21 and
891 2364 51 20 12-4
950 2361 108 27 blankets,
1068 2359 110 28 coloured,

698 2392 51 21 12-4
759 2398 52 19 rugs
821 2390 44 21 and
875 2393 168 24 counterpanes,
1054 2387 63 22 toilet
1126 2394 84 19 covers,

698 2418 116 21 Women's
823 2420 67 24 stays,
900 2416 41 22 red
951 2416 71 27 shirts,

697 2445 53 22 Two
759 2451 61 15 cases
829 2443 138 22 fashionable
978 2441 83 28 shaped
1068 2441 103 26 bonnets,

698 2472 100 21 Ribbons
808 2471 45 21 and
863 2469 90 28 general
962 2469 117 26 millinery,

699 2498 74 22 Coffee
782 2498 25 21 in
817 2498 62 26 bags,
928 2516 4 8 ,

699 2526 75 21 Green
785 2528 36 17 tea
830 2525 23 20 in
864 2524 72 21 chests
946 2523 44 22 and
999 2522 49 22 half
1055 2521 79 27 chests,

699 2552 62 27 Oars,
772 2551 77 22 mould
860 2551 97 26 candles,

698 2579 64 22 Nails
772 2578 26 21 of
804 2585 66 20 every
882 2577 139 27 description,

697 2605 83 23 Tinn'd
791 2608 37 18 tea
837 2605 88 27 kettles,
936 2610 130 21 saucepans,
1077 2603 48 26 &c,

697 2633 76 22 White
781 2632 60 28 lead,
851 2632 82 27 paints,
945 2638 59 20 soap,
1017 2631 39 21 &c.
1067 2631 39 21 &c.
1105 2650 10 15 f

755 2674 10 12 -,■
983 2663 22 21 J.
1020 2662 34 22 M.
1068 2662 101 22 Taylor,

1130 2688 31 21 Te
1171 2688 55 23 Aro.

699 2718 98 22 October
806 2719 33 25 11,
851 2719 61 21 1842.

902 2762 125 33 On^Sale,

673 2797 140 49 POLICE
826 2796 93 22 DARK
931 2794 173 26 LANTERNS,

745 2823 122 23 American
878 2829 75 15 ovens.

755 2865 4 4 .
868 2846 8 11 ''
987 2848 22 22 J.
1024 2848 34 21 M.
1072 2848 102 26 Taylor,

1127 2875 32 22 Te
1174 2875 54 21 Aro.

672 2922 3 3 .
701 2904 98 21 October
809 2905 33 25 H,
853 2904 61 21 1842.
1225 2907 2 5 ■

763 2949 43 20 On
819 2949 70 24 Sale,
905 2954 36 14 ex
1120 2947 44 19 &c.

674 2982 166 49 MARINE
854 2980 218 26 BAROMETERS,

765 3009 133 25 Quadrants,
910 3008 104 26 sextants,
1039 3008 3 4 '
1061 3026 2 7 ,

699 3036 162 28 Hydrometers
871 3035 44 22 and
925 3034 180 27 sachfaometers,

699 3063 186 26 Thermometers,
896 3061 62 28 spirit
965 3060 81 28 levels/

699 3090 109 27 Drawing
816 3090 150 26 instruments,
979 3088 125 28 telescopes,

700 3117 48 27 Log
757 3118 46 21 and
812 3117 55 21 hour
877 3116 88 27 glasses,
977 3116 39 21 &c.
1027 3116 40 21 &c.

1013 3149 22 23 J.
1052 3149 31 22 M.
1098 3149 103 26 Taylor,

1131 3176 33 22 Te
1174 3177 54 21 Aro.

674 3205 97 22 October
779 3206 35 26 11,
825 3205 66 21 1842..

673 3256 52 20 For
735 3255 70 25 Sale,
816 3255 45 20 the
872 3259 82 21 cargo
967 3253 29 21 of
1006 3254 47 20 the

677 3291 101 27 Q{\{\
798 3286 79 22 TONS
897 3285 75 22 BEST
992 3285 134 22 CHILIAN
1144 3284 103 27 FLOUR,

673 3307 103 33 OUvr
807 3313 59 22 fresh
876 3312 87 27 ground
973 3312 71 21 direct
1053 3312 55 21 from
1117 3311 130 28 Valparaiso,

780 3342 25 19 at
813 3340 48 22 £20
870 3346 40 21 per
922 3342 45 24 ton,
981 3339 59 21 cash.

671 3373 3 13 !
672 3387 3 3 -
774 3382 9 4 -
865 3394 4 4 .
1025 3372 82 22 Waitt
1117 3372 46 22 and
1171 3372 76 26 Tyser,

673 3401 145 27 Wellington,
829 3400 128 22 November
966 3401 21 26 4,
997 3401 64 20 1842.'
1085 3414 3 3 ■

672 3454 53 20 For
737 3452 70 26 Sale,
817 3452 46 20 the
880 3457 82 21 cargo
980 3450 30 21 of
1021 3451 46 20 the

680 3485 14 31 1
806 3484 19 21 T
826 3483 23 32 P.
847 3483 39 22 NS
912 3483 24 21 of
955 3483 37 21 tlie
1014 3483 50 21 best
1085 3483 61 22 fresh
1168 3481 79 28 ground

793 3510 87 22 Chilian
896 3510 63 27 flour,
975 3517 52 14 now
1041 3510 90 27 landing
1145 3509 57 22 from
1219 3508 28 22 the

794 3538 102 27 Cheerful,
915 3537 70 22 direct
999 3537 56 21 from
1074 3535 130 29 Valparaiso
1205 3546 27 5 —
1233 3539 14 18 at

672 3565 47 22 £20
727 3572 41 21 per
778 3567 45 19 ton.
870 3580 19 4 ..
905 3578 2 4 •
1037 3563 170 27 .'••.■•

985 3591 83 22 Waitt
1082 3598 46 15 and
1143 3590 91 22 Tyser.'

699 3619 49 21 Oct.
759 3620 33 25 23,
985 3622 3 4 •
1011 3617 3 4 '

675 3697 65 33 Ofk
757 3696 81 23 TONS
851 3697 48 21 first
915 3695 59 23 fresh
988 3695 87 28 ground
1091 3695 91 28 Sydney
1192 3694 55 22 flour

772 3725 26 21 15
814 3724 72 22 chests
894 3723 72 28 hyson
977 3726 43 23 tea,
1047 3723 7 8 v
1164 3744 8 5 
1192 3741 2 6 ,

758 3753 41 20 100
814 3749 72 23 cliests
894 3757 69 20 green
973 3753 42 24 tea,

773 3779 27 21 10
813 3777 54 28 bags
877 3777 76 26 coffee,

785 3805 14 21 5
813 3805 54 26 bags
875 3811 90 21 pepper,

941 3848 5 4 .
957 3847 3 3 .
987 3829 91 23 Waitt.
1082 3829 47 22 and
1140 3829 86 22 Tysbr.

698 3859 99 22 October
806 3859 34 26 25,
851 3859 8 21 1
865 3859 47 21 842.
940 3878 3 3 .

670 3902 94 51 JUST
775 3902 137 25 OPENED,
919 3901 43 22 and
973 3908 29 14 on
1012 3900 50 22 Sale
1072 3903 22 19 at
1103 3899 39 23 the
1152 3900 70 22 Office
1232 3901 15 21 oi

734 3930 43 23 this
786 3929 80 29 Paper,
875 3928 41 23 ink
926 3927 75 24 stands
1011 3927 26 22 of
1043 3927 88 23 various
1141 3927 62 25 9i?e«.

1382 698 55 21 For
1450 698 69 24 Sale,'
1532 703 36 14 ex

1271 728 105 25 T)ALE
1391 728 94 22 INDIA
1499 729 62 21 ALE
1575 729 23 20 in
1614 728 75 27 bottle,
1702 729 83 27 Bryant
1801 729 44 22 and

1262 756 36 20 ;JL
1341 754 107 27 Davis's,'
1475 763 2 6 ■

1298 780 68 26 Stout,
1376 781 85 26 Bryant
1471 781 43 21 and
1522 781 96 27 Davis's,

1297 806 61 22 Bass'
1369 807 84 21 Burton
1463 807 40 26 ale,

1298 832 52 22 Pale
1369 833 78 27 sherry
1465 833 43 21 and
1524 833 109 27 Madeira,
1654 834 133 24 Rutherford
1803 834 43 22 and

1270 859 92 27 Drury's
1372 860 78 26 brand,

1298 885 59 27 Very
1368 886 35 21 old
1414 885 107 27 Madeira,
1532 889 51 23 port
1597 886 43 21 and
1655 887 74 27 sherry
1738 888 23 21 in
1776 887 70 27 wood,

1271 912 133 21 Rutherford
1414 912 44 21 and
1467 912 91 26 Drury's
1569 913 79 25 brand,

1300 938 42 21 Old
1352 946 85 19 cognac
1447 938 82 27 brandy
1540 940 22 20 in
1573 939 75 26 bottle,

1299 964 81 27 Cherry
1391 964 85 27 brandy
1486 965 21 21 in
1517 973 69 20 cases,

1299 990 116 28 Sparkling
1425 991 142 29 champagne,

1299 1018 141 22 Maraschion
1450 1018 43 22 and
1500 1020 75 26 punch
1586 1026 95 20 essence,

1299 1043 48 23 Eau
1357 1045 27 21 de
1398 1046 102 26 Cologne,

1300 1072 10 19 1
1322 1079 49 15 case
1380 1072 87 21 French
1477 1079 58 20 rugs.

1300 1097 106 24 Assorted
1416 1099 100 26 anchors,

1300 1124 70 23 Chain
1380 1126 80 25 cables,
1472 1127 85 21 various
1568 1125 62 26 sizes,

1300 1150 78 24 Patent
1388 1157 92 23 carpets,

1301 1177 94 28 Glasses,

1300 1203 122 29 Tumblers,

1302 1230 93 28 Pickles,

1300 1258 78 23 Butter
1386 1259 23 21 in
1417 1259 53 27 jars,

1301 1284 53 22 Pine
1366 1285 85 27 cheese,
1464 1286 39 21 &c.
1515 1286 39 21 &c.

1583 1312 82 21 Waitt
1680 1311 45 22 and
1741 1312 83 21 Tyser.

1303 1337 143 28 Wellington,
1457 1338 128 27 September
1594 1339 32 25 30,
1639 1340 60 19 1842.
1714 1340 5 3 '

1274 1395 6 4 -
1303 1384 38 20 To
1353 1383 197 26 Ship-builders
1566 1383 54 20 and
1634 1383 191 25 Ship-owners.

1278 1415 70 48 ON
1364 1415 77 22 SALE
1455 1415 28 26 by
1494 1415 36 21 the
1540 1414 147 27 undersigned
1695 1422 4 13 :
1702 1425 27 4 —

1340 1442 103 22 Anchors
1454 1442 26 21 of
1491 1442 27 20 all
1529 1442 63 25 sizes,

1305 1468 68 22 Chain
1384 1467 73 23 cables
1467 1468 43 21 and
1524 1468 61 21 short
1599 1467 77 22 linked
1690 1467 82 26 chains,
1784 1466 67 22 tested

1275 1496 30 26 by
1315 1503 14 13 a
1338 1495 132 27 hydrostatic
1481 1495 85 26 engine,
1575 1493 98 22 assorted
1682 1494 55 21 sizes
1747 1493 42 21 and
1801 1500 50 14 war-

1276 1522 84 27 ranted,

1305 1548 104 22 Bitheads
1420 1547 42 22 and
1473 1555 60 19 spare
1544 1546 107 26 shackles,

1304 1575 112 22 Windlass
1425 1575 65 20 metal
1500 1574 24 21 in
1535 1573 107 27 complete
1653 1575 57 24 setts,

1305 1602 111 22 Mariners
1427 1608 126 19 compasses,

1305 1629 45 21 Sail
1361 1635 91 14 canvass
1461 1627 53 26 and.
1515 1627 72 26 twine,

1305 1655 71 27 Pitch,
1387 1658 41 23 tar,
1441 1655 38 21 &c.
1490 1655 39 21 &c.

1637 1679 88 21 Willis
1735 1686 45 14 and
1789 1679 40 21 Co.

1280 1709 96 21 October
1387 1709 32 24 11,
1431 1709 58 20 1842.

1333 1754 52 19 For
1406 1752 59 20 Sale
1488 1752 28 19 at
1537 1751 50 19 the.
1597 1749 107 21 Nelson
1723 1749 81 26 Dairy

1555 1778 32 19 at

1458 1804 102 21 Nelson
1575 1803 102 20 Haven.

1283 1839 64 23 Qtf\
1364 1831 84 23 COWS
1462 1830 34 22 IN
1512 1830 85 26 CA.LF,

1272 1853 76 37 ,Oif
1376 1860 28 21 30
1413 1857 80 22 heifers
1503 1856 22 21 in
1535 1857 50 27 calf,

1376 1886 28 20 50
1413 1890 75 20 young
1496 1883 89 27 heifers,

1306 1915 16 20 4
1331 1910 115 23 half-bred
1454 1910 100 21 Durham
1566 1909 66 26 bulls,

1279 1951 3 3 •
1307 1942 25 19 11
1342 1942 76 21 steers,

1334 1966 13 19 6
1357 1964 99 25 working
1460 1962 113 25 ,bullocks,

1334 1992 13 19 4
1357 1990 63 21 stock
1428 1989 82 26 horses,

1336 2019 38 20 100
1385 2023 64 19 ewes,

1334 2045 27 21 50
1371 2044 101 25 wethers,

1307 2073 47 22 The
1370 2071 71 21 above
1454 2077 36 14 are
1505 2070 56 21 from
1576 2069 40 21 Dr.
1628 2068 92 27 Imlay's
1737 2067 114 23 celebrated

1281 2100 62 22 stock
1353 2101 22 18 at
1384 2096 100 23 Twofold
1496 2097 55 26 Bay.
1580 2095 47 22 The
1638 2095 65 22 cattle
1719 2103 35 14 are
1764 2095 37 21 the
1814 2095 37 21 bes:

1281 2127 60 26 bred,
1352 2125 58 22 have
1421 2125 56 21 been
1486 2123 84 22 landed
1579 2124 23 20 in
1615 2122 38 22 the
1665 2123 63 21 finest
1740 2122 67 25 order,
1820 2129 31 13 anc

1281 2155 57 20 form
1349 2153 37 21 the
1400 2153 50 20 best
1459 2150 103 22 selection
1571 2150 24 21 of
1602 2157 42 20 any
1652 2150 31 21 lot
1691 2152 38 24 yet
1738 2149 94 26 brought
1841 2152 10 17 t(

1282 2181 55 21 New
1348 2178 106 23 Zealand.
1482 2177 44 21 For
1532 2177 136 27 particulars,
1680 2176 63 28 apply
1754 2180 21 16 to

1472 2213 20 21 S.
1508 2212 100 27 Revans,
1623 2211 142 27 Wellington,
1778 2218 23 13 or

1472 2239 28 21 D.
1510 2239 145 25 Prummond,
1667 2237 84 23 Nelson
1761 2237 88 22 Haven.

1309 2267 54 27 July
1374 2269 20 21 7,
1406 2268 59 21 1842.
1716 2289 5 3 .

1456 2311 106 21 Heifers
1578 2311 28 20 in
1622 2310 66 21 Calf.
1769 2304 80 38 Sa--C£_

1284 2345 87 49 FOR
1385 2343 85 26 SALE,
1481 2343 68 21 about
1563 2343 28 21 50
1600 2342 98 28 superior
1707 2341 55 22 bred
1775 2340 76 22 heifers

1341 2374 60 18 most
1417 2370 25 21 of
1453 2370 60 31 then)
1527 2370 73 26 heavy
1614 2370 22 20 in
1655 2368 49 27 calf,
1724 2368 42 21 and
1782 2367 69 27 having

1283 2399 56 21 been
1359 2404 61 16 some
1436 2397 52 21 time
1502 2397 22 20 in
1538 2396 38 21 the
1597 2396 90 26 Colony,
1705 2398 40 18 not
1758 2394 67 23 liable
1842 2398 9 17 ti

1283 2426 66 21 suffer
1359 2425 56 21 from
1425 2424 36 20 the
1472 2423 73 21 effects
1555 2423 26 21 of
1593 2423 35 21 the
1646 2423 60 21 Toot.
1735 2422 47 21 The
1796 2422 55 20 abov<

1284 2453 66 21 cattle
1368 2458 41 15 can
1425 2451 26 21 be
1467 2450 99 26 strongly
1579 2448 177 27 recommended,
1775 2455 23 14 as
1813 2448 38 21 the^

1284 2479 56 21 have
1357 2479 56 21 been
1431 2477 95 21 selected
1540 2477 57 21 from
1613 2476 37 21 the
1668 2482 117 15 numerous
1800 2474 51 22 cattl

1273 2513 2 5 1
1284 2506 59 27 ships
1354 2504 71 23 which
1435 2504 55 21 have
1507 2503 87 22 arrived
1607 2504 60 21 here.
1696 2502 73 28 Apply
1784 2505 23 18 to
1821 2501 30 22 Mr

1285 2533 95 26 Revans,
1395 2533 85 19 Gazette
1489 2530 69 27 office,
1571 2538 24 14 or
1604 2533 22 18 to
1637 2530 44 21 Mr.
1693 2529 83 26 Hulke,
1785 2528 66 22 Evans

1286 2560 54 26 Bay.

1310 2586 63 26 Also,
1384 2585 63 22 three
1456 2584 114 22 well-bred
1580 2591 71 14 mares
1658 2584 22 21 in
1690 2582 53 28 foal,
1755 2587 21 17 to
1786 2582 65 27 impor

1285 2613 36 21 ted
1331 2613 83 31 horses^

1379 2657 93 21 Union
1484 2656 79 20 Bank
1578 2655 29 21 of
1624 2655 147 20 Australia.

1286 2691 94 21 London
1399 2691 92 25 Office,
1505 2689 45 22 No.
1564 2690 36 25 33,
1618 2688 50 21 Old
1684 2688 167 21 Broad-streei

1340 2722 94 28 Capital,
1444 2722 119 26 £800,000;
1585 2720 50 27 paid
1645 2728 36 19 up,
1698 2721 117 24 £500,000.

1483 2754 4 7 1
1518 2758 109 13 DIHECTOKS
1633 2759 4 4 •

1392 2783 68 19 George
1466 2781 39 17 Fife
1511 2781 67 20 Angas,
1587 2780 48 21 Esq.,

1392 2803 67 16 Robert
1465 2802 75 19 Brooks,
1550 2802 47 20 Esq.,

1393 2825 61 15 James
1461 2823 47 16 John
1515 2823 100 18 Cummins,
1623 2822 49 20 Esq.,

1392 2845 67 16 Robert
1466 2844 94 19 Gardener,
1573 2843 48 20 Esq.,
1632 2843 121 19 Manchester,

1392 2866 49 16 John
1449 2866 44 15 Gore
1508 2865 49 19 Esq.,

1392 2886 49 17 John
1448 2885 78 17 William
1533 2884 75 20 Buckle,
1613 2884 49 22 Esfl.,

1392 2904 95 23 Benjamin
1494 2906 21 17 E.
1521 2906 64 19 Lindo,
1594 2906 47 19 Esq.,

1392 2928 72 17 Charles
1473 2927 75 17 Edward
1554 2926 88 21 Mangles,
1650 2926 49 20 Esq.,

1392 2949 114 20 Christopher
1514 2948 81 18 Rawson,
1604 2947 48 20 Esq.,
1665 2947 80 19 Halifax,

1392 2970 78 17 Thomas
1478 2969 62 18 Sands,
1548 2968 48 20 Esq.,
1604 2967 99 21 Liverpool,

1392 2991 62 16 James
1460 2989 55 21 Bogle
1522 2989 65 19 Smith,
1594 2989 47 19 Esq.,
1764 2998 7 7 ,-

1392 3012 62 16 James
1460 3010 79 17 Ruddell
1545 3009 56 19 Todd,
1609 3009 43 20 Esq.

1404 3039 80 17 Geobge
1496 3038 55 16 Cark
1562 3037 61 19 Glyn,
1636 3037 48 20 Esq.,
1695 3036 52 16 John
1759 3036 62 19 Gore,
1830 3036 21 16 Es

1434 3060 35 16 and
1476 3059 65 16 James
1548 3058 17 16 J.
1573 3058 100 19 Cummins,
1682 3057 44 21 Esq.

1314 3088 92 17 Bankers:
1418 3087 74 17 Messrs.
1498 3086 60 19 Glyn,
1570 3085 114 19 Hallipax,
1693 3085 69 19 Mills,
1770 3084 37 16 and
1815 3084 30 16 Co.

1407 3116 100 19 Secretary:
1518 3114 83 16 Samdel
1608 3113 94 19 Jackson,
1709 3113 43 19 Esq.

1378 3144 80 16 Colonial
1464 3143 93 20 Inspector
1562 3147 4 11 :
1579 3142 17 16 J.
1603 3142 19 16 C.
1629 3141 103 19 M'Laren,
1740 3141 42 19 Esq.

1409 3193 68 19 New
1495 3190 122 20 Zealand
1635 3189 115 20 Branch.
1801 3198 3 3 •
1837 3197 4 3 -

1287 3226 53 17 Local
1348 3227 93 16 Directori
1447 3230 4 12 :
1466 3225 47 16 Geo.
1524 3224 17 16 S.
1552 3224 73 17 Evans,
1638 3223 48 20 Esq.,
1699 3222 63 17 D.C.L.
1782 3223 38 16 and
1832 3223 19 16 Gi

1507 3245 91 19 Hunter,
1610 3244 43 20 Esq.

1288 3273 95 20 Manager:
1395 3273 50 17 John
1452 3272 71 18 Smith;
1529 3271 50 19 Esq.,
1587 3269 36 17 late
1630 3269 26 17 of-
1659 3264 34 21 the*
1697 3269 117 17 Commercial
1820 3269 31 17 Ban

1456 3292 19 17 of
1483 3291 88 21 England,
1583 3290 122 17 Manchester.

1397 3318 112 24 Branches
1519 3320 24 19 at
1557 3316 98 28 Sydney,
1740 3337 2 5 ,
1762 3332 4 3 -
1797 3333 4 6 ,

1557 3344 91 21 Hobart
1655 3344 76 26 Town,

1281 3373 5 23 i
1346 3381 6 4 -
1407 3382 3 2 •
1559 3371 148 27 Launceslon,
1721 3370 43 22 and

1558 3398 55 22 Port
1623 3398 80 27 Philip.

1289 3428 52 21 Port
1350 3427 131 27 Nicholson,
1492 3425 79 23 March
1581 3425 40 27 24,'
1627 3426 61 20 1840.
1736 3446 4 5 ,
1744 3436 6 13 f

1289 3481 90 32 rpHE
1396 3481 114 22 Directors
1526 3479 26 22 of
1566 3478 40 23 the
1623 3478 56 22 New
1695 3478 99 22 Zealand
1808 3478 43 22 Lan

1296 3501 29 29 1
1362 3509 117 26 Company
1490 3506 85 28 hereby
1592 3506 50 26 give
1660 3506 80 26 notice,
1756 3504 49 22 that
1820 3505 31 22 the

1287 3535 56 22 have
1350 3537 119 21 effected'
1474 3541 29 14 an
1513 3540 175 15 arrangement*
1693 3530 52 24 with
1752 3532 36 21 the
1797 3532 54 22 Unio

1286 3562 66 22 Bank
1366 3563 25 21 of
1407 3560 119 27 Australia,
1531 3574 4 3 ■
1543 3560 45 21 No.
1604 3561 34 25 38,
1654 3559 47 22 Old-
1713 3558 138 23 Broad-stree

1286 3589 102 25 London,
1399 3589 36 22 for
1444 3587 36 23 the
1493 3586 168 23 establishment
1675 3586 25 21 of
1713 3593 14 14 a
1742 3586 109 22 BRANC]

1286 3616 88 22 BANK
1388 3615 35 23 IN
1439 3614 70 22 NEW
1522 3613 159 27 ZEALAND,
1695 3612 94 28 through
1801 3613 50 22 whic

1287 3643 36 21 the
1333 3643 102 22 business
1448 3642 25 21 of
1484 3641 38 21 the
1538 3640 57 22 New
1611 3640 101 21 Zealand
1726 3640 63 22 Land
1806 3640 45 22 Com

1286 3677 59 20 pany
1354 3670 46 22 will
1408 3670 29 21 be
1446 3667 134 23 transacted.
1607 3666 48 22 The
1670 3666 113 24 Directors
1799 3667 52 22 there

1285 3695 201 24 fore-recommend
1495 3698 22 19 to
1534 3691 111 25 Colonists
1661 3694 37 22 the
1715 3694 75 22 Union
1807 3694 44 22 Ban

1286 3725 25 20 of
1329 3723 116 23 Australia
1461 3730 23 14 as
1502 3729 29 15 an
1557 3720 170 24 establishment
1746 3721 105 33 possession

1286 3751 55 21 their
1359 3751 70 22 entire
1452 3749 136 26 confidence,
1608 3748 45 22 and
1672 3748 50 22 able
1740 3751 22 18 to
1780 3749 71 26 provid

1286 3777 125 28 effectually
1426 3777 35 21 for
1475 3776 39 25 the
1526 3774 108 24 financial
1647 3778 72 20 -wants
1735 3775 25 21 of
1770 3775 38 22 the
1825 3775 26 23 firs

1285 3805 135 21 settlement.
1431 3800 102 22 ••.'••

1452 3830 34 28 By
1497 3829 65 23 order
1571 3829 26 22 of
1607 3828 38 22 the
1655 3829 80 27 Board,

1529 3862 85 23 JOHN
1628 3862 105 28 WARD,
1749 3864 102 26 Seoretar]

1286 3894 55 21 New
1351 3891 102 24 Zealand
1461 3890 65 23 Land
1534 3890 137 28 Pompany's
1680 3890 76 27 Office,

1312 3927 21 26 1,
1343 3924 160 27 A4am-stxeet>,
1514 3920 106 30 Adelphi,
1630 3921 53 24 27th
1687 3922 65 26 Aug.
1770 3923 61 21 1839.

2061 701 199 26 TO-MORROW.

1898 730 92 21 Public
2019 731 59 21 Sale
2107 733 29 20 of
2163 734 85 21 Town
2274 738 76 21 Land
2377 741 55 19 and

2067 759 198 23 merchandize.

1880 787 133 46 MESSR
2029 804 6 5 .
2047 788 147 24 BETHUNE
2209 799 46 14 and
2269 792 129 24 HUNTER
2407 795 44 23 will

1966 814 40 21 sell
2023 814 29 28 by
2072 816 88 23 Public,
2168 818 104 27 Auction,
2288 826 29 14 on
2335 820 118 24 Lambton-

1879 846 63 19 quay,
1953 846 29 14 on
1991 840 116 29 Thursday
2116 846 60 24 next,
2187 844 38 21 the
2239 846 33 20 Ist
2286 846 26 21 of
2323 846 130 29 December,

1881 898 12 10 o
1909 898 26 10 tJ
1940 898 5 5 .
1962 898 20 10 •„
2003 899 7 9 ,
2010 874 69 31 T^°
2100 876 94 22 TOWN
2213 879 105 27 ACRES,

1880 900 133 20 Subdivided
2035 904 46 17 into
2107 904 132 21 convenient
2262 905 138 29 Allotments,
2425 908 30 21 all

2004 926 82 27 having
2094 927 110 28 frontages
2213 933 23 18 to
2246 933 82 21 streets.

1907 955 55 27 Viz.-,
1980 958 38 20 Ist.
2032 957 68 22 Town
2115 960 65 26 Acre,
2192 962 120 21 numbered
2324 964 40 21 556
2380 972 28 14 on
2418 965 37 22 the

1881 983 106 25 Surveyor
2008 983 113 23 General's
2138 985 69 28 Plan;
2232 988 100 27 frontage
2356 997 28 14 on
2409 992 48 21 Hill

1881 1008 75 27 Street,
1968 1009 148 29 immediately
2126 1012 81 22 behind
2217 1013 37 22 the
2263 1014 112 23 residence
2385 1017 25 21 of
2416 1017 41 22 Dr.

1860 1055 3 4 .
1881 1035 79 26 Evans,
1972 1050 5 4 .
1984 1035 130 30 beautifully
2134 1039 101 28 situated,
2260 1041 42 21 and
2333 1044 126 26 presenting

1881 1068 64 19 many
1955 1061 133 29 advantages
2103 1068 23 18 to
2142 1066 63 21 small
2220 1067 118 26 capitalists
2354 1069 43 22 and
2412 1077 47 14 me-

1882 1088 93 26 chanics,
1985 1089 47 21 who
2043 1089 43 22 will
2103 1091 50 21 thus
2168 1093 55 21 have
2239 1100 29 15 an
2284 1096 139 26 opportunity
2436 1097 27 21 of

1881 1114 121 27 possessing
2015 1115 99 23 freehold
2128 1122 103 24 property
2246 1120 24 21 in
2288 1122 49 20 that
2356 1122 103 22 centrical
2479 1132 2 6 •

1881 1144 48 22 part
1938 1141 25 20 of
1971 1141 37 21 the
2017 1141 80 23 Town.'

1909 1167 48 21 2nd.
1981 1167 67 22 Town
2063 1169 58 21 Acre
2135 1169 43 23 No.
2190 1173 46 25 134,
2253 1180 28 14 on
2297 1173 32 22 Te
2346 1174 45 22 Are
2401 1175 56 27 Flat,

1881 1194 66 25 being
1957 1200 14 14 a
1980 1194 93 22 Corner
2086 1195 150 29 Allotment,
2246 1198 97 29 fronting
2352 1201 109 22 Taranaki

1882 1219 44 21 and
1935 1220 105 26 Ingestrie
2050 1221 87 28 Streets,
2147 1223 43 21 and
2197 1224 93 23 situated
2300 1234 29 13 on
2339 1227 58 22 what
2402 1232 59 17 must

1891 1253 18 14 )e
1911 1267 8 7 r
1918 1246 36 21 the
1966 1246 61 21 Main
2037 1248 72 21 Street
2117 1249 96 27 through
2222 1251 43 21 this
2275 1253 84 21 district
2368 1254 26 21 of
2401 1255 59 20 Wel-

1891 1272 82 27 ington,
1982 1274 43 20 and
2034 1274 90 27 leading
2133 1278 22 19 to
2165 1276 38 21 the
2213 1277 115 22 Suburban
2335 1279 73 22 Lands
2418 1281 43 21 and

1893 1302 58 23 Jairy
1971 1299 76 22 Farms
2065 1301 86 27 rapidly
2170 1303 96 27 forming
2289 1305 67 21 about
2378 1306 82 22 Evans'

1893 1326 36 25 3ay
1936 1325 42 20 and
1985 1326 93 22 towards
2084 1328 118 22 Terawitti.
2227 1329 33 22 Its
2266 1329 59 23 chief
2330 1332 128 27 advantage,

1883 1351 105 26 however,
2003 1352 18 21 is
2030 1353 21 20 in
2063 1353 65 27 being
2141 1354 25 21 in
2176 1355 37 21 the
2227 1363 52 15 near
2290 1358 91 27 vicinity
2392 1359 25 21 of
2424 1360 36 21 the

1884 1378 55 26 only,
1951 1378 72 27 public
2041 1387 86 14 reserve
2147 1381 82 27 having
2247 1385 176 27 water-frontage
2436 1387 24 21 in

1884 1404 73 27 Town,
1976 1405 44 21 and
2035 1406 79 27 where,
2131 1414 29 14 no
2175 1408 73 27 doubt,
2264 1416 12 14 a
2291 1410 77 22 Public
2383 1412 81 22 Wharf

1884 1431 49 26 will,
1945 1439 35 13 ere
1989 1432 57 27 long,
2053 1433 30 21 be
2093 1435 144 27 constructed,
2245 1436 43 21 and
2298 1437 77 22 Public
2385 1439 78 21 Build-

1884 1457 47 27 ings
1947 1458 94 27 erected,
2057 1459 73 22 which
2143 1461 45 21 will
2202 1462 51 26 give
2267 1463 144 23 incalculable
2426 1466 38 21 ad-

1884 1488 102 22 vantages
1997 1488 22 18 to
2030 1485 60 22 these
2101 1487 133 27 allotments,
2246 1489 88 26 beyond
2343 1491 58 21 what
2411 1492 52 27 they

1885 1510 88 28 already
1983 1518 90 20 possess,
2089 1512 24 21 in
2123 1513 67 27 being
2204 1514 93 23 situated
2313 1517 71 21 where
2394 1519 69 21 leases

1886 1544 35 14 are
1930 1544 22 14 so
1962 1538 67 21 much
2039 1538 68 22 souch
2116 1540 63 22 after.

1952 1566 65 19 Plans
2025 1571 47 19 may
2083 1567 22 19 be
2113 1573 46 14 seen
2169 1568 26 24 of
2206 1569 33 20 the
2252 1570 142 23 Auctioneers.

2084 1608 73 14 AFTER
2178 1609 85 20 WHICH,

1916 1625 17 21 A.
1950 1625 99 27 quantity
2065 1627 26 21 of
2107 1627 162 28 Merchandise,
2281 1631 48 26 &c,
2345 1632 120 28 consisting

1887 1652 25 20 of
1927 1652 164 28 Ironmongery,
2112 1654 73 28 Tools,
2203 1655 171 28 Manufactures,
2393 1659 71 27 Glass,

1888 1677 43 21 and
1940 1679 177 28 -Earthenware,
2137 1681 64 27 Soap,
2229 1682 102 28 Vinegar,
2357 1685 107 27 Mustard,

1888 1705 71 26 Flour,
1974 1705 48 27 Pea,
2034 1707 75 26 Sugar,
2119 1707 82 28 Wines,
2211 1709 44 21 and
2263 1717 13 14 a
2284 1710 61 27 large
2355 1712 82 26 variety
2444 1713 26 21 of

1857 1735 2 5 '
1889 1731 61 21 other
1960 1731 93 23 articles.

1915 1758 51 21 Part
1976 1759 25 21 of
2008 1759 59 23 these
2079 1761 75 21 Goods
2164 1768 37 15 are
2208 1769 59 15 more
2275 1770 24 14 or
2308 1763 43 22 less
2357 1764 109 28 damaged

1888 1785 28 26 by
1926 1785 38 22 fire
1966 1797 26 4 —
1995 1786 41 21 will
2047 1787 27 21 be
2085 1787 48 21 sold
2142 1788 94 22 without
2244 1797 95 14 reserve.

2015 1813 48 22 Sale
2074 1817 22 18 to
2107 1815 66 26 begin
2183 1818 23 18 at
2218 1817 26 20 12
2254 1816 92 22 o'clock.

1908 1867 4 5 ,
1916 1844 125 23 November
2058 1847 33 25 24,
2103 1847 60 20 1842.

1892 1875 31 4 ~
1992 1890 195 22 SUFFOLK
2215 1893 147 28 HOTEL,

2013 1920 7 4 '
2163 1924 29 14 BY

2093 1943 34 20 H.
2146 1944 115 25 G-arrod,

1943 1983 122 14 THORNDON
2086 1983 67 20 QUAY,
2170 1984 61 14 NEAR
2251 1985 92 16 PIPITEA
2361 1987 52 15 PAH.

2117 2008 5 5 *
2173 2010 10 13 0
2184 2015 27 3 —

1895 2031 73 26 Wines,
1989 2031 85 26 Spirits,
2094 2030 36 26 Bfc.
2150 2031 28 26 of
2192 2032 35 19 the
2239 2034 52 24 first
2312 2034 85 29 quality,
2415 2043 53 19 upon

1858 2068 4 21 I
1883 2076 3 4 .
2081 2059 118 20 reasonable
2210 2061 69 20 terms.

1858 2098 5 18 *
2025 2103 86 20 Town
2129 2103 30 20 of
2170 2104 165 22 Manewatu.

1895 2139 41 31 rp
1940 2137 43 21 HE
2006 2136 210 23 PROPRIETORS
2241 2138 26 20 of
2290 2138 38 21 the
2349 2139 59 22 three
2423 2140 46 23 first

1902 2159 26 27 X
1980 2163 86 21 choices
2082 2166 22 18 at
2114 2164 36 21 tlie
2156 2175 3 5 •
2168 2163 42 22 last
2225 2164 105 23 selection
2340 2166 24 21 of
2378 2171 93 24 country

1894 2190 67 27 lands,
1975 2190 81 27 having
2076 2189 136 22 determined
2225 2197 61 20 upon
2302 2192 38 21 the
2356 2193 39 21 site
2410 2194 33 21 for
2458 2202 13 14 a

1907 2217 90 22 TOWN
2014 2217 42 20 ON
2070 2217 65 21 THE
2150 2217 187 23 MANEWATU
2350 2220 105 27 RIVER,

1895 2244 54 21 after
1952 2244 78 20 several
2038 2244 58 20 visits
2106 2247 22 17 to
2136 2244 38 21 the
2183 2244 183 28 neighbouroood,
2378 2246 47 22 and
2434 2248 36 21 the

1895 2274 54 17 most
1968 2271 83 21 careful
2070 2270 46 21 and
2133 2270 82 21 minute
2235 2272 149 22 examination
2399 2274 25 21 of
2436 2274 38 22 the

1896 2302 67 17 entire
1980 2298 90 26 district,
2086 2297 65 21 aided
2167 2297 30 27 by
2206 2297 37 22 the
2259 2298 142 27 professional
2415 2300 56 28 skill,

1896 2323 132 28 knowledge,
2048 2323 43 22 and
2106 2324 130 27 experience
2252 2324 24 21 of
2288 2325 36 21 the
2341 2330 58 17 most
2413 2334 61 15 com-

1858 2357 5 10 '
1896 2354 73 24 petent
1976 2351 86 27 judges,
2079 2357 92 21 propose
2187 2354 22 17 to
2225 2351 54 21 offer
2289 2351 34 22 for
2339 2352 100 28 disposal,
2451 2358 23 17 at

1858 2385 5 9 =>
2041 2377 36 21 the
2091 2380 88 24 present
2189 2377 59 27 time,
2260 2378 66 21 about

1858 2402 7 13 D
1896 2403 213 23 TWENTY-FIVE
2143 2404 105 26 ACRES,
2287 2404 36 22 IN
2359 2406 115 23 ALLOT-

1858 2429 7 13 e
1896 2431 110 26 MENTS,
2022 2431 84 21 EACH
2128 2430 38 21 OF
2192 2431 62 21 ONE
2274 2431 147 24 QUARTER
2435 2434 39 22 OF

1858 2455 7 19 y
2110 2457 43 21 AN
2170 2457 88 22 ACRE.

1858 2482 7 14 c
1921 2484 47 22 The
1976 2487 49 25 spot
2034 2484 50 21 thus
2093 2483 97 22 selected
2201 2491 109 20 possesses
2319 2484 37 23 the
2365 2490 58 19 most
2437 2495 40 14 ex-

1896 2512 82 21 tensive
1992 2511 100 27 frontage
2107 2513 23 18 to
2147 2511 55 26 deep
2214 2514 68 18 water
2297 2511 26 22 of
2333 2519 44 20 any
2392 2521 28 14 on
2438 2514 38 22 the

1858 2536 1 13 5
1896 2539 62 20 river.
1987 2538 22 21 It
2026 2538 19 21 is
2064 2537 95 21 situated
2174 2537 47 26 just
2234 2540 23 19 at
2272 2537 48 22 that
2338 2540 63 26 point
2419 2540 57 23 from

1957 2565 72 21 which
2039 2571 12 14 a
2061 2564 54 21 road
2126 2564 71 21 would
2208 2565 82 21 branch
2300 2565 34 22 off
2340 2570 21 17 to
2371 2566 39 22 the

1898 2599 91 14 WOODED
2013 2599 45 14 AND
2080 2598 96 14 FERTILE
2197 2598 115 15 DISTRICTS
2333 2600 75 15 ALONG
2432 2601 45 15 THE

2064 2625 56 13 BASE
2134 2624 27 15 OF
2175 2625 45 13 THE
2236 2625 73 20 HILLS,

1899 2645 41 22 and
1952 2645 70 21 above
2032 2644 72 21 which
2114 2644 36 21 the
2164 2644 127 27 navigation
2306 2645 35 22 for
2350 2646 81 22 vessels
2439 2648 40 21 be-

1900 2679 71 14 comes
1981 2672 84 24 tedious,
2076 2672 22 24 if
2103 2672 36 19 not
2149 2672 94 25 difficult.
2272 2671 22 22 It
2299 2672 20 21 is
2326 2672 107 23 therefore
2440 2674 37 22 the

1858 2695 9 13 ■"'
1917 2712 9 13 '_
2009 2706 3 5 '
2093 2698 63 27 point
2164 2698 73 21 where
2248 2698 36 21 the

1858 2736 8 3 ~
1898 2733 88 22 LAND
2003 2732 65 22 AND
2084 2732 113 22 WATER
2211 2732 160 23 CARRIAGE
2386 2734 92 22 MEET,

1900 2759 43 22 and
1953 2759 71 21 where
2034 2766 14 14 a
2056 2759 70 21 Town
2142 2766 61 14 must
2217 2766 27 14 be
2261 2767 89 15 formed
2367 2761 64 21 when
2441 2762 38 21 the

1902 2787 81 21 district
1997 2786 20 21 is
2027 2786 87 21 settled.
2142 2785 22 22 It
2173 2793 44 14 was
2227 2785 96 23 selected
2338 2787 30 27 by
2378 2787 37 22 the
2429 2789 52 21 Sur-

1901 2813 78 27 veying
1989 2813 54 21 Staft
2043 2813 13 14 v
2058 2820 25 14 as
2092 2813 38 21 the
2138 2812 136 22 rendezvous
2283 2813 36 21 for
2333 2813 58 22 their
2404 2815 60 27 body
2472 2823 6 19 ;

1902 2840 40 22 and
1953 2840 39 21 has
2001 2839 57 22 been
2068 2846 50 14 now
2131 2839 76 27 found,
2217 2840 57 21 after
2284 2841 86 21 several
2385 2843 95 20 months'

1877 2871 4 3 '
1901 2867 101 26 location,
2014 2869 21 19 to
2049 2866 74 24 be,the
2133 2869 57 18 most
2204 2866 163 27 advantageous
2377 2868 102 28 position,

1902 2894 55 21 from
1973 2894 27 20 its
2013 2892 98 28 peculiar
2118 2912 3 3 .
2131 2892 84 27 facility
2232 2893 26 21 of
2269 2893 110 27 approach
2389 2895 52 21 both
2451 2896 30 27 by

1902 2920 51 22 land
1962 2920 45 21 and
2015 2923 74 19 water.

1929 2947 27 21 In
1966 2947 152 21 confirmation
2128 2946 26 21 of
2159 2946 38 22 the
2207 2946 130 27 superiority
2348 2947 25 21 of
2380 2947 44 22 this
2434 2951 48 24 spot

1902 2981 51 14 over
1962 2980 44 21 any
2016 2973 61 21 other
2085 2976 39 24 yet
2132 2973 88 26 known,
2233 2973 37 21 the
2281 2973 89 22 Messrs.
2378 2974 103 28 Kebbell,

1902 3001 55 21 after
1975 2999 37 22 the
2032 2999 149 22 examination
2197 3000 26 20 of
2239 2999 37 22 the
2293 3000 60 22 river
2368 3001 58 22 from
2444 3002 37 21 the

1858 3040 14 16 q.
1903 3027 86 22 Paneiri
1999 3027 47 21 Pah
2055 3031 22 17 to
2087 3027 29 21 its
2124 3026 86 27 mouth,
2221 3026 139 23 determined
2373 3035 30 15 on
2413 3033 68 17 erect-

2136 3053 40 26 ing
2189 3053 58 22 their

1903 3087 65 22 SAW
1982 3086 80 23 MILL
2083 3086 229 23 IMMEDIATELY
2326 3087 157 24 OPPOSITE.

1903 3114 46 22 The
1966 3114 71 22 works
2055 3113 25 22 of
2095 3113 48 24 that
2161 3113 169 22 establishment
2348 3121 36 15 are
2403 3118 24 19 at
2441 3116 42 21 this

1904 3144 98 19 moment
2019 3141 24 20 in
2056 3140 65 28 rapid
2135 3147 107 20 progress,
2260 3140 43 22 and
2321 3141 38 22 the
2376 3142 107 28 proposed

1903 3169 68 21 Town
1980 3168 44 22 will
2033 3167 133 27 necessarily
2171 3168 92 26 partake
2269 3168 25 21 of
2300 3167 44 23 this
2354 3168 129 28 advantage.

1929 3195 49 22 The
1996 3194 92 22 nucleus
2103 3193 25 22 of
2143 3201 14 14 a
2175 3194 69 21 Town
2259 3194 25 27 is,
2293 3194 25 21 in
2332 3194 52 28 fact,
2395 3196 89 27 already

1858 3227 14 12 so
1904 3221 98 26 created,'
2008 3222 29 26 by
2046 3220 38 22 the
2095 3220 165 22 concentration
2275 3221 25 22 of
2314 3221 37 22 the
2361 3222 122 28 Surveying

1904 3248 56 23 Staff
1967 3255 29 15 on
2006 3248 47 21 that
2063 3250 55 24 spot,
2130 3254 23 15 as
2162 3248 39 21 the
2210 3251 74 18 centre
2300 3248 26 21 of
2335 3249 148 22 communica-

1903 3276 46 21 tion
1958 3278 23 19 to
1991 3274 37 23 the
2038 3274 149 27 surrounding
2197 3274 84 22 district
2286 3283 5 19 ;
2308 3274 38 22 the
2356 3276 95 21 erection
2462 3276 24 22 of

1904 3303 88 22 Messrs.
2004 3301 116 22 Kebbell's
2135 3301 50 22 Saw
2201 3301 62 22 Mills
2278 3301 109 28 opposite.;
2403 3302 30 27 by
2445 3302 38 23 the

1904 3332 161 24 arrangements
2079 3328 35 21 for
2129 3335 29 14 an
2175 3328 111 21 extensive
2297 3328 97 21 General
2407 3329 61 22 Store
2477 3338 5 19 ;

1904 3356 44 22 and
1957 3356 29 27 by
1992 3355 38 22 the
2039 3355 45 22 late
2093 3354 134 33 application
2233 3356 32 19 for
2274 3361 13 14 a
2292 3354 109 23 Licensed
2407 3356 76 22 House

1904 3391 26 14 on
1940 3382 37 23 the
1985 3385 51 25 part
2045 3382 25 21 of
2082 3389 29 14 an
2120 3381 121 22 individual
2256 3380 47 23 who
2318 3381 46 27 has,
2375 3389 61 15 since
2446 3383 37 22 the

1881 3420 3 6 '
1903 3410 117 22 formation
2037 3410 25 21 of
2076 3408 39 23 the
2131 3408 89 27 Colony,
2236 3408 95 26 pursued
2347 3415 14 14 a
2378 3409 106 23 lucrative

1905 3437 60 22 trade
1976 3436 52 23 with
2037 3436 38 22 the
2085 3436 92 26 natives,
2189 3434 44 22 and
2243 3434 72 22 whose
2326 3434 162 29 knowledge*of

1863 3478 7 8 ,
1903 3464 37 22 the
1950 3464 136 26 advantages
2095 3462 27 22 of
2128 3462 36 22 the
2174 3460 100 29 position,
2281 3462 118 27 prompted
2407 3462 79 24 hinfat

1857 3490 2 10 1
1904 3499 54 14 once
1969 3495 22 18 to
2000 3491 74 27 prefer
2083 3490 48 21 that
2142 3488 141 28 application.

1858 3513 14 20 y
1929 3518 47 22 The
1986 3518 94 22 Natives
2094 3517 30 27 by
2133 3516 71 21 whom
2219 3514 45 22 this
2272 3514 55 23 land
2337 3523 45 16 was
2392 3516 92 24 claimed

1858 3540 13 37 f
1904 3552 35 15 are
1950 3544 60 29 quite
2020 3542 108 30 prepared
2136 3546 21 17 to
2166 3541 50 27 give
2223 3543 167 28 ugpossession,
2397 3544 44 22 and
2447 3552 37 15 are

1858 3587 11 11 u
1865 3576 5 10 J
1904 3572 143 27 exceedingly
2056 3571 93 22 anxious
2161 3572 23 17 to
2199 3568 58 22 have
2266 3575 13 15 a
2288 3569 119 29 European
2415 3578 69 21 popu-

1858 3605 6 16 v
1864 3591 7 17 1
1902 3599 68 22 iation
1980 3605 80 21 among
2070 3597 66 25 them,
2148 3595 82 27 having
2248 3595 56 22 been
2313 3603 59 21 upon
2376 3597 44 26 Jhe
2430 3601 56 19 most

1858 3619 14 16 ;n
1903 3626 94 28 friendly
2004 3623 85 27 footing
2098 3622 52 23 with
2159 3622 38 21 the
2209 3623 125 27 Surveying
2344 3624 57 21 Staff'
2408 3624 79 28 during

1902 3653 36 22 the
1948 3654 49 20 four
2007 3659 23 15 or
2039 3652 43 21 five
2091 3649 89 22 months
2189 3649 53 27 they
2261 3649 58 22 have
2334 3650 57 23 been
2401 3651 87 23 located

1858 3676 14 33 \
1902 3681 69 23 there.

1858 3703 14 13 *■
1929 3708 33 22 As
1972 3706 36 22 the
2016 3706 136 25 Proprietors
2161 3710 95 20 purpose
2263 3706 23 19 to
2295 3704 88 28 dispose
2393 3705 26 22 of
2425 3706 40 22 but
2474 3714 13 14 a

1857 3732 2 32 \
1858 3729 14 20 s
1903 3734 82 22 limited
2001 3731 85 30 portion
2103 3730 27 21 of
2138 3730 41 21 the
2194 3730 69 22 Town
2277 3734 23 17 at
2318 3735 96 24 present,
2435 3734 53 27 they

1902 3761 78 28 pledge
1989 3757 132 24 themselves
2129 3756 54 28 that,
2195 3760 23 18 at
2226 3763 30 16 no
2274 3756 75 25 future
2357 3758 64 28 sales,
2432 3760 56 22 3hall

1858 3780 14 20 3t
1903 3788 37 22 the
1951 3788 125 22 allotments
2084 3784 28 22 be
2123 3787 38 18 nut
2168 3791 31 20 up
2208 3786 23 19 at
2240 3791 15 14 a
2263 3781 46 25 less
2318 3791 49 16 sum
2375 3786 56 22 than
2439 3794 49 16 now

1903 3814 87 23 offered.

1929 3844 22 21 A
1970 3841 130 27 Prospectus
2119 3836 45 23 and
2184 3837 55 23 Plan
2261 3838 25 21 of
2299 3838 38 23 the
2356 3839 70 23 Town
2444 3841 44 24 will

1858 3871 12 19 F«
1903 3868 82 27 shortly
1995 3868 27 20 be
2032 3865 68 28 ready
2109 3864 34 23 for
2152 3865 124 27 inspection
2291 3868 23 19 at
2327 3866 37 22 the
2375 3867 116 24 Office»of

1905 3897 87 21 Meeevs.
2006 3892 67 23 Waitt
2083 3891 44 24 and
2136 3892 75 27 Tyser,
2222 3892 33 21 Te
2265 3892 53 23 Jiao.

2087 3918 64 29 April
2161 3920 34 27 :£,
2206 3920 60 21 1842.
