2540 4020
1370 1217 234 23 WELLINGTON
1622 1217 146 23 SALOON.

1361 1261 43 18 Tis
1415 1261 38 17 not
1463 1265 41 13 our
1514 1261 83 18 maxim
1607 1261 23 17 to
1639 1261 87 18 believe

1360 1285 30 20 Or
1400 1284 37 27 pin
1448 1291 40 14 our
1497 1284 55 21 faith
1563 1291 59 19 upon
1631 1284 113 22 another's
1753 1285 80 21 sleeve.

1310 1312 45 24 We
1366 1313 44 23 last
1422 1313 64 30 night
1504 1313 53 31 paid
1575 1320 13 16 a
1599 1313 54 23 visit
1671 1317 22 19 to
1712 1313 37 23 the
1768 1313 92 24 Saloon.

1280 1346 29 23 So
1321 1346 35 23 far
1364 1354 23 15 as
1398 1346 36 23 the
1448 1346 139 23 endeavours
1599 1346 25 22 of
1641 1345 37 24 the
1691 1346 136 30 performers
1839 1352 23 18 to

1280 1387 76 15 amuse
1368 1379 36 23 the
1417 1379 107 23 audience
1535 1379 21 23 is
1568 1379 133 28 concerned,
1714 1386 67 23 every
1791 1380 71 23 credit

1280 1413 17 22 is
1310 1412 44 23 due
1366 1417 21 18 to
1401 1412 56 23 their
1465 1413 122 27 exertions,
1596 1411 45 24 and
1648 1412 37 23 the
1695 1413 168 31 respectability

1280 1445 22 23 of
1312 1445 38 23 the
1363 1452 93 16 concern
1465 1454 7 20 ;
1486 1445 49 29 but,
1548 1452 32 16 we
1589 1449 61 19 must
1657 1453 48 23 say,
1718 1445 48 24 that
1778 1454 14 14 a
1801 1454 61 16 more

1280 1479 135 30 disgraceful
1431 1486 67 15 scene
1510 1486 24 15 as
1548 1478 93 30 regards
1658 1479 147 27 thecpnduct
1817 1480 24 23 of
1850 1488 13 15 a

1280 1517 62 26 great
1354 1513 87 30 portion
1449 1512 25 22 of
1484 1512 48 22 that
1543 1516 51 27 part
1603 1512 25 22 of
1637 1511 38 23 the
1684 1512 116 29 audience,
1813 1513 49 23 who

1280 1545 105 31 occupied
1397 1544 58 23 what
1473 1553 38 15 are
1530 1544 71 23 called
1620 1545 38 22 the
1671 1545 60 23 front
1743 1550 68 24 seats,
1830 1553 33 16 we

1280 1586 67 16 never
1356 1578 117 23 witnessed
1483 1579 24 22 in
1517 1586 43 23 any
1568 1578 83 23 Public
1663 1578 135 24 Exhibition
1806 1579 57 23 from

1282 1611 154 31 Whitechapel
1452 1614 23 20 to
1493 1611 69 23 Duck
1578 1610 72 25 Lane.
1686 1612 44 23 We
1748 1612 64 29 wish,
1831 1621 33 15 we

1280 1645 67 23 could
1358 1645 74 23 flatter
1443 1645 124 28 ourselves,
1585 1644 50 24 that
1648 1653 31 15 we
1697 1646 167 31 unfortunately

1280 1679 80 22 visited
1379 1679 18 22 it
1416 1687 28 15 on
1455 1687 14 14 a
1485 1678 67 31 night
1570 1677 72 24 which
1654 1679 70 22 forms
1744 1687 13 15 a
1768 1679 94 31 solitary

1280 1712 151 29 exception<to
1444 1712 38 22 the
1497 1712 93 31 general
1603 1712 96 23 conduct
1710 1712 25 24 of
1750 1712 37 24 the
1799 1712 65 24 audi-

1280 1753 62 21 ence*
1361 1745 41 24 but
1420 1753 31 16 we
1470 1753 39 15 are
1521 1749 22 19 at
1561 1753 13 15 a
1586 1744 47 24 loss
1644 1745 35 24 for
1700 1754 13 15 a
1731 1746 93 23 shadow
1841 1746 26 23 of

1280 1784 103 25 pretence
1403 1779 34 23 for
1458 1779 92 30 coming
1570 1784 23 17 to
1617 1779 56 23 such
1691 1787 14 15 a
1725 1779 137 28 conclusion,

1280 1811 93 24 without
1385 1813 88 29 casting
1485 1812 55 23 such
1558 1812 128 23 reflections
1698 1820 61 24 upon
1778 1813 38 22 the
1827 1813 37 22 in-

1280 1846 110 22 dividuals
1403 1846 73 22 whose
1489 1846 98 22 conduct
1603 1845 41 23 has
1657 1846 132 24 occasioned
1800 1846 64 23 these

1280 1879 100 23 remarks
1392 1886 25 15 as
1429 1887 31 14 we
1474 1879 82 22 should
1566 1879 29 22 be
1607 1885 65 25 sorry
1684 1884 22 19 to
1719 1880 27 23 do
1757 1889 7 19 ;
1778 1879 85 28 before,

1280 1912 109 29 however,
1409 1920 32 15 we
1453 1912 109 22 conclude
1574 1912 60 23 what
1652 1920 32 15 we
1704 1912 56 24 have
1780 1917 23 18 to
1815 1920 48 23 say,

1281 1948 31 18 Wfe
1323 1945 46 28 beg
1408 1949 22 16 to
1442 1945 27 20 be
1482 1944 143 27 understood,
1644 1945 49 21 that
1705 1952 41 14 our
1758 1945 105 21 observa-

1281 1975 57 24 tions
1349 1976 26 23 do
1387 1980 40 19 not
1437 1974 84 24 extend
1529 1980 21 17 to
1561 1975 49 23 that
1619 1977 88 29 portion
1716 1976 26 23 of
1751 1976 36 23 the
1799 1976 65 23 audi-

1280 2016 54 16 ence
1346 2009 130 30 composing
1494 2008 37 23 the
1544 2007 116 32 labouring
1672 2008 82 24 classes
1766 2016 26 15 or
1803 2016 61 16 mec-

1281 2042 85 23 hanics.
1403 2041 41 23 We
1462 2049 38 16 are
1512 2044 38 20 the
1562 2041 44 23 last
1623 2042 84 30 parties
1726 2042 48 23 who
1787 2042 73 23 would

1280 2075 52 23 lend
1350 2082 40 16 our
1408 2079 153 19 countenance
1574 2082 24 15 or
1615 2075 113 23 influence
1749 2080 22 18 to
1792 2075 72 23 check

1281 2108 37 23 the
1340 2108 149 23 introduction
1510 2108 23 23 of
1554 2115 45 23 any
1618 2109 87 30 species
1725 2108 26 23 of
1770 2108 95 23 rational

1281 2147 158 22 amusements,
1458 2141 73 23 which
1549 2141 38 23 the
1606 2141 112 24 members
1730 2141 26 24 of
1771 2150 14 14 a
1802 2149 62 16 com-

1281 2175 87 30 munity
1379 2174 65 23 could
1461 2179 75 18 resort
1554 2179 30 23 to,
1604 2179 23 18 to
1646 2174 82 24 relieve
1747 2175 38 23 the
1803 2174 62 24 mind

1280 2207 58 23 from
1359 2207 38 24 the
1417 2212 104 18 constant
1540 2215 107 23 pressure
1669 2208 24 23 of
1711 2209 92 30 anxiety
1822 2208 43 23 and

1281 2246 129 25 monotony,
1430 2241 74 22 which
1528 2240 38 23 the
1587 2241 89 23 routine
1700 2241 25 23 of
1748 2241 116 29 domestic,

1281 2274 111 28 business,
1401 2274 43 23 and
1452 2274 64 23 other
1523 2274 110 31 pursuits,
1644 2275 136 30 necessarily
1792 2279 73 19 create

1281 2307 44 23 and
1337 2307 120 31 engender.

1314 2341 49 23 But
1373 2348 31 15 we
1418 2340 54 24 have
1485 2340 39 24 the
1533 2344 115 27 strongest
1658 2341 124 31 objections
1792 2345 23 19 to
1827 2341 39 23 the

1282 2374 88 31 mixing
1386 2381 31 23 up
1429 2373 37 24 the
1485 2374 127 23 boisterous
1630 2381 82 24 uproar
1725 2374 24 23 of
1765 2374 38 23 the
1815 2379 50 27 tap-

1283 2415 61 15 room
1357 2407 52 23 with
1420 2407 96 23 rational
1533 2411 162 25 amusements,
1716 2408 23 22 in
1751 2408 73 23 which
1836 2408 31 23 all

1283 2441 83 22 classes
1378 2441 44 23 and
1439 2439 120 24 individals
1571 2440 26 23 of
1613 2441 54 22 both
1689 2449 65 15 sexes
1774 2441 45 23 and
1836 2442 31 22 all

1283 2482 53 22 ages
1349 2479 58 17 meet
1418 2473 110 31 together,
1548 2472 42 24 and
1603 2481 26 15 as
1641 2474 19 22 it
1671 2482 93 23 appears
1777 2482 41 15 our
1829 2482 37 16 re-

1283 2507 113 31 spectable
1414 2507 98 23 resident
1531 2507 147 30 Magistrates
1690 2515 38 16 are
1748 2507 119 32 becoming

1283 2548 25 15 so
1320 2540 58 24 alive
1390 2545 23 18 to
1425 2540 37 24 the
1474 2541 106 22 interests
1594 2540 24 23 of
1627 2540 39 24 the
1678 2541 144 28 Settlement,
1833 2549 34 15 we

1283 2573 58 31 hope
1367 2573 44 23 and
1432 2578 67 23 trust,
1529 2573 53 31 they
1604 2573 47 24 will
1673 2578 52 19 turn
1749 2574 59 23 their
1831 2579 35 18 at-

1284 2608 86 22 tention
1382 2612 22 18 to
1422 2606 44 24 this
1479 2606 95 31 subject,
1594 2607 43 23 and
1656 2608 32 30 by
1697 2616 14 14 a
1721 2615 82 24 proper
1824 2608 44 23 and

1286 2641 78 30 timely
1370 2640 165 28 'interference,
1559 2645 89 26 protect
1669 2641 38 23 the
1716 2648 1 4 '
1728 2641 139 31 respectable

1284 2674 88 31 portion
1384 2674 26 22 of
1418 2673 37 23 the
1467 2674 140 30 community
1619 2674 24 22 in
1655 2674 38 24 the
1704 2674 130 32 enjoyment
1844 2675 27 23 of

1285 2715 13 15 a
1307 2707 96 23 rational
1415 2714 78 16 source
1505 2707 25 23 of
1539 2712 151 19 amusement.

1317 2740 44 22 We
1373 2740 55 22 have
1439 2740 43 23 felt
1493 2741 18 22 it
1521 2740 38 23 the
1570 2747 62 16 more
1645 2749 119 23 necessary
1771 2745 23 19 to
1803 2741 66 23 dwell

1285 2781 60 23 upon
1363 2773 36 23 the
1411 2773 89 31 subject
1516 2773 24 23 in
1552 2774 29 22 its
1599 2773 99 32 infancy,
1717 2774 98 23 because
1833 2782 33 15 we

1285 2806 80 24 should
1385 2806 28 23 be
1429 2814 65 23 sorry
1506 2806 49 24 that
1572 2806 38 24 the
1629 2808 138 30 proprietors
1786 2808 83 22 should

1285 2844 41 27 put
1346 2839 135 24 themselves
1498 2844 23 19 to
1540 2847 45 23 any
1603 2848 107 23 expense,
1730 2849 60 23 upon
1808 2841 61 23 what

1286 2877 82 19 cannot
1386 2873 28 23 be
1431 2872 121 31 permitted
1571 2878 22 18 to
1605 2875 61 22 exist
1683 2875 26 22 in
1728 2874 38 23 the
1777 2879 92 26 present

1286 2906 70 31 shape
1364 2914 24 15 or
1399 2906 106 24 location.

1329 2959 159 22 MEETING
1506 2961 44 20 OF
1569 2961 73 20 THE
1662 2960 161 21 COUNCIL.

1394 3018 131 29 Tuesday,
1544 3018 64 24 May
1627 3020 40 28 23,
1687 3020 73 23 1843.

1484 3058 109 17 council
1611 3059 61 17 met.

1319 3084 97 24 Present
1465 3084 50 24 Mr.
1540 3084 102 30 Hunter,
1666 3084 90 32 Mayor,
1779 3086 25 23 in
1828 3084 38 25 the

1288 3117 76 28 Chair,
1394 3117 96 23 Messrs.
1519 3117 125 24 Aldermen
1667 3117 75 32 Lyon,
1766 3118 100 32 Guyton,

1287 3151 71 28 Scott,
1370 3150 103 29 Jenkins,
1486 3150 111 30 Johnson,
1610 3151 44 24 and
1665 3151 82 24 Waitt.

1319 3183 51 24 The
1397 3183 84 32 Mayor
1502 3184 73 24 stated
1597 3184 48 24 that
1667 3184 28 24 he
1713 3185 42 23 had
1770 3185 71 24 called
1855 3194 11 15 a

1287 3217 83 31 special
1387 3218 106 30 meeting,
1513 3218 24 23 in
1553 3225 156 24 consequence
1726 3218 25 24 of
1766 3218 38 25 the
1816 3224 50 19 t'me

1287 3251 83 30 having
1381 3251 86 23 arrived
1483 3250 66 24 when
1568 3251 38 23 the
1623 3259 50 15 new
1692 3251 102 32 Burgess
1815 3251 51 25 Roll

1287 3288 60 19 must
1358 3283 27 23 be
1397 3283 63 24 made
1472 3288 49 19 out.
1564 3284 47 28 He,
1624 3284 120 30 therefore,
1755 3286 111 31 proposed

1278 3317 57 23 ''that
1357 3316 37 24 the
1415 3316 34 24 fee
1471 3317 26 23 of
1523 3317 161 23 half-a-crown
1707 3318 28 23 be
1752 3319 55 30 paid
1834 3319 32 23 for

1287 3349 127 27 enrolment
1424 3357 24 16 as
1460 3358 14 15 a
1488 3350 112 30 Burgess.

1320 3382 48 24 Mr.
1381 3383 64 23 Scott
1455 3383 113 23 seconded
1578 3383 39 23 the
1629 3384 96 23 motion.

1319 3416 47 24 For
1378 3415 38 24 the
1434 3417 87 22 motion
1556 3416 99 25 Messrs.
1675 3417 102 29 Hunter,
1796 3418 70 29 Scott,

1287 3449 44 25 and
1343 3449 100 30 Guyton.

1319 3483 98 31 Against
1429 3482 36 23 tbe
1473 3482 88 23 motion
1594 3482 99 25 Messrs.
1704 3483 74 32 Lyon,
1787 3484 79 30 Waitt,

1286 3516 44 24 and
1342 3516 109 24 Johnson.

1425 3549 65 30 Ayes
1709 3552 15 22 3

1427 3581 63 24 Noes
1711 3585 15 22 3

1319 3616 51 24 The
1381 3615 103 27 Mayor's
1496 3615 88 27 casting
1600 3619 51 20 vote
1663 3617 24 22 in
1698 3617 87 24 favour.

1344 3681 193 24 ENGLISH
1568 3681 246 24 EXTRACTS.

1286 3751 4 4 -
1312 3737 42 24 An
1363 3735 79 24 honest
1454 3735 89 30 farmer,
1556 3735 50 23 who
1625 3742 46 16 was
1691 3740 23 20 at
1727 3745 29 16 an
1768 3738 101 30 agricul-
1872 3744 2 7 '

1286 3769 60 24 tural
1368 3768 62 26 show
1447 3768 88 30 dinner,
1547 3768 66 24 when
1632 3768 39 24 the
1691 3769 46 24 late
1756 3770 72 26 Duke
1847 3773 26 32 of;

1284 3801 134 33 Buccleugh
1429 3810 45 15 was
1486 3802 25 23 in
1523 3801 38 24 the
1582 3801 70 30 chair,
1665 3803 44 23 and
1730 3811 14 16 a
1763 3805 73 24 found
1846 3806 27 23 of

1278 3848 4 13 :
1286 3834 97 35 fighting
1394 3843 52 16 men
1456 3836 70 29 being
1543 3834 96 30 toasted,
1652 3843 43 16 one
1713 3837 79 32 giving
1804 3838 65 24 Wel-

1279 3869 103 32 lington,
1394 3868 94 25 another
1501 3868 109 29 Graham,
1623 3876 14 16 a
1656 3869 62 24 third
1729 3870 65 25 Lord
1810 3871 59 29 Hill,

1288 3903 44 24 and
1343 3911 26 15 so
1380 3910 38 21 on,
1429 3902 57 29 said,
1498 3902 66 23 when
1581 3902 19 23 it
1620 3909 63 17 came
1700 3907 23 19 to
1734 3903 43 24 his'
1783 3908 54 20 turn

1312 3935 42 24 I'll
1363 3936 36 28 gie
1411 3942 28 22 ye
1450 3934 117 24 Saunders
1579 3934 102 30 Pirgivie
1697 3936 21 22 o'
1734 3935 137 26 Chrichtbn-

1886 128 63 28 dean,
1961 128 36 23 for
2009 128 48 24 he's
2065 128 48 26 had
2125 136 13 15 a
2149 129 45 23 sair
2205 128 71 32 fecht
2292 130 35 23 wi'
2340 128 45 27 the'
2396 134 70 23 world

1886 161 19 23 a*
1918 160 35 23 his
1965 160 39 23 life
2039 168 28 16 an
2077 161 81 24 honest
2168 170 52 15 man
2239 162 62 24 wi'a
2312 163 40 32 big

1919 191 86 25 Scotch
2012 196 83 28 paper.
2205 189 4 13 ''

1919 226 139 24 Political
2079 227 174 25 Gunpowder.
2306 229 76 24 When
2403 230 64 26 Lord

1887 259 58 23 Bath
1957 266 46 16 was
2017 259 44 23 told
2074 261 26 22 of
2115 261 37 23 the
2171 261 172 24 determination
2361 262 26 24 of
2401 268 65 20 turn-

1886 292 40 30 ing
1938 295 39 20 out
1989 291 49 24 Pitt
2050 292 43 23 and
2112 293 81 31 letting
2212 294 52 24 Fox
2281 296 87 22 remain
2387 297 24 23 in
2431 298 37 24 the

1888 325 116 30 Ministry,
2016 323 29 25 he
2049 325 65 29 <said,
2130 326 26 25 it.
2158 331 41 26 put
2218 327 49 24 him
2286 329 23 22 in
2330 329 63 24 mind
2415 331 24 22 of
2454 339 13 16 a

1878 362 69 26 story
1955 357 30 24 -of
1994 356 38 28 the
2043 357 136 32 gdnpowder
2190 360 56 30 plot.
2271 361 50 23 The
2330 361 49 24 lord
2389 362 78 25 cham-

1886 389 85 24 berlain
1974 397 4 3 1
1984 398 45 16 was
2041 395 51 19 sent
2104 395 22 19 to
2137 393 102 23 examine
2260 393 38 24 the
2309 395 73 23 vaults
2394 396 75 25 under

1887 423 36 23 the
1936 422 134 32 parliament
2081 424 78 29 house,
2172 425 43 24 and
2233 428 119 30 returning
2366 429 55 23 with
2432 429 36 25 his

1887 461 81 26 report,
1982 456 56 29 said,
2078 456 28 24 he
2118 457 43 23 had
2181 458 70 24 found
2271 461 197 33 five-and-twenty

1886 489 85 23 barrels
1988 490 25 22 of
2027 490 145 30 gunpowder,
2185 490 49 25 that
2253 492 28 23 he
2299 493 44 23 had
2362 497 107 23 removed

1888 527 37 19 ten
1943 522 25 23 of
1992 522 70 29 them,
2083 523 45 24 and
2148 523 72 32 hoped
2243 525 38 23 the
2304 527 64 23 other
2390 529 79 24 fifteen

1887 555 73 23 would
1971 555 29 23 do
2012 562 30 16 no

1921 588 114 24 Curious
2048 589 190 25 Coincidences
2248 598 159 20 uespectino
2419 602 50 17 the

1889 628 98 16 letter
2000 622 27 28 c,
2041 629 30 16 as
2093 630 150 17 connected
2265 632 68 17 with
2352 635 50 15 the
2424 636 46 16 la-

1888 661 107 17 MENTED
2025 654 127 25 Princess
2182 656 165 27 Charlotte.
2419 661 52 24 Her

1888 688 107 23 mother's
2008 696 66 15 name
2086 696 45 15 was
2144 689 106 24 Caroline
2261 699 7 21 ;
2286 691 40 24 her
2342 701 49 16 own
2403 702 68 16 name

1888 728 45 16 was
1945 721 119 23 Charlotte
2075 730 6 20 ;
2102 722 49 23 that
2161 722 25 23 of
2202 723 41 24 her
2255 730 90 20 consort
2357 727 95 31 Coburg
2460 736 8 21 ;

1889 753 38 24 she
1940 762 44 15 was
1997 755 98 23 married
2106 759 22 19 at
2145 751 197 37 Carlton-houseV
2357 759 41 24 her
2410 765 61 19 town

1888 787 115 23 residence
2025 795 46 15 was
2095 793 23 18 at
2145 789 211 27 Camelford-house
2365 802 7 19 ;
2405 793 66 24 Lord

1890 819 128 24 Caraelford
2038 828 46 16 was
2105 821 125 32 ultimately
2241 823 71 24 killed
2330 825 25 24 in
2367 834 13 15 a
2400 826 53 24 duel
2462 835 7 21 ;

1889 852 40 24 her
1951 857 97 27 country
2065 854 115 26 residence
2201 856 137 30 Claremont,
2361 858 110 33 formerly

1890 885 36 23 the
1944 891 108 26 property
2069 887 26 23 of
2116 887 62 24 Lord
2201 889 64 23 Clive
2275 899 6 19 ;
2309 890 40 24 she
2372 891 52 25 died
2446 893 25 24 in

1890 918 102 24 childbed
2001 927 7 21 ;
2027 919 38 24 the
2078 927 64 16 name
2149 917 30 27 'of
2194 921 40 23 tar
2252 924 138 24 accoucheur
2401 925 68 26 being
2469 935 2 4 1

1891 951 72 25 Croft.

1923 984 87 25 Proof
2024 993 30 16 op
2067 993 23 23 a,
2097 986 84 25 Max's
2189 995 80 17 being
2278 997 66 17 able
2356 998 31 16 to
2399 999 72 17 read

1890 1025 53 17 and
1956 1026 92 17 write.
2085 1019 33 23 At
2126 1020 37 24 the
2174 1020 61 25 Eton
2246 1023 68 31 Petty
2326 1024 103 30 Session;
2442 1033 31 16 on

1890 1051 151 31 Wednesday,
2062 1052 38 24 the
2118 1052 50 25 lists
2188 1054 24 23 of
2227 1063 94 23 persons
2340 1059 132 23 nominated

1890 1089 22 19 to
1924 1092 63 16 serve
2005 1085 36 23 the
2060 1086 65 23 office
2145 1087 25 23 of
2184 1096 103 16 overseer
2306 1090 35 23 for
2359 1090 39 24 the
2417 1099 54 23 year

1890 1118 95 31 ensuing
1996 1126 58 16 were
2065 1119 46 23 laid
2122 1119 76 24 before
2208 1120 38 24 the
2259 1122 72 24 bench
2344 1124 24 22 of
2383 1125 86 30 magis-

1890 1155 76 20 trates.
2003 1152 24 24 A
2043 1153 130 30 magistrate
2188 1153 82 31 taking
2287 1162 30 25 up
2330 1164 42 15 one
2393 1158 26 23 of
2433 1158 38 24 the

1890 1184 56 29 lists,
1960 1184 105 32 inquired
2078 1185 25 23 of
2118 1184 36 25 the
2175 1188 116 23 constable
2309 1189 21 23 if
2344 1190 61 23 John
2426 1191 44 23 So-

1891 1218 80 22 and-so
1991 1218 66 23 could
2079 1218 53 23 read
2153 1219 44 23 and
2219 1221 71 24 write.
2353 1223 13 23 I
2391 1223 82 25 should

1887 1250 49 31 just
1947 1250 67 24 think
2032 1251 28 23 he
2082 1251 72 29 could,
2173 1260 56 22 your
2385 1258 88 30 replied

1891 1284 36 22 the
1939 1284 122 23 constable.
2112 1284 46 23 But
2168 1286 50 31 why
2230 1286 28 24 do
2270 1296 43 22 you
2326 1289 65 23 think
2405 1298 24 15 so
2439 1291 11 24 ?

1916 1317 67 30 Why,
1997 1317 96 23 because
2109 1317 28 22 he
2155 1318 65 25 looks
2403 1323 70 25 Have

1890 1357 44 23 you
1945 1357 29 15 no
1987 1350 64 23 other
2062 1358 80 15 reason
2152 1351 34 23 for
2199 1353 107 32 thinking
2424 1357 47 29 Oh,

1890 1390 47 23 yes,
1950 1391 56 21 your
2295 1388 59 24 what
2373 1390 20 22 is

1918 1416 74 23 Cause
2002 1416 51 23 he's
2064 1417 95 23 married
2176 1423 22 19 to
2217 1428 14 15 a
2248 1428 71 24 werry
2331 1423 141 31 respectable

1891 1454 48 18 sort
1949 1449 26 23 of
1984 1458 14 15 a
2154 1451 50 24 The
2215 1461 81 16 reason
2308 1456 107 30 assigned
2425 1465 47 15 was

1891 1482 127 24 conclusive
2027 1492 6 20 ;
2058 1484 44 22 and
2119 1484 38 24 the
2174 1493 61 22 man,
2247 1487 50 23 who
2314 1489 100 24 married
2458 1499 13 15 a

1891 1523 70 23 werry
1980 1517 139 29 respectable
2137 1523 47 18 sort
2206 1520 25 22 of
2254 1529 15 14 a
2424 1531 45 16 was

1891 1548 53 31 duly
1956 1550 129 30 appointed.

1919 1585 223 24 Pedestrianism.
2144 1588 127 29 Mountjoy,
2282 1590 37 22 the
2335 1592 134 29 pedestrian,

1892 1613 142 27 successfully
2051 1614 127 28 completed,
2196 1623 28 14 on
2245 1618 109 28 Saturday
2368 1618 51 28 last,
2434 1621 37 22 the

1893 1642 55 17 most
1964 1639 140 23 remarkable
2121 1641 42 22 feat
2181 1642 25 21 of
2219 1643 95 29 walking
2328 1646 56 21 from
2401 1646 71 23 Leeds

1892 1668 22 19 to
1923 1665 117 27 Bradford,
2050 1667 45 22 and
2105 1668 55 22 back
2170 1670 71 26 again,
2254 1670 62 23 three
2325 1672 62 22 times
2395 1673 75 23 within

1893 1694 26 19 14
1935 1693 72 27 hours,
2019 1701 30 14 on
2064 1694 35 22 six
2114 1696 120 22 successive
2252 1697 60 28 days,
2324 1699 67 27 being
2404 1707 15 14 a
2429 1701 43 21 dis-

1893 1722 64 19 tance
1973 1720 25 21 of
2012 1721 26 20 62
2053 1721 63 22 miles
2132 1722 53 22 each
2201 1723 51 27 day.
2281 1726 28 20 So
2318 1726 48 21 well
2376 1734 45 14 was
2434 1728 38 22 the

1891 1746 46 21 feat
1956 1747 169 27 accomplished,
2145 1749 47 22 that
2210 1750 118 29 Mountjoy
2344 1753 127 27 performed

1893 1773 36 20 the
1939 1773 43 22 last
1994 1774 98 27 journey
2102 1776 24 21 of
2139 1778 24 19 18
2179 1777 62 22 miles
2257 1778 22 21 in
2296 1780 121 22 somewhat
2429 1781 43 23 less

1891 1800 54 21 than
1954 1807 69 21 many
2034 1801 26 21 of
2072 1802 37 21 the
2122 1802 105 29 journeys
2237 1805 65 22 made
2312 1810 30 17 >at
2354 1814 28 14 an
2392 1807 79 23 earlier

1891 1830 49 23 part
1949 1827 26 21 of
1989 1826 36 23 the
2040 1829 69 21 week.
2138 1830 42 26 He,
2192 1830 106 29 however,
2309 1833 111 23 exceeded
2435 1835 37 21 the

1892 1853 61 22 usual
1965 1856 27 19 14
2001 1854 66 22 hours
2077 1863 28 14 on
2115 1857 114 27 Saturday,
2241 1858 40 22 but
2291 1860 42 21 this
2344 1867 61 15 arose
2416 1861 56 23 from

1892 1880 36 21 the
1944 1880 167 28 circumstance,
2126 1882 46 23 that
2187 1884 63 22 while
2267 1886 95 27 walking
2376 1887 96 28 through

1893 1906 36 22 the
1938 1908 108 26 populous
2058 1908 72 27 places
2139 1910 28 21 he
2183 1910 44 22 had
2239 1916 21 17 to
2270 1919 49 21 pass
2330 1918 23 16 at
2364 1914 107 28 mid-day,

1892 1933 33 21 his
1934 1941 100 18 progress
2045 1942 43 13 was
2098 1936 152 26 considerably
2260 1940 102 19 retaxW
2373 1941 14 18 L
2386 1948 49 17 ygr
2434 1946 39 14 M

1891 1959 93 20 number
1994 1959 26 21 of
2034 1960 84 26 people,
2135 1960 54 27 who,
2201 1962 21 21 in
2234 1962 57 21 their
2299 1964 89 26 anxiety
2398 1969 24 17 to
2435 1973 37 14 see

1893 1984 35 22 the
1940 1985 131 26 pedestrian,
2085 1987 43 20 had
2144 1988 128 26 assembled,
2283 1989 45 22 and
2342 1997 56 16 were
2409 1999 64 15 occa-

1893 2011 91 26 sionally
2002 2011 24 21 in
2045 2011 34 22 his
2098 2020 54 19 way.
2186 2014 203 30 Notwithstanding
2412 2018 61 22 these

1893 2038 115 26 obstacles,
2032 2038 28 22 he
2087 2040 130 22 manifested
2242 2049 29 14 no
2295 2043 132 23 diminution
2451 2045 24 22 of

1892 2065 99 26 physical
2001 2066 99 27 strength
2107 2074 5 19 ;
2128 2067 43 22 and
2182 2068 17 21 it
2205 2070 116 26 appeared,
2330 2078 29 14 on
2370 2072 100 21 examin-

1892 2092 37 25 ing
1938 2091 37 22 tbe
1986 2091 124 23 time-table
2121 2094 71 21 which
2208 2094 45 23 had
2264 2096 54 22 been
2335 2097 52 27 kept
2398 2098 25 22 of
2435 2099 37 21 the

1893 2118 66 21 hours
1975 2122 22 17 at
2014 2119 72 22 which
2102 2120 27 21 he
2140 2122 81 21 started
2240 2122 43 22 and
2295 2124 103 22 returned
2417 2126 54 21 each

1893 2145 49 26 day,
1959 2145 49 21 that
2022 2145 28 22 he
2065 2146 45 22 had
2123 2149 162 25 accomplished
2300 2150 36 22 the
2355 2152 35 21 six
2410 2151 61 28 days'

1892 2172 46 21 feat
1947 2172 51 22 half
2004 2180 27 14 an
2043 2173 57 22 hour
2109 2174 74 22 within
2191 2176 36 21 the
2236 2175 89 24 allotted
2335 2178 61 22 time.
2424 2180 47 21 The

1881 2202 102 18 amount
1992 2199 72 22 raised
2074 2200 55 22 from
2147 2202 117 28 voluntary
2279 2204 157 29 subscriptions
2448 2213 23 15 as

1893 2232 13 14 a
1916 2226 83 21 reward
2008 2226 35 21 for
2053 2227 43 21 this
2109 2229 165 27 extraordinary
2283 2232 150 28 undertaking
2445 2232 26 27 is,

1893 2259 32 14 we
1941 2252 144 27 understand,
2103 2255 65 22 about
2183 2256 53 26 15,
2253 2257 47 22 14
2309 2258 24 21 of
2351 2258 72 23 which
2434 2260 38 21 has

1893 2279 54 21 been
1959 2280 142 22 contributed
2111 2286 22 17 at
2142 2282 78 27 Leeds,
2232 2284 44 21 and
2285 2285 30 22 1
2325 2287 23 19 at
2355 2286 116 22 Bradford.

1895 2306 38 21 We
1944 2306 86 22 believe
2041 2308 49 21 that
2104 2308 61 23 there
2179 2310 19 21 is
2208 2317 29 14 no
2248 2310 59 23 truth
2320 2311 24 22 in
2355 2312 38 22 the
2406 2316 66 19 state-

1893 2336 62 18 ment
1970 2333 48 22 that
2034 2334 118 29 Mountjoy
2166 2336 40 22 has
2225 2337 91 28 already
2332 2340 99 26 engaged
2451 2344 21 18 to

1894 2360 55 21 walk
1966 2359 58 23 from
2040 2361 114 28 Liverpool
2171 2366 22 19 to
2204 2364 95 23 London
2309 2365 22 22 in
2347 2373 68 15 seven
2425 2374 48 14 suc-

1894 2387 82 22 cessive
1987 2387 118 27 days.and
2121 2397 61 19 carry
2193 2390 53 22 with
2264 2391 46 22 him
2330 2394 39 20 112
2386 2394 87 27 pounds

1894 2413 91 28 weight;
2002 2414 39 23 but
2055 2414 17 22 it
2081 2415 19 22 is
2109 2415 33 22 his
2158 2416 109 23 intention
2278 2422 22 18 to
2309 2419 97 27 perform
2422 2427 51 15 ano-

1895 2440 47 22 ther
1951 2441 80 22 almost
2045 2441 121 24 incredible
2181 2444 46 22 feat
2236 2445 23 22 in
2271 2453 41 14 one
2329 2446 62 27 hour,
2403 2451 23 17 at
2436 2448 36 20 the

1895 2467 98 22 Victoria
2008 2468 190 28 Cricket-ground,
2210 2472 221 28 Woodhouse-moor,
2446 2481 27 14 on

1895 2495 99 26 Monday
2008 2499 60 22 next,
2081 2496 24 21 of
2124 2497 70 22 which
2205 2498 36 22 the
2256 2499 112 28 following
2384 2508 38 14 are
2436 2501 36 21 the

1893 2522 172 26 particulars:
2067 2522 52 22 Run
2138 2531 41 14 one
2199 2526 50 21 mile
2280 2526 56 21 walk
2359 2535 43 14 one
2422 2527 50 22 mile

1894 2548 105 23 forwards
2015 2549 44 22 and
2075 2557 41 14 one
2132 2550 52 23 mile
2204 2552 154 23 backwards
2360 2554 87 22 trundle
2460 2561 13 14 a

1895 2575 56 28 hoop
1962 2576 50 21 half
2019 2583 13 14 a
2043 2576 80 22 mile
2124 2578 67 22 wheel
2202 2586 12 14 a
2224 2579 83 23 barrow
2315 2580 50 22 half
2371 2588 13 14 a
2394 2581 79 21 mile-

1895 2602 43 27 hop
1956 2610 61 20 upon
2038 2611 41 14 one
2095 2604 36 27 leg
2144 2606 40 21 200
2200 2606 92 26 yards
2293 2615 41 14 run
2348 2608 125 22 backwards

1894 2631 41 20 200
1953 2630 95 28 yards
2050 2630 50 28 pick
2118 2639 30 19 up
2164 2633 28 20 40
2208 2640 53 20 eggs
2276 2634 52 22 with
2345 2634 34 22 his
2390 2635 81 25 mouth,

1895 2656 78 28 placed
1982 2665 14 14 a
2005 2658 55 26 yard
2071 2661 67 23 apart,
2151 2659 90 22 without
2250 2660 35 22 bis
2293 2661 69 22 knees
2369 2662 104 26 touching

1896 2684 36 21 the
1942 2684 87 27 ground
2038 2692 25 14 or
2072 2684 36 23 his
2117 2685 59 22 hand
2184 2686 108 28 touching
2307 2688 38 21 the
2359 2696 61 19 eggs,
2431 2689 43 21 and

1896 2711 64 27 bring
1970 2712 54 21 each
2034 2719 42 20 egg
2085 2712 24 21 in
2118 2712 34 22 his
2160 2713 84 27 mouth,
2255 2714 44 22 and
2309 2714 84 28 deposit
2405 2715 17 21 it
2431 2715 22 22 in
2462 2722 12 14 a

1896 2738 82 22 bucket
1986 2739 26 21 of
2018 2743 69 18 water
2093 2739 90 22 without
2191 2740 116 28 breaking,
2314 2742 42 21 and
2366 2742 55 22 then
2427 2742 47 27 leap

1897 2772 51 15 over
1958 2768 27 19 20
1995 2765 90 23 hurdles
2100 2766 79 27 placed
2193 2769 26 20 10
2233 2768 66 27 yards
2313 2772 69 24 apart.
2412 2769 62 21 After

1897 2791 36 22 the
1944 2792 128 23 conclusion
2084 2794 25 21 of
2123 2792 41 23 this
2173 2794 53 26 feat,
2239 2795 27 21 he
2279 2802 107 21 purposes
2395 2798 24 19 to
2431 2799 43 18 rest

1897 2818 48 22 half
1951 2827 29 14 an
1988 2820 63 26 hour,
2060 2820 44 21 and
2110 2820 51 22 then
2169 2822 95 26 proceed
2274 2825 21 18 to
2303 2822 94 22 another
2402 2822 72 22 hour's

1895 2845 49 22 task
1954 2846 27 21 of
1992 2847 96 26 running
2107 2854 65 15 seven
2191 2848 70 26 miles,
2273 2849 44 21 and
2326 2849 90 28 leaping
2425 2856 49 14 over

1896 2874 27 19 80
1941 2872 90 23 hurdles
2046 2877 23 18 at
2084 2881 13 14 a
2113 2874 109 22 elebation
2241 2874 28 22 of
2282 2876 76 27 nearly
2367 2876 50 22 four
2425 2876 49 21 feet.

1897 2898 41 21 We
1952 2898 137 23 understand
2099 2899 46 22 that
2159 2901 89 21 Colonel
2266 2902 125 26 Markham,
2403 2903 27 21 of
2440 2902 34 22 the

1895 2925 43 22 32d
1956 2926 113 27 Infantry,
2088 2926 40 22 has
2145 2926 75 28 kindly
2238 2928 111 27 promised
2372 2929 50 21 that
2443 2929 32 21 his

1896 2952 58 21 band
1967 2952 57 21 shall
2034 2952 26 22 be
2071 2953 23 22 in
2105 2954 132 22 attendance
2245 2962 6 19 ;
2268 2954 44 22 and
2321 2955 49 21 that
2385 2956 90 22 Mount-

1894 2978 39 28 joy
1944 2979 17 21 is
1971 2982 23 18 to
2005 2979 56 22 have
2072 2979 37 23 the
2120 2980 112 23 Colonel's
2238 2985 120 24 patronage
2369 2982 46 22 and
2430 2983 45 21 that

1897 3006 26 21 of
1928 3006 38 21 the
1977 3005 63 22 other
2050 3006 84 23 officers
2145 3008 25 21 of
2182 3008 37 21 the
2233 3008 109 28 regiment
2350 3016 29 14 on
2393 3009 38 22 the
2441 3017 33 14 oc-

1897 3033 83 22 casion.
2010 3034 66 21 Leeds
2086 3035 106 26 Mercury.

1923 3060 47 23 The
1983 3062 86 26 Cologne
2081 3063 91 24 Gazette,
2184 3062 25 22 of
2219 3062 38 22 tbe
2269 3065 32 20 Ist
2315 3062 91 29 instant,
2424 3071 49 15 con-

1897 3087 57 22 tains
1971 3095 14 14 a
2001 3092 75 24 report
2093 3090 47 21 that
2158 3090 36 21 the
2210 3090 80 22 Grand
2302 3090 101 22 Duchess
2413 3091 60 26 Olga,

1898 3114 108 28 daughter
2016 3116 27 21 of
2056 3117 37 21 the
2106 3117 106 28 Emperor
2222 3117 25 21 of
2258 3117 88 26 Russia,
2361 3124 44 16 was
2419 3120 21 18 to
2449 3117 24 21 be

1898 3140 75 23 united
1984 3147 22 17 to
2016 3143 37 22 the
2064 3143 78 23 Prince
2156 3143 26 22 of
2198 3143 80 23 Hesse.
2373 3144 19 22 is
2400 3144 74 27 proba-

1970 3169 55 23 adds
2040 3170 44 22 this
2100 3170 96 28 journal,
2241 3170 44 23 this
2299 3171 84 22 branch
2399 3171 27 21 of
2436 3170 37 23 ,the

1899 3195 67 22 house
1980 3197 26 21 of
2017 3197 80 27 Hesse,
2112 3197 70 23 which
2198 3197 39 21 has
2253 3197 38 22 the
2306 3198 135 27 prospective
2453 3196 22 22 of

1898 3224 122 27 occupying
2029 3231 63 15 some
2102 3224 42 27 day
2154 3224 37 22 the
2206 3223 80 22 throne
2303 3224 25 22 of

1898 3249 53 22 This
1970 3250 101 22 Princess
2093 3251 19 21 is
2132 3251 37 21 tbe
2186 3250 52 27 lady
2257 3250 59 22 fixed
2335 3258 59 21 upon
2419 3257 53 16 some

1897 3276 88 22 months
2004 3277 59 22 since
2082 3277 30 27 by
2130 3277 36 22 the
2185 3279 99 25 Morning
2299 3279 83 20 Herald
2399 3285 24 15 as
2439 3277 34 22 the

1898 3310 79 20 spouse
1987 3305 27 21 of
2024 3303 38 22 the
2072 3304 66 22 Duke
2148 3304 24 22 of
2184 3304 125 28 Bordeaux,
2325 3305 74 23 Henri
2414 3304 57 27 Cinq.

1897 3331 86 21 Post.

1925 3357 40 22 We
1976 3357 63 23 learn
2048 3357 58 22 from
2116 3357 83 28 Berlin,
2210 3357 49 23 that
2271 3358 37 22 the
2324 3358 115 27 Assembly
2451 3356 23 22 of

1897 3384 38 22 the
1954 3384 126 22 Provincial
2099 3385 76 26 States,
2198 3385 27 28 by
2246 3393 13 14 a
2277 3385 102 27 majority
2398 3385 25 21 of
2439 3385 30 24 90,

1898 3411 87 27 against
1994 3413 19 24 8,
2025 3411 93 22 decided
2132 3412 23 21 in
2171 3411 78 23 favour
2264 3413 24 21 of
2306 3413 38 21 the
2357 3412 81 27 project
2451 3413 18 18 to

1898 3437 105 23 establish
2020 3445 15 14 a
2053 3438 111 22 universal
2184 3442 84 24 system
2286 3439 26 21 of
2331 3438 102 22 railroads
2448 3436 21 22 in

1898 3465 94 26 Prussia,
2013 3467 23 19 to
2056 3469 94 18 connect
2164 3465 29 23 all
2208 3465 39 23 the
2265 3466 114 27 provinces
2398 3465 25 21 of
2437 3463 32 22 the

1897 3491 122 28 monarchy
2034 3492 108 27 together.
2177 3493 82 21 Whilst
2277 3493 36 21 tbe
2328 3491 141 23 fortifications

1898 3517 23 23 of
1930 3517 108 23 Rastrade
2049 3518 46 22 and
2104 3518 52 23 Ulm
2165 3527 37 15 are
2210 3519 140 28 progressing
2355 3526 22 14 so
2383 3517 84 28 rapidly,

1897 3545 37 22 the
1944 3545 78 22 Baden
2032 3545 44 22 aud
2093 3546 153 27 Wurtemberg
2262 3547 161 21 Governments
2436 3549 31 15 are

1897 3575 39 19 not
1945 3571 37 23 the
1992 3571 45 23 less
2047 3572 72 22 active
2132 3573 22 22 in
2170 3573 108 28 pursuing
2293 3573 37 21 the
2345 3572 91 29 projects
2448 3568 23 23 of

1897 3599 113 26 railroads,
2020 3598 45 22 and
2073 3606 33 15 we
2115 3599 137 23 understand
2261 3600 48 21 that
2323 3599 36 22 the
2377 3596 90 29 negotia-

1898 3627 58 21 tions
1970 3625 57 23 have
2038 3625 57 23 been
2107 3626 120 23 concluded
2243 3625 182 28 advantageously
2438 3622 29 22 for

1897 3653 52 23 both
1958 3652 120 23 countries.

1924 3679 93 28 Captain
2041 3679 129 33 Marryatt's
2193 3687 48 15 new
2259 3679 66 22 novel
2344 3679 24 21 of
2387 3674 80 26 Pecival

1898 3707 77 21 Keene
1986 3713 44 15 was
2039 3706 153 28 re-published
2199 3707 25 22 in
2231 3706 101 22 America
2338 3702 129 30 thirty-three

1897 3733 66 22 hours
1982 3733 57 22 after
2058 3733 38 22 the
2112 3734 46 21 first
2172 3740 57 21 copy
2241 3733 44 22 had
2302 3733 54 21 been
2374 3729 92 24 received

1897 3760 68 27 there,
1976 3760 35 22 for
2020 3759 68 23 about
2097 3761 111 26 sixpence.

1931 3869 58 24 The
2003 3869 167 24 Wandering
2180 3868 64 25 Jbw.
2280 3865 57 27 This
2344 3868 19 23 is
2373 3874 15 16 a
2395 3863 70 30 vulgar

1898 3910 63 16 error
1979 3902 26 24 of
2019 3902 153 28 copsiderable
2191 3902 120 31 antiquity.
2346 3899 42 25 Dr.
2400 3897 65 26 Percjr

1898 3935 51 24 tells
1961 3943 28 16 us
2001 3935 50 24 that
2060 3936 19 23 it
2092 3935 104 24 obtained
2201 3934 43 24 full
2254 3934 70 24 credit
2333 3933 25 23 in
2368 3931 44 24 this
2421 3928 43 31 part

2009 3818 356 25 MISCELLANEOUS.

119 1011 170 24 SHIPPING
307 1011 274 24 INTELLIGENCE.

278 1067 141 20 ARRIVED.

86 1099 51 27 May
147 1101 34 23 25,
192 1101 102 19 schooner
305 1101 66 19 Three
383 1100 106 24 Brothers,
502 1099 36 24 50,
555 1099 86 26 Thorns,

56 1127 55 21 from
122 1127 71 22 Queen
205 1127 127 21 Charlotte's
343 1127 72 19 Sound
425 1127 40 19 and
475 1126 84 26 Cloudy
568 1127 52 25 Bay.

299 1177 117 20 SAILED.

315 1209 71 21 None.

96 1260 11 13 x
283 1264 33 21 IN
331 1264 86 21 PORT.

82 1298 85 26 Barque
176 1298 132 24 Indemnity,
317 1297 44 20 450
380 1300 50 17 tons
437 1310 5 10 ,
449 1295 87 25 Adams,
548 1294 95 27 refitting

55 1325 91 26 Agents,
158 1325 70 20 Waitt
238 1325 43 20 and
292 1325 77 25 Tyser.

82 1353 110 19 Schooner
213 1355 58 23 Ann,
296 1353 26 19 22
343 1355 59 21 tons,
428 1352 84 24 Brown,
537 1350 46 21 laid
606 1357 36 21 up.

55 1381 78 25 Agent,
145 1381 69 19 Waitt
224 1382 42 19 and
277 1381 77 26 Tyser.

83 1408 109 20 Schooner
215 1409 62 25 Erin,
303 1409 26 19 25
354 1411 57 22 tons,
436 1407 76 26 Relph.
553 1406 89 26 Master,

58 1435 78 26 Agent.

83 1463 51 25 Brig
148 1463 82 24 Lur.ar,
245 1463 39 19 165
294 1465 58 21 tons,
368 1462 34 20 W.
413 1462 61 20 Ellis.
501 1461 87 20 Rhodes
602 1461 41 20 and

56 1490 47 21 Co..
115 1492 89 23 Agents.

84 1518 116 23 Schooner,
211 1517 60 26 Lady
279 1518 73 26 Leigh,
366 1517 40 20 109
417 1520 55 21 tons,
484 1516 77 27 Munn,
588 1515 54 21 Fitz-

57 1545 93 24 herbert,
161 1546 78 25 Agent.

86 1572 107 21 Schooner
211 1572 104 20 Governor
331 1572 91 26 Hobson,
433 1572 26 19 40
474 1572 58 20 tons'
543 1570 99 25 Scanloo,

58 1599 57 20 Hort
124 1600 41 19 and
176 1600 49 23 Co.,
235 1601 86 25 Agents.

85 1629 110 20 American
206 1628 46 25 ship
261 1628 78 19 Robert
348 1626 109 26 Pulsford,
471 1626 41 20 400
522 1628 57 19 tons.
607 1625 34 21 W.

58 1656 92 20 Wallace
160 1656 41 19 and
212 1655 46 25 Co.,
269 1656 87 24 Agents.

87 1683 98 25 Whaling
208 1682 78 26 barque
308 1682 80 25 Sophia
411 1681 42 20 and
469 1681 71 25 Eliza,
566 1680 76 21 Coffin.

56 1710 94 21 Wallace
160 1710 40 20 and
211 1710 47 23 Co.,
269 1710 86 25 Agents.

84 1738 107 20 Schooner
212 1738 65 19 Three
300 1737 107 25 Brothers,
427 1737 26 20 50
474 1738 57 22 tons,
552 1736 88 19 Thorns.

60 1765 97 27 Captain,
167 1765 77 25 Agent.

64 3039 87 1 New
180 3039 204 1 Zealand
413 3038 203 2 Gazette

100 3124 67 17 AND
181 3124 215 17 WELLINGTON
416 3124 182 17 SPECTATOR.

195 3180 128 26 Saturday,
341 3182 57 21 May
413 3182 33 25 27,
463 3183 61 21 1843.

67 3250 5 3 .
98 3228 29 23 In
135 3236 152 23 consequence
293 3229 35 31 (as
334 3231 18 21 it
359 3238 26 15 su
390 3230 128 32 bsequently
526 3231 120 31 appeared)

67 3262 23 22 of
104 3266 92 25 strange
218 3264 183 28 representation,
420 3272 24 15 or
456 3265 190 31 mis-interpreta-

67 3296 45 21 tion
125 3295 25 22 of
165 3295 60 22 what
236 3295 37 22 fell
285 3295 57 24 from
354 3297 38 22 the
404 3297 76 24 Police
500 3297 145 31 Magistrate,

67 3332 20 18 at
99 3326 39 24 the
150 3327 59 23 close
221 3328 25 22 of
261 3327 38 23 the
316 3328 157 31 investigation
492 3331 25 22 of
540 3331 38 23 the
595 3339 51 16 case

67 3361 97 23 referred
187 3365 37 19 too
246 3361 24 23 in
291 3368 38 16 our
352 3361 45 24 last
414 3363 101 29 number,
536 3364 72 23 which
626 3365 20 23 it

67 3394 89 23 seemed
176 3393 45 24 had
241 3393 95 24 reached
355 3394 38 23 the
405 3403 49 15 ears
465 3396 24 22 of
498 3401 59 18 most
569 3397 25 23 of
609 3397 37 24 the

67 3427 98 23 resident
181 3427 55 23 land
253 3427 89 23 holders
360 3428 25 22 of
401 3427 37 24 the
456 3433 66 25 town,
536 3437 23 15 or
572 3436 22 17 to
607 3438 39 16 use

67 3460 57 23 their
136 3467 50 16 own
195 3460 139 31 expression,
370 3460 44 23 had
433 3469 38 15 ran
490 3462 98 31 through
609 3464 37 23 the

175 3493 45 23 and
232 3493 88 23 created
334 3501 29 15 no
381 3494 177 24 inconsiderable
577 3493 70 27 alarm'

67 3527 23 22 in
109 3526 38 24 the
165 3526 75 24 minds
260 3527 24 22 of
298 3526 83 31 gentle,
401 3535 25 14 as
444 3528 49 23 well
511 3535 26 16 as
555 3530 89 30 simple.

67 3560 22 25 A
112 3560 131 31 deputation
267 3560 25 23 of
313 3559 137 31 gentleman,
470 3560 31 24 all
519 3561 25 23 of
565 3562 80 30 whom,

67 3600 52 15 save
131 3601 49 21 one,
193 3601 39 16 are
243 3594 24 22 in
280 3592 37 25 the
325 3592 150 24 Commission
484 3594 25 23 of
518 3594 37 23 the
563 3595 82 24 Peace,

67 3626 68 23 thatis
148 3631 21 17 to
181 3634 49 23 say,
267 3626 94 23 Colonel
373 3625 130 30 Wakefieldj
516 3627 38 23 the
565 3627 81 31 Mayor

67 3660 25 21 of
100 3658 149 32 Wellington,
263 3660 47 23 Mr.
324 3659 103 30 Guyton,
440 3659 45 23 Mr.
496 3660 150 30 Fitzherbert,

67 3691 48 24 Mr.
145 3692 113 32 Moreing,
287 3691 85 30 J.P's.,
401 3692 44 23 and
468 3692 47 24 Mr.
537 3693 109 30 Johnson,

67 3725 80 22 waited
169 3733 61 23 upon
252 3725 48 24 Mr.
320 3725 159 31 M'Donough,
503 3726 39 23 the
570 3726 76 25 Police

67 3752 145 35 Magistrate,
234 3759 31 23 in'
275 3759 49 23 that
342 3759 121 28 character,
476 3765 24 17 to
518 3765 91 26 request
625 3761 24 23 of

68 3789 47 24 him
137 3796 22 17 to
180 3791 90 31 explain
291 3796 21 19 to
329 3792 61 23 them
402 3792 59 23 what
472 3792 29 23 he
515 3792 44 24 had
577 3793 70 31 really

67 3823 57 29 said,
138 3831 24 15 or
173 3824 61 23 what
249 3825 89 31 opinion
359 3825 30 23 he
407 3825 44 23 had
473 3826 130 31 expressed,
621 3835 25 15 as

68 3860 23 19 to
103 3856 38 23 the
153 3856 103 32 liability,
265 3865 28 20 or.
301 3858 124 31 obligation
437 3858 24 24 of
468 3863 89 19 tenants
569 3865 78 27 topay

67 3897 44 23 any
133 3894 57 24 rent,
226 3891 84 31 stating
332 3897 23 17 at
378 3892 38 23 the
435 3899 61 17 same
516 3893 61 29 time;
584 3905 3 6 '
598 3893 49 24 'hat

67 3921 93 29 general
169 3930 97 17 rumour,
272 3923 43 24 had
333 3925 122 25 attributed
466 3930 22 19 to
500 3925 48 24 him
562 3927 84 23 certain

663 129 136 28 exressions,
811 128 82 28 which',
909 127 20 24 if
944 130 93 26 correct,
1049 132 60 19 went
1120 132 23 19 to
1155 127 91 24 the'de-

664 162 109 23 struction
785 162 30 22 of:
826 161 30 23 all
868 160 60 24 tittle
939 165 22 18 to
975 165 123 31 property,,
1103 160 46 24 and
1167 168 79 16 conse-

665 194 93 31 quently
768 198 31 19 -to
808 197 10 19 -\
822 194 100 29 security
940 198 20 18 to
980 198 124 26 property-;
1115 193 44 23 but
1175 194 19 23 it
1210 193 36 23 did

665 231 38 19 not
715 235 82 23 appear
815 234 55 23 very
889 225 81 30 clearly
982 226 59 23 from
1053 226 60 23 what
1124 226 122 30 particular

665 268 78 15 source
762 260 37 22 the
819 263 77 27 report
915 258 63 24 itself
995 259 126 28 emanated,
1140 266 35 16 or^
1186 259 63 23 what

667 301 57 15 were
736 292 37 23 the
784 297 66 18 exact
862 291 71 24 words
942 291 27 24 he
980 291 47 24 had
1037 291 65 24 made
1112 299 40 16 use
1160 292 30 23 of.

700 325 48 24 Mr.
769 324 162 33 M'Donojugh,
950 324 52 26 with
1021 332 15 15 a
1053 329 105 26 courtesy
1176 325 71 23 which

667 358 37 24 the
728 359 175 22 circumstances
921 356 69 24 under
1009 356 75 25 which
1106 356 58 24 their
1185 358 60 28 visit,

667 391 44 23 and
726 390 49 28 the.
776 390 169 29 extraordinary
955 397 65 24 array
1033 390 26 23 of
1076 398 26 15 so
1113 398 69 23 many
1192 390 55 24 bro-

667 424 50 23 ther
728 424 149 30 Magistrates
889 423 87 30 coming
988 428 22 17 to
1019 423 105 31 question
1135 431 14 15 a
1160 424 86 29 gentle-

667 464 52 16 man
737 461 24 18 to
780 456 91 31 explain
883 455 36 23 his
930 456 103 31 conduct,
1038 463 29 15 on
1079 456 38 22 the
1129 456 80 24 Bench
1225 461 22 19 to

667 489 69 29 them,
749 496 46 16 was
806 489 57 23 little
876 488 122 23 calculated
1007 489 31 23 to'
1042 488 127 29 command,
1178 489 70 24 heard

668 522 62 23 these
741 521 129 31 gentlemen
888 521 54 23 with
959 521 37 23 the
1015 526 101 27 greatest
1130 523 116 28 attention,

668 555 42 23 and
724 555 75 22 closed
809 554 37 23 his
865 554 142 31 explanation
1023 555 33 29 by
1067 554 120 31 observing
1197 553 49 26 how

668 588 67 22 much
747 588 28 22 he
792 587 114 31 regretted
917 587 47 23 that
979 587 28 23 he
1018 588 46 22 had
1075 588 58 22 been
1144 587 104 32 deprived

668 621 25 22 of
701 621 38 22 the
755 621 124 22 assistance
891 620 26 23 of
926 620 35 23 his
980 621 92 22 brother
1092 620 155 31 Magistrates,

668 654 43 23 and
720 654 53 22 .how
784 653 68 23 much
870 653 29 23 he
919 652 80 24 should
1020 654 45 22 feal
1082 653 117 24 honoured
1218 654 30 31 by

669 686 57 24 their
736 687 124 26 assistance
867 685 45 25 and
923 686 74 24 advice
1004 694 63 23 upon
1078 686 31 23 all
1120 687 113 23 occasions
1240 696 6 20 ;

670 727 58 24 upon
740 719 73 23 which
825 720 64 23 these
900 719 127 31 gentlemen
1039 719 55 23 took
1108 719 59 24 their
1178 719 68 30 leave,

669 753 133 30 expressing
821 752 140 29 themselves,
980 760 26 15 as
1025 752 37 23 far
1081 760 26 15 as
1130 760 32 16 we
1185 753 64 24 could

670 786 79 23 collect
761 785 58 23 from
838 785 59 23 their
914 792 100 22 manner,
1027 785 111 31 perfectly
1150 786 99 24 satisfied

670 818 52 23 with
735 818 36 23 the
783 817 72 24 result
874 817 24 23 of
914 817 57 24 their
982 818 125 29 interview,
1124 826 24 15 or
1161 826 87 17 remon-

670 856 96 24 strance,
779 858 25 15 or
816 850 25 23 of
856 850 110 24 whatever
985 850 117 25 character
1121 851 59 24 their
1198 853 52 23 visit

670 892 44 15 was
727 883 130 24 considered
869 884 31 31 by
912 884 59 23 them
983 889 23 18 to
1017 884 65 24 bear.

702 917 44 23 We
759 917 108 30 certainly
879 924 57 16 were
949 917 115 31 surprised
1075 921 24 20 at
1110 917 39 24 the
1160 918 89 32 novelty

670 950 25 23 of
708 958 13 15 a
731 950 60 29 body
802 950 26 22 of
844 950 136 23 Gentlemen
996 951 25 22 in
1039 950 38 24 the
1098 951 152 24 Commission

670 983 25 23 of
711 982 37 23 the
767 983 83 28 Peace,
862 982 41 23 but
923 983 56 29 who,
996 991 30 15 no
1047 983 78 30 doubt,
1136 983 57 24 from
1213 984 36 25 the

671 1024 66 22 many
750 1016 78 22 claims
840 1023 61 24 upon
912 1015 57 24 their
981 1017 61 28 time,
1056 1024 42 16 can
1110 1016 86 25 seldom
1204 1018 46 23 find

670 1057 14 15 a
701 1057 66 23 spare
783 1048 59 24 hour
859 1053 23 18 to
902 1049 101 24 dedicate
1022 1055 23 18 to
1064 1050 39 23 the
1119 1050 73 23 duties
1204 1052 25 22 of
1237 1059 14 16 a

671 1082 143 31 Magistrate,
822 1082 92 30 waiting
921 1089 59 24 upon
988 1082 39 24 the
1032 1084 77 29 acting
1117 1082 133 32 Magistrate

670 1123 59 23 upon
741 1123 62 15 some
815 1122 73 24 vague
900 1120 80 26 report,
1001 1120 22 19 to
1035 1121 93 26 request
1138 1117 29 22 he
1178 1117 72 24 would

670 1148 91 31 explain
771 1148 36 23 his
824 1148 97 23 conduct
937 1148 34 24 for
990 1149 59 23 their
1066 1149 123 31 particular
1208 1151 42 23 and

670 1181 125 23 individual
823 1181 138 24 satisfaction
990 1190 25 15 or
1044 1183 117 30 curiosity.
1208 1183 42 24 We

670 1214 56 24 have
748 1219 40 18 not
808 1214 78 28 heard,
905 1214 44 23 and
966 1223 33 15 we
1020 1214 57 24 have
1098 1216 70 23 taken
1187 1224 63 16 some

670 1248 63 30 pains
745 1252 23 19 to
781 1248 119 28 ascertain,
914 1248 97 23 whether
1024 1248 39 23 the
1074 1250 91 30 anxiety
1178 1249 72 24 which

670 1280 119 32 prompted
810 1280 62 24 them
896 1287 23 18 to
940 1281 54 24 seek
1018 1290 15 15 a
1055 1282 97 23 solution
1176 1283 24 23 of
1215 1283 36 23 the

668 1314 100 30 grounds
781 1314 24 23 of
815 1314 59 23 their
885 1314 76 29 alarm,
975 1315 96 23 induced
1089 1315 61 23 them
1163 1320 22 18 to
1199 1316 52 24 take

670 1355 44 23 any
725 1355 78 16 means
815 1347 26 23 of
856 1348 94 30 causing
960 1348 37 23 the
1018 1348 72 23 result
1105 1348 25 24 of
1146 1348 60 24 their
1216 1350 34 23 in-

670 1381 98 28 terview,
776 1388 25 16 as
813 1380 52 24 well
877 1388 25 16 as
913 1381 51 23 thei.
965 1390 3 4 1
980 1389 51 15 own
1041 1381 139 24 satisfaction
1193 1383 25 22 of
1226 1383 24 28 it,

670 1418 22 18 to
735 1421 43 15 run
789 1414 68 30 along
877 1414 38 23 the
1038 1416 23 21 in
1072 1414 66 24 order
1156 1419 22 19 to
1190 1416 58 31 allay

670 1446 37 24 the
724 1447 132 23 uneasiness
877 1447 72 23 which
967 1447 38 23 the
1024 1447 77 31 public
1124 1448 61 24 mind
1206 1453 44 19 Was

668 1480 119 30 labouring
805 1480 72 23 under
895 1480 57 23 from
970 1481 198 30 mis-conception,
1193 1482 56 23 mis-

668 1513 178 31 interpretation,
860 1520 25 16 or
903 1514 235 31 mis-representation
1149 1515 26 23 of
1190 1515 61 24 what

670 1546 41 23 had
725 1546 57 23 been
792 1546 50 23 said
854 1553 30 16 on
896 1546 37 23 the
945 1546 96 32 subject.
1168 1561 36 13 -,

701 1585 34 24 At
752 1585 38 24 the
805 1593 63 16 same
879 1586 61 28 time,
953 1586 63 24 when
1037 1595 32 15 we
1081 1588 104 23 consider
1203 1588 48 24 that

670 1619 51 29 they
733 1626 57 16 were
802 1627 63 15 some
877 1620 25 22 of
912 1621 37 22 tbe
959 1620 85 31 largest
1058 1620 91 24 holders
1163 1621 25 23 of
1197 1621 54 25 land

672 1652 83 29 orders,
768 1660 63 15 some
842 1647 119 30 allowance
971 1654 21 23 is
1003 1653 44 24 due
1054 1663 6 20 ;
1080 1654 52 29 and,
1144 1653 45 25 had
1197 1655 52 31 they

669 1686 81 23 waited
767 1694 61 23 upon
839 1686 38 24 the
889 1686 136 31 Magistrate
1039 1688 24 22 in
1075 1687 49 24 that
1135 1688 116 24 character

670 1719 73 30 might
759 1719 57 23 have
840 1719 95 31 pleaded
957 1720 58 23 their
1037 1721 93 31 anxiety
1153 1721 49 24 that
1222 1730 29 15 no

670 1757 89 26 greater
769 1752 129 24 difficulties
911 1753 79 23 should
1002 1753 31 30 by
1042 1762 44 23 any
1096 1762 84 21 means,
1190 1755 61 23 how-

670 1793 51 15 ever
732 1785 175 29 unintentional,
919 1786 28 23 be
958 1786 72 23 added
1048 1792 22 18 to
1089 1787 39 24 the
1146 1788 105 30 grievous

670 1826 54 15 ones
753 1818 51 31 they
827 1819 90 31 already
939 1819 55 24 have
1018 1828 26 16 so
1068 1821 55 30 long
1145 1821 106 24 laboured

670 1851 78 29 under,
769 1853 75 29 owing
862 1856 23 19 to
905 1853 37 23 the
960 1853 115 24 unsettled
1097 1859 58 18 state
1175 1855 26 23 of
1216 1854 35 25 the

671 1884 65 24 Land
758 1885 121 29 Question,
892 1886 43 23 and
955 1894 66 23 every
1038 1887 120 23 allowance
1180 1887 71 24 woufd

672 1919 25 22 be
708 1918 65 23 made
784 1919 36 22 for
834 1926 47 24 any
893 1924 57 18 want
969 1920 26 23 of
1009 1919 58 24 form
1088 1928 26 15 or-

672 1952 23 21 in
715 1950 96 30 seeking
831 1951 35 22 for
884 1952 152 22 information.
1071 1952 55 27 But,
1139 1946 115 34 we~muys

671 1990 39 23 say
721 1983 36 23 for
768 1990 44 23 any
825 1990 42 16 one
888 1984 137 30 magistrate,
1039 1992 25 14 or
1084 1984 59 30 body
1158 1985 32 22 .of
1204 1992 47 15 ma-

670 2016 114 30 gistrates,
797 2021 23 18 to
832 2017 52 22 wait
896 2024 58 22 upon
973 2024 12 15 a
1005 2016 130 31 gentleman
1154 2018 43 22 and
1210 2009 41 32 call

672 2057 58 23 upon
742 2049 46 23 him
808 2053 23 19 to
851 2049 97 31 explain,
959 2057 27 15 or
1004 2049 54 30 give
1074 2058 29 15 an
1114 2053 100 26 account,
1227 2056 24 18 tit

671 2082 110 23 whatever
792 2090 45 22 you
855 2090 51 22 may
918 2082 74 31 please
1013 2088 24 18 to
1058 2087 58 20 term
1136 2084 25 28 it,
1175 2084 24 23 of
1214 2084 37 23 the

672 2123 92 15 manner
775 2116 23 22 in
811 2115 72 23 which
896 2116 28 22 he
936 2116 71 30 might
1018 2116 58 23 have
1088 2117 106 31 disposed
1206 2117 24 23 of
1239 2125 13 15 a

672 2156 49 15 case
738 2148 99 30 brought
858 2148 77 24 before
957 2149 55 29 him,
1034 2150 97 23 because
1150 2150 101 23 forsooth

672 2189 61 15 some
750 2190 84 23 person
854 2190 25 14 or
897 2190 100 23 persons,
1010 2183 52 23 who
1080 2190 58 16 were
1157 2191 25 15 or
1194 2191 57 16 were

672 2219 39 18 not
728 2220 100 26 present,
841 2214 44 24 had
905 2215 96 31 thought
1018 2216 28 23 fit
1066 2214 35 32 (to
1119 2224 89 15 answer
1218 2216 34 24 for

672 2247 71 31 aught
756 2256 32 15 we
807 2247 76 30 know,
903 2256 60 16 some
983 2249 87 31 private
1091 2249 44 23 end
1154 2249 26 24 of
1196 2249 57 24 their

673 2281 69 31 own,)
754 2286 21 18 to
788 2281 108 24 attribute
909 2282 102 29 conduct,
1025 2282 43 23 and
1081 2287 42 26 put
1140 2282 59 24 forth
1212 2291 39 15 ex-

673 2315 114 30 pressions
810 2322 25 16 as
859 2315 90 30 coming
977 2315 60 23 from
1060 2315 49 23 that
1130 2316 123 24 individual

674 2347 71 23 which
757 2347 44 23 had
813 2355 29 15 no
854 2348 94 23 relation
959 2353 22 18 to
994 2348 38 24 the
1047 2357 51 15 case
1109 2349 76 24 before
1199 2349 53 29 him,

674 2381 39 23 but
731 2380 73 23 which
825 2381 43 23 had
881 2381 23 23 in
924 2389 61 15 some
1005 2381 82 32 degree
1105 2382 57 24 been
1177 2383 78 23 forced

674 2421 60 23 upon
745 2413 48 24 him
811 2414 30 30 by
853 2421 42 16 one
916 2414 25 23 of
955 2414 37 23 the
1010 2416 85 30 parties
1114 2416 23 22 in
1156 2416 38 23 the
1206 2423 49 16 case

674 2446 88 24 alluded
785 2451 30 24 to,
834 2451 37 19 too
891 2447 58 31 fully
966 2448 101 31 justifies
1091 2448 39 24 the
1152 2449 103 23 remarks

674 2481 22 22 in
727 2488 41 15 our
799 2480 136 31 preceeding
961 2481 104 29 nnmber,
1094 2482 100 25 wherein
1222 2491 31 15 we

675 2514 54 27 said,
743 2513 44 23 and
799 2513 73 23 which
884 2521 32 15 we
928 2522 48 15 now
987 2519 85 26 repeat,
1085 2515 50 23 that
1143 2515 63 24 there
1218 2524 36 16 are

675 2554 61 15 some
747 2547 130 30 gentlemen
889 2547 48 23 who
950 2547 45 23 find
1006 2548 20 23 it
1041 2555 63 16 more
1123 2550 133 23 convenient-

675 2584 21 18 to
707 2580 48 22 find
766 2580 57 23 fault
834 2580 54 22 with
900 2580 37 23 the
949 2580 132 24 authorities
1093 2582 61 28 here,
1166 2582 55 24 than
1233 2587 22 19 to

675 2612 54 23 take
742 2612 57 24 their
811 2613 67 23 share
889 2613 26 23 of
929 2613 37 24 the
979 2613 74 24 duties
1065 2614 25 23 of
1101 2615 154 30 Magistrates,

675 2646 72 23 which
768 2646 54 31 they
842 2646 58 24 have
919 2648 97 30 perhaps
1035 2648 45 23 had
1101 2648 75 24 thrust
1197 2656 58 25 upon

675 2679 69 28 them,
756 2679 41 23 but
809 2679 74 23 which
895 2679 57 24 their
968 2688 125 16 numerous
1112 2683 144 30 occupations

675 2712 62 23 leave
756 2712 62 23 them
841 2720 28 15 no
888 2714 54 22 time
959 2717 23 19 to
1001 2714 109 31 perform.
1152 2715 45 24 We
1219 2724 37 15 are

676 2745 67 31 ready
756 2750 22 18 to
790 2745 70 23 admit
872 2745 49 24 that
940 2750 39 19 not
999 2747 54 31 only
1065 2747 135 25 themselves
1216 2749 41 24 but

676 2786 66 22 every
754 2778 132 29 individual,
906 2779 54 23 have
980 2780 75 31 ample
1072 2789 80 16 reason
1171 2787 22 18 to
1214 2782 43 24 feel

676 2813 106 22 sensitive
794 2820 59 22 upon
874 2820 44 22 any
929 2813 62 31 point
1011 2814 75 23 which
1103 2822 42 15 can
1164 2823 51 16 ever
1233 2823 24 16 so

676 2845 93 31 slightly
782 2845 43 24 add
837 2850 23 19 to
872 2846 38 23 the
931 2846 115 24 unsettled
1064 2851 58 20 state
1140 2848 26 23 of
1179 2849 78 30 public

677 2878 84 31 feeling
778 2879 24 22 in
821 2878 45 24 this
879 2879 63 31 place
960 2887 25 15 as
997 2884 23 19 to
1041 2888 40 15 our
1100 2886 117 26 prospects
1229 2890 28 15 on

677 2911 37 23 the
736 2912 89 31 snbject
842 2912 26 23 of
884 2912 38 23 the
942 2913 128 23 settlement
1090 2914 26 23 of
1134 2914 37 24 the
1190 2915 67 23 Land

677 2944 119 29 Question,
815 2945 41 23 but
868 2954 25 15 so
904 2945 53 31 long
967 2952 25 17 as
1004 2954 34 16 we
1056 2946 58 24 have
1126 2947 37 24 the
1180 2956 78 17 means

676 2978 25 23 of
707 2978 134 31 expressing
853 2987 41 15 our
911 2980 100 30 opinons,
1033 2987 33 16 we
1077 2980 46 24 will
1136 2985 39 19 not
1190 2982 68 24 suffer

677 3011 36 23 the
728 3010 79 32 public
825 3011 139 32 indignation
985 3018 22 18 to
1020 3013 28 23 be
1061 3013 98 24 directed
1171 3016 88 29 against

676 3044 63 23 those
758 3044 49 23 who
827 3044 57 24 least
896 3046 25 23 of
936 3046 29 23 all
985 3054 38 15 are
1044 3050 23 19 to
1086 3046 73 24 blame
1178 3049 23 21 in
1221 3048 37 24 the

676 3083 88 17 matter.
810 3077 45 23 We
872 3077 57 25 have
951 3079 55 23 been
1027 3080 94 23 taunted
1140 3081 54 22 with
1211 3089 48 16 now

675 3109 107 31 toadyirg
791 3110 38 23 the
842 3110 117 32 Company
970 3112 52 23 then
1039 3113 38 23 the
1093 3112 163 32 Government,

675 3150 32 15 we
724 3150 52 16 care
794 3147 40 19 not
854 3143 60 24 what
931 3145 103 29 motives,
1056 3146 65 23 those
1138 3147 50 23 who
1207 3156 51 23 may

675 3176 56 23 have
743 3183 28 16 an
783 3176 94 24 interest
893 3178 25 22 in
929 3178 77 30 giving
1016 3187 15 14 a
1041 3178 57 24 false
1115 3179 108 25 direction
1236 3186 22 19 to

675 3209 37 23 the
731 3209 91 23 settlers
842 3210 61 29 here,
923 3218 25 16 as
967 3216 23 18 to
1009 3210 39 24 the
1068 3220 82 24 proper
1169 3218 90 26 quarter

674 3242 57 23 from
749 3242 74 23 which
840 3243 31 23 all
888 3243 38 24 the
946 3244 210 31 disappointments,
1174 3247 83 31 delays,

674 3275 43 23 and
729 3275 138 31 deceptions,
880 3276 72 24 which
962 3277 57 23 have
1030 3277 56 24 been
1096 3286 26 16 so
1131 3279 54 31 long
1194 3288 64 23 prac-

675 3308 56 23 tised
745 3316 60 23 upon
818 3309 69 29 them,
901 3310 44 23 and
954 3310 71 24 which
1038 3310 53 32 they
1099 3312 57 24 have
1168 3321 24 16 so
1206 3314 52 31 long

674 3341 43 23 and
729 3350 26 14 so
772 3342 112 31 patiently
895 3348 41 25 put
955 3351 30 23 up
998 3343 54 24 with
1070 3345 45 23 and
1137 3347 121 24 submitted

674 3379 30 24 to,
717 3382 52 23 may
782 3375 107 24 attribute
897 3384 40 15 our
946 3376 154 29 forbearance,
1109 3378 42 24 but
1160 3387 33 16 we
1201 3380 57 24 shall

674 3415 88 16 reserve
775 3416 41 15 our
834 3410 125 29 exposition
971 3410 26 23 of
1013 3410 39 23 the
1063 3410 71 24 whole
1147 3414 110 29 question,

674 3441 68 23 untill
764 3441 38 23 the
824 3441 60 24 close
903 3443 25 22 of
946 3443 36 24 the
1001 3443 162 31 investigation
1180 3446 26 23 of
1220 3446 38 25 the

675 3474 184 30 Commissioner,
873 3475 72 24 which
956 3484 24 15 as
997 3484 54 23 may
1063 3476 28 24 be
1110 3485 54 16 seen
1179 3478 33 32 by
1222 3476 36 28 his

674 3508 73 22 notice
759 3508 23 22 in
795 3516 40 15 our
848 3508 109 30 columns,
975 3510 47 23 will
1034 3510 61 23 close
1113 3510 24 24 in
1148 3511 45 24 less
1204 3512 54 24 than

674 3547 40 15 one
724 3540 77 23 month
803 3540 70 31 from
884 3541 38 23 the
929 3545 92 28 present
1033 3542 53 24 time
1093 3552 7 20 ;
1114 3544 34 23 till
1160 3545 55 24 then
1225 3553 33 16 we

675 3580 41 16 can
736 3573 66 23 await
821 3582 41 15 our
881 3575 61 28 time,
959 3576 128 30 regardless
1107 3577 25 23 of
1148 3578 110 24 whatever

674 3613 52 23 may
738 3606 27 23 be
783 3606 50 23 said
844 3607 26 22 of
884 3615 36 21 us,
940 3608 40 23 but
992 3608 54 24 with
1065 3610 45 22 this
1128 3618 128 23 assurance,

675 3638 54 29 that,
743 3646 33 15 we
787 3639 47 23 will
850 3639 126 25 endeavour
994 3641 28 24 to'
1036 3641 52 24 take
1100 3650 30 17 an
1146 3644 112 32 impartial

675 3672 54 22 view
742 3672 25 23 of
775 3672 38 23 the
826 3672 97 25 conduct
933 3678 38 19 not
983 3674 53 31 only
1046 3675 25 23 of
1080 3675 38 24 the
1131 3676 126 33 Company,

674 3712 61 23 upon
747 3704 38 24 the
797 3705 58 23 faith
867 3705 25 24 of
902 3706 72 24 whose
984 3707 90 24 honour
1087 3709 44 24 and
1143 3711 114 32 integrity,

675 3744 31 16 we
719 3744 56 16 were
787 3738 98 24 induced
896 3743 23 19 to
931 3740 94 24 embark
1042 3742 24 23 in
1082 3742 39 23 the
1133 3745 125 30 enterprize

674 3778 33 14 we
728 3770 54 29 did;
805 3771 43 23 but
866 3771 25 24 of
910 3772 38 24 the
966 3772 156 27 Government
1143 3780 23 19 to
1183 3777 81 31 whose,

674 3803 120 33 authority,
814 3805 88 32 though
913 3813 32 16 we
956 3814 38 16 are
1013 3807 97 32 subject,
1129 3817 35 21 w,e
1178 3817 80 17 never-

672 3836 85 25 theless
774 3845 93 24 possess
872 3838 45 27 .the
931 3839 59 32 right
1002 3840 27 24 of
1045 3846 177 26 remonstrance,
1241 3843 21 26 if

674 3877 32 16 we
717 3878 39 16 see
764 3871 51 31 just
825 3871 101 31 grounds
936 3872 35 24 for
982 3881 26 16 so
1021 3873 79 32 doing.

768 3898 34 22 :I'.
820 3916 3 2 .

708 3926 150 32 Wednesday,
870 3929 69 30 being
957 3930 38 23 the
1011 3931 151 31 annivemry
1159 3925 3 14 1
1174 3932 29 24 of-
1220 3933 40 26 her

558 41 98 45 &t)t
679 40 118 42 Weto
823 40 209 41 ZtaUmto
1058 39 192 46 <&a?ttH
1272 40 93 40 an*
1388 39 102 41 Wit
1491 38 199 47 ttingtott
1716 35 252 50 &pa*atoi\

1274 120 121 45 Majesty's
1413 128 113 31 birthday,
1549 127 38 26 the
1599 142 3 7 .
1611 127 141 29 inhabitants
1772 128 25 23 of
1813 129 45 23 this

1272 162 45 23 her
1428 162 123 31 Boroughy
1557 170 32 15 .as
1609 162 25 23 ia
1650 162 55 29 duty
1718 161 83 29 bound,
1814 162 48 23 had.

1274 203 104 16 recourse
1399 195 24 23 to
1445 195 38 22 the
1506 195 71 23 usiial-
1592 195 174 30 significations,
1860 193 4 9 :

1274 232 87 19 custom
1371 228 42 23 has
1425 227 54 31 long
1490 228 142 30 recognized,
1650 235 26 15 as
1696 226 121 24 indicative
1836 229 25 22 of

1274 261 38 22 the
1324 261 142 29 overflowing
1477 261 49 22 zeal
1539 261 25 22 of
1579 260 49 23 Mr.
1651 260 45 23 and
1714 260 60 23 Mrs.
1796 261 61 28 Bull,

1274 294 44 22 and
1330 294 30 22 all
1371 294 38 22 the
1418 293 58 23 little
1496 293 74 29 Bulls,
1590 293 24 22 in
1632 292 113 24 whatever
1763 298 52 25 part
1836 294 26 23 of

1274 327 38 22 the
1402 326 116 30 they^may
1528 326 38 23 be.
1594 344 3 2 .
1606 325 51 24 The
1669 332 93 24 magnus
1770 334 97 22 gunnus.

1273 364 64 24 unusf;
1350 360 70 22 under
1430 358 254 33 ttie^superintendance
1696 358 25 23 of
1737 367 14 14 a
1762 358 100 24 descent

1275 391 54 24 dant
1335 392 35 29 /of
1384 392 38 24 the
1434 391 148 31 M'Gregors,
1601 398 46 16 was
1666 392 24 22 in
1707 391 42 23 full
1761 393 104 29 requisi

1275 425 55 28 tion,
1354 426 43 23 and
1419 433 32 16 we
1473 424 46 25 had
1540 433 14 14 a
1569 424 108 32 practical
1698 425 67 30 proof
1780 425 26 23 of
1820 425 38 24 the

1275 458 143 25 sentimental
1428 466 55 16 uses
1495 463 22 18 to
1530 457 74 24 which
1615 457 137 32 gunpowder
1763 458 21 24 is
1796 466 61 17 some

1273 495 68 19 Ames
1347 504 3 7 .
1357 491 98 31 applied.
1504 490 62 24 Such
1578 491 21 22 is
1617 490 38 23 the
1673 490 62 23 force
1745 490 25 23 of
1785 490 71 30 habit,

1265 523 58 33 jthat
1335 524 38 23 the
1383 524 121 31 rejoicings
1523 531 57 16 were
1599 528 40 19 not
1658 523 103 23 confined
1768 528 33 19 to
1820 524 38 24 the

1275 557 91 31 roaring
1388 558 26 22 of
1427 565 13 16 a
1462 564 88 17 cannon
1558 565 6 20 ;
1578 556 40 23 but
1639 556 35 23 his
1693 556 109 32 Worship
1822 557 36 24 the

1276 589 90 31 Mayor,
1378 590 123 31 supported
1514 590 28 31 by
1554 589 97 24 several.
1655 590 111 23 members
1779 591 25 22 of
1820 590 38 24 the

1276 622 154 32 Corporation,
1442 631 25 16 as
1479 623 21 23 if
1515 623 29 31 by
1555 624 102 27 instinct,
1670 623 74 28 smelt,
1757 627 40 19 not
1807 623 52 31 only

1274 656 98 30 powder,
1383 656 42 24 but
1433 657 156 30 Champagne,
1599 656 73 22 which
1679 663 45 16 was
1738 656 120 24 circulated

1276 689 54 23 with
1352 697 14 15 a
1381 688 79 25 liberal
1481 689 68 28 hand,
1570 697 25 15 as
1616 697 14 15 a
1641 689 121 23 substitute
1774 689 35 23 for
1821 690 37 23 the

1276 722 142 23 accustomed
1439 723 62 30 glass
1525 722 25 23 of
1579 722 89 29 bitters,
1698 722 73 23 which
1799 722 61 24 John

1275 755 75 23 Bull's
1363 755 75 31 family
1448 756 57 23 have
1516 755 54 31 long
1580 755 59 23 been
1657 756 24 22 in
1700 755 37 24 the
1756 755 63 24 habit
1838 756 24 23 of

1276 788 81 31 taking
1374 788 143 31 medicinally
1528 788 76 24 before
1617 788 87 29 dinner,
1718 797 25 15 as
1754 797 14 15 a
1784 789 76 30 gentle

1275 822 142 29 provocative
1429 826 22 18 to
1463 830 14 15 a
1489 821 89 23 morbid
1589 826 85 25 system
1686 821 24 23 of
1726 821 38 24 the
1776 823 84 29 gastric

1272 854 82 31 juices,
1363 854 71 24 which
1441 855 42 23 has
1495 854 57 23 been
1562 854 132 23 considered
1702 863 24 14 as
1735 863 28 15 an
1770 855 90 23 heredi-

1276 893 48 24 tary
1337 887 86 24 disease
1434 888 23 23 in
1470 887 38 23 the
1521 887 77 30 family
1610 887 34 23 for
1654 889 120 22 centuries.

1310 920 51 23 The
1378 921 152 30 invigorating
1555 920 79 23 effects
1657 928 29 15 on
1712 920 39 24 the
1770 926 92 26 present

1276 954 111 28 occasion,
1400 953 43 23 had
1462 953 38 23 the
1513 953 65 23 effect
1595 953 25 23 of
1634 957 41 19 not
1693 953 53 31 only
1764 962 96 15 renova-

1276 987 50 30 ting
1343 986 38 23 the
1403 986 84 24 inward
1498 994 62 21 man,
1572 986 42 23 but
1634 986 26 23 of
1674 986 106 31 enabling
1799 995 62 16 some

1276 1021 25 23 of
1316 1020 40 23 her
1368 1019 120 32 Majesty's
1500 1019 59 31 loyal
1571 1018 100 33 subjects
1683 1023 24 19 to
1726 1028 37 15 see
1775 1020 85 29 double,

1277 1053 44 24 and
1338 1053 53 24 thus
1415 1057 21 19 to
1454 1052 48 24 find
1519 1053 59 23 their
1601 1060 49 23 way
1662 1052 66 24 home
1740 1052 54 32 long
1804 1054 58 23 after

1277 1087 18 23 it
1312 1094 46 15 was
1377 1086 55 24 dark
1443 1095 6 19 ;
1469 1085 81 29 which,
1571 1086 23 23 in
1617 1085 38 24 the
1674 1085 96 25 absence
1782 1087 26 23 of
1823 1087 37 23 the

1277 1120 83 23 benefit
1371 1120 25 23 of
1410 1119 29 24 all
1451 1120 83 30 paving
1552 1118 44 24 and
1614 1118 106 32 lighting,
1742 1120 19 23 is
1780 1124 82 20 matter

1277 1153 24 23 of
1316 1160 31 16 no
1358 1152 69 32 slight
1437 1153 148 30 importance.

61 133 92 49 MR.
168 132 83 23 JOHN
273 132 93 22 WADE
380 132 19 22 is
418 129 120 24 instructed
555 132 23 19 to
597 128 40 23 sell

150 160 29 31 by
195 158 77 23 Public
282 158 106 24 Auction,
403 162 24 17 at
441 156 104 23 Barrett's
559 155 76 26 Hotel,

61 194 29 13 on
99 186 109 26 Tuesday,
221 185 37 22 the
268 184 38 23 6th
322 185 26 22 of
361 185 59 22 June
429 186 59 24 next,
500 187 23 17 at
533 184 9 20 1
554 182 84 22 o'clock

185 212 113 27 precisely,
310 211 23 22 in
343 215 44 18 two
396 211 52 25 lots,'
455 209 61 22 those
554 215 7 5 *

155 243 70 22 TWO
253 243 137 21 WOODEN
419 241 124 24 HOUSES,

59 269 94 23 situated
169 277 29 14 on
213 270 74 27 Major
307 268 152 23 Hornbrook's
468 275 58 18 acre,
537 267 23 21 in
577 265 62 22 Mul-

59 304 67 18 grave
136 297 78 25 Street,
227 304 41 14 one
279 296 24 22 of
315 295 72 22 which
395 295 19 21 is
428 301 47 14 now
491 292 108 28 occupied
610 292 29 27 by

60 323 44 22 Mr.
117 323 78 27 Wylie,
206 326 24 18 at
242 330 13 14 a
268 322 70 22 rental
348 322 26 20 of
384 322 46 23 25
440 328 37 20 per
487 327 84 15 annum
580 327 5 19 ;
602 318 37 22 the

59 349 63 22 other
140 353 22 17 at
180 352 90 25 present
287 349 19 21 is
323 347 144 22 untenanted.
494 346 49 22 The
558 346 81 21 houses

61 383 36 14 are
107 376 52 21 held
169 376 73 21 under
250 375 69 22 leases
328 375 35 21 for
376 376 26 20 21
418 381 68 20 years,
498 376 24 19 at
531 380 13 15 a
552 371 88 28 ground

60 406 52 19 rent
121 403 25 21 of
153 403 33 21 6
196 402 62 22 each.

322 434 62 18 ALSO,

89 456 28 20 In
136 454 84 22 several
237 454 48 26 lots,
297 461 13 14 a
323 452 133 24 SECTION
481 452 39 21 OF
543 451 96 25 LAND,

60 482 80 21 situate
150 482 22 20 in
183 481 37 22 the
232 481 36 21 the
286 480 43 22 Kai
347 480 80 21 Warra
443 479 78 21 Warra
540 478 99 26 District,

59 515 52 14 near
120 511 22 18 to
153 508 61 26 Capt.
227 506 114 23 Danieli's.

84 534 43 21 For
145 534 85 21 further
246 533 137 27 particulars,
399 532 66 28 apply
476 536 24 18 to
518 531 38 22 the
579 530 62 22 Auc-

59 560 89 26 tioneer,
160 567 25 14 or
195 564 22 17 to
228 562 43 19 Mr.
284 560 113 22 Brandon.

87 592 55 27 May
152 593 33 24 27,
198 593 62 21 1843.

182 636 118 20 Wanted
314 637 29 19 to
359 636 155 25 Exchange,

60 669 50 46 A
125 667 147 22 COUNTRY
294 666 139 27 SECTION,
448 666 42 21 No.
508 666 29 22 37
555 673 28 14 on
604 664 37 22 the

138 695 129 26 Surveyor's
286 694 62 26 Plan,
366 694 80 21 chosen
465 693 29 27 by
512 693 45 21 Mr.
578 691 64 22 Child

60 725 22 17 at
98 721 37 22 the
153 722 134 26 Manawatu,
303 721 33 20 for
351 727 30 17 an
400 719 128 22 unselected
542 719 99 25 Country

59 748 90 21 Section
159 748 23 21 in
193 748 38 21 tbe
242 747 58 22 First
308 747 139 22 Settlement.
475 745 76 28 Apply
562 750 23 17 to

343 779 35 22 W.
394 779 29 22 V.
438 779 106 26 Brewer,
561 779 52 26 Esq.

87 807 113 26 February
212 807 32 25 17,
257 807 60 21 1843.

61 851 71 48 ON
148 852 85 23 SALE,
248 855 22 17 at
282 850 42 22 this
336 850 71 25 office,
419 850 67 21 blank
498 850 56 21 Bill
568 850 74 21 Books

138 878 14 10 "'
160 878 94 21 Gazette
291 877 70 22 office.
374 877 54 21 Dec.
438 878 20 19 4.

61 921 93 48 JUST
169 921 131 26 OPENED,
308 920 43 22 and
362 928 29 14 on
402 920 49 22 Sale
460 924 23 18 at
492 920 38 22 the
541 920 70 21 Office
621 920 25 21 of

126 948 43 21 this
180 948 76 23 Paper,
267 948 38 21 ink
315 947 77 22 stands
401 948 26 21 of
434 947 87 22 various
531 947 61 21 sizes.

236 1819 121 21 CUSTOM
373 1819 109 20 HOUSE.

201 1880 141 18 outwards,
361 1879 144 16 coastwise.

84 1913 26 14 in
120 1913 47 14 the
367 1913 47 14 for
425 1906 89 21 Pigeon
529 1906 52 20 Bay
592 1911 50 15 and

55 1935 110 20 Akaroa.
195 1935 89 25 Master,
298 1935 104 25 Agent.
406 1935 26 19 lo
446 1934 74 20 trunks
538 1933 104 23 sundries,

58 1962 10 19 1
80 1967 47 14 case
136 1962 154 25 ironmongery,
301 1962 10 19 1
322 1962 85 25 plough,
420 1962 12 18 2
440 1961 48 24 bags
499 1960 60 24 nails,
571 1960 14 20 3
594 1962 48 18 cwt.

56 1988 38 21 rod
103 1989 54 25 iron,
169 1989 12 19 2
192 1988 59 20 casks
262 1988 59 26 pork,
334 1988 10 20 1
356 1991 38 16 ton
404 1988 48 25 rice,
463 1988 11 19 5
486 1989 48 18 cwt.
550 1993 68 19 sugar,

55 2018 38 18 ton
107 2016 60 23 flour,
180 2016 10 19 1
207 2016 49 19 cask
267 2015 107 25 crockery,
394 2016 9 19 1
420 2014 73 21 basket
510 2014 42 23 do.,
567 2014 10 20 1
596 2014 47 19 bale

56 2043 63 25 Blops,
132 2044 12 19 2
155 2043 49 25 bags
215 2043 71 24 coffee,
298 2044 11 19 8
320 2043 50 25 bags
384 2049 67 19 sugar,
463 2042 10 19 1
486 2042 41 25 bag
536 2047 85 21 pepper,
631 2042 11 19 1

55 2071 93 25 package
158 2077 69 19 sugar.
239 2071 10 18 1
261 2071 39 24 bag
309 2070 61 24 flour,
382 2071 11 19 1
405 2076 46 14 case
466 2069 102 25 sundries,
583 2070 9 19 1
604 2068 40 25 keg

55 2098 104 26 herrings,
171 2099 11 18 1
194 2098 40 25 bag
243 2098 55 23 shot,
320 2099 11 18 1
342 2098 41 25 keg
400 2097 88 26 powder.
518 2096 125 25 Passengers

56 2125 87 21 Messrs.
162 2125 23 20 F.
201 2125 97 22 Sinclair,
317 2125 25 20 G.
362 2125 94 25 Sinclair,
470 2124 56 26 Hay,
543 2124 99 23 Wallace,

57 2152 93 23 Cullens,
166 2152 91 24 Rhodes,
277 2152 117 26 Thorburn,
413 2152 91 24 Houree,
525 2151 42 20 and
583 2152 60 19 three

59 2180 100 20 Maories.

274 2240 154 20 FREIGHTS.

58 2268 99 21 Loxdon
550 2268 14 20 0
591 2268 14 19 0
631 2268 14 19 0

57 2294 58 21 New
130 2294 77 21 South
224 2294 84 21 Wales
322 2301 47 14 and
380 2293 29 22 V.
421 2294 28 21 D.
461 2294 25 21 L.
515 2295 49 20 ..2
592 2295 14 19 0
632 2295 14 19 0

56 2321 97 22 Nelson
550 2322 14 20 2
592 2322 14 19 0
632 2322 14 19 0

56 2348 125 21 Taranaki
192 2355 47 14 and
246 2348 73 21 Coast
551 2348 13 20 2
592 2349 54 20 00

57 2375 131 22 Auckland
580 2375 38 20 nil.

99 2436 95 20 Latest
208 2435 83 21 Dates
307 2435 29 21 of
352 2435 101 26 Papers
468 2436 133 21 received.

60 2468 97 23 London
470 2470 130 21 November
620 2472 27 19 20

59 2496 86 22 Nelson
471 2496 66 28 April
620 2498 26 21 29

60 2522 121 22 Auckland
474 2524 66 26 April
634 2526 12 19 8

59 2550 49 26 Bay
119 2550 23 21 of
153 2550 89 21 Islands
473 2551 100 21 October
634 2552 13 20 6

59 2577 92 26 Sydney
472 2578 68 26 April
634 2579 13 20 6

60 2604 51 21 Van
120 2604 119 21 Dieman's
250 2604 65 21 Land
472 2605 66 27 April
635 2606 13 20 6

58 2631 54 22 Fort
122 2630 82 28 Phillip
469 2632 66 26 April
621 2631 25 22 12

59 2658 111 22 Adelaide
470 2658 82 23 March
634 2659 13 20 3

157 2719 115 21 AGENTS
287 2719 58 21 FOR
365 2719 69 20 THIS
450 2719 100 21 PAPER.

80 2752 39 17 Mr.
131 2751 127 18 BURCHAM
351 2752 78 17 Petoni.

80 2773 39 17 Mr.
131 2773 21 17 C.
165 2773 112 20 ELLIOTT,
287 2773 106 17 Examiner
399 2773 64 21 Office,
470 2773 73 18 Nelson
552 2774 75 18 Haven.

80 2794 39 17 Mr.
130 2794 18 17 J.
157 2794 22 17 B.
188 2794 92 17 BA.INES
355 2794 47 17 New
411 2795 107 21 Plymouth,
525 2795 103 18 Taranaki.

80 2815 39 17 Mr.
132 2815 25 17 H.
167 2815 123 17 CHURTON
355 2816 117 21 Wanganui.

82 2836 37 17 Mr.
132 2836 28 17 W.
173 2836 101 17 WILSON
356 2837 41 21 Bay
404 2837 23 17 of
435 2837 84 18 Islands.

176 2885 100 20 Notice
293 2886 27 19 to
338 2885 181 21 Subscribers.
531 2887 2 4 '

62 2917 80 25 Papers
157 2917 46 20 will
215 2919 36 18 not
262 2918 24 19 be
298 2919 47 19 sent
363 2919 22 19 to
397 2924 89 19 persons
498 2919 67 25 living
581 2920 37 19 out
626 2919 26 21 of

88 2939 55 27 Port
152 2946 122 23 Nicholson,
293 2947 69 19 unless
378 2948 157 23 arrangements
544 2953 37 13 are
590 2947 59 20 made

84 2973 38 23 for
133 2973 35 20 the
173 2975 102 23 payment
286 2974 27 24 of
319 2975 36 19 the
364 2980 64 20 same,
440 2974 93 25 through
542 2981 28 13 an
579 2975 69 24 Agent

89 3001 23 19 at
124 3001 137 24 Wellington.
