2540 4020
97 3811 49 25 The
157 3814 112 35 following
285 3825 71 25 paper
373 3818 21 23 is
414 3826 31 16 an
463 3824 90 20 extract
564 3820 26 24 of
606 3820 39 24 the

67 3847 133 31 manuscript
210 3846 63 29 notes
286 3850 25 23 of
325 3858 14 16 a
357 3851 158 32 metaphisical
532 3853 113 29 traveller,

68 3874 45 25 who
134 3879 54 24 took
206 3888 14 16 a
238 3889 84 25 voyage
341 3884 27 23 of
389 3883 118 34 discovery
515 3895 10 18 >•
546 3886 55 29 and^
613 3893 32 16 we

66 3912 107 28 presume,
185 3912 39 24 the
235 3914 112 33 following
360 3924 46 17 was
419 3918 40 23 the
471 3919 84 23 results
568 3919 27 23 of
604 3926 41 16 one

66 3940 24 24 of
101 3940 35 25 his
138 3942 112 35 Reveries;
261 3947 64 26 when
336 3949 117 26 becalmed
464 3959 30 16 on
505 3959 64 17 some
588 3959 57 21 por-

667 149 48 23 tion
734 148 25 24 of
773 148 45 29 the.
828 148 90 31 mighty
929 149 70 32 .deep.
1046 150 52 24 The
1115 151 134 30 concluding

667 181 52 23 trite
729 181 110 29 remarks,
853 182 73 23 would
938 182 82 23 almost
1034 183 83 31 justify
1136 184 38 23 the
1194 191 55 23 sup-

667 214 105 30 position,
793 214 49 23 that
861 214 30 23 he
910 214 43 24 had
971 215 23 23 in
1011 215 36 23 his
1063 216 75 23 minds
1150 224 41 23 eye
1202 217 47 23 thai

667 247 87 33 mighty
773 247 85 29 nation,
877 255 61 24 upon
955 247 77 24 whose
1047 250 145 30 possessions
1213 250 36 23 the

667 287 43 15 sun
722 287 67 16 never
799 284 54 19 sets.

773 323 45 14 was
836 316 46 22 free
901 319 23 19 to
943 316 87 23 confess
1052 315 49 24 that
1114 316 29 24 he
1157 318 40 22 did
1209 322 40 18 not

667 341 97 27 imagine
781 342 47 22 that
846 342 38 23 the
898 347 57 18 most
971 342 118 24 barefaced
1106 344 107 28 hirelings
1225 345 29 22 of

668 368 125 28 corruption
812 369 72 27 could,
901 370 32 21 for
952 377 14 14 a
982 374 108 24 moment,
1109 379 102 16 presume
1227 375 22 18 to

670 394 104 23 maintain
785 395 49 22 that
847 396 61 21 there
919 403 43 14 was
975 403 45 19 any
1028 397 74 27 utility
1110 405 25 14 in
1145 399 103 25 pleasure.

669 421 24 21 If
700 421 60 22 there
771 429 56 14 were
837 429 30 14 no
876 422 74 27 utility
959 422 24 22 in
993 423 107 27 pleasure,
1108 424 18 21 it
1135 432 44 15 was
1189 426 60 27 quite

667 447 60 22 clear
737 448 46 22 that
792 448 101 28 pleasure
902 448 66 22 could
983 450 66 26 profit
1059 457 71 20 none;
1145 451 21 22 if
1177 452 72 22 there-

667 474 48 21 fore
724 475 17 21 it
752 482 43 14 was
801 475 151 27 unprofitable,
961 476 18 20 it
985 482 43 15 was
1034 476 114 28 injurious,
1156 478 93 23 because

668 500 49 22 that
726 501 71 22 which
806 501 52 22 does
872 505 40 18 not
921 501 96 28 produce
1027 509 14 14 a
1051 502 65 28 profit
1125 504 19 21 is
1160 506 89 28 equiva-

667 527 47 22 lent
732 530 22 19 to
771 535 13 14 a
801 527 51 28 loss,
871 528 110 21 therefore
995 528 102 27 pleasure
1111 530 20 21 is
1150 538 13 14 a
1178 531 72 27 losing

668 554 106 27 business,
785 555 160 27 consequently
952 555 101 27 pleasure
1063 556 18 21 is
1090 559 41 18 not
1140 558 109 26 pleasant.

670 581 36 21 He
726 581 45 21 also
790 581 89 22 showed
898 581 48 21 that
963 588 52 15 man
1030 589 45 14 was
1090 586 40 18 not
1148 584 54 22 born
1217 586 34 21 for

668 607 96 26 himself,
774 607 41 22 but
830 608 36 21 for
881 615 14 14 a
904 608 90 27 society.
1023 609 56 21 Man
1089 609 20 22 is
1124 610 54 23 born
1189 611 35 22 for
1237 619 14 14 a

668 641 101 20 purpose.
797 633 47 23 Tbe
855 634 73 27 object
938 635 25 21 of
970 635 34 22 his
1015 636 112 21 existence
1136 636 19 22 is
1165 642 23 17 to
1203 645 48 20 per-

668 659 47 23 fect
732 660 95 22 himself.
865 661 55 21 Man
938 661 20 21 is
976 662 116 27 imperfect
1115 662 30 28 by
1163 668 86 23 nature,

670 687 99 26 because,
785 687 21 21 if
821 690 79 19 nature
916 687 45 22 had
976 688 63 22 made
1054 689 46 22 him
1117 691 91 27 perfect,
1223 692 27 21 he

670 713 72 22 would
760 714 56 21 have
832 714 45 21 had
891 722 29 14 no
936 718 76 24 wants,
1024 715 46 22 and
1084 716 19 21 it
1121 716 19 22 is
1155 719 54 25 only
1222 718 29 28 by

669 740 115 27 supplying
802 740 34 22 his
852 745 69 17 wants
936 741 49 22 that
1002 742 73 27 utility
1085 750 43 15 can
1144 744 28 21 be
1186 745 65 22 deve-

669 767 73 27 loped.
770 763 48 26 The
835 767 169 28 developement
1020 769 25 20 of
1058 769 74 27 utility
1145 770 18 21 is
1181 771 70 22 there-

669 793 48 22 fore
728 793 36 22 the
774 794 74 27 object
857 795 27 20 of
889 802 40 14 our
938 795 72 27 being,
1020 795 44 22 and
1072 796 38 21 the
1121 797 131 22 attainment

671 821 25 20 of
702 820 43 22 this
761 824 62 23 great
839 821 50 26 end,
908 821 37 22 the
961 829 65 14 cause
1041 822 26 21 of
1079 830 40 14 our
1133 824 117 23 existence.

672 847 35 21 He
728 847 51 21 then
799 851 58 17 went
876 855 29 14 on
922 851 23 19 to
960 849 60 21 shew
1035 849 49 21 that
1102 851 39 20 the
1159 850 92 23 hitherto

670 873 80 23 ruined
765 873 127 23 definitions
902 875 26 21 of
938 882 52 15 man
1002 883 58 14 were
1072 876 31 21 all
1120 884 117 16 erroneous
1244 886 6 20 ;

670 901 49 21 that
728 908 50 14 man
788 901 20 21 is
821 901 89 22 neither
922 909 14 14 a
955 901 103 28 walking,
1074 910 43 15 nor
1135 911 14 14 a
1166 904 86 28 talking

671 927 88 26 animal,
771 934 40 15 nor
829 935 13 14 a
857 928 95 27 cooking
966 929 89 27 animal,
1068 936 41 15 nor
1119 937 13 14 a
1145 930 108 29 lounging

671 954 89 24 animal,
771 962 42 14 nor
822 962 14 14 a
846 955 53 21 debt
914 955 114 28 incurring
1037 956 92 27 animal,
1142 964 41 15 nor
1192 965 14 14 a
1214 962 39 17 tax

670 981 82 27 paying
762 982 88 26 animal,
867 981 40 22 but
915 989 14 14 a
943 982 133 28 developing
1086 984 92 23 animal.
1206 986 45 21 De-

671 1009 140 26 velopement
829 1009 19 21 is
867 1009 38 21 the
929 1009 117 28 discovery
1065 1011 24 20 of
1110 1011 80 27 utility.
1218 1012 34 26 By

671 1034 132 28 developing
818 1035 37 21 the
870 1038 72 19 water'
948 1043 32 14 we
988 1040 39 23 get
1040 1037 55 26 fish;
1110 1037 30 27 by
1151 1038 102 28 develop-

669 1061 37 27 ing
716 1061 37 21 the
764 1062 61 21 earth
833 1069 31 14 we
874 1066 38 23 get
918 1070 60 19 corn,
986 1063 45 21 and
1041 1064 59 25 cash,
1110 1064 45 21 and
1164 1069 73 18 cotton
1245 1073 6 19 ;

670 1087 28 26 by
710 1088 132 27 developing
851 1088 38 22 the
900 1089 38 21 fire
947 1096 32 14 we
988 1092 37 24 get
1035 1089 64 27 heat;
1111 1090 30 27 by
1150 1091 102 29 develop-

671 1115 37 25 ing
718 1115 37 21 the
765 1115 32 21 air
807 1122 31 14 we
849 1118 38 23 get
896 1115 84 22 breath.
1008 1115 49 22 The
1067 1116 38 21 life
1115 1117 25 21 of
1147 1125 52 14 man
1210 1126 42 15 was

672 1141 106 21 therefore
787 1144 22 18 to
820 1141 27 21 be
857 1142 79 26 passed
950 1142 25 22 in
985 1149 14 14 a
1013 1143 69 21 moral
1093 1144 43 21 and
1153 1146 98 21 material

671 1167 173 27 developement,
861 1168 57 21 until
934 1168 27 22 he
978 1168 45 22 had
1037 1172 170 21 consummated
1218 1172 35 22 his

670 1194 128 27 perfection.
827 1194 23 22 It
861 1201 45 15 was
920 1195 34 21 his
964 1196 98 26 opinion,
1073 1196 48 22 that
1135 1197 43 22 this
1191 1202 62 23 great

671 1221 69 23 result
750 1228 43 14 was
803 1221 29 27 by
842 1228 30 14 no
883 1228 76 15 means
969 1230 23 13 so
1001 1229 54 15 near
1061 1228 22 16 at
1091 1224 61 21 hand
1159 1231 24 15 as
1192 1233 60 14 some

671 1247 148 27 philosophers
837 1248 100 22 flattered
954 1248 139 28 themselves,
1114 1251 46 21 and
1175 1251 47 22 that
1235 1253 17 20 it

670 1274 71 26 might
757 1275 96 26 possibly
871 1276 86 26 require
977 1276 94 21 another
1090 1277 50 21 half
1159 1283 94 23 century

672 1301 73 21 before
756 1308 54 14 even
820 1301 37 22 the
868 1304 56 19 most
941 1301 102 23 civilized
1061 1304 76 21 nation
1151 1305 65 22 could
1225 1306 28 21 be

672 1327 47 21 said
727 1331 21 18 to
757 1327 56 22 have
821 1328 126 27 completed
956 1329 37 21 the
1001 1329 85 27 dieting
1093 1331 27 20 of
1126 1331 36 22 the
1169 1331 82 23 human

670 1361 57 15 race.
756 1354 27 22 In
794 1362 86 14 answer
889 1358 23 18 to
921 1355 62 23 those
994 1356 48 21 who
1055 1357 66 22 affect
1129 1360 23 18 to
1169 1358 83 23 admire

672 1381 47 21 that
734 1381 103 22 deficient
851 1386 82 23 system
944 1383 25 21 of
982 1383 120 27 existence,
1114 1384 72 22 which
1201 1385 52 28 they

672 1408 55 26 stjle
741 1408 117 27 simplicity
870 1409 26 21 of
909 1416 109 19 manners,
1030 1410 44 21 and
1090 1411 48 21 who
1152 1419 38 14 are
1204 1419 49 20 per-

671 1434 97 28 petually
778 1435 139 27 committing
931 1435 37 22 the
985 1436 96 22 blunder
1095 1437 26 21 of
1134 1440 119 26 supposing

672 1461 47 21 that
738 1469 65 20 every
822 1461 98 23 advance
940 1463 94 21 towards
1053 1464 124 31 perfection
1201 1466 52 27 only

672 1488 123 22 withdraws
806 1496 50 14 man
863 1490 2 4 '
874 1489 56 21 from
944 1489 34 22 his
992 1490 111 27 primitive
1115 1492 44 21 and
1173 1499 80 23 proper

672 1515 118 27 condition,
806 1515 29 22 he
851 1515 158 28 triumphantly
1025 1517 166 23 demonstrated
1207 1519 46 22 that

671 1549 27 13 no
718 1542 53 21 such
790 1543 64 21 order
869 1550 24 14 as
910 1541 47 23 that
975 1543 71 22 which
1062 1544 53 27 they
1131 1546 122 21 associated

674 1568 50 22 with
734 1569 36 21 the
780 1569 78 27 phrase
870 1570 65 21 'state
945 1569 25 21 of
977 1574 79 17 nature
1064 1571 4 8 '
1079 1578 54 15 ever

783 1595 48 22 said
841 1596 35 26 he,
911 1597 18 21 is
938 1597 71 21 called
1020 1597 36 21 the
1067 1600 154 26 master-piece
1231 1600 26 21 of

673 1626 83 23 nature,
773 1623 42 21 and
834 1630 52 14 man
903 1623 18 21 is
936 1623 52 26 also,
1006 1630 24 15 as
1041 1632 32 13 we
1089 1625 28 21 all
1135 1626 71 26 know,
1216 1626 37 22 the

672 1652 57 18 most
738 1649 86 23 curious
835 1650 26 21 of
874 1650 119 22 machines.
1023 1651 64 27 Now,
1098 1659 14 14 a
1122 1652 103 23 machine
1234 1654 20 21 is

673 1683 13 14 a
695 1676 59 22 work
763 1677 25 21 of
792 1680 40 23 art,
843 1677 158 28 consequently
1011 1677 38 22 the
1067 1680 155 27 master-piece
1232 1681 25 21 of

672 1708 77 17 nature
764 1703 19 22 is
794 1703 36 22 the
841 1704 153 27 master-piece
1004 1705 26 22 of
1043 1709 41 18 art.
1113 1706 47 21 The
1180 1707 74 27 object

674 1731 24 21 of
701 1731 28 21 all
738 1731 134 21 mechanism
878 1731 18 22 is
904 1731 35 21 the
950 1731 134 22 attainment
1094 1732 26 21 of
1122 1733 72 27 utility
1201 1743 6 17 ;
1216 1734 37 21 the

673 1757 72 28 object
752 1758 24 20 of
783 1764 57 19 man,
853 1758 48 21 who
911 1758 18 21 is
940 1757 37 22 the
987 1762 57 18 most
1053 1759 85 27 perfect
1143 1760 110 27 machine,

674 1785 17 20 is
700 1784 73 27 utility
782 1785 22 20 in
816 1784 37 21 the
863 1784 87 27 highest
957 1785 85 26 degree.
1060 1786 46 21 Can
1119 1793 31 15 we
1159 1787 94 27 believe,

674 1818 12 14 a
693 1814 54 18 state
754 1811 69 21 which
832 1811 65 22 could
902 1814 38 18 not
943 1811 43 22 call
991 1812 58 21 forth
1056 1812 28 22 its
1091 1818 164 22 powers,astate

674 1838 114 25 therefore,
795 1838 47 21 that
848 1838 43 21 this
898 1839 99 20 machine
1003 1846 43 14 was
1052 1846 52 15 ever
1108 1840 107 23 intended
1222 1842 33 21 for

673 1865 22 21 in
700 1864 71 22 which
776 1872 28 14 no
811 1864 72 27 utility
889 1865 65 21 could
959 1872 52 14 ever
1019 1866 25 21 be
1051 1866 99 23 attained
1152 1879 26 4 —
1180 1875 12 14 a
1201 1871 54 18 state

674 1891 21 21 in
705 1891 71 21 which
787 1891 61 22 there
858 1898 38 14 are
908 1898 27 14 no
945 1896 76 22 wants,
1023 1904 27 4 —
1052 1894 159 27 consequently
1226 1902 30 14 no

674 1917 101 27 demand,
787 1918 158 27 consequently
955 1925 30 14 no
994 1919 87 27 supply,
1093 1922 159 27 consequently

675 1952 26 14 no
722 1945 150 26 competition,
899 1946 157 25 consequently
1081 1953 30 13 no
1133 1946 120 26 invention,

674 1971 157 26 consequently
844 1977 30 14 no
893 1969 82 28 profits,
977 1981 27 4 —
1006 1971 54 27 only
1074 1978 41 15 one
1129 1976 64 23 great
1208 1979 48 19 per-

675 1997 82 22 nicious
767 1997 115 27 monopoly
893 1997 23 21 of
928 1997 94 21 comfort
1029 1997 43 22 and
1082 2006 56 15 ease.
1169 1999 87 27 Society

675 2024 92 22 without
781 2030 75 19 wants,
874 2024 19 20 is
908 2023 42 21 like
966 2032 14 13 a
995 2024 68 22 world
1076 2025 93 22 without
1180 2025 75 22 winds.

677 2051 19 21 It
705 2051 19 20 is
734 2050 59 27 quite
803 2050 66 26 clear,
881 2050 116 26 therefore,
1008 2051 49 21 that
1067 2051 62 21 there
1140 2052 18 21 is
1167 2059 28 14 no
1204 2050 53 23 such

676 2077 61 27 thing
746 2084 23 14 as
781 2080 85 23 nature,
868 2087 27 4 —
896 2080 76 18 nature
982 2077 18 21 is
1010 2080 40 23 art,
1062 2085 25 14 or
1096 2082 34 17 art
1136 2079 19 20 is
1167 2082 88 24 nature;

676 2104 46 21 that
741 2103 72 22 which
832 2104 17 21 is
865 2107 57 18 most
941 2103 79 27 useful,
1037 2105 19 20 is
1074 2108 59 18 most
1153 2106 86 21 natural
1250 2115 6 18 ;

675 2131 100 26 because,
787 2131 74 26 utility
870 2131 18 21 is
898 2130 37 22 the
946 2134 42 18 test
999 2131 24 21 of
1032 2136 78 17 nature
1118 2140 6 17 ;
1140 2131 116 28 therefore,

676 2165 13 14 a
698 2161 69 18 steam
778 2158 79 25 engine
868 2157 25 26 is,
904 2157 22 21 in
936 2158 51 26 fact,
997 2164 14 14 a
1021 2158 66 22 much
1096 2166 61 14 more
1168 2160 88 21 natural

675 2184 129 27 production
814 2184 53 21 than
877 2192 14 13 a
900 2185 121 21 mountain.

703 2211 11 22 I
726 2211 64 27 begin
802 2214 21 18 to
834 2211 100 27 perceive
946 2211 56 26 (said
1009 2211 39 26 he)
1059 2211 48 22 that
1112 2211 19 22 it
1136 2212 19 21 is
1165 2213 93 27 possible

677 2238 33 21 for
720 2246 13 13 a
743 2238 74 21 nation
828 2241 22 17 to
861 2237 56 22 exist
927 2238 22 20 in
961 2240 36 19 too
1008 2238 101 22 artificial
1115 2246 14 14 a
1135 2243 65 22 state,
1211 2239 49 22 that

677 2272 12 14 a
698 2264 77 28 people
786 2272 51 19 may
848 2264 54 21 both
915 2264 63 22 think
993 2268 36 18 too
1039 2265 74 26 much,
1130 2266 44 21 and
1184 2267 27 20 do
1222 2271 36 17 too

677 2291 73 22 much.
787 2291 38 22 All
835 2291 53 21 here
898 2291 67 22 exists
975 2292 22 21 in
1009 2298 14 15 a
1034 2296 56 17 state
1102 2293 26 21 of
1138 2300 121 20 exaggera-

677 2319 52 21 tion.
768 2319 46 21 The
834 2318 77 22 nation
929 2318 61 22 itself
1006 2320 111 30 professes
1133 2323 21 18 to
1170 2320 27 21 be
1212 2320 23 21 in
1246 2327 14 14 a

677 2345 103 22 situation
799 2345 23 21 in
842 2345 73 21 which
933 2345 18 21 it
969 2345 19 21 is
1006 2346 128 27 impossible
1157 2347 36 20 for
1216 2353 43 21 any

678 2372 74 22 nation
771 2377 22 16 to
808 2372 27 22 be
851 2371 110 27 naturally
977 2372 86 27 placed.
1100 2373 33 22 To
1152 2373 106 22 maintain

678 2399 130 21 themselves
823 2399 23 21 in
863 2399 44 21 this
924 2399 56 21 false
995 2399 103 27 position,
1115 2400 54 27 they
1185 2407 75 14 neces-

678 2426 65 27 sarily
754 2426 55 21 have
819 2433 102 14 recourse
937 2430 22 17 to
975 2426 66 21 much
1059 2426 134 23 destructive
1209 2434 51 14 con-

678 2453 58 26 duct,
747 2453 43 21 and
804 2456 22 18 to
841 2460 68 20 many
922 2453 104 21 fictitious
1041 2453 104 27 priciples
1152 2461 6 19 ;
1173 2453 52 27 and,
1236 2461 24 14 as

679 2479 35 22 the
731 2480 114 21 character
858 2480 27 21 of
901 2487 13 14 a
928 2480 78 27 people
1015 2479 19 22 is
1053 2480 111 21 modelled
1175 2488 28 14 on
1214 2481 47 21 that

678 2507 24 20 of
710 2507 56 20 their
776 2507 159 26 Government,
945 2506 54 21 each
1007 2507 89 27 equally
1102 2507 103 27 prevails,
1216 2507 45 22 and

678 2534 88 27 equally
783 2533 110 28 produces
912 2541 12 13 a
943 2533 43 22 due
1005 2534 102 27 quantity
1128 2534 25 21 of
1169 2535 91 21 ruinous

678 2561 84 21 actions
771 2561 43 20 and
824 2560 55 21 false

712 2594 140 23 Changing
872 2594 80 24 Hats.
963 2606 34 5 —
1005 2594 82 31 Barry,
1107 2594 38 24 the
1162 2595 97 31 painter,

677 2635 45 15 was
734 2628 53 22 with
800 2627 134 29 Nollekens,
948 2632 23 19 at
989 2628 75 23 Rome
1084 2628 25 24 in
1133 2630 72 28 1760,
1216 2628 44 24 and

679 2661 52 30 they
749 2668 57 16 were
825 2661 124 30 extremely
962 2661 114 24 intimate.
1112 2662 75 31 Barry
1208 2661 53 24 took

679 2694 37 23 the
728 2694 81 30 liberty
823 2701 43 16 one
885 2694 72 30 night,
969 2694 66 23 when
1048 2695 55 31 they
1114 2703 59 16 were
1194 2694 68 25 about

679 2732 21 18 to
712 2727 62 23 leave
787 2728 37 22 the
835 2727 98 31 English
943 2728 163 29 coffee-house,
1115 2733 23 19 to
1147 2728 115 31 exchange

679 2760 49 23 hats
741 2761 53 22 with
806 2761 56 23 him.
898 2761 94 31 Barry's
1000 2769 45 15 was
1058 2762 72 30 edged
1140 2762 55 23 with
1206 2762 54 28 lace,

679 2794 43 22 and
735 2793 135 24 Nolleken's
882 2801 45 16 was
940 2802 13 15 a
964 2802 56 23 very
1030 2795 98 31 shabby,
1136 2795 63 32 plain
1210 2802 50 16 one.

679 2827 70 31 Upon
761 2827 36 22 his
808 2828 120 30 returning
945 2828 18 22 it
982 2835 28 16 on
1030 2828 38 23 the
1079 2834 57 18 next
1149 2828 111 31 morning,

678 2860 28 23 he
719 2868 44 15 was
774 2860 72 24 asked
864 2860 29 31 by
907 2860 126 24 Nollekens
1053 2862 52 31 why
1117 2862 29 23 he
1163 2862 42 23 left
1215 2862 46 22 him

678 2894 35 23 his
724 2893 131 31 gold-laced
870 2893 47 24 hat.
980 2894 69 31 Why,
1062 2899 23 19 to
1102 2895 41 23 tell
1161 2903 46 23 you
1223 2895 39 23 the

678 2928 69 27 truth,
767 2935 37 22 my
825 2926 53 24 dear
991 2928 117 24 answered
1129 2929 81 30 Barry,
1248 2928 13 23 I

677 2960 57 31 fully
745 2960 107 31 expected
866 2961 162 23 assassination
1040 2961 45 24 last
1096 2961 67 31 night
1173 2971 6 20 ;
1193 2961 43 24 and
1248 2961 13 23 I

677 3001 45 15 was
735 2999 21 18 to
768 2994 57 22 have
842 2994 59 22 been
919 2993 83 24 known
1023 2994 30 31 by
1066 3002 37 23 my
1116 2995 64 23 laced

677 3027 127 23 Nollekens
819 3027 56 23 used
895 3032 23 18 to
938 3027 70 24 relate
1027 3028 39 23 the
1085 3032 70 27 story,
1169 3027 91 32 adding,

701 3060 44 23 It's
756 3060 59 23 what
827 3060 38 23 the
877 3060 46 24 Old
944 3061 80 31 Bailey
1035 3062 82 31 people
1128 3062 74 23 would
1218 3061 43 23 call

677 3101 14 15 a
701 3098 50 18 true
761 3093 43 23 bill
814 3095 91 29 against

706 3129 20 21 A
741 3129 65 21 Bear
820 3129 121 22 Scrape.—
947 3131 35 21 On
998 3131 117 27 Saturday,
1131 3131 39 22 the
1190 3132 32 20 Ist
1239 3130 24 22 of

678 3155 36 23 the
725 3158 90 18 current
831 3156 84 26 month,
933 3164 12 14 a
955 3164 39 15 son
1015 3158 26 21 of
1061 3158 44 22 Mr.
1118 3158 84 22 Robert
1210 3157 50 21 Mac

678 3182 94 26 Donald,
792 3182 26 21 of
830 3182 52 22 Earl
898 3183 75 27 Town,
991 3184 49 26 (not
1055 3185 34 21 far
1098 3185 59 21 from
1175 3185 84 25 Pictou)

677 3215 44 15 was
730 3212 47 17 sent
787 3211 22 18 to
820 3209 101 22 examine
931 3217 14 14 a
952 3213 90 24 potatoe
1052 3211 61 27 field,
1124 3215 22 18 to
1154 3211 106 22 ascertain

678 3235 20 21 if
710 3243 44 19 any
764 3235 65 21 cattle
839 3236 44 21 had
897 3236 85 22 broken
996 3237 47 21 into
1062 3238 23 22 it.
1129 3239 66 21 After
1211 3245 50 21 pro-

678 3262 93 26 ceeding
780 3262 68 21 about
856 3263 28 21 20
894 3263 50 21 rods
954 3263 57 23 from
1027 3263 38 23 the
1081 3264 76 28 house,
1173 3265 30 22 he
1217 3272 43 14 was

678 3288 102 22 attacked
789 3289 30 27 by
829 3296 13 14 a
856 3288 41 22 she
913 3289 53 23 bear
982 3290 53 22 with
1051 3291 49 22 four
1115 3292 61 22 cubs.
1214 3291 47 23 The

677 3314 54 22 bear
748 3315 153 28 immediately
919 3317 74 22 seized
1008 3317 47 23 him
1072 3318 44 22 and
1131 3319 70 22 threw
1214 3318 46 22 him

677 3342 106 28 violently
794 3349 28 15 on
835 3342 37 22 the
882 3343 93 27 ground.
1010 3345 33 21 As
1060 3352 56 15 soon
1130 3352 25 15 as
1169 3345 29 22 he
1213 3352 47 14 rose

677 3368 39 22 she
726 3370 75 20 struck
809 3368 46 22 him
867 3370 72 27 again,
951 3371 44 22 and
1011 3371 30 22 he
1056 3371 46 22 fell.
1140 3372 74 22 When
1230 3370 30 23 he

677 3402 49 14 rose
736 3395 36 21 the
781 3396 82 22 second
872 3399 52 19 time
936 3397 27 22 he
973 3398 122 28 attempted
1105 3403 23 17 to
1140 3399 68 21 strike
1219 3398 41 22 her

678 3422 51 21 with
748 3429 13 14 a
775 3422 64 22 small
856 3423 63 27 stick,
935 3423 41 23 but
992 3424 39 23 she
1048 3425 82 27 caught
1137 3425 49 23 him
1195 3425 63 27 again

677 3448 45 22 and
731 3453 45 17 tore
784 3449 36 21 his
829 3449 59 23 head
898 3450 108 29 fearfully,
1018 3451 46 23 and
1075 3453 28 21 he
1113 3453 46 25 was.
1166 3456 94 24 prostra-

677 3475 37 22 ted
723 3483 14 14 a
747 3476 57 21 third
814 3476 60 22 time.
913 3477 150 30 Providently,
1081 3483 24 18 at
1119 3479 43 21 this
1178 3477 82 23 critical

676 3507 98 17 moment
784 3510 60 15 some
855 3503 55 22 cubs
919 3504 112 23 withdrew
1039 3505 40 22 her
1084 3506 108 22 attention
1203 3505 57 21 from

677 3528 36 22 the
723 3530 48 26 boy,
783 3529 49 22 who
839 3530 73 22 seized
922 3531 37 22 the
970 3533 142 27 opportunity
1122 3531 44 23 arid
1176 3538 84 21 sprung

676 3563 52 14 over
747 3563 12 14 a
774 3556 65 22 fence
854 3563 56 15 near
924 3557 72 23 which
1013 3559 37 21 the
1069 3563 67 18 event
1155 3558 103 22 occured.

676 3582 48 22 The
747 3582 53 22 bear
818 3583 106 28 instantly
942 3585 111 27 followed,
1072 3586 43 21 but
1136 3585 66 23 when
1221 3584 38 22 she

676 3608 98 27 alighted
792 3617 28 13 on
839 3609 38 22 the
896 3611 63 21 fence
969 3611 19 22 it
1004 3619 58 20 gave
1075 3619 50 23 way
1133 3611 76 23 under,
1213 3611 45 26 her,

676 3636 44 21 and
730 3636 74 21 before
813 3636 39 22 she
863 3637 66 22 could
938 3645 98 20 recover,
1057 3639 36 21 the
1110 3640 44 25 boy
1169 3637 89 29 happily

675 3662 93 21 affected
776 3662 35 22 his
821 3670 86 20 escape.
944 3664 74 22 When
1037 3665 29 22 he
1080 3665 89 22 arrived
1185 3670 24 16 at
1223 3664 36 22 the

675 3692 88 18 nearest
780 3688 76 28 house,
877 3690 29 22 he
922 3697 44 15 was
984 3691 96 29 literally
1098 3691 96 23 covered
1208 3691 52 22 with

676 3714 72 28 blood,
760 3716 42 21 and
813 3719 38 18 not
860 3723 14 14 a
884 3716 66 23 shred
959 3718 26 21 of
991 3718 34 22 bis
1035 3718 101 27 clothing
1145 3717 114 23 remained

675 3745 78 24 except
761 3742 38 21 the
808 3743 70 21 collar
888 3744 27 21 of
925 3744 33 22 his
968 3744 61 22 shirt.
1068 3745 46 22 For
1131 3751 59 15 some
1208 3744 51 22 time

675 3768 33 22 his
718 3768 37 23 life
766 3776 43 15 was
819 3769 109 27 dispaired
938 3770 30 27 of,
977 3771 41 21 but
1026 3778 50 15 now
1087 3771 110 26 sanguine
1202 3770 58 27 hope

675 3795 25 22 of
712 3793 35 23 his
762 3802 106 22 recovery
887 3803 47 15 are-
943 3797 146 23 entertained.
1090 3808 29 5 —
1119 3797 77 22 Pictou
1213 3798 47 20 Me-

675 3822 74 20 chanic
757 3822 44 21 and
807 3824 95 20 Farmer.
1050 3823 18 13 ''••
1080 3831 3 4 ■

701 3848 112 23 Bigotry.
815 3860 28 5 —
843 3850 49 21 The
911 3849 61 27 bigot
989 3850 61 22 rides
1067 3851 24 21 in
1111 3857 15 15 a
1140 3850 119 23 -continual

675 3878 67 19 storm
752 3875 24 22 of
782 3876 137 27 contending
929 3876 113 27 elements,
1055 3876 44 22 and
1110 3883 110 19 possesses
1229 3878 31 20 all

675 3901 38 22 the
723 3901 83 22 animal
815 3902 100 33 passions
924 3903 23 20 in
962 3902 58 22 their
1029 3907 66 18 worst
1104 3909 78 22 snape,
1197 3903 63 23 with-

675 3932 38 18 out
722 3935 44 27 any
776 3928 26 22 of
808 3927 37 24 the
856 3928 56 23 milk
921 3928 26 23 of
952 3928 84 24 human
1046 3929 106 23 kindness
1161 3929 70 23 either
1237 3934 24 18 to

675 3955 58 28 allay
743 3955 57 22 their
813 3956 49 28 fury
872 3963 26 15 or
913 3955 56 29 keep
979 3956 60 23 them
1046 3956 26 23 in
1082 3956 91 29 check;-
1182 3964 79 21 perpe-

1277 148 72 31 tualty
1356 149 80 28 raving
1443 149 81 28 against
1533 150 59 21 what
1602 149 28 22 he
1636 149 54 22 calls
1724 149 103 28 infidility

1277 174 30 24 he,
1314 174 19 21 is
1342 174 98 23 infurate
1448 176 24 21 in
1484 175 31 22 his
1530 176 175 26 denunciations,
1724 176 44 22 and
1784 184 73 19 spares

1277 207 58 15 none
1354 208 52 14 over
1421 201 68 23 whom
1504 202 29 22 he
1550 209 52 20 may
1616 201 58 22 have
1691 203 92 21 control.
1813 203 44 21 His

1277 226 61 22 chief
1351 228 86 26 delight
1446 229 86 21 consists
1547 228 23 22 in
1580 228 111 27 inflicting
1705 229 80 27 misery
1798 236 59 20 upon

1276 253 30 22 all
1312 254 51 21 who
1369 261 80 21 oppose
1455 254 33 22 his
1491 255 76 21 insane
1574 255 182 27 prepossessions;
1768 255 89 28 gloomy

1277 279 94 27 himself,
1389 280 29 22 he
1434 280 57 22 looks
1507 280 51 23 with
1568 288 29 14 an
1612 281 44 21 evil
1666 288 40 20 eye
1722 288 58 21 upon
1791 289 66 20 every

1276 306 69 27 being
1350 307 97 27 wearing
1456 307 34 22 the
1494 314 136 21 appearance
1637 308 26 21 of
1669 308 74 21 mirth.
1767 308 91 27 Charity

1277 332 18 22 is
1305 339 30 15 an
1345 334 58 21 alien
1414 337 24 18 to
1447 334 34 21 his
1487 334 70 21 breast
1563 342 6 18 ;
1585 335 27 20 be
1622 334 19 22 is
1651 341 14 14 a
1675 334 42 21 bad
1727 334 128 28 neighbonr,

1276 359 45 22 and
1331 362 23 19 at
1363 360 30 21 all
1403 360 64 22 times
1476 367 11 15 a
1491 360 152 28 questionable
1649 360 79 28 friend,
1739 361 116 27 frequenty

1277 393 14 14 a
1300 385 125 27 dangerous
1435 388 85 26 subject,
1530 395 13 13 a
1551 390 45 24 pest
1608 391 22 17 to
1637 387 90 27 society,
1738 388 51 25 and,
1801 388 20 20 if
1829 388 27 20 he

1276 419 111 19 possesses
1396 420 80 20 power,
1484 413 33 22 the
1527 420 93 20 scourge
1630 413 27 22 of
1663 413 34 22 his
1708 421 57 14 race.

1303 443 148 23 Seasonable
1462 441 175 26 Conversation'.
1641 455 26 6 —
1667 445 73 22 There
1750 445 18 22 is
1777 446 80 27 speak-

1276 469 40 28 ing
1327 471 56 26 well,
1401 471 102 28 speaking
1512 471 74 27 easily,
1602 472 108 27 speaking
1721 472 76 28 justly,
1813 473 44 21 and

1277 497 108 27 speaking
1400 497 131 28 seasonably.
1561 498 36 22 No
1606 506 44 14 one
1665 497 79 23 should
1758 499 67 26 speak
1835 500 27 21 of

1278 524 183 22 entertainments
1476 525 71 21 before
1563 525 37 21 the
1617 525 102 26 indigent
1726 532 5 19 ;
1750 526 26 21 of
1787 526 71 22 sound

1279 548 63 23 limb's
1359 550 50 22 and'
1420 550 70 22 health
1501 550 77 23 before
1592 551 41 24 the.
1639 551 87 28 infirm;
1742 552 25 22 of
1779 551 79 23 houses

1279 577 42 21 and
1332 577 61 21 lands
1407 577 75 21 before
1489 584 41 14 one
1540 577 49 22 who
1598 577 40 23 has
1648 581 40 19 not
1701 586 25 14 so
1735 578 68 22 much
1812 586 23 14 as
1845 586 13 14 a

1278 602 103 28 dwelling
1387 611 5 18 ;
1404 604 25 21 in
1440 611 12 14 a
1458 603 62 27 word,
1531 607 24 18 to
1564 605 68 26 speak
1641 605 25 21 of
1672 612 56 19 your
1737 605 121 28 prosperity

1278 629 76 22 before
1373 631 38 20 the
1427 630 118 22 miserable.
1584 631 58 21 Such
1660 631 158 23 Conversation
1839 633 19 20 is

1278 656 67 26 cruel,
1356 656 43 22 and
1410 656 37 22 the
1458 657 139 26 comparison,
1604 657 73 22 which
1684 658 113 27 naturally
1804 659 53 21 rises

1279 682 23 22 in
1313 682 61 22 them
1388 683 98 21 between
1500 683 57 22 their
1567 683 112 23 condition
1692 684 45 22 and
1751 692 72 20 yours,
1839 685 19 21 is

1279 713 59 17 most
1348 710 155 26 excruciating.

1305 741 49 22 The
1363 741 103 28 majority
1474 748 31 15 are
1516 741 138 28 perpetually
1661 742 92 27 striving
1760 746 24 18 to
1794 751 64 14 move

1279 778 26 5 —
1307 774 24 15 or
1341 775 82 20 appear
1434 772 21 17 to
1466 776 59 13 move
1526 779 27 5 —
1553 769 23 20 in
1590 776 14 13 a
1613 769 66 21 circle
1691 772 22 18 to
1724 770 72 21 which
1806 770 52 27 they

1279 794 28 22 do
1317 798 40 18 not
1371 795 89 26 belong.
1486 795 59 28 They
1556 795 97 26 imagine
1669 795 48 22 that
1726 796 29 27 by
1764 796 46 22 this
1820 797 38 22 de-

1279 821 89 26 ception
1378 821 54 27 they
1441 829 11 14 o
1470 821 39 21 tain
1521 829 60 14 more
1590 826 93 23 respect.
1713 822 22 21 It
1744 824 17 20 is
1772 830 13 14 a
1795 824 63 21 mise-

1279 847 61 22 rable
1350 847 101 27 mistake,
1469 847 31 23 the
1514 849 68 21 result
1596 848 19 22 is
1625 849 37 21 the
1679 853 65 17 exact
1757 857 87 15 reverse
1853 859 4 19 ;

1279 874 52 32 they
1340 874 59 22 draw
1410 875 64 21 down
1483 875 31 21 the
1523 882 69 20 envey
1600 876 24 20 of
1633 875 62 22 those
1700 875 52 28 they
1759 876 98 27 deceive,

1280 901 46 21 and
1336 901 37 21 the
1383 904 108 25 contempt
1500 902 26 21 of
1533 902 61 21 those
1600 902 53 27 they
1661 902 27 21 do
1698 906 44 18 not.
1771 903 88 22 Econo-

1279 935 38 20 my
1328 927 43 22 and
1378 927 115 23 thriftiness
1493 939 28 5 —
1521 929 82 21 virtues
1610 929 25 21 of
1639 928 38 22 the
1683 936 54 20 very
1742 929 47 22 first
1796 930 63 22 value

1279 954 24 22 in
1314 962 103 14 common
1433 954 60 22 life—
1493 962 37 15 are
1541 955 83 22 virtues
1641 955 53 28 they
1703 963 37 14 are
1754 956 106 23 ashamed

1280 984 21 18 to
1319 981 97 27 practice
1425 988 5 19 ;
1453 988 30 19 or,
1500 986 23 17 at
1538 982 64 25 least,
1618 985 23 18 to
1658 983 96 26 practice
1770 984 88 26 openly.

1279 1007 63 28 They
1350 1007 58 22 have
1418 1011 38 24 yet
1466 1012 20 17 to
1493 1008 61 22 learn
1564 1008 48 22 that
1620 1009 39 21 the
1669 1009 57 21 basis
1736 1010 25 20 of
1772 1010 31 21 all
1813 1017 47 15 res-

1280 1038 50 23 pect
1340 1034 19 21 is
1369 1034 38 22 the
1418 1034 82 27 upright
1510 1034 114 22 character
1633 1035 46 22 and
1693 1035 98 22 habitual
1802 1037 58 27 good

1280 1061 96 21 conduct
1383 1061 25 21 of
1418 1061 36 21 the
1463 1061 126 21 individual.
1617 1061 48 22 The
1676 1065 92 25 attempt
1778 1066 23 18 to
1810 1071 50 19 pass

1279 1087 26 22 of
1310 1087 103 22 outward
1423 1087 57 21 show
1486 1088 31 21 for
1526 1087 85 22 inward,
1617 1088 76 26 worth,
1704 1089 19 21 is
1733 1093 22 17 at
1760 1096 57 15 once
1824 1090 36 21 the

1279 1114 77 22 silliest
1365 1113 44 23 and
1418 1113 37 22 the
1465 1119 94 17 meanest
1568 1114 73 22 deceit
1650 1114 73 22 which
1732 1116 76 27 vanity
1819 1124 41 14 can

1279 1144 71 18 resort
1361 1144 21 18 to
1390 1148 7 19 ;
1413 1140 44 22 and
1466 1144 39 24 yet,
1516 1141 23 22 in
1550 1141 61 21 these
1622 1141 61 27 days,
1699 1142 82 28 society
1794 1144 17 20 is
1820 1143 40 22 full

1279 1167 24 22 of
1320 1168 25 21 it.
1374 1167 23 22 It
1413 1167 19 21 is
1447 1168 41 21 fast
1504 1168 128 27 destroying
1651 1167 29 22 all
1700 1169 121 22 manliness
1839 1170 26 21 of

1279 1194 123 27 character,
1418 1194 44 22 and
1472 1194 102 27 debasing
1590 1193 35 23 the
1642 1195 96 26 genuine
1754 1195 108 29 indepen-

1280 1221 68 21 dence
1360 1221 25 21 of
1399 1221 59 28 daily
1468 1221 40 22 life.
1538 1221 25 22 If
1573 1228 31 14 we
1617 1221 71 21 would
1703 1221 44 22 live
1762 1222 98 28 happily,

1280 1255 31 14 we
1323 1251 59 18 must
1398 1247 27 22 be
1436 1251 85 18 content
1532 1248 53 22 with
1595 1248 37 21 the
1648 1247 45 22 real
1708 1248 67 22 world
1790 1250 71 21 which

1279 1274 122 22 surrounds
1418 1282 32 19 us,
1468 1274 39 22 and
1523 1274 53 22 with
1591 1273 38 23 the
1643 1275 56 21 class
1714 1279 23 17 to
1748 1276 71 22 which
1830 1284 31 14 we

1281 1301 88 27 belong.
1400 1301 38 22 All
1453 1301 42 21 that
1511 1308 44 20 any
1570 1308 42 14 one
1622 1308 41 14 can
1679 1301 144 29 legitimately
1832 1303 30 22 do

1280 1331 22 18 to
1317 1328 58 22 raise
1390 1327 35 22 his
1436 1328 94 21 vocation
1547 1327 31 22 let
1593 1328 46 21 him
1651 1328 33 21 do.
1714 1328 71 22 There
1801 1331 19 20 is
1832 1337 30 15 no

1280 1360 81 16 reason
1371 1354 49 22 that
1430 1355 26 21 he
1468 1354 72 22 should
1550 1355 27 21 be
1589 1358 92 18 content
1687 1355 51 21 with
1750 1362 13 14 a
1771 1356 91 23 bumble

1281 1381 90 26 station,
1389 1381 21 21 if
1422 1381 27 22 he
1467 1388 35 15 can
1519 1381 101 26 honestly
1636 1381 57 21 raise
1709 1381 92 23 himself
1813 1387 21 18 to
1850 1391 13 14 a

1281 1407 87 28 higher.
1397 1408 46 22 But
1454 1415 63 15 never
1526 1408 31 21 let
1570 1408 47 22 him
1632 1408 29 21 be
1671 1408 105 22 ashamed
1786 1410 26 21 of
1825 1410 37 22 the

1280 1435 56 21 rank
1347 1435 46 21 into
1405 1435 71 21 which
1484 1435 23 21 he
1517 1442 44 14 was
1571 1435 61 24 born,
1644 1442 25 14 or
1679 1435 25 21 of
1716 1435 36 22 the
1762 1437 100 27 employ-

1281 1464 61 19 ment
1356 1464 22 19 to
1396 1461 71 22 which
1481 1461 24 21 he
1516 1468 43 15 was
1572 1461 54 22 bred
1632 1469 6 18 ;
1656 1461 41 26 for,
1713 1462 23 21 in
1747 1461 48 23 that
1804 1470 56 21 case,

1280 1487 34 22 his
1323 1489 63 26 pride
1400 1488 74 22 leaves
1486 1495 27 14 no
1523 1492 120 23 guarantee
1653 1489 35 20 for
1702 1488 34 22 his
1750 1489 111 29 integrity,

1281 1515 45 21 and
1338 1515 35 21 his
1388 1515 163 27 independence
1564 1515 20 21 is
1594 1518 22 18 at
1631 1522 67 19 every
1709 1516 61 21 one's
1779 1524 82 20 mercy.

1281 1542 32 22 To
1325 1541 27 22 be
1368 1541 90 23 humble
1468 1541 22 22 of
1499 1541 64 23 heart
1575 1541 20 22 is
1610 1541 113 28 assuredly
1734 1543 36 21 the
1785 1550 77 16 source

1281 1568 26 23 of
1315 1568 67 22 much
1391 1568 114 28 happiness
1516 1568 45 22 and
1571 1569 26 21 of
1603 1576 67 19 many
1681 1569 90 22 virtues.

1310 1600 113 22 Dress.—
1423 1600 47 21 The
1486 1600 54 22 little
1559 1600 47 22 soul
1625 1600 51 21 that
1692 1607 119 16 converses
1832 1609 30 14 no

1282 1626 78 28 higher
1377 1627 55 22 than
1448 1627 36 21 the
1495 1626 162 27 looking-glass
1672 1626 45 22 and
1731 1635 14 14 a
1759 1628 104 23 fantastic

1282 1654 68 25 dress,
1367 1661 52 19 may
1436 1654 48 26 help
1496 1658 23 17 to
1536 1654 64 21 make
1615 1661 30 19 up
1662 1654 35 21 the
1712 1654 59 23 show
1787 1655 26 21 of
1826 1656 36 21 the

1283 1680 76 27 world,
1370 1681 39 21 but
1419 1686 34 17 mii
1453 1686 23 17 3;
1486 1685 36 17 not
1531 1682 28 20 be
1569 1680 110 23 reckoned
1690 1689 82 19 among
1779 1681 38 22 the
1827 1689 35 15 ra-

1284 1708 69 21 tional
1363 1707 130 22 inhabitants
1504 1707 24 22 of
1535 1708 24 21 it.

1307 1741 52 21 The
1369 1748 58 15 back
1438 1748 65 15 slums
1514 1749 26 13 of
1552 1741 56 21 New
1625 1741 76 23 York.
1702 1753 29 5 —
1732 1742 41 22 Let
1791 1750 26 15 us
1833 1751 29 19 go

1283 1775 28 15 on
1329 1769 66 24 again
1403 1776 5 17 ;
1424 1768 45 21 and
1483 1768 85 27 passing
1585 1767 43 22 this
1644 1768 127 23 wilderness
1789 1770 26 20 of
1833 1778 29 13 an

1282 1794 69 27 hotel,
1363 1795 51 21 with
1424 1798 65 18 stores
1496 1796 68 20 about
1573 1794 28 22 its
1611 1795 60 26 base,
1683 1795 45 23 like
1738 1804 61 14 some
1811 1804 52 14 con-

1283 1821 94 21 tinental
1394 1821 90 26 theatre,
1497 1829 26 14 or
1536 1821 38 21 the
1591 1821 95 22 London
1707 1823 155 26 Opera-house

1283 1847 67 23 shorn
1366 1848 25 21 of
1408 1849 29 20 its
1451 1848 124 25 colonnade,
1590 1848 81 27 plunge
1688 1849 48 21 into
1754 1849 36 22 the
1810 1850 53 22 Five

1284 1875 82 21 Points.
1396 1875 45 21 But
1448 1875 19 21 it
1477 1875 13 21 is
1498 1874 99 27 needful,
1608 1875 54 26 first,
1674 1875 49 22 that
1731 1884 32 14 we
1778 1876 50 22 take
1838 1884 25 14 as

1284 1909 40 14 our
1333 1905 71 19 escort
1415 1901 60 22 these
1484 1905 38 19 two
1533 1901 68 22 heads
1615 1902 27 20 of
1653 1902 37 22 the
1700 1903 78 26 police,
1790 1903 72 23 whom

1285 1935 44 15 you
1346 1927 74 23 would
1436 1928 58 21 know
1513 1929 33 21 for
1559 1927 71 28 ►sharp
1651 1929 45 21 and
1717 1930 146 22 well-trained

1276 1954 95 21 '{jfficers
1381 1955 20 19 if
1411 1961 45 19 you
1466 1957 41 18 met
1516 1954 61 21 them
1594 1954 23 22 in
1633 1955 37 20 the
1688 1956 70 20 Great
1775 1956 88 22 Desert.

1286 1978 27 24 So
1328 1983 48 18 true
1390 1980 19 20 it
1427 1981 19 20 is
1465 1980 42 22 that
1526 1981 83 21 certain
1629 1981 102 28 pursuits,
1752 1982 112 22 wherever

1284 2006 86 22 carried
1380 2014 36 17 on,
1429 2006 42 22 will
1485 2011 129 22 stamp.men
1624 2007 53 22 with
1695 2008 36 21 the
1742 2016 60 14 same
1812 2009 52 21 cha-

1284 2037 79 17 racter.
1392 2033 71 22 These
1475 2037 35 17 two
1521 2033 71 27 might
1608 2034 57 21 have
1680 2035 57 21 been
1749 2036 113 27 begotten,

1286 2060 61 25 born,
1359 2059 45 22 and
1415 2060 52 21 bred
1477 2061 18 21 in
1507 2061 140 21 Bow-street.

1314 2087 42 21 We
1366 2087 57 21 have
1435 2094 49 14 seen
1495 2094 29 14 no
1542 2087 91 26 beggars
1647 2088 23 21 in
1688 2088 37 22 the
1743 2092 78 18 streets
1833 2089 32 28 by

1287 2113 65 27 night
1366 2120 24 15 or
1408 2113 41 27 day
1458 2121 5 19 ;
1479 2114 35 20 but
1528 2114 26 21 of
1566 2114 63 22 other
1643 2114 64 23 kinds
1724 2116 25 21 of
1758 2116 105 27 strollers,

1286 2140 86 27 plenty.
1409 2140 95 27 Poverty,
1515 2140 168 27 wretchedness,
1695 2142 47 22 and
1756 2143 55 26 vice,
1827 2150 37 15 are

1286 2167 39 21 rife
1335 2167 88 26 enough
1436 2167 64 21 where
1510 2174 32 15 we
1552 2174 38 14 are
1599 2168 69 26 going
1677 2175 57 15 now.

1314 2193 54 22 This
1384 2194 19 20 is
1420 2193 36 21 the
1473 2193 55 28 place
1537 2201 6 20 ;
1567 2194 61 22 these
1645 2202 86 15 narrow
1748 2203 65 20 ways,
1831 2196 31 22 di-

1287 2220 92 27 verging
1390 2225 22 16 to
1423 2220 36 21 the
1470 2220 53 28 right
1532 2221 44 21 and
1587 2221 45 26 left,
1644 2221 42 21 and
1698 2222 91 28 reeking
1799 2230 66 21 every

1288 2247 72 21 where
1376 2247 54 21 with
1445 2247 41 21 dirt
1500 2247 42 22 and
1559 2247 55 22 filth.
1649 2248 60 22 Such
1724 2249 54 21 lives
1794 2257 24 14 as
1828 2258 37 14 are

1288 2273 35 21 led
1341 2273 52 22 here
1409 2274 54 21 bear
1478 2273 32 23 the
1532 2282 61 14 same
1611 2274 65 22 fruits
1695 2283 23 14 as
1738 2276 126 23 elsewhere.

1286 2300 49 22 The
1345 2308 75 14 coarse
1430 2300 45 22 and
1484 2301 84 21 bloated
1578 2301 59 22 faces
1653 2305 23 18 at
1684 2302 38 22 the
1733 2303 65 22 doors
1808 2303 57 23 have

1287 2330 151 23 counterparts
1448 2333 22 15 at
1484 2327 68 27 home,
1564 2327 42 22 and
1625 2328 30 22 all
1670 2329 38 21 the
1723 2329 56 23 wide
1798 2330 68 22 world

1289 2360 60 15 over.
1377 2354 142 28 Debauchery
1533 2355 40 21 has
1591 2355 65 21 made
1672 2355 36 22 the
1724 2364 53 19 very
1786 2357 80 22 houses

1288 2381 149 26 prematurely
1453 2381 38 22 old.
1521 2381 42 22 See
1581 2381 50 22 how
1647 2382 36 22 the
1698 2386 72 19 rotten
1790 2384 77 22 beams

1287 2414 37 14 are
1336 2407 108 27 tumbling
1458 2408 65 27 down,
1536 2409 42 21 and
1596 2408 48 22 how
1662 2410 37 21 the
1714 2411 96 26 patched
1823 2411 44 21 and

1288 2434 84 21 broken
1383 2434 102 22 windows
1492 2442 60 15 seem
1561 2438 23 18 to
1596 2435 64 22 scowl
1672 2436 77 27 dimly,
1759 2437 46 21 like
1815 2444 52 20 eyes

1288 2460 49 22 that
1347 2461 57 21 have
1416 2461 55 21 been
1481 2461 46 23 hurt
1536 2462 23 21 in
1570 2461 101 23 drunken
1681 2463 66 28 frays.
1785 2466 13 13 •
1827 2467 12 12 •

1315 2487 67 23 What
1391 2488 62 27 place
1463 2489 18 21 is
1488 2489 42 21 this
1540 2492 23 18 to
1574 2489 72 21 which
1651 2489 43 22 this
1703 2490 87 28 squalid
1798 2493 69 20 street

1288 2514 106 22 conducts
1413 2515 40 21 us?
1484 2516 16 21 A.
1521 2515 54 22 kind
1594 2516 25 22 of
1636 2524 80 19 square
1735 2517 26 21 of
1776 2517 89 26 leprous

1287 2540 87 27 houses,
1387 2549 59 14 some
1458 2542 24 21 of
1491 2542 70 22 which
1577 2550 36 14 are
1630 2543 122 22 attainable
1768 2545 56 26 only
1837 2545 30 26 by

1288 2573 66 22 crazy
1362 2569 91 21 wooden
1463 2569 58 21 stairs
1531 2569 98 22 without.
1660 2570 66 22 What
1731 2570 40 22 lies
1778 2571 87 28 beyond

1288 2594 45 22 this
1344 2595 104 27 tottering
1457 2595 59 27 flight
1527 2596 26 21 of
1559 2600 65 23 steps,
1637 2595 47 23 that
1695 2597 64 22 creak
1768 2598 99 22 beneath

1288 2628 40 15 our
1338 2621 77 23 tread?
1416 2633 28 4 —
1444 2630 13 14 a
1471 2623 112 21 miserable
1597 2630 70 19 room,
1683 2623 85 28 lighted
1785 2625 28 28 by
1824 2632 42 15 one

1289 2647 46 22 dim
1352 2649 88 26 candle,
1456 2649 37 22 and
1509 2649 104 22 destitute
1629 2650 26 21 of
1667 2650 28 22 all
1706 2651 98 26 comfort,
1816 2659 51 15 save

1288 2674 48 22 that
1350 2675 73 22 which
1439 2684 47 19 may
1494 2677 29 21 be
1540 2676 82 22 hidden
1632 2677 25 21 in
1667 2684 14 14 a
1689 2678 112 22 wretched
1815 2679 52 21 bed.

1289 2701 79 23 Beside
1383 2703 18 21 it
1419 2703 38 21 sits
1467 2710 13 14 a
1491 2710 58 19 man,
1559 2703 36 22 his
1610 2703 88 23 elbows-
1702 2712 29 14 on
1742 2705 34 21 his
1792 2705 75 27 knees,

1290 2728 32 22 his
1331 2729 109 23 forehead
1452 2729 78 23 hidden
1540 2731 24 20 in
1575 2730 33 22 his
1620 2730 79 23 hands.
1752 2731 67 23 What
1829 2733 40 21 ails

1289 2754 48 23 that
1439 2757 47 22 asks
1491 2757 36 21 the
1532 2757 106 22 foremost
1648 2756 81 24 officer.

1289 2781 27 22 he
1334 2782 97 27 sullenly
1440 2783 81 28 replies,
1535 2783 92 23 without
1643 2784 92 29 looking
1744 2792 36 21 up.
1811 2786 57 21 Con-

1289 2809 61 21 ceive
1361 2809 38 22 the
1408 2811 81 21 fancies
1496 2806 27 26 of
1533 2818 14 14 a
1556 2811 93 22 fevered
1664 2811 71 27 brain,
1747 2812 24 22 in
1787 2812 54 22 such
1856 2820 13 14 a

1289 2835 61 27 place
1361 2844 24 14 as
1395 2837 44 21 this
1446 2837 6 21 1

1315 2863 93 22 Ascend
1418 2863 61 23 these
1486 2863 128 27 pitch-dark'
1625 2864 72 26 stairs,
1712 2864 91 23 heedful
1819 2866 25 21 of
1855 2874 14 14 a

1288 2888 53 23 false
1351 2890 87 27 footing
1445 2898 29 14 on
1483 2890 32 22 the
1523 2890 119 27 trembling
1651 2891 87 27 boards,
1751 2892 45 21 and
1800 2900 68 19 grope

1288 2922 55 21 your
1361 2924 47 20 way
1419 2917 52 21 with
1481 2924 31 15 me
1521 2917 47 21 into
1584 2917 43 22 this
1637 2917 85 22 wolfish
1734 2918 50 26 den,
1796 2919 72 22 where

1290 2943 86 22 neither
1386 2951 40 20 ray
1437 2944 26 21 of
1469 2944 50 27 light
1529 2951 41 14 nor
1580 2943 77 22 breath
1668 2945 25 21 of
1700 2944 33 22 air
1744 2952 90 20 appears
1844 2949 23 18 to

1289 2976 71 16 come.
1389 2971 22 21 A
1421 2978 65 19 negro
1494 2970 42 27 lad,
1553 2971 91 21 startled
1653 2971 58 21 from
1721 2971 33 22 his
1764 2972 60 27 sleep
1839 2972 29 28 by

1289 2995 37 23 the
1337 2997 94 22 officer's
1443 2997 55 22 voice
1506 3005 6 18 ;
1528 2997 28 21 he
1566 2997 77 22 knows
1652 2997 18 21 it
1680 2997 50 23 well
1737 3006 7 19 ;
1759 2998 41 22 but
1810 3006 48 15 com

1288 3022 74 23 forted
1381 3024 30 27 by
1421 3024 34 22 his
1465 3031 112 15 assurance
1596 3023 48 22 that
1661 3024 27 22 he
1705 3024 41 22 has
1756 3029 41 17 not
1807 3033 62 14 come

1289 3056 28 15 on
1334 3050 109 27 business,
1453 3051 117 26 officiously
1586 3051 80 21 bestirs
1676 3051 90 23 himself
1779 3055 23 19 to
1812 3052 57 27 light

1288 3083 14 14 a
1311 3077 86 22 candle.
1425 3077 49 23 The
1487 3077 72 23 match
1574 3077 88 23 flickers
1677 3078 35 22 for
1726 3086 14 14 a
1757 3085 110 22 moment,

1289 3103 43 21 and
1349 3104 71 22 shows
1436 3108 57 23 great
1508 3104 95 22 mounds
1619 3104 23 22 of
1658 3105 71 27 dusky
1742 3113 52 19 rags
1808 3113 59 20 upon

1289 3129 36 23 the
1335 3131 99 28 ground;
1451 3131 46 22 then
1507 3131 48 22 dies
1564 3138 68 26 away,
1645 3131 45 22 and
1705 3132 75 22 leaves
1790 3140 14 14 a
1814 3133 55 21 den-

1289 3163 34 15 ser
1333 3157 108 23 darkness
1448 3158 47 22 than
1506 3157 82 26 before,
1597 3158 20 22 if
1622 3158 61 22 there
1692 3166 40 14 can
1744 3159 27 22 be
1778 3159 91 28 degrees

1288 3183 22 21 in
1321 3184 55 22 such
1387 3189 111 18 extremes,
1529 3185 19 21 i1
1554 3192 11 14 c
1575 3185 53 21 then
1640 3186 107 22 stumbles
1757 3186 63 22 down
1830 3186 38 22 the

1289 3210 70 25 stairs,
1379 3211 46 23 and
1444 3211 107 29 presently
1570 3219 74 15 comes
1663 3213 63 26 back,
1747 3213 94 27 shading
1856 3221 14 13 a

1288 3236 81 29 flaring
1378 3241 63 24 taper
1456 3239 47 21 with
1513 3239 34 22 his
1557 3239 68 21 hand.
1654 3239 65 22 Then
1729 3239 37 22 the
1775 3239 93 22 mounds

1289 3263 25 21 of
1320 3271 51 20 rags
1380 3272 39 15 are
1428 3272 52 16 seen
1488 3269 19 18 to
1517 3266 26 22 be
1554 3265 60 28 astir,
1625 3265 46 22 and
1680 3273 42 15 rise
1737 3266 77 28 slowly
1823 3274 31 19 up
1861 3274 6 20 ;

1289 3290 43 22 and
1350 3291 39 23 the
1402 3291 58 23 floor
1474 3292 16 22 is
1505 3292 94 22 covered
1615 3291 52 23 with
1680 3292 69 28 heaps
1762 3293 27 22 of
1801 3300 67 20 negro

1288 3324 93 20 women,
1398 3318 87 28 waking
1496 3319 57 22 from
1570 3318 57 22 their
1643 3319 60 28 sleep
1711 3327 6 18 ;
1733 3319 56 21 their
1803 3319 64 23 white

1289 3343 60 23 teeth
1357 3344 129 29 chattering,
1491 3345 44 22 and
1542 3345 57 22 their
1608 3345 74 27 bright
1693 3353 51 20 eyes
1749 3345 120 28 glistening

1288 3371 44 21 and
1342 3371 100 28 winking
1451 3380 28 14 on
1486 3372 28 22 all
1523 3371 59 23 sides
1592 3371 52 22 with
1655 3373 94 26 surprise
1758 3372 46 22 and
1813 3373 54 26 fear,

1287 3397 45 22 like
1347 3399 37 21 the
1399 3399 106 22 countless
1519 3398 116 27 repetition
1645 3398 26 22 of
1686 3406 42 14 one
1740 3399 127 22 astonished

1288 3424 94 22 African
1392 3425 51 23 face
1452 3427 22 21 in
1482 3432 55 15 some
1547 3428 88 24 strange
1646 3425 85 22 mirror.

1314 3451 85 23 Mount
1418 3460 30 20 up
1467 3453 56 21 these
1542 3452 62 22 other
1622 3452 63 22 stairs
1705 3452 51 22 with
1774 3460 29 14 no
1822 3452 45 22 less

1288 3477 88 23 caution
1395 3478 73 27 (there
1482 3486 34 16 we
1533 3482 61 23 traps
1610 3479 46 21 and
1672 3478 81 27 pitfalls
1770 3479 54 22 here
1833 3479 36 22 for

1288 3503 61 23 those
1361 3505 48 22 who
1420 3513 36 15 are
1467 3509 34 18 not
1510 3512 24 15 so
1545 3505 49 21 well
1603 3505 102 22 escorted
1713 3513 24 14 as
1746 3505 121 27 ourselves)

1287 3531 47 23 into
1343 3531 37 23 the
1389 3531 120 29 house-top,
1525 3531 73 22 where
1617 3531 38 21 the
1670 3532 53 22 bare
1738 3533 77 21 beams
1825 3533 45 23 and

1288 3561 47 19 mat
1353 3559 119 25 overhead,
1490 3557 43 23 and
1552 3557 58 24 calm
1632 3558 66 27 night
1721 3559 63 23 looks
1805 3559 64 23 down

1288 3583 97 29 through
1397 3585 42 23 Xhe
1453 3585 91 23 crevices
1562 3585 23 22 in
1602 3585 38 22 the
1657 3585 55 23 roof.
1752 3586 65 28 Open
1830 3586 40 22 the

1288 3610 63 26 door,
1352 3612 26 24 of
1388 3618 44 16 one
1446 3613 26 21 of
1486 3612 59 23 these
1561 3612 106 25 cramped
1677 3612 98 28 hutches,
1791 3613 42 22 full
1843 3613 30 22 <of

1287 3637 100 29 sleeping
1397 3646 96 19 negroes.
1522 3638 48 22 Pah
1577 3638 6 22 !
1607 3637 65 30 They
1685 3639 58 23 have
1757 3647 14 15 a
1781 3646 14 16 a
1805 3639 63 22 char-

1288 3665 47 21 corl
1352 3665 40 23 fire
1409 3665 84 28 within;
1508 3665 62 23 there
1590 3665 18 22 is
1625 3672 14 16 a
1655 3666 64 22 smell
1734 3666 25 22 of
1770 3665 101 28 lingeing

1288 3690 83 24 clothes
1380 3698 26 16 or
1414 3691 63 28 flesh,
1488 3699 22 15 so
1520 3692 59 22 close
1589 3691 54 28 they
1651 3693 78 27 gather
1736 3692 80 27 .round
1832 3693 37 21 the

1288 3717 96 28 brazier;
1397 3718 45 22 and
1451 3726 91 20 vapours
1550 3719 58 21 issue
1618 3719 60 22 iorth
1695 3719 49 23 that
1752 3719 64 23 blind
1825 3719 46 23 and

1288 3745 113 22 suffocate.
1420 3771 6 6 <
1437 3745 60 22 From
1512 3752 67 21 every
1595 3752 84 21 corner,
1697 3752 24 15 as
1737 3752 45 21 you
1791 3746 79 27 glance

1288 3770 69 22 about
1365 3778 45 25 you
1420 3771 24 22 in
1458 3771 58 23 these
1532 3771 56 23 dark
1603 3775 100 24 retreats,
1720 3779 62 15 some
1799 3773 71 26 figure

1288 3797 83 28 crawls,
1382 3797 52 23 half
1440 3797 123 28 awakened,
1573 3805 24 16 as
1603 3798 21 22 if
1630 3797 38 23 the
1675 3798 134 31 judgement
1814 3798 57 22 hour

1289 3830 56 16 were
1360 3831 56 15 near
1430 3829 24 17 at
1468 3824 62 27 hand,
1546 3824 44 22 and
1604 3832 68 25 every
1687 3825 97 21 obscene
1802 3832 71 19 grave,

1289 3857 61 17 were'
1359 3850 78 28 giving
1452 3857 29 22 up
1492 3850 29 22 its
1535 3850 66 22 dead.'
1616 3868 3 4 .
1639 3853 65 19 Were
1724 3850 53 28 dogs
1784 3857 3 3 '
1794 3850 77 22 would

1288 3876 58 22 howl
1356 3880 22 18 to
1387 3874 38 29 lie,
1436 3883 80 17 women
1525 3876 46 22 and
1580 3883 52 15 men
1643 3876 46 22 and
1698 3877 56 27 boys
1763 3876 59 24 slink
1837 3878 32 21 ofl

1288 3905 22 19 to
1328 3902 75 28 sleep;
1424 3902 80 28 forcing
1524 3902 37 22 the
1578 3902 114 29 dislodged
1705 3906 47 19 rats
1761 3907 23 19 to
1803 3910 66 16 move

1315 3956 68 29 Here,
1394 3959 46 26 too,
1449 3963 36 17 are
1495 3956 63 24 lanes
1574 3956 47 23 and
1637 3956 69 28 alleys
1724 3956 74 29 paved
1817 3956 52 24 with

562 60 101 46 Wt>t
686 58 118 44 W*to
830 60 211 42 malmfo
1066 61 191 47 esanttt
1281 61 94 41 m*
1397 62 297 47 GKWtngton
1718 59 255 52 Spectator,

1884 150 61 27 mud,
1981 149 140 28 knee-deep;
2151 151 165 27 under-ground
2343 151 122 26 chambers

1884 177 74 21 where
1969 175 51 28 they
2031 175 69 23 dance
2108 176 44 22 and
2157 184 63 19 game
2222 189 27 4 —
2250 178 36 21 the
2295 177 50 22 wall
2352 178 115 26 bedecked

1886 203 52 21 with
1957 202 72 26 rough
2047 202 87 27 designs
2152 203 26 21 of
2198 203 65 28 ships;
2281 204 45 22 and
2344 205 62 26 forts,
2422 205 54 24 and.

1884 229 63 26 flags,
1969 229 44 21 and
2032 229 120 21 American
2171 229 72 27 eagles
2260 234 37 18 out
2312 231 26 21 of
2357 231 109 27 number;

1884 255 81 22 ruined
1986 255 81 23 houses
2090 262 55 20 open
2171 259 21 17 to
2215 255 38 22 tbe
2275 260 72 24 street,
2366 257 111 27 whence,,

1886 281 96 27 through
1991 281 55 22 wide
2055 288 55 21 gaps
2120 282 22 21 in
2151 281 37 22 the
2198 282 55 27 wall,
2265 283 62 21 other
2336 283 60 23 ruins
2405 283 62 23 loom
2490 297 3 5 •

1885 315 59 20 upon
1952 308 37 22 the
1999 315 49 23 eye,
2059 315 24 15 as
2093 308 83 26 though
2186 308 36 22 the
2239 309 67 21 world
2323 309 26 22 of
2359 311 48 21 vice
2422 310 56 22 and.

1884 335 82 27 misery
1976 333 44 23 had
2031 334 94 28 nothing
2135 335 43 21 else
2189 338 21 18 to
2220 334 60 22 show
2286 343 6 19 ;
2303 335 91 23 hideous
2405 334 62 24 terie^

1886 364 79 24 ments,
1976 361 70 21 which
2058 362 50 20 take
2119 361 55 22 their
2183 368 66 15 name
2255 362 56 22 from
2319 362 93 28 robbery
2422 362 47 23 and

1886 388 126 25 murder;—
2015 387 28 21 all
2055 388 47 20 that
2112 388 17 20 is
2144 388 128 27 loathsome,
2288 388 114 28 drooping,
2421 389 46 22 and

1887 413 104 27 decayed,
2003 414 19 21 is
2032 414 59 21 here.

1914 440 49 22 Our
1980 440 76 22 leader
2072 440 40 22 has
2128 440 34 22 his
2177 440 60 22 hand
2253 448 58 21 upon
2328 441 36 21 the
2375 442 60 22 latch
2446 442 26 22 of

2050 467 44 22 and
2104 466 54 23 calls
2167 470 22 19 to
2199 475 26 15 us
2232 468 56 21 from
2300 468 37 22 the
2351 468 83 22 bottom
2445 469 27 21 of

1886 492 37 23 the
1934 497 69 30 steps;
2019 494 34 21 for
2069 493 36 22 the
2121 494 109 27 assembly
2245 501 62 15 room
2324 495 25 21 of
2360 495 37 21 the
2413 495 55 22 Five

1888 519 65 22 Point
1963 520 128 21 fasionables
2110 520 18 21 is
2143 521 138 27 approached
2296 521 30 27 by
2342 529 13 14 a
2370 522 98 22 descent.

1887 546 60 21 Shall
1957 553 32 15 we
1998 554 29 19 go
2037 546 22 21 in
2066 547 10 20 ?
2103 546 23 22 It
2133 547 19 20 is
2159 546 40 22 but
2206 554 12 15 a
2227 551 106 18 moment.
2435 553 10 17 ',
2472 547 3 9 '

1914 572 96 28 Heyday
2017 573 5 21 !
2040 572 36 22 the
2086 572 106 28 landlady
2208 574 26 20 of
2246 574 114 22 Almack's
2375 574 98 26 thrivea..

1886 609 27 5 —
1914 600 23 20 A
1946 600 84 21 buxom
2040 600 32 20 fat
2081 599 92 22 mulatto
2183 607 91 19 woman,
2286 600 52 21 with
2355 602 114 26 sparkling

1888 633 57 19 eyes,
1957 626 73 21 whose
2039 626 57 21 head
2106 626 19 21 is
2135 625 93 28 daintily
2239 628 143 21 ornamented
2392 628 53 21 with
2455 635 14 14 a

1887 652 165 22 handkerchief
2069 652 26 21 of
2114 659 66 20 many
2198 652 94 23 colours.
2327 654 47 21 Nor
2392 654 19 21 is
2431 654 38 22 the

1886 678 101 22 landlord
1997 678 67 23 much
2078 678 81 22 behind
2171 679 37 21 her
2223 679 23 21 in
2263 679 33 22 his
2313 680 78 28 finery,
2402 680 69 28 being

1888 705 78 21 attired
1984 706 23 21 in
2028 713 13 14 a
2060 709 68 18 smart
2145 705 51 22 blue
2211 706 83 27 jacket,
2311 706 45 22 like
2369 714 13 14 a
2401 701 70 33 ship^

1888 732 99 26 steward,
1999 732 53 21 with
2062 739 14 14 a
2086 732 61 21 thick
2161 732 52 26 gold
2227 733 51 26 ring
2293 740 60 20 upon
2368 733 35 22 his
2413 734 57 21 little

1888 758 71 26 finger
1977 759 45 21 and
2040 758 74 22 round
2131 758 35 22 bis
2184 758 55 22 neck
2258 767 13 14 a
2288 760 112 26 gleaming
2417 760 53 27 gold

1889 784 158 28 watch-guard.
2077 785 58 22 How
2145 784 51 28 glad
2205 784 29 23 he
2245 786 18 21 is
2272 789 21 18 to
2303 793 37 14 see
2350 794 32 14 us.
2403 786 68 23 What

1889 812 44 21 will
1944 819 31 14 we
1985 812 73 27 please
2069 815 22 18 to
2106 812 43 21 call
2158 812 50 21 for?
2208 823 27 4 —
2236 819 14 14 a
2265 812 85 23 dance?
2379 813 21 21 It
2415 813 56 22 shall

1888 838 28 21 be
1926 837 57 22 done
1994 838 99 27 directly,
2105 838 46 27 Sir;
2206 839 87 27 regular

1915 864 49 22 The
1978 866 116 26 corpulent
2110 865 65 22 black
2189 866 80 21 fiddler
2283 866 45 22 and
2342 866 34 22 his
2394 866 76 23 friend

1889 892 48 21 who
1946 891 62 27 plays
2018 892 37 22 the
2064 892 128 26 tamborine,
2203 896 71 23 stamp
2280 900 58 20 upon
2346 892 36 22 the
2390 893 81 22 board-

1888 918 38 27 ing
1937 918 26 21 of
1975 919 36 21 the
2022 918 64 22 small
2096 918 72 21 raised
2178 918 110 22 orchestra
2304 920 23 20 in
2337 919 71 22 which
2419 919 52 28 they

1889 945 34 26 sit,
1945 944 44 22 and
2004 945 53 27 play
2065 951 14 15 a
2093 944 68 26 lively
2177 952 106 15 measure.
2321 945 54 22 Five
2392 953 26 14 or
2436 946 35 22 six

1890 971 77 33 couple
1985 979 61 14 come
2064 979 60 19 upon
2140 971 36 21 the
2191 971 62 27 floor,
2266 971 130 22 marshalled
2414 972 30 27 by
2459 980 13 15 a

1888 993 69 31 lively
1972 1005 75 20 young
2060 1005 75 19 negro,
2147 997 49 22 who
2211 998 19 22 is
2240 998 37 22 the
2295 999 37 21 wit
2346 999 26 21 of
2384 998 41 23 the-
2436 1006 43 15 as-.

1877 1035 2 21 I
1890 1024 92 26 senibly,
1994 1024 45 22 and
2055 1025 36 21 the
2104 1027 97 24 greatest
2216 1024 82 22 dancer
2315 1024 88 23 known.
2412 1037 4 3 -
2433 1025 38 22 He

1890 1058 69 16 never
1968 1051 73 22 leaves
2052 1051 34 21 off
2094 1050 93 28 making
2196 1058 68 20 queer
2272 1051 67 26 faces,
2351 1052 43 21 and
2403 1052 19 21 is
2432 1052 39 22 the

1890 1077 84 27 delight
1989 1077 26 22 of
2026 1077 29 22 all
2073 1078 36 21 the
2125 1080 49 24 rest,
2192 1078 49 21 who
2255 1078 50 27 grin
2322 1078 57 22 from
2395 1086 38 15 ear
2448 1083 23 18 to

1891 1111 37 14 ear
1937 1104 144 27 incessantly.
2111 1104 88 27 Among
2208 1104 38 22 the
2264 1104 99 27 dancers,
2374 1113 38 14 are
2426 1110 46 17 two

1890 1138 75 20 young
1974 1131 93 22 mulatto
2078 1130 58 28 girls,
2149 1132 52 20 with
2211 1131 60 27 large
2286 1132 68 21 black
2363 1132 109 28 drooping

1891 1165 58 19 eyes,
1966 1158 44 21 and
2029 1157 122 27 head-gear
2166 1158 56 21 after
2238 1157 36 22 the
2287 1158 87 22 fashion
2391 1159 26 21 of
2434 1159 38 21 the

1890 1183 92 27 hostess,
1994 1184 49 22 who
2053 1191 37 15 are
2098 1192 26 13 as
2131 1184 47 27 shy,
2187 1192 23 13 or
2216 1184 61 28 feign
2285 1189 22 17 to
2314 1185 34 25 be,
2358 1193 22 14 as
2387 1184 85 28 though

1890 1210 55 28 they,
1959 1218 68 14 never
2043 1210 87 23 danced
2147 1211 79 26 before,
2239 1211 44 22 and
2297 1219 25 14 so
2337 1212 52 21 look
2407 1211 67 23 down

1891 1237 75 22 before
1976 1238 36 21 tbe
2024 1237 92 27 visitors,
2126 1237 48 22 that
2185 1238 56 21 their
2257 1242 100 23 partners
2373 1245 44 15 can
2434 1246 38 14 see

1891 1264 94 27 nothing
1995 1265 39 21 but
2044 1264 37 22 the
2090 1264 52 27 long
2151 1264 87 27 fringed
2246 1264 82 22 lashes.

1917 1291 46 21 But
1972 1291 37 21 the
2017 1292 68 20 dance
2092 1298 146 15 commences.
2267 1292 73 26 Every
2346 1292 128 26 gentleman

1891 1322 44 17 sets
1945 1325 25 14 as
1978 1317 54 27 long
2042 1325 23 14 as
2076 1318 27 21 he
2114 1318 55 21 likes
2179 1321 22 18 to
2210 1318 38 21 the
2256 1318 96 27 opposite
2359 1318 60 28 lady,
2430 1318 44 23 and

1891 1344 37 21 the
1939 1344 99 27 opposite
2046 1344 52 27 lady
2114 1348 22 17 to
2152 1344 58 27 him;
2232 1344 46 21 and
2293 1344 29 22 all
2338 1352 37 14 are
2385 1352 24 15 so
2420 1344 54 28 long

1891 1371 70 22 about
1968 1372 17 20 it
1995 1371 48 21 that
2053 1371 38 21 the
2100 1374 61 24 sport
2170 1371 77 27 begins
2256 1374 23 18 to
2288 1371 108 27 languish,
2408 1372 65 22 when

1891 1397 110 27 suddenly
2011 1398 37 21 the
2058 1398 68 26 lively
2136 1397 51 22 hero
2203 1397 78 22 dashes
2296 1401 23 18 to
2335 1398 37 21 the
2388 1405 84 16 rescue.

1892 1424 111 27 Instantly
2015 1424 36 21 the
2062 1424 63 21 fidler
2133 1424 68 27 grins,
2213 1424 45 22 and
2274 1432 52 19 goes
2342 1429 22 18 at
2379 1426 17 21 it
2410 1425 64 22 tooth

1891 1451 45 21 and
1945 1451 45 21 nail
1998 1459 5 19 ;
2015 1451 61 22 there
2086 1451 18 21 is
2115 1458 48 14 new
2173 1458 80 20 energy
2264 1452 22 21 in
2297 1451 38 22 the
2343 1452 137 27 tamborine,,

1891 1484 49 15 new
1949 1478 102 27 laughter
2060 1478 21 21 in
2093 1478 37 21 the
2141 1478 98 27 dancers,
2258 1485 50 15 new
2318 1478 74 22 smiles
2401 1479 24 21 in
2436 1478 38 23 the

1891 1504 112 27 landlady,
2015 1511 49 14 new
2076 1505 125 21 confidence
2210 1505 22 21 in
2243 1505 38 22 the
2297 1505 108 26 landlord,
2425 1510 53 17 new'

1893 1531 122 27 brightness
2025 1531 22 21 in
2059 1531 35 22 the
2106 1538 53 20 very
2168 1531 96 22 candles.
2302 1532 74 26 Single
2387 1532 86 26 shuffle,

1892 1557 81 22 double
1982 1557 85 27 shuffle,
2079 1562 37 17 cut
2125 1558 43 21 and
2178 1565 59 14 cross
2251 1560 36 19 cut
2295 1565 5 20 ;
2318 1558 109 28 snapping
2441 1558 40 22 his'

1893 1585 87 26 fingers,
1991 1584 81 28 rolling
2080 1585 35 21 his
2133 1591 58 21 eyes,
2208 1585 90 27 turning
2312 1585 24 21 in
2351 1585 34 21 his
2400 1585 81 27 knees,'

1891 1611 127 27 presenting
2029 1612 36 21 the
2077 1611 65 22 backs
2148 1612 30 21 .of
2189 1611 34 21 his
2232 1611 47 26 legs
2293 1612 24 21 in
2332 1611 64 27 front,
2417 1612 58 26 spin-

1892 1638 53 26 ning
1954 1638 69 21 about
2038 1645 27 14 on
2079 1638 34 21 his
2129 1642 45 17 toes
2187 1638 45 21 and
2248 1638 60 21 heels
2323 1638 43 21 like
2382 1638 95 28 nothing

1892 1665 39 21 but
1942 1665 36 21 the
1990 1665 70 21 man's
2069 1665 81 26 fingers
2161 1672 28 13 on
2205 1665 37 21 the
2258 1665 134 27 tamborine;
2409 1665 67 22 danc-

1893 1691 40 27 ing
1952 1691 52 22 with
2024 1696 40 17 two
2084 1691 41 22 left
2144 1691 53 26 legs,
2218 1695 43 18 two
2278 1692 59 26 right
2359 1691 54 28 legs,
2433 1694 46 20 two'

1893 1718 90 21 wooden
1994 1719 54 26 legs,
2057 1722 41 17 two
2111 1718 50 21 wire
2171 1719 53 26 legs,
2236 1722 41 17 two
2286 1718 75 28 spring
2370 1718 47 28 legs
2419 1730 26 4 —
2446 1719 32 22 all

1893 1748 55 18 sorts
1959 1745 23 21 of
1994 1745 55 26 legs,
2060 1745 43 21 and
2114 1752 28 14 no
2151 1745 48 26 legs
2199 1755 26 5 —
2227 1745 58 21 what
2294 1746 19 21 is
2325 1745 41 22 this
2377 1750 22 17 to
2413 1745 47 22 him
2467 1746 15 22 ?•

1893 1771 53 22 And
1954 1772 23 21 in
1988 1772 58 21 what
2056 1771 58 22 walk
2123 1772 25 21 of
2159 1772 44 26 life,
2216 1779 25 14 or
2251 1772 68 21 dance
2330 1772 26 21 of
2365 1772 45 27 life,
2422 1772 54 22 does

1892 1805 52 14 man
1962 1805 51 14 ever
2031 1802 38 23 get
2087 1799 55 21 such
2164 1799 136 27 stimulating
2323 1799 112 27 applause,
2453 1806 25 15 a3

1893 1825 105 21 thunders
2013 1825 67 22 about
2098 1825 53 26 him,
2169 1825 70 27 when,
2250 1825 83 27 having
2342 1826 87 21 danced
2443 1826 35 23 his

1893 1856 89 22 partner
1992 1852 29 21 oft
2032 1851 39 22 her
2081 1852 50 26 feet,
2143 1852 44 21 and
2194 1852 91 21 himself
2293 1857 43 22 too,
2348 1852 27 21 lie
2386 1852 92 23 finishes

1893 1879 28 26 by
1931 1879 89 26 leaping
2033 1879 121 26 gloriously
2170 1886 28 13 on
2212 1879 38 20 the
2266 1879 149 27 bar-counter,
2432 1879 46 22 and

1892 1905 83 27 calling
1985 1905 34 21 for
2029 1905 125 27 something
2163 1908 22 18 to
2196 1905 71 27 drink,
2276 1905 52 22 with
2338 1906 37 21 the
2384 1906 94 22 chuckle

1893 1932 25 20 of
1930 1938 14 14 a
1954 1932 84 20 million
2054 1932 26 20 of
2091 1932 130 21 counterfeit
2234 1932 46 21 Jim
2296 1932 80 27 Crows,
2397 1934 23 20 in
2436 1939 43 15 one

1893 1957 124 22 inimitable
2027 1957 72 22 sound
2107 1959 10 20 1

1919 1983 50 23 The
1979 1984 40 27 air,
2031 1991 55 15 even
2102 1985 24 21 in
2142 1984 61 22 these
2218 1984 145 28 distempered
2379 1988 66 25 parts,
2460 1985 20 22 is

1893 2010 60 22 fresh
1964 2011 56 21 after
2032 2011 35 21 the
2079 2011 81 27 stifling
2170 2011 136 27 atmosphere
2312 2012 25 20 of
2344 2012 36 21 the
2391 2012 88 22 houses:

1893 2037 44 21 and
1953 2044 58 19 now,
2022 2044 24 14 as
2056 2044 32 15 we
2098 2044 88 20 emerge
2196 2038 48 21 into
2255 2045 13 14 a
2278 2038 90 21 broader
2378 2042 74 24 street,
2462 2040 19 21 it

1892 2064 67 21 blows
1969 2071 58 20 upon
2039 2071 25 15 us
2074 2065 53 21 with
2137 2072 12 14 a
2158 2072 65 19 purer
2232 2065 84 26 breath,
2325 2065 41 21 and
2374 2065 38 22 the
2419 2069 55 18 stars

1894 2091 52 21 look
1957 2090 74 27 bright
2041 2091 71 26 again.
2152 2090 59 22 Here
2227 2098 38 14 are
2281 2091 37 22 the
2333 2092 82 21 Tombs
2425 2099 55 15 once

1894 2124 67 15 more.
1964 2129 27 4 —
1991 2119 67 19 Notes
2069 2124 26 14 on
2112 2119 105 20 America.

1921 2150 140 23 Etiquette.
2064 2162 27 4 —
2093 2150 73 23 When
2191 2151 80 22 Prince
2295 2152 80 22 Albert
2394 2159 44 15 was
2458 2152 23 22 in

1895 2176 105 22 Scotland
2011 2177 34 21 his
2056 2177 72 27 Royal
2140 2178 113 26 Highness
2265 2185 42 15 was
2317 2178 113 29 inquiring
2439 2179 39 22 the

1893 2203 77 27 height
1984 2204 25 21 of
2023 2211 62 15 some
2095 2204 27 21 of
2129 2204 36 22 the
2176 2204 103 22 different
2289 2206 135 27 mountains,
2436 2206 45 22 and

1893 2230 28 21 he
1932 2237 44 15 was
1991 2230 109 23 informed
2116 2231 28 27 by
2154 2230 37 22 the
2208 2239 94 19 equerry
2312 2232 47 22 that
2370 2233 50 21 Ben
2436 2233 47 21 Lo-

1895 2257 69 21 mond
1971 2258 52 21 held
2034 2257 32 22 his
2079 2258 57 21 head
2144 2258 141 27 particularly
2293 2258 61 28 high,
2365 2260 47 20 and
2419 2260 62 21 often

1895 2291 58 14 wore
1964 2292 13 13 a
1987 2291 41 21 cap
2036 2285 26 20 of
2069 2292 68 14 snow.
2190 2285 115 27 Benjamin
2318 2286 60 27 Who,
2387 2286 38 22 did
2435 2294 46 19 you

1972 2318 44 14 was
2026 2311 37 22 the
2074 2312 96 21 Prince's
2180 2312 68 27 reply.
2300 2313 47 21 Ben

1895 2338 113 21 answered
2026 2338 36 21 the
2080 2345 100 21 equerry.
2232 2338 44 28 Oh,
2297 2340 121 26 Benjamin
2439 2340 44 21 Lo-

1999 2364 79 27 mildly
2088 2365 123 27 responded
2222 2365 35 22 his
2276 2366 70 28 Royal
2358 2366 123 28 Highness,

1895 2390 76 28 laying
1988 2399 13 14 a
2016 2391 67 27 slight
2097 2395 71 23 stress,
2180 2392 28 28 by
2218 2399 49 20 way
2277 2393 25 21 of
2314 2393 82 21 rebuke
2406 2397 23 17 to
2445 2394 37 21 the

1897 2425 100 20 equerry,
2008 2425 30 14 on
2048 2418 36 21 the
2095 2419 61 21 word
2332 2431 27 4 —
2359 2421 83 20 Punch.

1923 2444 60 22 Past
1999 2453 46 14 and
2065 2445 106 22 Present
2187 2446 58 21 Cost
2262 2453 25 14 of
2302 2447 118 22 Colonial
2435 2447 48 22 Go-

1897 2479 40 14 ver
1944 2478 87 20 nmen,t.
2032 2482 28 5 —
2061 2472 22 21 It
2093 2472 19 21 is
2123 2479 41 15 one
2175 2472 26 21 of
2208 2472 37 21 the
2255 2480 66 20 many
2331 2474 54 21 evils
2394 2474 89 22 attend-

1895 2498 40 26 ing
1945 2505 39 15 our
1994 2502 152 24 government,
2163 2498 47 22 that
2218 2501 138 26 party-spirit
2363 2500 20 22 is
2392 2501 91 22 created

1896 2524 45 22 and
1951 2525 96 22 fostered
2057 2526 29 26 by
2095 2526 38 21 the
2149 2526 133 31 mere^hope
2292 2527 26 21 of
2330 2527 115 27 partaking
2459 2527 24 22 in

1897 2552 37 21 tbe
1945 2552 77 27 profits
2033 2552 25 21 of
2072 2552 37 21 the
2124 2555 62 24 great
2201 2553 143 27 expenditure
2360 2554 72 22 which
2446 2562 39 14 ac-

1897 2580 126 25 companies
2032 2579 25 22 it.
2086 2578 47 23 Our
2144 2587 48 14 own
2203 2580 64 21 times
2278 2587 36 15 are
2328 2581 107 27 probably
2445 2581 38 21 the

1897 2605 47 21 first
1954 2606 23 21 in
1984 2606 72 21 which
2066 2605 39 22 the
2112 2606 123 27 governing
2244 2606 67 28 body,
2322 2607 22 21 in
2352 2608 60 26 large
2419 2605 55 24 state
2476 2623 7 14 ?

1897 2631 40 22 has
1947 2632 81 27 sought
2044 2637 23 17 to
2082 2632 89 28 acquire
2186 2634 99 26 strength
2300 2634 30 26 by
2342 2634 143 27 multiplying

1897 2658 139 30 dependants
2051 2667 28 14 on
2094 2660 38 21 the
2149 2659 74 28 public
2239 2667 76 21 purse;
2335 2668 14 14 a
2363 2665 82 18 matter
2457 2661 30 23 .of

1897 2686 113 21 statecraft
2027 2693 50 14 now
2091 2686 50 21 well
2156 2686 135 22 understood
2306 2688 24 21 in
2345 2695 61 14 some
2421 2692 65 23 great

1898 2712 119 28 European
2036 2713 125 27 kingdoms.
2199 2713 76 22 Under
2288 2721 42 15 our
2342 2714 37 22 old
2390 2714 96 22 colonial

1898 2742 91 24 system,
1999 2747 30 14 no
2040 2740 130 27 temptation
2182 2740 111 22 whatever
2300 2748 44 14 was
2354 2741 52 22 held
2417 2745 37 18 out
2463 2744 23 18 to

1897 2766 146 22 self-interest
2057 2767 113 27 assuming
2179 2766 37 22 the
2227 2767 61 22 mask
2300 2769 26 20 of
2337 2768 121 27 patriotism
2458 2780 28 4 —

1898 2792 38 21 the
1947 2795 137 20 commonest
2093 2794 56 22 form
2158 2794 25 21 of
2190 2793 127 28 hyprocrisy
2324 2794 23 22 in
2355 2795 61 21 these
2423 2795 62 28 days.

1897 2819 48 22 The
1957 2827 96 20 expense
2060 2821 26 20 of
2093 2820 37 21 the
2138 2820 51 22 civil
2200 2821 167 23 establishment
2372 2822 19 22 is
2398 2822 89 21 Massa-

1898 2846 101 22 chussets
2010 2847 55 27 Bay,
2076 2846 76 22 before
2162 2847 37 21 the
2208 2851 194 19 commencement
2412 2848 26 21 of
2447 2848 38 22 the

1898 2873 122 22 American
2029 2880 50 19 war,
2091 2880 44 15 was
2151 2874 115 22 estimated
2280 2875 29 27 by
2319 2875 73 21 Adam
2412 2875 73 22 Smith

1898 2903 23 17 at
1931 2900 68 21 about
2010 2900 98 25 £18,000
2118 2907 13 14 a
2146 2907 65 25 year;
2229 2901 49 21 that
2287 2902 27 20 of
2327 2902 55 20 New
2398 2901 88 28 Hamp-

1898 2925 60 22 shire
1973 2926 45 22 and
2033 2926 78 21 Rhode
2128 2922 82 31 Island,
2226 2928 84 26 £3,500
2322 2928 65 25 each;
2405 2927 49 22 that
2463 2928 27 22 of

1900 2952 154 27 Connecticut,
2071 2953 94 27 £4,000;
2187 2954 47 21 that
2252 2954 26 21 of
2289 2954 56 21 New
2362 2954 63 22 York
2439 2955 48 22 and

1900 2978 173 28 Pennsylvania,
2084 2980 84 25 £4,500
2178 2980 54 21 each
2241 2988 5 14 :
2257 2980 48 21 that
2315 2980 25 22 of
2347 2981 54 21 New
2412 2981 73 27 Jersy,

1899 3005 97 27 £1,200;
2015 3006 49 21 that
2073 3006 25 21 of
2111 3006 101 27 Virginia
2227 3007 46 22 and
2288 3006 70 23 South
2373 3008 113 27 Carolina,

1899 3033 84 26 £8,000
1994 3032 61 23 each.
2154 3034 197 21 ever-memorable

1899 3066 23 15 as
1940 3058 29 23 he
1984 3063 59 18 most
2058 3059 59 27 truly
2127 3060 60 26 adds,
2265 3060 50 22 how
2330 3061 62 21 small
2408 3069 28 13 an
2447 3069 40 15 ex-

1898 3093 71 19 pense
1983 3088 112 25 3,000,000
2104 3087 26 20 of
2142 3086 76 28 people
2228 3095 53 20 may
2289 3091 41 18 not
2344 3088 51 28 only
2405 3088 29 22 be
2446 3096 41 20 go-

1899 3112 91 26 verned,
2000 3113 41 22 but
2051 3112 48 23 well
2280 3114 25 21 In
2316 3116 59 26 1816,
2388 3114 38 22 the
2436 3115 52 26 qivil

1899 3140 145 26 expenditure
2054 3140 25 21 of
2094 3140 188 27 Newfoundland,
2297 3141 54 28 paid
2366 3146 40 18 out
2421 3142 25 22 of
2459 3142 29 22 its

1898 3173 105 19 revenue,
2015 3174 43 14 was
2069 3167 96 26 £36,000
2173 3175 6 19 ;
2196 3168 26 21 of
2229 3168 80 21 Prince
2324 3168 115 22 Edward's
2453 3169 35 21 Is-

1898 3192 59 28 land,
1966 3193 107 27 £13,000;
2085 3193 55 22 New
2147 3194 138 27 Brunswick,
2292 3195 106 27 £52,000;
2411 3195 77 22 Lower

1898 3220 99 26 Canada,
2014 3223 25 18 at
2051 3220 55 21 least
2117 3220 138 27 £1,000,000.
2285 3222 25 21 If
2318 3222 41 21 this
2369 3229 118 15 enormous

1898 3246 118 22 difference
2025 3253 56 15 were
2090 3248 156 26 compensated
2252 3248 29 28 by
2286 3250 99 26 superior
2391 3255 97 21 govern-

1899 3276 69 24 ment,
1980 3273 12 22 I
2003 3273 35 22 for
2046 3281 42 14 one
2097 3274 81 21 should
2185 3274 26 22 be
2222 3274 56 22 little
2286 3275 102 27 disposed
2398 3279 23 17 to
2429 3275 58 26 cavil

1897 3303 24 18 at
1931 3300 38 21 the
1978 3303 93 18 amount
2080 3300 26 21 of
2115 3300 36 21 the
2167 3308 60 15 sums
2238 3302 71 21 which
2319 3302 37 21 the
2372 3302 78 27 people
2462 3302 26 22 of

1899 3327 37 21 the
1952 3326 98 22 colonies
2064 3334 36 15 are
2115 3327 72 22 called
2204 3335 28 15 on
2246 3331 23 19 to
2285 3328 98 22 advance
2399 3329 35 21 for
2448 3328 39 22 the

1898 3354 108 27 purchase
2011 3354 27 21 of
2044 3361 24 14 so
2077 3353 117 23 estimable
2201 3362 12 14 a
2220 3355 104 27 blessing.
2344 3356 44 21 But
2396 3355 10 21 I
2415 3354 71 28 might

1898 3380 70 27 safely
1978 3380 40 21 ask
2029 3380 61 22 those
2109 3380 49 22 who
2169 3382 109 21 entertain
2293 3382 39 21 the
2346 3381 87 27 highest
2443 3388 40 15 no-

1898 3406 58 22 tions
1966 3407 24 21 of
1996 3411 148 22 government
2154 3408 44 22 and
2208 3408 28 22 its
2246 3408 79 26 duties,
2333 3407 98 23 whether
2441 3414 44 21 any

1898 3434 25 21 of
1935 3434 28 21 its
1977 3433 120 28 functions,
2115 3435 70 21 moral
2199 3443 24 13 or
2239 3434 106 26 material,
2361 3441 37 14 are
2413 3434 73 21 better

1897 3460 94 22 fulfilled
2001 3460 24 22 in
2036 3468 40 14 our
2086 3461 98 22 colonies
2194 3462 25 21 of
2232 3462 37 21 the
2279 3464 87 24 present
2377 3460 43 26 day
2431 3460 54 22 than

1898 3487 53 27 they
1963 3494 55 15 were
2028 3487 23 22 in
2066 3487 38 22 the
2120 3489 88 21 ancient
2224 3488 119 22 American
2358 3486 125 28 provinces;

1897 3514 122 21 Merivale's
2026 3516 101 20 Lectures
2136 3521 26 15 on
2174 3514 148 22 Colonization.
2459 3514 3 4 '
2474 3520 4 4 -

1925 3547 88 23 Abuse.
2013 3559 30 4 —
2043 3548 21 22 A
2083 3548 75 27 gentle
2175 3548 61 27 reply
2250 3550 22 19 to
2287 3545 127 24 scurrillous
2434 3545 50 23 lan-

1898 3580 72 20 guage
1978 3575 19 21 is
2006 3574 38 22 the
2055 3578 58 19 most
2123 3582 75 15 severe
2208 3574 92 22 rebuke.

60 153 24 24 of
98 151 37 23 the
155 148 70 24 world
244 148 76 22 before
340 147 39 23 the
398 155 55 23 year
475 150 71 27 1228,
562 156 26 15 as
606 155 33 16 we

58 186 61 23 learn
130 182 59 23 from
209 180 99 23 Mathew
328 181 75 23 Paris.
441 181 29 23 In
488 181 50 23 that
555 188 55 24 year
621 181 18 22 it

59 223 72 18 seems
143 214 63 25 there
225 221 61 15 came
306 221 30 17 an
346 214 128 24 Armenian
493 214 146 30 Archbishop

59 252 46 22 into
118 246 108 31 England
235 251 22 18 to
269 247 53 22 visit
333 246 38 23 the
384 246 88 23 shrines
484 247 45 22 and
540 246 99 31 reliques

58 280 124 35 preserved-
190 281 24 21 in
226 287 41 16 our
285 278 118 30 churches,
416 279 49 23 who
483 280 69 30 being
563 283 76 19 enter-

58 313 75 27 tained
145 318 22 18 at
187 313 39 23 the
246 316 130 26 monastery
388 313 25 22 of
428 313 35 23 St.
482 312 90 24 Albans
593 319 46 16 was

58 347 70 25 asked
139 346 88 23 several
238 346 115 30 questions
364 345 97 31 relating
472 350 22 18 to
514 344 34 24 his
567 352 70 16 coun-

58 386 43 26 try.
103 384 3 10 1
113 388 3 7 '
136 379 95 30 Among
241 379 38 23 the
296 383 54 24 rest,
359 386 17 16 a.
386 379 78 28 monk,
477 378 49 23 who
538 382 35 19 sat
585 385 54 16 near

58 415 54 27 him,
124 412 106 31 inquired
298 411 35 24 he-
338 411 46 24 had
402 419 52 15 ever
467 418 55 16 seen
534 418 24 15 or
570 410 69 24 heard

58 447 25 24 of
92 445 38 24 the
140 445 91 24 famous
240 452 83 24 person
335 444 82 24 named
428 443 92 32 Joseph,
531 443 50 23 who
594 448 45 19 Was

57 483 93 28 present
167 482 25 19 at
207 486 41 15 our
267 477 83 24 Lord's
369 476 139 29 crucifixion,
522 476 45 23 and
584 485 55 15 con-

57 512 80 24 versed
148 511 55 24 with
214 511 56 29 him,
282 511 45 23 and
338 510 50 24 who
409 517 45 16 was
472 509 48 23 still
538 509 57 24 alive
615 510 24 23 in

57 546 39 23 the
108 545 156 24 confirmation
276 544 25 23 of
310 544 38 23 the
357 543 116 24 Christian
588 542 51 24 The

57 577 147 33 Archbishop
216 576 115 25 answered
341 576 50 23 that
407 575 39 24 the
457 575 45 23 fact
514 582 45 16 was
571 579 50 20 true
632 585 5 20 ;

58 612 44 23 and
122 610 139 29 afterwards,
278 617 42 16 one
342 609 25 23 of
381 609 36 24 his
437 609 66 27 train,
526 608 49 23 who
595 616 45 16 was

58 645 51 24 well
120 644 85 24 known
214 649 25 18 to
251 651 14 15 a
283 647 92 19 servant
386 642 25 23 of
426 641 37 23 the
475 641 117 29 Abbott's,
603 642 37 23 in-

58 678 126 31 terpreting
198 677 37 22 his
252 675 105 24 master's
376 675 81 27 words,
468 673 48 24 told
536 674 63 24 them
617 675 24 23 in

46 732 5 5 .
58 710 99 29 French,
170 709 50 23 that
230 709 36 23 his
283 708 51 23 lord
351 708 66 22 knew
437 708 38 22 the
492 715 84 23 person
588 707 53 32 they

58 743 73 31 spoke
142 742 25 23 of
176 749 54 23 very
242 741 49 23 well
300 749 6 20 ;
320 741 50 22 that
380 740 28 23 he
420 739 67 24 dined
499 744 23 19 at
534 740 35 23 his
581 741 60 23 table

59 777 40 23 but
112 784 13 15 a
136 774 59 24 little
214 774 66 23 while
299 774 77 22 before
393 773 29 23 he
442 772 42 24 left
503 773 39 23 the
563 773 60 24 East
633 783 6 20 ;

59 809 49 23 that
118 809 30 22 he
158 807 46 24 had
215 807 58 23 been
291 807 98 22 Pontius
407 805 95 24 Pilate's
515 811 84 25 porter,
611 807 30 31 by

57 850 66 15 name
136 840 153 31 Catftaphilus,
298 840 57 28 who,
364 839 64 24 when
438 839 53 31 they
501 847 60 16 were
573 840 68 31 drag-

58 876 56 30 ging
125 875 68 23 Jesus
205 878 39 19 out
254 878 24 18 at
298 873 38 23 the
355 872 54 24 door
428 873 25 23 of
467 873 38 23 the
520 873 122 31 judgment

56 908 54 28 hall,
124 908 80 23 struck
221 907 48 23 him
287 914 30 16 on
337 906 39 23 the
394 906 67 28 back,
474 906 88 30 saying,
604 907 37 23 Go

55 941 79 28 faster,
155 941 70 23 Jesus
235 949 5 14 :
270 948 29 22 go
320 939 72 24 faster
400 948 7 20 ;
437 939 51 31 why
510 939 51 23 dost
587 939 55 24 thou

56 974 74 30 lingejr
139 974 11 23 ?
210 973 71 30 Upon
293 972 73 24 which
384 973 67 23 Jesus
465 972 83 24 looked
560 977 23 19 at
594 973 48 24 him

57 1006 55 24 with
124 1014 14 15 a
148 1006 80 29 frown,
240 1005 44 24 and
296 1006 57 27 said,
392 1005 12 23 I
422 1005 81 24 indeed
515 1014 37 14 am
564 1007 77 30 going,

57 1040 41 23 but
110 1039 56 23 thou
176 1038 61 25 shalt
249 1043 60 25 tarry
319 1038 35 23 till
366 1038 14 23 I
503 1038 63 24 Soon
576 1039 65 29 after,

56 1073 30 23 he
98 1080 46 15 was
157 1071 127 28 converted,
297 1071 44 23 and
360 1070 106 31 baptized
482 1071 32 30 by
525 1071 39 24 the
575 1080 67 16 name

58 1106 24 23 of
97 1104 95 32 Joseph.
228 1104 39 23 He
285 1104 57 23 lives
362 1104 35 23 for
418 1111 64 21 ever;
503 1104 40 23 but
562 1109 25 18 at
604 1104 38 24 the

58 1138 43 24 end
113 1138 25 24 of
153 1145 67 23 every
231 1137 103 23 hundred
352 1144 65 23 years
435 1136 52 24 falls
503 1137 48 23 into
563 1145 29 15 an
605 1137 36 23 ill-

58 1179 60 21 ness,
131 1170 47 27 and.
187 1176 24 19 at
223 1170 77 31 length
312 1171 47 22 into
380 1178 13 15 a
410 1169 27 24 fit
453 1170 24 23 of
493 1174 97 26 ecstacy,
604 1176 38 17 out

58 1205 24 23 of
97 1204 73 24 which
181 1204 65 23 when
258 1204 28 22 he
305 1210 103 16 recovers
421 1202 30 24 he
463 1208 91 18 returns
567 1209 23 17 to
603 1204 39 22 the

58 1245 61 16 same
131 1242 58 19 state
202 1237 26 23 of
240 1237 72 31 youth
332 1236 29 23 he
382 1244 45 15 was
447 1237 24 22 in
490 1236 65 23 when
574 1237 68 23 Jesus

59 1271 105 28 suffered,
183 1270 70 31 being
275 1270 54 22 then
349 1269 69 23 about
440 1268 71 32 thirty
531 1277 66 23 years
620 1270 26 22 of

58 1313 49 23 age.
146 1304 51 27 He.
202 1303 138 24 remembers
359 1303 29 22 all
407 1302 39 23 the
466 1304 176 22 circumstances

58 1338 25 23 of
97 1337 38 24 the
147 1337 68 23 death
229 1336 44 24 and
293 1336 151 22 resurrection
462 1336 25 23 of
503 1336 86 29 Christ,
602 1336 39 23 the

60 1372 70 22 saints
142 1371 50 22 that
202 1377 64 16 arose
279 1369 54 22 with
350 1369 55 28 him,
418 1369 38 23 the
474 1371 133 29 composing
620 1369 25 23 of

60 1404 37 23 the
108 1403 117 31 Apostles'
238 1402 72 28 creed,
324 1402 59 23 their
401 1403 125 30 preaching
538 1402 44 23 and
595 1403 47 22 dis-

59 1438 99 30 persion,
171 1436 45 23 and
227 1437 19 22 is
258 1435 94 23 himself
363 1444 15 14 a
388 1443 54 22 very
453 1444 68 22 grave
534 1435 44 23 and
588 1435 54 31 holy

60 1478 89 23 person.
185 1470 58 23 This
254 1470 21 22 is
293 1468 38 24 the
350 1468 120 24 substance
491 1468 25 24 of
532 1468 109 24 Matthew

61 1503 87 24 Paris's
160 1507 105 24 account,'
275 1501 49 24 who
343 1510 45 14 was
402 1501 94 24 himself
512 1510 14 15 a
537 1502 71 23 monk
621 1502 25 23 of

62 1537 34 23 St.
110 1536 105 28 Alban's,
228 1535 44 23 and
282 1543 47 15 was
340 1535 72 30 living
423 1539 24 19 at
458 1536 37 22 the
512 1536 54 22 time
579 1536 63 22 when

62 1570 43 23 this
117 1569 126 24 Armenian
256 1588 4 12 fßishppf
262 1568 88 31 Bishpp
371 1568 64 23 made
456 1568 38 23 the
515 1569 71 22 above
606 1577 36 14 re-

62 1603 76 23 lation.
184 1603 69 23 Since
274 1602 36 23 his
336 1602 54 23 time
415 1602 86 23 several
519 1604 125 29 impostors

61 1636 56 23 have
129 1635 111 31 appeared
255 1640 23 18 at
296 1635 113 23 intervals
427 1635 71 23 under
519 1634 38 24 the
578 1643 66 15 name

62 1670 41 22 and
132 1669 114 23 character
276 1668 25 23 of
327 1668 39 23 the
389 1668 141 31 Wandering
550 1668 57 24 Jew.
609 1680 35 5 —

64 1702 95 23 Brand's
171 1701 102 31 Popular
284 1700 149 32 Antiquities.

89 1734 63 21 How-
166 1741 29 14 to
215 1741 58 14 cure
289 1741 14 14 a
317 1733 78 22 Sulky
415 1732 73 22 Wife.
490 1744 28 4 —
518 1733 62 22 Take
596 1733 46 27 her,

64 1768 57 20 wrap
131 1760 39 22 her
178 1760 24 21 in
213 1767 13 14 a
235 1760 61 21 linen
307 1759 60 22 cloth
374 1759 48 22 well
430 1760 44 21 tied
484 1764 24 17 at
517 1760 53 22 both
578 1761 64 25 ends;

65 1787 60 24 when
136 1786 38 23 she
183 1788 62 26 rings
255 1791 39 17 out
303 1794 44 20 you
357 1794 51 20 may
418 1786 28 22 be
455 1791 73 23 pretty
540 1787 48 22 well
598 1795 47 14 cer-

65 1815 43 21 tain
123 1813 56 22 that'
188 1814 39 21 she
242 1814 99 24 requires
358 1813 43 27 air;
422 1813 53 22 then
491 1812 51 23 take
558 1821 14 14 a
587 1814 58 27 good

65 1841 56 22 sized
135 1840 48 28 pair
193 1840 26 22 of
231 1840 88 21 kitchen
335 1840 96 26 bellows,
448 1840 43 21 and
506 1840 61 22 work
583 1840 62 23 them

55 1868 41 23 .till
110 1868 36 21 the
161 1867 59 22 cloth
230 1867 17 22 is
258 1865 50 23 well
320 1866 99 27 inflated,
437 1867 44 21 and
496 1867 38 22 the
545 1871 100 18 contents

64 1898 67 26 pretty
143 1894 49 21 well
208 1894 84 26 blown;
310 1901 49 14 now
374 1894 42 21 call
430 1893 40 22 her
607 1902 38 14 ac-

66 1921 145 27 companying
228 1921 36 22 the
279 1920 109 27 adjective
401 1920 53 21 with
465 1927 12 14 a
487 1920 93 27 whistle,
595 1928 50 20 gra-

66 1943 69 31 dually
141 1948 75 26 jdying
228 1948 48 21 into
291 1955 14 13 a
315 1946 75 26 whew,
407 1947 68 21 whew
482 1955 6 17 ;
506 1948 112 21 insinuate
633 1955 13 14 a

152 1970 25 23 of
190 1973 79 21 nettles
286 1972 71 27 (holly
367 1972 43 21 will
426 1973 28 21 do
470 1981 24 13 as
510 1973 66 26 well,)
594 1974 52 21 with

64 1998 69 21 which
142 1999 57 26 keep
209 1999 39 21 her
258 1999 49 21 well
315 1999 79 21 stirred
408 2006 30 19 up
448 1999 34 21 for
493 2005 37 16 ten
541 2001 103 25 minutes,

64 2025 81 21 Should
159 2025 39 21 she
214 2025 51 26 give
282 2029 82 22 tongue
381 2026 72 21 under
470 2026 37 21 the
524 2027 120 27 operation,

63 2051 150 27 immediately
231 2059 55 20 open
306 2051 37 22 the
364 2052 110 27 covering,
494 2053 45 20 and
557 2053 45 22 add
621 2056 26 19 18

62 2077 65 27 lively
138 2078 90 21 humble
245 2079 51 20 bees
306 2079 66 25 (apex
385 2080 98 25 astuans)
494 2080 37 21 for
541 2079 36 22 the
593 2079 53 22 sake

62 2105 24 21 of
98 2104 56 22 their
169 2105 80 27 honey,
271 2105 72 21 which
359 2105 80 22 should
455 2106 27 21 be
499 2106 61 27 quite
578 2107 67 21 fresh.

66 2132 41 21 She
118 2130 43 22 will
171 2138 51 14 now
232 2131 97 28 speedily
338 2133 90 20 simmer
439 2133 62 21 down
512 2137 24 16 to
545 2140 13 14 a
567 2141 81 20 proper

65 2158 144 27 consistency.
239 2159 73 21 Leave
320 2159 40 21 her
366 2159 34 21 for
410 2159 61 22 three
480 2160 68 21 hours
555 2164 22 17 to
585 2167 62 14 come

65 2188 20 18 to
99 2185 39 21 her
148 2192 87 19 senses;
254 2192 28 20 go
296 2190 20 17 to
331 2193 56 19 your
406 2186 90 26 dinner;
518 2186 130 22 administer

65 2211 58 22 three
133 2211 74 22 leaves
214 2212 25 21 of
247 2212 55 22 Mrs.
311 2212 61 27 Fry's
380 2213 86 21 Powers
472 2213 26 21 of
501 2213 131 22 Persuasion
639 2221 7 19 ;

64 2238 62 22 when
142 2239 49 21 cool
208 2239 50 21 take
275 2239 41 21 her
331 2242 47 19 out.
406 2240 24 21 If
444 2239 45 28 dry,
507 2240 55 21 offer
576 2240 43 21 her
634 2247 13 15 a

63 2265 57 27 glass
130 2265 25 21 of
163 2265 127 28 Hodgson's
300 2266 67 21 bitter
376 2266 41 22 ale.

91 2292 71 21 More
181 2293 63 21 Cure
268 2301 42 13 for
331 2293 75 22 Mobs.
414 2305 26 3 —
446 2293 47 22 The
512 2301 79 20 papers
610 2301 37 15 are

65 2319 83 27 talking
166 2319 69 22 about
253 2319 36 22 the
313 2320 49 21 best
385 2320 90 27 remedy
495 2320 32 22 for
551 2327 13 14 a
588 2321 59 22 mob.

65 2345 156 28 Buonaparte's
238 2353 43 14 was
295 2347 39 21 the
351 2347 53 25 only
418 2347 92 27 remedy
510 2359 27 3 —
538 2348 48 20 cold
603 2349 47 20 lead

65 2373 40 20 and
111 2380 63 19 grape
184 2374 54 20 shot.
268 2373 98 23 "That's
381 2373 36 22 the
550 2375 99 22 General

65 2399 111 22 Jackson's
185 2399 93 26 remedy
283 2400 19 22 is
308 2400 73 22 better
387 2408 5 14 :
447 2401 40 22 Let
497 2401 38 22 the
540 2402 109 26 blessings

64 2426 25 21 of
93 2431 152 23 government,
256 2427 45 22 like
308 2427 37 22 the
353 2427 59 22 dews
420 2428 26 21 of
450 2428 93 22 Heaven
552 2429 97 22 descend

65 2459 57 20 upon
138 2454 29 21 all
183 2454 57 21 alike
242 2465 26 3 —
270 2454 37 21 the
317 2454 54 27 high
387 2454 43 22 and
446 2454 36 22 the
493 2454 48 28 low,
554 2456 38 21 the
601 2456 48 21 rich

65 2480 43 21 and
118 2480 36 21 the
270 2481 98 21 General
379 2481 115 22 Jackson's
504 2482 93 27 remedy
607 2483 19 21 is
637 2490 12 14 a

64 2507 56 26 good
130 2515 46 19 one,
193 2508 52 26 and,
263 2507 118 27 doubtless,
397 2508 64 22 when
475 2508 28 21 he
514 2509 108 27 proposed
632 2510 17 23 \%

65 2533 27 21 he
102 2534 43 21 had
155 2534 38 21 the
203 2534 92 23 Charter
308 2534 23 21 in
343 2534 34 21 his
387 2543 46 19 eye.
464 2535 22 22 It
500 2536 19 21 is
529 2536 43 21 this
583 2536 66 21 alone

66 2560 47 21 that
124 2568 41 14 can
175 2568 53 15 cure
238 2561 37 22 the
286 2561 147 27 assemblages
444 2562 24 21 of
475 2562 37 21 the
522 2563 86 27 people,
620 2563 29 27 by

68 2587 89 27 causing
196 2588 38 21 the
243 2588 97 27 blessing
350 2588 27 21 of
388 2594 153 22 government,
556 2589 46 22 like
612 2590 37 21 the

68 2613 56 22 dews
134 2614 25 21 of
166 2614 94 23 Heaven
271 2619 22 18 to
303 2615 39 22 fall
352 2623 28 14 on
392 2616 29 21 all

92 2641 133 22 Inanimate
239 2642 137 21 Objects.—
376 2642 42 21 We
425 2649 60 20 grow
493 2642 106 23 attached
608 2651 42 14 un-

66 2668 134 27 consciously
206 2672 22 18 to
239 2668 36 22 the
282 2668 84 28 objects
373 2677 31 14 we
414 2676 38 14 see
459 2677 67 19 every
534 2669 50 27 day.
609 2670 40 21 We

65 2700 50 21 may
125 2700 38 16 not
173 2695 65 22 think
246 2703 24 14 so
280 2698 23 19 at
319 2695 38 22 fhe
373 2696 52 21 time
427 2707 27 4 —
455 2703 31 14 we
503 2703 53 20 may
567 2697 27 20 be
606 2696 44 23 dis-

66 2721 122 27 contented,
202 2722 45 21 and
256 2722 56 21 used
320 2724 24 19 to
353 2722 46 22 talk
410 2723 27 21 of
448 2722 56 22 their
514 2722 80 28 faults;
611 2724 40 21 but

65 2746 29 23 let
104 2755 25 14 us
138 2748 28 22 be
176 2756 30 14 on
220 2749 43 26 the,
268 2755 40 15 eve
322 2750 26 20 of
360 2750 96 27 quitting
471 2749 62 22 them
542 2750 34 21 for
590 2757 59 19 ever,

68 2774 42 21 and
133 2782 32 15 we
189 2775 49 22 find
255 2775 49 21 that
322 2775 54 28 they
394 2783 38 14 are
451 2776 78 21 dearer
547 2776 54 23 than
618 2784 33 15 we

66 2800 107 23 dreamed.
198 2802 48 21 The
251 2802 51 21 love
309 2802 26 21 of
342 2802 38 22 the
386 2802 120 22 inanimate
513 2802 19 23 is
538 2810 14 15 a
557 2804 94 25 general

65 2827 87 28 feeling.
179 2829 67 26 True,
262 2828 18 22 it
289 2828 76 23 make's
374 2829 113 22 noretu'rh
498 2830 26 21 of
538 2830 110 28 affection,

65 2855 83 22 neither
157 2855 54 22 does
221 2856 18 21 it
247 2855 128 28 disappoint
384 2856 23 26 it;
423 2856 29 22 its
462 2856 141 23 associations
613 2865 37 14 are

64 2880 54 23 from
128 2889 39 15 our
177 2882 105 26 thoughts
296 2882 42 22 and
349 2885 40 20 oiir
398 2883 116 22 emotions.
543 2883 42 22 We
596 2891 54 15 con-

65 2911 49 18 nect
122 2908 37 22 the
173 2908 79 23 hearth
261 2909 54 22 wifti
331 2910 37 21 the
383 2910 129 22 confidence
522 2910 73 23 which
609 2911 40 22 has

65 2936 81 24 poured
155 2936 58 21 forth
224 2936 37 22 the
270 2936 41 22 full
320 2936 48 23 soul
374 2936 21 23 in
405 2938 28 21 its
445 2937 45 22 dim
498 2937 95 27 twilight
599 2946 5 19 ;
616 2945 30 15 on

65 2960 34 22 the
109 2962 50 21 wall
169 2970 32 14 we
211 2962 58 23 have
279 2963 102 22 watched
395 2964 23 21 in
429 2964 38 22 the
477 2964 109 28 shodows,
604 2965 43 29 }ess

64 2987 100 24 fantastic
182 2989 54 22 than
249 2990 38 21 the
303 2990 110 22 creations
427 2991 24 22 in
461 2991 73 22 which
543 2999 33 14 we
591 2991 58 23 have

64 3013 114 29 indulged;
271 3016 37 21 the
315 3016 66 28 table,
389 3024 32 15 we
425 3018 57 21 have
490 3017 60 27 read,
559 3018 90 22 worked

65 3041 38 21 and
251 3042 61 21 Over
321 3043 56 22 each
393 3044 44 21 and
454 3044 30 21 all
499 3044 18 21 is
533 3045 64 27 flung
611 3045 38 22 the

65 3070 73 25 strong
146 3068 49 21 link
205 3069 27 20 of
237 3068 75 21 habit:
321 3069 19 21 it
349 3069 19 22 is
378 3073 40 18 not
425 3074 22 17 to
455 3070 28 22 be
493 3071 84 22 broken
587 3072 62 22 with-

64 3098 35 18 out
109 3102 13 14 a
130 3102 67 20 pang.

90 3121 22 21 It
126 3121 20 21 is
160 3121 145 27 astonishing,
321 3129 57 14 even
387 3122 23 21 in
426 3122 38 22 the
480 3122 75 28 spring
571 3124 46 22 tide
627 3126 27 20 of

65 3154 91 20 success,
171 3147 52 22 how
232 3147 37 22 the
279 3152 58 17 most
346 3149 74 21 trivial
435 3150 159 22 circumstance
605 3152 45 21 will

65 3173 63 28 damp
141 3173 38 23 the
190 3178 94 24 courage
290 3175 25 21 of
322 3175 38 22 the
371 3175 95 26 bravest,
477 3175 45 22 and
533 3176 69 23 check
612 3178 37 21 the

65 3204 54 18 most
128 3201 116 28 desperate
254 3202 24 21 ill
289 3202 59 21 theif
360 3206 86 18 career.'

89 3228 141 22 Steadiness
251 3236 26 14 of
300 3229 78 22 Aim.—
378 3229 51 22 -We
449 3229 80 22 should
547 3230 102 23 consider

66 3252 39 24 this
113 3255 68 22 world
198 3262 25 15 as
232 3262 13 15 a
258 3259 64 24 great
338 3256 142 22 commercial
494 3260 65 23 mart,
577 3256 72 23 where

65 3279 83 24 fortune
164 3281 64 22 holds
242 3286 38 18 out
299 3286 21 18 to
336 3290 26 15 us
378 3283 87 22 various
481 3283 166 27 commodities;

64 3305 74 30 riches,
146 3316 56 19 ease,
211 3309 66 27 fame,
285 3309 138 28 knowledge,
435 3310 40 22 &c.
505 3310 72 28 Every
585 3310 65 28 thing

66 3339 16 31 js
101 3335 91 21 marked
207 3339 24 18 at
244 3343 14 14 a
273 3336 80 22 settled
369 3338 68 26 price.
467 3337 47 22 Our
531 3336 61 28 time,
609 3345 41 14 our

66 3359 79 30 labour,
153 3362 46 21 and
204 3362 121 28 ingenuity,
334 3370 38 15 are
380 3371 22 14 so
408 3363 67 22 much
482 3364 69 32 ready
559 3371 88 21 money,

66 3386 67 23 whish
143 3395 32 15 we
185 3396 38 14 are
235 3394 20 17 to
264 3389 38 27 lay
318 3394 39 17 out
371 3394 22 18 to
402 3390 39 22 the
458 3390 48 23 best
515 3396 132 22 advantage-

66 3412 112 29 Examine,
190 3415 85 28 choose,
287 3422 110 22 compare,
407 3418 78 26 reject,
500 3418 41 21 but
550 3417 66 22 stand
626 3422 23 17 to

66 3445 51 20 your
129 3448 49 15 own
194 3441 104 28 decision,
314 3443 45 22 and
379 3444 27 21 do
422 3448 47 22 not,
486 3444 45 22 like
548 3444 100 23 children

68 3465 58 24 when
141 3475 44 20 you
201 3468 57 22 have
273 3469 124 28 purchased
414 3476 44 17 one
473 3471 70 27 thing,
562 3471 87 22 lament

67 3492 43 22 that
124 3501 42 19 you
177 3495 30 22 do
216 3498 40 19 not
270 3503 87 18 possess
365 3497 93 22 another
468 3498 71 21 which
555 3505 46 20 you
611 3498 38 22 did

66 3523 36 17 not
115 3521 116 24 purchase.
268 3522 72 22 There
354 3524 20 21 is
390 3531 28 14 no
433 3524 86 28 quality
534 3524 73 23 which
624 3533 24 14 so

68 3547 61 21 much
139 3547 101 28 dignifies
253 3548 84 23 human
346 3554 86 23 nature,
442 3559 24 14 as
476 3552 140 27 consistency
626 3552 26 21 of

67 3573 97 23 conduct.
193 3575 63 22 Even
266 3575 20 22 if
293 3583 13 14 a
317 3577 73 22 man's
399 3578 95 26 pursuits
503 3585 38 15 are
552 3578 96 27 unjusti-

67 3599 66 27 fiable,
144 3604 36 23 yet
189 3601 22 22 if
216 3602 52 27 they
276 3610 37 14 are
321 3603 136 22 maintained
465 3604 52 23 with
525 3606 122 21 steadiness

69 3627 40 19 and
117 3627 83 28 vigour,
215 3636 32 14 we
258 3632 82 19 cannot
354 3630 123 27 altogether
487 3632 108 21 withhold
607 3639 41 15 our

68 3653 132 24 famiration.

92 3677 34 23 No
134 3688 52 14 man
202 3681 91 24 without
305 3682 46 23 the-
357 3686 91 25 support
458 3684 44 22 and
512 3691 135 21 encourage-

66 3707 58 34 ment
131 3707 25 21 of
161 3707 89 29 friends,
261 3709 44 22 and
314 3709 84 28 having
404 3717 78 21 proper
487 3712 161 27 opportunities

68 3732 78 22 thrown
155 3733 23 24 in
193 3733 42 26 his,
237 3742 53 21 way,
306 3735 19 22 is
335 3736 51 22 able
394 3740 23 18 to
426 3737 43 22 rise
486 3741 22 18 at
522 3745 56 15 once
590 3739 57 22 from

69 3759 109 28 obscurity,
195 3761 30 27 by
241 3761 37 23 the
291 3762 61 23 force
357 3779 2 6 ,
367 3760 28 29 of,
404 3763 36 22 his
456 3771 50 16 own
520 3765 127 23 unassisted

69 3787 81 19 genius.

2135 3646 107 22 Notice,

1899 3679 51 48 A
1965 3678 148 24 MEETING
2126 3678 26 21 of
2166 3677 38 22 the
2222 3676 112 22 Creditors
2344 3683 29 15 on
2385 3676 38 23 the
2439 3677 46 22 fol-

1977 3705 82 27 lowing
2071 3705 86 21 Estates
2165 3703 43 22 will
2228 3703 27 21 be
2271 3702 54 22 held
2340 3706 23 19 at
2378 3703 109 28 Brown't,

1899 3731 147 23 Commercial
2064 3730 76 26 Hotel,
2152 3737 29 14 on
2196 3728 102 28 Tuesday
2309 3733 61 23 next,
2382 3730 39 22 the
2433 3730 55 24 30th

1900 3758 56 27 May
1976 3761 95 24 current,
2087 3761 23 18 at
2126 3758 25 20 12
2166 3755 94 27 o'clock,
2277 3755 65 23 when
2358 3756 30 24 all
2406 3757 83 28 parties

1898 3784 122 22 interested
2031 3791 37 15 are
2078 3782 118 29 requested
2205 3785 22 19 to
2238 3782 106 22 attend—

2037 3819 92 23 Cooke's
2138 3818 83 26 Estate,

2038 3846 29 23 D.
2078 3844 154 23 Macdonald's
2243 3846 82 28 Estate,

2033 3872 79 27 -Harry
2123 3871 110 23 Robson's
2243 3872 85 28 Estate,
2352 3885 5 4 -

2036 3898 69 22 Jabez
2117 3898 86 23 Allen's
2212 3898 82 28 Estate,
2303 3919 6 9 ,
2403 3919 3 3 .
2445 3919 12 4 ._
2467 3917 7 6 .

2036 3924 87 28 Wright
2132 3925 46 23 and
2187 3925 87 25 Clark's
2284 3926 84 25 Estate.

1926 3958 56 28 May
1991 3957 34 28 27,
2039 3958 66 22 1843..
