2450 3850
48 171 95 29 getting
153 168 59 25 such
224 178 15 15 a
251 170 43 30 dry
313 169 92 26 winter,
428 168 66 23 there
517 168 47 22 will

48 205 28 26 he
86 215 14 16 a
112 209 67 29 great
191 209 99 28 scarcity
296 207 24 24 of
329 209 71 21 water
410 206 49 24 this
469 206 98 29 coming:

48 250 114 22 scanner,
176 246 45 22 a,nd
235 253 12 15 a
258 244 62 31 good
331 244 86 31 supply
438 243 80 31 might
540 242 39 24 be-

48 285 40 27 got
99 282 28 24 m,
137 282 58 23 time
206 284 25 22 at
243 289 14 16 a
269 288 56 24 very
337 280 68 25 small
419 282 59 26 cost,
490 280 43 23 bat
543 280 24 22 m

48 327 20 25 »\
76 320 32 23 ite
120 321 26 23 of
156 320 32 23 all
200 320 40 25 the
252 320 114 30 petitions
378 319 53 24 that
441 319 59 23 have
511 317 57 24 been

48 360 53 21 fetnt
112 360 24 21 to
148 358 40 23 the
200 358 30 24 K.
242 355 29 26 B.
285 357 49 24 and
345 357 57 24 held
417 364 63 20 ,ov<'V
501 357 63 23 uatit

49 395 42 24 the
103 393 41 32 Wg
155 394 96 26 scheme
259 402 51 18 was
327 394 94 29 settled,
443 400 82 18 seems
544 393 28 25 of

49 436 30 22 Mb
91 431 77 30 avail..
184 456 4 2 .
196 432 54 26 The
260 440 70 24 gorse
341 434 26 23 m
379 433 47 27 the.
437 438 65 18 river
522 431 46 25 bed

48 471 78 23 Woitld
135 470 48 28 die,
195 472 74 22 which
281 470 78 24 would
373 470 27 23 be
412 477 14 16 a
450 468 46 25 bad
517 467 50 33 job,

49 508 48 23 and
107 508 36 25 for
155 508 48 23 this
225 515 85 17 reason
332 507 63 24 from
418 507 31 23 50
474 508 27 22 to
523 507 49 23 100

51 550 50 19 itfte
111 551 86 26 payers
206 552 53 17 may
274 545 66 24 saff'i
341 553 3 5 1
361 547 23 21 to
407 550 15 17 a
443 544 67 30 large
530 552 40 14 ex^

50 588 59 21 tetrt.
143 585 24 24 Is
180 585 50 24 this
238 585 89 30 justice
346 588 26 19 to
393 584 40 24 the
433 592 2 5 1
456 583 116 24 district?

50 620 13 27 1
75 630 40 16 am
127 623 118 24 informed
257 623 54 23 that
323 622 94 23 tenders
433 629 39 15 are
495 621 76 23 called

50 661 37 25 lor
99 663 42 23 the
152 660 66 26 View
230 662 52 23 Hill
304 661 81 23 Water
407 661 64 23 Race
494 662 28 21 to
541 660 31 23 be

51 696 71 26 fown
133 701 25 21 at
168 707 66 15 once.
268 699 24 22 If
312 705 46 16 one
372 705 54 21 .can
450 698 27 23 be
499 698 72 26 done,

51 737 55 30 ■why
118 742 40 17 ntrt
170 738 39 22 ihe
221 737 68 23 other
300 736 58 23 from
372 736 113 30 Cooper's-
494 735 78 27 creek,

51 775 48 23 and
112 775 35 23 let-
158 775 42 22 the
212 774 129 23 Woodside
363 773 48 23 and.
435 773 66 24 We*t
525 774 47 23 Ox-

53 811 51 24 ford
116 812 61 23 have
188 821 13 14 a
214 811 71 24 small
297 810 70 24 share
387 811 25 23 of
435 811 40 23 the
499 810 72 24 beau-

54 849 52 23 tiful
118 851 74 23 water
202 849 53 24 that,
267 849 21 23 is
300 848 107 29 running
419 851 24 21 to
456 850 74 22 waste
541 848 32 23 alt

52 887 43 25 the
106 893 58 24 yeai'
174 886 85 27 round,
271 886 47 24 and
330 886 74 30 doing
416 894 31 14 no
459 894 46 15 one
524 891 48 25 any

54 925 68 30 good.
157 924 25 24 Ifc
193 924 66 24 could
272 926 27 22 be
308 923 61 24 done
382 925 25 22 at
416 931 15 16 a
441 931 55 23 very
503 923 70 24 smalJ

53 964 60 25 cost,
127 962 48 23 and
188 962 76 23 would
278 961 91 24 benefit
379 969 26 14 so
417 968 73 22 marry
510 963 64 21 rate-

54 1004 84 25 payers
148 999 53 23 that
212 1006 41 16 aye
264 999 25 23 ib
303 1002 64 20 want
390 998 26 24 of
435 1001 82 20 water.
552 997 25 24 If

55 1035 139 32 something
221 1036 24 23 fs
270 1039 43 21 not
341 1035 71 27 done,
446 1035 48 24 and
522 1035 53 24 that

55 1074 101 30 shortly,
169 1074 52 23 half
230 1074 41 24 the
283 1074 144 30 Ratepayers
450 1073 46 24 will
515 1073 62 24 have

57 1116 23 19 lo
90 1111 65 24 leave
164 1111 41 24 the
216 1111 100 27 district,
329 1111 47 23 and
385 1119 26 16 as
424 1111 40 24 the
478 1111 66 24 Bush
556 1112 23 23 is

55 1149 94 30 getting
160 1149 95 24 worked
263 1152 50 21 out.
326 1149 48 23 and
386 1149 57 22 land
456 1148 19 23 is
496 1148 79 24 value-

56 1184 47 26 Jess
122 1187 100 23 without
243 1189 75 21 water
336 1187 24 22 m
384 1195 14 14 a
418 1187 43 29 dry
483 1194 93 15 season-

56 1222 100 32 Hoping
170 1231 43 16 our
235 1223 93 30 worthy
351 1225 30 22 R.
404 1222 30 25 B.
458 1223 121 24 members

56 1260 47 25 will
115 1261 31 24 do
158 1262 63 24 their
234 1262 52 23 best
292 1264 26 22 to
328 1263 40 28 get
380 1262 48 23 titis
441 1262 65 23 work
525 1268 51 17 car-.

56 1298 49 25 tied
116 1302 43 21 oat
170 1300 37 24 for
219 1300 40 23 the
270 1300 88 24 benefit
366 1300 27 23 of
399 1300 30 23 all
443 1300 134 24 concerned;

56 1342 27 18 fts
96 1337 12 22 I
119 1343 39 18 atn
172 1340 41 21 not
225 1345 14 15 a
250 1338 47 29 dog
307 1338 23 23 m
350 1335 43 26 the
415 1343 102 25 manger
517 1356 4 4 .
556 1336 23 25 It'

57 1371 11 26 1
82 1372 61 26 have
155 1375 93 31 enough
261 1375 47 23 and
321 1376 23 21 to
356 1382 74 23 spai'e,
443 1375 13 22 I
473 1382 49 22 say,
546 1374 32 24 let

58 1418 40 23 my
111 1411 115 31 neighbor
233 1412 61 24 have
307 1411 63 24 vchut
383 1413 12 23 I
408 1412 30 24 do
449 1416 44 20 not
504 1414 75 22 want.

59 1449 59 25 Live
130 1451 47 24 and
190 1451 32 24 let
233 1451 54 24 Hve.

235 1489 97 28 Yours.,
359 1499 39 15 «v.c.

173 1532 17 18 '#
231 1530 54 24 One
294 1537 29 17 of
334 1538 49 16 the
397 1530 149 24 Sufferers,

172 1638 89 28 LAND
301 1639 166 25 PETITION.

136 1714 30 20 To
176 1711 32 26 life
221 1715 65 21 editor
295 1708 38 30 of*'
341 1715 42 20 The
401 1715 101 20 Ohxerxer.

94 1762 83 25 Sib,—
178 1761 31 24 ln
231 1767 117 19 reference
371 1766 25 21 to
419 1763 40 23 the
481 1763 100 30 petition

59 1801 78 24 Which
150 1809 43 16 our
205 1803 109 24 member
324 1802 96 24 intends
442 1804 25 23 to
488 1804 95 29 present

46 1841 41 22 Ito
98 1839 148 25 Parliament
257 1848 32 16 on
303 1840 80 24 behalf
393 1840 27 24 of
439 1841 42 23 tbe
504 1840 78 24 work-

61 1876 42 31 ing
115 1884 54 16 men
181 1877 26 23 of
216 1877 97 28 Oxford,
327 1877 13 23 I
352 1881 57 26 itiay
421 1885 42 23 say
476 1877 55 24 that
543 1878 41 23 the

63 1917 134 28 signatures
209 1915 96 31 already
325 1915 114 24 obtained
461 1916 122 30 represent

63 1961 29 15 an
105 1956 127 27 aggregate
244 1954 26 23 of
292 1954 48 23 TOO
362 1954 73 26 souls,
459 1952 47 25 and
530 1954 53 23 that

65 1990 40 23 the
117 1992 52 22 cost
180 1991 25 22 of
223 1991 39 23 the
284 1989 67 25 land'
364 1999 31 15 on
423 1991 76 23 which
523 1991 61 23 their

64 2027 107 23 shanties
185 2035 39 16 are
233 2028 161 27 constructed,
404 2035 99 23 average
511 2028 70 23 about

45 2077 1 3 •
64 2065 52 23 £'20
125 2073 42 22 per
179 2073 53 16 acre
242 2073 7 20 ;
267 2065 12 23 I
291 2073 45 16 can
348 2065 66 30 point
437 2067 24 23 to
484 2066 32 23 20
538 2065 46 25 lots

62 2101 23 24 m
99 2109 44 17 one
155 2110 75 23 group
251 2103 36 23 for
309 2102 79 24 which
407 2103 37 23 the
467 2105 117 28 cottagers-

65 2140 54 30 paid
132 2139 50 24 £20
195 2149 38 22 per
255 2149 62 19 acre,
340 2140 46 24 and
407 2140 49 25 this
479 2142 21 23 is
522 2140 62 25 bush

66 2176 58 24 land
136 2177 77 24 which
225 2178 42 23 the
278 2178 102 30 original
401 2178 131 30 purchaser
543 2180 41 29 got

67 2217 26 22 at
105 2216 33 22 £2
150 2223 42 23 per
204 2224 63 19 acre,
278 2217 61 22 after
347 2215 83 31 tukivg
440 2216 42 23 the
501 2216 83 23 timber

65 2252 35 24 off
110 2257 26 19 to
146 2252 42 24 the
199 2253 71 24 value
279 2253 26 24 of
322 2253 38 24 £8
380 2260 45 24 per
445 2262 59 16 acre.
538 2253 46 29 Oh,

63 2290 50 24 liow
126 2291 101 30 gr.-.teful
239 2299 36 15 we
286 2291 75 30 aught
373 2293 26 22 to
409 2292 29 23 be
445 2292 37 24 for
493 2292 43 23 the
546 2292 38 23 in-

65 2328 132 23 troduction
232 2328 25 23 of
285 2328 95 31 capital.
414 2329 63 23 How
510 2329 72 23 much

44 2380 2 4 •
63 2365 89 25 should
163 2373 36 17 we
210 2366 79 24 honor
298 2366 42 24 the
351 2366 68 30 pimp
431 2366 56 25 who
508 2366 76 25 works

65 2402 19 24 it
96 2411 25 15 so
143 2403 140 31 suceesfully
294 2405 14 22 ?
323 2403 13 23 I
357 2403 63 24 have
437 2404 85 24 visited
543 2405 41 23 the

64 2439 86 25 homes
161 2439 26 25 of
197 2441 70 24 these
274 2448 144 23 prosperous
427 2443 102 27 settlors,
537 2442 47 23 and

64 2477 147 25 ascertained
227 2478 54 24 that
303 2483 65 19 most
387 2478 27 25 of
434 2479 68 24 them
526 2480 58 24 have

64 2515 60 24 teen
137 2515 107 31 working
254 2516 61 24 hard
327 2516 39 24 for
375 2524 71 23 many
457 2525 68 22 years
536 2516 48 24 and

65 2552 41 25 Jhe
116 2552 77 25 whole
216 2557 26 20 ot
261 2554 66 24 their
347 2553 142 31 belongings
510 2554 74 25 would

65 2592 44 23 »ot
120 2591 64 24 fetch
196 2599 15 16 a
221 2593 42 22 ten
273 2591 83 31 pound
367 2593 69 27 note;
447 2592 68 25 there
526 2592 58 25 chil-

66 2629 58 24 dren
136 2637 42 16 are
189 2629 41 24 bat
243 2629 80 31 thinly
333 2629 61 28 clad,
405 2631 48 23 and
464 2630 47 23 like
524 2631 60 23 their

67 2668 105 30 parents,
195 2668 44 24 not
262 2667 100 25 afflicted
397 2667 56 24 with
488 2668 96 31 obesity.

65 2702 76 25 What
163 2712 39 16 are
220 2704 67 26 these
308 2706 84 29 peopfe
413 2705 87 30 asking
530 2706 54 23 for?

64 2740 150 25 Permission
225 2746 28 19 to
261 2742 48 23 live
331 2742 32 30 by
385 2742 64 24 their
471 2751 54 15 own
547 2751 37 15 ex-

66 2780 91 25 ertions
167 2788 7 20 j
191 2780 92 25 instead
296 2787 23 18 ot
330 2781 90 31 merely
438 2782 105 31 existing
561 2783 23 23 m

95 2821 61 21 state
168 2818 26 24 of
210 2819 58 25 semi
287 2819 140 24 starvation.

252 2855 88 28 Yours,
359 2857 38 23 &c.

385 2894 55 24 One
458 2902 32 16 o*r
500 2894 50 26 Enr.

99 3006 70 25 THE
180 3007 183 26 LICENSING
372 3009 182 26 ELECTION.

98 3082 32 19 To
138 3082 38 19 the
184 3082 87 20 Editor
281 3082 30 27 of
346 3082 47 21 The
417 3082 133 22 Observer/
567 3088 3 4 •

82 3146 7 5 r
97 3120 42 26 &w
138 3139 8 9 t
146 3135 24 4 —
170 3120 21 24 -I
193 3139 8 9 r
200 3134 2 14 ;
212 3121 47 33 aadj
271 3130 70 23 rwaruy
353 3123 85 23 others
448 3121 77 27 doubi
543 3124 43 24 the

62 3158 60 30 legal
127 3159 33 29 ifiy
171 3159 27 23 of
218 3159 41 23 the
282 3160 101 24 election
406 3165 32 19 at.
454 3161 43 25 the
517 3162 69 24 Eoadi

63 3196 82 26 Boiivd
158 3196 84 27 Ofiiee,
254 3197 48 24 aiaid
314 3200 69 28 apart
394 3198 63 25 from
469 3200 55 23 that
546 3198 42 26 the'

62 3234 163 27 ©oaveafeueQ-
235 3234 26 24 of
271 3235 41 26 the
325 3235 108 33 majority
444 3236 27 25 of
477 3237 109 25 tbeelee-

64 3276 47 22 fcvrs
125 3275 45 23 Has
181 3275 117 30 ceitaiEfly
309 3276 44 23 not
365 3275 61 24 been
437 3268 149 34 considered,

62 3310 22 26 A
97 3311 111 25 hundred,'
214 3311 64 26 valid
288 3320 98 17 reasons
402 3313 71 26 oowld
495 3314 32 25 be
544 3316 40 25 ad-

64 3349 89 25 vanoed'
163 3349 56 32 why
229 3350 19 25 it
271 3350 87 26 diouldj
378 3351 29 24 be
430 3353 52 24 held
502 3355 25 22 at
546 3355 42 24 the

59 3395 90 24 jwoptsi-
157 3388 71 31 place
238 3388 62 31 (-via)
311 3388 43 24 the
366 3389 75 25 Court
452 3391 84 24 liousev

257 3428 86 27 Yours,
351 3429 40 24 &d.

429 3466 122 26 Electtor.

758 163 150 29 SERIAL
931 163 137 30 STORY.

767 250 21 23 A
811 249 114 26 PIOUS.
937 249 124 26 FEAUD.

655 314 126 31 (Specially
792 315 87 23 written
885 318 16 27 J
903 323 26 14 or
950 319 6 9 '
964 316 52 23 .TJie
1040 317 136 33 Obseever/)

835 379 116 23 Chapter
976 380 21 24 I.

766 444 64 24 Fagt
841 452 7 16 ;
880 445 53 23 Not
952 446 98 23 Fiction
1051 453 1 5 1
1055 453 13 17 /

771 487 108 27 Hallam,
900 489 48 29 yba
1062 489 51 23 said
1134 488 40 26 Mr

655 519 109 31 Clayton,
778 520 128 30 surveying
917 519 37 23 his
977 520 63 23 clerk
1062 521 58 23 with
1143 530 31 15 an

655 552 34 22 air
699 552 27 24 of
747 552 56 23 mild
823 552 185 24 astonishment.
1122 554 50 24 lie's

655 592 64 16 come
731 586 24 22 at
767 584 57 24 last,
858 584 54 25 l'ou
935 593 41 15 are
998 593 54 16 sure
1074 586 40 23 it's-
1133 587 40 29 he,

655 618 121 22 Summers

717 649 55 27 Yes,
787 649 46 26 Sit,
856 649 30 24 tie
908 657 60 23 gave
988 649 40 23 his
1049 658 70 16 name
1141 652 34 23 all

655 681 73 29 right,
740 681 46 22 and
800 681 31 24 he
844 682 78 23 favors
934 681 42 24 the
1124 684 51 23 said

656 714 39 22 the
707 713 39 24 old
758 713 155 25 confidential
925 714 63 24 clerk
1000 715 25 22 of
1044 714 41 25 the
1107 718 68 27 great

655 745 51 24 firm
720 746 26 23 of
755 746 100 30 Clayton
868 747 47 23 a»d
924 747 121 30 Clodpole,
1054 748 119 25 solicitors

656 781 24 21 to
692 787 12 14 a
715 779 58 30 good
787 781 140 28 percentage
939 785 24 17 ot
975 780 41 22 the
1028 779 87 25 landed
1121 788 53 23 pi?o-

655 811 42 30 prit
705 814 50 23 tors
765 813 27 21 of
800 811 120 30 England.
956 812 95 23 •'Show
1072 813 48 22 him
1144 821 32 23 »p

657 846 25 21 at
694 851 59 16 once
767 844 134 28 Summers,
913 846 26 22 at
1066 845 51 24 said
1138 846 39 23 Mr

657 875 110 31 Clayton,
778 876 107 31 growing,
896 877 64 30 quite
981 877 99 24 excited.

657 907 68 24 think
745 908 38 23 his
801 908 79 24 father
902 910 44 22 has
967 910 58 23 been
1047 910 60 23 dead
1129 913 49 22 two

657 948 78 22 years,
748 941 48 22 and
807 940 32 23 all
851 942 42 22 the
905 942 59 22 time
988 943 28 21 he
1039 942 45 24 has
1106 949 71 17 never

658 973 57 22 been
727 973 77 22 home.
838 972 13 23 I
873 973 63 30 hope
959 973 32 24 its
1014 976 42 21 not
1079 982 31 15 an
1132 975 44 22 im-

798 1004 51 24 Bat
859 1005 70 24 when
951 1005 41 24 the
1015 1006 57 23 door
1093 1006 26 24 of
1138 1007 40 23 his

659 1039 110 21 sanctum
777 1037 91 30 opened
876 1035 141 34 noiselessly
1029 1040 25 22 to
1065 1039 77 24 admit
1165 1048 14 15 a

659 1069 50 27 lull,
722 1077 68 23 spare,
801 1077 83 24 young
894 1078 69 20 man,
972 1070 43 25 tie
1026 1070 86 32 lawyer
1131 1072 48 24 had

660 1104 24 21 to
696 1102 76 23 admit
784 1103 53 23 that
849 1103 39 24 Mr
901 1103 106 30 Stephen
1020 1104 100 24 Hallani
1132 1113 47 15 was

661 1134 158 31 undoubtedly
831 1135 79 24 before
924 1136 56 25 him.
994 1145 25 15 so
1031 1139 82 28 strong
1131 1145 49 16 was

660 1167 39 23 the
718 1168 159 23 resemblance
946 1169 40 23 the
1007 1169 112 24 irascible
1140 1170 40 24 old

661 1199 83 30 despot
757 1208 26 15 so
794 1208 72 22 many
877 1209 70 22 years
960 1202 35 23 his
1018 1202 82 24 client.

722 1232 67 28 Well,
802 1230 62 30 well,
878 1234 38 23 Mr
931 1234 107 27 Hallana,
1059 1234 122 31 delighted

661 1265 26 23 to
699 1272 39 17 see
750 1272 54 23 yon,
816 1265 13 24 I
841 1273 39 16 am
987 1267 51 24 said
1051 1267 37 29 he,
1109 1267 71 25 shal-.-

661 1298 43 30 ing
715 1298 41 23 the
767 1302 164 21 new-comer's
950 1300 109 27 delicate,
1084 1300 97 31 shapely

664 1330 63 23 hand
741 1331 103 30 heartily.
908 1332 82 25 We've
1007 1332 59 24 been
1089 1339 93 24 expect-

661 1362 43 30 ing
715 1368 47 24 you
774 1363 37 23 for
822 1371 15 16 a
848 1363 58 31 long
1037 1364 13 24 I
1058 1365 71 24 could
1141 1371 40 18 not

661 1394 54 24 well
727 1403 66 16 come
922 1397 52 23 said
986 1397 42 24 Mr
1036 1397 106 28 Hallain,
1155 1399 27 23 m

657 1434 19 20 .a
685 1429 96 28 strange
794 1433 144 20 montonous
950 1430 55 23 tone
1009 1448 8 8 r
1026 1430 49 23 and
1086 1433 95 28 seating

663 1459 104 24 himself'
772 1467 30 16 on
816 1468 45 16 one
873 1462 26 22 of
908 1461 68 24 those
989 1462 102 31 slippery
1100 1463 84 24 horse-

663 1491 54 24 hair
729 1491 78 25 chairs
820 1491 61 29 to.be
889 1494 75 23 found
973 1495 27 23 m
1009 1495 176 25 old-fashioned

661 1524 87 25 offices.

682 1557 86 27 ■■■'*--Ali-,
781 1565 48 21 no;
845 1559 114 31 enjoying
969 1559 106 31 yourself
1094 1559 87 26 abroad

663 1589 13 24 I
687 1598 103 23 suppose
860 1592 52 24 said
927 1590 37 26 Air
973 1593 105 30 Clayton,
1085 1594 99 31 leaning

664 1624 159 34 comfortably
846 1624 70 29 back,
938 1625 55 26 and.
1009 1627 134 31 preparing,
1159 1631 24 21 to

663 1656 71 31 enjoy
743 1664 15 16 a
769 1656 111 32 leisurely
903 1658 66 24 chat;
1003 1663 15 9 •'
1028 1659 49 23 Our
1098 1660 84 24 valued

663 1688 83 29 elitnt,
758 1697 60 22 your
830 1690 86 27 father,
929 1698 49 16 was
989 1698 45 17 one
1045 1692 27 23 of
1080 1693 42 23 fciie
1133 1693 49 23 old-

664 1720 126 25 fashioned
812 1724 48 21 sort
861 1736 32 4 —
894 1723 106 31 thought
1020 1731 32 16 no
1082 1727 101 29 country

664 1753 46 24 like
723 1754 121 30 England,
860 1756 49 22 and
930 1763 32 16 no
985 1756 67 31 place
1074 1756 48 24 like
1145 1758 39 24 bis

666 1794 54 16 own
732 1787 81 23 home,
847 1788 50 23 lint
908 1796 45 23 yon
962 1797 80 23 young
1049 1797 58 17 men
1116 1793 67 22 must

666 1827 30 22 go
720 1819 88 24 abroad
831 1822 25 21 to
878 1821 70 30 enjoy
1163 1824 20 23 A

666 1859 81 22 person
761 1860 15 15 a
788 1852 61 24 trifle
859 1862 62 15 more
932 1854 129 24 observant
1075 1856 54 23 than
1143 1856 40 23 the

663 1883 85 32 cheery
757 1884 38 24 old
808 1884 97 32 lawyer,
915 1886 117 28 however,
1043 1887 80 25 would
1143 1891 44 22 not

664 1916 63 24 have
750 1921 6 17 »
760 1916 94 33 bought
877 1918 53 25 that
953 1919 106 32 Stephen
1082 1920 100 26 Hallam

664 1949 48 23 had
724 1950 74 23 found
809 1951 75 23 much
906 1952 138 30 enjoynieut
1066 1954 117 24 whevever

663 1981 31 24 he
706 1982 45 24 had
764 1982 67 24 been.
866 1984 47 23 His
931 1984 66 28 dark,
1020 1985 88 24 refined
1132 1986 51 24 face

665 2014 78 23 would
754 2015 59 23 have
826 2016 54 23 been
901 2017 135 32 absolutely,
1052 2017 131 26 handsome

664 2046 47 25 had
722 2046 20 25 it
753 2049 44 22 not
808 2046 60 26 been
879 2048 38 24 for
927 2048 33 25 its
979 2050 119 25 excessive
1122 2051 61 25 thin-

663 2086 66 21 ness,
740 2079 48 23 and
800 2088 14 15 a
824 2079 56 25 look
903 2082 26 23 of
948 2081 89 25 almost
1059 2085 66 22 stern
1148 2092 34 16 re-

662 2112 123 30 pression;
803 2112 43 25 but
858 2112 38 25 his
908 2121 66 23 eyes,
983 2114 59 25 dark
1059 2116 48 24 and
1130 2125 52 16 cur-

663 2144 78 31 iously
750 2144 51 29 fall,
813 2152 59 17 weie
883 2145 67 25 filled
962 2147 58 24 with
1032 2156 15 16 a
1063 2149 120 30 profound

663 2177 162 31 melancholy.
858 2178 144 32 Altogether,
1012 2202 2 3 .
1033 2181 68 24 there
1134 2191 51 16 was-

663 2210 138 31 something
812 2212 102 23 unusual
922 2212 49 24 and
992 2214 143 30 mysterious
1157 2217 27 22 m

666 2242 37 24 his
715 2242 106 32 bearing,
831 2243 53 31 just
895 2244 42 24 the
960 2245 71 31 thing
1052 2248 25 22 to
1099 2255 84 17 arouse

662 2275 50 30 pity
725 2275 48 24 and
784 2276 98 24 interest
892 2277 27 24 m
931 2277 41 25 the
983 2279 69 23 mind
1063 2280 27 23 of
1108 2288 14 15 a
1144 2288 37 20 ro.-

663 2308 90 23 mantic
775 2308 62 30 girl;,
853 2309 42 24 but
921 2309 41 24 Mr
994 2311 102 31 Clayton
1127 2314 56 30 only

663 2340 103 30 thought
778 2341 24 23 oi
812 2340 53 24 him
877 2349 26 16 as
924 2341 42 25 the
987 2342 119 26 fortunate
1128 2352 53 23 pos-

664 2380 79 17 sessor
753 2373 25 23 of
790 2373 99 25 Hallam
901 2374 76 25 Court
988 2375 49 24 and
1059 2386 13 13 a
1094 2379 87 31 goodly

666 2405 105 24 rent-roll
774 2424 9 8 v
793 2405 48 24 and
852 2406 128 30 proceeded
992 2408 158 33 comfortably
1159 2420 8 18 ;

722 2437 32 24 Of
763 2439 83 23 eburae
857 2446 47 23 you
915 2439 85 27 intend
1007 2440 77 32 living
1095 2447 25 19 at
1139 2443 43 24 the

663 2469 75 25 Court
746 2477 61 22 now,
811 2471 56 23 'and
887 2469 108 28 between
1016 2474 130 29 ourselves,
1169 2476 13 23 1

664 2502 72 24 think
746 2502 33 24 its
790 2504 66 30 quite
866 2504 68 24 time.
970 2505 51 25 You
1032 2506 61 27 have
1100 2515 31 16 an
1140 2516 41 16 ex-

664 2534 86 24 cellent
762 2536 106 27 steward,
881 2537 13 22 1
906 2537 68 24 know
985 2546 8 20 ;
1009 2537 43 25 but
1063 2539 62 29 still,
1134 2548 48 23 you

664 2566 81 29 know;
756 2567 41 24 the
809 2570 106 23 master's
938 2577 50 24 eye,
1011 2572 38 22 the
1072 2575 111 23 master's

863 2602 13 24 I
898 2610 42 23 am.
958 2606 44 21 not
1023 2604 125 32 thinking,
1159 2607 27 24 of

664 2632 77 31 living
878 2634 51 25 said
952 2636 40 24 the
1010 2644 82 24 young
1124 2646 59 16 man

664 2666 98 30 quietly.
766 2673 3 4 1
934 2667 16 24 l
958 2676 66 16 earne
1044 2678 56 16 over
1122 2671 61 24 from

664 2697 63 32 Italy
739 2702 25 19 to
775 2699 96 24 consult
882 2708 47 22 you
940 2700 72 25 about
1025 2702 40 24 the
1087 2703 50 24 sale
1159 2705 27 23 of

666 2730 41 23 the
718 2730 77 24 whole

804 2763 99 25 Hallani
937 2765 93 25 Court?
1058 2767 53 24 said
1131 2768 52 24 .Mr

665 2794 112 32 Clayton,
787 2796 104 31 starting
903 2805 30 24 up
945 2798 26 24 m
982 2798 38 24 his
1027 2799 66 24 chair
1115 2808 27 16 as
1163 2801 20 24 if

664 2827 146 30 galvanised.
845 2829 96 31 "Why',
965 2830 61 32 why,
1054 2840 41 22 my
1128 2833 57 24 dear

665 2859 32 24 sir
707 2867 8 20 ;,
730 2867 47 23 yoisi
788 2862 66 22 can't
865 2860 29 25 be
901 2862 26 24 m.

724 2892 193 33 Unfortunately,
941 2894 13 24 I
988 2895 92 25 seldom

665 2925 51 23 said
728 2925 39 24 Mr
769 2930 3 4 J
778 2925 107 29 Hallam,
898 2927 48 24 and
955 2928 26 24 m
1002 2928 50 25 this
1074 2930 114 25 instance.

664 2957 13 24 I
689 2965 40 17 am
741 2958 121 32 decidedly
870 2960 24 24 m

723 2991 51 24 But
788 2991 31 24 its
831 3000 15 15 a
869 2992 119 25 thousand
1010 2994 71 30 pities
1089 3003 10 22 ;
1115 2992 32 28 its
1169 3005 15 15 a

664 3022 108 31 splendid
796 3027 83 21 estate.
913 3026 54 23 And
987 3022 52 35 just
1062 3023 70 29 think
1159 3031 26 22 of

664 3055 56 28 the,
728 3056 66 30 pride
815 3065 60 22 yowr
896 3058 80 23 father
998 3060 56 23 took
1084 3061 24 22 m
1141 3061 43 24 the

664 3087 90 31 place.-
774 3088 70 25 Dont
852 3097 46 22 you
901 3092 3 10 ;
911 3090 49 24 like
967 3087 19 27 it

698 3125 15 15 r'
721 3120 60 24 Like
804 3121 19 24 it
830 3114 28 31 ■?■'
863 3121 59 25 Like
932 3131 4 23 ;
953 3118 99 30 ifalinm
1064 3150 2 8 (
1087 3125 77 24 Court
1171 3127 12 22 ?
1187 3147 2 2 .

664 3153 13 23 I
689 3153 52 24 love
811 3154 50 23 said
874 3157 2 2 '
884 3156 39 23 the
945 3155 87 31 young'
1044 3165 59 16 man
1126 3158 57 24 with

664 3193 13 15 a
697 3185 111 32 startling
825 3188 96 30 'change
991 3188 39 24 his
1056 3190 132 31 composed,

663 3221 111 20 mariner.
808 3220 3 3 '
835 3221 32 14 *■'"
881 3229 3 2 ■
900 3219 4 8 '
938 3229 1 11 :
957 3221 29 28 __/'

689 3255 22 20 .•'
722 3251 82 25 Theuv
811 3252 55 31 why
877 3255 29 21 oil
919 3254 69 24 carth
981 3252 3 8 1
988 3257 3 7 '
1000 3254 42 24 sell
1054 3254 19 24 it
1082 3252 31 26 ?"'
1133 3255 55 24 said.

665 3283 39 24 Mr
716 3283 103 31 Clayton-
830 3284 125 31 shrewdly.
1057 3295 90 18 course,
1171 3288 13 23 I

664 3315 71 26 know
746 3324 80 24 young
838 3325 57 17 men
914 3326 39 16 are
975 3327 15 16 a
1013 3319 61 25 little
1096 3319 90 25 foolish,

664 3350 153 28 sometimes;
835 3350 42 24 but
894 3351 21 24 if
934 3360 48 21 you
1004 3352 93 23 have-—
1097 3367 30 3 —
1132 3353 53 23 that

664 3381 120 29 is-er-um,
807 3382 54 25 well
883 3384 22 22 if
923 3386 81 28 you're
1026 3384 26 23 m
1074 3387 65 21 want
1161 3386 27 24 of

664 3421 95 23 money,
779 3415 39 23 Mr
842 3415 107 28 Hallam,
972 3416 14 22 I
1008 3416 71 23 could
1111 3417 76 30 easily

663 3446 61 25 raise
736 3447 19 23 it
765 3446 36 24 for
811 3455 47 23 you
870 3454 36 17 on'
918 3448 43 24 the
983 3450 85 26 estate*
1089 3449 47 23 and
1159 3450 29 23 in-,

664 3478 59 25 time
734 3487 47 22 you
793 3479 70 24 could
883 3480 122 24 doubtless
1026 3482 93 22 redeem
1141 3482 47 24 the^

663 3513 141 29 mortgage.'
809 3515 4 8 '
833 3512 38 23 He
884 3513 47 24 felt,
939 3513 122 31 confident
1068 3513 54 24 that
1133 3514 54 24 this,

664 3544 60 23 time
735 3544 32 23 he
778 3544 48 24 had
837 3544 38 24 hit
886 3545 42 24 the
940 3542 65 33 right
1016 3545 52 24 nail
1089 3553 33 16 on
1141 3546 43 24 the

664 3575 61 24 head
733 3586 6 18 ;
758 3575 44 24 but
826 3576 108 31 Stephen
957 3577 57 31 only
1034 3577 76 25 shook
1143 3578 43 24 his.

663 3607 63 26 head
734 3609 49 23 and
795 3609 122 24 answered
927 3609 26 24 m
965 3610 37 23 his
1014 3609 40 24 old
1075 3610 75 25 voice.

722 3641 46 27 No,
781 3641 12 23 I
805 3649 39 15 am
856 3641 66 25 mno
945 3643 66 23 want
1035 3642 29 24 of
1081 3650 87 24 money
1177 3651 9 20 ;;

663 3672 95 29 indeed*
768 3673 13 23 I
793 3673 61 24 have
864 3678 40 19 not
915 3676 71 29 spent
997 3675 54 23 half
1060 3675 26 24 of
1095 3683 39 23 my
1145 3675 42 24 in-

664 3713 68 17 come
746 3707 66 24 since
823 3715 40 22 my
877 3707 77 23 father
965 3707 70 23 died,.
1062 3708 50 23 But
1134 3708 49 24 still

663 3737 41 24 the
717 3738 76 25 Cowrt
802 3741 67 22 must
882 3736 28 27 be
922 3739 60 28 sold,
995 3739 48 25 and
1065 3748 45 26 you
1133 3741 53 24 will

666 3771 89 30 greatly
766 3772 78 29 oblige
855 3780 50 20 me,
915 3772 38 24 Mr
964 3772 116 29 Clayton,,-
1098 3773 21 23 if
1136 3782 52 19 yau.

1263 179 80 22 would
1355 185 56 24 urge
1423 186 37 16 me
1470 186 34 18 no
1515 179 92 26 further
1618 181 26 25 m
1655 182 43 25 *he
1717 186 62 23 mat-

1262 210 44 23 ter.

1344 242 44 31 beg
1395 251 61 22 your
1466 245 98 29 pardon.
1578 246 45 24 Mr
1630 246 106 29 Hallani,
1745 249 36 23 for

1260 280 41 24 my
1314 275 87 23 foolish
1413 277 190 29 om'ciousness,"
1616 280 52 22 said
1677 282 42 22 the
1741 282 39 23 old

1260 313 59 17 man
1330 308 72 30 stiffly
1413 318 6 18 ;
1439 309 50 27 but,
1502 315 25 18 at
1538 310 40 24 his
1597 313 62 27 tone,
1682 321 15 15 a
1719 315 59 23 sud-

1259 338 47 24 den
1319 341 68 23 siniio
1399 342 142 30 overspread
1554 343 39 24 ihe
1602 344 61 23 da'-'k-
1672 347 53 22 face
1743 348 34 22 bu-

1258 373 48 22 fore
1319 374 51 21 him
1382 373 53 24 that
1449 375 100 31 brought
1559 380 26 20 to
1600 377 67 23 mind
1692 380 86 31 vividly

1259 406 40 22 the
1311 406 108 29 pleasant
1431 408 133 23 mannered
1576 409 126 25 schoolboy
1725 418 51 17 wiio

1258 437 50 23 had
1329 446 57 15 once
1409 447 26 16 or
1455 441 68 23 twice
1545 444 168 28 accompanied
1741 446 35 22 his

1257 471 130 22 autocratic
1396 472 78 23 father
1486 476 26 20 to
1523 474 20 22 M
1550 481 12 15 c
1580 475 109 29 lawyer's
1708 477 69 23 office

1258 501 48 23 and
1319 502 36 23 Mr
1367 503 103 30 Clayton
1482 505 47 23 laid
1546 506 39 23 his
1596 508 77 22 .hand
1695 508 80 30 depre-

1257 535 104 30 caungly
1371 542 31 16 on
1412 536 42 23 the
1465 539 89 22 other's
1574 547 56 15 arm.

1319 567 12 22 l
1329 569 9 9 J
1341 574 38 23 ray
1392 569 69 23 don't
1473 569 27 23 be
1512 571 107 24 offendi-d
1632 573 56 22 with
1711 580 39 17 me

1258 598 53 23 said
1322 599 38 23 Mr
1372 600 101 24 Hallam,
1483 605 126 29 earnestly.
1645 609 15 9 '•
1670 606 12 21 1
1706 605 70 25 know

1258 638 47 22 you
1313 639 60 15 were
1380 634 56 29 only
1443 634 111 30 advising
1562 643 38 16 me
1607 636 37 23 for
1654 645 36 22 my
1698 639 60 28 good
1770 646 8 20 ;,

1261 665 42 20 but
1314 663 32 23 its
1359 672 29 15 no
1402 672 47 20 us«,
1463 666 40 22 the
1513 669 68 27 place
1593 669 44 22 has
1649 672 25 20 to
1681 677 39 23 go,
1730 672 49 21 and

1259 701 53 17 now
1325 696 42 23 the
1379 697 106 30 question
1498 698 31 28 is,
1540 707 41 15 can
1593 708 48 23 you
1653 702 51 23 find
1717 710 36 16 me
1764 712 13 13 a

1260 729 131 28 purchaser
1403 731 36 22 for
1451 730 19 23 it

1320 761 96 24 There's
1439 770 52 23 very
1513 763 64 24 little
1599 765 74 25 doubt
1705 766 76 25 about

1349 795 52 21 said
1409 795 41 23 the
1460 797 85 29 lawyer
1553 797 124 31 decisively
1687 807 6 20 ;
1738 801 45 22 but

1259 825 120 31 naturally
1392 827 20 22 it
1424 828 48 22 will
1484 828 55 23 take
1551 836 64 17 .some
1639 831 60 24 litue
1723 831 57 24 time

1261 860 25 21 to
1292 860 50 21 n-nd
1352 868 13 13 v
1376 867 50 15 man
1439 863 23 20 to
1471 860 53 31 give
1533 869 15 15 a
1555 859 45 27 lair
1604 863 71 30 price.
1709 864 74 24 Lax^d

1259 890 21 22 is
1293 898 27 16 so
1331 891 148 30 depreciated
1493 893 27 23 hi
1533 896 76 26 value,
1632 903 55 23 you.
1702 896 78 24 know.

1259 922 58 23 And
1338 924 123 23 lorthwith
1485 928 55 27 they
1562 928 104 29 plunged
1682 929 53 23 into
1767 938 14 14 a

1260 954 60 29 long
1331 954 135 25 discussion
1477 964 26 16 as
1516 961 24 20 to
1553 966 60 22 ways
1625 961 47 22 and
1684 964 97 25 means,.

1262 987 62 22 until
1334 990 26 20 at
1371 987 86 31 length
1467 989 39 23 Mr
1517 990 100 24 Hallam
1628 999 52 16 rose
1694 997 24 19 to
1741 1001 42 22 go,,

1263 1019 84 30 saying
1357 1019 54 24 half
1420 1022 132 31 regretfully
1563 1031 5 15 :
1590 1030 14 6 ••
1616 1025 21 22 VV
1644 1025 39 27 ell,
1696 1027 13 21 i
1726 1032 54 24 sup-

1262 1058 57 23 pose
1331 1054 49 21 this
1391 1054 22 22 is
1424 1062 27 15 ass
1462 1055 38 22 far
1510 1063 28 15 as
1549 1063 35 16 we
1595 1063 45 16 can
1647 1060 41 28 get
1698 1059 82 30 to-day

1264 1084 48 23 and
1323 1084 13 23 i
1349 1086 89 24 believe
1449 1086 13 23 1
1474 1095 39 15 am
1526 1088 98 31 keeping
1634 1098 46 21 you
1690 1091 96 32 beyond,

1264 1124 59 23 your
1335 1119 71 22 usual
1418 1120 107 23 business

1329 1147 60 33 Why
1400 1156 44 19 not
1455 1159 68 17 come
1534 1154 71 22 down
1623 1159 23 19 to
1668 1154 115 32 Bromley

1266 1182 49 22 and
1326 1182 62 24 have
1399 1191 67 16 some
1474 1185 84 23 dinnei
1568 1187 58 22 with
1637 1194 40 16 me
1686 1189 10 20 ?
1734 1189 49 22 lou

1263 1215 134 23 remember
1416 1224 40 23 my
1480 1218 50 23 wife
1549 1220 13 21 1
1731 1221 52 23 said

1265 1246 39 23 Mr
1315 1244 110 33 Clayton,
1442 1250 132 31 generally,

1323 1282 15 21 1
1348 1282 71 23 think
1511 1284 52 23 said
1575 1284 38 23 the
1621 1293 80 23 young
1719 1293 63 21 n*an,

1265 1311 43 24 but
1319 1321 27 15 so
1357 1314 182 32 hulf-hearteuly
1552 1320 55 20 that
1617 1321 41 20 the
1665 1324 69 18 other
1743 1324 42 19 cut

1266 1345 47 23 him
1327 1347 68 22 short
1409 1347 77 28 witiv

1326 1379 45 26 Oh,
1383 1386 66 17 come
1472 1380 73 31 along
1554 1389 6 19 ;
1569 1400 3 2 .
1580 1381 58 25 dont
1661 1382 75 23 stand,
1754 1390 31 16 on

1265 1416 127 25 ceremony
1404 1412 53 22 with
1470 1420 47 16 me.
1555 1416 58 29 Why
1625 1415 88 31 doyou
1722 1418 63 21 want

1266 1444 25 21 to
1303 1443 61 22 stick
1376 1451 66 24 away
1456 1444 28 31 by
1496 1447 104 29 yourself
1621 1447 26 23 m
1667 1456 29 15 au
1719 1449 66 23 hotel

1265 1481 54 17 now
1330 1483 48 23 you
1389 1477 61 23 have
1461 1484 68 18 come
1542 1479 59 23 back
1613 1482 24 21 to
1649 1479 115 32 England
1774 1482 11 23 2

1268 1507 78 24 We've
1367 1516 65 17 none
1455 1511 26 22 of
1501 1519 58 22 your
1580 1513 90 30 foreign
1697 1514 88 29 dishes,

1265 1547 61 23 your
1343 1543 122 28 spaghetti
1487 1540 46 27 iiid
1552 1545 81 30 garlic,
1640 1561 3 12 :
1655 1545 39 25 it's
1703 1568 4 3 .
1718 1549 51 21 true
1778 1554 10 21 ;.

1268 1574 42 22 but
1321 1573 21 23 if
1350 1582 46 22 you
1418 1583 41 16 can
1482 1580 44 27 put
1548 1585 32 23 up
1602 1578 59 24 with
1683 1587 15 16 a
1719 1580 66 30 plain

1268 1605 91 28 British
1369 1608 93 28 dinner,
1474 1611 13 21 i
1498 1617 45 17 can
1554 1611 53 30 give
1618 1611 19 23 it
1649 1613 24 22 to

1324 1640 14 22 1
1349 1648 43 16 GJin
1404 1649 81 16 assure
1496 1650 45 23 you
1554 1646 13 19 1
1578 1643 60 24 have
1660 1650 44 18 not
1728 1646 60 23 been.

1267 1670 74 32 living
1350 1674 156 31 particularly
1529 1676 26 22 of
1670 1677 52 23 said
1744 1678 41 24 the

1266 1711 80 24 young
1356 1709 57 19 inau
1426 1707 57 23 with
1494 1715 14 15 a
1519 1708 82 23 rather
1622 1709 63 30 grim
1708 1710 81 24 smile.

1296 1737 53 28 Y<3s,
1362 1738 13 22 1
1385 1738 70 24 think
1466 1740 13 22 I
1491 1741 49 22 will
1550 1748 72 20 come,
1634 1743 20 21 if
1663 1742 75 30 you'll
1754 1744 33 22 let

1267 1777 35 15 me
1315 1770 92 31 change
1418 1778 40 24 my
1472 1773 73 23 mind.
1578 1774 10 23 1
1602 1774 62 23 shall
1677 1776 28 22 be
1713 1775 73 31 going

1266 1810 67 26 away
1344 1804 63 23 from
1418 1806 117 29 England
1545 1807 71 30 again
1624 1815 31 19 so,
1662 1816 57 15 soon
1733 1811 53 21 that

1266 1834 16 27 1.
1291 1836 87 23 should
1389 1837 47 23 like
1449 1842 24 19 to
1485 1835 73 35 carry'
1565 1842 42 21 the
1632 1847 107 24 memory
1762 1841 26 23 of
1801 1852 2 5 •

1265 1874 15 16 a
1292 1869 79 22 native
1383 1869 100 31 evening
1494 1872 54 23 with

1281 1899 1 4 '
1326 1900 79 32 Going
1416 1910 66 23 away
1494 1904 92 29 again?
1619 1904 48 24 I'm
1677 1899 75 37 sorry'
1761 1907 26 23 to

1265 1931 59 26 hear
1447 1937 51 22 said
1522 1939 39 22 Mr
1583 1937 103 31 Clayton
1706 1946 27 16 as
1755 1939 32 24 he

1266 1964 64 25 drew
1341 1973 33 16 on
1381 1967 39 24 his
1430 1968 92 30 gloves*
1543 1970 50 23 and
1615 1970 57 24 took
1694 1978 33 23 up
1750 1972 37 24 his

1266 1997 55 24 hat,
1381 1999 68 28 Well,
1464 2001 50 23 half
1526 2005 54 27 past
1592 2010 80 20 seven,
1686 2005 84 22 then,'*

1414 2037 40 27 To,
1465 2038 24 24 be
1512 2041 127 23 continued.

1264 2159 163 65 LOCAL
1460 2159 32 65 &
1525 2159 261 65 GENERAL.

1298 2267 70 25 Good
1379 2268 72 25 News
1462 2278 48 17 sok
1519 2272 141 29 Oxford,—
1660 2273 67 26 Who
1742 2284 45 16 can

1266 2317 43 23 say
1314 2311 72 24 'there
1398 2312 20 23 is
1429 2316 48 21 not
1486 2321 14 16 a
1511 2319 69 25 great
1586 2316 87 26 ..future
1685 2318 29 22 m.
1723 2320 64 22 store

1265 2352 37 24 for
1313 2353 91 25 Oxford
1413 2356 10 23 ?.
1458 2355 42 29 We
1522 2357 81 25 notice
1624 2358 30 31 by
1677 2359 111 34 Tuesday

1265 2395 135 32 telegrams,
1425 2398 54 24 that
1513 2399 124 26 Hematite
1679 2403 109 24 realized

1265 2438 52 24 £46.
1326 2446 41 23 per
1386 2444 46 20 ton.
1446 2441 28 23 m
1494 2441 42 25 the
1557 2442 101 25 London
1681 2445 107 26 Market-

1265 2480 66 28 Now;
1355 2484 24 22 at
1401 2481 81 26 Burnt
1504 2485 53 23 Hill
1581 2486 104 29 Station,
1719 2497 67 16 some

1265 2523 132 25 thousands
1409 2527 27 22 of
1444 2528 55 22 tons
1508 2528 25 23 of
1543 2528 51 25 first
1609 2529 63 25 class
1694 2532 92 31 quality

1266 2566 126 26 Hematite
1397 2568 43 25 has
1453 2568 60 26 been
1525 2570 140 27 discovered
1699 2575 87 32 Surely

1266 2609 48 25 this
1327 2611 87 23 should
1425 2620 72 23 prove
1508 2622 15 16 a
1535 2615 64 24 mine
1610 2616 27 24 of
1652 2617 86 24 wealth
1761 2622 29 21 to-

1265 2660 45 23 any
1324 2655 158 31 enterprising
1493 2664 113 26 company
1620 2666 26 17 or
1654 2659 136 26 individual

1265 2696 50 23 who
1326 2698 82 23 would
1417 2699 100 31 consign
1527 2695 51 29 this
1590 2702 111 25 valuable
1722 2705 62 23 min-

1265 2738 48 23 eral
1325 2741 26 21 to
1362 2740 39 23 the
1412 2740 100 31 English
1536 2742 105 26 Market,

1298 2780 66 25 View
1376 2781 70 26 Hill.
1453 2783 151 30 Library,—
1604 2787 21 23 A
1635 2787 105 25 number
1762 2789 25 25 of

1266 2822 75 25 books
1350 2825 59 23 have
1430 2826 61 24 been,
1607 2831 28 22 to
1656 2831 40 23 the
1718 2831 67 26 View

1266 2864 51 25 Hill
1328 2866 109 33 Library,
1451 2869 50 23 and
1510 2877 28 17 as
1560 2870 67 25 there
1649 2872 22 25 is
1693 2881 15 16 a
1729 2881 58 25 very

1265 2908 62 32 good
1340 2909 88 33 variety
1450 2912 50 24 and
1520 2913 43 25 the
1586 2914 157 33 subscription
1763 2914 25 28 is

1266 2960 54 22 very
1332 2952 56 29 low>
1400 2954 66 25 View
1484 2955 54 26 Hill
1556 2958 120 26 residents
1697 2963 91 23 cannot

1266 2994 30 25 do
1315 2995 96 35 -better;-
1503 2999 97 27 become
1631 2996 156 37 .subscribers,

1267 3038 37 24 for
1314 3039 26 23 m
1430 3048 52 24 way
1505 3043 72 24 could
1598 3044 58 32 they
1677 3047 72 29 spend
1771 3053 16 18 a

1269 3081 55 25 few..
1327 3081 120 32 shillings-
1465 3087 26 23 to
1501 3092 67 17 more
1579 3086 132 32 advantage
1730 3087 57 26 than

1266 3123 27 24 iv
1302 3123 127 33 providing
1437 3124 62 32 good
1520 3123 101 37 reading
1637 3132 93 24 .matter
1750 3130 42 27 for
1801 3140 2 18 ;

1266 3165 144 26 themselves
1410 3177 2 14 i
1423 3169 54 29 and,
1484 3169 63 29 their
1557 3171 111 30 families,
1679 3174 50 24 and,
1746 3175 42 25 the

1266 3215 54 18 new
1320 3228 3 10 :
1332 3209 71 25 books
1426 3211 96 25 include
1546 3218 67 20 sonic
1634 3208 76 40 really
1726 3219 61 30 good
1801 3213 2 17 ''

1266 3252 89 26 works,
1453 3266 90 14 ,.-.,
1626 3250 79 27 ..'""•

1297 3295 119 25 Alleged
1438 3297 180 30 Pebjiiry,:-:A
1634 3304 158 28 prosecution,

1265 3338 36 23 for
1312 3339 94 31 perjury
1418 3341 95 29 against
1525 3342 121 31 Metcalfe,
1658 3353 44 17 one
1713 3347 26 23 of
1746 3348 44 24 th&

1267 3381 15 14 •*
1290 3380 156 33 Picturesque
1458 3384 69 24 Atlas
1572 3393 148 25 canvassers,
1745 3391 43 25 has

1265 3423 60 24 been
1346 3424 119 30 initiated;
1487 3428 50 23 and
1557 3429 30 24 he
1609 3429 21 25 is
1649 3433 153 26 committed.,

1265 3466 36 24 for
1313 3467 63 23 trail.

1268 3508 83 32 Henry
1364 3509 116 33 Simpson
1491 3521 26 16 as
1529 3515 40 24 the
1581 3516 103 26 Board's
1704 3527 98 24 ranger,

1262 3551 128 31 .preferred
1400 3562 16 15 a
1426 3555 102 24 number
1538 3557 28 24 of
1573 3558 177 30 informations,
1765 3572 28 16 a-
1800 3571 2 18 ;

1268 3594 81 31 gainst
1361 3595 40 24 the
1413 3603 92 19 owners
1517 3598 28 25 of
1552 3602 167 31 unregistered
1732 3605 62 32 dogs:

1267 3638 77 23 which
1356 3638 41 25 the
1409 3639 84 26 Bench
1505 3642 109 27 declined
1624 3647 27 24 to
1668 3651 126 24 entertain,

1269 3687 30 17 as.
1308 3682 129 31 according
1447 3685 24 22 to
1483 3684 43 25 the
1543 3689 61 27 act,'
1613 3689 44 24 the
1677 3692 118 31 registrar-

1268 3731 49 17 was
1328 3725 43 24 the
1379 3725 58 32 only
1443 3734 91 24 person
1540 3730 55 25 who,
1602 3732 108 28 heliidie
1715 3741 79 21 auin.-

1265 3767 74 30 ority.

1933 193 212 25 OfiiDFEttowsHip.
2149 210 29 3 —
2180 195 52 25 The
2280 198 116 32 ordinary

1867 231 151 34 Fortnightly
2032 235 107 37 fleeting
2156 239 26 23 of
2203 239 41 24 the
2266 241 41 23 Nil
2327 241 83 37 Des-$

1864 275 133 30 peranduni
2009 277 81 32 Lodge
2102 288 49 16 was
2162 281 56 24 held
2230 282 25 24 m
2266 284 40 24 the
2324 284 64 24 Odd-

1865 313 93 26 fellows
1970 315 66 30 Hall,
2048 317 62 26 East
2120 320 89 25 Oxford
2218 330 32 15 on
2260 321 131 35 Saturday,

1866 356 55 31 July
1935 359 51 24 4th.
2020 361 53 24 The
2094 364 145 24 attendance
2259 374 49 16 was
2330 376 57 23 very

1872 401 70 29 good.
1978 402 77 25 There
2067 412 61 17 were
2140 409 46 21 two
2194 427 4 4 .
2208 408 111 25 initiated
2342 411 50 25 and

1872 447 47 20 two
1931 448 115 27 proposed
2068 449 37 22 for
2118 449 168 32 membership.
2319 453 73 24 Total-

1865 486 99 31 receipts
1976 489 37 21 for
2029 489 41 23 the
2093 492 103 30 evening
2217 493 50 26 £lp
2279 496 17 21 0
2307 496 17 21 2
2345 496 46 24 the

1864 529 162 30 expenditure,
2034 550 4 8 ,
2048 531 69 32 being
2123 554 3 3 .
2145 535 40 22 £1.
2206 536 30 23 13
2258 537 23 24 4,
2308 559 2 6 
2333 538 55 25 The
2398 550 3 10 .

1865 571 108 30 meeting
1984 572 60 24 then
2056 573 78 26 closed
2147 576 25 23 m
2185 577 46 24 due
2242 580 70 24 form,
2338 594 2 8 r

1898 623 126 25 FooTiiALi.
2038 625 128 30 Match*—
2170 629 78 31 Today
2261 632 26 23 m
2309 632 80 24 Pear-

1866 672 44 16 son
1923 665 74 28 Park,
2004 668 50 24 .the
2078 670 45 22 Uxi
2130 670 35 23 >rd
2177 673 47 22 and
2248 673 64 25 View
2335 675 56 24 Hill
2415 662 11 19 V

1866 708 79 23 teams
1956 715 64 18 cross
2032 711 98 25 swords.
2163 713 25 25 It
2199 715 21 23 is
2242 724 55 16 now
2319 726 72 16 some

1868 755 58 21 U.tne
1936 752 65 23 since
2013 753 66 24 these
2091 757 47 22 two
2149 752 78 29 tennis
2238 757 60 26 have
2316 760 46 24 had
2375 770 16 15 a

1866 801 71 22 game
1951 799 104 21 between
2067 798 58 23 each
2135 799 77 28 other,
2224 802 48 22 and
2281 802 23 23 it
2316 802 21 23 is
2359 809 29 18 to

1869 837 26 22 be
1907 836 78 31 hoped
1997 839 53 24 that
2061 846 64 18 none
2136 836 27 37 6f
2172 842 40 24 the
2234 846 77 28 rough
2334 846 47 23 ele-

1868 882 69 21 ment
1949 881 45 22 will
2008 882 28 22 be
2048 883 94 24 shown-
2175 884 73 25 What
2263 884 47 26 end
2332 888 59 24 does

1868 921 20 22 it
1900 929 74 20 serve,
1988 926 24 19 to
2024 926 36 28 try
2072 926 47 23 and
2131 926 30 23 do
2183 928 77 30 injury
2285 933 24 19 to
2331 938 61 21 your

1869 963 135 29 neighbor?
2039 967 109 25 i'Qotball
2161 969 57 27 alas,
2231 969 24 23 m
2268 971 42 23 the
2333 974 56 21 Col-

1871 1011 46 25 ony
1940 1006 21 24 is
1982 1009 43 25 nut
2045 1009 99 25 without
2144 1019 18 17 ;.,
2166 1011 33 24 its
2224 1012 45 24 bad
2289 1014 83 30 points
2385 1024 4 5 -
2385 1034 11 10 r

1870 1050 78 21 teams,
1957 1056 40 17 are
2018 1051 72 30 pilled
2113 1053 97 30 against
2232 1056 60 23 each
2315 1058 81 28 other,,

1871 1092 47 21 and
1930 1092 17 22 if
1959 1094 57 29 they
2029 1098 89 20 cannot
2140 1103 44 16 nm
2208 1096 29 32 by
2260 1098 46 24 fair
2326 1101 70 30 play,,

1870 1137 77 20 resort
1959 1138 25 19 to
2010 1143 40 24 cry
2069 1138 115 32 cowardly
2204 1141 84 24 tactics
2311 1145 85 22 which,

1871 1177 87 23 should
1969 1181 44 20 not
2023 1180 27 23 be
2059 1180 125 26 tolerated.
2217 1183 127 25 Instances
2355 1186 36 23 in-

1876 1221 143 23 numerable
2031 1228 69 18 count
2114 1223 27 24 be
2153 1225 60 23 sited
2236 1227 76 24 where
2326 1229 69 23 horse

1871 1262 53 31 play
1938 1264 46 36 ha^s
1999 1271 58 17 feun
2067 1265 169 30 predominent
2248 1269 28 24 m.
2278 1271 120 26 matches,

1871 1306 50 22 this
1933 1314 102 16 season..
2061 1307 97 32 Players
2171 1312 53 23 who
2236 1316 86 21 cannot
2333 1314 64 24 curb-

1871 1347 62 23 their,
1943 1352 99 26 temper,
2055 1352 52 21 will
2118 1352 27 22 be
2156 1352 88 32 aidir.g,
2258 1355 41 23 the
2321 1364 76 21 game-

1871 1389 23 23 in
1907 1398 15 15 a
1936 1392 74 22 better
2016 1399 55 23 .way
2095 1394 23 21 b»
2146 1396 98 29 slaying
2265 1399 28 22 at
2296 1403 4 7 :
2313 1406 84 17 nowe;-

1872 1431 89 32 People
1973 1434 45 23 will
2029 1443 49 22 say,
2090 1438 40 27 oh,
2151 1439 54 30 they
2227 1439 72 25 make
2318 1441 21 24 it
2360 1442 39 23 all

1872 1483 31 22 up
1915 1476 71 24 \viitn
1996 1479 41 22 the
2048 1486 71 22 game
2129 1480 22 23 is
2161 1481 104 25 finished
2276 1481 120 28 and.!liar-

1872 1526 70 25 uiqiiy
1955 1526 79 25 reigns
2045 1526 26 18 at
2082 1522 42 24 tiie
2135 1530 109 24 supper,/
2251 1524 42 25 but
2312 1523 16 26 1
2349 1535 43 24 say;

1869 1563 59 25 does
1940 1564 52 25 that
2004 1563 55 25 heal
2071 1571 17 17 a
2097 1564 88 26 brokeii
2206 1569 42 30 leg.
2265 1577 28 17 or.
2315 1571 94 26 collair,

1874 1604 59 25 bone
1946 1607 76 24 which
2034 1615 52 24 may
2098 1609 62 25 have
2171 1610 76 26 taken,
2253 1613 69 30 place
2334 1613 54 25 dur-

1872 1648 47 30 ing,
1944 1650 41 24 the
2014 1653 92 28 .game?
2139 1652 46 29 ho,
2218 1655 95 24 indeed.
2351 1657 47 24 We.

1872 1690 56 24 look
1940 1693 50 21 ioiw
1995 1696 43 20 aid
2049 1695 30 22 to-
2097 1695 96 31 to-days
2214 1700 88 21 match,
2321 1697 75 33 being,

1872 1736 124 22 contested
2015 1742 25 17 iv
2062 1744 20 15 a.
2099 1738 101 32 friendly
2223 1747 110 18 manner,
2368 1744 31 22 it-

1872 1780 61 21 rests
1945 1778 59 24 with
2013 1780 41 23 the
2065 1782 86 23 r-oieree
2166 1784 39 23 .to-
2219 1785 54 29 stop
2295 1784 30 24 all
2344 1784 55 25 fouL

1872 1821 64 30 play,
1949 1823 47 22 and
2008 1824 16 21 1
2032 1824 63 29 hope
2107 1827 24 21 to
2143 1832 39 16 see
2194 1825 52 24 that
2244 1850 3 5 r
2255 1827 141 31 gentlemau,

1873 1870 134 23 e-vercibmg
2024 1864 40 24 his
2083 1872 93 23 powers
2200 1867 64 25 aJike
2286 1871 29 27 to,
2336 1868 61 25 both,

1872 1905 101 31 parties,
1993 1926 5 11 ,
2004 1909 70 26 Aoh:,,
2083 1909 89 23 Oxford
2182 1911 53 23 and
2253 1911 63 27 View
2340 1912 57 25 Hill

1874 1953 64 19 show
1951 1950 67 23 what
2029 1952 59 21 stult
2096 1959 48 23 you
2152 1960 43 17 are
2206 1954 71 24 made
2288 1956 40 28 of,-
2343 1956 56 23 and.

1872 1990 37 23 let
1919 1995 41 19 tlie
1971 1996 136 26 peopl«.s«e
2118 2000 54 18 liow
2189 1998 106 24 iootbali.
2309 1991 82 35 tsitytUcl

1874 2032 29 25 be
1914 2036 98 30 played,
2032 2055 2 3 .
2043 2036 50 23 The
2113 2035 90 26 Oxiord
2225 2038 74 25 Brass
2307 2049 4 6 ■
2321 2039 78 25 liaiid-

1874 2077 61 29 haye
1944 2079 81 28 kindly
2043 2084 141 18 -consented.
2191 2079 36 25 Uo
2251 2082 28 23 be
2298 2087 103 25 prebeiit

1874 2120 87 30 during
1973 2121 40 25 tbe
2029 2128 75 23 game.
2301 2130 15 14 ,/
2341 2118 42 26 iv-l

1883 2182 2 2 .
1907 2161 139 25 LiGENsiNu-
2049 2177 30 4 —
2085 2165 21 22 Vv
2112 2172 14 16 e
2135 2166 59 23 iiote
2206 2166 30 32 by
2244 2166 51 25 'the'
2295 2165 3 8 1
2295 2181 3 4 -
2302 2169 95 30 Hyiinty

1874 2206 127 30 Axctiunge
2013 2209 58 21 tliat
2088 2208 137 30 bydeuhaiu
2246 2211 31 22 is'
2290 2217 42 17 not
2353 2206 50 29 tiia.

1876 2255 55 24 only
1944 2250 107 23 Colonial
2065 2252 106 29 borough
2180 2273 3 2 .
2194 2255 56 21 that
2265 2254 52 24 find
2338 2257 59 29 tiiey

1874 2292 63 22 have
1949 2299 63 16 more
2031 2294 120 23 .Licenced
2172 2295 86 30 places'
2263 2291 70 29 Hh'ari
2342 2295 3 12 :
2356 2299 45 22 the.

1875 2335 80 28 public
1971 2340 105 25 require.
2095 2334 190 36 JJonsfctiuentjy
2308 2343 25 20 at
2357 2332 48 32 tile-

1879 2378 80 22 Uater
1971 2379 82 23 I'ouce
2065 2380 82 27 Court,
2165 2384 103 28 b)Uney,
2292 2382 42 24 i«ii
2356 2391 43 23 ap-

1875 2419 130 31 pjicatioiis
2016 2424 37 21 lor
2065 2425 100 22 renewal
2176 2428 22 19 ol
2217 2429 103 21 licenses
2339 2434 64 16 wera

1874 2466 111 24 reiused...
1991 2485 3 3 .
2010 2466 127 29 Amongst
2146 2468 69 22 them
2224 2460 179 36 \veiiotu^e,the-

1874 2511 72 17 name
1958 2507 25 21 of
1992 2506 105 29 l;rtikhn
2109 2510 108 29 Hodgets,
2224 2513 78 21 Ocean
2309 2512 4 5 '
2326 2511 75 25 Vvava

1875 2547 236 29 Hotelj^Gloucester
2135 2554 87 23 btreet.
2256 2556 52 22 Can
2326 2554 20 24 it
2370 2556 33 23 be.

1876 2598 45 16 our
1931 2593 49 23 late
1994 2598 90 26 vvoriljy
2097 2597 57 22 host
2166 2598 25 21 ot
2201 2596 42 24 the
2264 2597 141 31 hkrewpod.

1872 2634 70 24 Axuia
1951 2636 10 22 'i

1909 2678 78 23 biATK
2004 2678 158 33 J^ANic,.--r'VVe
2180 2682 85 29 notipe;
2283 2685 52 24 that
2342 2704 4 8 ,
2354 2693 47 17 our.

1875 2718 50 25 late
1947 2721 52 24 and
2018 2727 89 26 nortny
2130 2727 110 22 nienibei;
2260 2727 54 22 Mr?
2332 2727 74 24 John.

1876 2761 90 25 VerruU
1977 2763 101 31 intends
2085 2772 84 25 giving
2180 2775 15 16 a
2206 2768 103 28 Lepture
2319 2770 25 23 m
2357 2772 46 22 the

1876 2805 75 24 Town
1964 2806 68 27 Hall,
2050 2807 62 26 iiast
2125 2812 99 27 Uxiom,
2237 2819 33 16 on
2282 2813 114 24 Wednes-

1874 2848 46 30 day
1942 2851 71 22 next,
2044 2849 53 24 Tlie
2119 2853 101 29 subject,
2245 2855 68 23 btate
2330 2854 75 25 Bank.

1873 2899 79 16 versus
1979 2892 118 31 Jjoreign..
2111 2895 101 30 Capital,
2236 2896 50 24 isa.^
2306 2897 99 32 siil'ject

1874 2935 75 23 which
1963 2935 47 23 tor.
2024 2935 94 26 Verrall
2133 2942 85 21 treats^
2230 2938 172 35 ma.iiiyin-

1875 2982 117 26 teresuug
2016 2986 112 19 manner.-
2162 2982 52 25 The
2241 2984 160 26 ihfoimatioa

1875 3024 89 22 caflnot
1972 3025 43 26 b,ut
2026 3020 29 27 be
2067 3024 111 24 valuable
2187 3029 26 21 to
2224 3026 42 25 the
2275 3028 124 25 coiuinun-

1874 3064 44 32 ity.
1952 3064 41 24 All
2004 3069 65 21 seats
2079 3074 40 16 are
2132 3071 48 21 tree
2190 3071 49 22 and
2250 3078 36 17 \\e
2299 3072 62 30 hope
2373 3078 32 18 to.

1876 3114 39 17 see
1926 3115 15 16 a
1947 3103 68 36 lai'gel
2024 3109 77 24 house
2107 3106 41 28 W
2162 3102 24 34 Vi
2192 3112 119 30 ednesday
2332 3122 66 18 next.

1909 3160 92 24 Divine
2014 3162 201 29 bEBVicE,^-The
2226 3167 50 24 Key
2281 3167 29 25 A;
2318 3167 81 29 Ee^rs

1879 3204 24 24 oi
1914 3203 130 32 Jxangiora,
2055 3207 113 31 lonuerly
2185 3210 28 23 of
2232 3211 49 24 this
2297 3212 108 29 district,,

1879 3242 49 29 will
1939 3243 88 35 preacii
2038 3250 28 23 m
2077 3251 41 22 the
2138 3245 134 32 Methodist
2284 3246 115 37 Tiaurch,

1863 3305 4 4 •
2167 3296 98 32 bunday
2269 3290 16 21 r
2286 3299 120 31 morning.

1877 3335 50 23 aud
1951 3343 111 25 eyenmg,
2080 3341 49 21 and.
2139 3338 27 24 m
2184 3342 221 35 .the^as^Uxford.

1882 3377 136 26 Methodist
2039 3381 96 24 Church
2154 3383 24 22 m
2201 3384 42 23 the
2265 3387 139 27 alternppn.

1881 3419 40 26 No.
1931 3423 159 31 doubtmany
2102 3425 26 22 of
2135 3423 40 26 his
2181 3426 58 24 old,.
2243 3427 90 25 Mends
2351 3428 54 26 will

1882 3466 64 23 avail
1959 3468 139 22 themselves
2110 3468 27 25 of
2145 3468 47 24 this
2212 3472 153 31 opportunity
2369 3486 3 8 .
2377 3476 28 21 ta

1881 3515 40 17 see
1932 3510 48 23 and
1989 3510 60 24 hear
2060 3510 65 25 him.
2260 3515 64 16 ■■'■'■■
2349 3522 14 9 •■■

525 46 172 33 OXFORD
737 46 89 32 AKD
868 46 106 34 OUST
1017 46 223 35 OBSERTFR
1284 51 232 41 SATURDAY,
1557 54 107 33 JULY
1708 58 44 35 11,
1774 59 87 33 iMh

1882 3614 100 26 Printed
2003 3617 49 23 and
2089 3617 134 27 Published
2236 3621 29 31 by
2291 3622 115 26 Eichajiu

1910 3659 113 25 •Holmaa.
2038 3662 99 30 Rakish,
2161 3668 26 20 at
2204 3665 40 23 liis
2264 3666 143 31 Kegistered.

1912 3706 112 32 Printing
2036 3708 87 29 Office,:
2141 3708 71 32 High.
2233 3710 93 32 jjJtreew
2343 3711 64 27 Easi.

1914 3749 268 31 UxiorGi^C^PterbttrVv
2215 3755 3 4 '
2233 3754 2 6 '
2262 3776 2 3 .
2292 3777 3 3 ,

115 3661 4 12 '.
366 3658 36 13 vv
444 3654 21 22 v
483 3659 16 7 ■■■

261 3711 99 30 OATS
464 3737 2 4 ,

128 3762 104 41 Apply
255 3763 94 30 Office
363 3764 34 29 of
408 3763 175 40 tliisPacper
