2529 3989
729 2124 167 23 SHIPPING
916 2124 273 24 INTELLIGENCE.

889 2181 143 18 ARRIVED.
1265 2181 1 27 |

696 2211 75 20 March
787 2212 32 24 22,
830 2212 102 19 schooner
950 2211 143 26 Shepherdess,
1105 2212 34 26 41,
1157 2212 94 25 Browne,

669 2239 54 19 from
734 2239 85 19 Nelson.

698 2266 60 20 Same
776 2266 45 25 day,
832 2265 118 26 brigantine
969 2266 117 25 Vanguard,
1105 2266 33 25 61,
1155 2266 96 27 Newton,

670 2293 52 20 from
732 2293 35 19 the
778 2293 102 19 Chatham
891 2292 87 21 Islands.

698 2320 60 19 Same
768 2320 47 25 clay,
824 2320 116 25 brigantine
953 2320 51 19 Will
1017 2320 81 25 Watch,
1105 2321 33 24 63,
1150 2320 101 28 Harding,

670 2347 54 20 from
735 2347 140 20 Launceston.

698 2374 75 20 March
789 2375 32 23 23,
842 2374 59 26 sloop
917 2374 66 25 Royal
1002 2375 99 24 William,
1119 2375 34 24 43,
1169 2375 82 26 Lovett,

670 2401 54 20 from
734 2402 86 25 Poverty
831 2401 51 25 Bay.

909 2453 117 20 SAILED.

698 2486 74 19 March
778 2487 25 18 22
808 2500 5 10 ,
818 2486 79 26 barque
909 2486 140 26 Posthumous,
1056 2486 41 20 389
1105 2489 54 23 tons,
1167 2487 84 27 Milner,

670 2513 33 20 for
712 2513 97 20 Mauilla.

698 2540 74 20 March
783 2541 33 23 23,
827 2540 103 20 schooner
942 2540 74 26 Ocean,
1028 2541 26 19 30
1070 2542 56 23 tons,
1140 2541 113 26 Ferguson,

670 2568 33 20 for
714 2567 81 26 Cloudy
805 2567 51 27 Bay.

698 2595 59 19 Same
768 2595 46 26 day.
831 2595 105 20 schooner
952 2595 76 20 Maori
1037 2595 73 23 Davis,
1127 2594 75 27 Wilde,
1219 2597 34 24 15,

670 2628 33 18 for
714 2622 84 20 Palliser
809 2622 51 24 Bay.

1267 2654 1 16 I

894 2674 33 19 IN
942 2673 86 22 PORT.

696 2708 83 25 Barque
786 2707 131 24 Indemnity,
925 2706 42 20 450
983 2710 63 20 tons,
1052 2707 86 26 Adams,
1152 2710 101 28 refitting.

671 2736 89 25 Agents,
771 2734 68 20 Waitt
849 2734 45 20 and
905 2734 76 26 Tyser.

698 2763 108 20 Schooner
826 2762 59 24 Ann,
909 2762 27 19 22
957 2764 59 23 tons,
1042 2762 85 26 Brown,
1150 2765 45 20 laid
1218 2773 36 20 up.

670 2791 80 26 Agent,
759 2790 67 19 Waitt
836 2790 43 19 aad
890 2789 77 27 Tyser.

699 2819 82 25 Barque
800 2818 106 22 Glenarm,
925 2818 40 19 297
978 2820 56 24 tons,
1051 2818 55 26 Guy.
1140 2820 77 26 Agent,
1230 2821 23 21 C.

671 2846 32 20 M.
715 2846 81 24 Penny.

699 2873 74 20 Cutter
795 2872 115 25 Pickwick,
930 2873 27 20 38
983 2875 58 22 tons,
1061 2873 61 26 Jury.
1157 2875 97 27 Captain,

671 2900 76 26 Agent.

698 2928 82 25 Barque
797 2928 51 19 Neiu
859 2928 58 19 York
933 2928 89 24 Packet,
1033 2928 40 20 269
1087 2930 54 24 tons,
1153 2929 100 29 Gregory.

671 2955 77 26 Agent,
759 2954 34 20 W.
804 2954 139 21 Fitzherbert.

698 2982 106 20 Schooner
814 2982 74 22 Mana,
899 2983 26 19 27
936 2985 54 23 tons,
1008 2982 81 27 Swany.

699 3009 106 20 Schooner
814 3009 52 26 Imp,
877 3010 27 19 20
914 3012 57 22 tons,
981 3010 79 20 Tulett.
1090 3011 86 26 Agents,
1187 3013 67 21 John*

671 3044 39 13 son
719 3037 42 19 and
772 3037 82 19 Moore.

698 3064 106 20 Schooner
816 3065 36 19 Sir
861 3065 56 19 John
926 3065 110 25 Franklin,
1044 3065 26 20 52
1077 3067 55 22 tons,
1140 3066 113 27 Campbell.

699 3092 75 19 Cutter
793 3091 97 26 Nimrod,
912 3092 25 19 20
958 3094 56 22 tons,
1040 3092 89 27 Waddy.
1166 3095 87 26 Agents,

671 3119 93 19 Wallace
774 3118 41 20 and
825 3118 38 20 Co.

699 3145 106 21 Schooner
815 3145 123 26 Richmond,
949 3146 26 20 30
985 3148 58 23 tons,
1054 3147 95 22 Sinclair.
1177 3149 76 23 Aijent,

672 3173 35 19 W.
718 3173 137 20 Fitzherbert.

699 3200 107 20 Schooner
824 3200 105 19 Governor
943 3201 93 26 Hobson,
1047 3202 26 19 40
1089 3204 55 23 tons,
1157 3203 96 22 Scanlon.

672 3227 87 26 Agents,
770 3227 55 20 Hort
835 3227 41 20 and
887 3227 38 20 Co.

701 3255 107 19 Schooner
837 3255 143 25 Shepherdess,
1012 3256 28 19 41
1071 3259 57 22 tons,
1159 3258 93 21 Browne.

673 3281 104 24 Schultze,
787 3281 76 26 Agent.

699 3309 121 25 Brigantine
833 3309 118 27 Vanguard,
961 3310 25 19 61
997 3311 57 24 tons,
1064 3310 95 24 Newton.
1188 3314 65 21 Waitt

672 3336 40 20 and
722 3336 73 25 Tyser,
810 3336 87 26 Agents,

700 3362 121 25 Brigantine
835 3364 52 19 Will
898 3365 80 24 Watch,
991 3365 27 20 63
1028 3366 54 23 tons,
1097 3365 102 29 Harding.

700 3390 64 26 Sloop
769 3391 66 25 Royal
846 3391 99 25 William,
952 3393 27 19 43
990 3395 56 21 tons,
1054 3392 81 23 Lovett.
1164 3396 88 26 Agents,

671 3417 93 20 Wallace
774 3418 40 19 and
823 3418 39 19 Co.

835 3477 131 25 CUSTOM
981 3479 111 20 HOUSE.

817 3531 113 21 Inwards
932 3543 26 4 —
960 3533 145 21 Coastwise.

699 3563 29 20 In
743 3569 47 14 the
960 3571 66 14 from
1046 3565 110 22 Mana.—
1159 3568 92 27 Captain,

670 3590 75 25 Agent.
748 3601 25 4 —
775 3591 12 19 4
798 3593 47 18 tuns
856 3592 38 24 oil,
903 3592 26 19 41
946 3592 70 26 sheep,
1030 3593 10 19 1
1051 3593 49 20 cask
1114 3594 51 26 lard,
1175 3597 13 19 4
1199 3596 54 21 bun-

671 3617 43 20 dles
737 3618 125 20 whalebone.
908 3618 123 27 Passengers
1033 3630 25 4 —
1059 3620 86 23 Messrs.
1169 3623 82 25 Frazer,

672 3644 99 23 Shevath,
782 3645 39 20 and
831 3645 82 20 Mould.

698 3670 28 21 In
736 3677 45 14 the
910 3679 64 14 from
983 3674 146 22 Wanganui.
1133 3687 25 4 —
1158 3678 93 20 Johnson

670 3698 41 20 and
725 3698 77 26 Moore,
819 3700 113 24 Agents.—
932 3701 28 19 lo
977 3703 49 18 tons
1044 3704 101 24 potatoes,
1162 3705 12 19 3
1193 3712 58 14 cases

670 3725 109 25 medicine,
791 3726 10 19 2
813 3732 57 15 cases
880 3726 66 21 hams.

698 3752 27 20 In
736 3759 46 14 the
815 3753 40 20 Sir
865 3754 63 20 John
1099 3763 63 16 from
1171 3760 80 20 Auck-

670 3785 98 15 land.—
772 3781 92 26 Captain,
880 3782 102 24 Agent.—
985 3783 26 20 lo
1027 3783 79 25 gallons
1122 3786 97 27 whiskey,
1239 3788 11 20 7

670 3807 48 25 bags
733 3807 49 25 rice,
799 3809 13 18 4
828 3808 50 26 bags
894 3815 68 19 sugar,
978 3811 12 19 4
1006 3810 61 21 hhds.
1085 3814 54 23 port,
1157 3814 24 20 10
1202 3818 48 17 tons

669 3837 102 23 potatoes,
786 3836 12 19 2
814 3836 50 24 kegs
880 3836 93 25 tobacco,
991 3838 10 19 1
1020 3838 91 26 package
1128 3841 64 26 slops,
1208 3843 42 20 300

669 3862 83 19 bushels
761 3862 71 24 maize,
843 3864 27 19 55
881 3864 52 25 pigs,
946 3864 10 19 1
968 3865 49 19 cask
1026 3865 60 26 pork,
1099 3867 13 19 6
1120 3867 49 26 bags
1181 3869 11 20 1
1201 3869 50 20 cask

793 3890 150 26 Passengers—
944 3891 52 21 Mrs.
1023 3892 113 28 Campbell,
1162 3895 87 22 Messrs.

669 3916 124 26 Babington,
804 3917 40 20 and
854 3917 76 21 Fools.

1308 132 29 19 In
1346 137 46 14 the
1608 136 63 14 from
1689 132 108 19 Akaroa.
1798 140 29 5 —
1830 132 31 19 W.

1283 158 135 25 Fitzherbert,
1429 158 75 24 Agent.
1506 167 28 5 —
1534 157 13 23 i
1557 161 46 18 cwt.
1614 163 57 19 soap,
1690 158 11 19 1
1712 157 45 20 bale
1768 158 63 25 slops,
1850 158 11 19 8

1283 184 57 26 galls,
1351 184 79 20 linseed
1439 184 38 23 oil,
1487 186 14 18 3
1510 187 47 18 cwt.
1569 191 68 19 sugar,
1648 185 25 19 10
1684 184 80 25 gallons
1774 191 53 17 rum,
1837 184 24 20 12

1283 214 46 17 tons
1338 214 102 19 potatoes.

1425 271 140 17 OUTWART>«t,
1582 270 144 15 COASTWISE.

1309 297 28 21 In
1353 304 46 14 the
1427 297 134 24 ''Gannet,'
1566 297 5 8 1
1594 302 45 15 for
1649 297 111 19 Poverty
1774 296 59 20 Bay.
1835 306 26 5 —

1282 325 129 23 Hornbrook,
1421 325 76 24 Agent.
1500 335 24 4 —
1527 325 12 19 2
1550 324 64 20 dozen
1624 324 45 25 pair
1679 323 102 25 blankets,
1792 324 12 19 3
1815 323 46 20 doz.

1282 352 68 25 shirts,
1363 353 10 19 1
1384 358 47 14 case
1439 351 80 20 leather
1528 351 59 26 belts,
1609 351 13 19 3
1634 351 62 19 boxes
1705 350 63 26 soap,'
1780 351 12 19 5
1802 350 59 25 galls,

1282 379 76 25 spirits,
1372 380 9 18 1
1393 386 32 19 qr.
1435 379 96 19 tobacco.

1309 405 27 21 Ik
1343 412 45 14 the
1515 405 94 23 Davis,'
1613 404 5 8 1
1628 410 44 15 for
1679 404 117 20 Paxliser
1802 404 33 20 Ba
1838 410 23 14 y.

1282 443 24 4 —
1306 433 22 20 J.
1348 433 71 24 Wade,
1435 433 69 24 Agent
1506 443 27 3 —
1534 431 96 26 Whaling
1639 438 48 19 gear
1707 431 39 19 and
1757 433 73 22 stores,
1850 432 10 19 1

1282 459 66 21 barrel
1356 460 64 23 slops.
1449 459 124 24 Passengers
1574 469 25 4 —
1602 459 24 19 10
1637 459 93 20 whalers.

1282 504 91 87 New
1403 504 213 87 Zealand
1646 504 213 87 Gazette

1318 593 66 23 AND
1400 591 214 23 WELLINGTON
1632 591 186 22 SPECTATOR.

1390 647 129 21 Saturday,
1536 645 87 22 March
1637 644 33 24 25,
1688 645 60 21 1843.

1312 697 43 24 We
1367 697 58 24 have
1441 697 102 23 received
1564 704 12 15 a
1587 696 37 23 file
1643 696 24 23 of
1683 695 38 24 the
1738 695 124 23 Auckland

1282 730 78 29 Times,
1410 730 55 23 alias
1489 730 37 22 the
1729 729 65 30 They
1821 736 39 15 are

1282 763 80 32 chiefly
1373 762 60 25 filled
1446 762 53 23 with
1510 762 58 23 local
1585 762 89 30 politics
1690 769 25 15 as
1727 761 51 30 they
1791 762 70 29 ought

1282 800 19 19 to
1316 796 35 29 be,
1364 796 43 23 and
1426 795 53 22 with
1500 803 60 15 some
1579 795 67 31 sharp
1667 794 191 30 correspondence

1282 829 82 30 arising
1375 833 39 19 out
1425 828 24 24 of
1465 828 48 22 that
1524 828 106 29 diversity
1642 828 25 22 of
1683 828 91 30 opinion
1785 826 74 23 which

1282 862 35 22 the
1329 869 61 16 same
1402 861 88 30 subject
1502 861 61 22 often
1581 861 62 29 gives
1661 861 46 22 rise
1723 864 22 19 to
1757 864 104 26 amongst

1282 894 61 23 those
1355 894 49 23 who
1419 901 51 22 may
1481 894 29 22 be
1528 901 61 15 more
1611 901 25 15 or
1655 893 46 23 less
1719 892 94 23 affected
1832 894 29 29 by

1282 927 66 23 them.
1383 927 75 23 There
1470 927 21 22 is
1503 934 29 15 an
1552 930 85 19 extract
1656 926 59 23 from
1736 925 37 23 the
1793 925 64 23 Abo-

1282 960 81 30 rigines
1376 960 130 23 Protection
1526 958 99 30 Society,
1637 958 73 23 which
1729 963 51 26 puts
1797 966 27 15 us
1838 959 23 22 in

1282 993 60 23 mind
1353 993 25 23 of
1387 993 38 23 the
1435 991 60 24 fable
1508 991 25 23 of
1541 991 37 23 the
1590 991 51 23 Fox
1653 991 44 23 and
1708 991 38 23 the
1758 991 100 30 Badger.

1282 1026 73 23 There
1366 1026 20 22 is
1398 1025 102 24 likewise
1517 1032 14 15 a
1549 1028 47 19 sort
1615 1024 24 23 of
1654 1024 127 23 retaliation
1799 1032 61 22 upon

1282 1067 25 15 us
1319 1059 57 23 Port
1388 1057 177 25 Nicholsonians
1582 1057 35 23 for
1630 1057 112 30 crimping
1753 1057 37 23 the
1802 1058 58 22 emi-

1282 1096 75 26 grants
1369 1090 102 25 destined
1483 1098 25 15 as
1520 1090 37 23 the
1571 1089 71 24 Times
1654 1097 53 23 says
1726 1090 35 23 for
1778 1090 82 23 Auck-

1282 1125 58 23 land.
1376 1125 75 23 There
1472 1123 20 23 is
1513 1123 47 23 also
1580 1130 28 16 an
1629 1123 134 23 elucidation
1783 1123 25 23 of
1822 1123 39 23 the

1282 1158 63 23 mode
1356 1158 24 23 of
1395 1156 137 31 conducting
1543 1156 37 23 the
1592 1156 115 30 Treasury
1719 1156 141 30 department

1282 1191 24 23 of
1331 1191 37 23 the
1389 1191 155 23 Government
1552 1198 6 19 ;
1588 1189 44 23 and
1654 1189 75 30 lastly,
1750 1198 13 14 a
1785 1189 76 30 gentle

1282 1231 101 23 squeeze,
1396 1231 25 16 or
1439 1230 42 15 one
1501 1222 57 23 kind
1575 1230 64 15 move
1661 1223 26 22 of
1702 1222 37 23 the
1757 1222 102 30 Mangle,

1282 1257 33 22 for
1335 1257 37 22 the
1392 1256 148 30 Corporation
1564 1255 23 23 of
1613 1255 148 30 Wellington.
1809 1255 51 23 The

1282 1289 81 24 Editor
1374 1289 99 24 reminds
1486 1296 26 15 us
1526 1288 24 23 of
1559 1296 14 15 a
1582 1288 39 23 lad
1632 1288 49 23 who
1694 1288 119 23 addressed
1824 1288 36 22 his

1282 1322 71 23 father
1363 1322 29 30 by
1406 1322 80 29 saying
1487 1334 32 3 —
1545 1321 49 22 how
1615 1329 36 15 are
1663 1329 45 22 you
1724 1321 37 22 old
1771 1320 89 30 gentle-

1282 1363 58 21 man,
1352 1360 39 18 not
1404 1356 47 22 that
1470 1355 13 22 I
1496 1362 57 20 care,
1566 1354 41 23 but
1627 1353 52 30 only
1699 1353 35 23 for
1755 1353 37 23 the
1804 1353 56 23 sake

1282 1389 24 22 of
1549 1387 31 22 So
1601 1395 52 21 says
1675 1386 38 23 the
1731 1385 96 31 Mangle
1827 1398 34 4 —

1308 1421 36 23 the
1370 1422 57 23 Port
1448 1419 125 24 Nicholson
1590 1419 61 23 folks
1669 1419 76 23 shan't
1765 1426 40 23 say
1828 1426 32 15 we

1282 1454 61 23 don't
1353 1456 74 21 notice
1436 1453 69 27 them,
1517 1452 42 23 but
1571 1460 24 15 as
1607 1456 22 19 to
1638 1451 60 24 what
1707 1459 48 23 way
1764 1459 32 16 we
1808 1459 52 23 may

1282 1487 26 23 do
1320 1496 25 14 so
1356 1488 20 22 is
1388 1485 142 25 immaterial.

1342 1547 41 23 We
1396 1555 37 15 are
1442 1546 92 30 grieved
1546 1551 21 18 to
1579 1546 53 22 hear
1644 1545 57 23 from
1715 1545 47 24 Mr.
1776 1544 82 24 Crura-

1281 1588 54 21 mer,
1348 1580 47 23 who
1417 1579 86 24 arrived
1522 1579 118 30 yesterday
1656 1578 105 30 morning
1779 1579 23 22 in
1820 1578 38 23 the

1282 1613 100 28 Thomas,
1395 1611 111 32 (coaster)
1518 1612 44 23 and
1573 1612 78 30 brings
1663 1611 38 23 the
1715 1611 67 23 latest
1798 1619 61 15 news

1281 1647 24 21 of
1331 1646 56 23 Port
1411 1645 126 24 Nicholson
1567 1644 154 31 proceedings,
1745 1644 48 23 that
1822 1644 38 23 the

1280 1678 106 31 Bombay,
1399 1687 26 15 so
1435 1678 55 30 long
1502 1677 105 31 expected
1620 1677 52 23 here
1689 1677 51 22 with
1761 1685 94 23 passen-

1280 1720 51 22 gers
1344 1712 69 23 direct
1420 1712 34 22 for
1465 1711 45 23 this
1523 1711 69 30 place,
1604 1711 41 22 has
1647 1723 32 3 —
1680 1710 30 30 by
1718 1710 37 23 the
1762 1710 98 31 cajolery

1281 1745 24 22 of
1320 1745 36 22 the
1367 1745 117 31 Company
1484 1757 31 3 —
1518 1744 69 23 found
1605 1743 40 23 her
1660 1751 49 21 way
1729 1748 22 18 to
1770 1743 88 23 Nelson

1281 1778 42 22 an'l
1336 1778 78 23 thence
1425 1783 19 17 to
1454 1777 56 23 Port
1517 1776 132 24 Nicholson.
1687 1776 49 22 The
1744 1781 115 26 prospects

1282 1811 24 22 of
1320 1811 36 22 the
1380 1811 99 31 weeping
1501 1811 122 29 emigrants
1646 1817 28 15 ou
1698 1809 57 22 their
1778 1810 82 22 arrival

1280 1844 56 22 have
1348 1844 55 22 been
1416 1843 102 30 reported
1531 1847 21 18 to
1565 1851 34 20 us,
1618 1843 40 22 but
1669 1850 33 15 we
1715 1842 26 23 do
1754 1847 38 18 not
1804 1843 56 22 wish

1281 1880 22 19 to
1315 1884 39 22 say
1373 1877 67 23 much
1458 1884 60 22 upon
1539 1876 36 23 the
1593 1880 79 18 matter
1687 1875 35 23 till
1733 1875 38 23 the
1783 1879 77 19 return

1280 1910 25 22 of
1320 1910 34 22 his
1377 1909 138 29 Excellency
1540 1909 36 22 the
1601 1908 125 27 Governor,
1746 1907 56 29 who,
1825 1916 33 15 we

1280 1943 109 29 sincerely
1411 1943 66 29 hope,
1507 1941 43 23 will
1574 1941 55 22 have
1653 1941 57 22 done
1731 1941 127 30 something

1280 1976 105 21 essential
1414 1976 34 22 for
1470 1974 38 22 the
1532 1973 85 22 mutual
1639 1974 108 21 interests
1769 1973 24 21 of
1820 1973 38 22 the

1282 2007 136 30 Company's
1429 2005 137 31 dependents
1579 2005 43 22 and
1634 2005 36 22 the
1682 2005 174 22 untrammelled

1280 2039 105 22 colonists
1398 2040 26 22 of
1439 2039 44 22 this
1494 2042 51 26 part
1556 2039 25 21 of
1595 2037 38 22 the
1646 2037 86 22 Island.
1780 2037 22 22 It
1815 2038 19 21 is
1847 2045 13 14 a

1280 2072 102 29 pleasure
1395 2077 23 18 to
1430 2071 42 23 add
1484 2072 49 21 that
1545 2070 75 29 nearly
1641 2078 13 14 a
1671 2077 63 15 score
1754 2070 24 22 of
1793 2070 66 22 cabin

1280 2112 133 23 passengers
1435 2105 35 22 for
1489 2103 122 24 Auckland
1630 2110 52 22 may
1701 2103 28 22 be
1752 2103 106 30 expected

1280 2138 63 22 when
1356 2138 36 23 the
1408 2136 95 30 Bombay
1524 2143 61 16 come
1607 2143 28 16 on
1635 2148 32 4 —
1668 2143 26 16 as
1715 2135 39 24 ihe
1773 2136 87 30 shortly

1280 2171 47 22 will
1340 2171 34 23 do.
1376 2183 34 5 —
1412 2169 81 24 Times.

1337 2204 42 23 We
1390 2205 58 30 hope
1460 2203 37 23 the
1508 2203 117 23 Governor
1632 2202 45 23 will
1687 2207 39 18 not
1734 2203 28 23 be
1771 2202 88 24 detain-

1280 2237 27 23 ed
1315 2237 54 31 long
1380 2244 52 16 over
1444 2237 38 22 the
1494 2236 63 23 affair
1569 2240 22 18 at
1602 2235 131 30 Tauranga.
1769 2235 43 23 We
1821 2244 39 15 are

1280 2270 74 30 happy
1366 2275 22 18 to
1400 2270 75 27 know,
1492 2277 28 15 on
1539 2269 58 30 good
1616 2268 120 30 authority,
1755 2268 49 23 that
1821 2268 38 24 the

1280 2303 120 24 ostensible
1423 2310 98 24 purpose
1541 2302 25 22 of
1580 2301 35 23 his
1635 2301 159 31 Excellency's
1806 2303 54 21 visit

1280 2336 20 23 is
1312 2340 22 19 to
1346 2336 66 23 make
1424 2343 62 16 some
1498 2339 167 26 arrangements
1679 2331 53 26 with
1745 2335 36 22 the
1801 2334 57 24 New

1281 2369 99 23 Zealand
1392 2369 124 29 Company,
1529 2367 30 30 by
1569 2367 72 23 which
1660 2367 38 23 the
1719 2368 100 30 energies
1837 2368 26 23 of

1280 2402 38 23 the
1338 2402 113 23 Colonists
1472 2406 22 17 at
1512 2400 62 30 large
1591 2408 52 22 may
1661 2400 29 23 be
1702 2401 158 23 concentrated

1280 2435 35 23 for
1325 2442 60 16 some
1397 2433 74 25 useful
1484 2441 104 24 purpose.
1625 2433 50 23 Our
1687 2433 136 31 neighbours
1836 2439 24 17 at

1281 2468 139 31 Wellington
1437 2467 44 22 and
1501 2466 86 23 Nelson
1605 2474 36 15 are
1651 2466 94 31 looking
1755 2467 53 22 with
1821 2467 37 23 the

1281 2506 84 18 utmost
1382 2500 100 32 possible
1502 2500 90 30 anxiety
1604 2499 35 23 for
1650 2499 36 23 his
1699 2499 159 31 Excellency's

1282 2534 87 23 arrival.
1418 2533 49 24 The
1482 2533 84 22 brazen
1584 2532 66 23 mask
1664 2533 74 22 which
1750 2533 40 23 has
1801 2533 57 23 been

1282 2574 61 16 worn
1360 2575 24 15 so
1402 2567 55 29 long
1475 2567 19 21 is
1513 2566 121 22 somewhat
1645 2566 99 28 relaxed,
1757 2566 44 23 and
1813 2567 45 22 will

1282 2600 85 31 shortly
1388 2600 41 23 fall
1447 2599 33 23 off
1500 2599 130 31 altogether,
1640 2606 4 5 •
1654 2599 102 31 shewing
1767 2600 91 22 terrible

1282 2633 70 23 blank
1362 2633 97 23 features
1470 2632 104 23 beneath.
1616 2632 49 22 The
1686 2632 60 22 truth
1764 2633 28 27 is,
1811 2632 48 23 that

1282 2667 94 29 nothing
1397 2665 54 28 real,
1476 2674 25 14 as
1519 2670 23 18 to
1559 2665 149 23 colonization
1729 2666 24 21 in
1773 2666 85 23 Cook's

1282 2700 26 22 Sf
1311 2700 61 27 raits,
1384 2700 41 22 has
1442 2698 58 23 been
1518 2698 56 23 done
1592 2703 24 18 at
1634 2698 27 23 all
1671 2707 7 19 ;
1698 2698 45 23 and
1764 2699 96 30 nothing

1282 2732 40 23 but
1334 2733 37 22 the
1381 2733 63 30 large
1456 2731 89 23 monied
1553 2731 81 31 capital
1645 2731 24 23 of
1685 2731 37 23 the
1733 2732 124 30 Company,

1282 2766 43 22 and
1346 2766 36 22 the
1406 2765 136 30 Company's
1563 2765 78 30 dupes,
1663 2764 42 23 has
1726 2764 51 24 held
1799 2766 61 22 them

1282 2799 101 29 together
1405 2806 25 15 so
1448 2797 62 31 long,
1534 2798 96 22 situated
1649 2805 25 15 as
1687 2797 53 31 they
1755 2806 45 21 are,
1813 2799 22 22 in
1848 2807 13 14 a

1282 2832 63 29 place
1357 2832 82 30 utterly
1449 2831 59 22 unfit
1519 2830 35 23 for
1566 2839 43 22 any
1620 2839 98 22 purpose
1730 2839 61 15 more
1802 2832 57 22 last-

1282 2865 39 29 ing
1331 2865 54 22 than
1398 2873 13 15 a
1420 2863 83 30 fishing
1514 2865 91 23 station.
1652 2863 35 24 It*
1693 2865 22 22 is
1726 2864 73 31 hoped
1811 2865 50 22 that

1283 2897 37 24 the
1332 2897 117 24 Governor
1460 2897 46 23 will
1525 2896 67 24 make
1611 2905 61 15 some
1692 2901 168 26 arrangements

1282 2935 22 18 to
1317 2938 56 23 open
1385 2931 38 23 the
1433 2930 50 23 rich
1495 2930 87 23 district
1594 2930 24 23 of
1633 2929 37 23 the
1690 2930 107 29 Thames,
1817 2929 44 23 and

1282 2963 52 24 then
1347 2964 36 23 the
1397 2962 94 31 Colony,
1504 2963 124 30 beginning
1641 2970 23 15 as
1677 2963 18 22 it
1707 2963 70 30 ought
1791 2968 22 17 to
1832 2963 28 22 do

1282 2997 52 22 with
1348 3005 12 15 a
1371 2996 97 24 suitable
1481 2995 98 31 Capital,
1591 2995 88 23 backed
1690 3003 31 23 up
1733 2995 29 30 by
1774 3003 14 15 a
1798 2995 63 30 large

1281 3030 107 23 available
1400 3028 146 32 agricultural
1557 3033 101 25 country,
1670 3028 47 23 will
1728 3035 28 23 go
1768 3028 91 23 a-head.

1282 3061 29 24 In
1331 3063 38 23 the
1388 3062 129 27 meantime,
1542 3068 31 16 we
1594 3060 74 24 advise
1687 3060 39 23 the
1747 3060 113 32 Welling-

1282 3096 87 22 tonians
1392 3100 39 18 not
1453 3098 23 19 to
1507 3093 88 31 quarrel
1619 3101 82 23 among
1726 3094 135 23 themselves

1282 3129 66 22 about
1360 3128 58 23 their
1430 3128 148 29 corporation.
1622 3126 50 24 The
1684 3127 109 31 borough,
1806 3128 19 22 if
1843 3129 18 22 it

1282 3162 115 22 continues
1409 3167 42 17 one
1463 3164 24 18 at
1496 3160 38 28 all,
1546 3159 45 24 will
1603 3167 56 16 soon
1673 3160 29 23 be
1714 3160 47 23 like
1774 3161 87 24 Gatton

1282 3202 24 16 or
1427 3205 33 5 —
1460 3192 60 24 Ibid.

1341 3227 49 24 The
1414 3226 103 24 Colonial
1541 3226 155 23 Government
1722 3226 53 24 here
1803 3227 58 24 have

1281 3260 96 23 hitherto
1388 3259 146 32 perpetrated
1543 3259 30 23 all
1584 3267 93 15 manner
1686 3260 25 22 of
1726 3260 93 31 injuries
1831 3261 30 31 by

1281 3293 38 23 the
1327 3298 141 26 peremptory
1481 3292 115 31 authority
1609 3292 24 23 of
1648 3292 38 23 the
1699 3293 119 31 Secretary
1837 3295 26 22 of

1282 3326 71 29 State,
1366 3326 72 23 which
1450 3325 43 24 left
1503 3325 61 24 them
1581 3333 30 15 no
1629 3325 132 24 alternative
1778 3326 41 24 but
1838 3331 22 19 to

1281 3359 27 23 do
1320 3367 25 15 so
1354 3368 6 19 ;
1380 3359 45 23 and
1435 3358 53 31 they
1499 3358 56 23 have
1567 3358 90 23 refused
1668 3363 23 18 to
1703 3365 101 24 promote
1816 3368 45 23 any

1280 3392 108 23 remedies
1400 3391 73 24 which
1486 3391 58 23 their
1560 3390 59 25 local
1637 3392 132 30 experience
1788 3394 73 30 might

1281 3430 92 26 suggest
1390 3433 25 15 or
1433 3432 98 23 approve
1532 3436 33 5 —
1566 3424 94 24 because
1680 3425 54 31 they
1752 3425 56 24 have
1831 3434 29 15 no

1281 3458 112 31 authority
1407 3462 21 19 to
1440 3462 37 17 act
1494 3456 94 24 without
1605 3458 155 25 instructions.
1806 3459 55 24 And

1281 3491 45 23 this
1348 3491 37 23 the
1403 3498 44 23 pay
1467 3489 49 24 that
1528 3489 38 24 the
1576 3495 105 26 propects
1693 3491 26 23 of
1733 3500 13 15 a
1764 3492 95 32 Colony,

1281 3532 24 15 as
1314 3524 124 31 promising
1449 3523 23 23 in
1484 3523 30 23 all
1525 3523 30 22 its
1564 3523 112 24 materials
1685 3532 25 15 as
1719 3532 50 15 ever
1778 3526 82 30 graced

1281 3557 37 23 the
1329 3563 92 17 coronet
1432 3556 25 22 of
1472 3556 38 23 the
1529 3556 89 29 Queen,
1637 3557 42 23 has
1702 3557 57 24 been
1779 3559 81 23 sullied

1280 3590 43 23 and
1336 3589 122 32 degraded.

1338 3623 50 23 Our
1400 3623 118 23 Governor
1527 3622 6 24 !
1543 3622 5 24 !
1560 3622 6 24 !
1583 3622 42 24 has
1641 3623 70 23 taken
1722 3623 93 25 himself
1830 3625 34 23 off

1280 3656 93 23 without
1390 3655 107 30 officially
1515 3656 85 30 stating
1621 3656 50 30 why
1687 3665 25 14 or
1728 3657 130 29 wherefore,

1280 3690 42 22 and
1334 3690 24 22 in
1370 3689 37 23 the
1420 3696 66 16 mean
1498 3688 53 23 time
1565 3688 39 23 has
1621 3690 129 30 suspended
1761 3690 38 24 the
1812 3691 47 23 dis-

1280 3723 141 23 bursements
1444 3721 25 23 of
1493 3721 36 23 the
1554 3721 81 24 Crown
1658 3723 146 30 expenditure
1824 3724 35 23 till

1280 3756 33 23 his
1325 3759 86 24 return,
1423 3755 31 29 by
1465 3754 75 23 which
1549 3755 142 23 contrivance
1703 3763 13 15 a
1724 3756 52 23 debt
1787 3761 21 19 to
1820 3757 38 23 the

1280 3789 123 23 tradesmen
1414 3787 43 24 and
1468 3787 77 23 others
1556 3787 22 23 in
1589 3787 38 23 the
1638 3792 67 25 town,
1722 3789 25 22 of
1761 3790 97 31 perhaps

1280 3821 55 24 little
1346 3822 46 23 less
1404 3821 54 23 than
1467 3824 40 19 ten
1525 3820 112 24 thousand
1653 3821 96 30 pounds,
1767 3823 46 23 will
1830 3823 28 24 be

1280 3862 39 16 run
1332 3863 37 23 up,
1382 3853 110 31 although
1503 3853 38 24 the
1553 3854 84 31 parties
1646 3862 38 15 are
1694 3854 165 33 industriously

1280 3888 124 32 dependent
1426 3895 61 22 upon
1509 3886 59 24 their
1590 3887 61 30 daily
1673 3889 128 23 avocations
1823 3889 36 23 for

1280 3921 56 24 their
1347 3921 60 31 daily
1414 3919 70 25 bread
1492 3928 7 20 ;
1512 3920 44 23 and
1568 3920 28 24 all
1607 3920 45 23 this
1665 3921 67 23 while
1751 3921 37 25 the
1806 3921 52 24 loan

1891 132 25 22 of
1930 132 119 29 £15,000,
2063 132 73 24 raised
2147 134 24 22 in
2183 132 91 31 Sydney
2284 140 28 16 on
2326 133 37 23 the
2378 139 51 26 part
2445 137 26 23 of

1886 163 42 24 'the
1941 164 159 30 Government,
2112 166 45 23 and
2165 165 71 24 which
2245 165 45 23 will
2301 170 48 19 cost
2358 168 109 30 certainly

1891 201 38 18 not
1940 197 45 23 less
1997 197 54 24 than
2062 199 95 27 £2,200
2169 199 34 23 for
2223 199 141 30 contracting
2379 200 25 27 it,
2425 200 43 24 lies

1891 229 76 28 intact,
1978 229 94 24 without
2083 231 109 31 anything
2202 231 73 23 better
2286 231 55 23 than
2361 234 106 28 personal
2474 251 2 6 .

1891 262 104 30 security,
2009 262 33 23 till
2054 263 37 23 the
2100 264 102 30 pleasure
2215 271 24 16 or
2259 264 117 23 otherwise
2396 265 24 22 of
2430 266 38 22 the

1893 294 73 24 Home
1978 295 153 24 Government
2149 297 102 23 sanction
2263 304 25 16 or
2300 296 132 32 disapprove
2444 299 28 22 of

1891 327 37 22 the
2108 341 32 5 —
2142 328 60 25 Ibid.

1948 360 49 23 The
2006 360 66 24 Land
2082 361 51 23 Sale
2145 362 54 23 took
2218 362 62 31 place
2299 370 29 15 on
2346 362 121 32 Thursday

1890 393 104 30 morning
2001 393 52 28 last,
2066 394 42 22 and
2120 394 58 23 sales
2190 402 58 15 were
2267 395 94 23 effected
2382 396 29 30 by
2427 396 40 24 the

1891 424 153 24 Government
2051 427 126 23 auctioneer
2187 431 22 19 to
2220 428 38 22 the
2266 433 93 18 amount
2366 428 24 23 of
2399 429 70 23 about

2020 457 61 24 Ibid.

1922 490 23 24 A
1957 499 55 23 copy
2024 491 25 23 of
2063 492 37 22 the
2110 492 51 23 fifth
2173 493 82 23 annual
2265 498 77 26 report
2359 494 26 23 of
2401 494 6 12 '
2415 495 53 24 The

1890 523 143 31 Aborigines'
2046 524 130 23 Protection
2194 525 106 31 Society,'
2312 527 121 31 published
2444 528 25 23 in

1889 556 96 23 London
1996 557 25 22 in
2032 556 56 31 May
2098 556 52 25 last.
2176 559 4 11 '

2082 589 63 23 New
2167 590 134 25 Zealand.

1948 622 64 23 Your
2024 623 125 23 committee
2161 623 44 23 feel
2217 624 129 30 convinced,
2360 626 57 23 from
2429 627 39 23 the

1888 655 112 31 impartial
2012 655 43 23 and
2073 660 102 19 accurate
2187 656 144 25 information
2345 658 55 31 they
2411 659 58 24 have

1888 688 107 28 received,
2009 688 47 23 that
2070 688 20 23 if
2105 696 51 15 ever
2168 697 14 15 a
2198 690 76 23 nation
2294 691 26 22 of
2335 690 134 25 barbarians

1889 721 65 23 could
1966 721 26 23 be
2006 721 91 23 rescued
2107 722 58 23 from
2175 722 57 23 their
2244 722 98 32 helpless
2352 725 115 29 situation,

1889 754 42 23 and
1943 754 57 23 from
2009 754 36 23 the
2057 755 89 23 baneful
2155 755 111 24 influence
2274 756 26 23 of
2309 756 158 31 colonization,

1889 787 41 23 and
1950 787 26 23 be
1995 788 101 23 destined
2114 793 23 18 to
2156 788 124 24 contradict
2298 789 38 24 the
2351 790 118 25 fallacious

1889 819 81 31 dogma
1993 821 26 22 of
2039 821 36 22 the
2099 829 120 23 necessary
2241 824 175 23 extermination
2446 824 25 23 of

1891 853 103 22 coloured
2013 861 51 15 men
2084 854 29 30 by
2131 854 123 30 European
2274 856 137 29 settlement,
2432 856 38 24 the

1889 885 56 23 New
1964 885 137 24 Zealanders
2120 894 38 15 are
2180 887 49 22 that
2251 888 77 23 nation
2336 897 6 19 ;
2369 892 18 19 a'
2399 890 71 23 result

1888 925 57 23 your
1966 918 132 23 Committee
2121 919 120 30 especially
2264 921 128 30 anticipate,
2411 923 58 23 from

1889 950 37 23 the
1950 950 51 29 fact,
2018 951 49 23 that
2084 951 37 23 the
2145 952 56 23 New
2224 952 137 25 Zealanders
2384 963 38 15 are
2440 963 30 16 an

1889 983 144 30 agricultural
2049 984 86 31 people,
2157 984 44 24 and
2212 987 143 23 accustomed
2369 992 22 18 to
2407 988 62 24 fixed

1888 1016 144 24 habitations.
2068 1017 46 23 But
2126 1017 54 31 they
2191 1026 44 21 are,
2249 1023 23 19 at
2282 1019 39 23 the
2333 1028 62 15 same
2407 1021 62 28 time,

1890 1049 107 31 perfectly
2009 1057 71 16 aware
2091 1050 47 23 that
2151 1051 44 23 this
2205 1051 124 31 advantage
2339 1060 53 15 over
2404 1053 68 24 other*

1889 1082 124 26 barbarous
2025 1091 62 15 races
2098 1084 19 22 is
2129 1084 26 22 of
2164 1092 28 15 no
2204 1085 65 26 avail,
2282 1085 21 22 if
2314 1093 14 15 a
2338 1086 132 31 sufficiency

1889 1115 25 22 of
1922 1115 53 23 land
1992 1116 21 23 is
2025 1121 38 18 not
2075 1116 93 23 secured
2189 1122 21 17 to
2227 1117 61 22 them
2306 1125 29 15 on
2347 1126 14 15 a
2371 1119 99 24 uniform,

1889 1149 106 30 principle
2009 1150 24 22 of
2049 1157 108 20 reserves,
2170 1150 59 22 alike
2249 1150 125 31 applicable
2393 1156 22 18 to
2430 1152 37 24 the

1889 1181 63 23 lands
1971 1182 25 23 of
2013 1182 160 28 Government,
2193 1183 25 22 of
2232 1182 38 23 the
2289 1183 57 23 New
2369 1184 101 25 Zealand

1890 1214 123 31 Company,
2033 1215 44 22 and
2100 1216 24 21 of
2145 1215 84 30 private
2253 1216 143 30 purchasers.
2431 1218 36 24 As

1889 1247 37 23 the
1937 1252 58 18 most
2009 1247 51 23 vital
2072 1248 63 30 point
2147 1247 117 30 therefore,
2277 1249 23 22 in
2311 1248 76 25 future
2399 1250 70 31 legis-

1888 1280 76 28 lation,
1984 1284 60 19 must
2063 1280 27 23 be
2107 1280 109 31 regarded
2232 1280 49 24 that
2300 1282 24 23 of
2339 1283 37 23 the
2395 1285 74 23 native

1889 1313 119 23 territorial
2025 1312 80 31 rights.
2142 1313 37 23 No
2197 1318 36 19 act
2246 1315 24 22 of
2286 1315 38 23 the
2336 1316 131 30 legislature

1889 1344 40 23 has
1947 1353 24 14 as
1990 1350 38 26 yet
2046 1346 116 30 appeared,
2176 1348 84 30 setting
2271 1348 59 23 forth
2342 1349 38 23 the
2392 1350 75 23 inten-

1888 1379 59 22 tions
1955 1378 23 23 of
1984 1379 154 23 Government
2149 1380 121 31 regarding
2281 1382 75 24 native
2367 1390 102 17 reserves

1889 1411 23 22 in
1924 1411 37 23 the
1973 1411 98 24 districts
2079 1412 123 30 purchased
2214 1413 30 31 by
2253 1414 36 23 the
2296 1414 58 24 local
2365 1416 105 23 Govern-

1888 1449 62 17 ment
1962 1445 24 22 of
2002 1445 56 23 New
2070 1446 107 23 Zealand.
2213 1446 51 24 The
2278 1449 156 29 appointment
2446 1450 25 23 of

1889 1477 46 23 Mr.
1957 1477 109 24 Halswell
2084 1487 24 14 as
2129 1487 13 14 a
2162 1479 176 24 Commissioner
2353 1482 25 22 of
2393 1483 75 22 native

1888 1510 64 22 lands
1963 1510 30 31 by
2005 1511 37 23 the
2055 1511 54 23 New
2123 1512 100 23 Zealand
2237 1512 125 32 Company,
2376 1514 40 23 has
2429 1520 40 18 not

1888 1543 110 30 produced
2020 1544 36 23 the
2075 1545 107 30 expected
2201 1545 117 24 beneficial
2333 1547 78 29 result,
2423 1548 44 29 for,

1888 1583 28 15 on
1925 1577 36 22 the
1971 1577 81 23 arrival
2064 1577 25 23 of
2098 1577 48 23 that
2154 1578 128 30 gentleman
2292 1580 24 22 in
2326 1579 37 23 the
2372 1580 95 32 Colony,

1888 1609 27 22 he
1928 1617 43 15 was
1981 1610 117 23 restricted
2110 1615 23 18 to
2152 1611 57 23 Port
2220 1611 133 30 Nicholson,
2366 1613 44 23 and
2421 1619 21 18 to
2455 1623 14 14 a

1889 1649 117 17 nominal
2018 1644 113 27 situation,
2145 1652 25 14 as
2190 1644 181 24 Sub-Protector
2383 1647 25 22 of
2418 1647 48 23 that

1888 1675 92 29 district,
2006 1676 70 23 under
2098 1677 37 22 the
2162 1677 76 23 orders
2265 1678 24 22 of
2315 1678 47 23 Mr.
2388 1680 77 28 Clark,

1889 1708 37 23 the
1946 1709 203 29 Chief-Protector,
2168 1711 118 30 appointed
2305 1711 29 30 by
2347 1712 120 24 Governor

1921 1791 69 24 What
2010 1800 13 15 a
2042 1793 87 30 piteous
2152 1794 47 22 face
2217 1794 38 23 the
2280 1795 81 23 Editor
2381 1795 25 24 of
2430 1797 33 23 the

1888 1824 118 23 Auckland
2027 1825 74 23 Times
2122 1826 56 23 alias
2200 1825 100 33 Mangle
2321 1833 61 18 must
2409 1829 54 24 have

1888 1858 74 22 drawn
1987 1866 28 14 on
2039 1859 91 31 reading
2153 1860 48 23 that
2225 1860 36 23 the
2289 1861 110 31 Bombay,
2423 1863 40 23 had

1888 1890 69 23 sailed
1969 1891 33 22 for
2015 1891 132 31 Valparaiso
2163 1894 23 21 in
2209 1893 89 28 ballast,
2320 1894 44 23 and
2385 1901 38 17 not
2444 1901 19 17 to

1887 1923 121 23 Auckland
2021 1924 51 22 with
2088 1933 12 13 a
2112 1933 63 15 score
2194 1925 24 23 of
2234 1927 64 23 cabin
2319 1935 143 23 poss°ngers.

1889 1955 58 23 Poor
1959 1956 71 23 fellow
2039 1957 5 22 !
2065 1957 47 22 how
2124 1966 32 14 we
2176 1959 46 27 pity
2242 1958 54 23 him.
2316 1960 48 21 .In
2378 1962 85 28 writing-

1888 1988 24 22 of
1928 1988 54 23 Port
1994 1988 123 23 Nicholson
2129 1988 109 29 however,
2253 1997 31 14 we
2296 1990 77 23 advise
2385 1991 45 23 him
2445 1998 18 16 to

1888 2019 125 23 endeavour
2032 2020 19 22 if
2077 2021 106 29 possible,
2206 2026 23 18 to
2252 2026 57 19 state
2333 2023 38 22 the
2394 2025 68 23 truth.

1888 2052 137 31 Wellington
2038 2054 18 21 is
2070 2054 84 23 formed
2166 2054 29 30 by
2205 2059 79 19 nature
2293 2056 34 22 for
2338 2058 125 31 something

1889 2085 70 23 better
1979 2086 54 23 than
2051 2094 13 14 a
2078 2086 87 31 fishing
2184 2089 90 22 station.
2316 2089 41 23 We
2375 2090 65 23 think
2453 2100 10 13 a

1888 2126 93 22 squeeze
1994 2120 23 21 in
2029 2119 34 22 his
2077 2127 45 15 own
2138 2119 102 31 Mangle,
2251 2120 50 30 just
2317 2126 21 19 to
2351 2130 112 24 compress

1889 2151 33 23 his
1936 2152 68 28 ideas,
2019 2152 71 22 would
2109 2153 86 30 greatly
2218 2153 83 24 benefit
2322 2155 37 23 the
2380 2157 83 30 worthy

1889 2184 89 24 Editor.

1921 2235 50 23 The
1981 2236 84 30 barque
2077 2236 134 31 Indemnity,
2224 2246 45 15 was
2288 2239 81 24 hauled
2389 2247 27 16 on
2428 2241 35 23 the

1888 2267 43 32 slip
1943 2270 125 29 yesterday,
2082 2270 33 23 for
2128 2270 38 23 the
2182 2279 97 23 purpose
2299 2272 25 23 of
2338 2273 68 30 being
2418 2273 45 23 tho-

1887 2302 94 30 roughly
1992 2303 108 30 repaired.
2136 2303 44 23 We
2197 2304 76 23 advise
2292 2313 41 15 our
2343 2306 85 23 friends
2441 2313 21 16 to

1888 2334 52 24 visit
1960 2335 45 23 Kai
2028 2335 86 29 Warra,
2136 2336 35 23 for
2192 2337 52 31 they
2261 2338 43 22 will
2324 2343 40 19 not
2383 2339 80 31 always

1888 2367 55 24 have
1955 2368 36 24 the
2004 2369 82 23 chance
2102 2369 24 23 of
2142 2371 78 29 seeing
2237 2378 25 15 so
2280 2371 63 31 large
2362 2380 13 15 a
2392 2373 71 23 vessel

1888 2406 40 17 out
1940 2401 24 22 of
1978 2406 77 17 water.

1920 2452 42 23 We
1974 2453 42 22 call
2027 2454 108 22 attention
2144 2458 22 18 to
2174 2462 13 15 a
2197 2454 128 32 paragraph
2336 2456 23 23 in
2372 2456 89 24 another

1888 2485 95 29 column,
1995 2487 126 30 respecting
2140 2494 13 16 a
2172 2495 52 15 cure
2242 2487 35 23 for
2296 2488 48 24 that
2364 2489 97 24 dreadful

1887 2519 105 22 affliction
1994 2531 32 4 —
2027 2519 122 24 blindness.
2185 2520 35 23 As
2231 2520 38 23 the
2281 2523 116 29 operation
2408 2524 19 22 is
2439 2531 22 15 so

1887 2552 86 30 simple,
2001 2560 94 22 persons
2122 2553 85 30 having
2234 2553 85 24 friends
2346 2555 115 32 labouring

1887 2585 70 22 under
1968 2585 55 22 such
2035 2593 13 14 a
2060 2586 111 30 calamity,
2185 2587 70 29 ought
2268 2592 22 17 to
2303 2588 77 23 attend
2392 2594 22 18 to
2427 2589 34 23 the

1887 2618 145 30 prescription
2044 2626 24 15 as
2081 2619 100 30 speedily
2192 2627 24 15 as
2229 2620 107 30 possible.

1920 2672 42 23 We
1975 2673 72 22 notice
2065 2673 53 22 with
2136 2674 141 23 satisfaction
2297 2675 38 23 the
2347 2675 117 31 departure

1888 2705 25 23 of
1927 2705 37 23 the
1978 2703 82 26 Maori
2077 2705 75 24 Davis
2169 2707 33 22 for
2222 2707 123 32 Wyderop,
2363 2710 102 30 carrying

1889 2738 37 23 the
1938 2740 124 22 remainder
2073 2739 24 23 of
2112 2739 47 23 Mr.
2173 2740 91 23 Wade's
2284 2741 98 32 whaling
2393 2747 71 26 party,

1889 2771 43 23 and
1943 2776 72 19 stores
2032 2773 35 22 for
2087 2773 36 22 the
2143 2774 91 23 station.
2272 2774 48 24 Mr.
2337 2774 72 24 Wade
2427 2775 38 23 has

1889 2804 62 24 three
1962 2806 72 22 boat's
2046 2814 68 15 crews
2136 2806 44 23 and
2200 2807 36 23 six
2248 2807 65 23 boats
2326 2813 23 17 at
2361 2808 104 29 Palliser,

1889 2838 42 23 and
1948 2839 95 28 intends,
2065 2847 31 14 we
2112 2839 94 29 believe,
2228 2839 81 24 should
2330 2841 37 23 the
2388 2849 77 16 season

1888 2879 67 22 prove
1973 2872 130 28 successful,
2124 2876 24 18 to
2171 2880 52 15 man
2247 2873 37 23 the
2307 2874 65 22 other
2394 2875 71 23 boats.

1889 2904 40 22 All
1940 2912 32 14 we
1988 2912 40 22 say
2040 2911 28 15 on
2088 2904 36 23 the
2143 2905 87 29 subject
2250 2906 27 27 is,
2291 2906 49 23 that
2359 2915 33 15 we
2410 2912 55 19 trust

1890 2936 46 23 Mr.
1950 2936 72 23 Wade
2033 2936 44 23 and
2088 2937 29 22 all
2129 2936 64 24 other
2204 2938 128 30 gentlemen
2346 2940 50 23 who
2410 2940 54 24 have

1889 2969 43 23 had
1944 2969 35 23 the
1992 2977 94 23 courage
2098 2974 22 18 to
2142 2975 63 18 enter
2217 2971 47 23 into
2283 2971 38 23 the
2342 2972 123 25 hazardous

1889 3003 87 29 pursuit
1995 3003 26 22 of
2044 3003 105 30 whaling,
2173 3011 51 23 may
2248 3004 26 23 be
2295 3006 114 24 rewarded
2431 3007 34 22 for

1889 3035 58 23 their
1959 3035 90 24 ill-luck
2060 3035 44 24 last
2115 3044 62 23 year.

1990 3100 192 24 CORONER'S
2201 3101 161 25 INQUEST.

1923 3157 38 24 On
1973 3158 113 31 Tuesday,
2106 3158 38 24 the
2157 3161 54 21 21st
2227 3160 94 28 instant,
2341 3168 30 15 an
2381 3161 86 30 inquest

1889 3199 44 16 was
1946 3191 51 24 held
2008 3197 21 18 at
2039 3192 36 23 the
2086 3192 150 30 Highlander,
2250 3192 76 23 before
2333 3194 61 22 John
2406 3194 60 23 Fitz-

1889 3225 84 30 gerald,
1981 3225 81 28 M.D.,
2072 3225 106 28 Coroner,
2187 3225 42 22 and
2237 3233 14 15 a
2257 3227 140 29 respectable
2404 3227 61 30 Jury,
2474 3230 2 7 '

1889 3265 28 16 on
1938 3259 55 22 view
2005 3258 25 23 of
2047 3258 37 23 the
2096 3257 58 31 body
2171 3258 26 22 of
2216 3256 89 25 Parata
2326 3258 94 32 Wanga,
2441 3267 25 15 an

1888 3291 134 31 Aboriginal
2049 3291 72 22 native
2147 3290 80 23 named
2246 3290 77 30 Ratia,
2342 3292 55 23 alias
2423 3293 42 23 Kai

1889 3324 97 28 Karoro,
1999 3332 14 15 a
2024 3324 72 22 native
2109 3322 90 24 Ohaua.

1922 3357 49 23 The
1982 3357 114 30 following
2114 3357 21 21 is
2154 3364 14 15 a
2179 3357 132 24 translation
2325 3359 25 23 of
2366 3359 37 24 the
2421 3359 42 23 evi-

1889 3390 68 23 dence
1968 3389 97 31 brought
2077 3389 94 23 forward
2182 3398 5 15 :
2189 3402 33 4 —

1922 3423 49 23 The
1987 3423 142 23 information
2143 3423 25 23 of
2185 3423 20 23 E
2218 3423 61 29 Kiri,
2298 3432 29 16 an
2345 3424 119 32 aboriginal

1889 3457 73 22 native
1973 3456 24 23 in
2010 3456 36 23 the
2059 3456 86 23 district
2153 3456 25 23 of
2188 3456 55 24 Port
2255 3457 134 30 Nicholson,
2401 3458 63 23 taken

1889 3489 42 24 and
1944 3489 171 31 acknowledged
2131 3496 29 16 on
2172 3489 78 24 behalf
2259 3491 24 23 of
2292 3498 41 16 our
2344 3491 119 31 Sovereign

1889 3523 64 31 Lady
1961 3523 36 23 the
2008 3523 87 28 Queen,
2108 3523 108 31 touching
2226 3523 37 24 the
2272 3524 67 23 death
2351 3525 25 23 of
2385 3525 78 24 Parata

1889 3556 94 31 Wanga,
1997 3564 28 15 an
2037 3556 125 30 aboriginal
2173 3557 75 22 native
2261 3557 25 23 of
2295 3557 57 23 New
2361 3556 101 29 Zealand,

1888 3594 23 19 at
1922 3589 37 23 the
1971 3590 70 22 house
2053 3589 26 23 of
2088 3589 99 24 Duncan
2198 3589 93 29 Frazer,
2302 3590 83 24 known
2394 3592 28 29 by
2429 3590 33 23 the

1888 3623 50 30 sign
1950 3622 24 24 of
1983 3622 38 24 the
2033 3622 152 32 Highlander,
2195 3623 25 22 in
2232 3623 37 23 the
2282 3623 88 24 district
2377 3624 24 23 of
2410 3623 50 24 Port

1888 3655 131 29 Nicholson,
2037 3663 29 16 on
2077 3655 37 24 the
2126 3655 60 24 20th
2197 3655 42 31 day
2251 3656 26 23 of
2292 3656 89 30 March,
2394 3658 22 22 in
2427 3656 35 23 the

1887 3697 53 23 year
1951 3689 24 23 of
1986 3696 41 16 our
2038 3689 63 23 Lord
2112 3696 42 16 one
2166 3688 111 24 thousand
2289 3690 62 30 eight
2364 3688 95 25 hundred

1888 3723 41 22 and
1941 3722 143 30 forty-three,
2102 3722 75 25 before,
2189 3729 43 21 me,
2254 3722 62 23 John
2328 3721 130 33 Fitzgerald,

1888 3755 78 28 M.D.,
1979 3756 101 22 Coroner
2086 3755 33 23 for
2131 3755 39 23 the
2182 3754 48 23 said
2240 3754 95 30 district,
2349 3764 29 15 on
2389 3763 27 16 an
2428 3756 31 22 in-

1887 3789 104 31 quisition
2004 3788 54 23 then
2070 3788 42 23 and
2124 3788 63 23 there
2199 3787 69 24 taken
2280 3796 29 15 on
2323 3789 53 23 view
2388 3789 25 23 of
2425 3788 33 22 the

1888 3822 57 29 body
1955 3821 25 23 of
1995 3821 85 23 Parata
2096 3821 96 30 Wanga,
2211 3828 27 15 an
2251 3821 123 32 aboriginal
2390 3820 68 24 native

1887 3855 25 22 of
1927 3854 55 23 New
1994 3854 106 29 Zealand,
2118 3853 55 24 then
2190 3853 44 23 and
2245 3853 63 24 there
2326 3855 63 30 lying
2400 3851 57 26 dead.

1886 3887 59 24 This
1960 3887 122 24 informant
2099 3895 28 15 on
2147 3886 50 24 oath
2218 3887 58 23 saith
2295 3884 60 33 (Mr.
2376 3887 82 29 George

1888 3921 82 23 Clarke
1986 3921 69 29 being
2065 3928 73 16 sworn
2150 3919 159 32 Interpreter,)
2327 3920 13 23 I
2351 3920 65 23 knew
2426 3918 33 23 the

578 45 95 44 Z\)t
697 44 118 41 wrtto
840 43 209 42 ZeaiatiU
1075 42 188 47 «Kat?itt*
1287 44 91 40 anb
1402 43 301 46 vmtHinqton
1726 40 248 49 Stptttatox.

154 132 242 23 GOVERNMENT
424 132 139 33 NOTICE.

308 168 73 21 Police
392 167 75 25 Office,
478 167 142 27 Wellington,

360 194 79 22 March
449 195 33 25 10,
494 195 60 21 1843.

150 226 111 21 Annual
275 225 146 26 Licensing
434 225 132 27 Meeting.

70 260 145 48 NOTICE
238 260 28 22 IS
290 259 126 22 HEREBY
439 258 108 27 GIVEN,
568 259 47 21 that
635 266 12 13 a

151 286 98 21 General
268 286 98 25 Meeting
385 285 26 21 of
429 285 96 21 Justices
540 285 25 21 of
584 285 63 26 Petty

70 313 105 26 Sessions,
187 313 75 26 acting
275 313 23 20 in
314 312 43 20 and
372 311 34 21 for
415 311 37 21 the
462 311 86 21 district
560 311 24 21 of
598 311 51 21 Port

69 339 128 27 Nicholson,
208 339 44 21 will
261 339 27 20 be
299 337 49 22 held
365 341 22 17 at
403 337 42 21 this
456 337 69 21 Office
536 345 29 13 on
580 337 67 21 Tues-

69 365 49 28 day,
131 366 36 21 the
183 365 50 22 18th
247 365 42 26 day
304 365 26 20 of
342 363 72 28 April,
425 365 59 24 1843,
497 367 22 17 to
534 364 51 21 take
601 363 45 21 into

69 391 158 22 consideration
240 391 54 21 such
308 391 141 26 applications
464 389 35 21 for
509 389 102 22 Licenses
625 396 23 14 as

68 425 46 19 may
123 420 50 18 have
183 419 47 19 been
239 417 72 26 lodged
318 418 51 19 with
381 423 32 13 me
429 423 25 13 on
469 422 25 14 or
504 417 68 24 before
584 418 62 19 Tues-

68 446 46 24 day,
123 445 35 21 the
169 445 38 21 4th
217 444 42 25 day
266 443 26 22 of
299 444 63 26 April
371 447 59 19 next,
442 443 71 21 under
525 443 122 27 provisions

70 471 25 21 of
108 471 36 21 the
155 471 44 21 Act
209 471 25 21 of
241 471 96 25 Council,
349 472 13 20 2
374 469 104 26 Victoria,
490 469 43 22 No.
545 469 100 28 XVIII.,

68 498 26 21 of
103 499 60 20 1838.

284 523 94 21 Alfred
393 522 27 22 R.
436 523 122 25 Chetham,

334 548 66 22 Clerk
409 548 26 21 of
443 549 62 26 Petty
514 548 105 22 Sessions.

70 594 193 23 BOROUGH
292 593 47 22 OF
367 593 278 22 WELLINGTON.

242 647 94 21 Public
365 647 105 21 Notice.

68 680 94 49 ANY
187 680 120 22 PERSON
331 680 97 21 desirous
451 680 25 21 of
497 680 86 26 cutting
603 680 44 21 and

133 708 100 26 carrying
244 714 60 18 away
313 707 89 22 Timber
412 714 25 14 or
443 706 134 22 Brushwood
586 706 61 27 lying

67 741 23 14 or
106 734 104 26 standing
226 741 28 13 on
270 741 43 19 any
322 734 24 21 of
364 734 36 21 the
416 734 54 21 lines
480 733 25 21 of
519 733 38 21 the
567 734 80 21 Streets

66 760 75 22 within
151 760 37 22 the
198 760 47 21 said
257 760 109 26 Borough,
378 767 25 14 or
412 767 59 19 upon
482 759 62 22 those
557 762 58 25 parts
626 760 24 20 of

66 787 38 21 the
111 787 77 21 Public
197 786 96 22 Reserve
304 794 23 13 as
337 793 50 19 may
395 786 28 21 be
435 789 31 18 set
475 790 40 17 out
523 786 35 21 for
565 786 80 25 Roads,

66 817 59 18 must
143 813 66 26 apply
224 816 23 17 to
263 813 41 22 the.
318 813 68 21 Town
404 812 71 22 Clerk.
505 812 39 21 All
558 819 89 21 persons

64 839 70 22 found
145 840 90 24 cutting,
247 839 99 26 carrying
362 846 68 20 away,
442 847 23 13 or
480 840 115 20 otherwise
609 839 38 21 da-

65 866 92 26 maging
166 873 24 13 or
200 866 127 26 destroying
336 865 38 22 the
380 872 66 19 same,
454 866 57 21 after
517 865 43 22 this
567 866 78 26 notice,

65 891 92 22 without
167 892 70 26 leave,
249 891 45 22 will
303 892 27 22 be
344 892 131 27 prosecuted
491 892 119 27 according
626 896 21 17 to

63 918 50 21 law.

361 946 58 21 Geo.
435 945 91 26 White,

461 972 68 21 Town
545 971 71 22 Clerk.

94 998 73 21 Dated
178 998 49 21 10th
238 998 86 26 March,
336 1000 60 20 1843.

65 1043 60 20 Sale
141 1042 31 21 of
183 1043 77 20 Land
274 1042 29 21 in
318 1043 44 20 the
372 1043 105 20 Nelson
488 1043 159 20 Settlement

226 1069 31 20 of
275 1071 67 18 New
357 1070 128 20 Zealand.

66 1101 125 49 TOWN,
208 1102 286 27 ACCOMMODATION,
511 1103 19 20 &
540 1102 106 21 RURAL

139 1128 99 21 Sections
254 1129 26 20 of
294 1129 63 21 Land
372 1129 33 21 for
423 1129 49 21 Sale
492 1129 30 26 by
540 1129 104 25 Auction,

63 1158 24 18 at
105 1154 91 25 Nelson,
212 1155 65 26 being
297 1155 35 21 the
351 1155 127 21 remainder
501 1156 25 20 of
548 1155 36 21 the
607 1157 40 20 200

63 1181 137 22 Allotments
224 1182 114 26 originally
362 1181 102 22 reserved
487 1182 35 21 for
547 1182 99 21 Colonial

62 1207 138 28 purchasers.

89 1234 47 22 The
153 1235 69 21 above
238 1234 135 22 Allotments
388 1235 80 21 consist
478 1235 26 21 of
518 1235 61 21 three
596 1236 51 21 Sec-

62 1261 65 24 tions,
139 1261 41 21 viz.
183 1272 24 4 —
212 1261 49 21 One
273 1262 57 20 Acre
340 1262 26 20 of
378 1262 69 21 Town
458 1261 71 27 Land,
539 1263 28 20 50
577 1262 69 21 Acres

63 1287 26 21 of
102 1288 114 21 Suburban
234 1287 70 26 Land,
325 1288 44 21 and
388 1289 40 21 150
447 1289 71 21 Acres
538 1289 26 21 of
579 1289 67 21 Rural

63 1314 71 22 Land.
162 1314 48 22 The
225 1314 99 22 Sections
341 1318 21 18 to
379 1315 27 21 be
422 1318 39 23 put
471 1322 30 19 up
518 1316 127 27 separately,

63 1341 56 21 after
129 1341 42 21 due
182 1341 79 26 notice,
274 1344 22 18 to
308 1341 42 21 suit
360 1341 137 27 purchasers,
508 1346 23 17 at
545 1349 27 14 an
583 1346 63 23 upset

62 1368 67 26 price,
141 1368 120 26 according
277 1370 22 18 to
313 1368 56 21 their
379 1369 115 20 estimated
504 1368 71 27 value,
587 1372 21 18 to
618 1369 27 21 be

63 1394 93 21 decided
166 1402 59 19 upon
236 1395 29 26 by
277 1394 36 22 the
322 1395 131 27 Company's
459 1395 77 27 Agent
547 1395 99 27 previous

63 1423 21 19 to
96 1421 36 21 the
144 1421 58 21 Sale.

89 1447 70 26 Many
175 1447 27 21 of
218 1447 62 21 these
299 1448 98 21 Sections
416 1447 57 22 have
493 1448 57 22 been
566 1449 79 21 chosen

62 1474 68 25 early,
143 1473 44 22 and
202 1481 36 13 are
255 1478 101 22 amongst
371 1474 36 22 the
423 1475 48 21 best
485 1475 23 21 in
525 1476 37 20 the
572 1476 73 21 settle-

63 1504 66 17 ment.
158 1500 48 22 The
221 1501 199 21 Accommodation
437 1501 52 21 land
499 1501 19 22 is
533 1502 112 27 generally

62 1527 76 21 within
152 1528 27 20 20
197 1527 62 21 miles
270 1527 26 21 of
308 1527 35 21 the
353 1527 77 26 Town,
447 1528 44 21 and
506 1532 58 18 most
574 1529 24 21 of
608 1529 37 21 the

63 1553 99 21 Sections
172 1560 38 14 are
221 1553 117 21 accessible
351 1557 21 17 to
383 1561 12 14 a
406 1554 60 27 dray,
478 1562 25 13 or
514 1555 55 21 have
579 1559 66 18 water

63 1580 187 22 communication
261 1584 23 17 to
292 1580 77 22 within
380 1588 12 13 n
403 1581 60 21 short
473 1581 105 23 distance.

254 1614 100 21 Arthur
369 1614 149 28 Wakefield,

127 1640 55 23 New
193 1640 99 23 Zealand
303 1641 132 27 Company's
445 1642 108 21 Resident
563 1644 79 26 Agent,

337 1667 93 22 Nelson.

90 1689 80 26 March
181 1695 32 25 14,
226 1695 60 20 1843.

109 1738 268 21 ROWLAND'S
405 1739 193 26 ODONTO,

338 1778 37 19 OR,

142 1823 4 5 v
191 1803 103 22 PEARL
318 1804 197 27 DENTIFRICE,

62 1838 41 47 A
131 1838 100 20 WHITE
249 1838 132 26 POWDER,
394 1839 27 24 of
434 1840 94 19 Oriental
536 1841 69 20 Herbs
622 1841 24 20 of

142 1864 36 21 the
200 1868 57 17 most
266 1866 111 25 delightful
379 1866 124 26 fragrance.
504 1878 27 4 —
534 1867 22 21 It
574 1867 69 21 eradi-

63 1894 59 18 cates
134 1892 77 20 Tartar
221 1891 43 21 and
275 1892 96 27 decayed
383 1893 64 26 Spots
456 1894 57 21 from
524 1894 37 21 the
572 1896 69 24 Teeth,

63 1924 111 24 preserves
183 1918 38 21 the
230 1919 93 26 Enamel,
334 1919 43 21 and
387 1920 55 21 fixes
453 1919 36 22 the
500 1922 63 19 Teeth
572 1922 71 26 firmly

63 1950 21 15 in
94 1944 56 22 their
157 1945 93 26 sockets,
258 1945 119 27 rendering
384 1946 60 21 them
452 1948 108 26 delicately
568 1949 74 20 White.

63 1970 73 27 Being
158 1979 27 13 an
211 1972 187 26 Anti-Scorbutic,
423 1973 17 20 it
462 1975 121 21 eradicates
607 1975 36 21 the

63 1997 85 26 Scurvy
158 2001 57 18 trom
232 1997 36 22 the
281 1999 67 24 Gums,
363 2000 135 25 strengthens,
513 2002 75 24 braces,
600 2002 43 20 «nd

63 2023 89 21 renders
162 2023 61 21 them
238 2025 26 20 of
276 2032 13 13 a
297 2024 88 27 healthy
396 2026 50 22 red;
460 2028 17 19 it
486 2033 100 16 removes
601 2035 39 14 un-

63 2048 99 26 pleasant
181 2052 66 18 tastes
262 2050 55 22 from
336 2051 36 21 the
388 2052 85 27 mouth,
491 2053 72 22 which
583 2054 58 21 often

62 2075 85 22 remain
158 2076 56 21 after
230 2076 78 27 fevers,
320 2077 76 27 taking
412 2079 116 27 medicine,
540 2081 46 25 &c,
599 2081 43 21 and

63 2101 91 28 imparts
163 2110 14 14 a
186 2103 111 26 delightful
303 2105 116 25 fragrance
430 2109 21 18 to
461 2106 37 21 the
508 2106 85 22 breath.

131 2136 62 22 Price
203 2138 30 20 2s.
245 2138 36 21 9d.
291 2145 38 20 per
337 2138 52 28 box,
402 2139 53 27 duty
465 2139 113 23 included.

63 2171 50 22 B§P°
130 2170 126 22 Notice—
257 2171 46 22 The
320 2172 70 22 Name
402 2173 43 22 and
459 2173 101 23 Address
570 2175 25 21 of
605 2175 36 22 the

284 2198 140 28 Proprietors,

63 2228 27 20 A.
111 2228 152 21 ROWLAND
279 2230 18 27 Sf
312 2231 64 24 SON,
391 2232 34 26 20,
445 2233 82 20 Halton
554 2234 85 25 Garden,

310 2258 91 21 London.

64 2293 38 15 are
112 2288 111 26 engraved
233 2295 28 15 on
271 2288 37 22 the
320 2289 148 23 Government
477 2292 84 27 Stamp,
572 2293 70 20 which

63 2313 18 21 is
92 2314 75 26 pasted
180 2322 27 14 on
219 2315 37 21 the
434 2317 43 22 and
517 2319 93 21 Odonto

64 2339 45 22 also
116 2341 92 27 printed,
221 2341 24 22 in
261 2343 43 25 red,
316 2350 25 13 on
360 2343 35 21 the
411 2343 107 28 Wrapper
531 2345 24 21 in
574 2346 68 21 which

64 2366 37 22 the
112 2367 100 27 Kalydor
222 2369 18 20 is
250 2369 108 21 enclosed.

90 2401 110 21 Beware
219 2402 30 21 of
262 2403 181 21 Counterfeits
452 2404 4 21 !
465 2404 5 21 !
487 2406 116 26 composed
619 2406 26 21 of

64 2426 37 21 the
112 2432 57 17 most
178 2429 123 25 pernicious
311 2429 44 21 and
365 2430 73 27 trashy
448 2431 140 28 ingredients,
601 2433 41 21 and

64 2453 72 22 which
147 2461 37 14 are
199 2455 123 27 frequently
332 2458 88 25 pressed
437 2464 59 20 upon
506 2458 37 21 the
554 2466 89 20 unwary

63 2480 72 21 under
144 2480 37 23 the
191 2481 47 22 lure
250 2482 26 21 of
282 2483 55 25 being
347 2484 70 26 cheap.

84 2513 33 21 Be
127 2520 48 16 sure
186 2518 22 18 to
219 2515 38 22 ask
268 2517 33 21 for
330 2518 158 22 Rowland's
522 2520 101 21 Articles.

64 2547 52 22 Sold
123 2548 29 27 by
158 2556 67 20 exery
234 2550 125 23 Perfumer
365 2552 44 21 and
419 2553 119 22 Medicine
546 2555 96 22 Vender

167 2575 133 28 throughout
310 2578 34 21 the
356 2579 100 21 civilized
466 2581 77 21 world.

87 2618 36 18 The
134 2619 77 18 FIRST
219 2621 186 19 PRODUCTIONS
416 2624 19 17 in
449 2625 29 17 the
488 2625 93 18 WORLD
588 2627 36 21 for

64 2648 54 20 The
129 2649 102 21 HAIR!
248 2651 54 20 The
313 2652 101 21 SKIN!!
430 2653 55 21 The
495 2654 146 22 TEETH!!!

229 2700 248 25 ROWLAND'S

150 2731 283 23 MACASSAR
470 2736 94 25 OIL,

193 2772 14 14 A
222 2772 129 15 VEGETABLE
366 2774 152 16 PRODUCTION.

66 2797 91 47 THE
168 2797 53 28 only
230 2799 76 21 article
321 2799 47 21 that
377 2801 108 26 produces
495 2803 44 21 and
553 2807 91 19 restores

113 2823 92 27 HAIR;
214 2825 46 21 also
267 2826 375 30 WHISKERS.MUSTACHIOS,

64 2849 44 21 and
119 2850 191 29 EYE-BROWS;
324 2859 104 21 prevents
435 2856 57 19 Hair
499 2856 57 23 from
566 2857 78 27 falling

64 2876 34 21 off
103 2883 24 14 or
137 2878 89 27 turning
241 2886 53 19 grey
306 2883 21 17 to
341 2880 38 21 the
396 2881 63 22 latest
467 2884 78 26 period
562 2884 24 21 of
593 2884 49 27 life;

65 2903 94 27 changes
169 2911 54 20 grey
233 2905 49 21 hair
292 2910 21 18 to
324 2907 26 21 its
361 2907 92 27 original
470 2917 116 15 colour—
588 2911 56 22 frees

63 2933 17 17 it
96 2930 55 22 from
162 2929 65 28 scurf,
239 2933 43 21 and
299 2933 76 22 makes
389 2934 18 21 it
421 2935 129 26 beautifully
562 2938 79 23 SOFT,

64 2956 110 29 CURLY,
192 2959 43 21 and
254 2959 123 22 GLOSSY.
407 2961 26 21 In
445 2962 96 28 dressing
541 2954 100 36 -HAIR!

63 2986 17 18 it
95 2984 66 27 keeps
171 2985 17 21 it
198 2985 47 21 firm
262 2986 22 22 in
296 2987 36 21 the
348 2988 53 24 curl,
412 2989 116 27 uninjured
546 2991 29 27 by
584 2992 60 26 damp

63 3012 96 25 weather,
177 3013 94 20 crowded
286 3020 72 18 rooms,
375 3015 37 21 the
428 3016 68 23 dance,
520 3025 24 13 or
563 3020 21 19 in
606 3019 37 21 the

64 3038 96 21 exercise
169 3040 24 20 of
200 3041 76 25 riding.
305 3041 31 21 To
344 3042 103 27 Children,
455 3044 17 20 it
482 3044 19 21 is
510 3044 131 28 invaluable,

64 3070 23 14 a3
106 3064 18 21 it
137 3064 47 27 lays
204 3074 13 13 a
231 3067 131 22 foundation
381 3069 35 20 for
434 3077 13 13 a
466 3070 178 23 BEAUTIFUL

65 3089 89 23 HEAD
170 3092 39 21 OF
225 3093 88 22 HAIR.

92 3124 42 21 ON
150 3125 208 29 PURCHASING,
374 3129 118 26 (Beware
511 3131 31 21 of
556 3132 88 20 Coun-

64 3151 105 21 terfeits
179 3152 5 21 !
193 3152 16 26 !)
228 3153 39 22 ask
286 3154 32 21 for
364 3155 135 23 Rowland's
520 3157 124 23 Macassar

65 3178 44 21 Oil
131 3188 26 4 —
160 3178 44 21 and
223 3187 36 14 see
280 3180 45 22 that
341 3182 64 21 those
424 3183 70 21 words
509 3191 37 14 are
564 3192 27 14 on
607 3186 37 21 the

65 3204 113 27 envelope,
188 3206 50 21 with
250 3206 37 22 the
297 3208 115 26 Signature
422 3209 42 21 and
471 3210 106 27 Address,
586 3212 56 26 thus,

92 3238 28 21 A.
132 3238 159 24 ROWLAND
302 3241 20 21 &
332 3242 65 26 SON,
408 3244 33 25 20,
450 3243 85 22 Hatton
546 3245 96 27 Garden,

328 3268 101 23 London.

163 3299 190 28 Counter-signed,
366 3302 92 22 ALEX.
474 3303 168 25 ROWLAND.

91 3324 34 22 To
141 3332 78 15 ensure
233 3326 38 21 the
289 3329 92 24 genuine
398 3329 82 27 article,
496 3337 35 15 see
547 3331 48 22 that
607 3335 37 19 the

64 3352 62 21 word
160 3353 118 20 Rowland's
297 3355 107 21 Macassar
421 3357 33 19 Oil
485 3364 38 14 are
533 3365 111 20 engraven

64 3385 29 14 on
104 3378 37 21 the
151 3378 56 23 back
220 3380 25 21 of
253 3380 36 21 the
300 3382 106 27 envelope
423 3383 76 27 nearly
511 3385 53 21 1500
574 3385 69 27 times,

64 3405 130 27 containing
203 3407 76 26 29,028
289 3407 99 22 letters—
391 3416 106 16 without
515 3418 52 14 this
584 3419 60 15 none

65 3439 21 14 IS
102 3439 110 15 GENUINE.

64 3463 63 22 Price
137 3465 31 20 3s.
179 3463 37 22 6d.
223 3472 5 18 ;
242 3464 31 22 75.
280 3472 6 18 ;
302 3465 86 28 Family
405 3467 90 28 Bottles,
508 3469 137 28 (containing

90 3491 50 21 four
149 3491 81 26 small,)
238 3492 44 20 10s.
292 3491 42 28 6d.,
346 3492 43 22 and
400 3493 80 23 double
492 3495 47 22 that
549 3496 43 21 size
598 3498 45 21 21s.

90 3524 40 19 per
139 3517 78 22 bottle.

301 3563 106 21 Notice.

63 3597 91 49 ALL
169 3597 95 21 Persons
278 3596 104 22 indebted
397 3600 22 18 to
435 3597 38 22 the
487 3599 155 28 undersigned,

128 3623 22 22 J.
158 3623 97 25 Scijoles,
263 3630 36 14 are
307 3624 115 26 requested
431 3627 21 18 to
460 3632 44 19 pay
512 3625 38 22 the
557 3632 87 17 amount

62 3651 25 21 of
99 3651 56 21 their
174 3650 85 21 several
275 3650 61 21 debts
350 3653 22 18 to
391 3651 44 21 Mr.
452 3650 68 27 King,
536 3653 106 28 Solicitor,

62 3677 49 21 who
121 3678 19 21 is
149 3676 128 23 authorised
286 3677 28 27 by
324 3684 35 14 me
369 3680 22 18 to
401 3677 86 22 receive
502 3679 37 21 the
550 3686 66 16 same.

366 3727 3 3 .
471 3704 22 22 J.
510 3705 106 23 SCHOLJJS.

265 3750 39 20 To
319 3749 32 21 be
369 3749 73 24 Sold,

63 3787 8 14 r
80 3787 9 16 I
98 3781 60 22 iWO
179 3782 151 25 substantially
343 3782 59 22 built
419 3782 102 22 Wooden
541 3783 99 28 Houses,

70 3803 29 27 JL
137 3808 77 22 situate
233 3809 23 21 in
277 3809 201 27 Mulgrave-street.
515 3810 43 21 For
575 3812 67 26 parti-

63 3834 78 26 culars,
151 3835 66 27 apply
227 3839 22 17 to

204 3862 90 21 Messrs.
310 3863 99 21 Brewer
424 3862 20 22 &
458 3862 154 29 Blathwayt,

303 3888 108 23 Manners
428 3889 78 23 Street.

89 3913 79 23 March
178 3914 32 26 17,
223 3915 59 21 1843.

748 130 103 27 Selling
866 130 46 21 off!
927 130 119 21 without
1058 135 105 16 reserve
1173 130 5 21 !

677 163 89 48 MR.
783 163 216 22 FITZHERBERT
1013 163 44 21 will
1064 162 40 22 sell
1113 163 29 26 by
1150 163 103 27 Auction,

766 197 28 14 on
813 189 103 28 Tuesday
931 192 59 23 next,
1006 193 24 17 at
1048 189 50 21 half
1110 194 49 22 past
1177 189 77 22 twelve

835 216 91 24 o'clock,
937 219 23 18 at
969 215 34 21 his
1014 216 79 25 Stores,

736 247 73 22 THE
836 247 122 22 STOCK
986 246 42 21 IN
1055 247 135 26 TRADE,

675 273 118 27 consisting
810 273 79 27 chiefly
904 274 24 21 of
943 273 115 27 groceries,
1075 273 26 21 of
1112 280 14 14 a
1139 277 63 24 party
1219 280 35 14 re-

675 301 67 26 tiring
752 300 55 21 from
816 300 107 21 business.

867 339 74 14 TERMS
957 338 26 15 AT
999 337 62 15 SALE.

701 363 80 22 March
791 363 32 26 25,
835 364 61 20 1843.

752 408 38 20 To
805 408 188 26 Storekeepers
1008 408 55 20 and
1079 408 98 22 others,

675 442 50 46 A
753 441 82 27 CASE,
860 441 99 22 directed
986 443 23 19 to
1035 440 35 22 the
1099 440 152 28 undersigned,

753 468 82 25 having
850 467 84 22 arrived
950 468 23 20 in
987 466 39 22 the
1036 468 74 25 Agnes,
1122 468 24 20 of
1157 468 93 26 Sydney,

674 494 23 21 in
713 494 80 26 charge
809 494 24 21 of
845 494 44 21 Mr.
900 493 98 27 Bidwell,
1016 501 123 19 passenger,
1150 494 23 21 in
1190 494 66 26 May,'

674 520 40 22 but
723 520 18 21 is
751 528 48 14 now
810 520 90 27 missing
907 528 5 18 ;
928 520 44 21 and
981 520 47 22 also
1037 527 13 14 a
1056 520 134 26 Theodolite,
1202 527 50 19 sup-

674 546 68 27 posed
753 550 21 18 to
784 547 27 21 be
820 546 123 22 forwarded
952 547 55 21 from
1018 546 89 28 Sydney
1117 554 40 16 per
1166 548 84 25 Skerne,

675 573 66 22 about
750 573 36 22 the
796 580 58 15 same
866 573 59 22 time.

703 600 52 26 Any
780 600 142 21 information
950 600 92 22 relative
1069 603 23 18 to
1119 600 38 22 the
1182 600 69 22 above

673 626 109 27 packages
792 626 43 21 will
842 626 30 21 be
883 626 126 28 thankfully
1018 626 101 22 received
1128 627 30 26 by
1202 633 3 8 '

796 657 26 22 G.
838 658 29 21 D.
884 658 142 27 Babinoton,

863 692 25 14 or
901 687 22 19 to

795 716 89 22 Messrs.
901 716 75 27 Hort,
992 716 121 28 Mocatta,
1129 718 43 22 and
1186 718 37 22 Co.

929 748 31 21 Te
974 749 47 20 Aro
1037 748 55 21 Flat.

702 781 78 21 March
790 783 32 24 23,
834 782 61 21 1843.

688 826 64 19 Live
767 825 73 27 Pigs,
855 832 48 20 per
996 827 74 20 John

676 858 89 48 THE
790 859 69 21 above
880 859 44 21 will
945 859 27 21 be
995 859 101 28 disposed
1119 861 26 21 of
1164 861 21 22 in
1209 868 44 20 any

748 885 99 26 number,
863 885 58 22 from
936 893 42 14 one
994 889 24 19 to
1036 887 64 27 forty,
1117 887 24 22 in
1153 888 62 21 order
1230 892 22 17 to

675 911 42 21 suit
736 911 134 21 mechanic's
889 911 47 23 and
953 912 80 27 others,
1054 916 23 18 at
1096 913 37 22 the
1152 915 55 26 price
1229 914 26 22 of

675 937 61 22 three
746 945 68 20 pence
823 937 133 29 half-penny
965 946 39 20 per
1014 939 83 27 pound.

755 971 73 28 Apply
838 974 22 19 to

903 998 73 28 Hort,
993 1000 120 27 Mocatta,
1129 1002 44 21 and
1187 1002 37 22 Co.

701 1029 80 21 March
790 1031 32 25 24,
835 1031 60 21 1843.

817 1076 117 21 Wanted
949 1078 28 19 to
992 1078 121 25 Borrow,

676 1106 113 47 FROM
802 1107 47 22 £40
865 1111 22 18 to
902 1109 53 25 £80,
972 1108 35 22 for
1022 1108 70 22 which
1108 1110 25 20 15
1148 1117 38 19 per
1195 1113 55 19 cent,

746 1134 45 21 will
808 1134 27 21 be
854 1136 73 25 given,
947 1136 30 26 by
986 1143 14 13 a
1014 1135 39 21 bill
1067 1143 60 19 upon
1142 1137 109 26 England,

675 1167 24 14 or
707 1162 27 20 20
744 1167 39 20 per
792 1163 55 19 cent,
859 1169 59 20 upon
932 1162 36 22 the
979 1165 98 23 amount,
1093 1162 21 21 if
1127 1165 21 19 to
1164 1163 26 21 be
1201 1163 52 28 paid

674 1189 22 21 in
717 1190 42 21 this
779 1190 83 27 Colony
883 1189 75 21 within
978 1190 25 19 15
1025 1188 95 22 months.
1149 1190 21 21 A
1190 1190 60 22 Land

675 1216 71 21 Order
753 1217 25 21 of
785 1216 58 27 early
851 1216 75 22 choice
932 1216 22 21 in
962 1216 126 26 Wanganui
1098 1216 43 21 will
1151 1216 27 22 be
1188 1216 63 27 given

674 1250 23 14 as
711 1243 102 27 security.
843 1243 53 26 Any
905 1242 60 27 reply
976 1246 22 17 to
1016 1242 27 21 be
1058 1242 118 22 addressed
1192 1248 19 16 to
1223 1243 28 21 A.

674 1269 60 27 8.C.,
745 1274 22 16 at
778 1270 35 20 the
823 1270 71 21 Office
905 1269 24 21 of
937 1269 42 21 this
990 1276 75 20 paper.

701 1301 79 22 March
792 1302 32 25 24,
837 1302 61 20 1843.

903 1346 116 21 Observe
1026 1346 5 21 !

676 1380 70 48 ON
762 1380 83 25 SALE,
858 1382 23 18 at
891 1379 35 21 the
937 1380 74 20 Stores
1019 1379 25 21 of
1051 1379 37 21 the
1098 1379 153 27 undersigned,

752 1407 92 26 Raisins,
854 1406 108 25 almonds,
973 1405 43 22 and
1023 1406 94 21 walnuts
1127 1406 25 20 of
1159 1405 95 28 superior

674 1433 90 27 quality,
777 1433 49 21 with
844 1441 12 13 a
872 1432 75 22 choice
964 1432 104 22 selection
1086 1432 24 22 of
1117 1432 76 27 cigars,
1208 1432 44 24 and

672 1461 110 25 groceries
793 1460 25 21 of
824 1466 67 19 every
902 1459 138 26 description.

889 1491 32 20 M.
937 1491 89 26 Asher,
1040 1491 186 27 Lambton-quay.

742 1535 105 22 ANTED
861 1535 41 21 TO
917 1535 164 21 PURCHASE
1092 1535 61 22 FOR
1163 1536 86 26 CASH,

769 1562 49 21 half
829 1569 24 14 or
868 1569 14 14 a
897 1565 88 24 quarter
1002 1569 50 14 acre
1068 1562 25 21 of
1106 1561 53 22 land
1178 1562 22 21 in
1216 1562 37 21 the

673 1588 181 28 neighbourhood
875 1588 26 21 of
922 1588 35 21 the
982 1591 90 24 present
1098 1588 154 23 Police-office.

673 1616 74 28 Apply
757 1619 22 18 to

959 1644 33 19 M.
1008 1644 111 19 Keliiaji.

819 1674 56 22 New
890 1673 98 23 Zealand
1006 1673 132 28 Company's
1149 1674 77 22 Office.

699 1706 79 22 March
789 1706 31 26 17,
834 1708 60 19 1843.

671 1757 67 20 TTTT
771 1756 106 25 SEEAR,
893 1756 138 21 Carpenter
1046 1755 41 21 and
1103 1755 109 27 Builder,
1219 1763 35 13 re-

684 1781 15 23 V
709 1788 11 16 T
743 1793 10 11 •
784 1782 117 27 spectfully
910 1789 129 15 announces
1046 1786 20 17 to
1073 1782 37 21 the
1119 1781 135 22 inhabitants

671 1810 26 20 of
713 1809 52 22 Port.
784 1809 126 25 Nicholson,
930 1809 48 21 that
992 1809 29 21 he
1030 1809 40 21 has
1080 1808 124 27 Completed
1219 1809 34 21 his

671 1844 47 13 new
739 1835 131 27 workshops,
882 1835 43 22 aid
937 1836 18 20 is
974 1842 49 14 now
1042 1835 67 28 ready
1126 1838 22 19 to
1164 1836 49 26 give
1229 1836 24 20 in

670 1863 99 21 Tenders
778 1863 34 21 for
821 1862 37 22 the
870 1862 95 22 erection
976 1862 26 21 of
1009 1862 124 26 Buildings.

698 1894 190 26 Manners-street,
899 1894 30 21 Tc
941 1894 51 26 Aro,
1006 1894 57 21 Nov.
1075 1896 20 19 9.

786 1950 99 20 Notice
901 1951 28 18 to
946 1950 182 20 Subscribers.

672 1983 80 24 Papers
765 1983 46 19 will
821 1983 36 18 not
868 1983 24 18 be
905 1983 46 18 sent
969 1983 21 17 to
1003 1988 89 17 persons
1105 1979 68 28 living*
1186 1984 35 18 out
1231 1983 24 24 of

698 2002 54 28 Port
760 2009 121 23 Nicholson,
899 2011 68 17 unless
981 2011 158 22 arrangements
1149 2016 36 13 are
1195 2011 58 19 made

693 2036 38 23 for
741 2037 35 18 the
781 2037 99 24 payment
891 2037 26 24 of
924 2037 35 19 the
968 2042 64 19 same,
1046 2037 92 24 through
1148 2043 27 13 an
1183 2038 70 24 Agent

697 2065 23 18 at
734 2064 134 23 Wellington.
