3298 6137
114 2221 134 75 The
292 2221 223 75 Lyell
559 2221 267 75 Times.

115 2376 247 39 SATURDAY,
389 2375 271 34 SEPTEMBER
680 2376 29 36 5,
737 2375 88 33 1885.

134 2489 69 35 The
233 2488 154 46 monthly
415 2489 129 44 general
577 2488 208 46 cleaning-up
815 2494 34 29 at

94 2549 55 33 the
187 2547 122 35 United
338 2548 117 44 Alpine
486 2547 128 43 battery
645 2549 75 33 took
758 2550 89 42 place

92 2604 183 44 yesterday,
304 2605 57 32 but
384 2616 36 22 as
450 2605 54 32 the
537 2606 158 42 retorting
722 2618 127 30 process

93 2674 66 21 was
188 2666 58 30 not
275 2662 88 43 quite
393 2661 141 34 finished
566 2662 61 33 last
657 2663 105 42 night,
795 2663 53 34 the

92 2719 109 43 parcel
229 2720 35 32 of
290 2718 74 43 gold
393 2719 64 33 will
486 2724 57 29 not
572 2719 38 33 be
641 2720 94 33 down
766 2723 84 31 until

91 2776 124 44 to-day.
260 2776 68 34 The
359 2778 153 43 quantity
549 2780 32 31 ot
613 2783 93 28 stone
738 2778 111 35 milled

90 2834 118 43 during
224 2834 54 35 the
298 2834 155 44 crushing
475 2835 27 33 is
518 2837 60 33 730
600 2839 83 37 tons,
707 2837 64 33 and
795 2838 54 32 the

88 2892 90 43 yield
194 2892 35 34 of
241 2893 75 44 gold
331 2892 189 41 therefrom,
538 2893 27 33 is
582 2894 155 43 expected
754 2899 33 29 to
810 2895 38 33 be

90 2951 63 33 600
168 2961 129 29 ounces,
317 2951 291 44 (approximative).

134 3008 69 33 The
218 3009 129 42 sittings
363 3010 33 31 of
408 3010 55 32 the
479 3010 89 32 R.M.
593 3010 64 33 and
681 3011 169 33 Warden's

91 3064 120 33 Courts
232 3065 85 32 fixed
333 3065 51 33 for
406 3065 206 45 Wednesday
633 3069 73 39 last,
730 3069 64 32 had
818 3074 32 28 to

93 3119 39 35 be
149 3121 190 44 postponed,
356 3123 108 44 owing
479 3127 33 30 to
530 3123 54 34 the
599 3124 206 44 inclemency
820 3125 33 33 of

92 3178 57 32 the
171 3179 143 32 weather
340 3180 64 31 and
431 3180 55 32 the
509 3182 339 42 next-to-impassable

93 3239 83 30 state
199 3236 35 33 of
253 3236 55 33 the
323 3236 96 34 roads
439 3239 195 42 preventing
651 3239 54 33 the
731 3239 96 42 Magis-

91 3296 84 29 trate
190 3292 85 33 from
294 3293 180 44 travelling.
519 3295 67 33 The
605 3296 114 33 Courts
733 3297 65 33 will
812 3297 36 33 fee

93 3348 75 35 held
185 3354 33 29 at
234 3354 66 37 ten,
316 3350 66 35 this
398 3352 162 44 morning.

132 3406 60 36 We
208 3407 82 36 have
307 3408 146 36 received
469 3422 18 23 a
505 3410 96 35 letter
624 3411 85 34 from
759 3412 89 34 Back

252 3468 73 32 who
352 3469 181 41 complains
558 3471 112 38 about,
698 3472 65 31 and
792 3483 36 21 en-

88 3523 109 43 quires
228 3523 77 44 why
333 3523 80 35 such
444 3524 93 35 short
561 3526 107 34 notice
697 3528 27 33 is
754 3526 94 46 being

88 3579 109 41 given,
234 3580 36 32 of
295 3580 74 39 (ate,
399 3580 35 33 in
470 3583 209 42 announcing
716 3584 130 43 County

90 3635 106 35 works
218 3639 34 31 to
276 3636 37 35 be
328 3639 219 40 constructed,
566 3640 65 33 and
655 3641 54 33 the
726 3641 122 40 closing

87 3691 94 35 dates
205 3693 36 35 of
260 3693 55 35 the
337 3695 177 45 respective
537 3696 131 35 tenders
693 3698 153 35 therefor.

89 3751 34 31 It
135 3751 39 38 is,
191 3753 166 43 certainly,
375 3765 18 20 a
409 3759 121 27 matter
545 3755 35 31 of
592 3757 201 40 importance
816 3763 32 26 to

85 3806 46 37 all
161 3819 42 24 on
230 3808 55 36 the
312 3809 147 36 look-out
480 3810 49 36 for
554 3818 148 30 contract
729 3814 117 40 works,

86 3866 74 33 that
189 3868 111 42 ample
331 3868 80 34 time
441 3869 50 33 for
520 3870 184 43 inspection
731 3873 35 32 of
793 3873 54 33 the

83 3923 129 44 ground
234 3926 64 39 &c,
316 3926 64 34 and
396 3926 48 35 for
459 3928 203 44 compliance
686 3930 80 34 with
791 3931 55 34 the

86 3982 80 34 time
203 3982 191 43 allowance,
439 3996 35 23 as
510 3990 34 30 to
582 3987 196 46 forwarding
816 3989 32 34 of

85 4040 139 45 deposit,
241 4042 64 33 and
323 4043 122 41 tender,
461 4044 118 34 should
592 4046 37 33 be
646 4046 96 44 given
757 4057 6 31 ;
782 4048 65 32 and

84 4100 186 44 especially,
295 4102 93 34 when
404 4114 66 33 any
486 4115 194 33 emergency
704 4106 80 33 such
808 4119 35 21 as

86 4156 65 35 bad
177 4158 154 42 weather,
354 4160 28 34 is
409 4160 101 45 likely
533 4165 33 29 to
590 4161 150 35 interfere
766 4163 79 33 with

88 4215 55 35 the
156 4228 102 23 same.

129 4274 104 34 There
248 4276 28 33 is
291 4280 32 29 to
338 4275 39 35 be
393 4287 19 23 a
427 4276 81 35 total
524 4278 116 43 eclipse
659 4279 35 33 of
707 4278 53 35 the
778 4290 60 23 sun

86 4342 44 21 on
158 4332 208 43 Wednesday
392 4339 89 33 next,
505 4335 54 32 the
584 4336 56 32 9th
671 4335 88 40 inst.,
782 4338 65 31 and

84 4388 110 35 which
223 4389 67 35 will
317 4389 40 36 be
389 4390 111 36 visible
533 4404 35 22 as
598 4393 90 40 such,
720 4394 34 33 in
784 4394 56 34 the

84 4447 157 32 southern
267 4452 71 38 part
363 4448 35 33 of
417 4448 55 33 the
497 4450 104 31 North
628 4451 122 37 Island,
780 4452 65 31 and

87 4503 57 33 the
174 4506 158 31 northern
356 4511 73 37 part
451 4506 35 33 of
514 4506 53 33 the
593 4507 101 32 South
720 4508 125 33 Island.

90 4559 69 35 The
181 4560 100 34 width
306 4560 36 34 of
359 4561 56 34 the
438 4562 91 33 track
552 4562 84 34 from
660 4563 105 34 which
794 4564 53 33 the

87 4619 81 32 total
194 4619 101 42 phase
316 4619 28 33 is
368 4620 123 37 visible,
520 4621 65 31 will
609 4621 37 32 be
672 4629 56 25 not
756 4635 90 20 more

86 4673 83 35 than
194 4676 57 34 103
275 4674 104 41 miles,
403 4676 176 43 extending
603 4688 108 23 across
729 4678 117 35 Cook's

88 4731 128 34 Straits.
263 4732 41 33 At
343 4733 135 39 Nelson,
517 4734 54 32 the
602 4735 119 42 eclipse
761 4747 64 22 com-

86 4801 134 21 mences
246 4796 34 27 at
305 4791 53 32 Gh.
385 4793 86 31 31m.
500 4804 89 24 a.m.,
614 4794 65 31 and
705 4795 82 31 ends
815 4801 33 26 at

88 4844 57 37 Bh.
188 4845 87 35 45m.
334 4846 69 36 The
448 4859 59 23 sun
548 4847 65 35 will
653 4847 38 37 be
735 4850 113 46 totally

88 4904 156 33 obscured
268 4909 34 28 at
323 4906 53 33 7h.
400 4908 86 31 34m.
516 4909 185 42 remaining
728 4922 45 26 so,
799 4911 48 32 for

88 4962 18 31 1
120 4960 128 34 minute
259 4962 62 32 and
337 4963 34 31 11
387 4963 132 33 seconds
539 4974 7 29 ;
565 4963 57 34 but
633 4966 54 32 the
701 4967 130 33 interest-

87 5016 59 45 ing
160 5017 231 44 phenomenon
416 5020 112 41 taking
547 5022 89 42 place
661 5035 34 21 so
709 5024 91 44 early
816 5025 32 32 in

88 5074 57 34 the
168 5076 152 42 morning
342 5076 64 34 and
431 5078 94 33 when
551 5080 53 31 the
629 5091 60 22 sun
715 5082 64 32 will
807 5082 38 33 be

86 5132 66 33 low
168 5133 64 32 and
248 5138 108 39 pretty
371 5135 69 32 well
464 5135 121 35 hidden
606 5138 83 32 from
708 5139 81 32 view
807 5141 41 42 by

88 5189 57 35 the
161 5189 87 42 hills,
265 5191 82 34 little
370 5205 89 21 more
477 5193 80 35 than
574 5195 53 33 the
645 5208 88 22 mere
751 5197 95 34 effect

90 5247 66 33 will
171 5247 38 35 be
225 5247 113 35 visible
354 5254 34 29 at
405 5250 102 44 Lyell.

130 5306 45 33 As
211 5307 66 32 will
307 5308 37 33 be
374 5321 74 20 seen
487 5322 32 20 in
553 5322 58 21 our
648 5311 200 34 advertising

87 5362 161 42 columns,
274 5364 86 34 fresh
385 5365 129 34 tenders
545 5379 53 21 are
623 5367 95 41 being
742 5370 103 32 called

89 5419 51 33 for
163 5420 54 33 the
240 5424 221 31 construction
480 5423 35 32 of
535 5424 138 32 sections
688 5427 19 29 2
730 5426 64 31 and
820 5429 28 34 3,

88 5477 103 43 Eight
219 5478 76 33 Mile
321 5480 90 32 track
440 5480 183 40 extension,
648 5482 64 32 and
743 5483 103 34 which

85 5533 90 34 close
197 5537 34 31 at
252 5536 20 32 4
295 5546 78 33 p.m.
397 5547 42 22 on
465 5536 169 44 Thursday
658 5543 86 28 next.
789 5539 59 33 We

86 5591 82 33 hear
183 5592 72 34 that
271 5605 153 21 someone
441 5595 33 31 in
491 5595 194 33 Charleston
705 5608 66 20 was
788 5597 56 33 the

85 5648 116 36 lowest
217 5649 147 35 tenderer
379 5662 42 22 on
445 5651 54 34 the
516 5650 69 35 first
602 5651 149 35 occasion
767 5663 8 30 ;
802 5666 30 23 re-

86 5711 75 38 port
185 5706 131 43 adding,
342 5707 71 32 that
439 5708 54 32 the
521 5711 122 40 party's
668 5710 103 42 figure
799 5711 48 32 for

84 5763 58 34 the
157 5764 104 34 whole
277 5765 99 40 work,
394 5778 65 21 was
476 5778 88 22 more
582 5766 62 34 like
661 5779 18 22 a
698 5768 84 43 price
796 5769 49 34 for

83 5830 64 22 one
163 5821 133 39 section,
314 5821 80 33 than
412 5822 53 33 the
484 5826 74 30 two.

129 5877 32 33 It
171 5889 65 22 was
248 5878 116 45 during
371 5879 61 34 last
442 5880 175 44 Monday's
627 5880 61 35 bad
700 5882 146 35 weather

83 5940 74 36 that
173 5941 116 45 nearly
306 5941 43 35 all
366 5941 35 36 of
413 5941 54 37 tht
485 5942 137 46 damage
648 5956 63 24 was
729 5945 117 36 caused

82 6002 35 32 to
136 5998 54 35 the
204 6000 90 34 main
311 6000 87 37 road,
417 6001 64 33 and
498 6013 78 29 vary
592 6003 176 38 naturally,
787 6004 54 35 the

867 203 63 35 fact
954 203 69 35 that
1041 213 56 26 not
1119 220 18 19 a
1161 208 115 33 Land's
1295 215 71 27 turn
1395 223 25 22 w
1445 225 13 18 s
1481 211 82 36 dune
1589 216 31 31 in

869 260 52 32 the
939 273 70 30 way
1027 263 35 31 of
1081 275 169 29 removing
1266 278 65 30 any
1353 267 36 32 of
1402 269 53 32 the
1478 269 124 35 obstruc-

868 318 95 37 tions,
980 320 82 32 until
1079 321 73 35 late,
1168 322 181 43 yesterday,
1377 325 55 31 lias
1470 328 148 32 trovokU

869 385 17 21 a
923 375 83 42 good
1036 375 71 34 deal
1137 378 36 33 of
1205 378 98 44 lively
1343 388 177 35 comment,
1559 386 63 32 and

869 431 157 42 certainly
1049 445 17 19 a
1090 435 178 33 somewhat
1294 438 166 34 excusable
1485 448 137 27 ainoujt

869 486 36 35 of
916 488 138 36 warmth
1079 490 35 34 of
1133 494 184 41 expression
1335 508 40 21 on
1401 496 53 35 the
1480 504 87 37 parts
1593 501 34 33 of

871 544 90 32 those
979 546 71 30 who
1067 557 52 22 are
1145 548 97 44 likely
1259 557 31 25 to
1308 550 36 33 be
1364 562 86 22 most
1466 553 155 35 hindered

871 603 141 43 thereby.
1059 605 67 32 The
1159 615 129 34 present
1313 611 128 42 County
1474 624 127 29 arrange-

872 666 106 28 ments
1001 664 105 32 would
1126 674 54 23 not
1197 678 120 30 appear
1333 680 33 21 as
1391 670 168 41 providing
1577 671 28 34 fo

871 720 217 38 emergencies
1125 723 34 30 of
1186 724 52 31 the
1271 724 86 38 kind,
1397 738 32 20 so
1462 729 70 31 that
1572 730 31 31 th

872 791 114 20 sooner
1005 786 225 28 maintenance
1248 789 160 27 contracts
1427 790 44 27 lor
1488 786 117 32 section

872 837 18 31 5
907 835 61 33 and
994 837 17 32 6
1035 837 34 32 of
1083 838 53 31 the
1158 838 76 32 road
1258 850 51 21 are
1336 840 152 38 let,the
1514 842 110 33 better.
1640 835 1 43 ;

873 892 64 32 and
957 894 38 40 by
1012 893 70 32 that
1099 905 111 20 means
1229 896 87 32 there
1342 898 104 31 would
1466 898 34 31 be
1518 910 17 20 a
1556 911 66 20 way

873 948 35 37 of
919 951 218 44 ascertaining
1154 952 106 34 whose
1285 953 147 34 business
1457 955 24 33 it
1505 969 63 20 was
1594 965 29 25 to

874 1008 84 32 clear
988 1009 46 32 off
1055 1009 77 44 slips
1158 1011 62 33 and
1248 1014 92 30 other
1371 1012 193 35 hinlrances
1595 1019 31 29 to

875 1066 112 39 traffic,
1005 1080 34 20 as
1055 1068 76 42 they
1149 1070 105 41 might
1271 1071 89 31 arise.

916 1124 43 31 As
975 1123 26 32 is
1018 1124 171 33 elsewhere
1214 1126 203 38 announced,
1440 1126 49 32 Mr
1514 1127 47 32 W.
1588 1127 35 33 A.

876 1182 92 36 Ellis,
993 1183 147 38 lecturer,
1165 1185 211 41 clairvoyant,
1401 1185 63 33 and
1491 1186 133 33 medical

876 1237 261 44 psychometrist,
1182 1239 64 34 will
1292 1241 70 41 give
1408 1254 59 21 one
1506 1244 32 33 of
1582 1244 48 35 his

876 1297 215 39 entertaining
1109 1298 62 29 and
1188 1298 189 31 instructive
1391 1303 236 37 performances

877 1352 74 35 here
982 1352 63 35 this
1068 1355 149 43 evening.
1264 1355 67 34 The
1365 1369 114 31 papers
1511 1369 31 24 at
1574 1360 52 32 the

876 1409 149 32 different
1073 1411 130 42 leading
1247 1423 123 22 centres
1416 1415 105 32 where
1567 1416 64 32 this

876 1467 184 40 gentleman
1088 1467 58 33 has
1174 1470 171 42 appeared,
1373 1470 40 33 all
1445 1481 82 22 teem
1555 1473 73 32 with

878 1523 54 32 the
956 1523 129 39 highest
1108 1526 175 43 testimony
1300 1540 35 19 as
1360 1536 31 24 to
1416 1527 48 32 ins
1488 1530 120 32 remark-

878 1578 80 36 able,
982 1579 64 32 and
1071 1579 116 34 indeed
1219 1581 198 39 astounding
1448 1594 122 31 powers
1598 1596 33 21 as

878 1634 71 34 that
970 1639 31 30 ot
1026 1648 17 22 a
1067 1636 141 45 thought
1235 1638 123 41 reader,
1391 1640 178 37 delineator
1601 1644 33 35 of

876 1693 178 36 character,
1079 1696 63 30 and
1160 1696 139 31 medical
1322 1698 210 40 clairvoyant.
1578 1701 51 32 He

877 1750 93 32 reads
1000 1749 175 41 character,
1210 1751 137 40 disease,
1377 1757 250 41 temperament,

878 1805 62 32 and
957 1806 94 33 other
1064 1808 228 43 peculiarities,
1305 1809 84 34 from
1403 1811 129 44 photos,
1546 1813 87 35 locks

878 1863 35 33 of
931 1863 83 40 hair,
1038 1864 245 44 hand-writing,
1307 1867 64 38 &c,
1395 1869 64 32 and
1483 1881 61 22 can
1567 1872 66 33 also

878 1925 135 29 connect
1029 1921 55 34 the
1101 1922 112 34 article
1229 1924 175 44 produced,
1426 1925 78 35 with
1523 1934 111 28 events

878 1978 76 44 long
979 1980 192 43 transpired.
1217 1983 58 33 We
1298 1989 105 38 regret
1429 1991 58 28 not
1514 1986 122 42 having

879 2048 95 33 space
998 2038 156 35 available
1177 2044 33 30 to
1226 2040 125 35 further
1373 2043 106 34 notice
1502 2044 56 33 tha
1581 2056 34 23 ex-

879 2096 204 44 traordinary
1119 2109 124 33 powers
1286 2100 165 43 professed
1494 2102 43 43 by
1586 2104 50 32 Mr

879 2153 94 41 Ellis,
1002 2154 57 33 but
1085 2155 156 34 numbers
1268 2157 35 33 of
1326 2169 60 21 our
1409 2158 131 43 leading
1562 2173 54 21 con-

880 2210 210 45 temporaries
1138 2212 120 45 clearly
1304 2214 115 34 accord
1466 2215 68 34 him
1580 2216 54 35 the

880 2273 182 39 possession
1085 2272 36 31 of
1139 2284 90 21 some
1252 2274 99 38 gifted
1374 2285 118 31 power,
1517 2277 117 32 which,

880 2326 156 44 although
1060 2327 69 33 said
1154 2333 33 28 to
1205 2328 36 33 be
1259 2329 138 38 natural,
1421 2331 33 31 in
1479 2331 49 33 his
1552 2343 82 28 case,

881 2383 150 45 partakes
1047 2385 118 33 almost
1180 2385 35 33 of
1229 2386 54 32 the
1300 2388 232 43 superhuman.

921 2443 87 32 Ever
1024 2443 85 32 since
1128 2444 133 42 Sunday
1278 2447 153 39 morning
1453 2447 72 37 last,
1544 2449 94 32 when

882 2500 54 33 the
963 2500 99 34 coach
1088 2500 81 33 from
1203 2501 54 34 the
1289 2502 121 34 Nelson
1435 2503 63 33 end
1524 2506 113 42 passed

882 2557 140 42 through
1039 2559 43 33 all
1098 2559 88 43 right
1203 2570 7 29 ;
1238 2561 106 42 postal
1360 2562 275 34 communication

881 2615 58 32 has
955 2615 79 33 been
1052 2616 123 42 greatly
1199 2616 172 34 interfered
1391 2618 89 37 with,
1502 2620 62 31 and
1582 2620 53 32 the

882 2672 105 35 driver
1009 2674 37 33 of
1059 2674 53 33 the
1139 2674 238 35 Reefton-Fern
1400 2676 72 33 Flat
1496 2684 141 36 stage,

884 2729 51 34 Mr
951 2730 124 43 George
1093 2731 171 39 Newman,
1284 2733 58 31 has
1358 2734 157 41 certainly
1533 2734 64 32 had
1620 2747 17 20 a

882 2789 108 43 trying
1013 2789 77 33 time
1167 2790 24 33 it
1208 2789 118 41 during
1346 2790 52 34 the
1423 2791 98 33 week.
1569 2793 67 32 The

881 2846 71 33 first
989 2848 94 32 mails
1120 2848 147 34 to-hand,
1306 2860 83 21 were
1427 2848 91 35 those
1556 2851 82 32 from

884 2905 135 32 Iveefton
1036 2905 64 33 and
1115 2906 174 43 Westport,
1304 2907 103 32 which
1421 2907 125 33 arrived
1562 2909 74 32 her

882 2974 41 20 on
947 2962 171 44 Thursday
1141 2964 180 39 afternoon,
1339 2964 64 33 and
1427 2977 35 20 as
1477 2966 55 33 the
1560 2966 78 33 road

881 3031 66 22 was
963 3021 194 42 impassable
1182 3022 47 32 for
1246 3022 102 33 wheel
1366 3024 102 32 traffic
1491 3024 145 33 between

880 3077 155 33 Junker's
1056 3078 64 32 and
1138 3078 105 42 Lyell,
1259 3079 55 32 the
1332 3081 98 31 coach
1455 3081 65 32 had
1544 3088 32 26 to
1601 3082 35 32 be

881 3133 58 35 left
960 3133 121 36 behind
1104 3140 33 28 at
1154 3135 52 34 the
1224 3137 120 33 former
1366 3138 101 42 place,
1493 3138 67 33 anil
1585 3138 52 33 the

882 3191 77 43 bags
982 3192 123 42 packed
1128 3192 33 32 in
1183 3193 86 38 here,
1294 3205 41 20 on
1359 3194 187 32 horseback.
1593 3195 45 32 T>

882 3255 79 26 start
977 3249 55 32 the
1049 3250 157 32 northern
1224 3250 105 35 mails,
1348 3264 40 19 on
1407 3253 84 32 their
1519 3264 68 31 ivay
1605 3258 30 27 to

883 3305 131 40 Nelson,
1032 3318 65 21 was
1114 3307 54 32 the
1186 3314 76 25 next
1279 3307 169 44 difficulty,
1464 3309 58 33 but
1535 3321 34 21 as
1582 3311 54 31 the

881 3363 71 33 first
966 3363 63 35 five
1045 3365 94 33 miles
1155 3365 34 33 of
1202 3366 88 39 road,
1308 3374 57 25 out
1386 3366 35 33 of
1436 3366 100 43 Lyell,
1554 3379 81 21 were

881 3421 110 46 barely
1013 3423 67 33 safe
1103 3423 49 34 for
1168 3423 66 34 foot
1258 3424 114 42 traffic,
1392 3424 90 35 there
1507 3438 64 22 was
1595 3438 41 22 no

881 3492 111 20 course
1019 3481 57 31 left
1102 3493 94 29 open,
1229 3483 57 31 but
1316 3484 71 30 that
1413 3484 37 30 of
1472 3485 165 40 swagging

881 3536 101 34 them.
1027 3537 226 43 Accordingly,
1289 3538 51 34 Mr
1377 3539 158 34 Newman
1573 3540 64 33 and

881 3593 56 31 the
961 3593 92 42 Lyell
1076 3605 111 31 groom
1217 3596 122 31 started
1368 3596 47 32 off
1434 3608 41 20 on
1503 3597 76 37 foot,
1604 3599 32 30 in

881 3650 169 40 marching
1087 3651 104 39 order,
1230 3652 65 33 and
1325 3662 34 23 at
1388 3655 19 30 2
1444 3665 76 21 a.m.
1562 3662 75 25 next

880 3708 163 42 morning,
1067 3719 18 23 a
1101 3707 185 43 horseman,
1304 3709 121 45 having
1447 3711 55 33 the
1527 3711 106 35 down-

882 3765 120 31 Nelson
1015 3767 87 36 mail,
1115 3773 67 24 met
1195 3766 91 32 them
1297 3773 32 26 at
1339 3768 219 41 Prytherick's
1570 3779 7 21 :
1596 3770 39 30 he

881 3820 120 46 having
1031 3824 139 33 relieved
1200 3824 90 34 them
1329 3826 34 33 of
1390 3826 86 33 their
1506 3826 127 41 charge,

879 3881 152 32 returned
1048 3886 32 28 to
1097 3888 136 27 connect
1245 3884 76 31 with
1335 3885 54 31 the
1402 3885 109 38 coach,
1528 3885 104 32 which

881 3938 116 34 waited
1021 3944 33 28 at
1078 3940 83 32 Fern
1186 3940 84 33 Flat.
1316 3942 68 32 The
1412 3942 119 33 Nelson
1556 3944 75 31 mail

880 4008 66 21 was
970 3996 124 34 carried
1117 4008 41 22 on
1182 4001 31 30 to
1232 3998 104 43 Lyell,
1360 3998 64 33 and
1447 3999 53 33 the
1525 3999 87 36 down-

880 4059 137 40 country
1040 4066 77 22 ones
1133 4055 197 44 despatched
1347 4068 40 22 on
1413 4058 220 42 pack-horses,

880 4116 34 30 at
936 4113 98 33 about
1051 4113 53 33 the
1121 4114 94 33 usual
1233 4114 91 34 hour.
1370 4115 68 32 The
1456 4116 79 33 mail
1560 4128 54 22 con-

880 4174 137 29 tractors
1033 4182 53 21 are
1109 4171 222 44 complaining
1351 4172 76 42 (and
1443 4173 78 32 with
1539 4185 96 32 every

880 4240 115 22 reason
1024 4233 64 36 too,
1114 4241 46 21 we
1189 4230 105 39 think)
1321 4231 33 33 of
1377 4231 54 33 the
1459 4232 174 42 neglectful

881 4297 138 23 manner
1034 4286 33 34 in
1083 4286 106 34 which
1207 4287 54 33 the
1273 4288 178 44 important
1462 4295 129 36 matter,
1605 4293 34 31 of

879 4342 139 44 keeping
1034 4344 53 31 the
1106 4349 75 27 road
1199 4345 84 32 clear
1299 4346 47 32 for
1370 4346 103 35 traffic
1490 4348 26 32 is
1539 4349 96 42 being

881 4400 123 35 treated
1022 4401 41 44 by
1079 4401 54 34 the
1152 4401 127 46 County
1297 4403 202 37 authorities.

922 4461 26 29 A
980 4459 80 31 little
1087 4461 77 30 time
1190 4472 69 27 ago,
1286 4473 18 19 a
1335 4469 120 25 certain
1487 4465 87 41 piece
1605 4467 34 30 of

881 4515 129 41 County
1039 4517 100 38 work,
1168 4517 120 43 having
1313 4518 46 33 for
1380 4520 41 33 its
1444 4521 105 41 object
1579 4523 54 31 the

880 4571 239 44 improvement
1141 4573 35 34 of
1189 4573 52 34 the
1259 4575 144 45 crossing
1419 4576 34 33 of
1471 4577 54 33 the
1544 4580 90 32 main

881 4629 77 32 road
983 4636 33 25 at
1032 4631 178 32 Flax-bush
1233 4633 112 32 Creek,
1370 4645 65 21 was
1459 4636 42 32 let
1525 4642 32 27 at
1581 4639 53 30 the

881 4686 100 43 figure
996 4688 36 32 of
1048 4687 63 35 G7
1130 4689 63 33 10s.
1239 4689 32 33 It
1288 4690 24 32 is
1328 4690 77 44 only
1421 4692 90 34 three
1528 4695 106 32 weeks

881 4743 219 41 out-of-hand,
1126 4745 64 32 and
1213 4756 73 23 now
1308 4757 47 23 we
1381 4748 77 33 hear
1481 4750 72 33 that
1582 4752 54 32 the

882 4802 86 31 work
996 4802 58 31 has
1085 4803 118 42 simply
1232 4805 80 31 been
1337 4807 144 33 wrecked
1513 4809 43 40 by
1581 4812 54 30 the

884 4857 60 36 last
967 4857 94 36 flood.
1107 4859 166 44 Although
1292 4875 45 22 we
1356 4862 38 36 do
1417 4870 56 31 not
1497 4878 137 34 suppose

882 4915 71 34 that
970 4917 52 32 the
1040 4918 77 31 item
1136 4919 63 32 will
1217 4921 87 41 quite
1322 4932 71 23 rum
1418 4923 51 33 the
1489 4926 144 38 Council,

883 4973 75 38 still,
984 4974 54 31 the
1062 4975 149 40 slightest
1234 4979 160 41 suspicion
1420 4992 35 20 or
1478 4981 52 35 the
1555 4984 81 32 least

883 5041 110 22 rumor
1019 5031 71 32 that
1116 5032 106 43 public
1246 5045 117 33 money
1390 5037 26 32 is
1445 5038 94 38 beiiiL:
1567 5052 50 21 use-

884 5087 96 43 lessly
1003 5089 176 42 expended,
1205 5101 34 21 or
1266 5090 167 37 disbursed
1457 5096 32 32 in
1515 5098 78 32 such
1622 5110 18 20 a

882 5155 71 31 way
973 5145 71 32 that
1060 5146 158 44 adequate
1236 5150 103 38 value,
1363 5155 128 36 general
1516 5155 120 43 ntility,

883 5202 64 33 and
973 5203 162 41 thorough
1161 5206 193 35 substantial
1389 5210 85 34 work
1500 5224 52 21 are
1585 5221 55 26 not

883 5259 143 42 secured,
1042 5261 25 32 is
1085 5272 17 22 a
1120 5267 119 29 matter
1255 5264 105 34 which
1375 5266 115 37 should
1506 5269 38 35 be
1554 5270 86 35 dealt

884 5318 76 32 with
987 5324 33 26 at
1045 5320 53 31 the
1121 5321 85 39 right
1236 5324 76 31 time
1343 5326 64 31 and
1433 5327 98 42 place.
1579 5331 39 31 Re-

883 5375 161 42 sponsible
1069 5376 126 34 officers
1221 5379 72 33 who
1326 5381 199 37 understand
1558 5387 66 33 then-

883 5431 88 32 work
1001 5432 117 32 should
1146 5445 50 21 see
1231 5440 31 27 to
1293 5437 91 33 these
1415 5440 120 42 things.
1582 5444 58 32 We

883 5487 40 33 do
941 5494 57 27 not
1014 5490 81 32 wish
1113 5496 31 27 to
1159 5491 108 34 reflect
1279 5505 85 31 upon
1378 5496 53 33 the
1441 5504 198 30 contractors

883 5543 87 42 {who
987 5555 52 22 are
1064 5546 69 32 said
1152 5552 31 27 to
1201 5548 82 34 have
1300 5551 94 33 made
1419 5553 55 33 the
1498 5557 88 32 work

883 5605 33 27 at
932 5602 91 36 least,
1042 5615 15 19 a
1076 5605 154 32 financial
1242 5612 137 37 success)
1400 5611 55 32 but
1471 5615 168 38 certainly,

883 5657 26 34 if
930 5658 41 34 all
996 5659 53 34 the
1074 5659 80 35 hard
1173 5661 109 42 things
1307 5664 35 34 be
1361 5671 68 30 true
1454 5670 105 34 which
1584 5685 55 20 are

882 5713 97 44 being
1008 5717 68 31 said
1103 5718 98 33 about
1232 5720 64 33 this
1324 5723 163 35 historical
1516 5737 124 33 spot,

883 5772 179 35 Flax-bush
1099 5776 111 40 Creak,
1243 5779 53 33 the
1328 5781 149 44 designer
1514 5789 35 29 of
1582 5788 54 32 the

883 5830 89 34 work
995 5843 135 32 appears
1154 5839 32 29 to
1203 5835 83 35 have
1311 5848 77 34 very
1411 5842 229 46 considerably

882 5888 210 36 under-rated
1122 5892 89 34 what
1240 5906 66 22 was
1336 5898 103 43 really
1475 5903 161 41 required.

884 5945 142 47 Perhaps
1043 5947 54 35 the
1114 5948 79 37 time
1212 5950 59 36 has
1293 5965 73 23 now
1384 5955 137 45 arrived,
1546 5960 94 35 when

884 6004 53 33 the
963 6005 144 44 crossing
1133 6007 86 35 here,
1244 6011 63 33 will
1332 6012 37 34 be
1395 6015 94 34 made
1516 6017 125 35 further

1657 216 79 33 hack
1751 228 6 28 ;
1782 219 63 31 and
1863 220 106 33 where
1987 220 52 34 the
2059 223 105 34 action
2182 224 35 33 of
2231 225 53 34 the
2306 226 108 35 Bullet*

1656 273 26 32 is
1708 273 60 33 less
1795 275 96 42 likely
1919 283 31 26 to
1980 285 141 35 operate.
2167 282 150 34 Another
2340 296 54 22 con-

1658 339 79 23 tract
1752 332 5 30 !
1783 333 63 31 and
1866 344 86 22 more
1971 346 118 31 money
2107 341 30 29 to
2156 337 36 33 be
2211 346 103 36 spent.

1700 390 113 42 Owing
1837 395 31 27 to
1893 390 54 33 the
1967 393 140 42 severity
2130 395 34 31 of
2185 395 53 34 the
2262 398 152 40 weather,

1658 456 58 19 our
1740 444 128 43 mining
1889 454 144 35 reporter
2055 449 59 32 has
2137 450 81 33 been
2239 454 120 33 unable
2384 463 31 25 to

1658 514 38 30 go
1721 501 49 35 his
1792 504 121 33 rounds
1937 505 64 34 this
2029 507 99 39 week,
2146 508 58 35 but
2230 511 55 33 the
2312 515 104 31 mines

1658 559 64 32 will
1746 559 73 33 take
1843 560 83 34 their
1949 564 92 32 usual
2067 565 95 33 order
2185 567 31 32 in
2243 579 58 22 our
2326 576 85 28 next.

1659 617 68 32 The
1752 621 121 30 feature
1898 619 34 32 of
1947 621 53 32 the
2024 623 100 39 week,
2143 624 31 32 in
2196 626 135 42 mining,
2358 628 58 32 has

1660 675 77 32 been
1769 675 54 34 the
1851 677 136 41 striking
2011 680 34 33 of
2066 680 53 34 the
2143 684 95 31 north
2267 684 89 33 block
2383 685 32 33 in

1660 732 54 31 the
1733 732 116 33 United
1867 734 115 44 Alpina
1999 735 199 46 Company's
2218 739 98 33 mine.
2370 742 47 32 On

1661 790 53 31 the
1742 790 55 33 3rd
1822 791 133 40 instant,
1980 795 50 31 Mr
2055 795 185 35 Couradsen
2269 800 148 41 reported

1661 845 119 43 having
1806 848 109 32 struck
1937 860 18 22 a
1981 850 84 43 large
2094 852 83 42 body
2208 854 35 32 of
2262 864 90 23 stone
2386 855 32 34 in

1661 905 54 29 the
1746 912 157 26 cross-cut
1939 906 95 43 being
2072 917 57 33 put
2166 911 31 32 in
2230 912 82 32 with
2344 913 73 32 that

1662 960 113 42 object,
1794 962 80 33 from
1893 962 54 34 the
1966 964 89 34 main
2072 978 70 26 rise,
2161 971 62 30 and
2244 978 33 24 at
2295 983 17 19 a
2326 976 93 36 point

1663 1019 36 31 15
1730 1017 63 34 feet
1822 1018 101 33 below
1956 1021 59 32 No.
2048 1023 17 32 5
2096 1023 91 33 level.
2237 1025 32 33 It
2298 1026 120 33 carries

1662 1075 80 40 good
1766 1076 86 40 gold,
1870 1078 63 32 and
1949 1079 26 32 is
1991 1091 73 21 now
2087 1080 96 43 being
2199 1083 158 43 stripped,
2383 1097 34 20 .so

1662 1141 36 21 as
1724 1138 31 24 to
1781 1133 157 32 ascertain
1966 1134 53 33 the
2047 1137 183 44 under-lay,
2257 1139 77 33 with
2364 1140 54 33 the

1663 1192 80 30 view
1774 1191 34 32 of
1829 1192 125 33 further
1976 1197 125 39 tracing
2123 1198 34 35 it,
2181 1199 98 31 lower
2309 1199 109 33 down.

1664 1247 77 33 This
1771 1247 37 40 is,
1839 1249 234 47 undoubtedly,
2104 1264 18 22 a
2152 1261 87 28 most
2270 1256 149 34 valuable

1664 1305 178 39 discovery,
1870 1308 64 30 and
1957 1310 55 29 the
2036 1321 87 20 news
2145 1312 34 30 of
2199 1313 54 30 the

1663 1362 65 33 will
1741 1362 36 34 be
1792 1371 84 28 most
1885 1367 159 37 welcome,
2058 1368 75 34 both
2145 1376 30 27 to
2187 1370 52 34 the
2254 1371 167 33 fortunate

1664 1420 234 39 shareholders,
1931 1425 63 31 and
2022 1426 66 31 also
2120 1428 91 31 those
2244 1428 177 32 interested

1664 1477 32 32 in
1712 1477 128 40 mining
1858 1479 31 30 in
1907 1479 54 32 the
1979 1480 133 35 district,
2131 1483 94 33 alik?.

1902 1588 91 32 THE
2022 1590 160 33 STORM.

1707 1700 67 31 The
1797 1700 123 42 closing
1936 1712 164 24 moments
2117 1706 35 32 of
2167 1707 138 40 August,
2332 1711 89 32 1835,

1666 1756 63 33 and
1747 1757 53 32 the
1819 1757 152 45 ushering
1987 1759 32 33 in
2037 1760 34 34 of
2084 1762 200 43 September,
2298 1765 76 39 will,
2390 1766 31 33 in

1666 1813 42 33 all
1745 1814 186 39 likelihood,
1963 1816 36 32 be
2035 1819 223 34 remembered
2288 1820 43 45 by
2370 1822 54 33 the

1668 1871 156 33 residents
1848 1873 74 32 here
1946 1874 48 31 for
2018 1886 101 31 many
2142 1888 18 20 a
2177 1877 64 43 day
2265 1883 32 27 to
2322 1891 101 21 come.

1668 1928 224 45 Fortunately,
1917 1929 78 33 such
2013 1941 17 23 a
2047 1931 115 47 raging
2180 1936 190 33 contention
2395 1936 34 33 of

1669 1986 52 32 the
1745 1987 157 33 elements
1927 2001 33 19 as
1985 1989 70 33 that
2079 1994 173 31 witnessed
2279 1994 77 32 here
2384 2006 41 21 on

1672 2044 139 40 Monday
1830 2044 73 40 last,
1918 2045 25 34 is
1957 2053 56 26 not
2024 2059 17 20 a
2058 2048 148 43 frequent
2218 2060 206 31 occurrence,

1668 2102 64 31 and
1771 2103 54 31 the
1863 2105 139 31 unusual
2035 2107 226 40 prolongation
2301 2109 35 32 of
2369 2110 55 31 the

1669 2159 422 40 thunder-storm,which
2117 2163 101 34 lasted
2243 2166 47 31 for
2313 2167 112 42 nearly

1669 2216 42 33 all
1727 2216 72 33 that
1814 2216 81 45 day;
1920 2218 54 33 the
1992 2218 177 47 frequency
2184 2220 65 35 and
2263 2220 165 37 vividness

1668 2277 35 30 of
1717 2275 52 32 the
1786 2276 149 42 blinding
1950 2277 119 33 flashes
2093 2281 34 31 of
2142 2281 165 42 lightning
2324 2282 101 32 which

1669 2331 171 34 illumined
1864 2332 42 33 all
1931 2340 115 27 nature
2073 2335 80 33 with
2178 2336 80 33 such
2282 2348 18 21 a
2325 2337 103 43 sickly

1670 2389 109 40 glare;
1812 2390 53 32 the
1891 2390 117 42 rolling
2032 2392 35 32 of
2098 2392 54 34 the
2181 2394 162 40 thunder;
2375 2395 54 32 the

1671 2448 112 40 steady
1800 2449 178 42 downpour
1993 2451 35 30 of
2040 2451 81 38 rain,
2138 2452 65 31 and
2216 2452 54 32 the
2285 2454 144 31 violence

1670 2505 35 33 of
1729 2505 53 33 the
1810 2505 98 41 wind,
1936 2518 35 22 as
2000 2507 55 34 the
2086 2512 141 40 tempest
2251 2509 112 34 lashed
2389 2510 41 33 its

1671 2564 73 43 fury
1768 2564 83 33 from
1869 2576 60 21 one
1946 2576 98 31 range
2062 2567 66 32 side
2149 2575 32 25 to
2206 2567 54 33 the
2283 2568 104 38 other,

1670 2622 181 41 altogether
1868 2623 94 32 made
1981 2634 41 31 up
2040 2635 18 20 a
2071 2625 159 41 spectacle
2248 2637 34 21 so
2296 2626 133 43 awfully

1671 2678 145 34 effective
1847 2679 65 33 and
1938 2680 158 39 dreadful,
2129 2681 70 34 that
2224 2693 83 23 even
2338 2684 91 33 those

1671 2735 123 33 blessed
1814 2736 77 33 with
1908 2738 172 42 composed
2098 2750 125 29 nerves,
2238 2740 107 43 might
2357 2740 71 33 well

1671 2793 37 34 be
1740 2796 137 32 excused
1906 2796 48 33 for
1978 2797 123 42 fearing
2128 2798 72 33 that
2230 2810 90 22 some
2350 2799 80 34 final

1672 2853 100 39 crisis,
1791 2865 35 21 or
1843 2853 192 44 impending
2046 2856 205 44 catastrophe
2267 2868 65 22 was
2345 2858 83 33 close

1672 2917 31 25 at
1732 2911 98 32 hand.
1879 2911 50 33 All
1955 2912 63 42 day
2039 2925 41 20 on
2106 2914 145 44 Sunday,
2280 2916 70 33 rain
2375 2916 54 33 fell

1673 2969 147 42 steadily,
1845 2970 63 32 and
1934 2970 52 33 the
2004 2971 144 32 weather
2166 2982 67 22 was
2251 2972 69 43 just
2343 2975 84 31 unlit

1673 3030 46 28 lor
1742 3027 161 42 anything
1922 3035 32 25 to
1973 3029 35 31 be
2025 3034 57 27 out
2103 3029 45 32 in.
2193 3030 69 32 The
2286 3030 141 44 through

1673 3084 99 32 coaeh
1804 3085 83 31 from
1924 3084 122 33 Nelson
2075 3086 133 33 hurried
2239 3087 41 43 by
2310 3089 33 31 in
2374 3089 54 32 the

1672 3140 161 43 morning,
1852 3147 32 26 to
1901 3140 41 33 its
1959 3140 208 43 destination,
2184 3142 135 35 Beefton
2333 3154 7 30 ;
2365 3145 63 32 and

1673 3197 52 32 the
1750 3199 76 41 only
1845 3198 92 32 other
1956 3199 118 32 arrival
2091 3199 74 33 here
2189 3201 72 32 that
2278 3202 63 42 day
2363 3213 66 21 was

1674 3255 50 32 Mr
1739 3255 115 39 Binns,
1873 3255 169 42 Inspector
2058 3257 35 32 of
2113 3258 115 37 Mines,
2247 3258 72 32 who
2337 3270 91 21 came

1672 3312 40 41 by
1740 3312 119 42 special
1886 3323 206 32 conveyance
2122 3314 84 33 from
2233 3315 195 43 Inangahua

1670 3368 168 33 Junction.
1882 3370 28 32 A
1940 3369 86 34 flood
2050 3382 65 22 was
2146 3383 74 22 now
2252 3371 177 35 imminent

1672 3427 64 33 and
1753 3427 42 35 all
1812 3428 173 46 travelling
2002 3429 124 36 ceased.
2172 3431 85 34 Next
2277 3432 153 46 morning

1670 3485 98 31 b'-oke
1788 3486 76 31 with
1882 3499 18 19 a
1916 3488 74 30 wild
2007 3487 72 41 sky,
2098 3488 71 31 rain
2185 3489 125 41 falling,
2328 3496 100 26 water

1671 3542 188 41 streaming,
1891 3542 64 33 and
1981 3543 85 34 wind
2092 3543 144 43 blowing
2266 3556 34 24 in
2330 3558 98 32 every

1670 3598 155 31 d.reckon
1837 3599 148 42 possible.
2024 3601 101 31 Fitful
2136 3601 164 42 lightning
2308 3601 120 33 flashes

1670 3655 111 32 scared
1804 3656 55 32 the
1882 3657 107 40 gloom
2014 3657 35 33 of
2061 3659 89 40 early
2171 3658 106 39 dawn,
2296 3659 64 34 and
2383 3659 44 34 all

1671 3717 114 30 nature
1829 3712 75 35 bore
1941 3725 19 22 a
1997 3714 97 34 weird
2140 3714 65 36 and
2250 3717 178 44 unearthly

1671 3776 117 35 aspect.
1833 3772 68 29 The
1921 3772 260 32 thunder-storm
2204 3785 73 20 now
2301 3777 126 40 opened

1670 3826 33 33 in
1726 3826 186 42 downright
1933 3833 138 36 earnest,
2095 3829 65 34 and
2184 3842 34 22 as
2243 3831 71 43 peal
2340 3843 87 33 upon

1670 3885 72 41 peal
1765 3886 223 31 reverberated
2018 3886 85 32 from
2133 3898 100 31 range
2259 3892 32 29 to

1670 3940 172 42 deafening
1865 3941 54 34 the
1941 3954 55 21 ear
2018 3942 35 34 of
2065 3942 54 35 the
2137 3942 166 44 beholder,
2327 3951 33 28 to
2385 3946 43 34 all

1670 3998 76 39 else,
1763 3998 55 33 the
1834 4010 78 32 very
1924 3999 125 44 ground
2063 4001 160 35 trembled
2235 4013 35 23 as
2284 4003 27 33 if
2324 4004 103 34 under

1670 4067 41 21 an
1720 4056 211 43 earthquake.
1977 4057 164 45 Tempest,
2155 4059 272 43 thunder-storm,

1671 4114 63 33 and
1758 4114 53 33 the
1828 4114 148 45 blinding
1992 4117 81 40 rain,
2089 4118 160 43 together,
2268 4120 97 33 made
2381 4131 44 32 up

1670 4182 15 21 a
1718 4182 93 22 scene
1842 4172 120 33 almost
1990 4172 243 42 indescribable,
2268 4176 65 33 and
2366 4187 61 23 our

1670 4230 82 34 little
1790 4230 174 44 township,
1995 4233 131 33 seemed
2161 4233 49 34 for
2240 4234 54 35 the
2331 4236 92 40 time,

1671 4288 159 45 pitilessly
1846 4289 138 44 exposed
2000 4295 32 28 to
2049 4290 54 34 the
2123 4293 153 34 wrathful
2290 4294 85 34 force
2392 4294 36 34 of

1671 4360 88 20 some
1795 4351 241 39 ungovernable
2067 4353 113 31 titanic
2218 4353 83 40 fury.
2347 4355 77 32 This

1671 4394 175 35 continued
1861 4395 50 34 till
1927 4398 18 33 5
1964 4408 77 33 p.m.
2087 4398 108 43 Every
2210 4398 81 36 little
2305 4405 118 33 stream

1672 4443 129 31 became
1839 4454 17 20 a
1900 4450 123 26 torrent
2039 4456 7 27 ;
2086 4446 67 39 Lye
2159 4446 19 32 11
2216 4447 100 32 Creek
2353 4460 70 21 rose

1672 4487 137 43 rapidly,
1827 4487 64 33 and
1908 4500 33 21 as
1958 4490 25 32 it
1999 4490 148 33 careered
2164 4492 111 42 madly
2292 4495 133 33 onward

1672 4541 30 25 to
1721 4535 71 40 join
1816 4535 54 31 the
1894 4536 112 32 Buller
2023 4538 107 37 River,
2155 4538 86 37 large
2267 4540 160 39 boulders,

1671 4584 136 39 stumps,
1825 4580 64 32 and
1906 4588 93 31 trees,
2017 4593 83 23 were
2124 4583 106 34 tossed
2246 4584 99 35 about
2362 4586 61 35 like

1672 4627 128 41 pebbles
1830 4628 64 31 and
1921 4629 108 32 sticks.
2075 4631 92 31 Even
2199 4643 83 25 now,
2314 4645 34 20 as
2380 4647 47 20 we

1672 4681 98 29 write,
1791 4672 194 45 (Thursday)
2004 4675 90 34 there
2111 4687 52 22 are
2176 4687 42 22 no
2232 4683 90 37 great
2338 4680 87 43 signs

1668 4721 37 30 of
1737 4719 55 31 the
1823 4719 62 32 bad
1915 4722 143 32 weather
2089 4723 143 39 abating,
2272 4726 63 32 and
2373 4728 53 32 the

1672 4763 124 36 flooded
1814 4770 81 29 state
1912 4766 35 34 of
1958 4767 55 35 the
2030 4769 100 34 rivers
2147 4769 111 36 makes
2282 4774 144 44 crossing

1672 4813 108 30 rather
1797 4815 178 30 uncertain.
2019 4817 45 30 As
2082 4817 105 40 might
2204 4819 37 31 be
2261 4822 164 39 expected,

1670 4869 19 24 a
1721 4857 220 37 considerable
1973 4869 136 28 amount
2138 4862 37 36 of
2200 4863 137 47 damage
2369 4867 57 35 has

1671 4907 80 31 been
1790 4908 116 31 caused
1936 4909 55 32 the
2030 4913 88 29 main
2149 4913 90 39 road,
2272 4915 64 32 and
2374 4916 54 33 the

1672 4952 128 32 various
1832 4953 106 33 tracks
1953 4965 6 29 ;
1995 4956 64 32 and
2088 4957 25 32 it
2138 4958 66 32 will
2228 4961 127 42 require
2386 4973 40 22 an

1670 4998 112 42 outlay
1799 4999 34 31 of
1846 5010 88 22 some
1952 5001 165 34 hundreds
2131 5003 35 33 of
2178 5006 126 41 pounds
2319 5007 106 34 before

1673 5044 137 39 through
1830 5047 103 31 wheel
1950 5048 103 34 traffic
2068 5049 26 33 is
2111 5051 95 40 again
2221 5054 203 40 practicable.

1677 5090 48 43 Up
1756 5095 32 28 to
1818 5091 55 32 the
1906 5100 140 35 present,
2085 5096 54 33 the
2176 5097 104 35 whole
2315 5100 35 33 of
2375 5101 55 33 the

1674 5136 212 39 trouble,so
1903 5139 48 32 far
1967 5151 33 22 as
2018 5141 55 33 the
2090 5144 89 32 main
2203 5146 98 32 trunk
2319 5148 63 32 line
2400 5149 33 32 of

1672 5183 76 33 road
1771 5182 28 35 is
1822 5187 190 40 concerned,
2037 5188 57 34 lies
2120 5189 85 35 close
2230 5198 43 34 to,
2298 5198 62 30 and
2386 5207 39 21 on

1669 5230 80 32 each
1767 5230 67 32 side
1851 5233 32 30 of
1901 5233 183 41 Lyell,as
2102 5236 46 32 far
2165 5249 42 29 up
2224 5251 35 20 as
2276 5240 152 39 Carter's,

1672 5275 64 35 and
1754 5275 53 35 the
1825 5276 94 35 other
1929 5289 83 34 way,
2030 5280 94 36 down
2142 5289 32 27 to
2187 5283 241 44 Junker's,in

1673 5324 52 37 all,
1758 5324 115 32 within
1901 5337 18 19 a
1941 5327 110 41 length
2076 5331 34 29 of
2130 5330 98 34 about
2255 5336 38 30 15
2324 5336 104 32 miles.

1672 5370 97 33 Some
1793 5370 35 32 of
1841 5370 53 33 the
1912 5371 77 44 slips
2007 5385 52 20 are
2077 5386 78 32 very
2179 5377 116 45 heavy,
2320 5381 106 37 while,

1674 5427 98 20 worse
1797 5417 75 35 still,
1897 5418 33 31 in
1954 5419 92 32 other
2062 5422 107 40 places
2192 5424 54 32 the
2271 5426 103 33 whole
2398 5429 35 30 of

1672 5461 54 33 .the
1742 5461 164 43 roadway,
1924 5463 49 33 for
1988 5464 113 34 chains
2119 5467 86 41 long,
2230 5470 59 33 has
2305 5472 124 43 slipped

1673 5519 91 29 away
1795 5509 148 40 entirely.
1989 5511 67 32 The
2088 5513 101 40 Eight
2230 5516 78 32 Mile
2340 5520 89 30 track

1673 5553 82 32 from
1781 5552 172 45 Murphy's
1977 5555 101 34 Creek
2094 5558 48 33 for
2165 5570 18 21 a
2207 5562 220 36 considerable

1673 5600 143 32 distance
1833 5600 140 33 towards
1990 5602 54 33 the
2061 5605 47 31 far
2124 5607 73 35 end,
2213 5609 27 30 is
2261 5609 68 33 also
2352 5612 31 30 in
2409 5623 18 19 a

1674 5646 336 43 next-to-impassable
2028 5654 92 35 state,
2139 5652 63 33 and
2223 5653 55 34 the
2302 5656 108 43 quanti-

1675 5694 57 30 ties
1762 5694 34 31 of
1818 5693 118 32 timber
1960 5695 65 30 and
2053 5696 77 36 slips
2159 5699 156 44 piled-up,
2341 5714 86 29 upon

1673 5738 35 39 it,
1732 5739 65 33 will
1820 5738 74 33 take
1910 5750 90 22 some
2018 5741 78 34 time
2119 5748 33 28 to
2174 5755 142 26 remove.
2360 5748 69 34 The

1674 5793 95 25 worst
1799 5786 64 33 and
1892 5792 86 27 most
2009 5789 122 33 serious
2161 5793 119 33 results
2310 5794 36 33 of
2374 5795 56 33 the

1673 5838 113 33 storm,
1810 5831 163 39 are,the
1995 5832 66 33 loss
2077 5834 35 32 of
2124 5836 90 40 time,
2239 5838 55 34 the
2316 5841 93 33 incon-

1674 5879 161 39 venience,
1848 5878 64 34 and
1920 5878 148 35 business
2082 5880 216 47 interruption
2311 5887 117 33 caused

1672 5924 142 45 through
1831 5925 55 33 the
1903 5924 214 36 interference
2137 5929 78 33 with
2233 5932 114 40 traffic,
2365 5934 65 32 and

1672 5972 79 39 also,
1769 5972 55 35 the
1840 5973 106 43 heavy
1963 5972 88 34 draw
2066 5985 42 22 on
2124 5974 55 35 the
2191 5977 131 46 County
2333 5981 96 33 funds

1673 6019 105 33 which
1798 6020 119 43 repairs
1934 6031 106 21 cucan.

689 63 135 47 thi:
896 66 216 48 lykll
1181 67 217 55 times.
1469 71 363 62 svTURDAY,
1903 81 405 51 s:-:i>r:-;:wx::t
2381 103 21 46 5
2410 127 6 14 ,
2495 93 118 61 [BBS.

438 283 100 35 J%}

138 354 75 46 IN
264 354 510 51 BANKRUPTCY.

123 470 38 34 Jn
192 470 55 34 the
278 471 169 47 Bankrupt
489 473 107 35 Estate
634 473 35 33 of
697 474 135 33 At.fri:n

207 532 117 33 ISmith,
339 530 35 32 of
385 531 200 38 Murchison,
601 532 103 31 Cattle
721 533 117 30 Dealer

206 586 63 33 and
288 587 143 34 Farmtr.

123 689 177 35 TOTICE
326 692 40 32 IS
391 692 188 33 HEREBY
595 693 140 32 GIVEN
765 693 66 32 thai

123 724 28 38 *
225 750 53 36 the
310 749 67 35 said
408 749 180 35 ALFRED
623 748 153 38 SUll'rl,
811 750 26 33 is

84 809 184 32 authorised
294 817 30 22 to
348 808 112 32 collect
478 809 39 30 ail
542 809 150 33 DEBTS,
718 809 60 31 due
805 809 30 29 iu

85 866 53 32 the
155 865 99 33 above
274 866 119 35 Estate,
412 864 63 32 and
494 864 67 32 that
580 865 51 32 the
647 876 87 21 sainn
751 875 87 21 nm-t.

83 922 39 34 be
147 922 72 43 paid
245 920 176 42 forthwith,
445 927 31 28 to
501 929 134 36 prevent
658 921 82 43 legal
764 932 52 33 pro-

85 980 161 40 ceedings.

128 1037 103 35 Dated
262 1041 32 30 at
327 1037 143 40 Reefton,
499 1037 63 33 this
593 1037 75 34 26th
704 1037 63 43 day
809 1036 31 35 of

83 1096 137 43 August,
240 1098 89 30 1885.

348 1150 50 37 W.
427 1151 290 39 HINDMARSH,

485 1210 131 41 Deputy
634 1211 164 37 A.^sijjnee.

84 1308 93 34 THE
216 1308 228 32 NATIONAL
482 1308 121 31 BANK
641 1308 54 31 OF
736 1308 99 30 NEW

232 1397 220 38 ZEALAND,
485 1397 207 31 LIMITED.

87 1574 144 35 THIS
269 1573 122 33 BANK
421 1573 65 32 will
517 1572 38 32 be
586 1572 183 33 OPENED
809 1577 32 27 to

88 1668 91 32 BUY
204 1667 118 32 GOLD
339 1666 65 33 and
427 1666 227 32 TRANSACT
680 1667 161 31 General

84 1754 209 34 BANKING
330 1753 221 34 BUSINESS
591 1757 33 29 at
666 1752 92 43 Lyell
797 1764 41 21 on

88 1843 248 39 SATURDAY,
353 1842 56 35 sth
433 1842 211 37 September,
664 1840 102 35 under
783 1840 55 34 the

88 1931 119 46 charge
223 1931 35 35 of
273 1931 54 35 the
344 1929 139 37 Reefton
502 1930 167 46 Manager,
682 1930 26 34 I.
727 1929 116 35 Lewis.

444 2021 52 36 W.
522 2021 199 41 DYMOCK,

627 2112 178 43 Inspector.

2578 234 143 34 LYFLL
2746 238 315 36 SCHOOL-ROOM

2470 346 131 34 TO-X
2628 350 52 34 [G
2703 351 94 33 HI!
2858 354 131 34 TO-X
3011 356 60 33 IG
3093 356 26 32 II
3141 356 47 33 T!

2545 461 271 49 THOUGHT
2844 468 269 47 READING.

2458 582 109 70 M'
2567 582 28 34 1
2642 583 107 75 W
2764 550 94 72 m7
2858 588 80 73 A.
2987 590 69 72 E
3079 591 81 36 LL]

2495 687 52 33 the
2564 689 221 35 Cet.kbrat.-iu
2813 695 151 33 Pswiiom
2978 707 105 22 '.tkisl'
3105 699 59 32 and

2622 747 153 35 Medical
2800 752 243 40 (Clairvoyant,

2500 802 69 33 Will
2594 805 71 36 give
2683 820 59 19 0i1..'
2763 811 98 30 (onlvi
2889 813 34 28 of
2938 812 47 29 his
3015 814 142 27 M.irv^llr

2460 865 275 31 Entertainments
2754 865 73 32 here
2846 879 32 18 as
2896 866 110 34 above.

2499 928 49 29 Mr
2570 929 76 33 Kllis
2663 931 90 33 reads
2773 933 77 34 from
2874 935 126 33 Photos,
3020 936 51 33 the
3088 950 123 26 names

2456 986 223 42 peculiarities,
2703 994 250 39 temperament,
2977 995 63 32 and
3061 995 150 33 diseases.

2460 1041 24 33 D
2500 1043 179 42 'scriptious
2693 1047 36 34 of
2738 1048 157 38 children,
2911 1051 62 32 and
2989 1051 117 35 friends
3121 1053 91 37 dead,

2456 1111 39 20 an
2512 1101 5 30 I
2560 1102 222 43 living,also
2814 1107 81 31 from
2936 1110 87 30 locks
3061 1110 36 32 of
3131 1112 83 36 hair,

2457 1156 118 38 letters,
2594 1159 52 34 &c.

2498 1227 66 30 The
2597 1228 62 32 fact
2684 1229 71 32 that
2782 1230 49 32 Mr
2858 1232 82 31 Ellis
2964 1234 58 30 has
3051 1241 93 33 spent
3178 1237 35 30 10

2458 1283 104 31 weeks
2580 1286 30 30 in
2630 1285 52 33 the
2703 1288 120 31 Nelson
2843 1288 144 39 District,
3007 1291 159 40 lecturing
3185 1303 29 21 to

2458 1336 85 44 large
2575 1338 183 44 audiences,
2797 1342 25 34 is
2854 1355 88 23 some
2979 1347 93 42 proof
3098 1347 35 35 of
3161 1349 53 34 the

2462 1397 181 42 popularity
2660 1401 34 30 of
2707 1401 49 31 his
2774 1410 286 27 entertainments.

2509 1508 5 30 I
2530 1519 37 21 ie
2749 1512 146 35 Colonist
2944 1516 35 33 of
2983 1517 128 42 August
3128 1519 86 40 18th,

2458 1576 73 31 says
2634 1567 50 34 Mr
2710 1569 84 33 Ellis
2825 1583 80 29 gave
2935 1575 139 32 another
3104 1576 36 33 of
3167 1578 50 33 his

2458 1620 193 47 interesting
2668 1625 137 37 lectures
2814 1628 63 35 last
2888 1630 93 46 night
2994 1637 31 29 to
3038 1644 17 23 a
3069 1634 147 36 crowded

2458 1679 112 34 house.
2617 1683 65 32 Not
2705 1686 77 42 only
2805 1688 54 31 did
2876 1689 40 31 he
2937 1689 80 43 keep
3034 1692 54 31 the
3112 1698 86 27 atten-

2459 1735 69 33 tion
2554 1736 37 33 of
2609 1737 51 34 his
2681 1740 156 34 audience
2860 1743 125 35 riveted
3003 1746 212 44 throughout,

2460 1792 68 40 but,
2565 1794 41 33 he
2651 1808 67 22 was
2753 1805 87 27 most
2879 1804 173 33 successful
3097 1805 35 32 in
3168 1806 51 33 his

2460 1848 245 39 delineations."'

2503 1919 67 33 The
2771 1924 152 45 Evening
3080 1942 139 31 says:

2498 1975 54 36 Mr
2581 1978 46 34 VV.
2654 1980 39 33 A.
2718 1982 83 33 Ellis
2825 1983 59 35 has
2907 1985 80 33 been
3015 1989 205 43 astonishing

2462 2032 55 33 the
2535 2035 113 44 people
2665 2037 35 33 of
2713 2038 122 34 Nelson
2853 2042 78 32 with
2951 2042 48 33 his
3017 2045 203 34 remarkable

2462 2101 123 31 powers
2610 2093 35 31 of
2664 2094 234 45 clairvoyance,
2917 2111 35 20 or
2968 2102 139 42 thought
3130 2103 71 33 read-

2462 2147 68 42 ing,
2553 2159 37 23 or
2611 2150 165 36 whatever
2799 2154 26 33 is
2844 2155 54 34 the
2921 2162 123 30 correct
3067 2164 83 29 term
3173 2161 47 33 for

2463 2204 54 32 the
2535 2207 181 34 wonderful
2732 2209 82 33 feats
2828 2213 107 32 which
2954 2215 39 32 he

2505 2319 104 34 Doors
2625 2332 83 33 open
2725 2327 33 30 at
2773 2326 103 41 7.33.;
2901 2333 32 28 to
2947 2340 188 23 commence
3154 2337 31 27 at
3203 2334 17 31 8

2465 2375 108 43 sharp.

2508 2446 190 36 Admission
2715 2459 7 23 :
2759 2452 117 34 Fronts
2913 2461 95 32 seats,
3047 2457 35 32 3s
3099 2467 7 29 ;
3140 2458 80 33 back

2464 2500 63 42 do.,
2545 2504 44 33 2s.

2552 2606 148 84 Mr.
2748 2610 122 73 W.
2918 2613 219 89 Ellis,

2464 2707 256 47 MEDICAL
2740 2712 480 65 PSYCHOMETRIST,

2520 2782 77 45 May
2618 2786 34 33 be
2668 2787 171 35 consulted
2856 2790 42 43 by
2916 2791 156 43 Invalids,
3091 2796 68 40 &c,

2602 2847 32 29 at
2651 2844 54 34 the
2723 2846 176 35 EMPIRE
2918 2850 163 42 HOTEL,

2485 2901 83 33 until
2592 2904 39 31 10
2646 2904 124 34 o'clock
2793 2917 42 22 on
2860 2907 134 34 Sunday
3020 2909 174 36 Morning.

2504 3015 68 34 The
2591 3017 80 34 New
2687 3019 177 43 Plymouth
3035 3026 95 33 News
3186 3029 34 32 of

2464 3074 69 34 21st
2572 3075 93 42 April
2702 3088 75 32 says
2794 3080 110 33 :We
2947 3093 70 28 can,
3057 3083 160 42 however,

2465 3130 155 47 cordially
2642 3137 210 33 recommend
2876 3139 141 42 patients
3041 3141 71 33 who
3137 3144 80 32 wish

2466 3195 31 24 to
2515 3189 111 32 obtain
2642 3190 123 34 further
2785 3193 213 35 information
3021 3208 35 21 as
3078 3203 32 27 to
3135 3200 84 32 their

2462 3245 146 43 physical
2624 3247 178 42 condition,
2820 3254 32 29 to
2869 3252 61 33 call
2946 3264 86 31 upon
3051 3255 51 32 Mr
3123 3256 94 39 Ellis,

2462 3302 65 32 and
2554 3314 47 21 we
2624 3305 60 31 feel
2708 3316 73 22 sure
2804 3307 78 42 they
2910 3308 67 33 will
3000 3310 103 32 admit
3128 3311 39 33 he
3191 3314 26 30 is

2462 3360 167 42 possessed
2654 3361 35 34 of
2708 3374 88 23 some
2813 3366 141 34 unusual
2977 3367 58 42 gift
3051 3368 36 34 of
3104 3368 112 46 giving

2462 3428 18 22 a
2497 3421 70 30 true
2583 3418 165 41 diagnosis
2765 3422 37 33 of
2814 3422 85 34 their

2642 3674 183 35 BULLEE
2853 3677 188 34 COUNTY.

2696 3801 169 37 NOTICE
2883 3805 26 34 is
2928 3804 122 48 hereby
3065 3808 96 45 given
3184 3810 34 35 in

2574 3869 100 28 terms
2696 3867 36 31 of
2752 3867 130 33 Section
2904 3870 40 32 49
2969 3871 34 31 of
3024 3872 53 32 the
3105 3873 109 34 Roads

2463 3924 65 34 and
2565 3926 136 45 Bridges
2745 3929 230 37 Construction
3013 3934 71 42 Act,
3126 3937 91 38 1882,

2464 3989 138 33 that:

2547 4057 28 30 1.
2600 4055 69 34 The
2705 4057 115 34 Buller
2856 4058 129 46 County
3017 4062 134 35 Council
3186 4066 34 34 in

2670 4121 208 44 conjunction
2913 4124 78 35 with
3022 4126 55 35 the
3119 4128 80 36 West-

2668 4189 74 38 port
2778 4185 156 46 Borough
2963 4189 146 42 Council,
3147 4204 53 32 pro-

2669 4260 76 31 pose
2776 4255 33 29 to
2833 4257 87 29 erect
2943 4265 20 21 a
2992 4255 118 44 Bridge
3141 4269 77 23 over

2669 4312 55 34 the
2750 4313 113 35 Buller
2890 4316 99 35 River
3015 4319 116 35 within
3160 4321 56 35 the

2669 4375 153 45 Borough
2867 4379 35 33 of
2941 4379 174 47 Westport,
3162 4384 55 35 the

2667 4442 174 33 estimated
2877 4448 68 29 cost
2976 4446 35 32 of
3044 4447 107 34 which
3191 4450 27 32 is

2671 4502 33 41 i'
2704 4502 116 41 20,743.

2543 4564 30 30 *2.
2598 4563 68 33 The
2691 4570 137 30 amount
2857 4567 36 33 of
2914 4568 56 33 the
2999 4572 113 44 yearly
3140 4584 58 33 pay-

2669 4636 109 28 ments
2794 4631 150 44 required
2959 4640 33 27 to
3010 4635 36 34 be
3064 4638 94 33 made
3176 4640 41 41 by

2669 4690 56 37 the
2749 4693 113 36 Buller
2884 4695 130 47 County
3037 4698 135 37 Council
3194 4702 26 33 is

2672 4756 86 35 259
2775 4760 17 31 5
2800 4768 10 22 *
2832 4759 42 34 9d
2888 4759 50 34 for
2953 4763 55 31 ten
3028 4773 104 34 years,
3157 4765 65 35 and

2670 4821 56 32 the
2743 4829 136 26 amount
2895 4826 36 30 of
2945 4825 54 32 tfee
3016 4829 119 40 special
3151 4835 69 27 rate

2671 4886 148 43 required
2836 4891 32 30 to
2884 4894 87 29 met
2988 4890 55 35 the
3060 4892 69 34 said
3145 4904 57 32 pay-

2670 4955 108 27 ments
2806 4951 64 32 will
2898 4951 39 34 be
2964 4955 75 32 3-16
3065 4955 35 32 of
3120 4956 40 32 Id
3187 4956 34 33 in

2673 5011 55 32 the
2757 5012 44 34 1
2825 5024 42 23 on
2894 5015 55 33 the
2973 5017 81 32 total
3077 5018 143 34 rateable

2671 5074 95 35 value
2789 5078 35 31 of
2845 5077 55 34 the
2927 5087 154 36 property
3105 5081 116 35 within

2673 5138 55 34 the
2742 5139 141 45 County.

2545 5202 31 32 3.
2601 5200 69 35 The
2716 5201 104 45 plans,
2864 5204 248 44 specifications,
3157 5208 65 35 and

2672 5264 139 36 detailed
2833 5268 167 34 estimates
3018 5269 37 33 of
3072 5271 54 33 the
3151 5282 51 31 pro-

2671 5330 101 41 posed
2799 5330 91 33 work
2919 5344 77 28 may
3025 5334 37 31 be
3088 5346 76 21 seen
3188 5341 34 28 at

2672 5391 55 33 the
2754 5391 130 44 County
2910 5393 111 40 Office,
3046 5396 174 43 Westport,

2671 5452 119 43 during
2815 5453 55 34 the
2893 5455 153 44 ordinary
3072 5457 147 35 business

2671 5515 109 32 hours.

2545 5575 29 33 4.
2599 5575 28 34 A
2651 5576 113 33 POLL
2785 5589 44 22 on
2853 5577 54 35 the
2930 5579 100 35 above
3055 5584 165 43 proposals

2672 5640 65 32 will
2766 5640 38 33 be
2831 5642 97 33 taken
2951 5654 42 22 on
3018 5645 201 44 MONDAY,

2670 5703 54 33 the
2752 5704 78 32 28th
2860 5705 64 43 day
2947 5706 38 33 of
3006 5709 212 40 September,

2671 5766 90 35 1885.

2787 5842 40 33 E.
2851 5842 204 44 O'CONOR,

2845 5906 130 45 County
2988 5910 187 36 Chairman.

2547 5965 129 46 County
2689 5965 111 43 Office,

2504 6029 174 44 Westport.
2697 6030 75 34 26th
2791 6032 135 44 August,
2946 6036 88 34 ISSd.
