3300 4400
217 119 420 279 Hot
777 119 700 279 Lakes
1617 119 1399 279 Chronicle.

453 470 216 38 -A-IfcTID
723 471 506 39 TOURISTS'
1298 470 4 40 i
1324 479 9 8 -
1351 475 86 19 D>m
1461 470 143 40 -

471 583 450 87 Circulating
943 583 456 86 throughout
1422 580 127 70 the
1573 580 289 71 Tourist
1907 583 305 71 Resorts
2260 588 82 67 of
2374 588 127 68 the
2546 588 266 72 World.

93 740 53 20 VOL.
161 741 19 16 4.
210 738 39 19 No.
267 739 35 17 198

1236 734 139 22 EOTORUA,
1392 734 58 21 N.Z.,
1467 733 186 22 WEDNESDAY,
1671 733 166 20 SEPTEMBER
1852 736 29 20 16,
1899 736 47 16 1896

2867 743 253 27 PKICE—THEEEPEN
3125 751 29 19 CE

94 824 21 25 BY
128 823 86 24 SPECIAL

325 823 152 25 APPOINTMENT

121 871 58 27 ASK
204 871 146 26 GROCERS
375 871 57 27 FOR

122 1139 161 27 CEYLON

124 1174 133 26 INDIAN
289 1174 31 27 &

122 1209 185 27 BLENDED

200 1250 154 19 AWARDED

99 1277 68 24 GOLD
178 1277 57 24 AND
245 1277 97 24 SILVER
353 1277 111 24 MEDALS

112 1318 60 26 Why
186 1319 46 26 buy
247 1318 97 21 Inferior
357 1318 57 21 Teas
428 1319 65 20 when

75 1351 34 20 you
122 1350 43 15 can
179 1346 38 25 get
231 1345 23 20 N.
271 1345 28 21 M,
315 1345 17 20 &
348 1345 55 21 Co.'s
417 1346 28 20 at
456 1345 38 21 the

74 1376 51 16 same
139 1371 68 26 price.
240 1371 36 20 All
289 1371 79 21 others
386 1377 40 15 are
440 1372 54 25 only

73 1398 64 25 copies
155 1398 25 20 in
198 1403 73 18 name,
285 1398 47 20 and
353 1403 39 15 are
406 1397 87 26 pushed

74 1425 27 21 for
113 1425 64 20 extra
191 1424 74 26 profit.

113 1459 14 13 A
135 1458 46 17 proof
191 1458 16 14 of
219 1458 27 14 the
257 1458 96 17 superiority
364 1458 16 13 of
388 1458 19 14 N.
421 1458 21 14 M.
451 1458 11 14 4

99 1475 38 14 Co.'a
146 1475 40 13 Teas
191 1475 14 13 is
215 1475 27 13 the
251 1475 31 13 fact
292 1475 34 12 that
335 1475 75 14 although
418 1474 44 14 there

98 1496 25 9 Are
131 1491 79 14 hundreds
221 1491 17 14 of
248 1491 55 16 packet
313 1492 33 12 teas
357 1494 19 10 on
388 1491 27 13 the
424 1495 30 9 mar-

99 1508 30 16 ket,
147 1508 18 14 N.
178 1508 21 13 M.
213 1508 12 13 St
240 1507 40 14 Co.'a
295 1508 39 13 Teas
348 1511 27 9 are
391 1507 16 13 in
424 1508 39 12 such

99 1524 63 14 demand
171 1524 36 14 that
219 1524 37 16 they
268 1524 28 14 sell
308 1524 54 16 nearly
373 1523 90 14 one-fourth

99 1541 15 14 of
130 1541 27 13 the
174 1541 49 13 whole
240 1540 16 14 of
273 1541 28 13 the
318 1541 26 12 tea
361 1540 88 14 consumed.

73 1560 97 26 SOLD
207 1559 286 26 EVERYWHERE

73 1646 19 3 -
150 1638 1 26 .
473 1638 28 26 r

153 1676 49 25 Do
216 1676 56 25 not
284 1675 120 31 Forget

153 1722 251 47 CRAIG'S

117 1788 166 19 CURIOSITY
303 1787 80 19 SHOP
402 1786 47 19 and

210 1814 143 23 MUSEUM>

141 1855 113 24 Opposite
261 1854 80 20 Grand
348 1853 76 24 Hotel,

104 1896 126 26 PRINCES
241 1896 44 28 ST,
296 1891 172 30 AUCKLAND.

153 2020 142 16 INSURS
320 2018 94 17 WITH

71 2055 46 16 THE
123 2054 82 16 SOUTH
212 2053 98 17 BRITISH
318 2053 77 15 FIRE&
404 2051 100 17 MARINE

141 2076 43 16 Coy.
195 2075 30 16 OF
235 2075 56 16 NEW
299 2074 123 16 ZEALAND.

70 2098 71 16 Cai'ltal
397 2096 105 18 £1,900,000

111 2119 96 16 Unlimited
221 2117 74 21 liability
304 2117 19 16 of
330 2116 129 17 Shareholders.

70 2141 53 18 Bring
132 2146 7 10 u
150 2140 77 16 Colonial
240 2139 103 16 Institution
358 2138 62 16 Profits
434 2143 29 10 aro
475 2137 18 16 in-

216 2160 59 16 vested
281 2159 69 21 locally.

70 2182 46 17 Head
133 2183 58 19 Office,
411 2180 92 15 Auckland

70 2204 47 17 Local
127 2206 54 18 agent
359 2201 12 16 J
388 2201 27 17 W.
423 2201 80 20 Wrigley

73 2267 208 45 Rotorua
305 2261 198 48 Sawmill

157 2322 248 54 Company.

78 2410 118 26 \T7HITE
209 2409 54 18 AND
281 2408 53 17 RED
353 2406 64 19 PINE
436 2406 20 17 of
473 2406 33 17 tho

82 2426 11 26 \
103 2438 9 15 T
155 2434 57 17 finest
220 2432 74 23 quality
303 2430 39 18 and
357 2430 92 22 carefully
465 2430 40 17 cut.

254 2455 66 17 ALSO

71 2485 87 27 Matai,
190 2483 128 27 Pukatea,
347 2481 52 23 and
426 2480 81 23 Tawa

108 2514 131 30 Shingles,
251 2512 116 30 Palings,
381 2510 98 24 Blocks

214 2544 52 24 and
272 2543 85 23 Posts-

94 2578 19 18 A
126 2576 54 26 good
191 2576 41 19 and
243 2574 91 20 assorted
344 2573 75 25 supply
429 2572 78 25 alwaj-s

71 2610 22 12 ou
104 2603 54 19 band
169 2605 21 17 at
199 2602 36 19 the
244 2601 84 19 Timber
337 2599 65 23 Yard,

193 2633 185 18 ROTORUH.

71 2663 161 27 N.B.—Special
241 2669 45 13 care
297 2662 64 19 taken
371 2661 21 19 in
410 2660 36 19 the
463 2666 34 13 sea-

245 2689 80 24 soning.

72 2729 105 19 PRICES
190 2727 40 19 AT
244 2720 144 25 CURRENT
401 2723 106 19 RATES.

110 2761 38 19 W.
162 2757 170 22 HENSHAW,
343 2756 120 23 Manager.

94 2813 89 23 (Under
190 2809 132 25 Vice-regal
336 2808 149 23 Patroriage.)

74 2880 65 44 TO
163 2881 15 16 T
196 2879 17 17 O
230 2874 17 22 U
247 2874 17 22 I
266 2878 16 17 R
299 2877 11 17 I
330 2876 45 17 ST
394 2874 18 21 S,
437 2874 42 17 ET
491 2876 17 15 c:

127 2903 226 18 BEATJTmT'IJ.PRESENTS
361 2903 43 13 -FOR
410 2901 67 14 HOME.
490 2901 3 20 ■

94 2928 50 21 Very
160 2925 112 18 Handsome
286 2923 64 18 Inlaid
370 2921 73 21 Tables;
459 2919 39 19 Cab-

72 2951 53 19 inets,
139 2949 65 22 Jewel,
213 2949 70 19 Cases,.,
290 2949 43 17 etc.,
349 2945 25 18 all
388 2944 60 19 made,
460 2944 50 17 from

73 2974 30 17 the
111 2974 57 16 finest
173 2973 20 17 of
197 2972 49 17 New
253 2969 104 19 Zealand's*
360 2969 67 16 Foifcst
431 2966 78 19 Woods.

73 2996 111 18 Patronised
191 2996 26 21 by
226 2995 37 17 His
271 2992 115 21 Excellency
395 2991 33 17 the
437 2990 47 18 Earl
490 2990 20 16 of

73 3020 93 23 Glasgow,
177 3018 54 19 K.C.,
247 3017 83 18 8.M.G..
348 3014 38 18 and
400 3013 67 22 nearly
484 3013 26 17 all

73 3044 31 16 the
112 3043 87 21 nobility,
210 3041 71 17 British
291 3039 36 18 arid
334 3038 83 22 Foreign
425 3037 84 19 Officers,

73 3067 37 16 and
118 3067 70 22 gentry
197 3065 43 18 Who
254 3064 50 20 have,
317 3061 69 18 visited
399 3060 48 17 New
462 3060 36 17 Zea-

74 3090 50 17 land.

104 3121 29 17 W.
146 3119 106 21 NORRIE,
263 3119 40 21 Top
312 3117 20 18 of
341 3114 144 31 Shortland-st^

182 3163 114 44 rfi
337 3161 37 42 r

74 3237 442 41 CIE3PEHMK,:

180 3283 104 19 FENTON
302 3279 105 22 STREET,'

169 3318 100 18 OrposiTE
318 3311 101 22 Gha>*d'."

99 3348 66 16 Sashes
174 3347 56 17 made
238 3345 24 18 to'
268 3345 61 18 order.

77 3466 126 33 barber',
212 3474 61 21 and
302 3469 211 23 hairdresser,

77 3517 122 43 BEGS.to
210 3509 112 51 announce'
326 3512 46 20 that
378 3512 26 18 ho
414 3509 40 21 has
460 3516 42 12 com-

144 3542 84 20 menced
238 3540 97 21 business,
343 3538 21 19 in
375 3537 34 19 the
426 3537 52 24 shop
492 3535 22 18 in

77 3573 34 18 the
126 3570 34 18 old
175 3572 61 19 town,
256 3565 97 24 formerly
373 3562 97 26 occupied
487 3561 28 24 by

77 3598 33 19 Mr
119 3591 128 26 MeEadvefi,'
254 3592 86 22 saddler,
346 3589 134 24 Vand'hopes
493 3589 22 17 to

78 3624 58 19 merit
146 3629 12 12 a
169 3614 136 26 shaVe'of'tb.e
316 3616 70 27 public
394 3616 93 24 support.

160 3651 77 23 RA2
237 3648 2 26 ,
244 3651 50 23 t>R
295 3648 1 26 ,
303 3652 28 19 S'
349 3648 77 21 SET.
458 3648 2 26 ■
494 3655 16 15 r

99 3724 23 18 A
131 3721 85 21 Choice
226 3716 153 24 Assortment
392 3715 27 18 of
430 3714 72 19 Tobac-

78 3752 44 18 cos,
134 3739 90 33 Cigars,'
231 3742 133 24 Cigarettes
369 3739 21 19 &
397 3737 101 21 Smoker
504 3741 11 13 s

78 3769 139 25 Requisites.
465 3769 3 25 .

124 3824 38 18 UC
169 3822 43 18 XL
217 3813 298 26 AND-ADVERTISING

106 3841 18 26 JL
176 3852 10 17 h
221 3841 2 28 ,
235 3841 113 21 AGENCY,
364 3854 30 10 ~.,
411 3852 5 11 ~
447 3860 19 4 ...
492 3841 1 28 .
505 3841 1 28 ,

101 3879 99 18 Victoria
213 3877 89 18 Arcade,
317 3873 73 19 Queen
407 3869 85 18 Street.

133 3938 123 20 Advertisine
262 3937 20 16 in
291 3934 26 19 all
329 3934 24 17 its
361 3931 100 18 branches.
484 3931 3 27 _

79 3965 53 19 Xew,
146 3963 77 21 Unique
239 3956 38 21 and
289 3954 87 21 Tasteful
392 3954 125 20 Advertising

251 3981 92 19 Medium.

102 4010 68 17 Orders
180 4008 49 17 from
238 4006 26 18 all
271 4005 54 22 parts
334 4000 92 19 attended
434 4000 22 16 to
470 4000 47 15 -with

80 4040 41 12 care
130 4032 37 18 and
176 4030 115 23 expedition..
435 4030 2 23 '
466 4030 2 23 ,

80 4161 123 25 Plumber
221 4158 21 23 &
252 4151 115 29 General
378 4148 78 25 Mech

172 4218 132 19 Tutanekai
325 4210 93 20 Street,

517 825 165 132 THE
720 825 541 132 GOVERNMENT
1310 822 533 112 SANATORIUM

810 996 182 42 ROTOR
1007 996 72 42 nji

1137 995 126 47 .new
1299 994 274 45 lEJimm.

518 1086 37 20 T>
562 1085 179 18 OTORUA.—This
750 1085 106 18 wonderful
863 1086 74 17 district
945 1086 15 17 is
969 1085 130 23 unparalleled
1107 1086 20 16 in
1136 1086 33 17 the
1176 1085 70 17 known
1255 1084 60 18 world
1324 1084 29 18 for
1361 1084 34 18 the
1403 1084 81 17 number
1491 1084 38 17 and
1538 1084 73 21 variety
1620 1084 20 17 of
1648 1083 25 18 its
1681 1084 89 17 Thermal
1779 1083 85 22 Springs.

518 1102 43 26 X\j
586 1109 25 17 As
620 1114 11 12 a
640 1109 64 16 health
714 1110 60 15 resort
783 1109 24 17 its
816 1107 109 25 popularity
933 1110 16 16 is
957 1109 75 22 rapidly
1040 1109 112 22 increasing,
1162 1108 38 18 and
1213 1108 43 18 that
1270 1107 81 23 entirely
1368 1113 25 12 on
1406 1107 25 17 its
1449 1113 42 11 own
1507 1107 71 21 merits,
1596 1112 20 12 as
1633 1107 84 17 hitherto
1733 1107 83 22 nothing
1832 1107 33 16 has

517 1133 47 16 been
573 1132 48 17 done
630 1132 19 17 in
658 1132 32 17 the
699 1137 43 17 way
750 1132 21 17 of
779 1132 122 23 advertising.
968 1136 24 12 -•".'
1073 1133 54 12 "."■'.

541 1156 85 17 Patients
635 1154 90 24 suffering
734 1155 49 16 from
793 1155 85 21 Chronic,
889 1156 101 19 Articular,
1000 1155 38 17 and
1046 1155 98 17 Muscular
1152 1154 128 20 rheumatism,
1291 1154 56 21 Gout,
1357 1153 103 18 Rhumatic
1466 1153 57 20 Gout,
1538 1153 46 17 Skin
1592 1153 92 20 Diseases,
1702 1153 86 20 Sciatica,
1806 1152 45 18 Lum-

518 1178 55 23 bago,
593 1178 110 22 Neuralgia,
721 1178 86 17 Nervous
824 1178 125 21 Exhaustion,
967 1178 78 20 Uterine
1061 1178 100 20 Ailments,
1179 1177 38 18 and
1233 1177 56 22 tardy
1306 1177 141 18 convalescense
1464 1176 49 18 from
1530 1178 55 16 acute
1601 1176 81 18 diseases
1698 1182 44 16 may
1758 1176 41 23 rely
1814 1181 52 17 upon

518 1201 99 23 obtaining
625 1202 91 16 immense
725 1201 59 21 relief,
795 1202 37 16 and
840 1203 20 15 in
867 1203 32 16 the
908 1202 90 22 majority
1007 1202 20 16 of
1035 1207 52 11 cases
1095 1208 11 10 a
1115 1201 92 22 complete

628 1241 85 4 .....
1049 1245 7 5 „
1098 1233 17 11 _:
1186 1236 23 15 :q:

541 1262 53 17 THE
607 1262 112 17 PRIEST'S
728 1262 147 17 BATH.—This
883 1263 16 17 is
908 1262 87 22 strongly
1004 1262 47 17 acid,
1065 1262 114 20 aluminous,
1194 1261 80 22 sulphur
1290 1262 64 19 water,
1373 1261 65 22 acting
1455 1266 20 12 as
1492 1266 11 11 a
1519 1260 93 23 powerful
1629 1260 43 17 skin
1687 1260 105 17 stimulant.
1826 1259 42 18 Hot

518 1286 38 17 and
565 1285 42 18 cold
616 1286 87 19 showers,
714 1285 37 17 and
761 1285 81 18 douches
851 1292 31 11 arc
891 1286 90 22 provided
990 1286 38 16 and
1036 1285 127 22 comfortably
1171 1284 87 18 enclosed
1266 1284 86 23 dressing
1360 1290 63 12 rooms

542 1309 114 17 MADAME
677 1309 126 17 RACHEL'S
824 1309 145 17 BATH.—This
978 1309 106 17 celebrated
1092 1309 72 22 Spring
1171 1308 15 17 is
1195 1314 11 10 a
1221 1307 63 18 Saline
1298 1309 59 15 water
1369 1307 49 17 with
1434 1307 91 21 Silicates,
1540 1307 37 17 and
1590 1307 35 17 has
1641 1312 24 12 an
1679 1307 83 17 alkaline
1778 1306 88 17 reaction.

518 1331 39 19 The
567 1333 57 16 water
633 1332 16 17 is
657 1331 40 18 also
706 1337 22 11 us
735 1331 17 17 >d
761 1331 102 23 internally
872 1333 29 16 for
909 1332 25 17 its
942 1331 98 18 beneficial
1048 1332 64 17 action
1120 1337 25 12 on
1153 1331 33 17 the
1194 1331 85 21 kidneys.

543 1355 52 17 THE
613 1355 79 18 BLUE:
705 1355 76 18 BATH.
783 1356 68 16 —This
867 1356 15 17 is
899 1356 34 19 the.
948 1356 71 22 largest
1035 1355 77 17 natural
1129 1354 107 23 swimming
1252 1354 47 17 bath
1313 1354 20 17 in
1348 1353 33 18 the
1397 1353 95 18 Southorn
1500 1353 131 22 Hemisphere.
1657 1354 20 16 It
1686 1353 69 18 affords
1763 1352 105 18 rheumatic

518 1378 81 17 invalids
608 1384 11 10 a
628 1384 63 11 means
701 1378 20 16 of
729 1376 68 23 taking
805 1378 81 22 painless
896 1379 86 19 exercise,
993 1378 61 17 which
1063 1378 47 22 they
1117 1377 69 23 highly
1194 1377 113 22 appreciate.
1637 1388 28 9 ...

543 1401 52 17 THE
604 1401 124 17 SULPHUR
736 1401 107 18 VAPOUR
851 1402 76 17 BATH.
929 1401 68 17 —This
1004 1401 14 17 is
1025 1408 10 10 a
1042 1401 77 17 natural
1124 1401 35 17 hot
1164 1406 77 16 vapour,
1247 1400 70 22 highly
1322 1399 84 23 charged
1411 1399 47 18 with
1463 1399 80 23 sulphur
1552 1405 59 17 gases,
1624 1399 105 18 conducted
1743 1399 40 18 into
1798 1405 11 11 a
1823 1404 33 17 pro-

519 1425 54 23 perly
582 1424 119 17 constructed
711 1424 58 20 chest,
779 1425 19 16 in
807 1425 61 17 which
874 1425 32 16 the
914 1425 32 17 the
952 1425 73 21 patient
1034 1425 39 19 sits,
1084 1424 59 19 while,
1148 1430 12 11 a
1167 1425 68 16 stream
1241 1424 20 16 of
1266 1423 87 22 palpable
1362 1423 81 22 sulphur
1448 1423 15 17 is
1468 1423 58 22 being
1533 1423 106 21 constantly
1646 1422 97 23 deposited
1749 1429 24 10 on
1780 1422 32 17 the
1819 1422 48 17 skin.

543 1448 52 17 THE
616 1448 60 17 NEW
697 1447 124 18 SULPHUR
841 1448 145 17 BATH.—This
999 1448 15 17 is
1028 1453 10 11 a
1050 1453 46 16 very
1109 1448 66 21 streng
1187 1446 59 18 acidic
1258 1448 59 16 water
1329 1446 20 18 of
1360 1446 48 22 high
1421 1447 132 22 temperature,
1567 1446 38 17 and
1621 1446 87 21 strongly
1726 1444 142 19 recommonded

520 1471 20 17 in
557 1476 49 12 cases
623 1471 21 17 of
659 1470 124 18 rheumatism
792 1471 38 17 and
838 1471 61 17 allied,
904 1471 86 17 diseases.
1014 1471 39 17 The
1061 1470 49 18 bath
1124 1470 59 18 house
1199 1470 15 17 is
1231 1469 75 17 divided
1322 1470 40 17 into
1379 1469 69 17 Ladies
1464 1469 37 17 and
1518 1469 121 18 Gentlemens
1656 1469 129 22 departments
1799 1468 38 17 and
1853 1468 15 17 is

521 1494 76 22 capable
606 1494 20 17 of
634 1494 165 22 accommodating
807 1495 34 16 400
850 1495 76 16 bathers
935 1493 57 24 daily.

544 1517 53 18 THE
605 1517 165 18 ELECTRICAL
778 1517 184 20 DEPARTMENT.
964 1517 68 18 —This
1041 1517 121 25 department
1177 1517 15 18 is
1209 1516 71 23 replete
1296 1516 47 17 with
1356 1516 33 17 the
1406 1517 50 16 most
1469 1516 77 17 modern
1564 1516 107 22 appliances
1687 1516 30 17 for
1733 1515 89 22 carrying
1836 1516 32 16 out

522 1541 73 17 various
604 1540 59 18 forms
672 1541 20 17 of
700 1540 80 17 medical
789 1541 92 17 electrical
891 1542 102 16 treatment
1002 1541 19 16 in
1030 1540 50 17 their
1091 1540 87 22 entirety.

546 1563 52 19 THE
604 1563 191 18 HYDROPATHIC
803 1563 116 19 PACKING
925 1564 53 16 AND
986 1560 119 21 MASSAGE
1112 1562 223 18 DEPARTMENT.—A
1343 1563 56 17 series
1404 1563 21 17 of
1430 1568 62 12 rooms
1498 1568 32 12 are
1539 1561 98 19 furnished
1646 1562 36 17 and
1692 1563 28 17 set
1726 1563 55 21 apart
1788 1562 30 16 for
1824 1561 44 17 each

522 1593 38 15 sex,
567 1587 20 17 in
593 1587 54 17 order
653 1588 20 16 to
682 1593 55 16 carry
743 1589 33 15 out
784 1587 39 18 this
828 1587 104 23 important
938 1587 79 23 adjunct
1023 1588 19 16 to
1049 1588 108 16 treatment.
1164 1587 39 17 The
1209 1587 77 16 services
1294 1586 19 17 of
1319 1592 10 11 a
1334 1585 90 23 qualified
1430 1586 95 17 Masseuse
1531 1585 38 18 and
1574 1586 85 17 Masseur
1668 1591 31 12 are
1707 1585 114 17 obtainable.

523 1643 89 18 Resident
621 1643 108 22 Engineer:

538 1667 8 14 .1
574 1666 2 18 '
593 1666 116 18 CAMILLE
722 1666 132 18 MALFROY,
865 1667 46 17 Esq.

1417 1641 90 18 Resident
1515 1642 82 16 Medical
1606 1641 170 23 Superintendent:

1494 1665 103 18 ALFRED
1610 1664 121 20 GINDERS,
1745 1664 54 18 M.D.

733 1954 59 24 Two
804 1954 70 23 miles
888 1953 75 32 from
982 1953 123 28 Rotorua,
1127 1951 134 32 adjoining
1275 1951 151 31 interesting
1436 1951 81 24 native
1529 1951 143 23 settlement.

1426 2006 268 56 OTEL.

612 2108 3 25 .
661 2108 3 25 :
1048 2108 308 25 PATRONS;

668 2151 54 20 Earl
747 2151 27 18 of
795 2150 107 23 Kintore,
929 2149 54 19 Earl
1008 2149 27 19 of
1057 2149 101 22 Onslow,
1180 2148 105 24 Marquis
1306 2148 25 19 of
1350 2147 130 24 Drogheda,
1503 2146 73 27 Lord,
1585 2146 146 24 Carrington.

528 2183 87 28 rpHIS
629 2183 94 19 HOTEL
733 2183 37 19 has
781 2182 89 24 recently
880 2183 53 18 been
942 2181 143 24 considerably
1093 2181 104 23 enlarged,
1208 2180 117 23 renovated,
1336 2180 41 19 and
1387 2179 130 19 refurnished
1527 2178 114 26 regardless
1650 2178 22 19 of
1687 2185 94 18 expanse,
1800 2178 41 19 and
1857 2178 17 21 is

534 2202 24 30 JL
594 2209 73 25 widely
677 2209 75 19 known
762 2209 33 18 for
804 2209 26 18 its
841 2208 99 19 excellent
950 2207 179 20 accommodation.
1141 2206 88 23 Cuisine,
1241 2206 34 19 &e.

903 2242 75 23 Here
990 2250 46 15 are
1047 2241 41 24 the
1103 2241 81 31 Chief
1191 2241 88 31 Sights
1291 2241 32 31 of
1330 2241 41 23 the
1382 2240 120 23 District.

656 2285 48 18 The
713 2283 142 20 Wonderful
863 2283 81 19 Steam
953 2283 46 18 and
1008 2283 49 18 Hot
1158 2281 130 24 Petrifying
1297 2281 100 22 Geysers
1411 2281 79 23 playing
1503 2281 66 21 nearly
1587 2281 32 17 100
1629 2281 46 17 .feet
1690 2280 54 22 high.

528 2309 132 23 Petrifying
669 2309 106 22 Geysers,
787 2307 129 19 Cauldrons
925 2306 27 18 of
957 2305 91 24 Boiling
1056 2305 59 19 Mud
1124 2305 46 18 and
1180 2305 41 19 Oil.
1248 2305 75 23 Spout
1331 2304 67 22 Bath,
1410 2304 36 19 Oil
1454 2304 65 22 Bath,
1530 2303 71 19 Alum
1610 2303 61 18 Bath
1679 2302 20 19 &
1714 2303 78 18 Jack's
1806 2303 66 19 Bath.

528 2333 123 19 Known-for
658 2333 35 17 the
700 2331 155 24 extraordinary
863 2336 58 13 cures
929 2331 20 18 of
959 2329 150 23 liheuniatism,
1120 2329 16 19 Is
1142 2329 97 24 omalgia,
1249 2329 113 25 Lumbago,
1371 2328 92 23 Sciatica,
1471 2328 88 24 Kidney,
1573 2327 61 18 Liver
1641 2327 41 18 and
1688 2327 58 18 other
1754 2327 120 25 complaints

645 2366 42 47 C.
714 2367 41 44 E.
777 2363 238 51 .NELSO.fi

940 2421 103 27 Guide

1477 2361 280 56 Proprietor.

827 2518 172 44 Mill

950 2578 40 25 On
1012 2579 41 24 the
1078 2579 91 23 Direct.
1192 2578 80 25 Route
1292 2581 23 20 to
1334 2578 120 23 Rotorua-

765 2620 46 19 For
828 2620 106 23 Scenery,
950 2619 109 19 Curative
1072 2618 132 24 Properties
1213 2619 26 18 of
1245 2618 41 19 the
1294 2618 73 18 Baths
1377 2618 46 18 and
1432 2617 207 22 accommodation,

611 2643 3 36 I
674 2651 123 27 EXCEL
828 2651 71 26 ALL
931 2651 139 25 PLAGES
1103 2651 46 25 OF
1179 2650 74 26 THE
1287 2650 87 26 KIND
1408 2650 32 26 IN
1472 2649 74 26 THE
1579 2649 161 25 COLONY.

557 2718 65 19 These
633 2718 93 24 Springs,
738 2716 66 20 which
814 2716 32 19 for
856 2715 54 19 their
929 2714 94 20 Curative
1033 2714 118 26 Properties
1161 2714 39 19 and
1211 2713 137 20 Comfortable
1359 2713 97 24 Fittings,
1466 2713 53 19 have
1530 2712 50 20 been
1597 2713 131 25 pronounced
1742 2713 29 25 by
1785 2714 28 19 all
1830 2713 45 20 who

531 2745 52 18 have
602 2744 75 19 visited
695 2743 57 19 them
769 2747 75 14 second
861 2747 24 12 to
903 2747 54 13 none
973 2747 23 13 in
1005 2741 59 23 ;New
1081 2740 106 19 Zealand.
1215 2740 43 18 The
1272 2745 109 13 numerous
1392 2739 134 19 testimonials
1536 2739 92 19 received
1638 2745 22 13 as
1672 2742 21 16 to
1701 2740 56 19 their
1766 2746 57 13 cures
1834 2740 41 19 and

531 2770 85 19 comfort
627 2769 76 20 should
721 2768 26 19 be
765 2768 98 19 sufficient
880 2770 22 15 to
918 2766 72 21 induce
1005 2765 100 26 Tourists.
1113 2766 39 20 and
1167 2767 67 18 others
1253 2768 19 17 to
1282 2766 47 19 visit
1340 2765 55 20 theai
1431 2765 33 19 No
1474 2768 58 16 estra
1541 2765 75 26 charge
1627 2765 17 19 is
1654 2765 60 20 made
1723 2766 32 19 for
1764 2766 35 19 the
1809 2772 36 13 use
1855 2766 20 19 of

531 2796 34 19 tho
576 2796 61 19 baths
647 2798 21 16 to
677 2801 84 19 persons
772 2794 81 25 staying
863 2796 21 16 at
894 2793 34 19 the
938 2792 61 19 hotel.
1185 2803 8 10 :,
1345 2792 3 28 .
1602 2808 196 5 ~....

851 2840 82 26 THE
959 2827 532 39 OKOR^mE^SANATORIUM

543 2885 37 22 ~ls
589 2883 110 20 connected
708 2882 50 19 with
769 2881 35 19 the
814 2881 134 25 Telegraphic
959 2884 74 21 system
1042 2881 26 18 of.
1074 2881 34 19 the
1119 2881 82 24 Colony,
1212 2880 34 19 the
1253 2880 116 25 Telegraph
1381 2879 61 20 Office
1453 2879 107 26 adjoining
1570 2879 35 20 the
1615 2879 71 20 Hotel.
1714 2879 36 23 All
1757 2880 118 25 Telegrams

532 2909 102 28 promptly
644 2908 78 25 replied
731 2911 27 16 to.
1437 2908 2 29 t
1456 2908 4 29 \

558 2935 96 23 Coaches,
666 2935 99 24 Buggies,
777 2933 41 19 and
828 2933 141 24 Conveyances
978 2933 21 18 of
1009 2933 27 18 all
1046 2933 61 18 hinds
1126 2933 57 18 leave
1200 2932 41 19 this
1258 2932 64 19 Hotel
1337 2938 26 13 on
1382 2930 111 26 Tuesdays,
1514 2931 123 25 Thursdays,
1656 2931 41 20 and
1716 2932 121 25 Saturdays,
1855 2938 22 13 or

532 2963 55 24 daily
597 2962 16 18 if
769 2960 88 19 Persons
876 2965 25 13 en
919 2961 57 19 route
995 2959 32 18 for
1045 2959 93 18 Botovuu
1151 2965 34 12 are
1204 2958 103 19 therefore
1326 2958 87 19 enabled
1433 2961 20 16 to
1472 2958 48 18 visit
1529 2958 35 18 the
1580 2958 92 19 wonders
1681 2958 22 19 of
1717 2958 103 24 Okoroire,
1837 2958 39 19 and

533 2989 60 25 enjoy
603 2987 36 19 the
649 2986 90 20 Natural
749 2982 44 23 Hot
802 2986 65 18 Baths
877 2985 39 18 and
925 2991 12 12 a
946 2984 57 25 day's
1013 2983 145 26 restprevioti's
1199 2984 138 25 undertaking
1347 2990 12 13 a
1369 2984 88 24 journey
1467 2986 20 17 to
1497 2984 36 19 the
1544 2983 72 19 Lakes.

801 3029 20 23 ,•'.
835 3026 49 26 '•::-''
917 3019 2 40 '
939 3020 13 35 \
965 3020 26 35 :[
952 3020 13 35 c
1004 3023 22 36 f
1032 3019 9 36 \
1056 3021 23 27 '■'!•
1092 3032 83 17 THIS
1199 3032 121 17 HOTEL.
1417 3036 6 15 .;
1433 3019 2 40 '

705 3062 45 21 Has
758 3061 90 26 recently
859 3061 49 19 been
919 3060 85 25 erected,
1013 3060 40 19 and
1068 3061 17 18 is
1095 3060 76 25 replete
1182 3060 49 19 with
1247 3067 60 18 every
1317 3061 87 18 comfort
1413 3060 32 19 for
1454 3059 93 20 Tourists
1556 3060 40 18 and
1606 3060 99 19 Invalids.

562 3086 186 24 Note.—Tourists
757 3090 22 17 to
789 3085 117 25 Bptorua!';
1120 3093 67 18 your.-,
1191 3087 37 19 rail
1230 3093 49 19 way
1284 3086 82 21 '.tickets
1385 3086 31 19 for
1433 3086 114 22 Orouoike.
1584 3086 143 25 Conveyances
1741 3088 55 18 meet
1813 3086 64 20 trains

534 3116 104 24 Okoroirej
649 3114 226 26 carrying..passengers
885 3116 21 16 to
916 3113 116 18 Hotelfree
1047 3113 21 18 of
1077 3113 82 26 charge.
1176 3136 6 3 _
1200 3111 4 31 _
1228 3135 12 7 __
1251 3111 28 18 .■'"'
1440 3123 14 16 j

705 3147 60 47 m
798 3146 381 51 CABLAGHAN,

1504 3146 254 54 Manager.

656 3425 64 54 E.
790 3411 476 67 ROBEFtT&ON
1332 3422 164 54 AND
1543 3422 209 56 GO'S

536 3499 15 10 -
563 3485 2 50 :
691 3485 3 50 '
742 3490 6 9 '
765 3485 2 50 ;
794 3486 244 49 EXPttESS
1075 3490 136 42 line
1230 3494 95 39 W
1352 3485 278 50 COACHES.'
1642 3488 5 23 :
1675 3490 14 24 ''
1701 3486 7 27 ;
1791 3489 34 22 '"•
1857 3485 3 50 ■

1362 3552 53 42 a§
1453 3556 26 43 P
1482 3555 55 34 ep
1565 3536 311 66 Timetables,

699 3615 275 21 TAURANGA-ROTORUA
986 3615 63 17 LINE

691 3650 68 22 depart
775 3646 2 26 •
788 3646 2 26 '
805 3647 87 22 Tuesday
901 3646 37 18 and
947 3646 93 22 Suturduy

690 3673 60 17 arrive
838 3684 12 7 ~
961 3672 2 19 ''
993 3672 11 18 ii

690 3696 67 22 depart
788 3700 21 14 u•
818 3696 1 22 ,
828 3707 22 7 „
962 3696 1 22 ,
979 3705 25 7 .>>

692 3719 60 18 arrive
791 3719 2 19 .
804 3719 3 19 ■
838 3730 11 8 „
877 3734 25 4 ~.
917 3730 34 7 ...
961 3719 2 19 .
993 3722 11 15 H

688 3742 67 21 depart
770 3738 2 25 .
802 3739 85 22 Monday
904 3738 38 18 and
958 3738 70 21 Friday

1075 3647 91 17 '•'S'a-.imi

1055 3670 51 16 10.30
1115 3675 44 11 a.mj

1055 3693 51 16 10.45
1115 3698 44 11 a.m.

1087 3714 73 23 '6l>.'iir;

1063 3738 3 20 ,
1096 3738 9 18 7
1115 3744 38 13 a,m-

1052 3761 52 16 ---12.30
1113 3766 45 16 p.m.

1052 3784 52 16 12.15
1113 3789 45 16 p.m.

1051 3807 1 21 ■
1056 3807 48 15 *'3.15
1113 3807 45 21 p^m.

1207 3646 85 18 Rotorua

1207 3669 98 17 Ateamuri

1207 3692 94 17 Wairokei

1207 3716 71 21 Taupo,
1292 3715 27 25 Jg|

1196 3738 81 21 ..Taupo,
1306 3740 13 14 V

1206 3757 94 21 \Vairakei

1204 3783 106 20 'Ateamuri,

1207 3806 90 20 Rotorua,

1385 3613 217 19 ROTORUA'-TATTPO
1619 3614 74 18 LIOTI.i
1757 3620 8 11 <:

1347 3645 68 23 depart
1422 3643 3 25 i
1462 3643 118 25 Wednesday
1597 3643 156 25 arid''Saturday'

1463 3737 99 22 Thursday
1576 3737 38 17 and
1630 3737 85 22 Monday

705 3864 126 35 Special
844 3864 229 30 Conveyances
1086 3862 158 31 arranged
1256 3860 49 26 for
1317 3861 33 25 at
1362 3860 55 26 the
1431 3860 146 26 Shortest
1588 3859 122 26 Notice.

862 3899 199 29 STABLES':
1080 3898 169 26 Tutanekai
1278 3897 111 30 Street,
1412 3896 142 25 Rotorua.
1687 3898 32 25 °-;-

700 3944 116 33 Buggies,
967 3939 52 33 qi?d
1036 3939 96 28 <§a<ddle
1259 3946 31 24 ©i?
1294 3937 64 31 J?ire
1376 3945 31 24 oi?
1426 3937 47 31 tfye'

1021 3980 131 16 TER7tfr.S
1179 3978 218 18 mODERKTS.
1491 3982 16 12 .-••
1529 3973 3 32 .
1554 3973 3 32 i
1605 3973 3 32 j
1608 3975 20 30 ft
1652 3975 34 27 Sji
1739 3977 5 3 '
1774 3979 5 17 •:
1797 3973 14 32 ''

887 4012 144 29 Telegrams
1044 4009 53 23 and
1106 4009 99 23 Letters
1214 4007 148 31 punctually
1376 4006 118 24 attended
1502 4007 30 24 tb.

539 4086 76 27 NB.
651 4082 116 28 Please
779 4079 74 27 note
866 4077 132 26 address
1030 4077 3 36 •
1407 4077 3 36 '
1468 4077 3 36 .

569 4111 8 8 '
658 4125 62 64 €.
771 4107 459 79 ROBfeRTSON
1275 4110 50 67 E
1359 4113 128 64 CO..
1524 4119 234 47 Rotorua.

631 4196 216 51 IfSole
869 4194 306 47 contractors
1198 4186 77 46 for
1288 4186 183 46 .Messrs
1491 4184 46 45 T.
1557 4182 129 49 Cook,
1705 4184 48 47 &
1773 4185 104 47 Son.

1889 839 437 61 GEYSER
2399 843 371 61 HOUSE

1916 953 340 59 Hydropathic
2278 957 161 55 Hotel,
2474 957 265 49 Wairakei.

2082 1037 38 19 Six
2129 1037 58 19 miles
2195 1037 53 19 from
2258 1037 57 20 Lake
2324 1039 71 25 Taupo
2406 1039 101 25 (Rotoiua
2516 1040 60 25 side.)

2065 1100 180 26 SUPERIOR
2265 1101 334 28 ACCOMMODATION.

2089 1157 51 17 ALL
2151 1157 53 17 THE
2217 1157 134 19 COMFORTS
2363 1159 32 17 OF
2408 1159 16 17 A
2437 1159 77 17 HOME
2526 1159 51 18 FOR

2135 1192 146 19 TOURISTS
2298 1193 65 19 AND
2377 1193 154 21 INVALIDS.

1890 1263 64 26 Hot
1978 1263 191 33 Swimming
2189 1265 111 31 Baths,
2326 1265 184 27 Kiri-o-Kai
2531 1273 36 19 or
2593 1268 79 26 New
2696 1268 81 26 Skin

1896 1307 5 5 J
1964 1304 94 32 Bath,
2071 1305 66 25 Hot
2150 1305 129 26 Douche
2293 1306 111 31 Baths,
2425 1307 111 26 Grand
2557 1308 145 28 Climate.

2007 1345 173 27 Elevation
2200 1347 91 31 1,350
2310 1347 64 27 feet
2387 1348 101 26 above
2502 1355 54 20 sea
2568 1349 92 27 level.

1891 1394 198 24 COMPETENT
2104 1395 121 24 GUIDES
2241 1403 122 19 accompany
2378 1398 84 18 tourists
2477 1401 21 17 to
2514 1399 35 19 the
2570 1399 81 19 various
2672 1400 67 25 places
2758 1401 21 18 of

2022 1422 90 22 interest,
2124 1422 63 19 which
2199 1422 59 19 baffle
2269 1423 37 18 the
2314 1426 52 16 most
2376 1423 60 19 facile
2446 1430 45 19 pen,
2503 1425 40 19 and
2560 1430 40 14 can-
2615 1425 48 26 only
2683 1426 24 19 be
2726 1427 42 19 real-

2022 1447 44 20 ized
2076 1447 59 20 when
2145 1454 52 13 seen.
2670 1463 39 4 ...

1893 1513 197 23 G9YS6R
2321 1515 91 19 contains
2428 1515 35 19 the
2482 1516 103 25 following
2603 1517 123 24 unequalled
2736 1517 29 19 Na-

1969 1540 56 17 tural
2045 1539 92 19 wonders
2159 1539 3 28 :
2166 1540 150 24 —Tuhuatahi,
2336 1548 23 11 or
2383 1541 62 20 Great
2469 1541 132 26 Champagne
2618 1542 113 25 Cauldron;
2745 1544 35 18 the

1970 1565 64 19 Great
2044 1565 107 19 Wairakei
2160 1565 77 25 Geyser
2246 1565 3 29 ;
2263 1567 34 18 the
2307 1567 86 25 Donkey
2404 1568 92 24 Engine;
2510 1568 35 19 the
2555 1568 53 19 Bath
2620 1569 19 18 of
2650 1569 34 19 tho
2695 1569 85 25 Fairies;

1904 1591 3 28 •
1931 1591 2 28 •'
1969 1591 36 18 the
2025 1591 115 24 Lightning;
2155 1591 63 28 Pool;
2233 1593 34 18 the
2284 1593 87 19 Cascade
2388 1593 82 23 Geyser,
2490 1601 21 12 or
2530 1594 100 25 Dragon's
2649 1595 84 24 Mouth;
2746 1595 35 19 tho

1970 1616 65 20 Black
2045 1617 89 24 Geyser;
2150 1618 34 18 tho
2197 1618 51 19 Mud
2260 1619 88 24 Geyser;
2363 1620 34 18 the
2416 1619 53 19 Blue
2485 1620 74 24 Lake;,
2565 1620 35 19 the
2617 1620 33 19 Oil
2668 1621 52 19 Bath
2729 1616 4 29 ;

1969 1643 84 25 Eagle's
2063 1643 61 28 Nest;
2139 1644 34 18 tho
2181 1644 77 19 Dovil's
2265 1645 73 20 Punch.
2344 1645 55 19 Bowl
2410 1643 4 28 ;
2430 1646 35 18 tho
2473 1646 72 19 Prince
2553 1646 22 19 of
2583 1646 76 19 Wales'
2669 1647 98 20 Feathers
2776 1643 4 28 ;

1970 1669 36 19 the
2025 1669 87 28 Mirror;
2128 1670 33 18 tho
2181 1670 57 19 Twin
2259 1670 88 25 Geyser:
2361 1672 35 18 the
2413 1672 60 19 Coral
2490 1669 88 28 Geyser;
2594 1672 34 19 the
2638 1672 66 20 Green
2719 1669 61 28 Pool;

1973 1695 129 19 Terekerehe
2113 1703 22 12 or
2154 1696 48 19 Hell
2222 1696 87 25 Geyser;
2329 1697 37 20 the
2386 1698 69 19 Steam
2475 1698 114 23 Hammer..
2608 1698 85 20 Guide's
2710 1700 32 19 fee
2761 1702 21 17 to

1971 1721 78 25 Geyser
2059 1721 79 26 Valley,
2150 1721 34 27 ss;
2199 1722 89 19 distance
2300 1724 51 18 from
2359 1724 35 18 tho
2408 1724 61 24 hotel,
2484 1726 6 16 1
2502 1724 54 19 mile.
2567 1741 8 2 ..
2588 1721 2 27 .

1895 1782 100 22 THG
2014 1780 338 25 HfteHTeHTSH
2363 1790 22 11 or
2403 1783 81 18 Ladder
2502 1783 84 25 Rapids.
2623 1783 42 19 The
2683 1784 100 20 Grandest

1972 1808 79 24 Rapids
2063 1808 20 18 in
2095 1808 34 19 the
2140 1808 99 19 Southern
2251 1808 146 26 Hemisphere;
2413 1809 74 25 falling
2503 1809 20 18 in
2540 1809 31 19 six
2590 1809 82 19 distinct
2690 1811 92 19 cascades

1973 1836 96 23 amongst
2079 1834 62 19 weird
2152 1834 39 19 and
2201 1835 80 25 rugged
2298 1841 82 16 scenery
2400 1834 103 20 'Distance
2521 1835 53 19 from
2593 1835 34 20 the
2644 1835 61 25 hotel,
2726 1837 56 19 three

1891 1874 11 7 ...
1949 1860 2 26 .
1973 1860 65 21 miles.
2066 1860 74 21 Saddle
2151 1860 69 19 horses
2230 1863 20 16 to
2259 1861 48 18 visit
2321 1861 35 19 tho
2369 1861 80 25 Rapids
2463 1862 23 18 7s
2496 1862 24 18 6d
2531 1861 55 20 eadh.

2148 1926 22 12 or
2180 1919 34 19 the
2224 1919 77 19 Devil's
2311 1919 97 26 Trumpet
2427 1921 17 17 is
2463 1921 43 18 said
2525 1923 21 16 to
2564 1921 49 19 emit
2632 1928 12 12 a
2660 1928 93 19 pressure-
2763 1922 20 19 of

1976 1946 70 18 180lbs
2057 1947 21 17 of
2088 1949 64 15 steam
2164 1948 20 16 to
2194 1946 35 18 the
2239 1945 52 23 inch,
2304 1947 52 18 from
2367 1952 25 13 an
2410 1950 93 21 aperture
2514 1947 21 18 of
2553 1947 63 19 about
2634 1947 71 19 twelve
2714 1948 69 19 inches

1973 1972 22 18 in
2006 1972 105 18 diameter.
2141 1972 96 18 Distanco
2256 1972 19 18 fr
2288 1979 20 11 m
2329 1972 54 19 hotel
2400 1972 60 19 three
2479 1973 40 19 and
2539 1980 12 11 a
2570 1973 43 19 half
2631 1973 68 24 miles;
2713 1973 70 21 saddle

1972 1999 72 18 horses
2054 2001 20 16 to
2082 1998 48 19 visit
2140 1997 35 19 the
2184 1997 71 23 above,
2265 1999 23 17 2s
2298 1998 25 19 6d
2334 1998 56 20 each.

1898 2058 101 23 THB
2018 2058 142 23 HUKH
2178 2058 165 25 FHLLS,
2360 2057 34 19 the
2413 2056 100 20 Grandest
2531 2057 55 19 Falls
2596 2058 19 19 in
2634 2058 35 19 the
2687 2058 95 19 southern

1977 2084 137 25 hemisphere.
2143 2084 42 18 The
2196 2083 55 19 Falls
2262 2091 43 17 may
2319 2084 24 18 bo
2353 2083 72 19 visited
2437 2089 24 13 on
2470 2084 35 18 the
2517 2090 54 12 same
2590 2084 115 25 expedition
2716 2091 22 12 as
2748 2085 34 18 the

1975 2109 81 20 Devil's
2066 2110 105 25 Trumpet.
2201 2109 95 19 Distance
2307 2110 52 19 from
2369 2109 54 19 hotel
2435 2110 56 18 three
2502 2110 39 18 and
2552 2117 12 11 a
2580 2110 43 19 half
2632 2110 68 24 miles;
2714 2110 68 19 saddle

1973 2136 61 19 horse
2044 2135 103 27 or.buggy
2158 2137 22 18 2s
2190 2135 26 19 6d
2230 2136 56 18 each.

2454 2195 327 55 Proprietress.

2099 2341 59 26 Hot
2185 2341 96 25 Lakes
2300 2342 33 24 of
2351 2341 69 25 New
2439 2339 144 27 Zealand.

2037 2608 28 18 IS
2078 2608 22 18 A
2113 2607 192 19 FIRST-CLASS
2318 2607 206 19 TEMPERANCE
2537 2606 107 19 HOTEL.

1987 2676 237 22 HIN9MOH
2241 2676 198 23 STREET,
2460 2674 237 24 ROTORUH.

1898 2740 83 44 THIS
1994 2740 61 18 NEW
2067 2740 55 18 AND
2135 2739 189 19 COMFORTABLE
2337 2739 216 17 ESTABLISHMENT
2561 2734 16 22 is
2586 2736 81 19 situated
2675 2737 20 17 in
2704 2737 32 17 the
2744 2741 41 12 new

1959 2764 102 22 township;
2065 2764 19 17 of
2093 2764 90 20 Rotorua,
2192 2763 49 17 close
2250 2764 20 16 to
2279 2763 32 16 the
2320 2763 127 16 Government
2460 2761 121 19 Sanatorium
2594 2761 39 18 and-
2645 2761 64 20 Baths,
2724 2759 61 18 which

2219 2786 90 22 comprise
2318 2786 33 17 the
2359 2785 105 18 celebrated

1898 2815 92 19 Priest's
1999 2815 66 23 Bath,
2077 2815 108 18 Madame
2193 2814 87 19 Rachel
2288 2814 79 22 Baths,
2378 2814 139 18 Chameleon
2527 2813 94 18 Douche
2631 2812 65 22 Bath,
2712 2811 74 23 Large

1967 2839 58 18 Blue
2034 2838 138 23 Swimming
2181 2838 65 22 Bath,
2263 2837 102 23 Sulphur
2377 2836 95 23 Vapour
2481 2836 61 18 Bath
2550 2836 46 18 and
2605 2834 111 20 Galvanic

2254 2860 98 23 Battery
2360 2860 65 21 Bath,

1898 2886 68 18 OVER
1978 2885 93 18 WHICH
2087 2883 86 21 LARGE
2190 2884 117 17 BATHING
2325 2883 140 18 PAVILIONS
2485 2883 71 17 HAVE
2577 2882 70 17 BEEN
2667 2880 118 19 ERECTED

2003 2909 45 17 with
2058 2914 101 11 numerous
2168 2907 90 23 Dressing
2274 2907 76 20 Rooms,
2360 2909 34 15 etc.
2420 2906 76 17 Besides
2504 2906 52 17 these
2565 2906 54 17 there
2626 2906 15 16 is
2650 2905 31 17 the

1898 2932 134 19 Pain-killer
2043 2931 67 22 Bath,
2126 2930 133 23 Coffee-pot,
2274 2930 132 22 Camerpn's
2419 2929 47 18 and
2481 2929 127 18 Hinemaru
2622 2928 73 18 Baths
2707 2927 25 19 in
2745 2927 41 19 the

2189 2952 2 20 .
2202 2952 150 20 Sanatorium
2368 2952 114 19 Grounds.

1899 3000 113 19 Bathgate
2032 3000 73 18 House
2123 2998 36 19 has
2176 2998 51 19 been
2246 2998 80 24 greatly
2343 2997 97 24 enlarged
2455 2997 32 19 for
2503 2996 91 19 Tourists
2611 3003 22 12 as
2652 2995 47 20 well
2714 3001 23 13 as
2756 2994 31 23 for.

1917 3033 20 8 .--
1945 3033 16 3 ■-■
2135 3024 72 26 people
2220 3024 72 25 taking
2303 3030 11 12 a
2325 3029 68 16 course
2403 3024 21 18 of
2434 3024 35 18 the
2479 3022 72 19 Baths.

2105 3065 43 11 ••..■■
2154 3057 32 20 TE
2186 3057 16 20 :
2208 3058 20 19 R
2237 3059 24 17 M
2271 3059 15 18 S
2307 3059 25 18 M
2341 3059 19 18 O
2370 3059 21 18 D,
2399 3058 18 18 E
2427 3059 76 17 RAT
2512 3058 25 18 E.

2075 3121 54 35 S.
2177 3121 52 35 T.
2281 3121 46 34 B
2352 3121 40 33 R
2418 3121 114 34 3N
2556 3120 51 37 T,

1898 3172 28 14 ~;.:
1935 3165 2 21 .
1946 3165 4 21 •.
2222 3165 242 17 PHOPR.cTOR.

1900 3193 125 18 N.B.—Most
2034 3195 21 17 of
2063 3195 54 17 those
2126 3195 42 17 who
2177 3195 43 17 visit
2229 3195 75 17 Brent's
2312 3196 24 17 do
2345 3201 20 12 so
2374 3196 85 21 through
2467 3196 33 18 the
2514 3196 45 17 kind
2573 3196 180 18 recommendations
2769 3197 18 17 of

1917 3219 4 25 v
1943 3228 9 12 >
1956 3226 5 18 ]
2015 3219 2 25 .
2072 3219 2 25 .
2097 3219 26 25 •'"
2194 3221 16 14 ~i
2216 3222 5 13 '■■
2239 3219 87 22 previous
2335 3221 108 15 customers.

2794 807 214 47 IMPERIAL
3064 815 119 45 MOTL

2835 864 122 24 PORT
2980 868 193 26 STREET.

2926 904 159 22 AUCKLAND.

2820 967 95 25 Splendid
2930 970 165 20 accommodation
3107 973 31 18 for
3149 974 49 19 Tour-

2795 993 36 18 ists
2840 993 39 19 and
2888 993 115 21 Travellers.

2812 1031 180 32 High-class
3010 1034 108 27 Wines
3138 1038 60 25 and

2905 1065 112 33 Spirits
3030 1067 81 33 kept.

2841 1145 39 24 W.
2914 1145 30 25 H.
2974 1147 198 33 PEARCE,

2920 1183 175 32 Proprietor.

2877 1239 15 17 L
2917 1239 60 22 E-.N
3009 1242 14 15 A.
3054 1241 15 17 L
3101 1242 15 16 V
3148 1244 14 15 O
3194 1244 22 20 N,

2900 1281 108 17 SYMONDS
3024 1283 94 21 STREET,

2800 1310 92 21 (Formerly
2900 1310 27 16 Sir
2938 1311 49 16 Fred.
3000 1312 103 17 Whitaker's
3114 1314 104 20 Residence,)

2939 1340 95 21 Telephone
3048 1343 36 15 54i.

2821 1369 16 15 A
2845 1369 40 16 Few
2893 1369 60 17 Liidies
2961 1371 33 15 and
3003 1370 98 17 Gentlemen
3114 1377 31 11 cnn
3158 1373 20 15 bo
3191 1378 19 10 ac-

2800 1390 114 16 commodated
2919 1392 40 14 with
2963 1392 75 20 superior
3042 1392 53 16 Bourd
3102 1392 14 17 &
3122 1394 97 15 Residence.

2821 1419 36 16 The
2866 1420 50 15 hmiso
2924 1421 14 14 is
2946 1421 73 16 situated
3027 1421 16 16 in
3049 1421 46 21 large
3101 1422 80 20 grounds,
3188 1423 33 15 and

2801 1441 96 15 commands
2905 1442 107 19 magnificent
3021 1443 50 15 views
3079 1443 18 15 of
3106 1444 28 15 the
3142 1444 79 16 harbour.

2822 1470 63 16 Tenuis
2893 1470 60 17 Lawn.

2822 1499 35 16 Ten
2866 1500 79 16 minutes'
2954 1501 44 16 walk
3008 1501 42 16 from
3059 1501 28 16 the
3095 1501 40 16 Post
3143 1502 51 17 01.^

2823 1529 40 16 Curs
2873 1530 32 15 and
2914 1530 60 16 Busses
2983 1536 37 15 pass
3029 1531 29 16 the
3063 1533 79 14 entrance
3152 1534 44 18 gate.

2803 1573 47 26 W.
2863 1573 36 26 H.
2918 1574 29 26 &
2965 1575 37 26 H.
3029 1575 32 27 O.
3090 1576 134 34 Wright,

2875 1622 128 22 SUBGEON
3016 1625 135 20 DENTISTS.

2848 1692 120 24 (Successors
2978 1695 19 16 to
3008 1693 24 19 A»
3044 1694 22 18 L.
3081 1694 126 26 Wright.),..

2830 1726 71 23 Notify
2910 1726 43 19 that
2963 1727 46 24 they
3019 1734 33 12 are
3062 1729 117 25 continuing
3189 1730 35 19 tho

2805 1751 94 20 Business
2909 1755 20 16 at
2937 1752 33 19 the
2980 1752 98 21 Premises
3088 1755 33 25 top
3128 1755 20 18 of
3156 1755 57 20 Short-

2805 1778 124 18 land-street.
2956 1778 40 19 The
3007 1779 109 25 high-class
3133 1782 54 18 work
3203 1782 21 18 of

2805 1803 33 20 the
2848 1803 40 19 late
2899 1804 31 18 Mr
2939 1804 23 19 A.
2972 1804 22 19 L.
3006 1805 82 25 Wright
3099 1806 40 19 will
3147 1806 26 19 be
3189 1808 24 18 ad-

2805 1829 60 19 hered
2876 1832 24 21 to,
2912 1830 39 19 and
2961 1837 38 18 any
3014 1830 37 20 left
3067 1832 114 19 unfinished
3198 1834 26 24 by

2805 1856 44 19 that
2859 1856 113 25 gentleman
2984 1856 38 20 will
3032 1857 25 19 be
3073 1858 109 24 completed
3198 1859 26 25 by

2897 1881 33 19 tho
2937 1889 42 12 new
2989 1886 145 22 management.

2805 1915 113 25 Telephone
2928 1917 42 18 657.

2840 1969 22 26 J.
2883 1969 31 26 H.
2934 1969 259 34 BUCHANAN,

2878 2019 93 26 Stone
2984 2020 170 27 Merchant.

2896 2065 173 19 ESTABLISHED
3087 2068 48 17 1802.

2829 2114 114 23 Statuary,
2970 2115 158 20 Monumental
3160 2117 44 18 and

2920 2138 95 19 General
3024 2138 87 20 Mason.

2806 2173 104 17 MARBLE
2920 2174 14 16 &
2940 2173 147 19 FREESTONE
3095 2175 131 18 CHIMNEYS

2828 2196 95 21 PIECES,
2940 2197 124 21 MANTELS,
3080 2198 81 20 VASES,
3172 2199 31 18 &o.

2833 2230 135 27 VICTORIA
2986 2231 116 26 STREET
3118 2232 81 30 EAST,

2808 2269 418 38 HUCKLHND.

2831 2330 87 26 Designs
2936 2331 39 19 and
2992 2331 66 19 Prices
3076 2332 111 20 forwarded
3205 2335 21 17 to

2806 2363 39 18 any
2853 2359 46 23 part
2908 2357 20 18 of
2938 2357 33 19 the
2982 2357 95 20 Province
3087 2364 21 13 or
3116 2358 75 26 Colony
3200 2365 26 13 ou

2806 2383 126 24 application.

2856 2439 159 46 Steele
3038 2441 133 45 Bros.

2820 2538 183 41 MARAEROA
3048 2538 167 42 SAWMILL.

2808 2648 40 17 XJ
2874 2646 51 23 past
2940 2645 76 19 favors
3030 2646 46 18 and
3090 2645 44 24 beg
3152 2647 24 17 to
3191 2652 26 13 an-

2808 2674 87 14 nounce
2904 2669 51 18 that
2963 2669 85 23 having
3056 2674 15 13 a
3083 2669 62 23 large
3160 2670 67 17 stock

2808 2692 25 19 of
2842 2692 170 18 well-seasoned
3020 2692 119 18 first-class
3146 2692 83 19 timber

2808 2721 28 12 on
2845 2715 60 18 hand
2914 2715 54 23 they
2977 2720 38 13 are
3024 2715 109 23 prepared
3140 2716 25 17 to
3172 2716 56 17 fulfil

2808 2739 77 18 orders
2893 2739 24 17 at
2925 2738 98 18 reduced
3031 2739 68 17 rates.

2810 2806 34 31 HT
2897 2805 48 32 AT
2998 2805 165 21 TTAKEISON,
3175 2805 46 17 B.A.

2841 2868 141 18 BARRISTER
2994 2868 52 17 AND
3056 2867 137 21 SOLICITOR,

2820 2909 38 19 118,
2879 2908 96 17 Victoria
2994 2907 87 21 Arcade,
3102 2907 116 18 Auckland.

2809 2987 90 18 Barrister
2911 2986 36 18 and
2961 2986 84 18 Solicitor
3059 2986 20 17 of
3094 2986 32 17 the
3142 2987 88 21 Supreme

2899 3010 62 20 Court,
2968 3009 82 20 Ontario,
3058 3010 80 16 Canada.

2811 3242 72 17 Losses
2891 3241 50 18 Paid
3113 3240 118 20 £20,000,000

2812 3273 48 17 Fihe
2873 3273 97 16 Premium
2986 3271 92 17 Exceeds
3125 3271 107 20 £1,000,000

2811 3304 147 17 Accumulated
2962 3303 68 17 Funds
3035 3302 81 19 Exceed
3125 3301 107 22 £1,000,000

2879 3342 37 19 W.
2937 3341 94 19 WARD
3048 3341 110 22 BAKER,

2843 3381 95 20 District
2946 3381 114 22 Manager,
3071 3380 127 19 Auckland.

2895 3421 37 19 W.
2945 3421 27 18 A.

2868 3461 69 18 Local
2956 3459 83 23 Agent,
3064 3459 110 20 Rptorua.

2864 3538 105 42 DAVID
2999 3537 181 47 SHERRIFF,

2860 3596 16 13 *
2893 3594 263 42 FAMILY&VtcIbER,

2813 3709 2 25 '
2836 3711 21 19 Is
2876 3715 43 15 now
2937 3709 94 25 carrying
3048 3710 26 18 ori
3093 3709 139 19 the''business

2811 3746 60 24 lately
2891 3744 109 19 conducted
3019 3741 27 27 b'y
3154 3743 77 19 Jecklin

2812 3780 38 18 aiid
2860 3779 73 23 Cotter,
2945 3778 40 18 and
2995 3778 16 18 is
3022 3777 96 25 prepared
3129 3781 19 15 to
3161 3777 71 25 supply

2811 3814 34 19 the
2855 3813 67 25 public
2932 3813 47 18 with
2991 3812 62 25 prime
3060 3812 78 24 quality
3147 3811 21 19 of
3180 3812 52 17 meat

2811 3848 39 19 and
2859 3847 57 19 small
2926 3847 63 25 goods

2883 3890 35 19 AT
2932 3889 120 20 LQWEST
3060 3888 102 20 PRICES.
3184 3888 3 21 •

2837 3970 171 24 WYNYARD
3022 3966 182 29 &PUBCHAS,

2871 4021 127 20 Barristers
3005 4025 43 13 and
3055 4019 118 21 Solicitors,

2812 4075 78 19 B.N.Z.
2898 4075 115 22 Chambers,
3022 4072 97 23 QueenSt,
3128 4071 104 19 Auckland

2825 4193 14 19 T
2843 4186 16 26 V
2900 4201 52 18 gnge
2961 4194 21 18 of
2996 4192 97 20 Freehold
3107 4191 40 19 and
3161 4191 60 21 Lease-

2811 4221 47 19 hold
2867 4223 94 21 property
2971 4221 20 17 at
3001 4221 78 17 current
3087 4220 59 16 rates.

1992 3328 229 48 RO&ERT
2254 3329 254 48 FUR.NESS
2540 3330 46 46 &
2618 3330 85 49 Co.;

1938 3429 381 28 MANUFACTURERS
2356 3431 71 26 AN
2440 3431 28 25 D
2488 3431 271 31 .IMPORTERS,

2094 3521 182 38 PORT
2310 3512 291 46 STR^6t,

2037 3643 160 25 KOTORtTA.

1922 3876 145 23 (OnH.minuto's
2075 3875 51 18 walk
2134 3876 49 17 from
2189 3876 32 17 tbe
2227 3876 73 18 Govern-

2051 3900 53 16 ment
2112 3898 76 23 Buths.)

2020 4000 190 22 T6RMS:

1926 4042 45 24 35s
1979 4049 47 24 per
2044 4042 89 29 week;
2152 4043 29 23 6s
2195 4050 46 23 per
2249 4043 58 30 day.

1927 4080 62 24 Two
1999 4081 92 23 weeks
2100 4087 28 16 or
2138 4080 99 31 longer,
2253 4082 54 23 30s.

1935 4162 29 31 C.
1997 4161 136 33 HAWKER
2161 4161 140 39 WILSON,

2028 4215 186 18 PEOPEIETOR.

2384 3644 114 23 Visitors
2509 3645 27 21 to
2549 3644 45 22 the
2608 3643 54 24 Hot
2670 3644 91 23 Lakes.

2389 3746 174 46 Palace
2598 3745 158 54 Hotel,

2361 3810 97 19 ■situfit'3-
2474 3811 21 18 in
2511 3810 43 19 'the
2578 3810 50 19 New
2642 3809 4 22 :
2650 3809 45 20 G-o'v
2697 3815 90 16 eminent.

2359 3836 106 24 Township
2481 3834 216 27 in''ciHJM**'proximity
2714 3840 21 15 to
2754 3837 33 18 the

2359 3863 70 22 Baths,
2447 3862 133 22 Sanatorium,
2601 3862 48 19 Pout
2669 3862 63 19 Office
2749 3862 38 19 aid

2359 3890 91 22 Kai.wpy
2458 3890 86 19 Statioi'.
2568 3898 20 12 ■•.

2384 3940 41 19 The
2438 3940 59 19 Hotel
2509 3939 16 19 is
2541 3938 126 26 luxuriously
2683 3938 104 20 furnished

2359 3967 37 18 and
2409 3966 77 23 replete
2496 3965 46 19 with
2550 3971 57 18 every
2616 3964 134 21 convenience
2758 3967 29 17 1-or

2359 3992 85 20 tourists
2454 3991 39 20 and
2502 3990 74 21 others.
2606 3991 19 18 ]t
2646 3998 11 12 c
2671 3991 92 19 iniiuinds
2778 3998 9 11 a

2359 4018 91 25 splendid
2461 4018 47 18 view
2519 4018 21 17 of
2551 4017 34 18 the
2593 4016 55 19 Lnke
2658 4017 38 19 and
2705 4017 17 18 is
2732 4017 46 19 ivith-

2359 4044 19 20 in
2389 4051 46 17 easy
2446 4050 66 12 access
2525 4043 20 19 of
2562 4042 34 19 the
2611 4043 79 24 Geyser
2704 4043 83 25 Springs

2360 4071 20 17 of
2392 4069 184 21 Whakarewarewa;
2586 4076 22 10 ar.
2613 4069 12 18 d
2636 4069 26 18 all
2674 4069 33 19 the
2725 4068 62 25 sights

2360 4096 21 19 of
2391 4096 34 19 the
2436 4095 83 19 district.

2373 4123 33 18 All
2417 4121 217 25 telegrams''promplj'y
2644 4120 95 20 attended
2747 4123 28 17 to.

2425 4189 86 32 JOHN
2539 4189 182 36 JOHNSTON,

2493 4234 167 17 PIIOPKIETOR.
