3300 4400
1089 1764 125 19 VISITORS'
1227 1766 62 17 LIST.

1037 1811 89 18 Brent's
1138 1811 112 18 Bathgate
1263 1812 76 18 House.

995 1839 81 22 Captain
1085 1841 38 16 and
1132 1840 40 17 Mrs
1183 1839 118 24 Sundstrum,
1308 1841 98 24 Dunedin;

971 1862 107 19 Mesdames
1096 1863 22 18 E.
1136 1863 57 20 Lake,
1209 1863 97 23 Waikato;
1329 1865 77 23 Caplen,

971 1885 92 23 Hawera;
1080 1886 99 19 Wiseman,
1190 1887 105 18 Auckland.
1321 1888 28 17 Dr
1357 1890 21 16 B.
1386 1890 20 17 T.

972 1909 79 20 Russell,
1060 1910 83 17 Ireland:
1156 1910 70 17 Messrs
1233 1910 75 23 Reaney
1314 1912 81 23 Welling-

971 1934 34 15 ton
1013 1932 4 24 ;
1032 1932 78 22 Powell,
1117 1933 92 20 Johnson,
1221 1933 85 23 Sydney;
1327 1935 79 21 Martin,

972 1956 47 22 Fiji;
1035 1956 69 22 Coopo,
1113 1956 99 25 Waikato;
1227 1957 76 23 Caplen,
1313 1957 92 24 Hawera;

972 1978 136 23 MoLauchlan,
1119 1978 128 25 Canterbury;
1263 1981 84 20 Cottrell,
1366 1982 27 17 Na-

971 2003 50 22 pier;
1041 2003 102 21 Wiseman,
1158 2003 113 22 Auckland;
1285 2004 121 19 Archdeacon

972 2025 82 22 Stocker,
1070 2025 134 24 Invercargill;
1217 2027 54 17 Revs.
1279 2027 113 18 MrMcPher-

972 2055 39 14 son,
1021 2049 110 21 Auckland;
1146 2049 49 22 Isitt,
1207 2050 139 19 Christchureh.
1360 2052 47 17 Miss

972 2072 87 20 Graham,
1070 2073 107 17 Auckland.

1101 2119 84 18 Geyser
1200 2120 77 17 Hotel.

995 2148 106 17 Mesdames
1116 2149 23 17 do
1153 2149 89 21 Kontski,
1260 2148 64 25 Paris;
1339 2149 67 24 Baber,

971 2171 113 22 Tauranga;
1098 2172 81 20 Russell,
1189 2173 100 19 Adelaide;
1299 2173 107 21 Polloxfen,

971 2194 80 18 London
1058 2201 5 14 ;
1078 2195 56 20 Giles,
1153 2192 105 21 Auckland.
1282 2196 67 17 Misses
1359 2197 47 21 Pox,

972 2217 79 18 London
1061 2217 4 25 ;
1080 2218 75 21 Munro,
1174 2219 100 17 Auckland
1282 2217 3 25 ;
1299 2220 106 22 Heywood,

971 2241 106 22 Hewlings,
1096 2242 139 17 Christclmrch.
1269 2243 70 17 Messrs
1353 2243 54 18 Mac-

972 2264 74 20 Tavish,
1052 2264 96 22 Dunedin;
1157 2265 77 19 Gibson,
1243 2265 98 23 Kennedy,
1349 2267 47 17 Well-

971 2288 69 22 ington
1047 2288 4 24 ;
1066 2288 47 21 Fox,
1124 2288 86 23 Barclay,
1221 2290 64 19 Moon,
1292 2290 51 17 M.P.
1353 2290 41 22 Eng-

972 2311 50 20 land,
1030 2311 3 22 ;
1048 2311 90 19 Dawson,
1145 2312 90 17 Adelaide
1243 2311 4 22 ;
1258 2312 67 21 Gould,
1334 2313 63 18 Christ-

972 2335 70 17 church
1051 2335 4 23 ;
1070 2335 79 21 Holder,
1167 2335 147 23 Johannesburg
1323 2335 4 23 ;
1350 2337 57 21 Giles,

972 2358 69 17 Brown
1051 2358 37 17 and
1098 2364 40 14 son,
1155 2359 100 17 Auckland
1262 2358 3 21 ;
1280 2359 67 20 Baber,
1358 2360 37 17 Tau-

972 2386 70 18 ranga;
1064 2381 93 22 Wendall,
1182 2382 119 21 Shoemaker,
1325 2382 24 18 U.
1360 2384 18 17 S.
1385 2384 22 17 A.

972 2405 51 20 Best,
1033 2405 26 16 Te
1071 2405 78 17 Whaiti.

1106 2452 45 17 The
1164 2452 111 17 Langham.

997 2482 40 18 Mrs
1046 2482 60 21 Covil,
1120 2483 47 17 Now
1180 2483 102 22 Plymouth
1289 2482 4 23 ;
1308 2484 46 17 Miss
1369 2484 27 18 Ed-

974 2505 66 21 wards,
1062 2505 100 24 Hastings.
1196 2507 70 18 Messrs
1282 2507 126 22 Wetherston,

973 2528 77 24 Tui'pin,
1066 2529 127 21 Strathinoro;
1212 2529 87 25 Hughes,
1316 2531 91 21 Reefton;

974 2552 83 19 Milinoe,
1068 2552 92 25 Hawera;
1176 2553 82 22 Malone,
1273 2552 134 25 Invercargill;

974 2575 94 22 Munrow,
1080 2576 109 21 Auckland;
1205 2577 105 20 Litchfield,
1325 2578 72 18 Quoons-

973 2598 55 22 land;
1043 2599 65 21 Dunn,
1118 2599 60 21 Covil,
1188 2599 47 19 New
1244 2600 109 22 Plymouth.

1111 2646 85 17 Mokoia
1208 2647 63 17 View.

997 2677 70 17 Messrs
1073 2677 113 21 Waddharu,
1193 2677 65 22 Little,
1263 2679 78 20 Winter,
1346 2679 51 17 Auck-

974 2700 45 17 land
1026 2700 4 25 ;
1065 2701 111 21 Stevenson,
1203 2702 76 21 Dwyre,
1305 2702 90 23 England
1404 2700 4 25 ;

974 2723 115 23 Thompson,
1099 2724 82 23 Napier;
1197 2724 64 21 Small,
1271 2725 98 18 Gishorne.

1123 2781 145 18 MARRIAGE.

997 2827 227 18 Kusatis—Pkxx.—On
1233 2829 76 21 August
1325 2829 49 20 18th,
1390 2830 21 16 at.

974 2850 26 17 St.
1012 2851 99 21 Stephen's
1120 2850 82 22 Church,
1212 2851 115 21 Ashburton,
1338 2852 24 22 by
1378 2853 33 17 the

974 2874 45 16 Rev.
1024 2874 31 16 Mr
1061 2874 87 21 Thomas,
1154 2874 76 17 Charles
1234 2874 88 18 Edmund
1327 2875 82 21 Kusabs,

973 2896 51 18 third
1040 2897 39 17 and
1096 2900 96 19 youngest
1207 2903 33 12 son
1258 2898 20 17 of
1293 2898 32 18 Mr
1343 2896 67 25 Henry

974 2920 80 20 Kusabs,
1070 2920 19 17 of
1103 2921 87 22 Ohaupo,
1207 2922 20 16 to
1244 2921 47 17 Cora
1308 2922 23 17 A.
1349 2922 60 21 Penn,

973 2943 68 18 second
1048 2943 95 23 daughter
1152 2944 20 17 of
1179 2943 33 18 Mr
1221 2944 66 22 Hemy
1300 2945 59 21 Penn,
1376 2945 22 17 In-

973 2968 73 21 spector
1056 2967 115 17 Permanent
1192 2968 53 22 Way,
1262 2968 79 21 N.Z.R.,
1359 2969 38 17 Ash-

973 2990 75 17 burton.

972 3044 57 37 THE
1048 3044 57 37 HOT
1124 3044 95 37 LAKES
1238 3044 172 37 CHRONICLE

972 3081 438 36 AND

972 3117 219 37 Tourists'
1215 3117 195 37 Journal.

972 3154 146 36 WEDNESDAY,
1133 3154 131 36 SEPTEMBER
1279 3154 43 36 16,
1337 3154 73 36 1896.

996 3236 47 15 Mis*
1135 3234 102 18 advertises
1244 3235 29 17 for
1281 3236 39 17 two
1329 3241 70 17 appren-

974 3258 45 18 tices
1030 3258 29 18 for
1073 3258 33 18 the
1120 3259 137 22 dressmaking.

996 3290 39 17 The
1052 3291 101 21 Tauranga
1167 3290 67 17 Tennis
1249 3290 49 17 Club
1310 3290 17 17 is
1339 3290 71 23 having

974 3314 31 17 the
1014 3314 62 16 tennis
1085 3313 76 23 ground
1176 3312 92 24 prepared
1280 3314 29 16 for
1317 3314 33 16 the
1356 3319 39 12 com-

972 3337 35 22 ing
1015 3342 72 12 season.
1112 3337 18 17 A
1143 3337 43 17 hint
1194 3338 20 16 to
1223 3342 34 11 our
1265 3336 45 18 local
1329 3337 81 22 players.

996 3369 33 16 Mr
1037 3368 22 17 G.
1070 3368 74 17 Burton
1162 3368 59 16 draws
1238 3368 94 17 attention
1349 3370 21 16 to
1378 3368 32 18 the

974 3392 38 16 fact
1021 3392 43 16 that
1073 3391 23 17 he
1105 3391 33 17 has
1147 3390 84 18 received
1239 3391 29 17 his
1277 3397 41 11 new
1327 3392 82 17 season's

974 3415 64 22 goods.

997 3446 38 18 The
1045 3446 77 23 sittings
1131 3446 21 17 of
1165 3446 33 16 the
1214 3445 64 17 native
1294 3445 45 17 land
1356 3448 54 16 court

974 3470 47 16 have
1028 3470 47 16 been
1086 3469 75 17 further
1169 3469 104 22 adjourned
1282 3470 19 16 to
1311 3469 32 17 the
1358 3470 52 20 23rd,

974 3493 43 17 inst.
1031 3493 36 17 His
1076 3493 68 16 Honor
1152 3491 63 23 Judge
1223 3492 71 17 Wilson
1299 3491 15 18 is
1321 3493 89 22 expected

975 3517 19 16 to
1004 3516 60 17 arrive
1073 3516 44 17 here
1125 3515 51 22 early
1186 3516 46 16 next
1240 3514 58 18 week.

997 3547 39 17 The
1053 3547 59 22 peach
1129 3548 49 15 trees
1195 3552 31 11 are
1242 3546 19 17 hi
1277 3546 35 17 full
1328 3547 82 17 blossom

974 3571 58 22 along
1038 3571 33 16 the
1081 3570 73 17 Rotoiti
1171 3570 54 17 shore
1236 3569 38 18 and
1292 3575 11 11 a
1319 3570 90 22 plentiful

975 3600 43 16 crop
1027 3594 15 16 is
1051 3593 68 18 looked
1128 3594 30 16 for
1166 3593 38 17 this
1212 3598 50 16 year.
1287 3593 40 17 The
1335 3594 73 17 natives

974 3623 44 11 aver
1027 3617 43 17 that
1079 3617 46 21 they
1133 3617 48 16 have
1197 3615 84 23 recently
1298 3622 43 11 seen
1358 3618 52 16 trout

973 3641 19 16 in
1005 3641 32 16 the
1042 3640 50 17 hike.

997 3672 38 16 The
1042 3672 56 17 usual
1106 3671 88 22 monthly
1203 3671 76 21 sittings
1296 3671 19 17 of
1324 3671 32 17 the
1365 3672 30 16 Ma-

974 3695 96 22 gistrate's
1075 3695 59 17 Court
1143 3694 44 17 take
1197 3694 52 22 place
1258 3700 24 11 on
1297 3693 70 23 Friday
1375 3695 23 17 be-

974 3719 40 16 fore
1026 3718 109 17 Lieut-Col.
1145 3718 86 16 Roberts.
1258 3717 29 17 On
1297 3718 113 22 concluding

974 3742 32 16 the
1014 3742 86 16 business
1108 3741 45 17 here
1162 3740 40 18 Col.
1212 3740 80 18 Roberts
1300 3746 46 17 goes
1354 3747 25 11 on
1388 3742 19 16 te

973 3765 71 22 Taupo.

997 3794 38 16 The
1050 3793 74 17 Kuirau
1132 3793 34 17 has
1175 3792 57 23 again
1242 3791 61 18 raised
1324 3792 24 17 its
1362 3792 48 18 level

974 3817 37 16 and
1017 3817 33 16 the
1065 3817 127 21 temperature
1209 3815 38 17 also
1264 3815 34 17 has
1306 3815 102 17 increased.

973 3840 39 17 The
1022 3839 78 17 outflow
1113 3839 92 19 however,
1214 3838 16 17 is
1239 3838 55 17 small
1310 3839 100 22 compared

973 3864 20 16 to
1000 3863 52 16 what
1059 3863 16 16 it
1084 3868 38 11 was
1136 3861 96 22 formerly,
1242 3861 38 17 and
1308 3861 33 17 the
1360 3863 37 16 tem-

973 3887 88 21 perature
1069 3885 16 17 is
1095 3886 32 16 114
1137 3885 42 22 dog.
1189 3884 73 18 instead
1279 3884 19 18 of
1308 3886 38 16 170.

997 3915 15 17 A
1026 3914 33 17 list
1068 3914 20 17 of
1097 3919 63 12 causes
1165 3919 79 16 appears
1252 3912 20 18 in
1289 3912 31 18 the
1331 3914 68 17 Oovent-

974 3938 45 17 ment
1030 3937 71 18 Gazette
1116 3938 20 16 to
1153 3937 23 17 he
1190 3936 59 17 heard
1261 3936 26 22 by
1296 3937 32 16 the
1338 3937 69 17 Native

973 3960 54 18 Land
1045 3961 60 16 Court
1121 3960 69 22 sitting
1205 3960 20 16 at
1242 3959 89 17 Rotorua.
1370 3960 39 17 The

972 3983 126 23 applications
1106 3984 82 20 relating
1197 3984 20 15 to
1226 3982 54 17 lands
1287 3982 18 17 in
1313 3983 32 16 the
1352 3982 42 18 Mak-

972 4010 32 14 etu
1013 4006 74 18 district
1096 4006 38 17 will
1140 4006 24 17 be
1172 4005 106 23 adjourned
1294 4006 20 16 to
1331 4005 78 18 Maseru

972 4031 14 16 if
996 4031 32 16 the
1037 4030 69 22 parties
1115 4029 103 17 interested
1226 4029 59 16 desire
1292 4028 21 18 it.

995 4062 39 16 The
1059 4061 42 17 first
1121 4060 130 23 performance
1275 4059 20 18 of
1312 4060 32 17 the
1360 4060 49 18 local

972 4085 93 17 dramatic
1073 4083 44 19 club
1133 4084 39 16 will
1181 4083 42 17 take
1231 4083 53 22 place
1298 4089 25 11 on
1331 4083 48 17 Nov.
1391 4085 16 15 U.

972 4108 39 17 The
1027 4107 53 23 piece
1093 4109 20 15 to
1121 4107 24 17 bo
1155 4105 66 24 staged
1229 4106 15 17 is
1319 4107 76 21 Slmugh-

973 4137 46 11 raun
1059 4130 37 17 and
1116 4130 61 17 under
1200 4130 32 16 the
1253 4130 77 21 capable
1355 4130 54 22 stage

973 4154 134 22 management
1116 4154 20 16 of
1144 4153 32 17 Mr
1181 4152 66 23 Mayes
1257 4152 37 17 will
1312 4152 96 18 doubtless

972 4183 56 15 prove
1037 4184 12 10 a
1062 4182 78 12 success.

1457 155 39 17 The
1521 155 79 19 Woikeao
1610 155 59 18 Times
1685 156 15 18 is
1709 163 43 11 now
1768 157 59 23 being
1843 157 18 17 is-

1434 178 46 17 sued
1500 184 21 11 as
1538 185 13 10 a
1567 185 61 15 penny
1644 180 81 22 evening
1741 186 65 16 paper.
1838 180 31 17 Mr

1434 201 56 17 Bond
1497 201 16 18 is
1523 203 18 15 to
1548 202 23 16 be
1589 202 121 17 commended
1723 204 30 16 for
1761 203 30 17 bis
1807 204 52 16 enter-

1434 224 56 22 prise.

1458 256 39 16 The
1514 256 40 22 Buy
1563 256 23 21 of
1600 256 64 22 Flinty
1676 257 58 17 Times
1751 258 58 16 states
1827 257 42 17 that

1454 284 11 11 a
1473 284 111 17 newspaper
1591 279 15 17 is
1613 280 20 16 to
1642 279 23 17 be
1671 280 73 18 started
1752 282 21 16 at
1786 280 70 17 Whaka-

1434 303 44 15 tane
1488 303 18 15 at
1516 308 24 10 an
1550 302 51 22 early
1609 302 49 20 date,
1668 303 20 16 in
1705 305 80 21 support
1801 304 21 16 of
1838 303 31 17 the

1434 324 123 17 candidature
1563 325 21 17 of
1591 331 24 10 an
1624 325 113 22 Opposition

1458 357 16 15 A
1483 356 80 22 petition
1571 356 16 17 is
1596 362 42 11 now
1644 357 20 16 in
1672 363 65 11 course
1744 358 20 16 of
1772 357 97 22 signature

1434 381 90 19 amongst
1539 379 33 17 the
1589 379 72 17 natives
1683 379 43 18 here
1751 381 69 21 asking
1837 380 32 17 the

1434 402 128 17 Government
1571 404 20 15 to
1599 404 57 21 grant
1665 403 51 17 them
1733 404 33 17 the
1783 399 53 27 right
1850 404 19 16 of

1434 425 71 22 fishing
1513 425 46 17 with
1567 426 42 16 nets
1617 426 19 16 in
1645 426 33 17 the
1686 426 49 18 lake.
1761 426 52 22 They
1822 426 47 17 have

1434 448 97 22 evidently
1537 449 57 16 taken
1601 449 49 16 their
1657 455 33 11 cue
1696 450 49 17 from
1752 450 32 16 Mr
1789 449 69 17 Cheese-

1434 472 60 16 man's
1502 472 83 17 remarks
1594 472 19 16 in
1622 478 35 11 our
1664 472 38 18 last
1708 473 57 17 issue.

1457 500 31 17 An
1510 500 112 24 interesting
1634 502 64 17 native
1711 501 73 23 fishing
1801 501 56 22 imple-

1434 526 52 14 ment
1495 529 43 16 may
1547 530 42 11 now
1599 524 23 17 be
1630 531 43 10 seen
1679 526 20 15 at
1707 525 33 16 Mr
1747 524 85 20 Lakin's,
1849 524 19 17 in

1433 546 34 17 the
1483 547 58 24 shape
1550 548 20 16 of
1578 553 11 11 a
1601 547 57 23 kapu,
1668 554 22 11 or
1704 548 48 21 drag
1760 549 33 15 net
1809 552 48 17 appa-

1434 571 52 17 ratus
1508 570 46 19 used
1570 571 19 16 in
1613 576 10 12 a
1629 567 73 26 itching
1715 571 71 17 kakal.i
1810 570 58 23 (fresh

1435 595 58 16 water
1500 593 92 23 mussels.)
1617 595 19 16 it
1648 595 16 16 is
1679 595 20 16 of
1707 594 99 22 ingenious
1824 599 33 11 con-

1434 616 84 19 trivance
1526 618 37 17 and
1573 616 62 18 would
1650 618 50 17 form
1709 623 10 10 a
1736 616 88 18 valuable
1833 616 23 17 ad-

1434 639 59 17 dition
1502 642 21 16 to
1531 646 38 17 any
1577 640 104 18 collection.

1458 672 39 17 The
1514 672 51 22 slope
1582 673 19 16 of
1625 672 85 17 Pukeroa
1725 672 87 22 fronting
1835 672 33 17 the

1434 695 51 17 main
1493 695 47 17 road
1546 696 33 16 has
1587 696 46 16 been
1643 694 78 23 planted
1731 695 46 17 with
1794 694 74 18 various

1433 717 55 17 kinds
1497 719 21 16 of
1526 719 116 17 ornamental
1651 720 49 16 trees
1708 719 38 16 and
1755 718 68 17 shrubs
1831 718 37 17 and

1434 740 38 18 also
1482 747 60 15 grass.
1567 741 40 18 One
1624 747 21 12 or
1661 743 39 16 two
1716 741 21 18 of
1752 741 33 17 the
1801 747 67 17 young

1433 763 64 22 plants
1504 764 87 17 however
1602 765 47 16 have
1658 764 77 22 already
1741 765 58 16 fallen
1806 771 12 10 a
1822 770 46 16 prey

1433 788 20 15 to
1462 789 52 20 stray
1523 788 57 16 cattle
1588 788 37 16 and
1632 793 51 12 some
1698 789 50 20 steps
1761 787 68 17 should
1845 787 23 18 be

1434 809 56 18 taken
1499 812 21 15 to
1529 811 62 22 guard
1606 811 53 17 them
1676 811 75 22 against
1760 811 65 17 future
1836 813 22 15 at-

1433 833 50 17 tack.

1457 860 22 17 In
1490 861 31 16 Mr
1529 861 92 22 Rcaney's
1636 861 70 18 annual
1719 863 64 21 report
1799 862 21 17 to
1836 861 33 18 the

1432 883 65 17 Lands
1506 884 130 22 Department,
1645 884 61 17 which
1712 891 28 10 we
1754 890 80 17 propose
1848 886 21 15 to

1432 907 76 21 publish
1518 907 19 17 in
1546 909 76 15 extenso
1635 909 47 15 next
1694 908 55 19 issue,
1756 908 24 16 he
1796 913 60 11 recom-

1433 929 65 18 mends
1510 930 32 17 the
1555 931 123 21 expenditure
1695 931 20 17 of
1732 931 50 17 £IOO
1799 929 20 18 in
1832 931 20 17 im-

1432 953 82 21 proving
1522 953 32 17 the
1563 953 45 18 road
1617 955 20 16 to
1646 953 82 19 Wairoa.
1754 954 19 17 It
1782 953 14 18 is
1809 955 21 16 to
1845 953 24 18 be

1432 976 62 22 hoped
1504 976 42 17 that
1554 976 38 17 this
1598 983 45 16 very
1651 983 99 16 necessary
1759 976 51 17 work
1820 976 49 17 from

1432 1005 11 10 a
1451 999 69 17 tourist
1524 999 54 22 point
1587 1000 20 16 of
1615 1000 47 17 view
1669 1000 38 17 will
1714 1000 23 17 bo
1749 999 72 18 carried
1836 1002 33 15 out

1432 1022 63 17 before
1504 1023 33 17 the
1545 1028 65 12 season
1618 1029 65 16 opens.

1455 1049 38 18 The
1508 1056 45 16 very
1577 1050 91 18 desirable
1685 1051 95 17 residence
1795 1056 24 11 on
1836 1051 33 16 the

1432 1072 86 19 Utuhina
1527 1074 65 17 Creek,
1610 1074 104 22 belonging
1731 1075 20 16 to
1768 1074 31 17 Mr
1813 1073 19 17 J.
1841 1074 26 16 11.

1431 1096 75 22 Taylor,
1516 1096 15 17 is
1540 1098 20 16 to
1569 1096 32 18 let.
1623 1098 39 16 The
1671 1097 58 17 house
1737 1098 37 16 and
1783 1098 86 19 grounds

1431 1119 49 17 form
1490 1125 24 11 on
1523 1119 48 17 ideal
1589 1120 53 22 bijou
1657 1120 101 18 residence.
1784 1120 59 17 There
1852 1120 16 16 is

1431 1141 63 24 ample
1503 1143 89 23 stabling,
1603 1149 24 12 an
1645 1144 93 17 excellent
1752 1143 117 17 bath-house

1432 1166 45 17 witli
1487 1166 33 17 hot
1529 1166 77 17 mineral
1615 1169 64 17 water,
1696 1173 10 10 a
1722 1167 147 21 bathing-stage

1432 1194 23 11 on
1465 1189 32 17 the
1505 1190 53 16 creek
1575 1190 36 17 and
1628 1196 25 11 an
1670 1190 93 17 excellent
1777 1190 45 17 boat
1839 1190 30 16 for

1431 1211 33 17 the
1477 1218 32 11 use
1519 1213 20 16 of
1544 1213 32 16 the
1587 1214 70 15 tenant.

1455 1241 16 17 A
1504 1242 144 21 correspondent
1681 1242 79 23 signing
1791 1242 76 16 himself

1581 1266 59 16 wants
1653 1267 20 15 to
1688 1266 57 16 know
1775 1265 52 17 what
1836 1265 32 17 the

1431 1287 87 17 mischief
1526 1288 33 17 the
1568 1288 57 17 Town
1634 1289 64 17 Board
1715 1294 55 12 mean
1778 1288 26 22 by
1814 1288 41 17 fenc-

1431 1310 34 23 ing
1474 1310 28 17 off
1506 1310 31 18 the
1544 1311 264 18 Whakarewarewa-Maketu
1815 1312 52 16 road.

1431 1333 41 17 One
1481 1340 66 11 corner
1554 1334 21 17 of
1580 1334 31 18 the
1619 1335 99 22 Cemetery
1725 1336 52 16 fence
1784 1334 84 18 includes

1431 1356 59 17 about
1498 1363 11 11 a
1518 1357 53 17 chain
1582 1358 19 16 of
1610 1358 31 17 the
1648 1359 45 17 road
1702 1359 20 17 in
1734 1358 88 23 question
1831 1358 37 16 and

1430 1380 16 16 if
1454 1380 16 17 it
1479 1385 47 12 were
1536 1387 97 16 necessary
1650 1383 19 16 to
1687 1382 62 17 divert
1765 1381 33 18 the
1814 1381 54 17 track

1431 1402 33 18 the
1473 1403 62 17 Board
1544 1404 63 23 might
1621 1405 48 17 have
1686 1405 73 18 formed
1774 1411 11 10 a
1800 1404 67 17 decent

1430 1426 58 18 bitrof
1497 1427 45 17 road
1551 1427 19 17 in
1579 1427 37 18 lieu
1623 1428 20 17 of
1652 1428 33 18 the
1691 1429 75 22 portion
1773 1428 92 16 annexed.

1454 1454 17 17 A
1480 1455 84 22 meeting
1569 1461 37 11 was
1615 1455 44 18 held
1666 1456 19 17 in
1700 1456 33 18 the
1747 1456 120 17 schoolroom

1430 1477 37 17 last
1475 1477 56 23 night
1546 1478 30 17 for
1591 1479 33 17 the
1636 1485 81 16 purpose
1730 1479 21 17 of
1759 1479 83 21 forming
1857 1484 10 11 a

1430 1500 59 17 ladies
1509 1501 111 21 committee,
1645 1504 20 16 to
1681 1503 56 17 assist
1754 1503 19 16 in
1796 1501 71 23 raising

1431 1523 57 17 funds
1497 1524 29 17 for
1535 1524 33 18 the
1575 1526 81 17 erection
1671 1527 21 16 of
1707 1526 33 17 the
1756 1525 99 22 Presbyter-

1430 1547 31 17 ian
1472 1547 80 17 Church.
1587 1549 16 17 A
1608 1550 108 16 committee
1725 1550 20 17 of
1753 1548 59 18 ladies
1829 1554 38 11 was

1431 1571 103 21 appointed
1555 1571 45 17 with
1620 1578 65 16 power
1700 1574 21 16 to
1742 1571 38 18 add
1796 1574 21 15 to
1834 1571 33 17 the

1430 1594 85 17 number.
1537 1594 40 17 Mrs
1591 1595 104 18 Robertson
1711 1601 38 12 was
1764 1594 103 23 appointed

1431 1616 104 19 President.
1551 1617 41 18 Mrs
1601 1619 84 22 Murray.
1704 1620 104 20 Secretary,
1827 1617 38 17 and

1430 1640 47 18 Miss
1508 1641 100 21 Thomson,
1634 1643 106 17 Treasurer.
1780 1641 87 17 Another

1431 1663 84 25 meeting
1526 1663 37 21 will
1571 1667 23 17 be
1602 1665 44 17 held
1655 1672 25 11 on
1688 1665 87 22 Tuesday
1783 1665 53 17 next.

1453 1698 24 16 In
1500 1698 85 17 addition
1603 1700 20 15 to
1640 1698 50 17 their
1706 1697 62 17 offices
1785 1698 20 16 at
1832 1696 33 17 the

1431 1721 80 17 Thames
1520 1721 38 17 and
1567 1721 130 20 Coromandel,
1707 1721 71 17 Messrs
1786 1719 52 18 John
1849 1719 16 17 I.

1431 1744 73 23 Philips
1512 1745 38 16 and
1565 1745 39 19 Co.,
1619 1745 76 22 Mining
1705 1744 110 21 Surveyors,
1825 1743 39 19 &c.,

1430 1768 48 16 have
1493 1768 72 22 opened
1574 1774 11 11 a
1593 1768 71 17 branch
1674 1769 19 16 at
1707 1767 78 21 Paeroa,
1805 1765 60 18 which

1431 1790 38 18 will
1476 1791 23 17 be
1507 1791 59 17 under
1572 1791 32 17 tho
1611 1791 69 23 charge
1688 1792 20 16 of
1717 1791 31 17 Mr
1755 1790 21 17 F.
1786 1790 23 16 A.
1817 1789 36 17 Cut-

1429 1815 39 19 ten,
1486 1814 20 18 C.
1521 1815 23 16 E.
1559 1815 37 17 late
1611 1815 56 17 Chief
1678 1815 102 21 Engineer,
1796 1813 71 17 Mount

1429 1837 55 22 Lyell
1490 1838 76 22 Mining
1571 1838 36 17 and
1617 1838 84 22 Railway
1711 1837 40 20 Co.,
1759 1836 106 17 Tasmania.

1430 1861 23 16 In
1462 1861 85 17 addition
1562 1863 20 15 to
1588 1862 73 22 mining
1667 1867 77 16 surveys
1752 1860 39 17 this
1799 1859 43 17 firm
1851 1858 15 18 is

1429 1884 21 17 in
1469 1890 10 11 a
1505 1884 82 22 position
1603 1886 19 16 to
1640 1886 78 16 execute
1743 1881 123 24 engineering

1430 1907 58 18 work.

1454 1937 20 17 It
1483 1937 34 17 has
1526 1936 46 17 been
1582 1936 78 18 decided
1669 1938 19 16 to
1706 1936 43 23 give
1758 1942 11 11 a
1786 1935 68 23 compli-

1429 1961 87 21 mentary
1527 1960 65 16 dinner
1599 1961 20 16 to
1629 1960 31 16 Mr
1668 1960 37 17 and
1716 1961 40 15 Mrs
1763 1959 101 19 Johnston,

1429 1983 38 18 late
1476 1983 21 18 of
1505 1983 32 17 tho
1547 1983 68 17 Palace
1631 1983 64 21 Hotel,
1712 1983 53 22 prior
1780 1984 20 16 to
1817 1982 50 17 their

1429 2006 101 23 departure
1538 2006 48 17 from
1604 2007 89 16 Potorua.
1719 2006 40 17 The
1775 2011 79 17 arrange-

1429 2032 61 15 ments
1498 2036 30 10 are
1540 2029 19 17 in
1566 2029 32 17 tho
1607 2030 60 16 hands
1684 2030 20 17 of
1712 2030 32 17 Mr
1752 2030 23 16 G.
1785 2029 79 20 Burton,

1429 2053 38 17 and
1475 2053 15 17 it
1503 2053 15 17 is
1531 2053 120 22 satisfactory
1660 2055 19 15 to
1690 2055 46 15 note
1745 2053 42 17 that
1796 2058 24 12 an
1829 2053 24 16 im-

1430 2076 80 17 mediate
1528 2076 37 17 and
1589 2077 113 17 unanimous
1723 2081 88 17 response
1827 2081 39 12 was

1429 2100 55 17 made
1493 2100 25 21 by
1526 2101 32 15 the
1568 2105 56 16 many
1631 2100 70 17 friends
1718 2100 20 17 of
1747 2100 31 16 the
1787 2098 79 18 ux-host

1429 2123 38 17 and
1475 2123 72 17 hostess
1556 2123 20 17 of
1584 2123 32 17 the
1765 2123 39 16 The
1813 2122 53 17 affair

1431 2146 37 17 will
1478 2146 43 17 take
1530 2145 52 23 place
1591 2147 20 16 at
1626 2146 33 17 the
1674 2146 65 18 Grand
1756 2145 60 18 Hotel
1834 2147 21 16 to-

1430 2175 80 12 morrow
1519 2170 62 21 night.

1453 2201 49 17 Now
1511 2201 43 17 that
1561 2202 143 21 arrangements
1711 2207 31 11 are
1747 2201 59 22 being
1811 2200 54 18 made

1430 2225 30 16 for
1467 2224 33 17 tho
1509 2224 75 22 coming
1592 2230 65 11 season
1667 2230 27 11 we
1704 2224 63 17 would
1776 2224 51 17 draw
1834 2225 32 17 the

1430 2248 94 17 attention
1533 2248 21 16 of
1561 2253 35 11 our
1604 2248 74 17 readers
1686 2249 21 16 to
1716 2248 33 17 the
1763 2247 92 18 advertise-

1430 2273 52 15 ment
1491 2271 18 17 of
1519 2271 31 17 Mr
1566 2270 22 18 G.
1606 2271 23 17 Y.
1648 2271 118 23 Edgcumbe,
1777 2271 42 22 ship
1828 2272 38 16 and

1430 2293 58 23 yacht
1495 2294 40 16 brol
1544 2299 24 15 e%
1578 2293 105 22 Auckland,
1690 2295 61 17 which
1763 2300 79 17 appears
1848 2295 17 17 in

1431 2317 79 18 another
1519 2317 80 17 column.
1625 2317 30 17 He
1664 2318 34 17 has
1707 2318 30 17 for
1743 2318 38 17 sale
1789 2319 49 16 craft
1846 2318 21 17 of

1431 2341 25 16 all
1465 2340 123 23 descriptions
1598 2341 81 17 suitable
1687 2342 31 16 for
1733 2341 43 17 lake
1791 2347 21 12 or
1818 2342 49 16 river

1431 2364 58 18 work,
1499 2364 37 16 and
1545 2364 15 17 it
1568 2364 47 16 need
1624 2364 82 22 scarcely
1714 2365 23 17 be
1746 2364 78 23 pointed
1833 2366 34 16 out

1431 2387 42 17 that
1483 2393 11 11 a
1502 2387 142 22 pleasure-boat
1653 2388 61 16 would
1730 2388 24 16 be
1763 2394 23 10 an
1796 2389 60 16 attrac-

1432 2411 37 16 tive
1480 2411 71 16 feature
1567 2410 19 17 in
1603 2410 32 18 the
1651 2417 121 17 programme
1789 2411 21 18 of
1826 2417 38 17 any

1431 2433 168 24 boarding-house.

1459 2465 23 17 In
1491 2465 84 17 addition
1584 2466 19 16 to
1620 2465 33 18 Mr
1663 2466 83 20 Hemes,
1762 2466 43 18 who
1821 2467 17 17 is
1846 2468 21 16 at

1432 2489 75 22 present
1528 2489 98 22 stumping
1640 2489 33 17 the
1689 2490 102 17 electorate
1799 2490 20 17 in
1835 2490 32 17 the

1432 2511 133 18 Conservative
1570 2512 78 17 interest
1655 2512 36 18 and
1698 2514 84 21 meeting
1787 2519 11 11 a
1804 2514 52 16 favor-

1432 2535 42 17 able
1481 2535 100 23 reception,
1591 2535 33 17 the
1632 2536 41 17 Rev
1685 2535 73 18 Jordan
1772 2537 38 16 will
1823 2537 23 17 be
1857 2543 10 11 a

1432 2558 99 17 candidate
1540 2558 19 17 in
1568 2558 33 17 the
1617 2559 75 17 Liberal
1709 2560 84 20 interest,
1803 2560 19 17 in
1832 2566 22 16 op-

1432 2582 82 22 position
1523 2582 20 16 to
1548 2582 31 16 Mr
1585 2582 28 17 W.
1624 2582 61 22 Kelly,
1694 2582 32 17 the
1733 2584 68 22 sitting
1809 2589 44 11 mem-

1434 2605 37 17 ber.
1496 2604 20 18 If
1523 2604 52 18 these
1584 2605 52 17 three
1645 2606 107 22 gentlemen
1762 2606 55 18 alone
1825 2607 41 17 face

1432 2629 33 16 the
1473 2628 60 17 music
1541 2628 32 16 the
1582 2630 73 16 contest
1671 2629 39 17 will
1725 2629 45 17 bear
1778 2636 11 11 a
1798 2635 58 12 resem-

1432 2651 66 18 blance
1507 2653 19 15 to
1536 2651 32 17 the
1580 2651 106 23 triangular
1698 2651 44 19 duel
1751 2653 88 18 recorded
1848 2653 19 17 in

1460 2674 128 23 Midshipman
1690 2676 34 17 the
1740 2676 92 22 principle
1846 2676 21 18 of

1432 2698 61 16 which
1585 2698 47 17 Shot
1640 2699 31 17 for
1678 2699 43 17 shot
1731 2699 37 17 and
1777 2700 57 16 damn
1843 2700 25 17 all

1456 2750 17 18 A
1489 2750 111 18 wholesome
1617 2750 61 19 lesson
1696 2752 14 17 is
1727 2752 94 22 imparted
1844 2754 24 16 to

1432 2774 55 17 those
1507 2773 81 18 reckless
1604 2774 115 18 individuals
1735 2775 43 17 who
1795 2781 73 13 assume

1432 2797 43 18 that
1492 2797 82 22 nothing
1582 2803 34 12 can
1625 2797 24 18 be
1665 2804 67 17 grown
1746 2799 19 16 in
1774 2799 38 17 this
1830 2799 29 17 dis-

1432 2820 45 17 trict
1492 2820 26 23 by
1534 2825 11 12 a
1562 2820 70 23 sample
1646 2822 20 17 of
1678 2822 72 17 Italian
1765 2827 34 17 rye
1815 2828 53 16 grass

1431 2844 61 16 which
1511 2844 33 16 has
1553 2843 46 18 been
1608 2844 35 18 left
1664 2846 20 16 at
1700 2846 32 16 the
1748 2845 118 18 CiinoxicxE

1432 2866 64 18 Office.
1529 2867 40 17 The
1584 2872 53 18 grass
1660 2868 15 18 is
1694 2874 44 11 over
1755 2869 28 17 2ft
1802 2869 31 17 3in
1849 2869 20 17 in

1431 2890 66 21 length
1506 2889 37 18 and
1557 2895 38 12 was
1612 2896 65 17 grown
1687 2898 24 11 on
1722 2891 69 18 Messrs
1809 2892 59 17 Steele

1431 2914 91 16 Brothers
1530 2913 89 18 selection
1628 2916 20 15 at
1664 2914 105 22 Maraeroa,
1777 2916 33 16 the
1823 2915 43 18 seed

1431 2936 59 23 being
1505 2942 52 12 sown
1566 2938 20 16 at
1591 2937 33 17 the
1637 2938 37 16 end
1683 2938 20 18 of
1711 2938 38 18 last
1765 2938 103 23 February.

1431 2960 40 16 The
1488 2959 70 23 sample
1574 2960 64 18 before
1655 2967 22 11 us
1694 2961 118 23 thoroughly
1835 2962 22 17 de-

1431 2984 114 16 monstrates
1553 2983 32 17 the
1599 2983 104 18 admirable
1711 2985 75 22 quality
1800 2985 21 18 of
1837 2985 32 18 the

1431 3006 46 17 land
1485 3006 38 17 and
1531 3006 25 17 its
1576 3006 104 24 suitability
1697 3008 30 17 for
1742 3008 38 17 this
1797 3008 72 22 variety

1432 3029 20 17 of
1460 3035 79 17 grasses.

1455 3061 39 16 The
1503 3061 80 17 erection
1593 3063 20 15 of
1621 3062 33 17 the
1663 3063 64 16 native
1736 3062 64 18 school
1809 3064 21 16 at
1844 3063 25 18 Te

1431 3084 71 17 Whaiti
1515 3084 15 17 is
1539 3084 58 23 being
1604 3086 87 17 watched
1696 3086 47 17 with
1751 3086 79 17 interest
1844 3087 25 22 by

1432 3108 32 16 the
1473 3107 72 18 natives
1555 3107 42 18 who
1605 3108 67 18 intend
1680 3109 80 22 making
1769 3110 33 16 the
1810 3116 47 16 open-

1432 3131 34 22 ing
1475 3131 20 17 of
1503 3131 17 16 it
1536 3137 24 10 an
1576 3132 86 17 occasion
1678 3133 22 16 of
1715 3134 54 21 great
1787 3133 82 23 feasting

1433 3154 38 17 and
1480 3154 98 23 rejoicing.
1611 3155 45 17 This
1664 3156 34 17 has
1706 3156 48 17 been
1761 3156 46 22 duly
1815 3156 41 17 noti-

1433 3177 38 17 fied
1480 3178 19 16 to
1508 3177 32 17 the
1547 3178 83 17 Premier
1635 3178 38 18 and
1681 3179 24 17 he
1713 3179 36 17 has
1764 3179 101 18 intimated

1433 3201 44 16 that
1493 3201 20 16 in
1530 3200 27 17 all
1574 3201 117 23 probability
1704 3202 81 17 another
1806 3203 63 17 school

1433 3223 63 18 would
1506 3224 72 21 shortly
1588 3224 23 17 be
1620 3225 74 18 erected
1710 3225 19 18 in
1747 3225 32 18 the
1797 3226 62 17 Euata

1432 3247 53 17 buna
1510 3246 78 18 district.
1626 3248 40 17 The
1689 3248 94 22 principal
1798 3249 71 20 koinera

1433 3270 53 17 there
1503 3270 15 17 is
1534 3269 106 22 Mataatua,
1659 3272 61 18 which
1738 3272 15 17 is
1771 3272 59 17 about
1846 3273 22 16 20

1433 3293 54 17 miles
1495 3293 49 17 from
1553 3293 24 18 Te
1586 3293 71 18 Whaiti
1664 3295 37 17 and
1710 3295 59 17 about
1778 3295 22 17 2.1
1817 3295 52 17 miles

1433 3317 49 16 from
1499 3316 32 17 the
1540 3316 46 17 road
1605 3323 44 11 now
1657 3318 59 23 being
1732 3318 56 18 made
1796 3319 20 16 in
1836 3319 33 17 the

1433 3339 91 18 direction
1533 3340 20 16 of
1561 3340 161 18 Wai'siremoana.

1457 3368 38 17 The
1505 3368 79 23 Library
1600 3369 113 18 Committee
1720 3371 38 16 met
1767 3370 19 17 in
1795 3370 32 17 the
1840 3370 20 17 in-

1433 3391 66 17 stitute
1510 3397 22 11 on
1543 3392 69 22 Friday
1623 3393 81 22 evening
1717 3393 42 20 last,
1776 3394 31 17 Mr
1821 3394 36 16 Pur-

1433 3415 41 19 cell,
1484 3415 40 16 vice
1532 3415 96 22 president
1636 3416 20 16 in
1669 3417 33 17 the
1719 3417 53 17 chair
1788 3417 36 17 and
1838 3417 31 17 the

1433 3438 99 22 following
1567 3439 92 18 members
1689 3438 180 24 present:—Messrs

1433 3460 79 22 Corlett,
1538 3461 100 23 McAuloy,
1664 3463 70 21 Boord,
1758 3463 39 17 and

1433 3483 40 17 The
1482 3485 108 17 treasurer's
1600 3486 102 17 statement
1711 3486 77 17 showed
1801 3492 11 11 a
1827 3486 32 18 bal-

1434 3512 46 12 ance
1497 3507 21 17 of
1527 3507 26 17 £3
1563 3513 19 11 us
1591 3508 30 17 3d.
1647 3509 39 17 The
1697 3511 94 20 secretary
1807 3509 62 17 stated

1433 3530 44 17 that
1486 3530 22 17 35
1517 3536 41 11 new
1567 3531 84 18 volumes
1667 3532 20 17 in
1701 3533 75 17 various
1793 3532 66 23 depart-

1433 3554 61 16 ments
1516 3554 20 16 of
1551 3553 98 18 literature
1664 3555 39 18 had
1716 3556 46 17 been
1772 3555 61 18 added
1849 3557 20 16 to

1433 3576 32 17 the
1489 3576 85 22 Library.
1600 3578 96 17 Accounts
1713 3579 113 22 amounting
1849 3580 20 16 to

1433 3599 26 18 £o
1470 3601 30 16 14s
1511 3599 33 18 lOd
1554 3606 47 11 were
1609 3601 67 22 passed
1685 3602 31 17 for
1724 3603 97 21 payment.
1850 3602 19 17 It

1432 3628 39 11 was
1480 3622 78 18 decided
1570 3624 44 17 that
1630 3630 21 11 as
1659 3625 33 16 the
1698 3625 72 17 annual
1786 3625 83 23 meeting

1433 3645 62 18 would
1524 3646 44 17 take
1591 3647 54 22 place
1669 3654 25 11 on
1717 3648 82 17 October
1824 3649 10 16 9
1858 3654 11 11 a

1433 3669 106 17 committee
1549 3670 81 23 meeting
1640 3671 64 17 would
1713 3671 23 17 be
1743 3671 44 18 held
1796 3677 25 11 on
1836 3671 33 17 the

1431 3692 87 22 previous
1529 3692 75 23 Friday.

1456 3724 38 16 The
1504 3726 74 15 concert
1586 3725 19 17 in
1615 3725 31 18 aid
1655 3726 20 16 of
1684 3726 33 17 the
1724 3725 88 23 building
1821 3725 47 18 fund

1432 3747 20 17 of
1460 3747 32 16 the
1509 3752 41 11 new
1565 3747 80 23 English
1661 3749 82 21 Church,
1757 3749 111 17 announced

1432 3772 20 15 to
1461 3770 44 17 take
1513 3770 53 22 place
1574 3771 19 16 in
1603 3772 32 17 the
1642 3771 87 19 Puteroa
1738 3772 46 17 Hall
1793 3778 25 11 on
1826 3772 31 17 Fri-

1431 3793 38 22 day
1477 3793 62 21 night,
1549 3794 89 21 promises
1647 3797 20 15 to
1684 3795 23 17 be
1724 3797 50 16 most
1783 3801 72 12 success-

1431 3816 35 17 ful.
1492 3816 63 22 Every
1564 3822 41 12 care
1613 3817 34 18 has
1656 3818 46 17 been
1712 3818 58 17 taken
1779 3820 19 15 to
1812 3818 54 17 make

1431 3839 33 17 the
1473 3842 141 20 arrangements
1630 3847 19 12 as
1658 3842 73 21 perfect
1746 3847 21 12 as
1783 3841 82 23 possible

1431 3862 39 17 and
1485 3868 12 11 a
1505 3862 66 23 glance
1588 3865 20 15 at
1623 3864 34 17 the
1670 3869 122 17 programme
1805 3864 62 18 which

1431 3891 79 16 appears
1519 3885 20 17 in
1548 3886 79 18 another
1642 3887 76 18 column
1724 3888 62 17 shows
1795 3888 42 17 that
1856 3893 12 11 a

1431 3909 40 17 rich
1480 3909 78 17 musical
1567 3910 49 17 treat
1624 3910 16 16 is
1649 3911 17 16 in
1675 3912 49 16 store
1734 3911 29 17 for
1772 3911 32 17 the
1813 3911 43 17 audi-

1431 3937 50 12 ence.
1506 3932 39 17 The
1562 3934 90 20 operetta,
1682 3934 39 17 The
1833 3935 34 16 has

1430 3955 47 17 been
1496 3954 90 23 carefully
1611 3956 99 18 rehearsed
1725 3956 39 18 and
1780 3957 40 17 will
1842 3957 23 17 be

1431 3977 59 17 found
1500 3983 19 12 as
1528 3978 65 21 bright
1602 3979 36 17 and
1645 3980 98 22 sparkling
1751 3986 21 12 as
1781 3980 24 17 its
1812 3986 54 11 name

1431 4000 96 19 indicates.
1553 4001 33 18 We
1603 4002 50 18 trust
1670 4003 42 17 that
1729 4003 32 17 the
1778 4003 88 23 building

1431 4024 47 17 fund
1497 4024 18 17 of
1532 4024 32 17 the
1585 4024 70 19 church
1670 4027 38 16 will
1725 4026 23 17 be
1758 4026 108 22 materially

1430 4046 93 19 benefited
1532 4047 25 22 by
1565 4048 32 17 the
1607 4049 151 18 entertainment!

1510 4083 61 30 £SO,
1588 4085 61 28 £lO,
1664 4086 60 28 £lO,
1741 4085 43 27 £5.

1431 4119 65 20 Given
1506 4126 56 18 away
1572 4121 32 18 for
1615 4127 12 12 a
1638 4121 66 25 single
1713 4127 66 20 guess.
1814 4121 50 19 Rend

1431 4150 66 20 stamp
1508 4146 31 19 for
1549 4147 119 23 particulars
1679 4148 39 18 and
1735 4147 95 19 circulars
1845 4152 21 14 to

1431 4172 44 19 Box
1487 4173 42 22 17G,
1542 4172 22 24 P.
1564 4172 34 24 0.,
1612 4173 132 24 Wellington.

1914 158 40 18 The
1978 160 84 21 meeting
2078 160 21 16 of
2118 159 55 17 those
2189 157 101 17 interested
2306 158 19 16 in

1892 181 65 23 racing
1973 184 79 16 matters
2059 182 60 18 called
2126 181 27 23 by
2160 181 32 17 the
2200 183 93 19 secretary
2306 184 19 16 of

1892 204 33 17 the
1932 204 73 23 Jockey
2012 205 49 18 Club
2071 206 29 16 for
2106 204 86 22 Monday
2201 204 19 17 of
2226 204 36 16 last
2275 207 50 14 week

1892 227 64 22 lapsed
1965 229 64 22 owing
2036 230 21 15 to
2066 229 33 16 the
2108 228 39 16 fact
2156 227 43 17 that
2207 226 45 22 only
2260 232 35 11 one
2305 231 20 13 or

1892 251 38 16 two
1946 256 76 17 persons
2032 253 35 20 put
2074 252 19 16 in
2102 257 24 10 an
2136 256 122 16 appearance.
2281 249 44 17 This

1891 273 15 17 is
1915 275 49 16 most
1970 274 142 22 disheartening
2118 274 35 16 hut
2162 273 15 16 it
2182 273 51 16 must
2238 272 23 17 be
2267 272 58 17 borne

1891 296 19 16 in
1920 297 52 16 mind
1980 298 43 16 that
2031 298 81 16 another
2120 296 84 21 meeting
2212 296 45 16 took
2273 295 44 22 place-

1891 324 25 12 on
1925 319 31 19 the
1966 325 50 12 same
2025 321 81 21 evening
2116 319 61 17 which
2186 324 37 11 was
2236 318 89 17 attended

1890 341 26 23 by
1930 348 57 17 many
2003 343 43 17 who
2062 342 122 23 presumably
2200 341 62 17 would
2278 341 47 17 have

1891 365 46 17 been
1946 367 74 21 present
2030 367 20 16 at
2059 366 51 17 Lake
2119 366 66 17 House
2193 364 60 17 under
2261 364 54 17 ordin-

1891 394 34 16 ary
1933 389 150 17 circumstances.
2108 389 20 16 It
2136 389 17 16 is
2161 388 114 17 understood
2283 388 42 16 that

1891 411 79 18 another
1978 412 84 23 meeting
2070 412 39 17 will
2118 412 23 17 be
2149 411 61 18 called
2217 412 21 16 at
2244 417 23 11 an
2273 411 52 21 early

1891 433 43 18 date
1940 435 37 17 and
1985 435 42 17 that
2036 441 42 11 care
2087 435 39 17 will
2142 435 23 17 be
2182 435 56 16 taken
2253 434 42 17 that
2309 435 16 16 it

1891 457 44 18 does
1959 460 34 15 not
2013 458 53 17 clash
2090 458 47 17 with
2161 458 54 17 other
2234 463 80 17 arrange-

1893 482 67 16 ments.

1914 512 33 17 We
1963 518 49 11 wore
2026 512 77 22 pleased
2119 513 20 16 to
2161 518 30 11 see
2206 518 25 11 on
2247 512 78 22 visiting

1890 534 33 18 the
1932 535 69 22 Geyser
2007 536 60 17 Hotel
2072 537 21 16 at
2102 536 174 16 Whakarewarewa
2293 534 32 18 the

1891 558 55 17 other
1961 559 38 22 day
2015 559 33 17 the
2065 559 77 22 general
2158 559 29 17 air
2203 559 21 16 of
2245 559 80 17 comfort

1891 581 61 18 which
1977 582 90 22 pervades
2084 588 56 16 every
2164 581 76 23 portion
2256 581 20 18 of
2292 581 33 18 the

1890 605 94 21 premises.
2018 605 49 17 Now
2074 606 44 16 that
2126 606 33 16 the
2167 604 67 17 milder
2242 604 83 18 weather

1890 627 16 17 is
1914 628 131 23 approaching
2053 628 75 22 rapidly
2137 628 52 17 there
2206 633 35 11 can
2250 628 23 17 be
2289 633 24 13 no-

1891 650 56 22 thing
1956 656 50 12 more
2015 651 101 22 agreeable
2123 651 45 17 than
2175 657 11 11 a
2194 651 52 17 drive
2255 652 20 16 to
2292 651 33 17 the

1890 673 57 21 hotel,
1958 680 11 11 a
1977 677 78 14 saunter
2062 675 85 21 through
2156 674 33 17 the
2200 680 67 16 geyser
2274 680 49 14 area,

1891 696 61 18 which
1961 698 15 16 is
1993 697 74 22 rapidly
2081 698 58 22 being
2152 697 96 22 improved
2265 697 60 18 under

1890 720 32 16 Mr
1928 720 56 17 Babei
1989 720 15 18 's
2009 720 91 23 auspices,
2104 720 44 21 and,
2153 720 63 18 before
2219 720 104 23 returning,

1890 749 12 10 a
1907 743 75 23 cooling
1990 743 70 17 beaker
2068 750 24 11 on
2102 744 32 16 the
2143 743 123 17 comfortable
2282 750 32 10 ver-

1890 766 62 17 andah
1978 767 21 16 of
2014 767 33 16 the
2189 773 19 11 as
2226 773 12 10 a
2254 767 71 17 certain

1892 788 109 19 Queenland
2024 790 90 22 celebrity
2131 790 60 17 called
2212 790 32 17 the
2260 790 63 17 house.

1890 812 40 17 The
1939 812 85 22 pleasure
2042 813 38 17 will
2088 813 25 17 be
2126 813 96 17 enhanced
2230 813 16 17 if
2253 813 33 17 the
2292 819 22 11 ur-

1890 835 49 17 bane
1948 835 48 21 host,
2006 835 33 18 Mr
2048 836 19 18 C.
2085 836 23 17 E.
2124 836 77 20 Nelson,
2217 842 35 11 can
2260 836 23 17 be
2292 836 22 18 be-

1890 858 64 22 guiled
1963 859 40 16 into
2012 859 105 23 imparting
2123 858 63 19 alittle
2193 860 132 17 ofthecurious

1890 881 124 18 information
2022 882 24 17 he
2062 888 94 17 possesses
2165 888 24 12 on
2198 889 10 10 a
2217 882 72 23 variety
2306 883 20 17 of

1890 904 89 23 subjects.

1913 936 30 16 An
1959 936 113 22 interesting
2088 943 99 16 ceremony
2203 936 45 17 took
2273 937 52 22 place

1890 959 21 16 at
1919 959 33 17 the
1960 959 91 17 Mamaku
2060 960 94 17 Sawmills
2162 960 83 21 recently
2262 959 61 19 which

1890 981 78 18 testifies
1976 985 20 14 to
2005 983 33 17 the
2046 983 51 22 good
2112 983 71 22 feeling
2196 983 84 22 existing
2292 983 22 17 be-

1890 1006 61 15 tween
1959 1006 33 17 the
1998 1006 107 22 employees
2114 1006 37 17 and
2159 1006 50 17 their
2214 1006 110 22 employers.

1890 1028 39 17 The
1944 1028 85 18 occasion
2043 1035 38 11 was
2098 1029 33 17 the
2148 1029 93 22 marriage
2258 1030 20 16 of
2294 1030 33 17 Mr

1891 1051 55 17 Chas.
1955 1051 22 17 E.
1987 1052 76 17 Kusabs
2072 1052 38 17 and
2118 1053 33 16 the
2159 1058 49 14 men,
2216 1053 19 16 in
2241 1053 84 17 addition

1891 1075 20 16 to
1929 1074 81 23 offering
2019 1075 49 17 their
2077 1075 162 23 congratulations
2246 1082 24 11 on
2280 1076 45 17 such

1890 1103 24 11 an
1921 1098 106 21 auspicious
2036 1100 61 19 event,
2107 1098 99 26 presented
2215 1099 38 16 him
2260 1100 45 16 with
2315 1105 11 11 a

1890 1126 45 16 very
1952 1120 104 18 handsome
2072 1122 41 17 hall
2129 1122 52 17 clock
2198 1122 79 22 bearing
2293 1123 32 17 the

1891 1143 99 23 following
1995 1145 111 22 inscription
2119 1151 25 11 on
2161 1152 11 10 a
2189 1145 54 17 silver
2260 1145 51 22 plate
2321 1143 4 24 :

1914 1167 102 18 Presented
2032 1169 20 16 to
2062 1168 55 17 Chas.
2128 1168 22 17 E.
2161 1168 80 20 Kusabs,
2251 1168 26 22 by
2293 1169 32 17 the

1890 1190 108 22 employees
2019 1192 21 16 of
2060 1191 76 18 Kusabs
2161 1192 54 19 Bros,
2233 1192 92 17 Mamaku

1891 1213 42 17 Saw
1950 1214 57 19 Mills,
2019 1220 24 11 on
2052 1214 33 17 the
2091 1215 86 17 occasion
2193 1215 20 17 of
2229 1214 28 18 his
2274 1221 38 11 mar-

1987 1237 32 17 Mr
2027 1238 23 16 A.
2060 1237 59 17 Given
2130 1238 54 17 made
2200 1238 32 16 the
2248 1243 66 17 presen-

1890 1260 61 17 tation
1968 1266 24 11 on
2000 1260 66 18 behalf
2083 1261 19 17 of
2116 1261 33 17 the
2166 1261 105 22 employees
2288 1261 37 18 and

1890 1283 44 17 road
1944 1289 24 11 an
1976 1284 77 17 address
2067 1284 81 23 bearing
2165 1290 43 11 over
2219 1286 23 15 40
2260 1285 54 22 signa-

1890 1307 57 16 tures.
1980 1307 32 17 Mr
2029 1307 77 17 Kusabs
2121 1307 67 22 briefly
2200 1308 71 21 replied
2288 1308 37 17 and

1890 1329 93 23 referring
1991 1331 20 16 to
2019 1331 32 16 the
2064 1330 64 24 happy
2135 1331 89 17 relations
2236 1331 43 17 that
2287 1331 38 17 had

1890 1352 71 22 always
1970 1353 73 18 existed
2060 1354 85 17 between
2154 1354 77 17 himself
2239 1354 37 17 and
2292 1355 33 17 the

1889 1376 105 22 employees
2023 1377 74 17 trusted
2121 1379 44 15 that
2193 1378 45 21 they
2262 1378 63 17 would

1890 1397 46 24 long
1958 1400 94 17 continue.
2087 1401 75 16 Amidst
2177 1401 85 21 pleasant
2280 1406 33 12 con-

1890 1421 126 23 gratulations
2032 1429 21 11 as
2071 1425 19 16 to
2105 1423 32 18 the
2161 1424 85 17 occasion
2264 1424 60 18 which

1889 1446 37 16 had
1936 1446 83 22 brought
2029 1446 53 17 tham
2090 1447 88 22 together
2187 1447 32 17 the
2235 1448 78 22 proceed-

1888 1474 44 17 ings
1940 1470 119 17 terminated.

1912 1500 39 17 The
1959 1501 79 16 summit
2046 1501 20 17 of
2074 1501 146 23 Tarapounainu
2234 1502 59 17 which
2309 1503 16 16 is

1888 1523 33 18 the
1930 1526 75 20 present
2014 1525 92 17 terminus
2119 1526 21 16 of
2154 1525 33 17 the
2203 1525 46 17 road
2266 1526 60 16 under

1889 1552 64 12 course
1960 1548 20 16 of
1983 1548 128 17 construction
2115 1548 84 22 through
2205 1548 120 18 Tuhoe-land

1888 1570 16 17 is
1912 1576 44 11 over
1965 1571 53 20 3,000
2026 1571 37 17 feet
2077 1571 60 17 above
2151 1571 33 17 the
2197 1571 47 18 level
2259 1572 20 17 of
2292 1573 33 16 the

1888 1599 37 12 sea.
1950 1594 26 17 At
1985 1594 42 17 that
2036 1594 80 17 altitude
2126 1595 16 16 it
2147 1601 37 11 was
2191 1595 106 22 impossible
2305 1597 20 16 to

1888 1616 52 18 work
1946 1616 69 23 during
2022 1618 32 16 the
2059 1618 69 17 winter
2135 1619 75 16 months
2215 1624 25 11 on
2245 1621 80 14 account

1888 1641 20 15 of
1917 1640 32 16 the
1958 1640 54 22 heav;.
2031 1643 127 17 snowstorms,
2173 1642 38 16 and
2224 1642 32 16 the
2271 1642 54 17 small

1888 1663 79 17 number
1975 1663 21 18 of
2004 1663 110 23 Europeans
2124 1665 37 16 and
2175 1665 72 17 natives
2262 1665 63 17 whose

1888 1687 78 16 sei-vices
1987 1693 49 10 were
2057 1688 87 17 retained
2160 1688 85 17 confined
2262 1688 50 17 them-

1888 1710 58 16 selves
1956 1711 19 16 to
1984 1710 97 23 widening
2090 1711 37 17 and
2139 1712 107 21 improving
2255 1712 70 17 certain

1887 1733 85 21 portions
1981 1734 20 16 of
2010 1733 32 17 the
2050 1734 47 17 road
2106 1740 24 11 on
2148 1735 32 17 the
2194 1735 58 17 lower
2267 1735 58 17 levels

1887 1755 38 18 and
1940 1756 36 17 less
1992 1757 84 22 exposed
2092 1759 20 16 to
2128 1757 33 18 the
2175 1758 69 22 wintry
2258 1758 66 17 blasts.

1888 1780 57 16 Work
1955 1780 37 17 will
2002 1780 23 17 be
2043 1781 92 20 resumed,
2151 1781 91 20 however,
2255 1787 21 11 as
2292 1782 33 17 the

1888 1808 66 12 season
1974 1802 98 18 advances.
2106 1804 57 18 Prom
2180 1804 145 23 Tarapounamu

1887 1826 53 17 there
1953 1826 15 17 is
1983 1832 11 11 a
2010 1829 64 20 pretty
2092 1827 54 22 rapid
2164 1827 76 18 descent
2255 1829 21 16 to
2291 1829 34 17 the

1888 1849 103 23 Mangapai
2009 1850 65 17 Creek.
2108 1850 39 18 The
2164 1851 76 17 descent
2256 1851 20 18 of
2292 1851 33 18 the

1887 1878 59 15 range
1955 1873 39 16 will
2001 1873 24 17 be
2034 1872 78 19 effected
2121 1874 26 22 by
2155 1880 12 11 a
2183 1874 55 17 series
2252 1875 20 16 of
2285 1875 39 17 side

1888 1896 84 22 cuttings
1988 1896 36 18 but
2041 1896 32 18 the
2092 1898 52 16 work
2161 1898 37 16 will
2215 1898 23 17 be
2256 1897 67 24 heavy.

1888 1919 116 23 Proceeding
2012 1919 59 22 along
2081 1920 37 18 this
2133 1921 53 17 creek
2200 1921 29 17 for
2240 1921 59 17 about
2313 1928 10 11 a

1888 1943 43 16 mile
1940 1943 37 16 and
1986 1949 10 10 a
2006 1943 41 17 half
2055 1943 14 17 it
2079 1943 50 23 joins
2139 1944 31 17 the
2176 1944 147 25 Mangakakaho

1888 1968 68 15 stream
1966 1966 61 17 which
2041 1966 16 17 is
2071 1966 59 24 really
2146 1968 31 16 the
2191 1968 47 17 head
2255 1968 21 17 of
2290 1968 34 18 the

1888 1989 117 17 Whakatane
2013 1989 54 18 river.
2095 1990 63 17 About
2170 1990 28 18 six
2213 1991 53 17 miles
2283 1992 30 17 fur-

1888 2012 42 17 ther
1939 2018 23 11 on
1971 2013 33 16 the
2013 2013 45 17 road
2068 2013 38 17 will
2116 2020 43 16 pass
2168 2014 32 17 the
2208 2015 64 17 native
2285 2016 29 16 set-

1887 2036 79 17 tlement
1975 2037 20 16 of
2003 2036 26 17 To
2038 2036 85 19 Umuroa
2132 2037 36 17 and
2182 2037 48 18 from
2238 2038 52 17 there
2304 2040 20 16 to

1888 2059 32 17 the
1928 2060 74 16 nearest
2011 2060 54 21 point
2074 2066 24 11 on
2107 2060 53 18 Lake
2165 2060 156 19 Waikaremoana

1887 2082 15 17 is
1919 2082 58 18 about
1996 2083 20 16 18
2031 2083 52 17 miles
2093 2083 25 22 by
2128 2084 32 16 the
2169 2084 43 17 trail
2220 2090 62 12 across
2290 2085 33 17 the

1888 2106 113 17 mountains.
2027 2106 39 17 The
2074 2111 99 19 necessary
2186 2107 104 18 deviations
2304 2109 20 17 of

1887 2129 32 16 the
1936 2129 46 17 road
1998 2129 40 17 will
2051 2130 20 17 of
2086 2136 64 11 course
2165 2131 54 17 make
2235 2131 16 17 it
2267 2132 56 17 much

1888 2152 78 18 further.

1911 2183 32 17 Mr
1951 2183 22 18 E.
1984 2183 75 18 Dufaur
2068 2185 20 16 of
2097 2185 33 16 the
2138 2185 41 17 firm
2189 2185 20 17 of
2217 2185 69 18 Messrs
2300 2185 21 18 L.

1890 2206 22 17 D.
1922 2206 77 17 Nathan
2008 2207 42 20 and'
2050 2207 42 20 Co.,
2102 2208 89 17 returned
2197 2210 20 15 to
2226 2208 97 19 Auckland

1888 2230 30 16 via
1933 2230 90 17 Okoroire
2040 2236 24 12 on
2086 2231 85 22 Monday
2187 2231 43 17 last.
2262 2232 61 17 While

1887 2253 18 17 in
1916 2253 85 17 Potorua
2015 2253 24 17 he
2053 2260 38 10 was
2099 2254 65 22 joined
2180 2255 25 22 by
2214 2255 32 16 Mr
2255 2255 68 18 Ernest

1888 2276 63 21 Davis,
1961 2277 20 17 of
1998 2277 69 17 Messrs
2083 2277 91 18 Hancock
2182 2278 38 17 and
2229 2278 40 20 Co.,
2286 2279 38 17 and

1888 2305 57 16 many
1954 2300 69 17 matter
2032 2305 48 12 were
2088 2301 92 21 arranged
2196 2302 19 16 in
2231 2302 82 22 anticipa-

1888 2323 40 17 tion
1937 2323 20 17 of
1965 2323 33 17 the
2006 2324 84 22 opening
2099 2324 20 17 of
2135 2324 33 17 the
2180 2330 66 12 season
2262 2326 61 16 which

1888 2346 38 17 will
1935 2346 83 17 conduce
2027 2348 20 16 to
2057 2347 31 17 the
2095 2348 81 16 comfort
2184 2348 21 16 of
2212 2348 32 17 the
2252 2349 61 17 travel-

1888 2370 41 22 ling
1934 2370 64 22 public
2006 2370 104 22 generally.
2121 2371 40 17 One
2170 2377 21 11 or
2199 2372 37 16 two
2243 2371 81 23 changes

1888 2392 48 18 have
1956 2393 57 17 taken
2034 2394 54 21 place
2104 2394 21 16 in
2142 2394 33 17 the
2191 2397 133 20 management

1889 2417 20 16 of
1914 2417 32 16 the
1952 2416 61 18 hotels
2022 2416 44 18 here
2075 2417 89 22 recently.
2190 2417 31 17 Mr
2229 2417 96 19 Johnston

1889 2439 42 18 who
1938 2440 34 17 has
1979 2440 104 17 controlled
2090 2440 32 17 the
2128 2441 87 17 destinies
2222 2441 21 17 of
2248 2443 32 15 the
2286 2442 25 16 Pa-

1889 2462 39 17 lace
1935 2463 59 17 Hotel
2002 2464 50 16 since
2060 2464 25 16 its
2102 2464 83 17 removal
2194 2464 47 17 from
2251 2465 32 17 the
2292 2465 32 17 old

1889 2486 37 17 and
1932 2486 24 17 its
1959 2486 114 18 re-erection
2078 2487 19 17 in
2102 2487 32 17 the
2140 2493 41 11 new
2187 2491 57 17 town,
2252 2488 33 17 has
2294 2494 20 11 re-

1890 2509 107 22 linquished
2014 2509 29 17 his
2052 2512 88 20 tenancy,
2158 2510 36 18 and
2203 2511 32 17 Mr
2244 2511 80 21 Waters,

1890 2538 11 11 a
1910 2535 87 19 stranger
2006 2535 20 15 to
2032 2533 33 17 the
2072 2533 80 21 district,
2162 2534 35 17 but
2214 2540 35 11 one
2257 2535 42 17 who
2308 2535 15 17 is

1890 2556 58 21 likely
1963 2558 19 15 to
1999 2561 58 17 prove
2074 2563 12 10 a
2101 2557 88 17 valuable
2205 2558 119 22 acquisition,

1890 2579 34 17 has
1933 2577 47 19 been
1997 2579 89 17 installed
2100 2580 19 17 in
2136 2580 32 17 the
2186 2583 138 20 management.

1890 2602 38 17 The
1944 2603 82 16 transfer
2041 2603 19 17 of
2074 2603 32 17 the
2115 2603 67 17 license
2191 2604 20 17 of
2225 2604 32 17 the
2273 2604 52 18 Lake

1890 2625 64 18 House
1963 2625 60 18 Hotel
2041 2627 47 16 from
2098 2627 32 16 Mr
2139 2627 22 16 P.
2170 2627 21 17 B.
2208 2627 82 17 Graham
2306 2629 19 15 to

1889 2648 32 17 Mr
1928 2649 21 17 T.
1959 2649 20 17 C.
1990 2648 105 24 Urquhart,
2114 2650 86 17 confirms
2210 2651 31 16 the
2248 2650 74 18 hitter's

1890 2673 132 21 appointment
2046 2679 20 11 as
2081 2679 91 17 manager
2195 2674 59 17 there.
2287 2674 39 17 The

1890 2695 55 17 other
1965 2695 67 17 houses
2059 2697 71 16 remain
2156 2702 19 12 as
2191 2697 70 17 before.
2295 2697 31 17 Mr

1890 2719 82 16 Boulton
1982 2719 19 17 of
2007 2719 32 17 the
2046 2719 65 18 Grand
2118 2719 58 18 Hotel
2182 2721 39 16 acts
2227 2721 100 22 asgeneral

1890 2747 90 18 manager
1996 2742 20 17 in
2036 2743 92 20 Potorua,
2149 2743 38 17 and
2206 2744 32 16 Mr
2257 2744 24 17 H.
2304 2744 21 18 F.

1891 2765 77 20 Nation,
1978 2766 91 22 formerly
2078 2766 19 17 of
2111 2766 32 17 the
2158 2766 50 18 Lake
2224 2767 103 22 Takapuna

1890 2788 59 18 Hotel
1970 2794 20 12 as
2006 2791 122 15 accountant.
2165 2790 88 23 Sanitary
2276 2792 39 16 mat-

1890 2813 39 16 ters
1954 2818 48 11 were
2024 2812 77 18 entered
2121 2813 41 17 into
2182 2813 56 17 while
2258 2813 70 18 Messrs

1891 2835 75 17 Dufaur
1974 2836 38 16 and
2020 2836 58 17 Davis
2086 2841 47 12 were
2142 2836 44 17 here
2193 2836 36 17 and
2237 2843 79 16 arrange-

1891 2860 60 16 ments
1960 2864 32 12 are
2000 2858 59 23 being
2073 2858 55 18 made
2137 2859 61 17 which
2207 2860 38 17 will
2262 2865 66 13 ensure

1891 2881 32 17 the
1942 2881 80 18 efficient
2043 2882 39 17 and
2104 2883 111 17 continuous
2233 2883 96 23 cleansing

1891 2904 20 17 of
1925 2905 26 17 all
1969 2905 99 22 cesspools,
2090 2905 69 21 drains,
2182 2907 42 19 etc,,
2241 2906 19 17 in
2282 2912 35 12 con-

1890 2928 76 17 nection
1984 2928 45 17 with
2051 2929 33 17 the
2103 2929 74 17 various
2198 2930 66 17 hotels.
2289 2930 39 17 Tho

1892 2951 51 17 work
1952 2952 18 16 in
1986 2952 62 17 which
2066 2952 32 17 the
2111 2952 58 17 Town
2183 2952 63 18 Board
2260 2959 32 11 are
2308 2955 21 16 at

1891 2976 75 20 present
1983 2975 88 23 engaged
2088 2975 39 17 will
2143 2975 23 17 be
2180 2976 122 22 co-operated
2309 2977 19 17 in

1891 2997 37 17 and
1939 2997 48 18 their
2004 2998 64 17 efforts
2085 2999 20 16 to
2122 2998 52 22 place
2191 2999 33 17 the
2241 3000 84 22 sanitary

1892 3021 97 17 condition
1997 3022 20 16 of
2024 3022 85 16 Potorua
2119 3022 19 17 in
2146 3028 22 11 an
2178 3022 151 23 irreproachable

1891 3044 82 22 position
1989 3044 39 17 will
2042 3045 24 17 bo
2083 3045 92 17 seconded
2186 3045 25 22 by
2224 3046 33 16 the
2274 3046 54 18 firms

1892 3067 42 18 who
1943 3073 43 12 now
1994 3067 46 18 hold
2049 3074 20 11 so
2075 3068 54 23 large
2133 3074 12 11 a
2152 3069 52 17 stake
2212 3069 21 16 in
2239 3069 32 17 the
2276 3071 52 15 town

1892 3090 36 17 and
1942 3090 80 18 district.

1892 3121 200 19 DISAGREEABLE
2111 3123 108 17 MENTAL
2231 3124 96 16 TRAITS.

1891 3176 38 17 Are
1938 3175 82 23 nothing
2029 3176 36 18 loss
2074 3177 47 17 than
2133 3177 105 23 symptoms
2252 3178 20 16 of
2284 3184 33 11 ner-

1891 3205 89 11 vousness
2001 3200 48 17 born
2070 3200 20 17 of
2108 3200 105 23 dyspepsia.
2250 3201 77 18 AVolfo's

1893 3222 97 23 Schnapps
2011 3223 143 18 re-establishes
2170 3224 100 22 digestion,
2291 3224 36 17 and

1892 3246 120 20 tranquilises
2020 3247 33 16 the
2063 3252 72 12 nerves.

1928 3297 52 16 THE
1993 3297 60 18 NEW
2063 3297 139 19 SWIMMING
2216 3298 77 18 BATH.

1928 3343 26 17 'he
1963 3349 41 11 new
2014 3344 108 23 swimming
2129 3344 47 17 bath
2185 3344 30 18 for
2223 3344 33 18 the
2261 3344 68 19 female

1892 3367 116 21 persuasion,
2022 3373 20 11 as
2060 3367 89 17 Artemus
2164 3367 58 17 Ward
2239 3369 20 16 of
2275 3369 54 21 ]>ious

1893 3395 83 16 memory
1986 3389 112 23 designated
2112 3390 33 17 the
2159 3391 89 18 adorable
2261 3397 39 15 sex,
2314 3392 15 17 is

1892 3412 57 23 being
1958 3410 72 25 opened
2039 3414 39 17 this
2090 3414 100 17 afternoon
2204 3414 40 22 just
2258 3420 21 12 as
2295 3421 34 11 our

1892 3433 126 20 hebdomadal
2038 3436 53 18 sheet
2108 3437 14 17 is
2140 3437 73 22 issuing
2229 3438 48 17 from
2295 3438 32 17 the

1892 3464 57 18 press.
1975 3459 39 17 The
2029 3460 84 22 opening
2126 3466 98 16 ceremony
2237 3466 28 11 wo
2282 3461 47 17 have

1892 3488 24 11 no
1922 3482 60 17 doubt
1990 3483 16 16 is
2013 3483 59 22 being
2080 3483 107 22 performed
2196 3483 46 18 with
2256 3484 26 17 all
2296 3484 33 17 the

1893 3506 42 16 eclat
1943 3506 90 22 befitting
2042 3507 32 16 the
2091 3506 135 18 circumstance
2239 3508 38 16 and
2289 3508 40 17 will

1891 3529 24 16 be
1924 3529 45 22 duly
1978 3529 89 22 reported
2076 3535 24 11 on
2109 3530 19 16 in
2138 3536 34 10 our
2180 3531 47 16 next
2232 3530 54 18 issue.
2311 3531 18 17 A

1893 3552 73 22 specific
1974 3558 56 11 name
2039 3553 30 16 for
2077 3552 33 17 the
2118 3558 41 11 now
2172 3553 46 17 bath
2232 3553 15 17 is
2261 3553 68 18 looked

1891 3580 52 16 upon
1952 3581 19 11 as
1981 3581 24 11 an
2015 3577 70 21 urgent
2094 3576 92 22 necessity
2195 3576 35 17 but
2239 3577 30 16 for
2277 3577 52 17 what

1891 3603 67 12 reason
1966 3598 17 17 is
1990 3600 35 16 not
2034 3598 54 18 clear.
2115 3599 33 17 We
2157 3600 79 16 venture
2249 3600 21 17 to
2284 3605 34 17 pre-

1892 3621 39 17 dict
1947 3621 41 17 that
2007 3621 96 17 whatever
2123 3623 79 16 fanciful
2211 3623 117 22 appellation

1891 3650 44 16 may
1943 3645 23 16 be
1976 3644 96 17 bestowed
2081 3650 50 17 upon
2141 3645 20 21 it,
2172 3645 32 18 the
2234 3646 95 17 Women's

1892 3667 112 23 Swimming
2012 3668 51 17 Bath
2090 3668 16 17 it
2115 3668 38 17 will
2161 3669 78 17 remain.

1914 3690 40 18 The
1961 3690 47 18 bath
2017 3691 15 17 is
2041 3691 20 17 in
2070 3697 55 16 every
2135 3697 41 16 way
2192 3692 136 23 well-adapted

1891 3713 30 17 for
1929 3714 24 17 its
1962 3720 80 16 purpose
2052 3714 37 16 and
2098 3714 73 18 reflects
2183 3715 59 17 credit
2255 3721 25 11 on
2296 3716 33 16 Mr

1891 3737 84 22 Malfroy
1983 3737 43 17 who
2039 3737 98 22 projected
2152 3738 14 17 it
2181 3738 37 17 and
2233 3744 24 11 on
2274 3738 54 18 those

1891 3760 87 23 engaged
1987 3766 24 11 on
2020 3760 24 17 its
2054 3761 133 17 construction.
2218 3762 38 16 The
2270 3763 45 16 nata-

1890 3784 69 16 toriuin
1969 3789 21 11 or
1999 3784 108 21 swimming
2115 3790 43 11 area
2168 3784 14 17 is
2191 3785 22 16 50
2227 3785 38 17 feet
2280 3784 48 23 long

1890 3806 46 17 with
1945 3813 11 10 a
1965 3807 81 17 breadth
2056 3807 20 16 of
2084 3807 23 16 25
2116 3807 38 17 feet
2162 3807 38 17 and
2212 3813 11 11 a
2236 3807 56 23 flight
2307 3809 21 16 of

1889 3828 59 18 broad
1956 3830 38 16 and
2003 3830 127 22 easy-graded
2143 3831 49 21 steps
2206 3830 52 17 lends
2271 3830 55 18 downi

1889 3852 41 18 into
1938 3853 16 17 it
1962 3854 50 16 from
2021 3853 32 17 the
2062 3853 87 22 dressing
2156 3854 64 17 boxes.
2250 3854 26 17 At
2292 3854 32 17 the

1890 3875 67 23 deeper
1966 3876 36 17 end
2011 3875 76 19 smaller
2096 3876 65 23 flights
2170 3877 20 17 of
2198 3878 50 21 steps
2256 3883 32 11 are
2295 3883 20 11 ar-

1889 3899 72 23 ranged
1971 3901 18 15 at
1999 3899 45 17 each
2054 3905 70 11 cornel-.
2150 3900 39 17 The
2197 3900 73 17 bottom
2280 3900 15 18 is
2305 3901 21 17 of

1889 3922 45 17 lime
1943 3923 91 19 concrete,
2051 3922 37 17 and
2104 3923 32 16 flic
2150 3923 53 17 walls
2216 3929 32 11 are
2264 3923 20 17 of
2293 3923 32 18 the

1890 3950 50 12 same
1949 3945 86 18 material
2046 3946 21 16 IS
2081 3945 64 18 inches
2160 3946 52 18 thick
2226 3946 88 18 diminish-

1889 3967 34 26 ing
1940 3970 19 15 to
1977 3969 10 15 9
2002 3969 64 17 inches
2080 3970 19 15 at
2113 3969 32 16 the
2156 3970 40 21 top.
2222 3969 103 24 Overlying

1889 3991 38 17 this
1935 3991 15 17 is
1959 3997 24 11 an
1992 3991 43 18 inch
2050 3992 20 17 of
2084 3993 74 16 cement
2171 3993 61 16 which
2246 3993 78 22 imparts

1889 4015 20 16 to
1917 4014 33 17 the
1959 4015 46 16 bath
2013 4021 10 10 a
2032 4014 94 23 delighful
2133 4016 122 17 smoothness.
2280 4016 44 17 This

1889 4038 73 21 portion
1973 4038 20 16 of
2002 4038 32 17 the
2044 4038 51 17 work
2105 4044 37 11 was
2151 4038 71 18 carried
2230 4040 33 16 out
2277 4040 47 17 with

1889 4061 54 22 great
1952 4066 41 12 care
2003 4061 24 21 by
2036 4061 32 17 Mr
2075 4061 20 17 J.
2106 4061 105 21 Steedmau,
2227 4062 96 22 plasterer.

1888 4084 39 17 The
1936 4084 33 17 hot
1978 4084 38 17 and
2028 4084 42 17 cold
2088 4086 59 15 water
2162 4085 15 17 is
2194 4085 85 22 supplied
2297 4086 26 22 by

1888 4108 38 16 two
1936 4107 44 17 1-in.
1987 4107 155 22 pipes—leading
2147 4108 122 23 respectively
2275 4109 49 17 from

1888 4129 32 17 the
1929 4129 71 19 Rachel
2009 4130 70 23 Spring
2088 4131 38 16 and
2135 4131 31 17 the
2175 4131 75 22 cooling
2263 4137 50 12 reser-

1888 4153 41 16 voir
1937 4153 61 17 which
2008 4153 33 17 has
2050 4153 48 17 been
2107 4155 28 15 set
2143 4156 54 20 apart
2206 4155 30 16 for
2242 4155 32 17 the
2280 4161 33 16 pre-

1888 4177 41 15 sent
1937 4181 87 14 purpose.
2050 4176 39 17 The
2103 4177 34 16 hot
2150 4177 37 16 and
2206 4177 42 17 cold
2265 4181 59 14 water

2348 161 53 16 enter
2410 162 20 15 at
2438 161 33 16 the
2480 161 72 17 bottom
2561 161 38 17 and
2607 162 19 17 in
2632 161 86 18 addition
2725 163 21 16 to
2751 161 32 17 the

2349 182 89 23 ordinary
2446 184 61 16 outlet
2516 184 29 16 for
2553 184 33 17 the
2598 185 87 17 overflow*
2699 186 59 15 water
2772 190 11 11 a

2349 206 56 18 sluice
2418 208 21 15 at
2451 207 33 16 the
2496 207 74 17 bottom
2582 208 78 21 permits
2674 208 34 16 the
2722 207 51 17 whole-

2348 230 92 16 reservoir
2447 230 20 17 to
2476 229 23 17 be
2509 230 82 22 speedily
2600 231 88 22 emptied.

2349 252 35 17 full
2393 252 33 17 the
2434 252 59 23 depth
2502 252 38 18 will
2549 259 58 17 range
2615 254 47 18 from
2672 255 29 16 3ft
2709 254 38 17 6in.
2763 255 20 16 to

2347 275 42 19 4ft.,
2400 276 38 16 and
2446 281 20 11 as
2475 281 24 11 an
2508 280 97 14 assurance
2614 279 19 15 to
2643 277 54 17 timid
2706 277 77 17 ba'.hers

2348 298 32 16 Mr
2388 298 74 17 Purcell
2471 299 35 16 has
2514 299 77 17 notified
2599 300 32 17 the
2645 300 39 17 fact
2700 300 20 17 in
2737 300 45 17 bold

2348 321 38 17 and
2394 321 82 22 striking
2485 321 68 23 figures
2561 323 21 16 at
2590 323 60 17 either
2658 323 43 18 end.
2715 323 68 17 Across

2348 344 32 16 the
2387 344 46 17 bath
2442 350 11 11 a
2462 344 45 17 wire
2514 350 45 17 rope
2567 345 34 18 has
2613 346 46 17 been
2677 345 106 23 suspended

2349 365 47 19 from
2406 367 61 18 which
2480 367 78 21 dangles
2572 374 11 11 a
2600 369 41 22 pair
2657 369 20 17 of
2694 370 88 20 rings—a

2348 390 66 22 simple
2423 391 35 16 but
2467 390 83 18 effective
2563 393 106 21 gymnastic
2683 393 99 21 appliance

2348 412 61 18 which
2415 413 45 20 will,
2467 414 101 19 doubtless,
2575 415 23 16 be
2603 415 47 21 duly
2655 415 127 22 appreciated.

2347 435 39 17 The
2396 436 92 22 footways
2497 436 57 23 along
2562 438 32 17 the
2603 438 49 17 sides
2660 443 32 12 are
2700 438 37 17 five
2746 438 37 17 feet

2347 458 49 18 wide
2405 460 44 16 with
2459 466 11 10 a
2479 459 58 22 slight
2545 461 51 22 slope
2605 461 82 17 towards
2696 461 33 17 the
2737 462 34 21 gut-

2347 482 35 17 ter.
2396 482 44 18 This
2448 483 39 16 will
2496 483 91 18 facilitate
2595 484 88 22 cleaning
2691 484 38 17 and
2738 484 45 17 tend

2347 506 21 15 to
2377 504 47 23 keep
2432 506 32 17 the
2477 506 91 22 footways
2581 506 41 23 dry.
2654 507 40 17 The
2707 506 76 22 portion

2347 527 21 17 of
2376 528 32 17 the
2417 528 88 23 building
2514 529 60 17 which
2583 530 15 17 is
2608 530 65 17 roofed
2682 535 45 12 over
2737 530 15 16 is
2760 531 23 16 42

2347 550 39 17 feet
2394 551 26 21 by
2431 552 21 16 IS
2461 552 38 16 feet
2508 553 37 16 and
2554 553 85 17 contains
2645 553 64 17 eleven
2717 558 66 17 roomy

2347 574 38 16 and
2392 575 112 16 convenient
2519 575 160 22 dressing-boxes.
2711 576 26 17 At
2752 576 31 17 the

2347 596 58 18 lower
2413 597 36 17 end
2459 598 21 17 of
2488 598 32 17 the
2528 598 47 17 bath
2583 600 16 16 is
2608 606 11 10 a
2627 598 46 17 shed
2681 600 23 15 42
2714 599 39 16 feet
2758 599 25 22 by

2348 620 20 16 11
2379 621 38 15 fcei
2425 620 45 17 with
2475 621 58 17 sea'in
2723 622 60 17 which

2347 643 87 21 provides
2443 643 104 18 additional
2560 650 53 12 room
2627 645 31 17 for
2672 645 77 17 bathers
2764 644 19 18 in

2347 671 42 12 case
2398 666 21 17 of
2427 673 11 10 a
2446 666 86 22 plethora
2542 668 19 17 of
2569 669 75 16 visitors
2659 674 25 11 on
2697 668 86 22 holidays

2347 694 22 12 or
2378 689 54 17 other
2441 689 99 19 occasions.
2566 691 67 17 Beside
2641 692 33 16 the
2688 691 85 22 dressing-

2347 711 59 18 boxes
2415 718 11 11 a
2435 712 72 18 shower
2515 713 45 17 bath
2570 714 34 18 has
2616 715 47 16 been
2678 714 56 17 fixed.
2767 714 16 17 A

2347 735 107 17 seven-foot
2459 735 52 18 fence
2520 737 81 17 encloses
2606 743 10 11 a
2623 737 71 23 drying
2702 737 81 22 ground,

2347 758 36 17 but
2392 758 38 17 this
2439 764 54 17 space
2503 765 43 16 may
2554 760 19 17 in
2582 760 33 17 the
2624 760 64 17 future
2697 766 52 11 serve
2756 760 27 17 for

2347 781 33 17 the
2389 781 83 18 erection
2481 782 19 17 of
2509 788 11 11 a
2528 788 68 17 proper
2605 784 127 21 gymnasium.
2746 784 37 16 The

2347 805 73 17 utmost
2429 810 42 12 aire
2480 805 33 17 has
2525 807 47 15 been
2587 807 57 17 taken
2664 806 119 22 throughout

2347 828 33 17 the
2389 828 129 17 construction
2527 830 19 16 to
2556 835 62 12 secure
2627 830 32 17 the
2673 830 78 22 privacy
2765 829 18 17 of

2347 850 78 18 bathers
2433 850 38 18 and
2480 852 32 16 the
2520 852 57 17 result
2586 852 15 17 is
2610 853 81 22 entirely
2697 853 77 17 satisfac-

2347 876 51 19 tory.

2372 897 39 18 The
2432 897 115 18 bath-house
2569 898 15 17 is
2607 899 76 17 entered
2711 899 26 21 by
2758 899 25 17 its

2348 926 42 11 own
2400 920 52 20 door,
2462 920 60 17 which
2531 922 15 15 is
2555 922 54 17 made
2617 922 49 17 wide
2674 922 77 22 enough
2763 924 20 15 to

2348 943 60 17 admit
2418 944 20 16 of
2446 949 24 11 an
2479 943 86 19 invalid's
2573 945 57 20 chair,
2641 946 37 16 and
2687 945 40 17 also
2739 945 25 22 by
2773 951 10 11 a

2349 967 38 17 side
2397 968 88 16 entrance
2495 967 47 17 from
2549 967 32 17 the
2587 967 69 19 Rachel
2662 969 38 17 and
2707 969 76 16 Priest's

2347 989 133 18 bath-houses.
2506 990 38 17 The
2553 991 59 17 whole
2621 991 89 23 frontage
2723 991 20 17 of
2751 991 32 18 the

2349 1013 86 16 Pavilion
2444 1013 34 16 has
2487 1014 82 16 received
2579 1021 10 10 a
2598 1015 56 16 much
2662 1014 73 17 needed
2742 1016 41 15 coat

2349 1036 20 16 of
2377 1036 54 22 paint
2440 1035 60 19 which
2511 1036 62 18 makes
2582 1037 16 17 it
2605 1038 20 16 in
2641 1038 83 22 keeping
2738 1038 45 16 with

2348 1059 33 17 the
2390 1064 41 12 new
2440 1061 99 15 structure.
2561 1061 38 16 The
2607 1062 111 16 renovation
2725 1061 21 16 of
2752 1061 31 17 the

2348 1083 43 16 roof
2399 1082 37 17 and
2445 1082 33 17 the
2486 1083 70 21 repairs
2565 1084 19 17 to
2592 1084 32 17 the
2633 1084 79 17 interior
2723 1084 20 17 of
2751 1084 32 17 the

2349 1106 54 16 other
2411 1105 124 18 bath-houses
2545 1113 31 10 are
2589 1113 42 11 now
2648 1107 70 18 almost
2732 1113 38 11 com-

2348 1128 65 23 pleted
2419 1129 38 16 and
2466 1129 37 17 will
2513 1129 34 17 add
2558 1130 55 17 much
2622 1132 21 15 to
2652 1130 32 18 the
2701 1130 82 17 comfort

2349 1152 20 17 of
2377 1152 81 17 visitors.
2483 1152 38 17 The
2530 1153 73 21 private
2615 1152 70 20 Rachel
2693 1153 56 17 baths
2758 1159 25 11 on

2348 1175 46 17 both
2405 1175 48 17 sides
2459 1175 20 17 of
2486 1175 33 17 the
2528 1176 49 17 main
2588 1176 88 23 building
2692 1183 33 10 are
2740 1182 43 11 now

2348 1198 19 17 in
2376 1203 75 18 process
2460 1198 20 18 of
2488 1198 56 23 being
2553 1198 50 18 lined
2616 1200 46 17 with
2678 1200 58 17 white
2749 1205 22 12 en-

2348 1221 80 17 amelled
2445 1221 42 17 tiles
2504 1222 36 16 and
2557 1222 53 18 fitted
2627 1223 47 17 with
2694 1223 88 17 showers.

2348 1245 45 16 This
2402 1244 39 18 will
2450 1244 82 18 enhance
2541 1245 48 17 their
2603 1247 54 16 value
2666 1247 20 16 in
2700 1247 33 16 the
2740 1252 43 16 eyes

2349 1268 19 17 of
2377 1268 54 17 those
2447 1268 43 17 who
2507 1274 30 11 are
2553 1268 81 18 inclined
2648 1271 20 16 to
2685 1270 69 22 luxury
2763 1270 20 16 in

2348 1290 32 18 the
2390 1292 70 16 matter
2468 1291 19 16 of
2495 1290 86 24 bathing.

2389 1341 52 17 THE
2455 1340 76 18 HUKA
2539 1341 80 18 FALLS
2628 1342 106 18 SCHEME.

2372 1388 40 17 Our
2420 1387 75 19 readers
2505 1394 31 11 are
2550 1394 60 13 aware
2626 1390 19 16 of
2659 1389 34 18 tho
2709 1390 74 17 scheme

2348 1411 62 17 which
2419 1411 33 17 lias
2462 1411 46 17 been
2516 1413 123 21 propounded
2647 1413 26 22 by
2680 1413 32 17 Mr
2726 1413 18 17 J.
2761 1413 21 17 C.

2348 1434 54 18 Firth
2412 1435 29 16 for
2448 1434 87 24 utilising
2543 1435 32 17 the
2588 1436 121 17 tremendous
2720 1442 63 16 power

2349 1458 60 17 which
2419 1458 14 16 is
2443 1457 78 18 allowed
2531 1459 19 15 to
2560 1463 33 12 run
2608 1460 21 15 to
2642 1461 58 15 waste
2714 1460 21 16 at
2750 1460 33 17 the

2348 1481 58 17 Huka
2414 1481 52 17 Falls
2474 1486 24 12 on
2512 1481 32 17 the
2558 1479 87 21 Waikato
2662 1482 63 18 River.
2760 1482 23 18 In

2349 1504 119 17 furtherance
2489 1504 20 17 of
2528 1504 38 17 this
2591 1505 74 22 project
2686 1506 97 16 Professor

2349 1527 73 22 George
2431 1527 76 20 Forbes,
2517 1527 74 21 F.R.S.,
2601 1528 101 21 M.1.C.E.,
2716 1529 16 17 is
2740 1534 43 13 now

2349 1556 24 12 on
2382 1557 11 10 a
2401 1550 44 18 visit
2454 1552 20 16 to
2483 1550 37 18 this
2532 1550 71 18 district
2612 1552 30 16 for
2654 1552 33 17 the
2700 1557 82 17 purpose

2348 1574 20 16 of
2376 1573 108 23 inspecting-
2492 1574 31 17 the
2540 1580 54 12 scene
2608 1574 20 18 of
2642 1576 107 21 operations
2763 1575 19 17 in

2348 1597 55 17 order
2411 1599 20 15 to
2440 1597 43 22 give
2490 1602 11 11 a
2509 1597 76 17 definite
2594 1598 76 22 opinion
2683 1604 21 11 as
2717 1600 20 15 to
2750 1599 33 17 the

2348 1620 86 17 facilities
2444 1620 30 17 for
2482 1620 86 22 utilising
2576 1620 32 18 the
2622 1627 69 16 power.
2722 1621 30 18 He
2768 1621 15 18 is

2348 1643 133 22 accompanied
2502 1644 24 21 by
2546 1642 31 19 Mr
2593 1644 28 17 W.
2639 1644 26 17 H.
2683 1644 99 22 Williams,

2347 1666 91 23 practical
2446 1667 94 22 engineer,
2551 1667 36 17 and
2596 1667 32 17 the
2634 1674 33 11 son
2674 1668 20 17 of
2700 1668 33 17 the
2739 1674 33 16 pro-

2348 1691 62 16 moter
2426 1691 20 16 of
2462 1690 32 17 the
2509 1690 78 20 scheme,
2603 1691 32 16 Mr
2647 1689 29 20 W.
2690 1691 21 17 T.
2721 1691 61 19 Firth,

2348 1714 62 16 whose
2419 1712 112 23 knowledge
2539 1714 20 16 of
2572 1714 31 17 the
2618 1713 74 19 district
2700 1714 83 18 'enables

2347 1736 40 18 him
2396 1738 20 16 to
2425 1738 31 16 act
2465 1743 19 11 as
2493 1742 23 11 an
2526 1736 79 18 efficient
2615 1737 42 18 vade
2666 1744 72 11 meruit).
2764 1737 19 17 It

2348 1766 44 16 may
2408 1760 23 17 bo
2448 1760 58 16 borne
2522 1760 19 16 in
2558 1760 52 17 mind
2627 1761 43 17 that
2687 1761 96 17 Professor

2347 1783 72 18 Forbes
2435 1789 38 11 was
2488 1781 108 25 consulting
2610 1783 90 22 engineer
2714 1784 20 18 of
2751 1784 32 17 the

2347 1807 87 22 gigantic
2451 1806 128 23 undertaking
2595 1808 20 16 at
2631 1807 85 23 Niagara
2732 1807 51 18 Falls

2347 1830 63 17 where
2433 1830 62 18 works
2520 1830 47 17 have
2580 1830 47 17 been
2647 1830 92 22 prepared
2754 1831 29 17 for

2347 1854 32 16 the
2386 1853 86 17 ultimate
2479 1852 131 23 development
2615 1854 37 16 and
2661 1854 121 16 distribution

2347 1877 20 16 of
2378 1877 75 19 100,000
2462 1875 134 23 horse-power,
2606 1877 94 22 although
2716 1879 20 15 at
2750 1877 33 18 the

2347 1902 76 19 present
2431 1900 46 16 time
2486 1900 44 22 only
2539 1900 59 17 about
2607 1906 34 11 one
2650 1900 52 17 third
2711 1901 20 16 of
2740 1901 43 16 that

2347 1924 78 16 amount
2434 1923 16 17 is
2459 1922 118 18 distributed.
2603 1923 19 17 It
2634 1924 14 16 is
2663 1924 120 22 satisfactory

2347 1947 19 17 to
2387 1946 56 17 know
2461 1946 42 16 that
2519 1947 20 16 at
2556 1946 84 22 Niagara
2656 1947 33 17 the
2707 1947 75 17 natural

2347 1969 70 23 beauty
2427 1969 19 17 of
2455 1969 32 17 the
2497 1975 75 17 scenery
2580 1969 33 18 has
2623 1971 33 16 not
2665 1970 48 17 been
2724 1970 49 17 inter-

2347 1993 52 16 fered
2413 1993 45 16 with
2475 1993 19 16 in
2508 1993 32 16 the
2557 1992 88 23 slightest
2654 1993 74 22 degree,
2745 1993 38 17 and

2347 2016 68 17 should
2424 2016 33 17 the
2466 2016 58 17 Huka
2539 2016 50 17 Falls
2601 2016 24 17 be
2645 2016 76 18 utilised
2735 2017 21 17 in
2773 2023 10 11 a

2347 2039 71 17 similar
2426 2044 79 12 manner
2519 2039 46 22 they
2579 2039 38 17 will
2631 2040 24 16 be
2669 2040 80 17 allowed
2763 2041 20 15 to

2347 2062 57 19 suffer
2415 2068 26 12 no
2456 2062 104 18 detraction
2573 2062 20 17 in
2608 2063 32 17 the
2655 2069 43 16 eyes
2716 2063 19 17 of
2752 2063 31 17 the

2347 2086 73 17 tourist.
2447 2086 57 16 Plans
2513 2091 31 12 are
2553 2086 38 17 also
2600 2086 20 16 in
2629 2092 65 11 course
2707 2087 20 16 of
2740 2091 32 18 pre-

2346 2110 87 21 paration
2442 2109 25 22 by
2478 2109 95 17 Professor
2582 2109 70 17 Forbes
2661 2110 30 16 for
2697 2110 86 21 utilising

2346 2133 33 17 the
2387 2133 83 17 Victoria
2480 2132 50 17 Falls
2539 2138 24 11 on
2572 2133 32 16 the
2617 2132 87 18 Zambesi
2720 2132 62 21 River,

2347 2156 60 17 South
2425 2156 71 19 Africa,
2513 2156 62 16 where
2591 2156 33 17 the
2640 2162 64 16 power
2720 2156 63 17 would

2346 2179 49 17 have
2403 2180 20 16 to
2433 2179 23 17 be
2464 2178 96 23 convoyed
2568 2178 19 18 in
2596 2185 51 11 some
2656 2180 94 16 instances
2763 2185 19 11 as

2347 2203 29 16 far
2384 2208 21 11 as
2414 2203 34 15 500
2457 2202 52 16 miles
2518 2203 49 15 from
2578 2202 32 16 the
2626 2203 88 16 fountain
2728 2203 53 17 head.

2347 2225 19 18 It
2375 2225 38 17 will
2422 2225 44 17 thus
2475 2225 23 16 bo
2506 2230 44 12 seen
2558 2225 43 16 that
2614 2225 85 18 distance
2707 2225 16 18 is
2737 2231 34 12 con-

2347 2248 72 17 sidered
2428 2254 25 11 no
2462 2248 83 17 obstacle
2556 2248 19 17 in
2584 2248 45 17 such
2638 2248 144 22 undertakings.

2347 2272 19 17 It
2379 2272 71 21 merely
2463 2271 83 22 depends
2559 2277 25 12 on
2598 2272 32 16 the
2647 2272 55 17 value
2717 2273 20 16 of
2751 2272 32 17 the

2346 2301 64 16 power
2419 2296 21 16 at
2448 2294 32 18 the
2488 2295 55 21 point
2551 2296 19 16 to
2586 2295 61 17 which
2661 2295 15 17 it
2690 2295 16 17 is
2721 2296 51 16 trans-

2347 2317 73 19 mitted.

2371 2342 55 17 Since
2452 2341 76 22 leaving
2553 2340 99 18 Auckland
2677 2342 106 17 Professsor

2347 2364 70 18 Forbes
2429 2364 35 18 has
2477 2364 96 22 inspected
2586 2365 33 17 the
2635 2365 95 22 Awapuni
2746 2365 37 17 and

2349 2387 144 19 Aniwhaniwha
2502 2384 51 20 Falls
2563 2394 24 10 on
2595 2388 32 17 the
2641 2388 89 17 Waikato
2746 2388 37 17 and

2347 2411 40 18 also
2398 2411 42 17 that
2448 2412 19 16 at
2477 2410 95 18 Okoroire.
2599 2411 28 17 On
2638 2411 94 23 Saturday
2747 2411 36 18 last

2347 2435 23 16 he
2379 2434 69 17 visited
2460 2434 33 17 the
2507 2434 61 17 Okere
2585 2434 56 19 Falls,
2660 2434 63 18 where
2737 2435 16 17 it
2768 2435 15 17 is

2347 2458 100 17 estimated
2456 2458 42 16 that
2507 2458 53 21 2,000
2568 2457 130 23 horse-power
2709 2458 16 17 is
2737 2463 35 12 run-

2347 2481 49 20 ning
2405 2483 19 15 to
2433 2483 64 18 waste,
2506 2481 38 17 and
2553 2486 24 12 on
2589 2481 86 22 Monday
2693 2483 49 15 went
2760 2487 23 11 on

2347 2507 20 15 to
2380 2502 100 20 Wairakei.
2505 2504 30 17 He
2550 2504 39 17 will
2603 2504 94 22 probably
2713 2505 70 17 remain

2347 2528 54 17 there
2410 2528 29 17 for
2448 2533 10 10 a
2467 2528 35 16 few
2511 2527 52 20 days,
2577 2533 21 11 as
2612 2533 11 11 a
2636 2528 97 21 thorough
2751 2533 22 12 ex-

2348 2551 104 17 amination
2461 2550 20 17 of
2490 2550 31 18 the
2539 2550 74 23 ground
2627 2550 20 18 in
2660 2551 33 17 the
2707 2551 76 22 vicinity

2349 2575 19 17 of
2374 2575 33 16 the
2415 2573 59 18 Huka
2483 2574 50 16 Falls
2544 2574 37 17 will
2593 2574 24 16 be
2629 2575 54 16 made
2698 2575 20 15 in
2730 2573 53 19 order

2348 2599 20 16 to
2377 2597 109 19 determine,
2496 2598 33 17 not
2539 2596 45 23 only
2596 2597 33 17 the
2637 2599 66 15 extent
2717 2598 19 17 of
2753 2598 30 17 the

2348 2627 64 16 power
2419 2620 99 19 available,
2529 2620 34 17 but
2573 2621 32 16 the
2614 2621 102 22 feasibility
2723 2621 19 16 of
2756 2627 18 11 es-

2349 2644 105 21 tablishing
2475 2644 60 16 works
2552 2644 59 17 there.
2644 2644 70 18 Messrs
2731 2644 52 17 Firth

2349 2667 37 17 and
2396 2666 92 19 Williams
2498 2667 39 17 will
2545 2669 65 15 return
2622 2669 112 15 to-morrow
2748 2667 35 17 and

2349 2697 25 14 go
2384 2697 24 11 on
2416 2691 21 16 to
2446 2690 100 17 Auckland
2553 2697 23 11 on
2586 2690 71 21 Friday
2666 2691 95 20 morning.

2467 2742 100 17 MINING
2577 2742 82 17 NOTES.

2373 2789 32 17 Mr
2412 2789 27 17 H.
2449 2789 28 17 W.
2488 2789 91 19 Mitchell,
2598 2795 95 16 surveyor,
2709 2789 33 18 has
2756 2795 20 11 re-

2351 2812 68 18 turned
2429 2813 47 16 from
2488 2812 31 17 the
2528 2812 24 17 To
2566 2813 52 16 Puke
2633 2811 75 19 district
2725 2813 61 17 where

2350 2836 24 17 lie
2395 2836 38 17 had
2453 2836 47 17 been
2521 2836 86 22 engaged
2627 2836 103 22 surveying
2754 2836 32 17 the

2350 2859 86 22 Jocelyn,
2444 2858 101 21 Gibraltar,
2552 2858 37 18 and
2596 2858 122 19 otherclaims
2725 2858 60 19 which

2351 2888 31 11 are
2391 2883 19 16 in
2420 2882 49 17 close
2475 2882 103 22 proximity
2588 2884 20 15 to
2617 2882 104 23 Fleming's
2730 2883 44 17 Free-

2350 2905 52 18 hold.
2427 2905 59 18 There
2495 2910 31 12 are
2535 2911 43 12 over
2588 2906 33 16 100
2632 2905 66 18 claims
2712 2905 75 23 pegged

2351 2930 34 16 out
2392 2929 86 16 between
2486 2928 33 17 the
2527 2928 92 17 Freehold
2632 2929 38 16 and
2685 2929 101 22 Papainoe.

2351 2952 122 23 Prospectors
2481 2957 31 12 are
2529 2953 20 15 at
2561 2952 77 21 present
2652 2952 100 22 searching
2767 2952 20 17 in

2351 2975 33 17 tho
2394 2980 68 17 ranges
2476 2976 19 16 to
2506 2975 33 16 the
2554 2976 51 19 west,
2622 2975 83 17 towards
2722 2975 64 22 Oropi,

2351 2998 38 17 and
2398 2999 62 21 report
2470 2998 98 22 favorably
2580 3004 24 11 on
2613 2999 32 16 the
2653 3000 68 15 nature
2730 2999 20 17 of
2756 2999 31 16 tho

2351 3023 87 21 country.
2464 3022 37 16 The
2511 3021 90 17 direction
2611 3022 19 17 of
2639 3022 32 17 the
2681 3022 48 17 reefs
2738 3022 49 17 from

2351 3044 104 23 Fleming's
2462 3044 91 18 Freehold
2562 3044 15 18 is
2585 3044 84 18 towards
2679 3044 96 19 Otanewai-

2351 3069 52 16 riuku
2412 3069 19 16 in
2445 3068 32 16 the
2490 3068 143 21 neighborhood
2647 3069 20 15 of
2681 3069 61 16 which
2757 3069 31 16 Mr

2351 3091 89 23 Fleming
2459 3091 33 17 has
2509 3091 75 22 pegged
2601 3091 26 17 off
2642 3091 53 18 three
2716 3091 70 18 claims:

2351 3115 39 16 The
2399 3114 32 23 dip
2441 3115 19 16 of
2472 3114 32 17 tho
2520 3115 48 16 reefs
2581 3114 48 17 from
2646 3115 32 16 the
2695 3114 92 17 Freehold

2351 3137 118 18 southwards
2478 3137 62 17 shows
2547 3139 64 20 pretty
2620 3137 70 22 clearly
2699 3138 43 16 that
2756 3138 32 18 the

2351 3161 105 17 auriferous
2472 3162 60 15 strata
2546 3160 95 18 underlies
2653 3161 33 17 the
2703 3161 85 17 volcanic

2351 3184 109 17 formation.
2484 3183 53 22 Deep
2548 3183 77 23 sinking
2639 3184 38 17 will
2694 3184 93 17 therefore

2351 3208 22 17 be
2384 3212 102 17 necessary.
2512 3207 23 17 In
2545 3207 31 17 Mr
2590 3207 104 17 Mitchell's
2711 3208 76 21 opinion

2351 3231 33 17 the
2392 3231 79 21 country
2476 3232 19 14 to
2504 3229 31 18 the
2541 3230 99 17 westward
2645 3230 85 17 between
2735 3230 52 18 Lake

2351 3255 85 16 llotorua
2444 3253 38 17 and
2490 3253 152 17 Otanuwamuku
2650 3254 17 16 is
2675 3254 44 16 well
2726 3254 62 17 worth

2352 3276 127 24 prospecting.

2375 3300 136 22 Encouraging
2519 3299 119 21 indications,
2650 3300 19 17 in
2683 3300 33 17 the
2731 3300 57 22 shape

2351 3324 20 17 of
2380 3324 51 16 loose
2439 3324 72 21 quartz,
2521 3323 48 17 have
2583 3323 47 17 been
2646 3323 60 17 found
2719 3323 19 17 in
2756 3323 32 17 the

2351 3348 80 16 streams
2439 3343 77 25 flowing
2525 3347 48 16 from
2589 3346 33 17 the
2638 3346 52 17 lakes
2706 3347 82 16 towards

2351 3370 33 17 the
2392 3371 52 16 coast
2453 3370 84 16 between
2554 3369 80 18 Maketu
2651 3370 39 16 and
2705 3370 82 17 Matata.

2351 3393 80 17 Various
2439 3392 70 22 parties
2518 3398 31 12 arc
2558 3394 33 16 out
2600 3393 128 22 prospecting.

2374 3416 39 18 The
2422 3415 77 22 Opotiki
2508 3416 66 21 people
2585 3416 49 16 have
2648 3418 33 21 got
2696 3416 32 17 the
2742 3416 45 23 gold

2351 3439 51 18 fever
2411 3444 46 12 even
2466 3444 60 11 worse
2538 3439 47 18 than
2603 3444 28 12 we
2645 3436 49 20 have
2707 3439 15 18 it
2737 3439 49 17 here.

2351 3462 124 22 Discoursing
2483 3468 24 11 on
2516 3462 32 17 the
2556 3464 63 15 recent
2634 3462 39 17 find
2689 3462 20 18 at
2722 3462 65 23 Opape

2350 3484 34 19 the
2392 3484 70 20 Herald
2470 3489 53 18 says:
2594 3485 85 17 brilliant
2693 3486 64 16 future
2772 3485 15 19 is

2350 3509 20 16 in
2379 3510 50 16 store
2442 3509 30 16 for
2486 3509 32 16 the
2531 3509 53 22 quiet
2597 3509 50 17 little
2658 3509 95 22 township
2768 3509 19 17 of

2351 3531 83 23 Opotiki.
2460 3531 33 17 We
2502 3533 66 21 expect
2576 3531 20 17 in
2605 3538 10 11 a
2621 3531 36 18 few
2664 3531 74 18 months
2745 3531 42 18 that

2350 3555 53 16 there
2412 3554 38 17 will
2460 3556 32 15 not
2501 3555 23 16 be
2533 3561 11 10 a
2552 3557 67 14 vacant
2629 3555 99 16 allotment
2737 3556 19 16 to
2763 3556 23 16 be

2350 3578 89 17 obtained
2448 3579 21 15 at
2477 3584 37 16 any
2522 3578 56 22 price,
2589 3578 37 16 and
2636 3578 42 17 that
2687 3578 32 18 tho
2735 3578 38 17 Nor-

2351 3601 55 17 thern
2415 3600 40 18 S.S.
2465 3601 32 17 Co.
2511 3601 38 17 will
2562 3601 23 17 bo
2599 3601 110 22 compelled,
2725 3601 20 17 in
2761 3601 24 17 its

2350 3630 42 11 own
2401 3624 92 21 interests,
2505 3625 20 16 to
2533 3625 36 21 put
2575 3630 24 11 on
2606 3625 20 16 at
2631 3624 48 17 least
2688 3625 38 16 two
2735 3630 50 11 more

2350 3649 89 16 steamers
2448 3649 20 15 to
2477 3648 48 16 meet
2542 3647 31 17 the
2586 3647 108 22 increasing
2707 3653 66 16 passen-

2350 3676 34 16 ger
2490 3671 34 16 We
2532 3670 90 22 sincerely
2631 3671 50 21 hope
2690 3670 38 17 this
2736 3670 15 18 is
2757 3676 27 15 so,

2350 3694 35 17 but
2394 3700 27 11 we
2431 3699 30 11 are
2471 3693 59 17 afraid
2540 3699 33 11 our
2587 3694 145 22 contemporary
2745 3694 16 17 is
2774 3700 11 10 a

2349 3717 50 17 little
2408 3716 28 18 bit
2444 3718 33 15 too
2486 3716 92 22 previous.

2373 3740 39 17 The
2422 3739 72 17 natives
2503 3739 72 17 declare
2583 3739 47 17 with
2647 3739 57 17 much
2720 3745 54 12 assur-

2349 3768 46 12 ance
2403 3763 43 17 that
2453 3762 46 22 gold
2508 3763 57 16 exists
2574 3768 25 11 on
2615 3763 139 21 Matawhaura,
2764 3763 21 17 at

2349 3786 32 17 the
2390 3785 48 18 head
2448 3785 20 18 of
2476 3785 77 20 ltotoiti,
2563 3785 36 17 but
2607 3792 20 11 as
2645 3785 31 18 the
2686 3787 96 16 mountain

2348 3809 16 16 is
2373 3815 23 10 an
2406 3809 75 16 ancient
2494 3808 82 23 burying
2585 3809 75 22 ground
2669 3809 38 17 and
2716 3810 67 21 stricty

2348 3833 47 21 tapu
2402 3832 46 21 they
2458 3831 24 17 do
2490 3832 35 16 not
2534 3838 41 11 care
2584 3829 21 19 to
2613 3838 26 16 go
2648 3832 20 17 in
2683 3832 64 18 search
2765 3833 19 17 of

2351 3855 22 17 it.
2398 3856 17 16 A
2424 3855 109 23 prospector
2538 3860 38 12 was
2585 3857 33 15 out
2627 3855 54 17 there
2690 3855 31 17 the
2730 3855 54 17 other

2347 3878 33 22 da3
2380 3885 5 3 r
2387 3878 4 23 ,
2400 3878 36 17 but
2444 3878 23 17 ho
2484 3883 39 12 was
2531 3878 73 22 quietly
2617 3878 31 18 led
2664 3885 54 16 away
2735 3879 48 17 from

2347 3902 33 17 the
2389 3901 98 18 forbidden
2497 3901 73 22 ground
2579 3902 38 16 and
2630 3902 95 17 informed
2741 3902 43 17 that

2347 3925 45 22 they
2401 3924 56 18 could
2473 3925 55 16 allow
2544 3930 25 12 no
2586 3930 35 12 one
2638 3926 20 16 to
2667 3925 68 17 ascend
2751 3926 33 16 tho

2347 3947 110 18 mountaian
2478 3947 82 18 without
2575 3947 31 18 the
2622 3949 78 17 consent
2714 3948 21 17 of
2751 3948 32 17 the

2346 3971 61 17 whole
2415 3970 55 18 tribe.

2370 3995 24 17 At
2404 3994 32 17 the
2443 3994 83 22 meeting
2535 3994 20 17 of
2563 3994 32 17 the
2605 3994 125 23 Prospecting
2746 3994 24 17 As-

2346 4018 90 17 sociation
2446 4017 36 17 last
2491 4017 94 22 Saturday
2599 4018 62 22 night,
2676 4017 31 17 Mr
2724 4017 59 17 Brent

2346 4041 103 22 presiding,
2460 4041 14 16 it
2491 4046 39 11 was
2537 4040 75 18 decided
2622 4043 21 15 to
2652 4041 50 16 meet
2716 4041 21 16 in
2751 4040 20 17 fu-

2345 4066 43 15 ture
2397 4070 25 11 on
2431 4064 92 17 alternate
2528 4064 118 21 Wednesday
2653 4064 70 22 nights,
2731 4069 39 12 com-

2346 4088 88 21 mencing
2451 4093 23 11 on
2491 4087 110 22 .September
2621 4088 29 16 23.
2683 4087 17 17 A
2713 4087 69 22 special

2345 4111 85 20 meeting
2436 4110 43 19 will,
2486 4110 92 20 however,
2586 4111 100 21 takeplace
2695 4110 87 23 to-night

2345 4133 19 17 in
2374 4133 32 18 the
2415 4133 64 17 Grand
2488 4133 59 17 Hotel
2556 4134 19 16 at
2584 4133 10 16 8
2610 4133 72 18 o'clock
2696 4135 20 16 to
2733 4135 49 15 meet

2345 4156 33 17 the
2386 4156 133 17 Association's
2536 4157 115 21 prospector,
2670 4156 32 17 Mr
2718 4156 64 18 James

2345 4179 37 16 Mac
2382 4179 89 16 Donald.

2965 160 108 24 TAUPO.

3007 196 28 14 ♦
3035 201 31 3 —

2838 220 63 23 [FROM
2914 225 40 13 OUU
2967 225 47 14 OTO
3021 222 184 23 COEEESEONDEJfT.]

2828 251 40 18 The
2875 251 64 18 Crows
2942 252 46 17 Nesl
3000 252 71 23 Geyser
3078 253 17 17 is
3098 258 46 12 sow
3151 253 18 16 in
3186 251 2 24 i
3202 251 3 24 I

2805 274 97 23 operation
2908 273 47 19 with
2963 280 58 17 every
3023 275 105 19 likelihood
3135 276 20 18 of
3170 281 11 12 a
3193 282 30 12 con-

2805 298 93 20 tinuance,
2921 298 61 17 which
2999 299 68 17 should
3084 304 57 17 prove
3158 304 9 12 a
3185 304 48 17 greal

2804 321 103 17 attraction
2914 321 21 18 to
2942 321 35 18 the
2986 322 75 20 tourist,
3077 327 50 12 more
3142 323 94 23 ospecitUy

2804 350 21 11 as
2834 344 32 17 the
2876 343 70 23 Geyser
2954 344 100 23 fraternity
3067 346 18 16 in
3095 345 53 18 other
3160 348 35 19 par)

2804 367 33 17 the
2845 365 74 19 district
2926 374 30 10 are
2965 368 61 17 either
3033 368 57 18 silent
3099 374 21 11 or
3128 368 35 18 less
3179 369 50 17 activi

2805 391 46 16 than
2866 390 60 17 usual.

2827 413 32 17 Mr
2883 413 70 22 Joseph
2975 414 104 22 Gallagher
3095 415 21 16 of
3131 414 32 18 the
3188 414 48 19 Lake

2804 436 59 18 Hotel
2872 440 39 14 met
2920 436 44 18 with
2975 443 11 11 a
3002 440 57 19 nasty
3075 437 86 18 accident
3176 445 11 9 a
3203 438 32 17 tew

2805 460 46 21 days
2867 465 37 16 ago
2913 459 25 22 by
2947 460 32 17 the
2993 461 59 16 wheel
3062 461 19 17 of
3088 468 12 10 a
3108 460 67 18 loaded
3191 460 44 24 dray

2804 483 78 22 passing
2889 488 45 11 over
2941 483 33 17 the
2982 485 40 16 toes
3031 484 21 17 of
3061 490 35 11 one
3113 485 19 16 of
3148 483 29 18 his
3192 484 41 17 feet.

2805 506 31 16 Ho
2850 506 16 16 is
2883 511 43 11 now
2941 507 123 22 progressing
3080 506 99 21 favorably
3202 507 34 17 and

2805 528 42 18 able
2855 530 20 16 to
2885 529 31 22 get
2925 529 58 17 about
2991 530 58 21 again
3066 530 56 22 fairly
3131 529 48 18 well.

2829 552 38 16 The
2876 553 47 16 need
2940 553 30 17 for
2986 560 12 10 a
3010 558 42 12 new
3066 554 64 21 public
3143 553 62 17 school
3221 555 14 16 is

2805 575 56 17 much
2871 575 34 17 felt
2913 576 101 22 especially
3029 576 20 17 in
3063 577 33 17 the
3109 577 63 21 windy
3189 582 35 12 wea-

2805 598 43 17 ther
2855 599 53 16 whon
2917 599 46 16 both
2973 600 75 16 teacher
3054 600 37 17 and
3100 600 84 17 children
3198 601 28 16 suf-

2806 621 28 17 fer
2850 622 49 16 from
2916 622 32 17 the
2965 622 63 19 effects
3045 624 21 16 of
3090 623 31 17 the
3139 622 94 24 draughty

2806 645 93 16 structure
2914 645 42 17 that
2974 646 43 17 does
3034 645 49 23 duty
3100 647 30 16 for
3146 652 11 10 a
3174 646 60 17 school

2805 667 41 21 just
2862 673 48 12 now.
2944 669 44 17 This
3013 670 16 17 is
3045 670 33 18 the
3096 669 45 22 only
3158 668 54 18 sickni
3221 680 5 2 -

2807 690 59 17 which
2876 697 58 11 seems
2944 695 20 13 to
2981 692 55 19 affect
3049 693 33 18 the
3099 692 111 17 attendance
3219 693 18 17 of

2806 713 32 17 the
2854 714 88 20 children,
2958 715 62 19 whose
3036 715 82 19 number
3125 721 42 11 now
3185 716 51 17 taxes

2805 737 21 16 to
2835 736 32 17 the
2883 739 71 16 utmost
2961 739 32 17 the
3003 741 87 21 capacity
3099 739 19 16 of
3126 739 33 16 the
3175 738 51 17 build-

2805 760 40 21 ing.

2829 782 39 18 The
2876 784 63 16 native
2953 786 96 21 predicted
3066 785 87 22 eruption
3169 784 15 17 is
3201 785 36 17 still

2805 805 20 17 in
2841 806 100 22 abeyance.
2975 808 19 18 It
3008 815 38 11 was
3063 808 76 18 noticed
3155 807 83 18 however

2806 829 43 17 that
2857 829 52 18 there
2920 836 37 11 was
2970 837 23 11 an
3003 836 116 19 appearance
3128 831 20 17 of
3162 831 74 22 aetrcity

2806 854 21 15 at
2842 852 33 17 the
2887 854 34 21 top
2935 854 21 17 of
2972 854 104 24 Tongariro
3088 854 92 18 theother
3196 854 40 22 day,

2805 875 36 17 but
2857 876 47 16 with
2919 876 32 18 the
2968 883 57 17 many
3042 878 66 17 clouds
3124 878 58 16 about
3193 877 15 17 it
3224 878 14 16 is

2806 898 79 17 difficult
2893 900 20 16 to
2923 901 56 21 speak
2993 902 46 16 with
3048 908 37 15 any
3094 901 97 21 certainty.

2829 922 40 16 Mrs
2891 922 83 22 Hcwctt,
2993 924 32 17 the
3041 925 65 16 native
3122 925 116 21 temperance

2806 944 96 22 advocate,
2917 947 67 21 passed
2993 953 11 10 a
3014 948 51 17 week
3073 954 22 11 or
3103 949 38 15 two
3158 947 44 16 with
3213 952 24 12 us.

2807 968 36 16 She
2853 974 37 11 was
2899 969 60 22 going
2967 972 20 15 to
2996 969 97 23 Tokaanu,
3111 971 33 17 but
3160 970 66 18 circum-

2806 992 73 16 stances
2888 993 108 20 prevented.

2829 1014 71 23 Spring
2908 1021 59 12 seems
2981 1019 20 14 to
3017 1017 24 17 be
3058 1017 50 23 fully
3120 1018 116 20 established,

2806 1036 32 18 the
2855 1037 79 19 absence
2950 1040 20 16 of
2991 1040 57 17 frosts
3063 1041 31 16 for
3110 1047 50 11 some
3178 1042 58 16 weeks

2805 1066 43 10 now
2857 1061 33 16 has
2904 1061 47 17 been
2965 1064 78 16 marked
3054 1064 38 16 and
3108 1064 128 23 appreciated;

2806 1083 70 22 foliage
2884 1084 19 17 in
2912 1087 77 20 general
3005 1087 16 17 is
3036 1087 72 22 feeling
3123 1088 33 16 the
3172 1087 64 19 benefit

2805 1106 38 17 and
2852 1107 50 22 early
2911 1108 92 19 blossoms
3012 1116 31 11 are
3050 1116 45 17 very
3112 1111 126 24 encouraging

2805 1130 38 16 and
2854 1130 83 22 hopeful.

2829 1153 38 17 The
2892 1154 70 18 advent
2979 1155 20 18 of
3015 1156 98 18 Professor
3130 1157 68 17 Forbes
3223 1158 14 16 is

2805 1176 68 17 looked
2889 1177 82 18 forward
2988 1182 20 14 to
3025 1180 46 16 with
3080 1180 83 20 interest,
3174 1186 19 11 as
3208 1181 31 17 the

2805 1200 144 17 establishment
2958 1202 19 16 of
2986 1203 44 16 such
3041 1203 61 17 works
3119 1209 20 11 as
3152 1209 31 12 arc
3190 1204 37 17 fore-

2805 1222 100 18 shadowed
2914 1224 19 16 in
2942 1224 32 18 Mr
2979 1224 71 19 Firth's
3059 1227 73 16 schemo
3141 1226 62 18 would
3219 1227 21 18 le

2805 1245 97 18 beneficial
2911 1249 19 15 to
2948 1248 26 17 all
2982 1249 39 17 and
3038 1250 77 21 sundry,
3130 1250 47 17 both
3193 1250 45 18 local

2805 1269 37 17 and
2851 1270 109 21 provincial.
2985 1272 53 22 They
3047 1273 63 17 would
3127 1273 38 17 also
3180 1273 22 18 be
3217 1281 21 10 an

2805 1292 104 18 additional
2918 1290 132 23 attraction'to
3059 1296 33 17 the
3109 1302 56 16 many
3181 1297 47 17 inter-

2805 1316 63 26 esting
2896 1319 52 20 spots
2970 1318 21 17 of
3005 1319 32 17 the
3054 1318 88 19 Thermal
3163 1320 76 24 Springs

2805 1337 78 21 district,
2895 1340 94 18 therefore
3003 1348 57 16 every
3071 1348 73 13 success
3148 1343 16 18 is
3170 1343 68 19 wished

2805 1362 29 17 for
2843 1362 31 17 Mr
2884 1362 53 19 Firth
2948 1365 37 16 and
3000 1365 95 22 anything
3104 1366 42 17 that
3155 1367 53 17 could
3217 1367 19 18 be

2805 1385 129 24 done.locally
2943 1389 21 15 to
2972 1388 76 17 further
3056 1389 32 16 the
3098 1390 72 17 schemo
3180 1390 59 17 would

2805 1409 22 17 bo
2838 1409 94 23 willingly
2941 1411 118 18 undertaken
3075 1412 26 22 by
3109 1413 32 17 the
3150 1413 88 18 residents

2805 1431 49 18 here.

2859 1479 316 34 CORRESPONDENCE.

2836 1543 53 16 THE
2902 1543 131 19 UREWERA
3046 1545 70 17 ROAD
3128 1544 83 20 WORK.

2934 1590 28 18 To
2970 1595 42 13 THE
3026 1592 85 17 EIHTOE.

2829 1621 93 21 SIR,—As
2931 1627 35 12 one
2975 1623 21 17 of
3012 1623 32 17 the
3058 1630 43 11 men
3114 1624 86 24 working
3216 1630 21 13 on

2805 1644 33 17 the
2847 1644 128 19 Government
2984 1646 67 18 Works
3068 1647 19 16 in
3104 1648 32 17 the
3153 1648 85 18 Urewora

2806 1668 79 21 country
2895 1668 9 16 I
2913 1668 38 23 beg
2959 1670 20 16 to
2988 1671 35 20 put
3031 1676 12 11 a
3052 1670 36 17 few
3097 1670 47 18 facts
3157 1671 20 17 in
3193 1677 45 16 your

2806 1690 89 21 columns,
2906 1696 20 13 as
2935 1698 28 10 we
2971 1698 32 12 are
3011 1693 70 17 unable
3090 1696 19 14 to
3125 1695 32 21 get
3170 1695 68 17 redress

2806 1719 25 17 up
2839 1714 50 17 here.
2914 1714 34 17 We
2963 1721 31 12 are
3007 1717 78 23 getting
3098 1717 20 18 7s
3134 1723 11 12 a
3161 1717 42 23 day,
3219 1724 19 12 or

2805 1736 64 18 rather
2879 1737 46 23 IOJd
2933 1744 34 16 per
2974 1740 50 16 hour
3032 1740 37 17 and
3079 1740 119 24 considering
3208 1741 30 18 the

2805 1760 50 22 prico
2872 1762 20 15 of
2908 1762 66 17 tucker
2990 1763 38 17 and
3044 1763 33 17 the
3094 1763 82 19 distance
3193 1765 45 17 from

2805 1784 119 20 civilization,
2935 1790 27 12 we
2969 1786 56 17 think
3031 1792 28 11 we
3064 1787 62 22 might
3133 1787 23 17 be
3162 1788 76 18 allowed

2805 1808 20 16 to
2834 1807 54 17 make
2897 1806 22 19 48
2928 1809 58 16 hours
2994 1815 11 11 a
3014 1809 52 18 week
3073 1806 3 25 ;
3091 1808 35 19 but
3134 1811 71 19 instead
3212 1817 26 12 wo

2805 1836 31 11 are
2844 1830 85 18 knocked
2937 1832 26 17 off
2969 1832 17 17 if
2993 1833 15 16 it
3015 1839 57 14 rains,
3079 1834 37 17 and
3122 1835 34 16 not
3163 1834 75 18 allowed

2805 1854 20 18 to
2834 1855 54 17 make
2897 1855 15 17 it
2920 1862 26 15 up
2961 1862 25 11 on
3001 1863 11 11 a
3028 1857 38 17 fine
3084 1857 43 22 day.
3160 1858 33 17 We
3208 1865 30 10 are

2806 1877 77 23 camped
2897 1879 22 17 3.1
2932 1879 54 17 miles
3000 1880 50 17 from
3064 1880 33 18 the
3114 1880 124 18 Government

2806 1902 49 16 store
2864 1902 60 17 which
2934 1902 15 17 is
2964 1903 62 17 closed
3040 1908 24 13 on
3082 1903 82 23 Sunday.
3197 1905 41 16 And

2806 1930 27 11 we
2841 1924 47 18 have
2897 1926 20 17 to
2925 1926 52 17 work
2987 1926 10 17 8
3006 1926 57 17 hours
3079 1927 37 17 and
3129 1928 46 17 then
3191 1928 47 17 walk

2805 1953 45 11 over
2859 1948 8 17 7
2883 1948 54 18 miles
2951 1950 19 16 to
2980 1951 34 20 got
3029 1952 60 15 stores
3106 1956 21 12 or
3143 1950 38 18 lose
3195 1951 43 18 time

2805 1971 69 23 during
2883 1971 32 18 the
2923 1972 37 22 day
2970 1975 19 15 to
2999 1975 33 20 get
3040 1974 59 16 thorn.
3125 1974 42 16 And
3176 1974 60 23 lastly.

2805 1994 38 17 The
2853 1995 89 22 majority
2951 1996 19 17 of
2979 1996 33 17 the
3021 1997 77 21 powder
3106 1997 37 17 and
3152 1997 41 18 fuse
3197 1997 39 18 that

2805 2023 61 12 comes
2874 2023 27 17 up
2909 2020 20 15 to
2938 2024 22 12 us
2967 2020 17 16 is
2993 2020 100 22 damaged.
3119 2020 43 17 And
3174 2027 21 11 as
3207 2022 30 16 the

2805 2046 85 12 overseer
2896 2042 15 16 is
2919 2044 34 15 not
2961 2049 11 11 a
2982 2045 108 20 competent
3099 2043 43 17 rock
3156 2050 42 10 man
3212 2049 25 13 we

2805 2064 47 17 have
2861 2065 20 16 to
2890 2070 31 12 use
2930 2064 22 18 it.
2977 2066 40 17 The
3026 2067 54 16 other
3088 2066 37 23 day
3134 2073 19 11 as
3163 2067 31 17 the
3202 2073 35 11 ruse

2805 2093 38 11 was
2852 2088 42 20 bad,
2905 2088 32 17 the
2949 2095 85 12 overseer
3048 2089 77 19 ordered
3140 2091 37 16 two
3191 2091 47 17 fuses

2805 2112 20 16 to
2833 2110 24 18 be
2865 2112 36 21 put
2909 2111 55 18 down
2973 2118 11 11 a
2993 2113 49 17 hole.
3068 2114 33 16 We
3110 2114 22 17 lit
3141 2114 50 17 them
3202 2114 34 16 and

2805 2135 43 21 part
2857 2135 19 16 of
2885 2135 32 17 the
2926 2135 77 22 powder
3011 2138 50 15 went
3069 2137 30 17 off.
3113 2136 33 18 We
3153 2138 84 16 returned

2805 2160 19 14 to
2840 2158 53 17 work
2908 2159 53 16 when
2976 2159 32 17 the
3022 2160 56 17 other
3092 2160 41 17 half
3149 2165 46 12 went
3214 2162 24 15 ~ii'

2805 2181 82 22 striking
2895 2188 9 11 a
2914 2188 44 11 man
2965 2182 60 18 about
3036 2183 32 17 the
3082 2184 40 17 face
3139 2184 37 17 and
3192 2185 43 20 legs,

2804 2204 36 17 but
2856 2204 117 23 fortunately
2993 2208 35 15 not
3048 2206 60 23 doing
3128 2207 38 17 him
3182 2208 54 17 much

2805 2228 85 21 damage.
2916 2228 80 24 Hoping
3005 2230 38 16 this
3052 2236 44 16 may
3105 2232 49 16 meet
3162 2230 33 18 the
3206 2236 30 17 eye

2805 2251 20 17 of
2834 2251 103 23 somebody
2945 2252 43 17 who
2998 2253 39 17 will
3045 2253 45 17 look
3100 2253 41 17 into
3149 2254 32 17 the
3190 2257 35 14 mat-

2805 2274 129 21 ter.—Yours,
2944 2276 40 19 &c.,

3088 2300 18 17 A
3119 2299 95 19 Worker.

2829 2320 25 17 Te
2862 2321 77 21 Whaiti,
2949 2321 110 23 September
3069 2323 38 21 sth,
3120 2324 49 17 IB9G.

2915 2375 53 18 THE
2982 2377 147 18 CEMETERY.

2934 2421 27 18 To
2974 2427 41 13 THE
3028 2423 86 18 EDITOI!.

2829 2452 40 21 Sin,
2872 2453 34 17 —I
2915 2460 38 11 was
2963 2460 35 11 one
3007 2455 20 17 of
3036 2455 54 17 those
3098 2456 42 16 who
3149 2456 87 23 regarded

2806 2477 46 16 with
2861 2477 116 18 satisfaction
2987 2478 32 17 the
3028 2479 63 16 action
3106 2479 20 17 of
3137 2480 31 16 the
3182 2481 54 17 Town

2805 2498 62 19 Board
2874 2500 18 17 in
2902 2500 103 25 surveying
3013 2502 38 16 and
3064 2502 66 22 laying-
3138 2503 27 17 off
3171 2509 11 11 a
3190 2509 48 12 more

2805 2523 85 17 elevated
2899 2524 81 21 position
2990 2526 20 16 of
3018 2524 34 18 the
3064 2528 93 20 cemetery
3170 2532 69 13 reserve

2806 2546 47 18 than
2860 2546 45 18 that
2914 2547 85 19 hitherto
3015 2548 47 18 used
3079 2548 30 18 for
3125 2549 111 19 intenuonts.

2806 2569 26 18 To
2841 2576 32 16 my
2882 2570 87 23 surprise,
2979 2571 93 21 however,
3083 2578 24 11 on
3115 2573 78 22 visiting
3210 2573 28 18 the

2806 2594 75 21 ground
2890 2594 32 17 the
2931 2594 55 17 other
2994 2595 38 21 day
3041 2595 10 16 I
3066 2595 59 18 found
3135 2597 42 16 that
3191 2597 44 17 whin

2806 2617 35 17 has
2848 2616 46 18 been
2904 2616 48 18 done
2961 2618 16 16 is
2986 2620 19 15 to
3014 2618 55 17 fence
3076 2618 19 17 in
3110 2625 11 10 a
3133 2620 74 21 portion
3221 2622 17 15 of

2806 2639 32 18 the
2848 2646 71 11 reserve
2931 2642 35 16 not
2980 2641 84 17 hitherto
3081 2642 45 17 used
3140 2643 30 17 for
3183 2643 18 17 in
3205 2649 25 11 tor-

2807 2665 60 15 ments
2876 2663 38 18 and
2923 2664 78 18 exclude
3010 2666 34 16 not
3053 2665 46 23 only
3104 2665 32 18 the
3140 2665 98 24 low-lying

2807 2686 75 23 portion
2892 2687 19 16 of
2919 2687 33 17 the
2961 2689 100 21 cemetery,
3069 2688 36 17 but
3118 2688 39 19 also
3170 2690 42 17 that
3217 2696 20 11 mi

2807 2709 68 22 higher
2891 2711 75 21 ground
2987 2711 19 17 in
3015 2711 63 18 which
3094 2714 64 15 recent
3173 2713 66 17 buria's

2808 2733 47 17 have
2863 2733 57 17 taken
2929 2734 59 22 place,
2998 2735 45 16 thus
3052 2735 76 22 leaving
3137 2736 31 17 the
3177 2742 49 17 gravi
3233 2743 6 11 s

2808 2757 19 16 at
2836 2756 32 17 the
2877 2762 62 16 mercy
2948 2758 21 17 of
2977 2764 38 16 any
3024 2758 76 22 rooting
3109 2759 42 22 pigs
3160 2766 21 10 or
3189 2761 50 17 other

2808 2779 79 17 animals
2897 2780 42 17 that
2948 2786 43 16 may
3000 2782 83 17 intrude,
3109 2782 10 17 I
3132 2788 28 11 am
3175 2789 40 12 sure
3227 2785 9 15 if

2808 2808 38 12 was
2855 2802 31 18 the
2896 2802 77 23 general
2984 2804 78 22 opinion
3077 2805 44 17 hero
3133 2806 42 17 that
3189 2807 49 17 when

2808 2825 32 18 the
2849 2826 62 17 Board
2920 2826 77 18 decided
3006 2829 21 15 to
3041 2827 57 23 bring
3114 2829 40 17 into
3170 2836 32 11 use
3210 2830 29 17 the

2808 2848 68 24 higher
2885 2849 74 24 ground
2969 2851 43 17 that
3019 2851 32 17 the
3060 2851 75 22 portion
3151 2858 23 12 on
3182 2853 56 17 which

2808 2874 64 15 recent
2879 2872 112 19 interments
3001 2874 47 17 have
3058 2874 56 18 taken
3124 2876 52 22 place
3180 2876 58 18 would

2808 2895 23 17 bo
2838 2896 93 17 included.
2957 2897 57 17 What
3024 2897 107 23 advantage
3147 2899 33 18 has
3196 2899 42 18 been

2809 2918 69 22 gained
2886 2918 25 23 by
2920 2919 33 17 the
2969 2923 77 19 present
3062 2926 64 12 course
3144 2923 9 15 I
3170 2923 24 17 do
3210 2924 26 17 nol

2808 2942 63 21 know,
2880 2942 36 18 but
2924 2943 10 17 I
2942 2949 35 12 can
2984 2944 42 17 well
3032 2944 86 18 estimate
3126 2945 32 18 the
3163 2947 75 21 anguish

2809 2966 20 16 of
2838 2966 53 17 those
2900 2966 72 23 having
2987 2968 87 17 relatives
3083 2968 81 18 interred
3178 2970 19 16 in
3206 2970 33 16 this

2809 2989 112 17 abandoned
2937 2990 76 22 portion
3023 2991 20 17 of
3061 2991 147 19 "God's-acre."
3231 2993 6 16 I

2809 3011 70 18 believe
2888 3018 35 12 one
2932 3013 84 17 member
3021 3014 21 17 of
3050 3014 33 17 the
3099 3015 61 17 Board
3170 3015 69 19 worked

2809 3035 47 16 hard
2865 3037 20 15 to
2894 3036 48 17 have
2958 3037 33 17 the
3004 3043 68 16 graves
3088 3037 11 18 I
3114 3039 49 17 refer
3179 3040 19 16 to
3213 3039 18 17 in-

2810 3058 66 17 cluded
2885 3060 66 16 within
2961 3060 33 17 the
3007 3060 67 17 fenced
3082 3062 81 21 portion,
3173 3062 33 17 but
3215 3063 24 16 iiis

2810 3081 64 18 efforts
2882 3084 39 16 met
2930 3083 46 17 with
2986 3084 107 22 opposition
3103 3085 48 17 from
3160 3091 11 12 a
3187 3091 41 17 quar-

2809 3106 29 15 ter
2862 3105 61 18 which
2945 3107 63 17 would
3031 3107 48 17 have
3093 3108 47 17 been
3164 3109 75 22 scarcely

2810 3128 67 17 looked
2886 3129 35 17 for.
2947 3130 80 22 Having
3036 3131 54 16 made
3100 3131 37 18 this
3146 3132 92 24 egregious

2809 3150 81 19 blunder
2899 3152 31 17 the
2938 3153 44 22 only
2992 3159 42 17 way
3043 3154 19 17 in
3069 3154 61 17 which
3140 3155 32 17 the
3182 3154 55 19 Board

2810 3180 33 10 can
2853 3174 79 19 retrieve
2940 3176 52 18 itself
3000 3177 16 17 is
3026 3177 60 17 either
3102 3177 25 23 by
3141 3178 74 22 fencing
3222 3179 15 16 in

2810 3198 83 22 securely
2902 3199 54 18 those
2966 3206 67 16 graves
3042 3200 55 23 lying
3111 3201 73 18 outside
3193 3202 43 17 what

2810 3222 272 23 maynowberegardedasthe
3089 3223 65 19 official
3163 3225 73 23 burying

2809 3244 81 21 ground,
2900 3251 22 11 or
2930 3251 75 13 remove
3015 3248 19 16 at
3043 3247 24 17 its
3076 3253 42 11 own
3126 3253 79 17 expense
3213 3253 20 11 r*

2809 3267 65 17 bodies
2899 3269 48 17 from
2973 3270 53 17 theso
3042 3270 72 23 cruelly
3135 3270 103 19 abandoned

2810 3291 162 21 graves.—Yours
2981 3293 39 20 &c,

2927 3315 86 18 SOKKOW
3022 3319 42 15 AND
3078 3316 140 18 IXDIGXATIOS.

2897 3359 82 24 What
2994 3361 94 30 People
3107 3363 57 29 Say.

2832 3410 30 17 W.
2877 3411 26 17 11.
2919 3411 89 21 LEWIS,
3022 3414 62 20 ESQ.,
3095 3414 122 19 GRAFTOX.

2987 3435 83 22 N.S.W.,

2809 3456 67 18 Writes
2935 3458 50 18 Dear
2995 3459 117 21 Sir,—First,
3123 3461 10 17 I
3149 3462 47 17 must
3211 3461 24 17 tell

2809 3485 37 16 you
2860 3480 42 18 that
2917 3481 11 17 I
2942 3487 43 12 was-
2995 3483 71 22 always
3083 3484 87 22 sceptical
3186 3485 49 17 about

2808 3505 67 20 patent
2884 3504 107 23 medicines,
3001 3506 36 17 and
3046 3506 85 19 believed
3140 3508 45 22 they
3197 3513 38 12 were

2809 3526 44 22 only
2863 3528 117 18 commercial
2991 3530 137 21 .speculations;
3147 3530 31 18 but
3194 3530 41 18 since

2809 3549 9 17 I
2835 3549 46 18 have
2896 3551 46 17 used
2956 3551 96 19 Clements
3067 3553 57 17 Tonic
3141 3560 30 16 my
3188 3554 47 17 views

2808 3572 47 17 have
2864 3574 114 22 completely
2987 3575 92 23 changed.
3106 3576 9 17 I
3125 3582 38 13 was
3171 3582 22 13 an
3208 3582 18 13 ex-

2807 3596 59 18 treme
2875 3596 77 18 sufferer
2961 3598 49 17 from
3025 3599 119 22 palpitation,
3159 3600 66 23 indiges-

2807 3618 46 23 tion,
2863 3620 133 22 constipation,
3006 3622 82 22 languor
3097 3623 36 17 and
3142 3623 92 19 headache,

2807 3642 30 17 for
2845 3643 65 22 nearly
2919 3644 22 16 20
2950 3650 61 16 years.
3037 3645 11 17 I
3057 3645 47 17 have
3112 3646 49 18 lived
3177 3647 19 17 in
3209 3647 26 17 the

2807 3664 47 18 bush
2864 3666 26 17 all
2898 3671 33 17 my
2945 3668 40 20 life,
3001 3669 79 21 moving
3093 3669 48 18 from
3155 3670 51 22 place
3218 3673 16 12 to

2806 3688 59 22 place,
2888 3689 37 17 and
2944 3697 31 11 am
2997 3692 124 17 well-known
3137 3693 20 16 in
3174 3693 59 17 almost

2807 3717 56 16 every
2883 3712 74 18 district
2977 3714 19 17 in
3022 3715 48 17 New
3091 3715 59 17 South
3173 3716 59 18 Wales,

2807 3735 119 18 Queensland
2940 3737 38 17 and
2992 3737 90 21 Victoria,
3101 3739 32 17 the
3151 3739 83 23 irregular

2806 3757 39 18 diet,
2853 3758 38 18 and
2898 3759 64 18 habits
2978 3760 86 23 brought
3079 3768 25 11 on
3121 3768 61 11 severe
3196 3767 27 12 ner-

2805 3786 95 17 vousness,
2910 3784 101 21 weakness,
3022 3784 38 17 and
3068 3784 46 18 liver
3123 3786 109 21 complaints,

2806 3804 49 17 until
2864 3805 9 16 I
2883 3811 38 12 was
2930 3807 60 16 afraid
2999 3807 11 17 I
3018 3807 39 17 had
3065 3810 33 15 not
3107 3808 45 23 long
3164 3811 20 15 to
3196 3809 35 17 live,

2806 3827 37 17 and
2851 3828 76 17 doctors
2933 3831 144 17 recommended
3086 3837 29 11 me
3123 3833 21 16 to
3149 3831 53 19 settle
3206 3835 26 17 my

2806 3850 80 23 worldly
2894 3852 69 21 affairs,
2974 3859 20 11 so
3003 3854 104 17 emaciated
3115 3855 36 17 and
3164 3854 49 19 weak
3225 3854 6 16 1

2805 3873 38 17 had
2851 3874 77 18 become
2936 3876 21 16 at
2970 3876 43 18 last.
3045 3877 10 17 I
3069 3878 88 18 obtained
3171 3884 33 11 one
3216 3876 16 18 of

2805 3902 48 16 your
2865 3897 75 22 bottles,
2958 3899 36 17 but
3011 3899 33 17 did
3060 3902 34 16 not
3110 3901 69 18 believe
3192 3905 40 18 your

2805 3920 91 18 medicine
2905 3922 63 17 would
2978 3929 43 11 cure
3028 3929 36 12 me.
3090 3924 9 17 I
3105 3925 47 17 tried
3158 3925 20 20 it,
3185 3925 34 16 how-

2805 3948 48 15 ever,
2863 3944 37 17 and
2909 3950 46 12 soon
2964 3946 61 17 found
3033 3946 59 18 relief.
3117 3948 98 21 Gradually
3223 3946 6 16 1

2804 3965 76 19 became
2890 3968 73 23 strong,
2973 3969 91 22 regained
3072 3969 44 19 flesh
3127 3971 36 17 and
3178 3971 51 22 vigor,

2804 3989 38 17 and
2850 3995 49 15 now,
2910 3991 49 18 after
2968 3993 68 21 talcing
3051 3994 72 21 twenty
3138 3994 65 18 bottles
3215 3991 15 18 of

2805 4012 94 18 Clements
2908 4014 63 21 Tonic,
2982 4016 10 16 I
3001 4022 30 11 am
3041 4017 87 21 stronger
3137 4017 43 18 than
3196 4012 1 26 i
3206 4023 11 8 v.

2805 4035 69 22 before,
2884 4037 38 17 and
2931 4038 46 17 wish
2986 4045 39 16 you
3033 4045 56 16 every
3098 4041 50 21 good
3157 4041 42 16 wish
3206 4039 25 17 for

2804 4058 72 24 having
2884 4061 56 17 saved
2950 4057 79 27 my'life-,
3039 4068 22 12 or
3069 4064 21 16 at
3095 4063 47 17 least
3157 4059 72 22 restored

2804 4088 31 16 my

2828 4134 39 18 The
2884 4135 134 24 Presbyterian
3035 4137 75 18 Church
3127 4138 102 19 Committee

2804 4157 59 19 invite
2872 4159 75 19 tenders
2954 4161 30 16 for
2992 4161 33 17 the
3032 4162 81 16 erection
3122 4162 20 17 of
3151 4163 31 16 the
3192 4166 28 17 pro-

2804 4180 62 22 jected
2874 4187 41 12 new
2923 4183 69 18 church
3005 4184 19 16 in
3032 4183 101 19 Pnkutituu
3139 4185 64 17 Street.

1258 92 59 19 TIIE
1344 92 57 19 HOT
1429 91 93 21 LAKES
1551 92 170 25 CHRONICLE,
1751 95 189 20 WEDNESDAY,
1970 91 169 24 SEPTEMBER
2170 97 28 20 !6,
2215 97 48 18 1896

129 317 123 17 fKOPOaKD
263 317 94 16 DKFAKI
366 319 12 13 V
383 317 35 14 lit.:

89 652 137 45 lUDDAET,
251 648 111 19 PAEKEE,
383 646 54 17 AND
459 644 30 18 CO

227 671 107 25 (limited),

87 721 95 22 Splendid,
192 716 162 25 Well-appointed
360 715 94 19 Steamers
458 713 39 18 will

64 747 22 18 be
95 743 114 25 despatched
217 743 49 17 from
275 743 118 16 Auckland,
404 744 20 11 as
438 737 60 17 under

63 768 89 25 (weather
167 767 40 17 und
225 766 54 17 other
295 764 143 17 circumstances
454 766 43 17 per-

63 816 42 17 FoR
110 798 136 34 gYsBOENE,
252 809 105 21 NAPIER,
364 807 116 18 WELLING-

84 838 57 20 TON,
152 834 158 20 LYTTELTON,
321 833 15 17 &
344 831 129 20 DUNEDIN,

66 862 99 20 Anglian,
172 861 103 16 Tuesday,
282 858 51 21 Sept.
341 856 56 18 22.12
405 860 56 12 noon.

63 885 106 17 Tasmania
208 883 102 18 Tuesday,
325 879 41 17 Oct.
382 881 17 18 6,
411 879 20 16 12
440 884 56 11 noon.

188 929 52 18 FOE
254 926 112 19 SYDNEY,

107 953 115 23 (Returning
234 954 20 15 to
263 949 98 19 Auckland
370 947 80 23 Direct.)

61 977 93 23 Carrying
174 976 115 22 Passengers
308 973 30 17 for
360 971 134 21 MELBOURNE,

72 1001 54 17 oilier
132 1001 132 16 Australian
271 997 70 19 Ports,
349 994 134 21 andHoBART,

63 1029 106 17 Tasmania
217 1027 98 17 Monday,
325 1025 52 21 Sept.
391 1023 28 20 21,
429 1024 11 15 4
449 1028 46 16 p.m.

61 1053 100 17 Anglian,
211 1050 97 18 Monday,
328 1048 41 17 Oct.
388 1048 16 19 5,
421 1047 11 15 4
449 1051 46 16 p.m.

85 1079 31 16 All
125 1077 75 18 Tickets
207 1083 31 11 arc
247 1075 91 19 available
347 1075 39 16 also
400 1074 30 17 for
439 1073 45 22 Stop-

62 1108 44 11 over
114 1107 22 12 or
144 1101 72 18 Return
230 1100 26 18 by
268 1099 54 17 ANY
338 1097 85 18 UNION
436 1096 60 18 CO.'S

64 1123 140 22 STEAMERS,
214 1124 36 16 and
258 1122 74 18 holders
341 1122 20 16 of
370 1119 65 19 U.S.S.
454 1120 42 17 Co's

63 1149 75 16 Tickets
157 1153 45 17 may
218 1146 61 18 travel
294 1145 26 23 by
341 1143 117 18 ANGLIAN
475 1149 21 11 or

62 1171 139 18 TASMANIA.

158 1200 23 17 L.
195 1199 24 17 D.
229 1197 108 18 NATHAN
350 1196 16 19 &
379 1196 45 20 CO.,

391 1219 80 23 Agents.

95 1277 9 5 ~
125 1261 2 21 .
198 1263 96 17 riPIIOS.
318 1262 68 18 COOK
407 1262 15 17 &
447 1261 49 17 SON

163 1311 25 19 i£>
197 1309 105 19 Tourist&
309 1307 186 20 GeneralPasseit

254 1337 40 13 ger
300 1333 86 19 Agents,
393 1335 42 14 etc.

94 1368 51 17 Hook
155 1368 92 20 Passages
255 1364 38 18 and
301 1369 63 12 secure
372 1363 54 17 berth
438 1362 25 22 by

62 1399 39 18 All
108 1398 76 19 Lines.
198 1396 39 19 All
243 1396 94 19 Routes.
352 1394 38 19 All
395 1393 98 19 Classes.

131 1429 40 19 AT
184 1427 123 20 LOWEST
319 1425 104 19 RATES.

60 1476 90 24 Through
160 1476 75 17 Tickets
243 1474 62 17 issued
317 1474 20 16 to
351 1472 68 18 South
431 1474 50 15 AFRI-

85 1504 37 14 CAN
131 1500 134 17 Goldeields,
275 1495 152 22 Johannesburg,
434 1496 34 16 etc.

84 1547 38 17 For
130 1546 25 17 all
164 1544 121 19 information
295 1542 57 23 apply
360 1543 20 16 to

106 1573 91 19 COOK'S
209 1571 125 19 SHIPPING
346 1570 100 20 OFFICE,

105 1604 28 19 so,
148 1602 164 20 Queen-street,
326 1600 119 17 Auckland.

294 1735 51 31 w

213 1878 56 19 ASK
285 1877 53 19 FOE

58 1929 427 48 HANCOCKS'

185 2001 181 23 CELEBRATED

238 2055 86 33 xxxx

169 2112 210 52 ALES,

189 2178 58 13 MADE
256 2177 54 14 FROM
320 2176 41 13 THE

62 2208 116 33 FINEST
204 2206 87 33 MALT
312 2205 64 33 AND
393 2205 95 37 HOPS,

98 2298 52 15 FREE
163 2297 55 14 FROM
230 2297 40 12 ALL
282 2295 128 14 ANTISEPTICS
423 2295 26 12 Oil

164 2322 141 15 DELETERIOUS
322 2321 64 13 ACIDS.

61 2389 139 33 CAPTAIN
223 2387 82 32 COOK
323 2386 167 36 BREWERY,

162 2430 193 20 NEWMARKET.

61 2482 231 50 Blooker's
341 2482 148 53 Dutch?

194 2540 159 47 Coeoa.

59 2631 138 32 Highest
205 2629 126 26 awards
345 2629 32 25 at
390 2634 101 26 every

180 2670 194 27 Exhibition.

92 2714 65 26 The
170 2713 98 25 latest
280 2712 27 25 is
320 2711 54 25 the
395 2711 97 26 Cross

61 2747 33 27 of
100 2748 111 25 Honor
225 2746 33 25 at
273 2745 55 25 the
349 2745 124 24 Amster-

60 2782 72 24 dam
141 2778 188 28 Exhibition
338 2776 91 31 1895,
437 2776 55 26 the

59 2813 128 33 highest
195 2811 137 33 possible
342 2810 117 26 award.

172 2867 210 26 ROTORUA.

62 2929 240 46 Tarawera
325 2926 167 49 .House,

112 2990 184 23 TUTANEKAI
313 2990 119 19 STREET.

85 3025 82 21 Within
192 3030 44 13 easv
263 3030 65 12 access
353 3023 22 18 of
391 3022 35 19 the
444 3022 49 19 Post

61 3052 65 23 Office,
134 3051 72 22 Baths,
216 3049 39 20 nnd
263 3049 128 19 Sanatorium
399 3048 94 19 Grounds

60 3079 39 19 and
110 3076 141 25 commanding
265 3083 12 11 a
294 3075 131 25 magnificent
442 3074 51 19 view

59 3105 21 18 of
89 3104 35 19 the
133 3103 64 20 Lake.

86 3134 89 20 Visitors
197 3133 42 18 will
258 3132 42 19 find
318 3137 60 19 every
394 3131 99 18 attention

60 3160 49 26 paid
118 3163 21 15 to
149 3159 53 19 their
212 3159 84 19 comfort
306 3157 39 19 and
359 3158 34 18 the
403 3157 79 25 require-

60 3189 65 17 ments
136 3185 21 19 of
167 3185 75 19 invalid
255 3187 68 23 guests
334 3183 40 19 will
384 3183 25 19 be
427 3182 55 20 assid-

60 3213 72 24 uously
143 3211 96 20 attended
248 3214 26 15 to.

174 3241 71 20 Teems
258 3240 121 20 Moderate.

112 3279 37 31 C,
167 3276 276 35 WI.LLECOTY,

157 3318 243 19 PROPRI6TOR

85 3350 80 19 Letters
185 3349 40 19 and
251 3348 117 25 Telegrams
390 3345 103 27 promptly

59 3376 112 25 responded
177 3378 26 16 to.

168 3431 81 26 f;or
272 3430 114 23 sale.

63 3484 113 44 PLANT
191 3484 21 18 in
221 3483 93 24 working
322 3482 57 19 order
387 3482 20 18 in
416 3482 77 25 Taupo,

129 3510 123 25 comprising
261 3516 32 11 :

63 3547 10 16 '2
84 3545 112 22 Launches,
208 3550 37 13 one
254 3544 62 24 large,
327 3549 37 12 one
372 3542 64 22 email,
446 3542 47 19 with

89 3571 48 23 fuel,
152 3573 23 16 oO
185 3570 47 19 cord
241 3570 20 19 of
272 3568 62 23 wood,
347 3575 25 12 on
380 3568 61 19 hand.

84 3597 78 24 Sailing
172 3596 68 22 Ponts,
252 3599 39 15 two
301 3597 35 16 ton
345 3594 54 19 fach.

63 3625 11 16 4
85 3623 85 25 Pulling
179 3622 63 19 Louts
252 3621 39 20 and
301 3627 54 18 gear.

64 3648 70 19 House
158 3648 40 19 and
223 3648 82 24 garden,
332 3646 42 19 also
393 3646 100 25 goodwill.

89 3674 92 24 Leaving
192 3681 24 11 on
226 3676 82 15 account,
317 3673 21 18 of
348 3672 76 19 health.

186 3700 86 16 TEEMS
284 3698 87 19 CASH.

62 3749 73 26 Apply,

87 3784 89 19 Eickitt
187 3784 16 18 &
210 3782 79 23 Aimms,
298 3782 83 25 Agents,
390 3782 77 25 Taupo.

102 3820 27 16 or,
142 3812 84 20 George
235 3813 94 22 Haki'kk,
340 3812 114 19 Auckland.

63 3867 80 24 NEW
158 3866 153 24 ZEALAND

113 3916 111 24 DAIEY
239 3916 215 24 ASSOCIATION

181 3959 151 23 FACTORY
354 3960 139 27 ETJTTER,

195 4006 61 20 FOR
270 4007 30 22 Is,
324 4007 40 18 AT

61 4052 188 42 WILLIAMS'
268 4052 86 41 CASH
371 4052 120 42 STORE,

81 4156 73 19 Other
181 4155 78 20 Goods
288 4154 205 23 correspondingly

59 4180 84 21 Cheap.

525 158 293 49 Ehrenfried
832 158 121 45 Bros

669 214 144 23 BREWERS,

604 246 108 20 ALBERT
727 246 150 23 BREWERY,

546 279 39 20 QU
591 276 58 25 bEN•
654 276 110 25 STREET,
778 276 158 21 AUCKLAND

546 330 67 17 WINE
626 330 50 16 AND
688 330 80 15 SPIRIT
778 328 155 19 MERCHANTS,

565 357 122 17 BOTTLERS
699 357 51 16 AND
767 355 145 20 IMPORTERS,

608 379 26 19 43,
650 383 133 12 QUEEN-iTHEET
799 382 69 12 WHARF.

614 430 51 12 PEIZR
677 431 59 11 MEDAL
747 431 36 11 AND
794 429 71 12 AWATIPS

522 454 23 14 At
555 452 28 16 the
599 452 89 16 following
705 451 113 16 Exhibitions
832 451 28 15 for
868 455 31 11 our
907 450 37 16 well-

617 473 62 16 known
693 473 45 16 Bulk
748 473 31 14 hiiH
790 471 68 16 Bottled

633 494 49 16 ALE
693 494 51 15 AND
755 493 87 16 STOUT:

522 522 70 21 Sydney
600 520 125 17 IntTnutici.n}
734 520 108 19 Exhibition,
853 521 47 15 1879.

522 542 101 17 Melbourne
632 542 127 16 International
766 542 109 16 Exhibition,
885 541 68 15 IbSO-81

522 563 43 17 New
572 563 74 16 ZeHlMi.d
655 563 207 18 IndustiiulExhibitiou,
867 561 77 22 Welling-

565 590 34 12 ton,
612 586 46 14 1880.

520 606 45 16 New
583 605 75 17 Zealand
673 606 33 15 and
720 607 54 14 South
788 606 42 15 Seas
846 605 107 16 Exhibition.

565 627 86 16 Duuedin.
663 628 78 15 188^-90.

521 649 20 15 In
552 649 75 15 addition
637 651 17 13 to
665 649 52 14 above
726 648 43 16 have
788 649 42 14 been
845 647 79 17 awarded
938 650 16 13 at

565 671 103 14 TiiMiiiiniiui
701 670 109 19 Exhibition,
839 669 114 20 Luuraestou,

566 692 78 15 18j1-92.

607 722 58 16 FIVE
677 722 70 15 FIRST
764 722 105 16 AWARDS

720 748 34 11 FoE

531 764 189 17 BfIKIOnLED
736 765 58 16 ALES
812 765 51 16 AND
881 764 73 17 STOUT

715 786 47 17 Also.

550 849 64 23 Gold
628 849 87 24 Medal
725 850 28 23 of
762 849 167 24 Australasia

626 889 73 13 AGAINST
709 890 100 12 ALLCOMERS
820 891 31 12 FOE

524 920 88 23 BULK
626 921 71 23 AND
716 921 147 23 BOTTLED
877 922 64 22 ALE

613 972 73 21 Having
695 979 9 10 a
714 974 59 19 Large
781 974 52 16 Slock
842 974 18 16 of

633 1005 47 15 ALE
693 1005 51 16 AND
756 1005 83 20 STOUT,

563 1051 115 34 MISS
708 1052 213 37 FRENCH;

534 1113 98 26 ANGLO
642 1113 158 27 -PARISIAN
833 1114 90 26 DRESS-

679 1164 113 26 MAKER.

619 1211 66 22 (Late
694 1212 26 18 of
727 1212 124 21 Dunedin.)

519 1280 38 22 JO
585 1285 91 20 Rotorua
701 1286 45 19 that
765 1287 35 18 she
820 1287 37 19 has
875 1287 77 19 started

518 1311 93 19 business
633 1312 21 18 in
677 1312 158 24 Fentou-street,
860 1313 91 25 opposite

518 1338 34 18 the
562 1338 68 19 Grand
645 1338 68 19 Hotel.

584 1387 179 17 PUKEROK
781 1389 105 15 HHLL.

712 1434 219 32 :*iHMt4siu

531 1488 34 25 (In
576 1489 33 19 aid
618 1490 21 18 of
646 1489 33 19 the
687 1489 98 27 Building
793 1491 59 19 Fund
860 1492 20 18 of
887 1492 51 20 New

634 1515 87 25 English
733 1517 98 26 Church.)

541 1566 123 24 FRIDAY,
679 1568 80 20 SEPT.
781 1570 62 22 18th,
860 1570 66 20 18&8.

648 1618 172 19 PROGRAMME.

517 1684 15 17 1.
546 1683 59 18 Piano
626 1684 58 22 Duet,
707 1685 132 24 "Shepherd's
863 1687 88 23 Evening

870 1711 80 18 Wvmiin

516 1731 16 16 2.
548 1730 56 23 Song,
846 1733 26 19 ,S.
880 1729 70 23 A'dams

515 1755 17 16 3.
546 1753 48 21 Trio,
626 1753 54 20 Friar
688 1756 20 16 of
717 1755 68 19 Orders

515 1778 17 16 4.
546 1777 58 23 Song,
741 1779 38 18 and
793 1779 11 18 I
821 1780 48 18 shall

830 1803 120 19 Piccolomini

515 1824 16 18 5.
546 1823 50 17 Duet
605 1823 74 24 (vocal),
846 1827 91 18 .Mendels-

561 1847 47 17 sohn

516 1871 17 17 6.
548 1870 56 23 Song,
833 1874 22 17 A.
866 1873 83 19 Sherwin

517 1894 15 17 7.
548 1893 104 20 Quartette,
868 1897 82 18 .Flotow

515 1918 16 16 8.
546 1917 56 23 Song,
681 1919 67 22 Pretty
848 1934 15 4 ..
872 1920 78 23 .Bishop

515 1941 17 17 9.
547 1940 52 23 Song
607 1940 27 23 (in
644 1941 109 25 character),
783 1943 60 18 Three
849 1943 32 18 old
887 1943 63 19 Maids

562 1964 20 17 of
870 1967 78 23 Molloy.

562 2010 106 18 Interval
682 2016 37 12 for
732 2012 170 20 Refreshments.

683 2042 58 21 Part
755 2051 23 12 ii.

705 2079 60 18 THE

570 2100 110 26 Including
689 2109 68 18 songs,
769 2103 79 22 dances,
863 2105 33 18 &c.

605 2135 45 19 God
665 2142 50 13 save
726 2143 41 12 the
780 2137 80 20 Queen.

609 2189 121 24 Admission,
743 2192 21 16 2s
774 2195 42 14 and
828 2191 9 18 1

621 2237 217 21 TENDERS.

524 2305 22 22 JL
579 2308 19 17 of
607 2314 11 11 a
627 2310 121 16 ten-roomed
757 2309 87 24 building
861 2312 20 15 at
896 2310 44 17 Atia-

515 2331 55 17 muri.

539 2355 57 16 Plans
605 2355 37 16 and
652 2355 136 21 specifications
799 2362 33 11 can
841 2357 24 16 be
873 2362 43 12 seen
931 2357 21 17 at

515 2383 33 18 my
560 2378 58 17 office.
652 2378 75 17 Lowest
743 2385 21 11 or
781 2385 37 17 any
835 2380 67 17 tender
917 2381 34 16 not

515 2401 111 23 necessarily
641 2402 94 22 accepted.
769 2403 82 17 Tenders
865 2403 48 17 close
927 2409 24 11 on

517 2424 42 17 19th
569 2423 114 24 September,

608 2447 64 25 (Sgd.)
689 2448 22 17 B.
729 2448 19 18 S.
759 2449 121 21 CORLETT,

723 2472 103 18 Architect,
837 2474 89 16 Rotorua.

576 2617 114 23 Rotorua
704 2617 80 24 Town
799 2618 90 23 Board-

516 2668 152 22 HHENDERS
678 2669 40 20 will
729 2670 26 19 be
769 2670 92 20 received
872 2670 27 25 by
917 2669 34 19 the

522 2691 24 21 J-
582 2695 109 21 Chairman
702 2697 21 17 of
732 2697 35 18 the
776 2696 62 20 Town
846 2696 66 20 Board
923 2702 27 18 up

515 2725 20 17 to
546 2721 49 21 loth
605 2722 92 20 October,
720 2724 56 21 1896,
797 2723 31 19 for
846 2721 105 27 Nigktsoil

515 2748 79 20 Service
604 2748 32 19 for
646 2749 34 18 the
690 2749 63 19 Town
765 2749 21 19 of
796 2749 98 20 Rotorua.

542 2775 150 24 Specifications
702 2777 21 17 to
734 2775 25 19 be
769 2782 47 12 seen
831 2780 21 14 at
861 2775 35 18 the
915 2773 24 19 Of-

515 2801 36 19 fice
562 2799 20 21 of
592 2800 35 19 the
637 2800 68 19 Board
721 2802 53 18 after
788 2801 89 25 Monday
894 2803 54 16 next.

542 2827 79 19 Lowest
632 2833 22 12 or
664 2834 39 18 any
714 2827 72 19 tender
795 2831 35 15 not
842 2826 98 20 uecessari-

516 2853 20 25 ly
546 2853 101 25 accepted.

689 2879 22 19 C.
726 2879 143 24 MALFROY,

808 2905 115 21 Chairman.

541 2931 96 23 Rotorua,
650 2931 124 26 September,
788 2934 17 21 9,
819 2933 56 18 1896.

664 2975 145 18 FIREWOOD.

518 3020 141 30 rpENDEJRS
675 3021 40 17 will
729 3022 24 16 bo
770 3021 84 17 received
870 3022 26 21 Ly
919 3022 30 17 the

525 3039 20 25 JL
579 3045 127 22 undersigned
715 3045 30 17 for
752 3046 22 15 o()
783 3046 43 16 tons
835 3045 20 17 of
868 3045 49 17 liata
930 3046 20 16 to

516 3067 22 18 be
548 3067 93 18 delivered
649 3069 20 16 at
678 3068 51 17 Lake
739 3068 65 17 House
815 3067 65 18 Hotel.

679 3092 30 16 W.
719 3092 23 16 A.
751 3091 129 20 BOULTON,

789 3114 64 18 Grand
861 3114 65 18 Hotel.

647 3163 17 18 T
676 3162 21 20 H
707 3163 18 18 A
736 3163 19 18 N
769 3163 19 19 K
798 3163 19 19 S.

532 3215 70 19 iTRS
616 3215 19 19 J.
650 3214 149 20 HOWLAND
805 3215 77 20 desires
890 3217 20 17 to
917 3221 22 13 re-

518 3236 49 21 .ItJL
596 3245 47 14 turn
665 3241 36 19 her
715 3244 52 16 most
784 3242 75 18 sincere
876 3241 74 19 thanks

517 3267 31 18 for
570 3267 35 19 the
624 3267 96 19 kindness
739 3267 70 19 shown
829 3268 27 24 by
875 3267 75 19 friends

518 3293 74 25 during
602 3293 34 19 the
647 3293 69 19 illness
725 3294 21 18 of
756 3294 37 18 her
805 3293 41 19 late
857 3293 93 19 husband

518 3319 39 18 and
569 3319 34 19 the
615 3319 126 25 expressions
751 3320 21 19 of
781 3320 108 25 sympathy
897 3320 53 19 since

517 3345 31 18 his
558 3346 68 18 death.

542 3371 96 23 Rotorua,
654 3372 45 18 14th
712 3372 126 25 September,
850 3373 55 18 1896.

530 3419 132 20 ROTORUA
687 3420 193 21 PROSPECTING
894 3422 29 19 AS-

655 3446 157 20 SOCIATION.

517 3524 43 16 .xA.
589 3525 41 17 will
645 3525 48 18 take
713 3525 57 24 place
789 3526 21 18 in
829 3526 35 18 the
882 3526 68 19 Grand

518 3549 62 19 Hotel
591 3549 110 25 To-inOHT,
714 3551 136 26 Wednesday,
860 3551 78 26 Septem-

518 3576 36 18 ber
566 3577 52 23 16th,
630 3580 20 15 at
664 3579 45 16 8.40
720 3577 82 19 o'clock.

798 3603 33 18 By
845 3603 78 18 Order.

655 3657 139 24 TENDERS-

520 3708 148 43 TENDEES
683 3716 34 13 are
734 3710 75 26 hereby
825 3710 77 19 invited
920 3710 31 19 for

585 3735 34 18 the
627 3736 87 18 erection
725 3737 21 18 of
759 3737 35 18 the
808 3736 143 25 Presbyterian

520 3760 86 23 Church,
615 3760 96 25 Eotorua,
722 3762 81 24 (labour
813 3762 66 25 only).

545 3786 62 19 Plans
618 3788 39 18 and
668 3788 145 24 specifications
825 3791 21 16 to
863 3789 24 18 be
905 3795 46 12 seen

520 3815 18 16 at
550 3812 19 20 S.
579 3813 23 18 T.
614 3813 80 19 Brent's
704 3814 103 21 Bathgate
821 3814 76 19 House.

520 3865 99 23 accepted.
659 3865 89 20 Tenders
773 3866 53 19 close
851 3873 26 12 on
903 3866 48 19 24th

520 3892 122 21 September.

680 3917 23 20 B.
715 3918 21 18 S.
748 3917 123 25 PENNEY,

651 3944 42 19 Pec.
708 3944 81 19 Church
800 3944 124 20 Committee.

724 4050 21 12 or
755 4044 141 23 unfurnished,
908 4043 31 20 six-

586 4069 82 20 roomed
679 4069 3 26 •
696 4070 85 25 Cottage
801 4076 26 12 on
846 4070 34 18 the
898 4070 39 19 Utu-

519 4096 46 18 hina
582 4095 71 23 Creek,
673 4096 48 19 with
740 4096 52 24 good
809 4096 91 25 stabling
910 4096 39 19 und

519 4121 146 24 outbuildings.

544 4147 43 19 Hot
597 4147 87 20 Mineral
694 4147 54 20 Bath
766 4153 26 13 on
802 4148 34 19 the
846 4148 103 21 promises.

569 4173 68 22 Apply
648 4176 20 17 to
731 4174 19 19 J.
768 4174 27 19 H.
812 4174 113 19 TAYLOE

1023 156 8 16 <
1096 156 290 28 DTTwTAN'Q

1000 179 52 21 VJT.
1092 177 238 24 DUAIUII
1359 169 31 32 b

1057 284 102 25 Opposite
1176 285 72 19 Palace
1265 285 67 19 Hotel.

978 334 139 25 GROCERY,

1019 366 138 20 OILMEN'S
1172 366 112 24 STORT-S,

1059 395 220 26 IRONMONGERY,

1111 427 253 25 CROCKERrWARE,

1165 462 143 24 DRAPERY,
1324 464 88 21 &c.,&c-

1025 491 76 19 NEW
1113 492 143 20 SEASON'S
1265 493 100 19 GOODS

1122 516 48 20 Just
1179 521 21 15 to
1211 517 60 19 hand.

1005 553 16 15 A
1038 549 150 21 wtll-assorted
1206 551 56 20 dt:>ek
1280 552 21 18 in
1317 551 26 19 ali
1360 551 52 20 lines

978 576 21 19 of
1009 577 34 18 the
1051 576 63 20 above
1125 581 20 15 at
1155 576 71 20 lowest
1239 584 71 16 price*.

979 619 47 19 New
1038 619 87 19 Zealand
1135 621 65 24 Dairy
1209 619 146 21 Afeociation'n
1364 621 36 19 Fac-

1014 648 44 21 tory
1070 645 76 21 Butter
1155 647 55 20 fresh
1221 647 58 19 twice
1290 647 82 25 weekly.

1052 689 52 19 New
1115 690 49 19 Laid
1176 690 60 24 Eees,
1247 690 42 23 &c,
1301 696 35 13 <vc.

978 737 41 40 &
1051 739 44 38 H.
1132 738 278 48 ®D6CGfIJB6,

1018 800 69 26 SHIP
1098 801 20 26 &
1129 802 103 25 YACHT
1244 801 127 26 BROKER.

1036 837 194 19 COMMISSION
1242 837 108 23 AGENT,

985 864 37 44 FT
1031 864 34 20 AS
1088 864 55 20 FOR
1166 864 71 21 SALE
1255 872 12 12 a
1285 865 87 19 number
1390 866 21 19 of

1008 885 12 23 1
1059 892 64 18 steam
1146 890 103 24 launches,
1270 891 76 25 yachts,
1370 892 40 19 and

978 917 80 24 pulling'
1070 916 59 20 boats
1147 917 88 19 suitable
1256 918 32 18 fur
1306 917 45 20 lake
1371 920 39 16 aud

976 943 53 18 river
1038 943 62 18 work.

1042 973 187 20 CORRESPONDENCE
1249 974 95 19 INVITED.

1142 1026 102 19 Address:

1002 1057 30 21 15,
1048 1056 155 24 QUEEN-ST.,
1218 1056 165 21 AUCKLAND.

975 1106 90 43 JOHN
1089 1107 16 18 I.
1138 1108 106 17 PHILIPS
1276 1108 54 17 AND
1363 1109 45 20 CO.,

1084 1135 76 13 MINING
1174 1135 3 13 :

1021 1157 131 15 AUTHORISED
1167 1158 77 14 MINING
1256 1158 43 14 AND
1308 1159 54 13 LAND

1067 1180 106 15 TRANSFER
1186 1181 123 14 SUIIVEYOIiS.

974 1223 56 17 Head
1040 1223 68 24 Office:
1132 1225 106 21 Halyday's
1255 1225 106 22 Buildings,
1379 1226 28 19 2G,

1044 1247 179 21 Shortland-strcct,
1233 1248 104 17 Auckland.

974 1275 45 17 P.O.
1030 1276 41 17 Box
1082 1277 40 17 332.
1252 1277 107 22 Telephone
1367 1278 40 16 986.

974 1303 57 17 Cable
1040 1303 82 19 Address
1131 1303 3 22 :
1148 1305 136 20 Theodolite,
1303 1305 104 17 Auckland.

1102 1350 76 18 Branch
1196 1351 66 18 Offices
1270 1350 3 19 :

974 1379 171 20 Wharf-street,
1156 1379 165 18 Pakroa—MrF.
1331 1380 23 17 A.
1361 1381 36 17 Cut-

997 1404 39 17 ten,
1047 1402 52 21 C.E.,
1110 1403 77 22 Mining
1201 1404 93 21 Surveyor
1307 1404 19 16 in
1339 1404 70 22 charge

996 1426 20 16 of
1025 1425 84 22 district;
1124 1426 31 18 Mr
1166 1426 21 18 T.
1204 1426 96 21 Whowcll,
1319 1427 90 17 Resident

997 1449 104 23 Secretary.

973 1472 169 20 Brown-street,
1153 1473 141 17 Thames—Mr
1305 1473 67 18 Albert
1389 1474 18 17 S.

996 1495 69 20 Allom,
1075 1496 43 17 Min
1127 1502 28 17 ng
1163 1496 95 23 Surveyor
1265 1497 20 16 in
1303 1497 69 22 charge
1388 1498 21 16 of

996 1519 79 17 district.

973 1541 100 19 Katanga
1095 1543 63 20 Road,
1182 1543 139 18 Coromandel
1361 1543 46 18 P.O.

996 1565 42 17 Box
1056 1566 26 17 17.
1108 1567 32 16 Mr
1157 1567 22 16 E.
1197 1567 26 16 H.
1241 1566 73 22 Hardy,
1332 1566 77 23 Mining

997 1588 94 22 Surveyor
1099 1589 19 17 in
1128 1590 69 22 charge
1206 1590 20 17 of
1237 1588 85 24 district;
1336 1590 32 17 Mr
1384 1591 23 16 A.

996 1612 20 17 F.
1026 1612 79 23 Billing,
1119 1613 89 17 Resident
1222 1612 102 24 Secretary.

979 1660 177 42 WANTED.—
1158 1663 44 16 Two
1212 1662 122 22 Apprentices
1343 1664 21 16 to
1373 1663 33 17 the

1066 1685 143 23 Dressmaking.
1245 1686 52 16 Miss
1316 1686 90 20 French,

973 1708 63 22 Anglo
1044 1708 85 17 Parisian
1138 1708 127 18 Dressmaker,

962 4268 103 37 Ask
1095 4267 70 38 for
1193 4264 229 40 Hancock
1441 4275 22 27 s
1496 4264 275 39 Celebrated
1803 4264 188 38 XXXX
2018 4264 113 39 Ales
2157 4267 95 36 and
2279 4266 151 39 Stout.
