3300 4400
74 183 33 22 AN
123 183 130 22 AUCKLAND
269 183 179 22 EXHIBITION.

53 234 13 255 i
68 243 52 22 faking
126 238 27 19 its
161 242 36 13 cue
204 236 54 19 from
264 235 35 20 the
306 236 92 25 recently
409 243 58 18 open<

70 273 9 12 j
84 262 91 27 industrial
183 261 116 19 exhibition
308 264 21 17 at
339 262 128 20 Palmerston

68 294 38 22 \orth
120 290 32 19 the
176 287 110 19 Auckland
309 287 48 20 Star
377 288 90 20 wonders

68 316 59 26 Whether
141 314 34 19 the
192 313 83 19 fashion
285 314 22 19 of
324 313 87 23 holding
416 314 51 18 such

112 343 16 19 is
136 339 60 24 likely
208 342 19 16 to
237 339 67 19 travel
313 342 21 16 to
345 340 34 18 the
388 339 42 25 city
441 339 26 25 by

67 363 140 26 LWaitetnata,
219 365 42 19 and
269 365 93 19 remarks
442 372 25 12 an

164 391 21 19 in
203 391 111 19 Auckland
330 391 76 25 during
429 391 35 18 the

66 426 56 19 acinier
132 417 87 23 mouths,
229 417 69 19 would
317 417 52 19 offer
383 423 26 13 no
428 417 39 18 end

66 445 8 26 '.;
86 443 106 24 attractions
214 445 21 16 to
254 443 83 19 visitors
350 443 55 19 from
427 443 35 18 the

66 474 40 23 Smith,
122 471 51 18 from
181 468 110 24 Auatralii,
312 469 42 19 and
362 470 54 17 from
432 468 35 19 the

64 494 18 28 }:[i
89 499 87 21 Country.
203 494 29 19 To
245 494 63 25 begin
319 494 55 23 with,
386 501 30 12 we
433 500 34 13 are

65 534 7 8 ■,
78 534 7 12 B
97 522 81 27 position
190 520 48 20 here
249 523 21 16 to
282 520 74 25 gather
372 520 95 25 together

63 544 108 29 ''numerable
204 546 113 19 curiosities
356 546 110 19 connected

63 579 25 22 ,jth
103 576 31 18 the
149 572 66 19 Maori
233 578 47 13 race
298 572 40 19 and
357 572 50 19 with
431 571 35 20 the

66 612 12 13 jC
79 610 13 13 es
100 598 113 25 inhabiting
231 598 36 19 the
285 598 75 19 Pacific
376 597 89 20 Islands.

62 632 13 13 «'
75 637 5 12 c
81 623 1 26 .
92 626 53 21 could
169 626 82 23 present
268 624 58 19 these
341 623 126 25 interesting

61 655 53 21 -coules
126 650 39 20 and
185 650 53 19 their
257 649 56 25 daily
330 649 51 20 lives
402 649 65 20 nnder

61 671 17 26 L
84 680 44 19 most
143 676 80 20 natural
232 676 121 19 conditions.
390 675 42 20 But
448 675 18 19 it

60 698 7 28 ■:i
72 714 13 13 if
87 704 35 25 ally
131 702 77 20 outside
226 702 37 18 tho
272 701 92 19 exhibits
373 702 45 19 that
437 708 29 12 we

60 731 41 25 fould
148 728 46 19 able
202 730 23 16 .to
235 727 76 26 supply
321 728 35 18 the
376 730 90 23 greatest

59 756 96 25 attractions.
192 753 40 19 We
252 753 60 19 could
339 753 53 19 have
410 760 45 12 care-

59 786 30 20 er
94 780 103 27 organised
207 780 65 24 cheap
283 780 116 18 excursions
412 786 44 12 .con-

59 816 49 17 reviiig
122 808 37 18 the
172 806 80 18 visitors
268 809 23 15 ,to
312 806 34 18 the
365 805 101 19 countless

59 832 29 26 ja'vs
96 833 36 20 and
144 833 47 18 isles
209 831 19 19 in
252 832 34 18 the
297 831 53 25 gulf.
381 831 85 25 Beyond

58 865 19 20 the
82 861 35 24 city
134 859 61 24 again
214 864 55 13 some
282 859 25 18 .of
323 858 35 20 the
376 861 90 22 greatest

58 887 90 23 jUrfu:tipt!H
167 884 40 20 and
226 883 104 25 .certainly
352 885 34 18 the
414 887 52 16 most

58 916 52 22 unique
117 918 48 11 ones
174 910 63 19 would
246 910 24 18 be
278 910 70 19 found.
365 910 41 19 Our
413 910 51 22 idea,

56 944 10 17 if
70 937 62 23 tarried
143 941 41 18 out,
193 936 66 19 would
265 936 83 20 include
354 936 64 24 cheap
426 936 40 18 and

53 964 39 26 ■jjpid
102 970 64 11 access
176 967 19 14 to
203 962 34 19 the
246 962 44 19 Hot
299 962 67 19 Lakes
373 962 40 18 and
418 968 36 18 per-

56 996 23 18 fect
87 988 88 21 facilities
184 989 32 18 for
225 988 73 24 seeing
306 988 122 24 everything
445 988 21 18 of

54 1028 7 13 j,
61 1027 7 11 u
69 1023 13 14 te
96 1016 17 18 in
129 1015 45 20 that,
191 1018 83 21 straiige
294 1014 77 24 region.
409 1014 45 19 .Alto-

55 1044 48 19 gether
113 1042 15 19 it
139 1040 66 19 would
216 1040 24 19 be
252 1046 36 13 our
301 1040 68 24 object
385 1042 20 16 to
421 1045 33 14 sur-

54 1068 42 24 round
103 1072 36 14 our
145 1067 79 18 visitors
233 1066 51 18 with
292 1066 122 25 everything
421 1065 44 19 that

54 1095 43 21 ivuulil
115 1099 68 12 amuso
202 1092 40 19 and
261 1092 80 25 delight
360 1092 62 22 them,
444 1098 21 12 so

53 1124 26 19 that
87 1120 43 23 tiny
141 1118 65 25 might
216 1118 57 19 leave
288 1118 109 19 Auckland
416 1117 49 19 with

53 1151 19 18 ite
79 1150 46 15 most
132 1146 93 22 pleasant
235 1144 139 20 recollections
394 1144 20 20 of
430 1144 35 18 the

84 1227 27 19 IN
123 1226 57 18 THE
193 1225 127 19 LIGHTER
331 1224 69 20 VEIN.

63 1278 53 21 The'
116 1278 103 19 Salvation
236 1278 64 23 Arnvy
319 1277 90 24 through
429 1277 34 19 the

49 1306 67 23 medium
127 1305 20 18 of
158 1305 33 18 the
202 1304 52 19 War
264 1304 40 25 Cry
428 1303 35 19 the

48 1332 36 28 cycle
92 1332 31 19 for
132 1330 45 20 God
181 1329 23 20 V

62 1367 34 19 The
105 1366 52 19 War
167 1365 39 23 Cry
214 1365 18 18 is
240 1364 138 24 -occasionally
395 1364 68 24 guilty

47 1395 12 19 of
65 1400 10 12 a
82 1393 45 18 neat
136 1391 124 25 paragraph.
300 1391 37 18 We
357 1395 78 20 quote:
438 1401 25 3 —

47 1421 25 18 'A
80 1423 63 14 recent
153 1421 87 19 convert,
254 1418 20 17 in
293 1417 106 25 testifying
418 1417 45 18 that

47 1446 28 20 Guil
84 1444 38 19 had
132 1444 60 19 saved
203 1443 32 18 his
246 1443 50 23 soul,
307 1442 114 23 remarked,
437 1442 26 19 'lf

46 1473 5 19 I
58 1470 49 21 could
118 1470 47 24 only
174 1476 49 18 pray
233 1476 24 12 as
265 1469 46 19 well
320 1475 23 12 as
354 1469 10 18 1
378 1468 51 19 used
442 1472 21 15 to

46 1504 50 16 swear,
109 1497 9 18 1
129 1496 66 19 would
206 1496 59 18 make
273 1495 140 25 things.hum.'

60 1531 26 21 Mr
96 1531 91 19 William
197 1531 78 19 Cussen
287 1530 37 18 has
333 1529 54 19 heen
397 1536 65 12 sworn

44 1560 35 19 isms
87 1566 8 10 a
106 1557 77 19 Justice
193 1557 21 19 of
225 1557 35 18 tho
269 1556 65 19 Peace
348 1558 21 16 at
381 1555 69 19 Hamil-

44 1591 28 13 ton.
96 1583 42 19 The
148 1588 106 19 ceremony
261 1589 65 12 seems
334 1582 129 25 superfluous

44 1618 12 12 as
64 1611 20 18 he
94 1616 39 12 was
170 1610 77 18 Cusseu
287 1608 82 20 himself
384 1608 27 20 all
428 1608 34 19 the

44 1637 33 20 time
86 1636 24 18 he
121 1642 40 13 was
171 1635 62 25 being
244 1641 64 13 sworn
319 1635 27 18 in.

59 1668 35 20 The
103 1670 91 17 amateur
204 1666 56 20 critic
270 1667 38 18 has
319 1666 50 20 been
378 1668 20 17 at
408 1666 53 18 work

42 1696 12 19 in
63 1695 29 18 the
101 1694 90 19 oolunms
202 1694 20 18 of
232 1700 12 12 a
255 1695 154 23 contemporary
422 1692 39 18 and

43 1720 81 26 escaping
134 1720 34 18 the
176 1719 134 20 subeditorial
319 1725 36 18 eye
362 1719 38 18 lets
409 1718 39 20 him-

42 1748 26 19 self
77 1748 50 17 loose
136 1752 24 12 as
166 1745 88 19 follows:
261 1757 12 2 -
354 1745 46 19 club
411 1751 50 12 were

41 1774 13 19 iu
63 1773 59 19 better
132 1772 46 19 luck
188 1772 35 18 the
235 1771 74 19 second
320 1771 60 24 night
391 1771 21 18 of
428 1771 33 18 the

42 1806 61 16 Ecnson,
122 1799 45 22 and,
185 1798 36 19 the
240 1798 47 20 j-a'iu
307 1797 88 24 starting
414 1797 47 24 only

42 1830 59 20 twenty
113 1825 86 21 minutes
210 1824 70 18 before
291 1823 35 19 the
333 1823 44 26 gaff
388 1824 72 23 began,

41 1851 28 21 lind
79 1859 8 11 a
98 1851 91 19 crowded
199 1850 69 22 house,
281 1856 22 12 as
314 1850 48 24 they
372 1849 44 19 well
427 1849 23 18 de-

146 1878 11 18 '1
164 1877 24 18 he
198 1883 51 18 song
282 1875 121 25 Ivimherley
411 1875 13 26 ''
433 1880 28 13 we

41 1910 22 14 are
73 1903 39 19 told
143 1906 40 16 mot
193 1902 47 20 with
249 1910 9 10 a
268 1905 58 22 great
335 1901 105 26 exception

41 1930 28 20 nnd
79 1936 9 12 a
97 1929 109 21 successful
212 1929 64 19 dance
308 1927 111 27 prolonged
428 1927 33 18 the

40 1955 115 26 evening-till
162 1962 49 14 near
219 1955 60 19 .three
295 1954 75 19 o'clock
388 1954 23 19 in
428 1953 33 19 the

39 1981 100 26 morning.''

57 2017 37 18 The
113 2016 124 25 Wellington
255 2015 50 19 Post
324 2015 21 19 in
364 2021 11 12 a
394 2016 68 17 recent

39 2043 51 20 notice
102 2043 21 18 of
129 2049 38 12 one
177 2044 21 17 of
205 2042 33 18 Mr
246 2041 106 26 Maughan
360 2040 103 19 Barnett's

39 2072 75 17 concerts
124 2068 66 19 staled
202 2068 44 19 that
256 2068 44 18 Mrs
312 2067 45 19 Hill
367 2067 73 24 played
451 2073 12 11 a

40 2098 7 9 II
52 2095 68 25 dreary
152 2094 109 20 Romance.
290 2094 43 18 The
349 2094 67 18 writer
431 2093 22 18 in-

39 2122 34 19 sists
83 2122 44 18 that
138 2121 25 19 he
169 2124 63 16 wrote

39 2148 26 19 but
75 2155 53 11 some
139 2148 21 20 of
176 2148 34 17 the
226 2146 101 21 .audience
343 2145 65 19 doubt
428 2145 34 19 tho

39 2174 34 20 fact.

57 2209 39 18 The
106 2208 70 19 Waihi
186 2207 68 18 Miner
263 2213 46 18 says
345 2212 37 13 our
399 2211 52 14 ceme-

39 2237 31 22 tery
80 2235 16 18 is
108 2235 38 18 fast
159 2234 60 24 being
343 2232 40 19 We
403 2232 59 17 know

39 2261 31 19 thai
83 2261 55 18 there
150 2267 33 11 are
193 2263 68 21 pretty
277 2258 66 25 rough
360 2258 60 19 times
439 2263 24 13 on

39 2287 24 19 the
73 2286 105 25 gohlfields
188 2284 141 24 occasionally,

39 2317 47 18 When
106 2316 44 24 gold
167 2317 15 16 is
199 2315 50 18 flush
266 2314 39 18 and
320 2314 33 17 the
369 2314 48 22 boys
434 2319 31 12 arc

98 2340 60 22 frisky

39 2364 33 17 And
81 2371 8 9 a
102 2369 41 11 mail
154 2369 43 15 may
205 2362 41 23 pull
257 2363 34 15 out
300 2361 28 17 his
338 2361 97 26 derringer

56 2387 33 17 For
110 2387 99 22 anything,
233 2385 68 23 maybe
326 2385 32 16 the
380 2384 50 23 price
446 2383 21 18 of

40 2438 28 18 but
79 2446 27 10 we
119 2444 50 12 were
179 2439 35 16 not,
225 2443 68 12 aware
303 2435 45 19 that
355 2441 40 18 any
402 2434 21 19 of
431 2441 36 12 our

39 2463 161 26 contemporaries
210 2463 41 18 had
261 2462 63 19 found
336 2462 16 17 it
361 2466 105 19 necessary

39 2495 15 14 in
65 2494 48 15 start
131 2496 12 12 a
163 2490 79 24 private
261 2487 113 26 graveyard
393 2487 21 18 of
437 2487 30 17 his

39 2523 44 12 nun.
113 2516 105 21 However,
239 2515 15 18 it
270 2515 17 18 is
303 2514 128 22 satisfactory
447 2515 21 15 to

39 2542 51 19 blow
101 2543 43 18 that
157 2543 33 17 tin-
200 2540 86 20 Minor's
302 2540 79 25 private
400 2538 56 25 sepul-

39 2569 38 18 chre
87 2569 17 18 is
115 2571 40 16 fast
164 2568 67 24 filling
239 2574 33 18 up.

63 2606 9 7 '•
80 2603 89 19 Because
179 2609 12 11 a
200 2601 71 26 public
281 2602 81 17 servant
378 2599 91 19 commits

39 2636 8 12 a
57 2630 55 21 fault,
120 2629 45 19 that
173 2629 17 18 is
197 2635 26 11 no
230 2634 71 12 reason
309 2626 46 24 why
363 2626 25 18 he
397 2625 71 19 should

40 2655 21 20 he
70 2655 122 20 condemned
202 2655 33 17 for
244 2654 26 18 all
381 2651 89 19 Premier

40 2681 80 20 Seddori.
152 2682 42 18 Nor
204 2681 16 17 is
230 2680 17 18 it
259 2686 40 17 any
308 2685 50 11 reas>
368 2684 13 12 n
392 2677 45 25 why
445 2677 25 18 ho

40 2708 66 18 should
133 2708 26 18 be
176 2705 148 20 whitewashed
343 2708 21 16 at
388 2710 82 13 once,—

40 2734 81 20 General
134 2734 88 25 opinion.

62 2766 41 19 Tho
113 2766 100 19 Observer
224 2767 64 15 states
299 2763 45 19 that
355 2769 11 12 a
384 2762 86 18 favorite

40 2799 53 19 game
104 2793 19 18 in
131 2792 92 19 Rotorua
232 2791 17 18 is
258 2794 20 14 to
287 2789 61 24 decoy
357 2789 33 18 old
397 2789 75 17 Patera

139 2820 21 17 to
171 2818 33 18 the
223 2816 57 19 hotel
296 2816 32 18 for
338 2822 12 12 a
360 2814 61 20 drink
431 2814 39 18 and

39 2844 24 20 fill
73 2845 40 18 him
124 2851 28 18 up
163 2844 46 18 with
222 2851 12 11 a
245 2843 109 18 villainous
365 2840 104 20 decoction

40 2871 18 19 of
74 2872 103 20 kerosene,
193 2872 69 16 .castor
286 2867 33 23 oil,
344 2870 69 16 croton
436 2866 33 22 oil,

40 2903 45 17 rum,
99 2896 77 25 whisky
194 2896 40 18 and
358 2893 44 19 The
421 2891 51 20 local

40 2917 157 30 knowledge'of
217 2928 37 12 our
279 2922 154 23 contemporary
455 2918 17 18 is

41 2956 48 12 si,me
93 2949 53 18 what
156 2949 130 18 marvellous.

65 2983 41 19 The
117 2985 48 25 poet
174 2982 21 19 of
204 2982 36 19 tho
250 2980 124 20 Eketahuno
385 2980 88 23 Express

41 3010 61 18 shows
120 3016 12 12 a
152 3008 77 24 facility
248 3008 20 17 in
285 3006 88 25 rythmic
387 3005 86 19 cadence

42 3036 60 19 which
113 3035 58 19 other
179 3037 86 21 country
275 3035 113 23 poetasters
406 3030 68 20 would

42 3062 22 18 do
73 3062 46 19 well
128 3065 21 15 to
157 3062 85 18 imitate.
271 3058 60 20 With
345 3058 66 19 Arbor
428 3057 46 24 Day

42 3089 28 18 fur
79 3088 32 19 his
120 3088 68 19 theme
198 3086 25 19 he
236 3085 87 20 warbles
334 3084 69 24 thusly
414 3090 33 12 :

83 3118 50 24 good
139 3119 30 16 for
177 3118 32 17 the
218 3116 68 22 people
295 3116 20 17 of
322 3114 117 18 Eketahuna

62 3143 24 16 Tll
96 3142 47 22 drop
155 3147 42 11 now
206 3140 39 17 and
254 3140 47 17 then
308 3138 51 18 their
371 3137 53 17 work
436 3136 39 17 and

84 3166 50 16 their
142 3164 50 23 play,

46 3189 36 17 Awl
91 3189 24 16 do
124 3194 10 11 a
149 3187 48 24 good
212 3186 58 18 thine
285 3185 44 18 that
345 3184 45 20 they
406 3182 69 18 should

108 3212 48 17 have
165 3211 48 18 done
222 3215 74 14 sooner,

63 3236 28 22 By
99 3234 89 23 planting
197 3239 51 12 som*-;
261 3234 49 17 tr<ees
328 3237 24 13 on
369 3230 50 18 their
434 3229 42 17 first

109 3258 62 17 Arbor
178 3258 49 21 Day.

66 3291 10 18 'J
84 3290 25 19 he
133 3289 81 25 Sydney
233 3286 92 21 Bulletin
343 3285 64 20 refers
423 3286 21 16 to
463 3290 13 13 a

44 3317 99 18 sunburnt
153 3314 113 20 individual
275 3314 21 19 in
306 3311 82 26 singlet,
408 3312 67 23 pants,

43 3342 39 19 belt,
93 3342 40 19 and
143 3342 63 18 boots,
216 3348 26 12 an
253 3344 108 15 enormous
380 3336 54 19 head
451 3337 23 17 of

44 3368 52 24 curly
106 3368 47 19 hair
167 3367 39 18 and
216 3374 27 11 no
253 3366 43 22 bat,
308 3364 45 19 who
364 3363 17 19 is
395 3368 69 19 peram-

43 3394 91 24 bulating
145 3394 33 18 the
189 3392 83 26 Sydney
280 3394 78 17 streets,
378 3388 41 20 and
428 3388 48 18 asks

43 3420 15 19 if
67 3421 14 18 it
91 3421 17 18 is
124 3420 34 18 the
169 3418 80 25 alleged
261 3417 60 19 Nudo
338 3414 123 20 Macdonald
470 3413 8 19 ?

44 3446 28 19 Oh
83 3453 32 13 no.
127 3446 17 18 it
152 3446 25 24 is;
186 3445 48 25 only
245 3451 37 12 our
292 3443 34 19 old
336 3441 67 20 friend

45 3472 48 20 Man
105 3472 95 19 Without
215 3472 35 17 the
341 3474 52 19 gone
413 3472 65 13 across

44 3498 29 20 for
82 3506 12 12 a
105 3498 54 19 fresh
170 3497 142 23 consignment
322 3495 22 18 of
350 3496 87 23 parrots.

73 3553 77 22 ONLY
160 3554 18 19 A
188 3551 101 20 LITTLE
300 3551 34 18 AT
345 3550 19 20 A
373 3549 76 19 TIME.

48 3604 62 19 There
127 3609 34 14 are
180 3602 72 20 sound,
263 3600 114 26 objections
391 3601 20 16 to
424 3597 57 19 one's

48 3630 97 25 knowing
159 3631 33 17 too
209 3628 61 19 much
295 3627 64 19 about
383 3625 31 19 Lis
435 3630 44 13 own

49 3656 52 25 body
110 3650 3 31 .
144 3655 10 19 I
169 3661 31 13 am
220 3655 65 24 going
294 3656 21 15 to
326 3652 35 19 tell
370 3657 42 19 you
427 3650 54 19 wlint

49 3682 46 25 they
106 3688 48 16 are;
170 3684 36 15 not
216 3683 21 15 to
248 3680 48 24 day,
312 3679 38 18 but
369 3683 56 12 soon.
453 3676 27 18 To

48 3709 58 19 muko
115 3714 45 13 sure
176 3707 21 18 of
213 3703 114 28 themf.yqii
341 3703 42 20 will
399 3702 52 20 have

49 3734 62 20 watch
129 3734 58 18 these
203 3732 82 19 articles
307 3730 84 24 sharply
410 3728 21 19 in
448 3728 3 26 t

49 3766 133 19 newspapers.
218 3757 43 21 Yet
280 3764 30 12 we
329 3754 73 21 should
421 3753 27 20 kn

49 3794 12 11 a
72 3787 54 19 little
137 3779 4 30 ;
155 3785 39 19 and
203 3791 11 12 a
225 3784 86 19 fraction
329 3783 22 18 of
367 3782 46 18 that
430 3779 53 19 little

49 3813 10 18 I
69 3813 39 19 will
119 3817 56 13 serve
185 3817 28 19 up
232 3816 52 13 now.
320 3808 73 19 Pleaso
411 3806 73 19 favour

51 3846 29 12 me
91 3837 48 21 with
148 3843 50 19 your
209 3836 108 19 attention.

242 3863 35 18 the
300 3860 78 22 middle
401 3858 22 19 of
449 3857 35 19 the

51 3891 52 25 body
127 3890 19 18 is
164 3896 11 12 a
193 3889 64 24 large,
277 3888 46 19 thin
341 3886 37 19 flat
388 3884 4 32 _
402 3884 81 21 muscle,

52 3915 98 22 stretched
169 3915 40 19 like
225 3922 11 11 a
247 3919 76 14 canvas
341 3909 144 24 awning—the

51 3943 126 25 diaphragm.
205 3941 33 25 By
255 3941 16 18 it
288 3945 42 19 you
348 3945 35 11 are
404 3935 81 19 divided

52 3970 41 18 into
103 3971 40 17 two
163 3968 57 24 large
241 3970 79 20 storeys
335 3971 24 13 or
385 3964 89 23 compart-

51 3999 70 16 ments.
150 3994 42 19 The
202 3999 66 19 upper
286 3997 39 14 one
340 3989 93 19 contains
451 3987 35 19 the

53 4022 57 18 In-art
120 4020 40 19 and
180 4020 67 24 lungs,
260 4019 34 18 the
311 4017 62 18 lower
382 4020 38 13 one
439 4019 36 12 con-

53 4045 150 25 t»ins(chitflv)
216 4046 35 19 the
266 4041 98 23 stomach,
376 4041 35 18 the
424 4040 52 18 intes-

53 4074 57 19 tines,
122 4072 39 19 and
171 4072 35 19 the
216 4071 59 19 liver.
304 4069 43 19 The
357 4068 53 17 most
427 4071 48 19 pain-

53 4100 29 17 iul
103 4097 104 27 (internal)
228 4097 90 19 diseases
341 4098 59 14 oc::ur
417 4091 59 18 down

53 4126 62 18 stairs,
129 4124 34 19 the
172 4124 52 18 least
234 4120 81 27 painful
326 4117 94 27 upstairs.

79 4151 43 19 The
141 4151 63 18 entire
220 4149 57 24 right
289 4146 43 20 side
342 4144 22 19 of
373 4144 34 18 the
425 4142 62 19 loiver

54 4184 49 12 conn
112 4178 92 19 ailment,
223 4177 54 17 from
291 4172 35 19 the
343 4173 35 22 lop
394 4169 59 18 down
467 4170 19 15 to

56 4203 32 22 the
107 4203 56 20 short
178 4202 50 23 ribs,
247 4201 18 18 is
284 4197 56 23 filled
347 4196 27 24 by
385 4195 34 19 the
437 4193 50 19 liver

492 184 66 20 which
573 185 17 19 is
604 184 115 26 suspended
733 186 21 18 to
770 191 13 14 a
797 192 56 14 mere
867 191 58 21 point

492 211 21 18 of
522 210 35 20 the
574 210 123 26 diaphragm
712 211 40 19 and
769 211 75 20 shakes
861 214 64 19 about

491 236 50 19 with
550 243 61 18 every
620 239 114 16 movement
743 243 41 18 you
793 238 66 20 make.

514 262 58 23 Now,
590 263 53 19 from
653 262 34 19 the
698 262 87 20 location
795 264 23 18 of
825 264 35 19 the
874 264 51 21 liver

492 292 28 14 we
530 288 53 20 have
601 295 12 12 a
623 288 56 19 word
687 288 52 19 used
748 289 32 19 for
789 295 49 19 ages
857 294 21 16 to
888 298 25 12 ex-

491 317 57 18 press
557 320 38 12 one
605 314 22 18 of
640 313 36 19 the
689 316 53 17 most
760 315 98 26 unhappy
877 323 36 13 con-

491 337 73 21 ditions
574 345 13 13 a
598 339 77 19 human
682 339 65 26 being
755 347 37 13 can
807 342 37 18 fall
856 343 69 19 into—

491 364 34 18 the
536 365 54 19 word
606 370 154 15 htfochonsra.
771 367 64 24 (often
851 369 62 19 abbre-

490 390 68 19 viated
571 394 21 15 to
719 391 35 20 the
763 392 56 20 word
827 395 98 25 meaning

488 421 72 14 ODTDER
569 422 42 14 THE
622 422 131 14 CARTRIDGES.

538 442 40 19 For
588 449 60 13 seven
748 445 68 18 writes
827 451 12 13 a
847 452 66 14 torres-

490 467 93 25 prndent,
615 468 13 19 I
646 469 90 20 suffered
753 470 53 19 from
815 471 110 26 complaint

489 494 21 17 of
519 494 35 19 the
561 494 57 19 liver.
652 496 12 17 I
674 501 41 13 was
729 502 50 18 .very
795 496 81 25 bilious,
889 505 34 17 my

489 518 47 20 skin
552 526 41 13 was
611 520 70 20 sallow
706 522 41 19 and
762 522 44 25 dry,
824 523 41 19 and
890 525 34 18 tho

489 545 71 20 whites
571 547 21 18 of
611 553 35 19 my
661 553 48 18 eyes
735 548 80 24 yellow.
842 549 13 19 I
883 549 41 20 had

489 571 60 19 much
563 573 51 25 .pain
633 573 41 19 and
692 573 77 25 weight
778 576 21 17 at
818 581 35 19 my
868 576 57 24 right

489 596 44 20 side
541 598 42 19 and
593 605 41 12 was
643 600 114 24 constantly
767 600 108 24 depressed
883 602 41 19 and

489 623 134 26 melancholy.
660 624 21 19 It
690 625 80 19 seemed
781 628 21 17 to
818 626 24 19 be
858 631 36 16 out
903 629 21 18 of

489 655 34 18 my
533 656 67 18 power
611 654 19 15 to
640 650 48 19 take
696 657 12 12 a
719 651 83 25 hopeful
817 659 22 12 or
857 653 55 20 cheer-

488 674 32 20 ful
530 676 51 19 view
591 676 22 20 of
622 677 107 25 anything.
765 677 44 19 The
825 679 59 19 effect
902 681 22 18 of

489 700 40 20 this
539 703 110 24 complaint
665 710 26 12 on
708 703 35 19 the
759 703 57 20 mind
830 711 40 13 was
886 713 38 12 one

489 727 21 18 of
524 727 35 19 the
575 731 79 22 aspects
670 729 22 18 of
696 729 20 20 it
733 729 83 20 hardest
826 732 21 17 to
865 732 56 19 bear.

560 754 42 19 had
616 755 39 18 lost
673 761 35 19 my
724 755 82 19 natural
823 758 98 25 appetite,

489 779 40 19 and
539 783 32 15 ate
581 783 20 16 to
611 784 85 21 support
707 781 48 23 life;
768 781 38 19 but
816 783 56 19 there
883 791 41 12 was

489 811 24 12 no
524 812 55 12 more
589 813 39 17 any
640 807 89 24 genuine
745 807 62 19 relish
825 809 33 19 for
875 809 48 20 food

489 837 22 13 or
520 831 67 20 drink.
613 832 43 19 The
670 832 42 19 bad
720 835 53 17 taste
780 834 21 18 in
810 841 34 18 my
853 838 71 17 mouth

489 857 57 19 made
557 857 27 19 all
592 858 45 19 that
647 858 10 19 I
669 859 49 18 took
724 862 55 16 .taste
787 860 45 19 bad.
854 861 56 20 Some-

488 883 59 20 times
566 883 12 19 I
595 884 64 19 would
681 884 25 19 be
727 885 61 19 taken
813 887 43 19 sick
882 888 40 19 aud

489 910 63 19 throw
562 916 28 19 up
600 910 28 19 all
638 910 11 19 I
660 911 41 18 had
709 913 69 21 eaten;
793 913 40 18 and
843 914 52 18 after
912 920 10 12 a

488 935 58 24 meal,
570 942 26 13 no
615 939 74 17 mattar
714 937 45 20 how
780 938 80 20 slender
884 940 39 19 and

487 962 79 26 .simple.
583 962 11 19 I
613 969 41 12 was
673 962 94 20 troubled
777 964 50 19 with
847 966 75 18 su'lness

488 988 40 18 and
540 990 47 24 pain
604 991 21 16 at
635 988 34 19 the
679 989 62 20 chest.
770 990 11 18 I
792 991 51 19 med
861 998 61 18 many

487 1013 61 20 kinds
559 1014 21 19 of
587 1015 111 20 medicines
708 1016 41 19 and
762 1016 59 20 whilo
832 1024 54 13 somo
898 1020 25 19 .o.f

488 1040 55 20 them
559 1047 46 18 may
622 1041 51 18 have
692 1040 89 20 relieved
790 1049 31 13 me
840 1044 32 18 for
888 1045 34 18 the

488 1070 94 19 moment,
600 1073 52 12 none
670 1067 105 19 conferred
788 1075 39 18 any

488 1091 80 25 benefit,
589 1093 40 19 and
639 1092 12 19 I
670 1099 42 13 was
730 1099 50 14 soon
798 1101 22 13 as
839 1096 40 19 bad
899 1103 21 12 as

488 1124 52 12 ever.

511 1145 48 19 ■'•'Ill
571 1145 78 24 March,
665 1147 56 21 1892,
732 1145 11 19 I
754 1146 48 19 read
812 1146 20 19 in
839 1154 14 13 a
861 1148 60 19 smalt

487 1170 53 20 book
548 1172 21 19 of
586 1171 55 20 what
657 1171 82 19 Mother
756 1172 85 25 SeigiFN
858 1173 51 20 Cura-

487 1197 40 19 tive
537 1197 66 26 Syrup
614 1198 40 19 had
665 1198 52 18 done
731 1198 22 18 in
769 1205 55 13 cases
844 1201 77 18 similar

487 1226 19 16 to
516 1224 61 23 mine,
587 1224 40 19 and
638 1230 39 13 was
687 1225 108 24 especially
812 1225 109 20 interested

486 1249 21 18 in
517 1249 34 19 the
559 1254 88 15 .account
659 1250 62 25 given
736 1250 21 19 in
774 1251 36 19 the
827 1251 54 20 book
901 1253 21 19 of

487 1275 33 19 the
531 1279 71 16 nature
613 1277 40 18 and
663 1276 67 19 duties
740 1277 21 18 of
769 1277 35 19 the
813 1278 57 21 liver,
879 1279 41 19 and

487 1301 25 18 its
520 1301 108 21 disorders.
661 1302 12 19 I
689 1304 37 22 jjot
742 1309 13 12 a
770 1303 62 19 bottle
849 1304 21 19 of
887 1305 34 19 the

487 1327 65 26 Syrup
561 1328 54 19 from
627 1327 67 20 Boots'
712 1328 60 26 Drug
787 1329 74 24 Stores,
881 1331 40 19 and

486 1355 52 17 after
549 1354 73 25 taking
631 1355 16 18 it
663 1361 12 12 a
689 1355 41 18 few
746 1355 50 24 days
811 1356 37 18 felt
865 1357 56 25 quite

486 1379 40 20 like
536 1387 12 12 a
557 1386 44 14 new
611 1387 54 12 man.
693 1381 21 19 It
724 1381 80 19 scorned
814 1385 20 15 to
846 1386 75 15 correct

486 1412 33 18 my
529 1407 91 18 stomach
629 1407 41 18 and
685 1406 52 20 liver
755 1407 40 19 and
814 1407 53 20 clear
888 1416 33 17 my

485 1436 75 21 system
571 1433 22 18 of
603 1433 27 19 all
641 1432 41 19 bile
689 1432 4 25 ;
709 1439 42 13 and
761 1439 20 13 it
788 1439 50 15 left
855 1440 29 14 ME
899 1441 22 12 in

486 1463 84 17 CAEiXAfc
585 1465 83 14 health
710 1459 58 20 Since
783 1460 44 19 that
842 1461 49 19 time
910 1461 11 19 I

486 1485 51 18 have
548 1484 49 26 kept
614 1486 81 19 Mother
713 1486 86 25 Seigel's
814 1487 67 25 Syrup
898 1488 27 18 in.

485 1511 34 18 the
530 1510 62 20 house
606 1518 23 12 as
647 1518 12 12 a
674 1512 72 24 family
763 1512 97 19 medicine
880 1514 40 18 and

486 1536 50 20 have
545 1537 131 20 commended
686 1538 17 19 it
712 1541 19 16 to
748 1538 28 19 all
791 1545 33 19 my
844 1539 76 19 friends

485 1569 22 12 as
517 1563 34 18 the
562 1563 45 19 best
623 1564 75 20 known
714 1571 46 12 cure
775 1565 33 18 for
826 1565 94 20 ailments

485 1589 41 18 like
536 1590 34 18 the
580 1597 38 11 one
628 1590 52 19 from
691 1590 65 19 which
766 1590 11 19 I
793 1591 88 19 suffered
899 1599 20 11 so

486 1615 108 26 miserably
604 1616 40 19 and
655 1622 22 13 so
687 1616 55 25 long.
771 1616 46 20 You
827 1624 38 12 can
884 1624 35 12 use

485 1642 41 18 this
535 1644 109 17 statement
655 1649 21 12 as
687 1649 40 17 you
738 1642 47 19 like.
821 1644 96 24 (Signed)

484 1667 54 20 John
550 1668 59 23 Gent,
622 1670 30 21 59,
670 1668 100 25 Coventry
783 1668 70 25 [Road,
871 1669 36 18 Bul-

487 1694 49 19 well.
549 1694 142 25 Nottingham.
703 1694 70 20 March
784 1696 50 23 21st,

569 1720 33 19 the
614 1720 70 26 spring
694 1721 21 19 of
808 1722 67 18 writes
882 1729 25 11 an-

485 1746 63 23 other,
602 1747 64 19 found
677 1747 73 24 myself
759 1748 21 18 in
790 1747 40 19 bad
843 1748 75 18 health,

484 1775 11 16 i
505 1772 41 19 had
557 1779 25 13 no
594 1773 96 25 appetite,
703 1774 39 18 and
754 1774 33 18 the
799 1773 52 19 little
865 1774 9 18 I
884 1774 33 18 did

485 1801 32 16 eat
537 1799 34 18 did
591 1806 31 12 me
642 1806 27 12 no
689 1800 59 24 good,
768 1806 52 18 gave
844 1806 30 12 mo
894 1806 25 13 no

485 1827 99 23 strength.
601 1825 11 19 I
623 1825 40 19 had
674 1829 58 21 great
741 1826 46 24 pain
796 1826 39 18 and
844 1827 75 24 weight

484 1854 21 17 at
515 1851 34 19 the
557 1851 59 19 .chest
631 1851 40 19 and
687 1852 58 24 right
761 1852 48 23 side,
827 1852 40 18 and
886 1859 31 17 my

485 1877 45 19 skin
541 1878 74 18 turned
625 1877 69 19 sallow
706 1878 39 18 and
756 1878 44 24 diy.
828 1878 35 24 My
874 1878 34 18 kid-

485 1910 48 17 neys
544 1903 43 19 also
597 1903 57 20 acted
665 1903 68 25 badly,
748 1904 39 18 and
803 1905 52 18 from
870 1905 49 18 time

485 1931 20 17 to
515 1930 49 19 time
571 1929 63 20 Ihad
643 1929 79 20 attacks
738 1930 21 19 of
774 1930 82 24 gravel;
879 1931 40 18 and

482 1955 52 24 cold,
546 1956 92 25 clammy,
649 1956 120 25 weakening
778 1959 71 16 s.went*
857 1957 62 18 broke

485 1984 36 17 out
531 1982 27 19 all
569 1989 47 12 over
630 1989 38 12 me.
697 1983 65 24 Being
780 1983 48 24 only
848 1989 60 12 seven-

486 2011 44 16 teen
540 2015 59 18 years
611 2009 33 18 old
654 2009 58 19 when
723 2009 33 18 the
766 2006 79 21 trouble
852 2009 67 24 began

485 2034 11 19 I
508 2041 40 12 was
560 2035 82 25 greatly
658 2035 90 19 alarmed
767 2035 39 18 and
826 2035 91 18 anxious.

486 2061 31 18 No
526 2061 69 19 doctor
605 2068 41 12 was
658 2062 47 19 able
715 2063 19 16 to
747 2061 45 25 help
803 2067 38 16 mo,
852 2061 40 18 and
908 2061 11 18 I

486 2088 107 17 continued
604 2088 47 19 thus
666 2088 32 19 for
714 2093 47 13 over
778 2088 57 17 three
853 2093 64 18 years.

486 2113 24 18 In
520 2113 60 23 June,
594 2115 56 22 189-1,
661 2114 12 19 I
684 2114 68 24 began
762 2115 19 17 to
793 2119 34 12 use
839 2113 80 18 Mother

486 2138 86 26 Soigel's
582 2140 67 24 Syrup
667 2140 40 19 aud
724 2146 48 12 soon
788 2139 38 19 felt
846 2139 71 23 better,

485 2166 82 23 lighter,
579 2166 41 19 rnd
630 2173 54 12 more
697 2164 97 21 cheerful;
828 2165 48 18 And
893 2165 26 24 by

486 2192 73 24 taking
569 2192 15 18 it
592 2199 12 12 a
614 2192 39 19 few
663 2192 67 19 weeks
745 2192 71 24 longer
830 2192 11 17 I
851 2197 57 12 recov-

486 2218 47 18 ered
543 2224 33 18 my
588 2218 70 19 health
668 2218 40 18 nnd
725 2218 99 23 strength.
862 2217 58 19 Since

486 2244 55 23 then,
554 2246 57 17 when
623 2244 10 19 I
642 2244 54 19 have
706 2250 40 18 any
755 2243 96 22 stomach,
862 2242 56 23 liver,

486 2277 19 11 01
519 2270 75 25 kidney
603 2273 111 22 symptoms
722 2270 11 18 I
741 2273 64 15 resort
813 2272 20 16 to
840 2268 81 19 Mother

487 2295 86 26 Seigel'e
594 2298 66 23 Syrup
679 2296 40 18 nnd
738 2296 16 18 it
765 2301 61 13 never
837 2294 47 19 fails
901 2296 20 17 to

487 2326 31 14 set
527 2329 31 11 me
569 2322 63 25 right.
660 2322 48 19 You
724 2328 37 12 can
778 2321 83 24 publish
880 2321 41 18 this

487 2348 65 19 letter.
583 2348 96 25 (Htrned)
692 2348 21 19 C
721 2347 93 22 Hanson,
837 2349 16 20 C,
870 2347 51 18 New

488 2374 38 18 Inn
534 2375 62 18 Bane.
606 2374 123 23 Gloucester,
734 2373 47 24 May
791 2375 48 21 81st,

515 2401 42 19 Tho
581 2401 96 22 stomach,
699 2400 34 18 the
752 2399 56 23 liver,
828 2399 39 19 and
888 2399 34 18 the

488 2426 86 24 kidneys
587 2433 33 13 are
630 2427 26 18 all
667 2426 109 18 connected
787 2428 55 22 parts
857 2425 22 19 of
888 2425 34 19 the

489 2453 47 18 food
556 2453 40 18 and
617 2453 100 24 digestive
735 2456 80 20 system.

489 2479 116 18 disordered
616 2479 90 24 (usually
722 2477 89 25 through
826 2476 97 26 torpidity

491 2505 20 18 of
522 2505 34 18 the
567 2504 99 25 stomach)
677 2505 48 24 they
735 2503 76 26 cripple
821 2503 35 19 the
870 2502 54 25 body

491 2531 38 18 and
541 2531 63 18 throw
616 2538 11 11 a
641 2531 67 23 gloom
727 2536 22 13 as
768 2530 21 18 of
802 2529 61 23 night
877 2536 47 11 over

491 2556 34 20 tho
535 2557 62 18 mind.
627 2556 29 19 On
674 2557 35 18 the
728 2555 81 20 earliest
828 2555 56 23 signs
904 2555 21 18 of

491 2583 101 24 anything
604 2589 68 18 wrong
683 2582 46 19 with
738 2582 55 18 them
802 2588 35 12 use
844 2581 81 18 Mother

492 2609 85 24 Seigel's
588 2610 66 23 Syrup
664 2612 20 15 at
695 2615 54 12 once.

529 2672 58 19 THE
597 2672 147 19 UREWERA
754 2671 127 19 RESERVE.

520 2724 42 19 The
576 2724 98 19 Usewera
694 2723 82 19 .District
795 2723 74 19 Native
885 2723 28 19 Ee-

494 2757 56 13 serve
570 2750 41 19 Bill
629 2750 94 24 provides
735 2749 44 18 that,
789 2749 34 19 tlie
838 2749 49 19 land
906 2749 21 19 of

494 2777 34 20 the
537 2777 62 18 Drew
603 2782 33 13 era
644 2776 77 18 district
732 2775 21 19 sh
757 2775 27 19 all
796 2775 23 19 bo
835 2776 92 18 declared

494 2810 10 12 a
515 2803 69 18 native
596 2808 80 12 reserve
687 2809 5 15 ;
709 2802 44 18 that
763 2801 35 18 the
811 2801 115 18 Governor-

628 2834 46 17 may
688 2827 83 24 appoint
784 2825 130 21 Commission-

494 2862 32 12 ers
534 2852 4 25 ;
553 2854 45 19 that
617 2853 56 19 thess
692 2852 163 20 Commissioners
875 2853 52 19 shall

494 2881 68 19 divide
583 2880 34 18 the
636 2879 79 19 district
730 2879 42 18 into
792 2879 72 23 Hocks,
887 2880 40 18 aud

495 2907 53 19 shall
574 2905 123 25 investigate
720 2905 43 25 tho;
772 2905 43 19 title
836 2908 19 15 to
879 2906 48 18 each

495 2933 66 19 block.
598 2932 60 18 From
679 2931 34 19 the
738 2937 75 12 owners
831 2931 20 18 of
879 2932 48 18 each

495 2966 12 12 a
517 2958 123 26 provisional
651 2957 50 19 local
711 2957 113 18 committee
835 2957 52 19 shall
903 2956 25 20 be

496 2981 109 30 i.ppointed
616 2984 43 18 who
669 2983 52 18 sliall
732 2984 50 17 have
791 2984 34 17 tho
833 2989 82 16 manage-

495 3013 56 18 ment
560 3011 21 18 of
591 3011 34 18 the
636 3009 70 19 affairs
716 3010 21 17 of
748 3009 33 18 the
793 3009 64 18 block.
886 3009 43 18 The

495 3037 48 20 land
554 3033 85 23 effected
655 3036 26 24 by
691 3035 34 18 the
744 3034 38 19 Bill
797 3037 93 16 amounts
909 3038 20 15 to

496 3065 63 18 about
584 3063 84 21 650,000
688 3067 61 12 acres.
786 3060 43 19 The
857 3061 72 18 second

496 3089 96 20 schedule
610 3088 21 19 oi'
640 3088 35 17 the
685 3087 42 18 Bill
744 3087 92 18 contains
850 3093 12 12 a
873 3087 56 24 reply

497 3116 27 19 bv
539 3116 35 18 the
585 3114 87 21 premier
681 3116 20 15 to
710 3119 12 12 a
739 3112 116 25 deputation
865 3113 21 18 of
895 3113 35 19 the

497 3142 97 20 Urewera
609 3140 58 19 tribe.
704 3139 42 18 The
765 3138 125 25 regulations
909 3142 21 16 to

498 3169 25 18 be
530 3167 60 19 made
599 3166 65 19 under
683 3165 35 19 tho
728 3164 41 20 Bill
789 3171 33 11 are
833 3168 19 16 to
872 3171 58 18 carry

498 3196 36 17 out
541 3193 35 19 the
593 3191 68 20 object
678 3190 94 20 siipcified
791 3189 19 20 in
831 3191 34 17 the
882 3191 38 18 Pre-

501 3219 65 20 mier's
576 3225 71 13 memo,
658 3218 19 18 in
688 3217 103 18 reference
798 3220 19 14 to
832 3219 97 22 prospect'

499 3248 36 23 ing
545 3246 32 18 for
586 3244 54 25 gold.
668 3243 43 19 The
722 3248 71 13 memo,
805 3245 62 16 etates
885 3243 46 18 that

499 3273 70 18 before
586 3277 40 18 any
648 3268 96 26 goldheld
765 3268 17 18 is
801 3268 78 24 opened
900 3275 22 12 ar-

499 3300 130 22 rangements
647 3294 73 20 should
729 3295 24 17 be
765 3293 57 19 made
841 3294 90 18 between

499 3325 35 19 the
546 3324 138 18 Government
694 3320 40 18 and
744 3321 33 17 the
789 3319 74 19 Maoris
878 3326 54 18 upon

500 3350 66 20 which
585 3349 35 18 the
638 3347 49 19 field
705 3347 17 18 is
741 3348 20 17 to
777 3345 25 19 bo
819 3345 82 20 worked

501 3377 65 19 either
586 3375 26 24 by
628 3375 97 24 payment
736 3372 20 18 of
766 3378 12 12 a
794 3371 80 25 royalty
897 3378 37 20 per

500 3401 75 26 pound,
588 3407 22 11 or
625 3406 36 19 per
669 3405 69 15 ounce,
758 3398 21 18 of
797 3398 35 18 the
851 3400 83 17 amount

501 3427 92 21 received
612 3427 52 19 from
682 3424 35 19 the
736 3423 93 25 working
851 3427 21 15 to
900 3424 34 19 the

501 3460 78 13 owners
598 3453 21 18 of
636 3452 35 18 the
682 3450 55 23 land,
749 3456 22 12 or
778 3449 45 18 that
841 3450 35 18 the
890 3449 33 19 bal-

502 3486 48 13 ance
561 3479 63 25 (after
642 3477 78 25 paying
737 3476 33 18 the
789 3481 97 18 expenses
913 3476 21 18 of

502 3504 164 21 administration
681 3502 21 19 of
712 3502 34 18 the
756 3500 105 25 goldheld)
873 3502 20 17 of
901 3502 34 18 the

502 3533 54 18 issue
565 3532 21 19 of
595 3531 85 18 licenses
692 3528 40 19 and
741 3527 81 18 miners'
834 3527 65 24 rights
915 3530 20 15 to

504 3559 80 18 miners,
605 3557 24 18 be
638 3555 49 22 paid
697 3558 19 15 to
732 3553 34 19 the
776 3559 78 13 owners
864 3553 21 19 of
901 3554 34 18 the

502 3584 56 19 land.

529 3649 106 20 Professor
648 3646 54 18 John
720 3644 69 22 Milne,
805 3644 67 20 F,K,S
881 3644 4 25 ,
901 3645 35 18 the

505 3676 97 18 foremost
618 3671 136 23 seismologist
770 3670 23 18 of
807 3670 35 18 the
859 3670 39 24 day
907 3677 19 12 re-

505 3701 67 24 cently
583 3699 65 19 stated
656 3701 19 15 to
683 3703 24 12 an
715 3696 135 20 interviewer:
853 3696 84 19 —'"The

505 3729 81 23 present
601 3724 91 26 problem
702 3723 11 18 I
723 3729 32 12 am
775 3721 93 25 engaged
883 3728 53 18 upon

506 3755 16 17 is
541 3756 21 15 to
581 3750 111 20 determine
720 3749 34 18 the
772 3750 44 15 rate
835 3750 21 15 at
872 3748 65 18 which

506 3777 126 25 earthquake
663 3774 75 20 motion
767 3773 18 18 i*
810 3773 128 19 transmitted

506 3805 65 19 round
597 3802 40 20 and
666 3799 91 25 possibly
790 3799 89 24 through
904 3800 34 18 ihe

598 3828 34 19 Mr
649 3826 65 19 Milne
731 3825 39 19 told
783 3831 37 13 me.
901 3825 38 19 has

510 3861 49 15 been
578 3854 64 20 found
661 3853 45 18 that
725 3858 12 12 a
745 3851 77 19 violent
837 3850 62 19 shock
918 3851 20 18 in

508 3889 38 18 any
557 3884 45 22 p.rt
611 3880 21 19 of
642 3879 34 20 the
688 3877 61 20 world
759 3884 46 17 may
812 3877 25 18 be
844 3877 96 19 recorded

508 3910 16 18 if
534 3914 73 19 proper
619 3905 131 20 instruments
760 3909 34 12 are
805 3902 55 19 used,
870 3902 19 18 in
900 3909 39 18 any

508 3936 58 17 other
576 3934 52 24 part.
664 3931 11 18 I
686 3930 52 18 have
746 3928 94 20 obtained
858 3928 82 18 distinct

508 3960 79 20 records
608 3958 21 20 of
648 3955 137 25 earthquakes
806 3952 66 20 which
899 3954 41 18 had

508 3986 53 19 their
571 3985 67 20 origin
645 3985 21 16 at
675 3982 35 18 the
717 3980 106 25 antipodes
832 3980 22 18 of
863 3980 34 18 the
905 3979 23 19 ob-

509 4012 82 25 serving
618 4012 22 16 st;
648 4009 50 19 tion.
732 4006 76 19 Shocks
828 4009 20 16 at
872 4005 68 25 Japan

509 4039 51 20 hnyo
579 4038 51 18 been
643 4035 55 18 often
708 4032 95 20 recorded
813 4032 20 19 in
852 4031 88 25 Europe.

508 4065 44 18 The
571 4065 52 17 mo.-t
642 4060 79 20 curious
739 4058 63 19 result
815 4058 21 19 of
846 4057 35 19 the
891 4064 37 12 ana-

509 4090 50 25 lysis
568 4089 22 19 of
597 4089 57 17 these
673 4084 80 21 records
762 4084 18 19 is
790 4084 35 19 the
837 4083 104 25 discovery

510 4117 44 18 that
564 4115 35 19 the
609 4113 77 20 motion
694 4112 37 18 has
741 4110 51 19 been
811 4109 130 20 transmitted

509 4148 55 12 more
574 4139 80 26 rapidly
665 4138 48 19 than
724 4137 16 18 it
756 4136 60 19 could
833 4136 25 18 be
877 4138 55 15 trans-

510 4167 70 19 mitted
590 4164 90 26 through
690 4164 55 25 glass
755 4169 23 12 or
787 4162 60 23 steel;
861 4160 40 20 and
908 4160 34 20 the

509 4193 121 21 conclusion,
642 4190 106 23 therefore,
759 4188 17 20 is
786 4188 44 19 that
839 4188 49 19 such
899 4193 29 13 mo-

949 190 121 18 tion.cannot
1078 191 52 20 have
1140 193 99 19 travelled
1247 200 12 12 a
1265 194 116 24 superficial

948 221 75 16 course,
1037 215 35 21 but
1082 219 53 17 must
1150 217 53 21 have
1217 225 55 13 coma
1291 219 90 24 through

948 240 35 19 the
992 241 84 20 interior
1085 244 21 18 of
1113 243 35 19 the
1262 245 28 19 To
1298 245 83 19 confirm

948 266 57 19 these
1014 267 139 21 observations
1162 269 34 19 Mr
1206 270 65 21 Milne
1284 276 97 19 proposes

944 292 49 19 ithat
1004 293 70 20 fifteen
1081 301 23 12 or
1110 297 77 22 twenty
1202 296 86 19 stations
1305 296 75 19 should

948 317 25 20 be
983 319 124 20 established
1112 321 66 19 round
1187 322 35 19 the
1230 322 67 25 globe,
1307 329 21 12 so
1336 323 45 18 that

948 343 27 25 by
990 346 106 25 recording
1112 347 126 26 earthquake
1256 351 125 16 movements

947 370 35 19 the
993 371 93 20 effective
1096 372 85 26 rigidity
1192 374 23 18 of
1222 374 35 18 the
1267 374 59 19 earth
1335 380 46 18 may

948 395 25 20 be
982 398 131 19 ascertained-
1141 398 21 19 It
1171 398 17 19 is
1204 400 88 24 scarcely
1311 406 59 12 neces-

947 428 46 17 sary
1003 426 21 16 to
1035 429 35 18 say
1081 424 43 19 that
1134 424 41 19 this
1182 424 123 25 knowledgo
1314 425 66 20 would

947 447 25 19 be
982 449 22 19 of
1011 455 106 14 enormous
1124 450 60 19 value
1189 454 24 15 ito
1221 451 108 25 physicists
1340 451 40 19 and

947 476 142 18 astronomers.

969 508 18 17 A
995 508 63 18 choice
1067 509 88 18 selection
1168 510 19 17 of
1201 510 26 18 oil
1239 511 99 22 .paintings
1355 511 25 22 by

947 530 31 18 Mr
987 531 20 18 C.
1016 532 101 17 Bloinfield
1124 538 45 17 may
1176 539 44 11 now
1227 534 24 17 be
1260 539 44 12 seen
1312 536 19 15 at
1349 534 32 17 the

947 554 117 18 Chronicle
1073 555 63 18 Office.
1161 556 52 21 They
1222 556 92 23 comprise
1324 557 57 18 views

946 576 20 18 in
974 577 39 18 this
1021 578 149 22 neighborhood,
1180 579 99 21 Vairakei,
1296 579 70 17 Whaka-

946 605 106 16 rewarewa,
1062 602 39 19 &c,
1115 602 38 17 and
1169 602 49 18 from
1230 603 50 16 their
1293 603 78 18 faithful-

945 628 43 12 ness
1008 623 38 18 and
1063 624 94 18 attention
1173 626 20 16 to
1215 625 58 19 detail
1293 631 31 12 are
1338 626 43 17 well

946 646 62 18 worth
1019 647 33 17 the
1061 647 94 17 attention
1164 649 19 15 of
1191 648 61 18 lovers
1266 649 20 17 of
1295 650 36 16 art.
1357 648 24 18 In

946 669 86 18 addition
1040 671 20 16 to
1068 670 53 17 these
1130 670 52 18 there
1195 676 32 12 are
1243 677 12 11 &
1268 671 81 18 number
1361 672 20 17 of

946 694 59 16 water
1011 692 50 18 color
1070 693 84 18 sketches
1163 694 80 18 suitable
1252 695 30 16 for
1290 694 91 22 birthday

945 721 22 11 or
974 715 69 18 Easter
1048 716 76 17 Cards.*

48 21 22 164 J

1214 130 59 20 THE
1299 130 61 20 HOT
1385 130 65 37 lAKE
1466 130 17 37 3
1499 130 179 37 CiatQNICLE,
1923 137 169 25 SEPTEMBER
2121 145 30 22 is,
2168 146 58 20 1896.

947 778 43 44 IF
1004 778 59 20 YOU
1084 779 57 19 ARE
1163 779 65 20 SICK
1244 780 21 19 in
1278 786 41 19 any
1335 787 44 18 way

999 805 103 19 whatever
1116 805 50 20 send
1182 812 12 12 a
1210 806 93 26 stamped
1320 813 48 12 enve-

945 830 46 26 lope
1001 833 21 16 to
1032 837 36 13 our
1079 832 88 24 Agency,
1179 832 137 24 Wellington;
1328 835 51 16 state

945 856 35 19 fche
990 863 45 12 ease
1044 863 22 12 as
1082 858 99 23 minutely
1189 864 22 12 as
1230 858 89 24 possible
1336 858 43 19 and

945 888 40 18 you
1001 882 77 19 receive
1096 883 70 19 advice
1185 883 26 24 by
1237 886 70 16 return
1326 888 52 20 post.

946 908 41 18 Gur
997 913 72 20 agents
1084 915 33 12 are
1128 908 28 19 all
1166 908 103 25 qualified.
1303 910 21 18 If
1339 916 40 18 you

945 934 78 19 enclose
1034 936 21 16 2s
1072 934 26 19 Cd
1115 941 28 12 we
1161 935 40 18 will
1219 935 50 18 send
1283 941 41 18 you
1343 941 36 13 our

943 959 47 19 ■best
999 960 83 25 remedy
1089 960 34 19 fer
1132 960 34 19 the
1182 967 45 12 case
1244 960 80 26 lastiug
1338 967 41 18 }'ou

945 989 39 15 two
1007 986 73 19 weeks.
1117 986 46 19 You
1182 993 47 13 save
1248 993 73 18 money
1340 987 39 18 and

945 1011 85 19 doctors'
1042 1012 51 19 bills.
1122 1012 47 19 You
1178 1014 77 18 receive
1274 1012 69 20 advice
1354 1019 25 12 on

945 1037 28 19 all
983 1038 72 24 points,
1068 1038 39 18 and
1118 1038 33 19 the
1162 1043 69 20 purest
1242 1039 21 18 of
1279 1039 100 18 remedies

945 1069 50 17 seuc,
1005 1066 21 16 at
1034 1070 24 12 no
1066 1066 57 17 ectra
1130 1066 42 17 cost
1182 1065 49 18 than
1239 1065 16 18 if
1264 1064 115 25 personally

946 1089 84 24 bought,
1039 1089 26 24 by
1075 1090 61 24 doing
1143 1096 51 19 your
1199 1091 92 18 business
1300 1090 47 19 with
1356 1096 23 13 us

946 1115 26 24 by
982 1118 52 22 pest.
1063 1115 84 19 Consult
1162 1119 18 16 at
1190 1122 54 13 once.
1278 1116 101 19 Ailments

946 1141 64 18 which
1021 1147 39 17 are,
1073 1145 20 15 at
1101 1143 34 17 the
1145 1143 48 18 time
1210 1141 89 27 thought
1316 1145 20 16 to
1355 1142 24 19 be

946 1167 59 25 light,
1016 1174 34 12 ire
1060 1168 55 18 often
1126 1168 34 18 the
1171 1168 112 25 beginning
1292 1168 23 18 of
1330 1168 49 19 seri-.

945 1199 36 13 ous
987 1199 36 13 .cor.
1029 1199 114 19 sequences,
1156 1194 64 19 which
1238 1194 18 19 if
1276 1194 61 19 taken
1357 1194 22 19 in

945 1219 47 20 time
1002 1225 34 13 aro
1046 1219 87 20 checked
1143 1220 40 19 and
1193 1219 67 20 cured.

945 1261 167 19 GUEATFORD
1128 1261 159 21 BOTANICAL
1305 1262 70 24 COY.,

1049 1296 148 22 Wellington,
1209 1296 41 19 and
1259 1298 21 17 at

967 1321 81 22 Sydney,
1059 1322 116 19 Melbourne,
1186 1322 50 23 Capo
1243 1322 64 18 Town,
1318 1322 38 18 and

1067 1345 84 21 Lincoln,
1164 1345 96 22 England.

1035 1393 82 27 THE
1136 1393 145 28 MAILS.

975 1465 147 19 ROTORUA
1134 1465 75 19 POST
1229 1466 117 19 OFFICE.

1013 1514 68 19 Mails
1089 1514 63 19 close
1163 1520 25 13 as
1197 1515 75 19 under
1281 1521 28 13 :

1115 1545 98 16 Monday.

943 1575 46 18 For
997 1575 123 23 Tauranga
1128 1576 25 18 at
1162 1576 54 18 6.30
1225 1581 52 14 a.m.

965 1613 12 8 ~
1003 1598 125 19 Auckland
1150 1599 47 18 and
1214 1599 164 19 intermediate

1001 1621 83 23 offices,
1096 1622 54 19 7.30
1161 1627 51 13 a.m.

1110 1654 102 18 Tuesday.

943 1684 46 19 For
1004 1684 125 20 Auckland
1147 1685 47 18 and
1214 1685 164 20 intermediate

1005 1712 83 18 omces,
1098 1708 54 19 7.30
1161 1714 51 13 a.m.

965 1745 12 8 „
1003 1731 170 19 Rotomaßoad
1178 1732 79 23 Camp,
1265 1732 54 18 9.30
1325 1737 52 14 a.m.

966 1769 11 8 „
1004 1755 96 18 U-alatea
1109 1757 47 16 and
1171 1755 135 24 Waiocapn,
1324 1756 55 20 7.30

1005 1783 54 19 p.m.

964 1816 13 7 „
1004 1802 84 22 Taupo,
1107 1801 123 24 Atiamuri,
1250 1801 127 24 Wairakei,

1004 1824 47 19 and
1060 1825 91 23 Napier,
1163 1826 53 17 7.30
1227 1830 56 19 p.m.

942 1888 46 19 For
997 1888 126 18 Auckland
1143 1889 47 19 and
1215 1889 163 19 intermediate

1005 1912 84 22 offices,
1100 1912 54 19 7.30
1163 1917 52 14 a.m.

1098 1940 119 20 Thubsday.

942 1972 46 20 For
1004 1972 125 20 Auckland
1145 1973 47 19 and
1215 1973 163 19 intei'mediate

1005 1995 84 22 offices,
1100 1996 55 18 7.30
1163 2001 52 14 a.m.

963 2033 13 8 ~
1002 2019 97 22 Matata,
1116 2019 154 23 Pongakawa,
1290 2019 87 23 Ohiwa,

1004 2042 157 22 Wnakatane,
1170 2043 101 22 Opotiki,
1279 2042 99 20 Maicetu

1004 2065 46 18 and
1060 2066 29 18 Te
1099 2065 71 23 Pukb,
1181 2066 55 19 7.30
1244 2071 54 18 p.m.

1117 2097 87 18 FRIDAY.

943 2128 46 19 For
997 2128 127 23 Tauranga,
1135 2129 55 18 6.30
1198 2134 52 14 a.m.

965 2166 12 9 ~
1002 2151 126 20 Auckland
1149 2152 47 19 and
1216 2152 163 19 intermediate

1004 2175 84 22 offices,
1099 2176 54 18 7.30
1161 2180 52 14 a.m.

963 2213 15 8 „
1004 2198 85 24 Taupo,
1109 2199 123 21 Atiamuri,
1251 2199 47 19 and
1315 2199 48 19 Wai-

1005 2222 71 22 rakei,
1087 2222 54 19 7.30
1149 2227 55 19 p.m.

1102 2253 117 19 Saturday.

943 2286 47 17 For
1002 2285 97 22 Matata,
1116 2285 154 24 Pongakawa,
1291 2286 87 22 Ohiwa,

1006 2309 156 21 Whakatans,
1171 2309 100 24 Upotiki,
1280 2309 99 19 Maketu

1006 2332 47 18 and
1062 2332 30 18 Te
1101 2333 70 21 Puke,
1183 2333 54 17 7.30
1246 2337 54 19 p.m.

945 2393 52 17 THE
1009 2392 116 18 ENGLISH
1137 2393 67 16 MAIL
1220 2397 36 13 VIA
1274 2393 103 17 'EKISCO.

969 2447 80 18 Closes
1063 2447 109 21 Rotorua,
1186 2446 39 19 Fn
1236 2451 41 19 :a.y,
1294 2446 50 19 Oct.
1358 2447 20 21 2,

945 2471 26 18 at
979 2470 54 19 7.30
1042 2475 58 18 a.m.,
1112 2470 45 18 duj
1172 2477 25 10 li
1206 2475 98 13 Ljuuon
1319 2470 59 18 Nov.

946 2494 48 19 4th.

978 2557 61 17 POST
1052 2557 93 17 OFFICE
1160 2556 188 18 REGULATIONS.

971 2606 47 18 The
1027 2605 70 18 Office
1106 2605 20 18 is
1136 2611 28 17 op
1169 2611 26 12 an
1205 2606 35 18 for
1249 2606 40 18 the
1300 2606 48 17 sale
1358 2604 26 19 of

946 2629 98 23 stamps,
1054 2628 103 24 delivery
1171 2630 46 17 and
1230 2628 151 24 registration

948 2653 26 18 of
979 2653 88 21 letters,
1077 2652 88 23 receipt
1180 2652 26 18 of
1218 2653 95 22 parcels,
1333 2652 47 21 &c,

948 2677 60 17 from
1017 2676 15 17 9
1040 2680 51 14 a.m.
1102 2676 25 17 to
1136 2676 16 18 5
1162 2680 53 18 p.m.

972 2699 46 18 For
1034 2704 85 18 money
1136 2699 68 18 order
1220 2699 46 18 and
1286 2698 96 23 savings

947 2722 64 18 bank
1024 2722 112 22 business,
1154 2722 14 18 9
1183 2727 52 14 a.m.
1253 2724 25 16 to
1296 2722 14 18 4
1327 2727 54 18 p.m.

948 2745 136 22 Saturdays,
1094 2746 16 18 9
1118 2750 51 14 a.m.
1180 2747 26 16 to
1215 2746 14 18 5
1239 2750 54 18 p.m.

972 2769 46 18 For
1026 2769 121 23 telegraph
1163 2769 114 21 business,
1293 2769 60 18 from
1368 2768 15 18 9

948 2797 52 14 a.m.
1010 2792 25 18 to
1044 2792 15 18 5
1070 2797 52 17 p.m.

973 2815 98 22 Letters,
1082 2815 75 19 books
1174 2815 46 19 and
1232 2820 151 18 newspapers

949 2839 75 18 canbe
1030 2838 127 23 registered
1163 2839 26 17 to
1196 2844 47 17 any
1252 2841 53 20 part
1311 2840 26 16 of
1343 2839 41 17 the

948 2862 74 19 world
1030 2867 31 13 on
1070 2863 112 22 payment
1192 2867 22 13 oi
1231 2867 15 13 a
1259 2861 36 19 fee
1312 2861 27 19 of
1353 2860 31 20 3d

949 2886 23 17 in
979 2885 105 18 addition
1091 2886 24 17 to
1119 2886 40 17 the
1166 2885 217 23 ordinarypostage.

973 2909 46 18 The
1029 2908 70 18 Ofhce
1109 2908 46 18 will
1162 2914 95 17 re-open
1265 2914 31 12 on
1305 2908 66 18 Satur-

950 2932 58 23 days
1018 2932 53 23 only
1081 2931 36 19 for
1129 2932 29 18 15
1173 2932 102 18 minutes
1293 2931 35 18 for
1344 2931 40 18 the

950 2955 102 23 delivery
1066 2955 26 18 of
1106 2955 81 18 letters
1201 2955 60 18 after
1275 2955 41 18 the
1331 2953 53 19 mail

950 2978 103 23 arriving
1062 2980 25 16 at
1095 2977 55 20 7.40
1157 2983 53 18 p.m.
1221 2979 20 17 is
1251 2978 86 18 sorted.

1098 3002 25 18 R.
1138 3001 26 19 D.
1183 3001 130 22 DANSEY,

1209 3025 151 18 Postmaster.

1000 3077 335 59 MEBSjMORIHfi.

954 3153 69 43 JOB
1045 3152 32 19 CO
1084 3153 71 18 KUAN
1173 3147 76 31 hiivinq
1271 3153 84 18 secured
1375 3159 10 12 a

1013 3179 55 23 large
1079 3179 78 24 portion
1169 3179 21 18 of
1200 3179 33 18 the
1243 3179 57 18 stock
1314 3179 22 18 of
1354 3179 33 18 th«

954 3205 40 19 iate
1006 3204 27 19 11.
1046 3205 32 18 Vv.
1088 3204 121 25 Neighbour
1220 3205 24 18 lie
1254 3205 16 18 is
1289 3204 96 26 prepnred

954 3234 20 15 to
985 3231 45 24 give
1041 3230 31 19 his
1083 3234 109 18 custodiers
1202 3231 35 18 the
1252 3231 39 19 full
1312 3231 75 18 benefit

954 3257 21 18 of
985 3258 34 17 the
1028 3257 37 18 low
1075 3257 53 24 price
1140 3260 20 15 at
1169 3257 63 18 which
1241 3257 24 18 he
1274 3256 113 26 purchased

954 3283 34 18 the
999 3289 60 12 same.

1027 3308 69 19 CALL
1110 3308 59 18 AND
1188 3307 125 21 INSPECT.

981 3334 117 19 First-class
1112 3334 150 25 workmanship
1283 3334 40 19 and
1342 3340 34 19 per-

955 3361 40 18 fect
1005 3360 22 18 fit
1038 3367 27 17 gu
1073 3360 2 24 i
1078 3366 37 13 ran
1116 3360 52 19 teed.

1145 3386 54 18 Ai,«o

956 3411 130 22 Selling-off
1096 3411 52 19 Sale
1157 3411 26 18 of
1188 3411 106 24 Drapery
1303 3411 84 19 Goods.

986 3434 65 18 Prior
1060 3435 24 17 to
1092 3433 98 25 visiting-
1200 3434 128 19 Auckland
1336 3435 24 18 to

1038 3462 97 18 procure
1145 3458 63 18 fresh
1223 3458 82 18 Stock.

981 3488 144 23 Everything
1133 3489 99 18 lowered
1241 3490 26 17 to

1032 3512 154 19 BED-ROCK
1204 3512 114 20 PRICES.

1025 3563 77 26 JOB
1141 3563 180 30 CORBAN,

1075 3595 205 18 OHIXEJIUTU.

962 3789 81 31 npilE
1067 3788 206 20 UNDERSIGNED
1302 3788 51 24 begs
1371 3790 19 16 to

973 3812 14 22 J
1029 3815 50 18 offer
1088 3815 102 18 Nursery
1200 3815 64 19 Stock
1274 3814 22 19 of
1305 3813 26 19 al]
1347 3813 44 19 des~

962 3841 101 25 criptiors,
1082 3841 58 18 seeds
1159 3840 41 19 find
1218 3839 173 25 appliances—in~

962 3867 82 24 eluding
1055 3866 49 19 New
1113 3866 89 19 Zealand
1218 3866 67 23 Trees,
1305 3865 84 23 Nhrubs,

962 3893 77 20 Plants,
1058 3892 129 22 Tree-Ferns,
1202 3892 72 22 Ferns,
1294 3891 39 22 &c,
1350 3892 40 21 <sc,

963 3917 76 26 packed,
1049 3918 19 17 in
1079 3918 57 18 wood
1148 3918 40 18 tind
1201 3923 74 13 canvas
1290 3922 55 13 cases
1361 3916 31 19 for

962 3945 35 18 the
1006 3943 98 23 Colonies,
1115 3943 41 18 and
1166 3943 21 18 in

962 3970 32 19 for
1016 3968 76 19 distant
1114 3968 106 19 countries.
1260 3967 70 19 Medal
1353 3967 39 19 and

965 3994 93 26 Diploma
1066 3994 91 19 received
1166 3995 33 17 for
1209 3994 73 25 plantP,
1295 3994 39 21 &c,
1345 3994 48 17 thus

962 4024 46 17 sent
1017 4023 20 16 to
1049 4020 33 18 the
1204 4019 126 22 Exhibition,
1340 4018 54 18 Lon~

962 4047 46 22 don,
1259 4045 22 18 in
1287 4043 106 20 Auckland

964 4075 23 17 35
997 4073 65 24 years'.

1041 4106 38 32 C,
1096 4104 219 36 T.WB3EN,

965 4157 40 18 Mt.
1014 4154 104 19 HOBSON'
1124 4153 128 20 nursery,
1260 4152 134 20 REMUERA,

1087 4186 121 21 Auckland,
1219 4184 52 19 N.Z.

1402 611 206 42 SOMETHIM
1637 613 48 41 TO
1719 614 117 40 READ!

1405 775 241 57 Supplied
1669 778 130 55 Regu-

1476 921 129 57 larly
1627 922 133 45 from

1474 1245 283 36 GFFICa

1451 1345 195 34 Canterbury
1675 1346 110 30 Times,

1446 1393 222 26 Christenurch
1697 1394 93 30 Press,

1457 1444 74 26 New
1545 1444 136 27 Zealand
1706 1444 72 31 Mail,

1491 1500 113 32 Family
1620 1500 126 30 Reader,

1418 1547 107 32 Young
1546 1547 118 26 Ladies'
1684 1546 134 31 Journal,

1470 1594 90 26 Black
1586 1594 60 25 and
1663 1593 105 30 White,

1403 1643 172 27 illustrated
1598 1643 123 25 London
1740 1642 94 31 News,

1400 1693 63 26 The
1481 1693 119 30 Album,
1634 1692 64 25 The
1712 1692 122 30 Sketch,

1477 1743 125 31 .Sydney
1620 1741 137 30 Bulletin,

1535 1809 12 11 „
1649 1788 77 30 Mail,

1453 1836 93 25 Town
1559 1835 61 26 and
1637 1835 141 32 Country,

1508 1881 220 29 Australasian,

1557 1929 132 28 Referee,

1402 1979 230 32 Cosmopolitan
1669 1977 165 32 Magazine,

1501 2028 114 26 Strand
1722 2047 12 10 „

1477 2075 143 25 Windsor
1722 2094 12 9 „

1459 2114 4 38 '
1479 2121 142 31 Ludgate

1453 2168 120 25 Review
1594 2168 33 24 of
1645 2166 140 30 Reviews,

1466 2218 128 26 Woman
1615 2220 32 23 at
1662 2218 106 29 Home,

1401 2268 150 26 Weldon's
1564 2267 128 26 Fashion
1709 2267 123 24 Journal

1436 2317 128 26 Schild's
1580 2317 127 25 Fashion
1756 2336 12 9 „

1448 2367 181 31 Something
1649 2368 33 23 to
1699 2366 91 25 Read.

1403 2418 182 31 Snapshots,
1609 2416 146 29 Answers,
1776 2415 44 25 Tit-

1482 2467 66 29 bits,
1564 2467 122 30 Scraps,
1709 2465 50 26 &c.

1404 2517 63 25 And
1483 2517 36 25 all
1537 2516 97 26 Home
1653 2515 59 25 and
1728 2515 90 25 Colon-

1421 2566 34 26 ial
1472 2566 114 32 Papers
1600 2565 23 25 &
1637 2564 181 32 Magazines.

1408 2817 246 43 MASTERPIECE
1672 2816 164 41 LIBRARY,

1408 2921 141 32 Popular
1562 2918 129 31 Novels,

1441 3006 65 26 The
1520 3006 115 32 Penny
1649 3005 105 31 Poets,

1474 3096 110 26 Books
1596 3095 50 25 for
1651 3095 54 25 the
1715 3094 126 27 Bairns,

1409 3267 197 45 Jewries
1648 3265 194 46 Famous

1551 3352 162 46 Books.

1448 3545 167 41 BROADER
1651 3544 155 45 BRITAIN.

1414 3646 29 26 A
1472 3645 177 27 Collection
1671 3645 36 24 of
1729 3645 97 25 Photo-

1478 3714 135 32 graphic
1628 3713 108 26 Views
1749 3712 34 25 of

1531 3782 55 26 the
1608 3780 120 26 World.

1887 3234 98 23 Speaking
1998 3239 24 12 on
2036 3233 33 17 the
2082 3232 105 22 Ekarmacy
2201 3231 37 17 Bill
2251 3231 46 19 Raid,

1886 3264 24 11 no
1925 3257 104 22 profession
2043 3256 34 16 has
2089 3255 55 18 made
2159 3255 37 17 loss
2212 3258 87 19 progress

1865 3280 70 22 during
1944 3280 33 17 the
1992 3279 37 17 lust
2046 3280 37 15 100.
2093 3284 54 17 years
2162 3278 47 17 than
2224 3277 42 18 that
2280 3277 19 16 of

1865 3304 48 17 modi
1986 3309 21 10 or
2015 3302 61 17 words
2085 3304 19 14 to
2112 3302 44 17 that
2168 3301 59 17 effect.
2260 3300 39 17 The

1865 3326 80 18 M.H.R.
1962 3325 56 23 spoke
2032 3325 80 17 without
2126 3324 95 23 thinking,
2239 3329 21 11 or
2276 3323 23 16 bo

1866 3349 62 17 would
1943 3350 34 16 not
1993 3349 48 16 have
2058 3347 53 18 made
2127 3348 45 17 such
2190 3352 23 13 an
2230 3345 69 18 absurd

2008 3418 151 16 NEUROL

1867 3439 59 17 winch
1936 3439 22 20 is,
1962 3439 20 16 in
1984 3438 116 22 comparison
2107 3438 45 17 with
2158 3437 90 18 remedies
2254 3436 46 17 used

1866 3468 46 11 even
1921 3463 22 16 2j
1952 3467 53 17 years
2014 3467 43 14 afro,
2067 3467 19 11 as
2092 3460 51 24 light
2152 3463 19 15 to
2180 3460 95 17 darkness.

2006 3490 153 17 NEUROL

1866 3512 15 16 is
1890 3517 11 11 a
1914 3510 129 23 scientifically
2060 3510 90 23 prepared
2166 3509 96 20 medicine,
2280 3509 20 16 in

1866 3535 32 16 tbe
1907 3535 49 16 form
1966 3534 19 17 of
1992 3533 91 23 powders.
2110 3534 18 17 It
2135 3534 15 16 is
2159 3535 33 15 not
2205 3532 84 22 disagree-

1867 3558 41 17 able
1916 3554 3 25 ;
1933 3558 16 15 it
1957 3557 15 16 is
1980 3558 35 15 not
2023 3557 99 22 expensive
2129 3554 4 25 ;
2147 3556 16 18 it
2171 3556 34 17 lies
2212 3556 20 16 in
2246 3554 54 18 small

1867 3585 84 18 compass
1959 3578 4 25 ;
1977 3580 15 16 it
2001 3579 84 18 contains
2093 3585 25 11 no
2126 3579 71 22 opium,
2215 3578 85 22 morphia

1867 3609 21 11 or
1902 3602 116 23 aritipyrine;
2038 3602 15 17 it
2070 3602 39 17 will
2124 3604 35 15 not
2175 3607 43 12 cure
2235 3606 55 16 every-

1867 3625 56 26 thing
1931 3625 35 18 but
1980 3625 16 16 it
2010 3625 15 17 is
2038 3625 83 17 effective
2134 3625 20 17 in
2168 3625 26 16 all
2208 3630 50 12 cases
2271 3624 30 17 for

1867 3649 61 17 which
1937 3648 15 17 it
1961 3648 15 17 is
1988 3648 147 17 recommended.

2008 3677 153 16 NEUROL

1869 3697 36 17 will
1914 3697 68 17 relieve
1991 3703 55 16 every
2055 3697 47 18 form
2119 3698 21 16 of
2156 3697 96 17 headache
2267 3698 33 15 not

1868 3720 67 17 caused
1944 3721 26 21 by
1977 3720 54 17 brain
2041 3720 75 17 disease.

2008 3749 153 17 NEUROL

1869 3781 52 12 cures
1940 3775 98 22 neuralgia
2059 3775 19 17 of
2094 3775 32 17 the
2143 3776 40 17 face
2200 3775 38 17 and
2253 3774 48 18 head

1869 3804 50 11 more
1928 3798 96 22 promptly
2033 3798 45 16 than
2088 3798 82 21 quinine.

1891 3820 35 18 LA
1931 3820 101 18 GRIPPE,
2041 3826 22 11 or
2067 3820 151 18 INFLUENZA
2224 3820 47 18 loses
2277 3820 24 17 its

1869 3845 69 15 terrors
1947 3844 16 16 if
1970 3843 106 17 NEUIIOL
2083 3843 16 17 is
2107 3843 58 17 taken
2173 3845 21 15 ut
2203 3843 33 17 the
2250 3849 38 11 com-

1869 3867 116 17 mencement
1994 3866 20 17 of
2022 3866 33 17 the
2062 3866 69 17 attack.

1893 3888 87 19 COLDS,
2020 3888 139 21 CATARRHS,
2194 3888 106 21 PEVERS,

1869 3911 176 18 RHEUMATISM
2068 3917 31 11 are
2125 3911 26 17 all
2172 3912 81 17 relieved
2276 3912 25 21 by

1870 3933 112 19 NEUROL.

1893 3957 38 17 Por
1951 3962 72 11 women
2042 3956 107 18 NEUROL
2165 3957 15 17 is
2199 3958 103 21 peculiarly

1871 3979 85 20 suitable,
1966 3979 16 17 it
1990 3984 51 12 cures
2050 3979 26 17 all
2090 3980 75 21 painful
2178 3986 74 17 cramps
2265 3980 37 17 and

1871 4003 54 17 other
1932 4002 60 22 pains.

1893 4025 64 22 Every
1977 4025 64 20 miner,
2062 4025 92 17 bushman
2180 4026 37 17 and
2239 4026 65 17 settlor

1872 4048 66 17 should
1947 4053 71 16 possess
2025 4053 13 11 a
2046 4048 38 16 box
2093 4048 19 16 of
2120 4048 113 18 NEUROL.
2260 4049 19 17 It
2288 4048 15 18 is

1872 4077 11 11 a
1891 4071 91 16 medicine
1991 4070 52 17 chest
2051 4071 19 16 in
2079 4071 54 17 small
2142 4077 90 16 compass.

1896 4093 45 18 Sold
1949 4093 26 21 by
1983 4093 26 17 all
2017 4093 126 22 storekeepers
2155 4094 38 17 and
2210 4094 92 20 chemists,

1873 4118 19 15 2s
1901 4121 34 16 per
1942 4116 43 19 box,
1996 4121 21 11 or
2025 4117 43 20 post
2081 4117 38 16 free
2137 4116 48 17 from
2198 4117 106 17 NEUROL

1874 4139 40 17 Co..
1924 4138 105 20 Auckland,
2039 4139 20 16 2s
2069 4139 28 16 Id.

1897 4161 104 18 Wholesale
2010 4161 48 17 from
2067 4161 129 23 Kempthorne
2205 4162 38 17 and
2248 4163 45 17 Pros-

1874 4190 34 14 ser,
1919 4190 21 11 or
1948 4184 94 17 Sharlund
2051 4184 37 17 and
2095 4185 33 17 Co.

954 4279 99 40 Ask
1078 4279 43 37 fa
1141 4289 23 26 r
1199 4272 261 43 Hancock's
1504 4270 276 40 Celebrated
1816 4270 187 39 ZXXX
2028 4271 110 40 Ales
2165 4275 93 36 and
2284 4274 147 41 Stout.

1965 204 154 54 THE
2168 207 158 53 HOT
2378 211 255 55 LAKES
2685 216 382 58 DISTRICT

2093 287 91 20 Tourists
2193 289 41 19 and
2246 289 92 20 Invalids
2347 291 84 26 visiting
2441 291 34 19 the
2485 292 140 21 Wonderland
2634 296 21 18 of
2664 296 50 19 New
2724 296 90 19 Zealand
2824 298 41 19 will
2871 298 43 20 find
2920 300 36 18 the

2084 329 208 76 IRA
2319 326 162 81 ND
2573 335 417 79 HOTEL

2847 401 4 21 ■
2939 401 8 10 *
2973 401 8 11 m
2982 403 21 19 .'%

2332 421 399 68 ROTORUA,

1860 481 80 20 HHHE
1953 483 52 18 most
2015 481 87 25 elegant,
2112 483 133 20 comfortable
2253 484 40 19 and
2304 484 44 19 best
2358 486 109 24 appointed
2477 487 155 19 establishment
2641 489 21 18 in
2681 489 51 19 New
2747 490 97 25 Zealand,
2863 492 16 18 it
2897 492 63 20 bein<>
2973 501 37 17 rep
3010 496 37 19 lete
3061 498 118 20 throuehon

1865 509 25 15 -*-
2327 510 50 19 with
2386 511 34 18 the
2431 515 52 16 most
2497 512 83 20 modern
2594 515 146 19 conveniences.
2946 510 12 8 °
3124 516 11 9 °

1884 532 59 20 THE
1956 532 92 20 HOTEL
2062 532 22 20 is
2098 533 25 19 in
2140 534 36 19 the
2194 534 116 20 immediate
2324 536 169 24 neighbourhood
2511 539 22 18 of
2551 539 35 18 the
2603 539 73 23 Priest,
2696 540 81 24 Rachel,
2797 541 123 22 Postmaster
2942 546 40 19 and
2996 546 56 20 other
3067 549 60 17 batl,«
3150 552 34 14 «,-

1858 562 90 16 curative
1957 561 112 23 properties
2079 558 21 19 of
2109 559 66 19 which
2191 566 34 13 are
2241 561 146 19 world-famed.
2417 562 53 19 Bath
2481 564 66 19 chairs
2559 565 40 18 and
2609 565 116 19 attendants
2735 573 34 12 are
2778 568 97 24 provided
2885 574 21 14 to
2917 577 74 15 convey
3006 572 84 20 invalids
3104 577 23 15 t«
3144 558 38 34 „,?*

1858 584 53 19 from
1920 584 35 19 the
1964 590 82 15 various
2056 583 142 21 bath-houses.
2225 586 44 19 The
2278 586 107 19 bedrooms
2396 588 40 19 and
2453 590 88 24 retiring
2563 597 67 12 rooms
2648 597 35 13 are
2700 592 59 19 fitted
2776 593 48 19 with
2853 596 73 22 special
2939 598 71 20 regard
3023 602 20 15 to
3056 600 34 18 the
3104 583 80 35 tL«Z»

1858 613 66 15 ments
1933 610 23 18 of
1963 612 71 23 guests
2043 616 21 12 in
2074 611 69 19 search
2152 611 23 19 of
2183 612 92 19 renewed
2285 612 99 25 strength.
2961 610 11 12 b
3106 610 78 13 requrre

1884 635 43 19 The
1940 635 63 20 Baths
2013 637 21 17 at
2042 635 37 19 the
2086 635 129 21 Sanatorium
2227 637 51 19 have
2289 638 98 19 attracted
2398 645 59 18 many
2467 640 82 20 visitors
2568 642 22 18 of
2608 642 41 19 late
2669 649 69 18 years;
2765 648 94 21 amongst
2873 646 57 20 those
2942 648 44 19 who
2993 649 50 19 have
3054 651 60 18 found
3127 659 21 10 m
3148 653 36 16 im

1858 661 33 19 bei
1900 661 35 19 the
1944 661 146 23 convalescent,
2098 668 94 17 nervous,
2203 662 118 23 rheumatic,
2333 664 40 18 and
2383 664 100 25 sleepless.
3104 661 12 11 u
3127 661 57 12 reuet

1884 686 93 20 Rotorua
1985 687 18 18 is
2011 687 35 19 the
2064 689 67 17 centre
2149 688 53 18 from
2221 689 64 18 which
2305 689 28 19 all
2353 689 67 24 points
2430 691 22 18 of
2460 691 85 20 interest
2554 693 21 19 in
2592 693 35 19 the
2636 693 94 19 Thermal
2740 694 86 26 Springs
2841 696 83 21 District
2940 706 46 16 may
3000 701 24 18 be
3039 703 84 19 reached
3146 706 37 16 and

1858 713 74 25 special
1942 713 95 18 facilities
2046 719 35 13 are
2090 713 96 25 provided
2196 714 33 18 for
2236 714 57 19 those
2300 721 21 12 in
2332 715 69 19 search
2410 717 22 17 of
2439 717 34 18 the
2483 717 102 19 beautiful
2596 719 41 19 and
2652 720 125 19 marvelious.
3124 713 4 26 '
3172 713 13 11 a

1951 744 181 18 MAGNIFICENT
2144 745 177 18 APARTMENTS.
2450 748 85 18 LOFTY
2547 750 146 18 BEDROOMS.
2807 753 115 19 PERFECT
2939 756 149 19 SANITATION-

2002 767 27 19 In
2038 767 57 19 short
2104 774 14 12 a
2126 774 125 12 first-glass
2265 768 171 20 Establishment
2445 771 88 26 offering
2542 772 59 25 equal
2610 774 94 18 comforts
2714 776 19 17 to
2744 775 34 19 the
2787 776 45 19 best
2847 778 63 19 hotels
2919 779 21 18 in
2949 778 84 24 Europe,
3071 771 8 5 *

2523 804 12 12 o

2098 819 87 23 Suites
2201 820 29 23 of
2241 819 169 30 Apartments
2419 822 67 23 with
2496 824 98 28 special
2607 825 154 24 attendance
2773 827 42 23 for
2830 828 127 24 Families-

1858 853 99 25 Spacious
1967 852 127 20 Promenade
2104 852 113 25 Balconies,
2227 853 58 26 Snug
2297 854 90 23 Alcoves,
2399 856 40 18 and
2454 856 127 25 luxuriously
2598 859 108 25 appointed
2716 860 103 26 Drawing,
2838 862 69 24 Music,
2925 863 139 22 Convocation
3087 867 92 19 Rending

2312 880 98 25 Smoking
2419 882 39 18 and
2469 882 86 20 Billiard
2565 884 81 19 Rooms.
2675 885 68 19 Baths.
3066 879 4 26 '
3119 879 4 26 '
3159 879 4 26 '
3167 879 14 15 y
3182 879 3 26 '

2096 915 37 21 fc?
2148 913 118 20 SPECIAL
2279 913 160 21 ATTENTION
2452 916 69 19 PAID
2531 917 36 20 TO
2582 918 117 20 CUISINE
2713 919 59 19 AND
2786 920 123 21 SERVICE.
2924 926 34 21 43

1885 945 34 19 All
1926 945 183 19 communications
2121 945 26 24 by
2157 945 60 19 letter
2227 952 23 12 or
2260 945 98 24 telegram
2368 946 41 19 will
2419 948 76 19 receive
2505 952 80 22 prompt
2595 950 105 19 nttention.

1917 997 76 42 W.
2021 997 58 42 A.
2105 997 312 52 BOULTON,

2332 1055 59 24 (Late
2400 1057 20 18 of
2427 1056 116 20 {jrosvenor
2552 1057 70 24 Hotel,
2633 1058 95 25 Sydney.)

2884 1006 243 52 Manager.

2131 1121 335 35 ROTORUK

1858 1166 153 45 COAL
2033 1165 123 45 AND
2181 1165 320 46 FIREWOOD
2537 1166 203 47 DEPOT.

1919 1256 125 26 ESSRS
2064 1256 32 27 F.
2116 1255 197 27 GOODSON
2333 1255 29 26 &
2384 1256 32 26 C.
2438 1256 229 27 GRIFFITHS
2685 1257 60 32 beg

1858 1282 59 39 l®\
1952 1290 33 25 to
1997 1288 105 33 notify
2114 1289 56 25 the
2183 1289 172 25 Residents
2368 1288 35 26 of
2415 1289 143 26 Rotorua
2577 1290 71 25 that
2667 1290 77 32 they

1859 1329 53 19 are
1921 1328 73 20 now
2006 1322 155 32 prepared
2169 1322 32 25 to
2212 1321 121 26 deliver
2342 1324 31 23 to
2383 1328 65 26 any
2456 1324 73 30 part
2542 1322 35 26 of
2585 1323 54 25 the
2648 1323 96 25 Town

1942 1364 103 31 THE
2067 1363 128 32 BEST
2220 1362 287 34 HOUSEHOLD
2529 1364 127 37 COAL,

2239 1404 129 23 HLSO

1891 1439 155 33 RATA
2071 1439 112 31 AND
2208 1438 166 32 TA¥A
2396 1438 315 37 FIREWOOD,

1859 1481 44 25 At
1916 1481 54 25 the
1988 1480 171 26 LOWEST
2175 1479 199 27 CURRENT
2385 1479 135 27 RATES
2535 1482 32 23 at
2579 1481 54 24 the
2643 1480 84 25 short-

2217 1514 48 24 est
2282 1512 114 26 notice.

1884 1569 84 23 Goods
1987 1568 132 24 delivered
2134 1569 67 23 with
2222 1571 163 27 promptness
2401 1570 27 21 to
2449 1569 37 23 all
2502 1571 72 27 parts
2588 1569 29 23 of
2629 1569 45 23 the
2690 1569 42 22 Dis-

1858 1596 61 22 trict
1928 1596 69 22 after
2006 1595 97 23 arrival
2113 1596 27 21 of
2146 1596 93 22 trains-

2055 1629 91 22 Orders
2166 1636 63 22 may
2243 1630 32 22 be
2292 1629 50 23 left
2356 1630 26 21 at
2395 1629 45 22 the
2457 1629 91 28 Yards,

1944 1665 388 34 PUKUKTUK
2369 1664 293 35 STREET.

1861 1741 91 55 m
1956 1752 15 37 •
2001 1741 94 55 iMi
2097 1741 388 55 sauna
2507 1741 77 55 ai
2594 1746 56 50 m
2661 1741 67 55 m

1880 1811 121 19 AGENTS
2015 1810 61 19 FOR
2084 1810 61 18 THE
2154 1810 53 20 N.Z.
2216 1810 139 18 EXPRESS
2369 1810 38 18 Co.

1859 1882 260 47 Auckland
2142 1882 99 46 and
2262 1881 234 45 Waikato
2524 1883 211 55 Agency.

2097 1947 88 18 NEAR
2203 1945 151 19 CATHOLIC
2369 1945 132 19 CHURCH.

2184 1978 235 32 BOTOEUA,

2188 2050 63 26 ON
2282 2050 142 26 SALE:

2145 2092 36 18 At
2192 2091 97 19 Lowest
2298 2090 60 19 Cash
2368 2090 82 20 Prices.

1974 2154 204 23 VEGETABLES,

2114 2185 176 22 GROCERIES,

2231 2216 160 22 CLOTHING,

2371 2247 150 21 DRAPERY,

2521 2279 105 19 FANCY
2639 2279 104 19 GOODS.

2024 2312 260 26 HOUSEHOLD
2321 2311 256 26 FURNITURE.

2248 2380 271 59 OTSIiK

2135 2460 203 25 COMMISSION
2352 2460 118 24 AGENT.

1903 2540 458 47 Mixiaammm
2385 2540 127 47 i:r«

1961 2603 164 35 QUEEN
2152 2601 204 35 STREET,
2373 2600 275 32 AUCKLAND,

2087 2642 108 18 UNDER
2208 2641 75 19 NEW
2295 2641 224 18 MANAGEMENT.

2077 2686 212 48 cJQSERH
2309 2672 223 63 'jAeKM,

1987 2752 61 20 Tate
2058 2752 21 20 of
2089 2753 33 19 the
2133 2752 56 20 Lnke
2200 2752 71 18 House
2286 2751 39 19 and
2340 2751 73 19 Palace
2424 2751 78 21 Hotels,
2514 2749 108 26 Rotorua,)

2107 2784 49 18 Has
2162 2784 51 23 just
2223 2783 72 18 taken
2306 2787 55 13 over
2369 2782 48 18 this
2426 2782 76 18 Hotel.

1861 2808 129 19 Travellers
1998 2807 47 19 will
2053 2807 49 19 find
2111 2812 69 18 every
2189 2806 98 19 Modern
2296 2805 159 19 Convenience
2465 2805 122 18 combined
2592 2805 58 18 with
2656 2803 91 24 Civility

2165 2830 46 18 and
2218 2829 96 23 Prompt
2321 2828 122 19 attention.

1888 2878 10 15 'I
1906 2877 25 18 ho
1944 2876 96 19 situation
2051 2876 21 17 of
2087 2876 34 17 tlio
2137 2874 124 19 Wavkuley
2280 2873 82 19 renders
2382 2873 15 18 it
2416 2872 96 25 specially
2531 2872 120 19 convenient
2667 2872 32 18 for
2713 2871 34 19 the

1862 2902 118 24 Travelling
1991 2900 73 21 Public
2074 2901 40 18 and
2131 2901 89 19 Visitors
2237 2904 20 15 to
2274 2900 33 19 the
2325 2899 45 24 City
2386 2900 52 18 from
2454 2899 34 19 the
2504 2899 89 24 Country
2612 2898 26 25 by
2659 2900 51 25 trap
2725 2904 23 12 or

1863 2932 92 16 steamer.

1865 2954 104 31 Special
1977 2953 207 29 Arrangements
2195 2953 74 22 made
2279 2952 40 22 for
2330 2951 45 22 the
2390 2951 175 22 convenience
2579 2950 29 23 of
2619 2949 128 23 Families.

2056 2992 24 14 N
2106 2992 6 14 I
2138 2991 23 16 G
2187 2991 24 15 M
2236 2992 21 14 T
2300 2991 23 14 F>
2346 2989 22 17 O
2392 2991 24 14 R
2440 2991 20 14 T
2484 2991 22 14 E
2532 2990 30 15 R.

1865 3034 176 26 First-class
2058 3033 115 25 Billiard
2192 3033 117 25 Rooms.
2345 3031 101 26 Wines
2459 3031 60 26 and
2535 3031 110 30 Spirits
2658 3030 32 25 of
2695 3029 53 24 the

1944 3068 69 24 best
2029 3067 129 27 Errands,
2199 3064 169 26 Hancock's
2391 3064 82 25 Prize
2487 3064 102 25 XXXX
2606 3063 67 25 Ales

2137 3099 113 30 always
2269 3104 36 19 on
2333 3097 139 31 draught.

1865 3172 16 16 A
1900 3170 114 19 MEMBER
2032 3170 32 17 OP
2084 3169 53 17 THE
2157 3168 89 18 HOUSE
2267 3168 31 17 OF

2580 3163 166 44 Tours.

2769 1133 234 48 KUSABS
3036 1138 150 47 BROS

2871 1190 214 37 KIOOJKU

2766 1228 74 40 SAW
2853 1228 26 41 &
2905 1230 147 43 FLAMING
3075 1233 112 42 MILLS.

2769 1298 264 24 MOUNTHIN
3055 1302 126 24 Rl7V^\jr
3184 1320 5 8 t

2925 1334 40 13 TJJE
2979 1335 52 13 OX/LY

2769 1357 133 21 GENUINE
2916 1358 58 20 DRY
2989 1360 77 18 LAND
3083 1361 52 20 TIM
3140 1362 52 19 BEE

2871 1388 30 18 US
2912 1388 51 18 THE
2978 1388 110 20 MARKET.

2798 1434 97 18 TESSKS
2912 1434 98 19 KUSABS
3027 1435 69 19 BEOS,
3110 1437 37 23 beg
3164 1443 19 13 re-

2769 1453 48 22 -IM.
2843 1456 125 26 spectfully_to
2975 1458 68 18 inform
3050 1459 33 18 the
3095 1460 66 18 Public
3174 1462 19 16 of

2769 1481 76 14 huturua
2853 1481 33 15 and
2895 1479 73 22 viciuiry
2976 1481 38 16 that
3021 1482 40 20 they
3076 1482 43 16 have
3133 1486 49 14 estab-

2768 1500 53 16 lished
2830 1507 9 9 :t
2850 1501 40 20 yard
2900 1501 16 16 in
2930 1501 122 21 Hitiemou-st.,
3062 1505 31 14 and
3109 1508 30 12 can
3153 1510 38 11 now

2767 1523 61 19 supply
2838 1522 27 16 the
2874 1522 49 16 finest
2932 1522 43 16 class
2987 1524 19 14 of
3020 1523 80 18 rSu:!din>r
3113 1525 79 16 Material

2767 1543 16 15 in
2794 1543 28 16 the
2831 1543 73 16 Murker.
2919 1543 19 16 It
2944 1543 14 16 in
2965 1545 99 20 unequalled
3074 1550 15 11 in
3099 1546 92 22 durability

2767 1564 34 16 and
2808 1564 104 21 impervious
2921 1567 17 13 to
2947 1566 29 15 tho
2983 1566 65 15 attacks
3064 1566 17 15 of
3095 1566 47 17 borer
3157 1568 34 15 and

2767 1584 32 21 dry
2810 1588 32 14 rot.
2865 1585 52 17 Their
2925 1587 80 14 sun-mills
3012 1592 28 11 are
3047 1587 50 17 fitted
3106 1588 41 16 with
3162 1590 29 14 the

2768 1610 43 11 most
2819 1606 69 17 modern
2897 1607 95 20 npplinuces
3003 1608 32 15 mid
3043 1608 29 17 the
3080 1609 36 15 firm
3129 1610 14 15 is
3153 1610 38 15 able

2767 1631 17 11 to
2800 1627 62 22 supply
2878 1633 33 15 any
2927 1629 79 20 quantity
3021 1629 18 15 of
3053 1629 37 22 Dry
3107 1630 83 21 Building

2767 1648 79 17 Mateiiui
2856 1654 20 11 on
2886 1649 28 16 the
2923 1652 71 13 shortest
3003 1651 59 16 notice.

2768 1699 139 30 Skirting's,
2915 1700 173 29 Architraves,
3093 1702 82 24 Mould-

2803 1735 66 28 ings,
2881 1735 51 22 and
2941 1735 108 23 Dressed
3059 1736 100 24 Timber

2833 1773 28 23 of
2869 1780 79 22 every
2962 1774 161 29 description,

2859 1816 106 28 Always
2977 1823 31 16 on
3017 1816 83 24 Hand.

2792 1849 119 23 HEHAU
2922 1850 104 23 HOUSE
3036 1851 127 24 BLOCKS.

2788 1896 49 16 Price
2846 1897 46 15 Lists
2900 1903 21 9 on
2930 1897 100 21 application
3039 1899 19 14 to

2764 1931 224 33 KUSABS
3024 1932 169 34 BROS*

2841 1981 115 18 MAMAKU
2969 1986 23 13 on
3006 1982 110 18 OHAITPO.

2894 2018 25 17 Or
2928 2020 19 15 at
2955 2018 31 18 the
2999 2018 66 23 Yards,

2789 2053 123 19 lIIXEMOA
2925 2054 99 21 STREET,
3043 2054 125 19 ROTORUA.

2768 2121 161 42 ROTORUA
2951 2121 88 41 BOOT
3062 2121 23 41 &
3104 2122 88 41 SHOE

2918 2180 123 40 DEPOT.

2824 2283 44 53 J.
2891 2280 244 55 LARKIN.

2768 2560 17 18 A
2806 2559 65 26 Large
2892 2560 58 20 Stock
2971 2561 19 18 of
3006 2559 93 24 German,
3116 2559 78 19 French.

2836 2587 39 17 and
2886 2586 89 20 Colonial
2985 2587 60 17 Boots
3055 2585 75 21 always

2845 2657 74 20 MATE
2926 2657 67 20 RIAL.
3029 2657 16 18 B
3051 2656 44 20 EST
3105 2656 81 20 WORE

2847 2702 154 22 AUCKLAND
3011 2702 105 19 TRICES.

2770 2786 161 23 Kand-sewn
2941 2785 76 22 Boots
3026 2791 15 15 a
3057 2784 136 29 Specialty.

2769 2872 34 18 TO
2818 2871 57 19 THE
2890 2868 102 22 PUBLIC
3007 2869 33 18 OF
3059 2868 136 20 ROTORUA.

2772 2974 92 43 IBEG
2877 2980 18 12 to
2906 2972 63 20 thank
2978 2973 33 18 the
3024 2971 72 20 Public
3106 2973 22 18 of
3134 2972 51 19 Eoto-

2824 3006 39 16 ru.a
2882 3000 30 18 for
2927 2999 50 18 their
2985 2999 80 17 favours
3077 2998 74 25 during
3163 2998 34 19 the

2771 3030 44 18 past
2826 3026 67 19 fifteen
2904 3031 64 19 years,
2979 3024 39 18 and
3031 3027 21 14 to
3069 3024 64 24 notify
3153 3025 45 18 that

2771 3053 32 18 for
2813 3052 33 19 the
2858 3050 129 21 convenience
2998 3050 20 17 of
3027 3050 98 18 residents
3135 3050 20 19 in
3164 3050 34 18 tho

2774 3079 47 19 New
2833 3076 113 24 Township,
2958 3075 40 18 and
3007 3081 31 18 my
3052 3076 57 18 trade
3126 3082 60 18 gener-

2772 3104 46 21 ally,
2830 3104 11 18 1
2850 3103 52 18 have
2912 3098 52 23 built

2799 3159 51 18 XeV
2859 3158 101 19 PItEMISES
2969 3162 20 13 ix
2996 3156 83 19 Fexi-ox
3086 3156 84 24 Street,

2774 3217 64 19 which
2849 3222 34 13 aie
2892 3222 44 12 now
2947 3221 50 15 open
3005 3215 31 17 fur
3046 3214 98 24 business,
3161 3214 40 19 and

2773 3244 11 18 I
2795 3250 32 12 am
2846 3241 96 26 prepared
2965 3243 19 16 to
2997 3241 72 24 supply

2912 3292 69 19 Prime
3001 3291 61 19 Meat

2774 3351 21 18 in
2806 3350 49 18 both
2866 3349 50 19 New
2927 3347 40 19 and
2977 3347 38 19 Old
3024 3347 125 26 Townships.

2808 3457 41 22 An
2862 3455 149 30 Inspection
3025 3455 23 23 is
3062 3456 108 23 invited.

2981 3501 101 19 HENRY
3096 3502 81 19 KIRK.

2991 3601 33 40 Mi
3061 3602 118 48 SIMON,

2969 3653 88 24 (Lateof
3066 3655 136 25 Melbourne.)

2930 3693 23 27 Ik
2977 3702 114 18 Practical
3110 3704 82 17 Tailor.

2968 3773 103 25 Clothes
3083 3777 75 21 made
3176 3777 26 21 to

2993 3801 74 22 order
3085 3808 32 16 on
3132 3801 45 23 the

3019 3826 134 23 shortest

3037 3853 92 22 notice.

2979 3947 54 25 Style
3043 3947 38 20 ar-d
3093 3946 33 19 Fit
3137 3947 34 17 not
3180 3947 21 17 to

2909 3984 31 12 ■===.,
2968 3975 23 17 be
3001 3973 93 25 equalled
3110 3978 19 12 in
3146 3974 53 16 town

2909 4003 39 26 11?
2968 4009 108 18 Address:
3093 4006 107 20 ArawaSt.

2909 4034 22 20 W
3036 4034 97 18 Rotoiua.

2781 4134 62 28 JOB
2868 4134 137 19 PRINTING
3026 4134 21 17 of
3068 4137 59 18 every
3151 4131 46 18 des-

2774 4160 22 21 V
2834 4160 85 26 criytion
2929 4158 93 20 executed
3038 4157 45 18 with
3104 4159 92 16 neatness

2773 4186 39 18 and
2822 4186 96 25 despatch
2927 4188 20 16 at
2958 4185 32 18 the
3001 4186 9 17 C
3016 4188 100 14 hroxicle
3127 4182 68 20 Office.

2323 3244 187 44 IJASSENGEES
2518 3247 20 15 to
2547 3245 84 18 Rotorua
2639 3249 32 12 are
2677 3242 74 19 advised

2386 3269 43 17 that
2436 3275 12 10 a
2461 3269 76 22 regular
2547 3268 52 23 daily
2612 3267 59 19 coach,
2684 3266 67 20 service

2322 3292 84 17 between
2415 3291 90 22 Okoroii;e
2514 3291 37 17 and
2562 3291 84 18 Eotorua
2660 3290 38 17 and
2712 3290 39 16 vice

2323 3321 52 10 versa
2383 3315 15 16 is
2406 3320 42 11 now
2457 3313 89 24 running*.

2345 3338 38 17 The
2392 3337 116 24 advantages
2514 3343 10 12 o
2540 3337 37 18 this
2582 3338 53 17 route
2641 3342 31 11 are
2677 3341 62 11 numer-

2323 3366 38 15 ous,
2371 3366 11 11 a
2391 3361 102 17 somewhat
2507 3361 73 16 tedious
2588 3359 77 23 railway
2674 3359 78 21 journey

2322 3384 15 17 is
2345 3383 77 20 broken,
2432 3383 37 18 and
2477 3383 33 18 the
2526 3386 54 15 route
2596 3383 90 17 traverses
2703 3387 49 11 soma

2323 3407 19 17 of
2360 3407 32 17 the
2408 3406 85 18 loveliest
2510 3406 51 18 Bush
2578 3406 80 21 Scenery
2674 3404 20 17 in
2706 3404 46 17 New

2323 3429 87 17 Zealand.

2361 3460 105 23 PARES,
2482 3460 41 18 10s
2533 3460 82 19 EACH
2628 3458 81 19 WAY.

2323 3488 91 24 Special
2430 3488 165 22 Conveyances
2612 3492 43 13 can
2675 3486 28 18 be
2719 3490 22 14 ar-

2467 3510 89 24 ranged
2564 3510 42 19 for.

2323 3557 211 19 Leave—Okoroire
2543 3556 35 19 for
2592 3556 103 19 Eotorua
2708 3554 44 19 and

2392 3580 219 19 Whakarewarewa
2641 3578 61 23 daily
2729 3579 23 17 at

2394 3604 29 18 10
2431 3609 53 13 a.m.

2323 3627 205 18 Leave—Rotorua
2536 3625 46 19 and
2590 3625 146 18 Whakarewa-

2392 3655 61 13 rewa
2470 3650 36 17 for
2519 3648 117 22 Okoroire,
2652 3647 60 23 daily
2729 3648 23 17 at

2394 3673 89 19 10.a.m.

2346 3697 32 16 All
2397 3702 111 16 passengers
2528 3701 31 11 are
2575 3694 76 18 advised
2671 3695 20 16 to
2705 3693 47 17 avail

2324 3719 110 18 themselves
2443 3720 20 16 of
2470 3719 39 17 this
2525 3719 61 16 Route
2601 3723 19 11 as
2636 3716 88 18 Okoroire
2738 3716 14 17 is

2324 3748 34 11 one
2373 3743 20 16 of
2403 3743 33 16 the
2444 3742 52 17 show
2505 3742 61 21 places
2584 3741 20 17 of
2619 3740 32 17 the
2668 3738 84 18 Thermal

2324 3766 83 19 District,
2429 3765 38 17 and
2481 3770 25 12 no
2522 3764 43 17 visit
2580 3765 21 15 to
2616 3763 32 17 the
2662 3762 60 17 Lakes
2738 3761 14 17 is

2324 3789 91 21 complete
2424 3788 81 17 without
2510 3787 23 17 its
2539 3786 98 17 inclusion.

2347 3811 73 22 Special
2428 3810 93 17 attention
2533 3810 16 17 is
2563 3809 58 17 called
2634 3810 19 15 to
2667 3808 31 17 the
2714 3808 38 16 fact

2324 3834 42 17 that
2375 3840 10 11 a
2394 3834 56 17 coach
2458 3834 62 16 leaves
2533 3833 84 17 Eotorua
2625 3831 38 17 and
2672 3831 67 16 Whaka-

2324 3863 98 11 rewarewa
2431 3862 24 12 on
2465 3856 77 22 Sunday
2550 3857 20 15 at
2580 3856 21 15 10
2609 3860 43 11 a.m.

2458 3901 160 18 TtGEIMTS:

2324 3929 72 18 THOS.
2410 3928 68 18 COOK
2495 3929 15 16 &
2529 3927 54 20 SOX,
2601 3925 97 19 Auckland
2715 3925 37 17 and

2493 3952 90 16 Eotorua.

2361 4016 163 24 RfiOMEY
2547 4016 55 23 TO
2629 4016 115 23 LE^D

2541 4048 22 10 AT

2404 4065 296 27 LOWEST_RATES.

2441 4104 52 16 Apply
2500 4105 17 12 to
2523 4107 31 13 any
2561 4104 44 13 office
2611 4104 17 12 of
2634 4104 28 13 the

2356 4127 124 22 GOVERNMENT
2497 4127 102 21 INSURANCE
2618 4128 127 20 DEPARTMENT.
