2510 4000
43 230 28 24 m
82 237 62 25 your
155 229 80 29 mind,
239 229 29 25 it
279 226 134 27 wiU'come
425 226 43 24 out
480 224 27 25 of
515 231 63 25 your

43 267 93 26 throat.
197 267 76 25 Later
285 273 33 18 on
335 265 73 25 when
432 263 57 31 they
513 269 65 18 were

44 307 101 31 singing
161 307 76 24 about
249 305 87 28 Judas,
348 304 33 24 he
393 303 61 28 said;
458 316 31 4 —

41 345 72 26 know
126 345 32 24 he
169 354 51 16 was
232 354 15 15 a
256 345 54 28 liar;
319 343 61 25 then
390 343 57 30 sing
455 349 27 16 as

41 385 58 25 And
107 385 60 32 they
179 385 50 24 did.
254 384 81 24 There
343 391 17 16 v.
367 390 40 17 ere
418 383 50 23 two
475 387 103 24 persons

40 425 27 23 to
78 423 32 24 be
121 422 144 25 considered
288 421 84 24 before
394 420 45 24 the
461 418 84 31 singer
545 431 33 4 —

40 461 44 25 the
97 461 81 24 writer
190 460 27 24 of
226 460 44 24 the
279 458 88 29 words,
381 457 51 25 and
455 456 43 25 the
510 463 66 17 com-

39 505 73 26 poser
122 499 28 24 of
167 499 44 24 the
233 496 89 29 music,
347 496 50 24 and
418 495 22 24 if
460 493 118 26 vocalists

39 547 64 17 were
114 540 27 23 to
148 538 31 25 do
192 538 56 24 that
259 536 98 25 instead
369 536 27 25 of
405 534 140 32 imagining
556 533 21 24 it

39 585 50 17 was
98 577 152 25 themselves
270 574 138 33 everybody
431 573 100 26 wanted
551 574 26 23 to

38 615 69 30 hear,
121 614 60 34 they
192 614 83 26 would
286 614 31 24 be
336 613 77 31 doing
425 611 64 32 good
508 610 69 25 work

38 655 28 25 m
91 654 95 33 raising
203 655 44 24 the
272 653 126 26 Standard
426 651 27 24 of

370 697 107 24 Pennib.

40 819 272 26 CHRISTCHURCH
350 818 81 25 ACID
455 816 120 26 DROPS.

159 926 31 16 BY
201 925 72 17 ROBIN
286 922 174 19 OOODFELLOW.

75 1007 178 25 Amusements
264 1006 64 24 have
340 1005 63 24 been
414 1004 44 25 the
471 1002 72 26 order
553 1002 28 25 of

40 1055 44 25 the
105 1055 48 33 day
181 1055 85 32 lately.
312 1053 54 25 The
395 1052 73 25 Fillis
493 1051 85 25 Circus

40 1104 124 25 attracted
172 1105 69 31 great
252 1102 95 26 crowds
355 1101 50 25 and
413 1109 77 23 many
500 1099 77 26 child-

39 1160 45 17 ren
97 1152 103 32 enjoyed
213 1160 15 16 a
240 1152 65 24 treat
317 1150 61 25 such
391 1157 28 17 as
432 1149 61 24 used
511 1150 26 23 to
548 1147 31 25 be

39 1201 109 24 familiar
168 1202 25 23 to
217 1201 66 24 their
305 1201 102 29 parents
435 1206 73 24 years
528 1197 50 25 and

39 1257 73 24 years
124 1256 47 24 ago
179 1249 28 24 m
219 1248 43 24 the
272 1247 41 25 old
322 1248 115 30 country.
464 1246 22 24 A
494 1246 86 24 rather

39 1298 118 32 amusing
168 1298 111 25 incident
299 1296 119 27 occurred
435 1296 27 25 m
486 1295 93 26 Cashel

41 1338 83 25 Street
153 1336 76 26 while
253 1336 43 25 the
325 1335 88 25 Circus
435 1342 52 17 was
510 1335 68 28 here,

40 1378 83 25 which
134 1378 99 25 created
244 1385 33 18 no
301 1376 75 26 small
395 1383 70 18 scare
486 1383 94 24 among

40 1417 45 26 ths
94 1417 78 26 dudes
179 1417 51 26 and
238 1424 84 25 young
330 1416 78 24 ladies
418 1415 87 31 taking
514 1415 66 24 their

42 1456 132 25 afternoon
186 1456 81 24 stroll.
314 1453 53 25 The
380 1453 47 32 day
449 1461 52 16 was
528 1453 52 25 fine

41 1495 51 24 and
103 1494 43 24 the
175 1495 89 24 streets
287 1491 119 26 tolerable
435 1491 47 25 full
508 1491 72 25 when

42 1532 123 32 suddenly
187 1541 15 16 a
225 1533 62 31 deep
315 1531 61 24 kind
403 1531 26 25 of
457 1539 57 17 roar
530 1538 50 17 was

40 1571 87 25 heard.
162 1571 55 25 The
239 1570 78 25 dudes
340 1569 88 25 looked
454 1569 80 25 round
553 1569 27 24 m

42 1610 104 26 startled
159 1610 184 26 astonishment
364 1617 28 16 as
403 1608 60 32 they
474 1617 106 15 remem-

42 1651 74 25 bered
136 1650 56 25 that
205 1650 43 25 the
272 1649 88 24 Circus
383 1656 51 17 was
462 1648 27 24 m
513 1650 67 23 town

41 1690 62 26 with
114 1690 34 25 its
160 1689 73 26 lions.
260 1688 82 31 Again
355 1688 42 24 the
409 1688 91 25 fearful
510 1688 70 24 noise

43 1727 86 27 struck
141 1735 33 17 on
186 1727 65 25 their
259 1725 115 32 appalled
386 1733 55 18 ears
453 1725 50 25 and
520 1724 60 33 they

44 1765 89 27 looked
153 1765 80 26 round
252 1765 37 24 for
309 1764 102 25 shelter.
447 1763 49 26 Yet
507 1763 74 33 again

44 1812 71 17 came
127 1803 42 25 the
185 1804 122 24 fearsome
315 1810 58 17 roar
393 1802 50 25 and
454 1810 16 16 a
481 1802 100 31 general

44 1843 129 33 stampede
185 1851 50 17 was
247 1843 73 24 made
338 1842 37 25 for
386 1842 107 31 friendly
511 1842 69 24 door-

44 1890 68 24 ways
124 1882 50 25 and
186 1882 84 32 shops.
305 1880 35 25 As
352 1880 101 32 ghastly
464 1880 56 31 pale
533 1880 49 24 and

46 1923 79 22 terror
136 1919 110 26 stricken
258 1919 65 24 faces
341 1918 89 31 peered
452 1918 64 24 from
540 1918 43 24 the

44 1959 100 26 various
165 1959 75 32 shops
266 1958 44 25 the
338 1959 110 30 mystery
470 1965 52 17 was
534 1957 47 25 sol-

44 1999 55 24 ved.
119 1999 53 23 The
184 1999 53 23 lion
249 2005 49 16 was
305 1998 76 22 not
390 1996 102 31 seeking
501 1996 81 24 whom

44 2037 33 24 he
88 2036 83 31 might
182 2037 93 24 devour
321 2035 46 25 but
387 2043 52 17 was
461 2034 120 32 probably

44 2078 27 22 at
82 2076 57 24 that
150 2077 113 23 moment
283 2074 88 31 taking
393 2083 15 15 a
426 2082 51 23 nap
500 2074 82 24 before

44 2114 44 25 the
98 2113 181 32 performance,
292 2112 46 25 but
350 2121 14 16 a
371 2112 112 25 cartload
494 2112 28 25 of
527 2112 56 32 pigs

42 2159 65 18 were
119 2151 180 33 emphatically
315 2151 140 31 protesting
484 2151 98 31 against

42 2191 76 31 being
129 2191 76 25 taken
218 2193 26 23 to
256 2191 43 24 the
312 2191 52 24 sale
375 2191 74 31 yards
461 2199 28 16 as
501 2199 15 16 a
527 2199 54 23 pre-

42 2229 118 32 liminary
183 2231 27 23 to
230 2237 16 17 a
269 2228 108 33 surgical
399 2229 129 31 operation
549 2237 33 17 on

42 2268 67 25 their
129 2267 107 25 throats.
272 2267 54 25 The
346 2274 85 24 young
451 2274 59 18 men
533 2267 50 25 and

40 2307 80 25 lasses
136 2308 77 24 much
231 2307 115 28 releived,
359 2307 84 25 issued
460 2307 68 25 forth
540 2308 41 24 do-

41 2345 45 32 ing
98 2345 66 25 their
185 2346 53 24 best
251 2347 26 23 to
289 2345 57 25 look
360 2353 36 17 as.
410 2345 22 24 if
452 2345 60 32 they
532 2345 51 25 had

39 2384 54 31 just
103 2384 103 31 stepped
223 2384 27 24 m
262 2385 27 23 to
306 2383 74 24 make
392 2391 15 16 a
428 2383 74 25 small
524 2391 57 23 pur-

41 2423 84 25 chase.
172 2423 82 25 There
265 2430 52 18 was
329 2431 33 17 an
386 2422 99 26 audible
509 2423 72 25 smile

41 2469 34 17 on
87 2461 44 25 the
143 2463 186 23 countenances
341 2460 28 25 of
378 2460 72 25 those
462 2460 57 25 who
531 2460 51 25 had

40 2501 78 25 taken
129 2500 28 25 m
169 2500 44 26 the
234 2500 121 25 situation
377 2500 75 32 quick
472 2501 108 29 enough.

42 2541 54 24 The
108 2541 119 31 Borough
251 2540 106 25 Council
376 2542 52 23 met
451 2541 131 31 yesterday
606 2544 8 5 "'

40 2581 50 25 and
103 2580 78 33 really
200 2580 138 26 conducted
361 2580 151 26 themselves
532 2581 49 25 like

40 2620 110 25 rational
173 2629 67 16 men.
277 2620 26 23 If
323 2619 60 32 they
407 2620 32 25 do
461 2620 52 25 this
542 2620 40 25 till

40 2659 106 25 election
163 2659 70 29 time,
248 2666 69 17 some
326 2658 27 24 of
362 2657 71 25 them
446 2666 58 24 may
520 2666 62 17 even

39 2700 43 31 yet
93 2699 64 24 have
169 2707 16 16 a
197 2699 94 24 chance
314 2697 28 26 of
362 2697 76 33 being
458 2698 74 32 again
543 2706 38 17 re-

39 2742 100 25 turned.
177 2742 76 26 Some
265 2742 28 24 of
303 2742 43 24 the
359 2741 134 25 coucillor3
514 2749 67 16 seem

39 2784 27 24 to
95 2782 31 25 be
145 2782 120 32 suffering
293 2781 66 26 from
388 2789 32 16 an
449 2780 85 25 attack
557 2781 27 26 of

40 2820 192 32 mayoripholia.
276 2819 41 25 Mr
340 2819 89 32 Mayor
452 2819 96 32 George
559 2819 22 26 is

40 2859 106 31 making
158 2866 14 17 a
185 2859 64 30 good
261 2857 74 32 thing
346 2857 28 25 of
388 2857 43 25 the
449 2857 133 32 Thursday

40 2899 122 31 sixpenny
178 2898 111 32 Popular
306 2897 183 33 Concerts^and
513 2906 68 15 some

40 2939 28 26 of
84 2938 69 26 them
166 2946 43 17 are
221 2937 139 32 absolutely
376 2937 132 31 paralysed
519 2937 62 24 with

41 2990 64 24 envy
118 2983 26 23 at
156 2981 41 26 his
210 2989 98 17 success
320 2989 28 16 so
360 2981 58 31 they
432 2989 41 16 are
497 2981 84 31 trying

39 3020 81 24 under
141 3019 44 25 the
203 3019 70 25 cloak
286 3019 27 24 of
319 3019 97 30 charity
428 3020 26 23 to
467 3020 42 22 cut
526 3018 55 25 him

38 3060 45 25 out
96 3058 61 25 with
196 3058 156 30 threepenny
364 3058 114 23 concerts
500 3056 28 24 m
540 3056 41 24 aid

40 3102 32 25 of-
185 3101 67 25 How
260 3108 77 24 many
346 3108 75 17 mean
433 3099 87 32 things
538 3108 42 16 are

39 3145 63 25 done
119 3144 28 24 m
159 3144 43 25 the
216 3151 75 17 name
303 3142 27 26 of
340 3142 104 32 charity.

101 3193 82 24 Truth
203 3193 49 28 Sir,
265 3192 59 30 only
333 3200 15 15 a
359 3199 84 23 penny
456 3193 5 10 '
496 3191 23 24 is
536 3191 44 24 the

37 3240 44 24 cry
89 3229 33 26 in'
130 3229 181 26 Christchurch
320 3236 57 18 now
386 3229 44 25 the
440 3229 140 31 Telegraph

36 3272 23 25 is
80 3271 71 29 dead,
176 3270 50 26 and
245 3269 108 26 'Truth'
376 3268 50 26 like
450 3277 15 17 a
484 3268 96 33 phauix

37 3310 62 25 rises
111 3309 65 25 from
188 3309 33 25 its
233 3308 82 25 ashes.
352 3307 97 25 Eather
461 3315 14 17 a
495 3307 85 25 mixed

35 3346 133 33 metaphor
180 3346 33 33 by
239 3346 43 25 the
306 3344 55 33 bye,
385 3345 42 25 for.
453 3344 80 26 Truth
557 3344 21 26 is

37 3391 123 33 supposed
172 3393 25 23 to
209 3391 31 24 be
253 3391 26 24 at
291 3389 43 25 the
346 3388 98 27 bottom
456 3389 44 26 ofa
512 3389 65 25 well.

37 3435 54 25 The
103 3443 55 16 new
167 3443 77 24 paper
252 3435 22 24 is
283 3434 84 25 issued
376 3434 64 24 from
451 3433 42 24 the
503 3433 75 24 Press

35 3475 69 25 office
116 3474 51 25 and
195 3476 42 30 yet
263 3481 114 18 assumes
395 3481 32 16 an
450 3472 128 25 advanced

33 3515 89 25 liberal
134 3515 60 31 garb
213 3516 26 23 to
249 3514 73 25 catch
335 3513 44 24 the
391 3513 113 31 working
518 3520 59 17 men

35 3558 45 26 but
94 3559 12 23 I
119 3558 73 24 think
206 3558 42 24 the
260 3556 113 32 working
393 3564 60 17 men
475 3564 42 17 are
535 3557 42 23 too

33 3601 63 26 wide
109 3600 83 26 awake
204 3602 26 23 to
243 3602 66 23 trust
328 3607 15 16 a
501 3606 77 24 paper

32 3645 85 26 issued
139 3645 63 25 from
235 3652 15 17 a
281 3643 184 26 conservatives
497 3642 78 25 office.

34 3686 112 32 Judging
158 3685 64 26 from
236 3685 41 24 the
294 3682 109 26 horrible
417 3683 50 25 tint
490 3682 27 26 of
533 3682 44 26 the

32 3734 77 24 paper
132 3734 33 16 on
175 3725 83 24 which
279 3723 20 25 it
311 3723 22 25 is
345 3722 97 33 printed
467 3722 44 25 the
520 3730 55 23 pro-

33 3770 106 32 prietors
159 3777 42 17 are
225 3767 154 26 determined
402 3767 21 24 it
453 3766 64 24 shall
546 3765 30 24 be

37 3819 15 10 '•
63 3813 44 25 red
144 3821 61 17 even
218 3812 21 24 if
250 3811 43 25 the
312 3809 113 32 working
442 3817 61 16 man
518 3807 58 26 does

32 3854 46 24 not
91 3851 48 32 buy
152 3859 15 16 a
179 3858 70 24 copy.
301 3849 13 24 I
334 3848 64 25 need
418 3847 90 32 hardly
532 3855 44 23 say

33 3896 56 26 that
103 3895 42 25 the
185 3894 59 26 Star
289 3892 30 32 l»y
338 3892 172 32 enlargement
529 3890 47 25 has

32 3939 74 27 made
119 3947 14 17 a
145 3939 105 24 counter
260 3943 81 19 move.

668 221 192 60 LOCAL
878 232 34 57 and
934 216 273 65 GENERAL

669 327 72 27 Sale.
745 342 29 4 —
774 328 49 25 ;We
834 329 46 30 bog
891 331 26 21 to
934 329 63 23 draw
1010 335 43 15 our
1065 327 92 23 readers
1168 327 36 21 at-

667 371 91 24 tention
767 373 25 21 to
806 371 41 24 the
859 371 48 24 fact
919 371 53 23 that
985 371 40 23 the
1040 370 57 24 Rev.
1108 369 26 24 J.
1143 369 61 23 Pen-

667 414 55 31 druy
746 414 20 24 ia
784 414 89 30 having
885 421 15 18 a
911 414 48 24 sale
980 414 26 23 of
1023 414 12 23 f
1037 413 105 24 urniture
1156 411 47 25 and

667 456 79 25 effects
761 458 25 23 at
804 456 76 25 Wood
885 456 64 25 fields
962 457 39 24 old
1016 460 61 21 store
1090 461 31 19 on
1134 454 69 25 Mon-

666 500 44 31 day
724 502 57 22 next
792 502 26 22 at
835 501 14 23 2
863 508 24 24 p.
900 508 32 17 m.

699 553 132 24 Debating
877 554 112 25 Society.
992 569 32 3 —
1025 554 54 24 The
1132 553 72 24 usual
1222 570 5 3 -

665 595 94 32 weekly
771 597 111 31 meeting
901 597 27 24 of
943 597 44 24 the
1007 597 77 24 above
1105 596 99 31 Society

665 646 51 17 was
733 639 59 24 held
812 647 33 16 01
868 639 115 32 Tuesday
1014 640 107 31 evening
1144 639 58 25 last.

653 682 50 28 ,Dr
714 682 141 25 Volckman
867 684 118 29 occupied
1003 684 43 23 the
1066 683 77 28 chair,
1157 691 47 16 one

666 726 112 23 member
794 733 52 17 was
858 725 94 25 elected
963 726 50 24 and
1030 728 49 22 two
1090 726 114 24 nonrina-
1225 745 4 3 -

666 768 67 24 tions
764 768 111 24 recieved
903 769 43 24 for.
963 769 107 24 elpction
1096 771 27 22 at
1145 771 60 23 next
1216 782 4 6 «

666 811 117 31 meeting.
818 811 22 24 A
856 819 59 24 very
926 811 150 32 interesting
1086 813 74 24 letter
1171 820 33 17 on

792 855 121 29 prepared
931 855 31 31 by
987 863 15 16 a
1022 855 112 24 member
1153 863 52 17 was

665 896 60 25 read
769 898 27 23 to
842 897 42 25 the
929 898 120 31 meeting.
1103 898 103 26 Several

665 940 138 24 humarous
815 940 115 32 readings
942 941 50 24 and
1004 943 85 30 stump
1103 942 101 31 speech-

667 991 26 17 es
726 991 64 17 were
823 984 157 24 contributed
1015 984 31 32 by
1080 985 125 25 members

666 1028 100 29 present
778 1027 50 24 and
840 1027 86 24 served
952 1029 26 23 to
999 1028 78 30 spend
1105 1036 16 16 a
1138 1030 67 23 most

667 1069 130 33 enjoyable
832 1071 114 31 evening.
992 1071 67 25 Next
1091 1072 115 32 Tuesday

667 1113 106 31 evening
790 1113 70 25 there
883 1114 53 25 will
961 1114 31 25 be
1018 1122 14 17 a
1061 1115 88 25 debate
1173 1124 33 16 on

692 1156 84 25 Home
787 1156 73 25 Eule.
897 1157 126 25 Members
1034 1158 91 25 should
1132 1159 74 31 bring

667 1199 66 25 their
756 1199 92 24 friends
860 1201 26 23 to
898 1200 61 25 hear
988 1200 51 25 this
1067 1202 142 31 important

666 1243 115 31 question
790 1243 136 25 discussed.

668 1295 96 27 Social.
766 1310 33 5 —
801 1296 88 32 Owing
900 1299 26 24 to
940 1297 43 26 the
1000 1297 158 33 inclemency
1180 1298 29 26 of

667 1340 43 25 the
722 1340 109 25 weather
843 1341 43 25 the
907 1342 76 24 social
1006 1342 28 24 m
1056 1342 150 25 connection

667 1384 61 24 with
742 1385 30 24 St
795 1384 120 26 Andrews
939 1385 70 31 guild
1023 1387 27 23 at
1073 1385 44 25 the
1129 1386 77 24 Town

667 1427 62 24 Hall
741 1427 64 25 East
819 1427 91 25 Oxford
922 1428 51 25 had
982 1430 26 23 to
1026 1428 30 25 be
1068 1429 138 32 postponed

667 1470 40 25 till
719 1470 156 33 Wednesday
886 1474 61 23 next
960 1474 56 23 31st
1025 1472 27 25 of
1059 1473 67 31 May,
1133 1472 74 25 when

667 1522 36 16 we
715 1514 64 32 hope
794 1515 60 31 they
877 1516 51 24 will
950 1516 31 24 be
1004 1516 120 25 favoured
1146 1517 61 25 with

667 1557 51 25 fine
729 1557 109 25 weather
849 1558 50 25 and
910 1559 65 31 good
990 1559 158 25 attendance.
1185 1559 22 25 A

667 1608 59 23 very
757 1601 132 24 attractive
921 1610 158 23 programme
1102 1603 52 24 will
1176 1602 31 25 be

667 1643 118 31 provided
802 1644 38 24 for
851 1644 43 25 the
907 1645 123 25 occasion.

700 1686 221 31 Entertainment,
926 1704 30 3 —
957 1689 145 31 Kennedy's
1129 1697 77 23 popu-

667 1728 38 26 lar
733 1730 130 24 Dramatic
892 1731 129 32 Company
1056 1732 58 31 paid
1142 1732 66 25 their

667 1774 87 23 return
765 1773 58 25 visit
842 1775 26 24 to
881 1774 94 25 Oxford
998 1775 50 25 and
1067 1775 140 32 performed
1217 1801 5 5 .

668 1824 33 16 on
714 1816 125 32 Saturday
861 1818 51 25 last
932 1820 26 23 at
981 1819 44 24 the
1046 1819 77 25 Town
1147 1820 62 24 Hall

668 1858 44 25 the
723 1859 67 25 Irish
813 1860 88 25 drama
1023 1862 44 24 the
1093 1862 115 32 Shaugh-

793 1903 41 24 Mr
843 1904 122 32 Kennedy
978 1913 28 17 as
1016 1905 53 25 Con
1079 1905 128 33 displayod

668 1945 44 25 the
724 1945 163 33 universality
896 1947 26 24 of
929 1947 40 24 his
981 1948 88 31 genius
1077 1948 26 25 m
1115 1949 93 31 depicts

668 1988 44 30 ing
734 1989 42 23 the
788 1990 80 23 comic
885 1991 49 22 and
946 1991 138 24 humerous
1108 1992 53 24 side
1184 1993 27 24 of

668 2031 44 24 the
724 2031 136 24 character.
897 2032 53 25 The
978 2034 70 30 piece
1077 2042 57 16 was-
1152 2036 56 25 well

668 2074 120 24 mounted
798 2074 50 24 and
859 2083 69 17 some
940 2076 27 24 of
977 2078 41 23 the
1033 2085 87 17 scenes
1130 2078 79 24 called

668 2117 68 25 forth
764 2118 119 31 applause
918 2119 65 26 from
1011 2121 43 25 the
1079 2121 129 26 audience.

669 2161 62 24 Miss
743 2161 80 25 Millie
844 2161 90 26 Collier
948 2164 75 28 made,
1044 2173 16 16 a
1077 2165 132 33 charming

938 2208 88 31 (Con's
1050 2209 157 33 sweetheart)

669 2248 50 24 and
730 2248 46 24 her
787 2257 63 24 song
887 2250 119 33 Wearing
1013 2253 22 23 o'
1049 2252 43 24 the

669 2291 98 25 elicited
779 2292 62 25 such
853 2301 14 17 a
884 2293 87 33 hearty
983 2295 94 25 enchor
1090 2295 55 26 that
1164 2296 44 25 she

643 2341 8 17 :
668 2334 51 25 had
734 2337 27 22 to
783 2338 86 28 repeat
891 2338 44 23 the
956 2339 50 23 last
1031 2346 78 17 verse.
1145 2339 63 25 Miss

668 2378 75 24 Edna
755 2379 82 24 Elden
857 2387 28 17 as
908 2381 77 24 Con's
1009 2382 107 29 mother,
1143 2383 64 25 Miss

668 2420 86 32 Hayes
771 2422 47 24 and
832 2422 73 26 other
925 2424 107 26 assisted
1051 2426 26 24 to
1099 2426 108 31 provoke

668 2472 48 17 one
753 2466 150 25 continuous
932 2468 82 24 round
1042 2469 28 24 of
1090 2469 118 31 laughter
1222 2481 5 4 -

668 2509 92 31 during
779 2509 43 24 the
843 2509 69 26 wake
936 2519 80 17 scene.
1040 2512 93 31 .Space
1155 2513 52 25 will

668 2553 45 23 not
725 2551 77 26 allow!
814 2560 46 17 our
872 2553 136 33 criticising
1025 2554 43 25 the
1086 2555 85 32 acting
1182 2556 27 25 of

668 2594 42 25 Mr
735 2595 29 24 F.
794 2595 105 30 Norton,
929 2598 42 23 Mr
1000 2598 56 24 Hill
1084 2599 50 23 and
1162 2600 44 24 the

668 2638 140 24 remainder
827 2638 27 24 of
874 2639 52 25 this
948 2636 73 35 large'
1035 2648 128 25 company,
1186 2642 22 24 it

668 2680 22 25 is
703 2681 122 25 sufficient
841 2683 26 23 to
880 2690 42 24 say
945 2683 60 31 they
1025 2683 35 26 all
1080 2684 42 25 did
1142 2685 66 25 their

668 2726 70 29 parts
760 2725 64 28 well,
844 2725 49 24 and
914 2734 36 16 we
972 2729 84 29 repeat
1079 2728 68 25 what
1170 2737 37 16 we

670 2768 81 24 stated
768 2768 50 25 last
829 2768 68 25 week
910 2770 55 24 that
977 2770 44 24 the
1034 2770 129 33 Company
1185 2772 22 24 is

668 2811 39 25 far
743 2812 51 24 and
822 2820 69 25 away
921 2813 43 25 the
992 2814 56 26 test
1076 2815 130 26 Dramatic

670 2855 129 32 Company
816 2855 56 25 that
888 2856 47 25 has
964 2865 57 17 ever
1049 2859 89 24 visited
1164 2859 42 24 the

669 2898 112 25 District.
834 2899 40 24 On
908 2900 110 32 Monday
1061 2901 43 25 the
1138 2909 68 18 same

669 2946 123 24 company
809 2938 136 32 performed
959 2944 14 10 :i
980 2940 82 29 Hans,
1075 2941 44 25 the
1130 2942 76 25 Boat-

773 2984 26 22 to
817 2990 15 16 a
847 2982 64 31 good
924 2982 85 26 house.
1044 2984 41 24 Mr
1103 2984 103 26 Charles
1220 2998 4 8 >

670 3024 55 26 Hill
743 3033 28 16 as
796 3025 96 25 'fHans
921 3026 113 25 Beckel''
1067 3027 140 32 performed

669 3067 44 25 the
724 3069 57 30 part
792 3068 27 24 m
832 3076 14 16 a
858 3076 58 25 very
940 3069 96 25 artistic
1048 3068 121 32 manner,'
1175 3071 32 24 he

669 3119 62 23 sang
743 3111 43 24 the
803 3119 74 23 songs
896 3113 64 28 well,
985 3113 50 24 and
1058 3113 44 25 the
1133 3122 73 17 scene

668 3154 27 24 m
707 3153 83 26 which
809 3153 33 25 he
854 3161 93 25 romps,
960 3155 91 25 dances
1064 3156 50 25 and
1137 3156 69 33 sings

668 3196 62 25 with
752 3196 44 25 the
818 3196 113 26 children,
961 3199 97 24 seemed
1077 3201 26 23 to
1122 3200 84 31 please

644 3264 3 5 ,
669 3240 43 24 the
730 3240 119 24 audience
872 3240 156 33 immensely.
1065 3242 61 25 This
1148 3243 68 32 play^

668 3292 61 24 gave
741 3283 44 25 the
803 3283 92 26 Oxford
907 3287 102 29 patrons
1027 3285 28 26 of
1063 3285 44 26 the
1119 3286 87 25 drama

668 3327 106 24 another
794 3328 160 32 opportunity
966 3328 27 26 of
1007 3329 144 31 witnessing
1163 3330 43 24 the

667 3371 171 31 performance
858 3371 28 25 of
907 3372 55 24 that
985 3372 137 26 wonderful
1138 3372 68 26 child

668 3417 94 23 actress
790 3415 73 32 Euby
892 3415 122 32 Kennedy
1046 3424 28 17 as

803 3459 48 24 We
863 3461 104 23 venture
980 3461 27 23 to
1019 3461 86 27 assert,
1118 3459 88 33 taking

667 3503 45 24 her
733 3510 45 24 age
789 3502 53 24 into
859 3502 190 30 consideration,
1075 3502 56 25 that
1151 3511 27 16 as
1190 3511 16 16 a

666 3546 110 29 juvenile
790 3547 92 22 actress
896 3546 69 24 there
977 3546 22 24 is
1011 3548 44 22 not
1067 3545 45 25 her
1133 3547 72 30 equal

666 3589 28 24 m
717 3589 44 24 the
781 3588 145 24 Australian
947 3589 123 24 Colonies.
1110 3589 40 23 Mr
1178 3589 25 24 J.

667 3632 121 31 Kennedy
818 3640 27 16 as
1154 3640 50 17 was

666 3676 51 25 fine
737 3676 79 25 comic
828 3675 92 33 acting,
945 3675 50 26 and
1007 3675 40 24 Mr
1058 3675 30 24 F.
1107 3675 97 26 Norton

667 3727 27 17 as
1014 3726 49 17 was
1083 3726 15 16 a
1122 3718 81 31 splen-

667 3763 41 23 did
739 3763 68 30 piece
835 3762 28 24 of
889 3763 85 30 acting
1022 3762 62 23 Miss
1114 3762 90 24 Collier

667 3806 73 32 again
764 3805 49 25 had
826 3814 15 16 a
851 3808 57 29 part
921 3806 55 25 that
988 3805 55 26 well
1056 3805 80 24 suited
1159 3805 45 24 her

648 3859 3 4 •
666 3858 27 17 as
860 3850 121 25 Jefferson
1154 3848 50 25 and

665 3893 103 25 illisited
782 3893 118 32 applause
923 3894 64 24 from
1011 3892 44 25 the
1077 3892 126 31 delighted

679 3938 134 31 pectators.
848 3936 80 26 There
950 3936 22 26 is
995 3944 15 18 a
1032 3936 114 33 prospect
1177 3934 27 28 of

1297 211 53 25 this
1369 211 110 25 talented
1498 213 122 29 co'inpany
1640 212 75 30 again
1735 211 102 32 visiting
1846 218 8 15 ;

1298 255 92 25 Oxford
1402 257 27 23 at
1440 263 34 17 no
1486 255 95 25 distant
1593 254 65 26 date.
1665 249 4 9 '
1684 254 15 33 \
1813 277 2 3 .
1848 272 3 3 •

1297 304 199 25 Correction.—
1498 304 51 23 Our
1559 303 278 31 ViewHiU,corrcspon-
1850 305 23 13 '■'■'

1269 364 3 3 •
1296 347 61 24 dent
1374 347 76 23 dra\vs
1468 355 40 14 otu
1523 346 120 24 attention
1653 348 24 22 to
1688 355 20 19 a.
1714 347 122 29 rais-pnht
1865 352 8 6 *•

1296 390 25 24 m
1333 390 37 24 his
1382 390 71 29 letter
1470 390 87 31 signed-
1595 388 168 34 View.Hiillite
1771 390 14 11 r
1810 390 25 24 m
1844 415 3 2 .
1857 412 3 2 .

1296 441 43 16 our
1350 434 63 23 issue
1430 434 27 23 of
1474 434 42 22 the
1537 433 69 23 2'otli.
1643 432 107 26 It.vwiad'
1759 437 16 10 <;
1783 433 51 24 Ten
1847 428 4 4 '

1296 477 212 26 Commandments
1554 501 3 3 .
1579 477 20 23 it
1616 477 127 24 sbnikTbe
1766 477 69 24 Bible

1296 521 26 24 m
1336 520 97 26 School.
1576 544 4 2 .
1608 541 3 3 .
1653 520 75 20 •:■'•••'
1749 523 7 10 '■

1366 624 506 41 CORRESPONDENCE.

1274 738 2 2 .
1298 721 66 20 While
1374 728 37 13 our
1420 722 91 19 columiis
1521 728 36 13 are
1563 728 52 19 open
1625 722 21 19 to
1656 722 32 19 all
1705 723 30 18 ice
1755 719 25 21 do
1799 723 37 17 not

1322 754 91 25 identify
1418 754 101 19 ourselves
1524 754 53 19 with
1580 759 43 20 any
1627 759 25 20 op
1655 754 69 19 iniohs
1728 752 108 26 expressed
1856 771 4 3 .
1865 766 3 3 ■

1322 785 87 20 therein.
1656 792 2 3 •
1748 784 4 8 :
1778 779 6 8 '

1348 841 33 24 To
1394 841 36 24 the
1446 842 90 23 Editor
1547 842 31 29 of
1585 841 37 24 the
1635 844 6 11 «
1653 841 130 27 Observer.'

1314 945 3 3 .
1330 923 52 29 Sir,
1383 938 34 4 —
1417 923 69 25 Your
1505 923 115 25 classical
1641 922 193 32 correspondent

1296 962 81 26 •'Noli
1405 963 42 25 Me
1634 963 28 24 m
1688 962 40 25 his
1756 961 79 26 tirade

1295 1001 99 31 against-
1412 1001 119 31 religious
1543 1000 77 25 beleif
1629 1001 110 31 displays
1750 1008 86 16 amazr
1839 1006 14 14 <■'

1294 1040 45 32 ing
1359 1041 134 31 ignorance
1519 1040 27 25 of
1572 1040 41 24 his
1642 1040 105 32 subject.
1782 1040 52 23 But

1294 1080 55 25 first
1372 1080 36 25 let
1425 1089 41 16 me
1495 1080 45 26 ask
1568 1080 52 25 this
1648 1080 51 25 fine
1714 1079 120 25 •scholar.
1853 1086 4 4 •

1295 1120 81 24 What
1386 1120 23 24 is
1424 1120 71 25 there
1510 1119 130 25 credulous
1656 1120 28 23 m
1705 1116 135 34 accepting^

1294 1158 182 31 rightiousness
1484 1166 28 16 as
1529 1158 44 24 the
1585 1158 54 24 rule
1651 1157 27 25 of
1686 1156 60 26 life?
1771 1157 61 32 Aye,

1295 1195 67 25 what
1380 1195 22 25 is
1422 1195 66 25 their
1500 1194 139 26 -cradulous
1656 1195 28 24 m
1703 1192 86 27 that?-
1810 1194 27 24 If

1293 1243 63 24 your
1367 1235 193 32 correspondent
1650 1243 61 16 man
1731 1234 103 32 capable

1294 1273 27 25 of
1330 1274 140 31 answering
1489 1281 14 16 a
1524 1272 108 32 straight
1650 1273 128 32 question;
1797 1273 37 25 let
1851 1277 6 6 *

1293 1313 56 25 him
1375 1314 69 25 show
1460 1314 28 24 m
1516 1313 69 25 what
1587 1314 3 9 1
1613 1321 62 24 way,
1705 1312 76 26 belief
1806 1312 39 25 m:
1849 1323 3 6 1

1293 1352 184 31 rightiousness
1495 1352 81 24 shows
1596 1352 137 31 credulity?
1782 1370 3 5 .
1788 1370 4 7 :
1811 1366 4 3 ■
1829 1363 26 15 ,-•:

1328 1390 89 32 Again,
1430 1390 52 25 will
1495 1398 62 22 your
1575 1390 194 31 correspondent
1778 1390 86 32 jtell'-.-

1294 1436 38 20 us,
1350 1427 69 25 what
1437 1427 70 25 there
1528 1427 37 25 is-
1579 1428 156 31 mysterious,
1754 1427 109 27 .about-.-,

1294 1468 182 31 rightiousiiess
1492 1476 28 17 as
1532 1476 15 16 a
1564 1467 55 25 rule
1631 1468 27 25 of
1672 1468 66 28 life?,
1767 1468 70 28 Boes,
1851 1475 7 11 ;

1294 1509 32 24 he
1345 1508 81 25 think-
1430 1509 21 24 it
1474 1508 158 32 mysterious,
1646 1508 56 25 that
1721 1508 113 25 cbildren
1843 1510 3 13 :
1852 1527 20 3 ..

1295 1546 90 25 should
1407 1546 30 25 be
1455 1546 90 32 taught
1569 1547 30 24 -to
1617 1546 98 25 honour
1738 1546 96 31 and.y.to

1295 1584 62 32 obey
1377 1584 66 25 their
1465 1586 110 29 parents,
1603 1584 51 24 and
1676 1586 27 23 to
1709 1604 3 4 .
1726 1584 108 26 exercise
1844 1604 17 4 ..

1295 1624 125 26 sufficient
1434 1624 102 27 .control
1557 1631 58 17 over
1634 1617 159 40 themselves,
1806 1631 28 17 as
1846 1633 7 13 •.
1864 1641 3 3 •

1294 1664 53 25 will
1375 1663 74 25 make
1479 1663 71 25 them
1578 1664 65 31 good
1674 1664 49 24 and
1751 1663 84 25 useful
1853 1677 4 5 •

1294 1704 113 29 citizens,
1421 1704 107 31 keeping
1539 1703 44 25 the
1606 1709 122 22 common;
1745 1704 49 27 law
1810 1703 27 25 of
1858 1723 5 7 ,

1295 1744 34 24 all
1374 1743 113 26 civilized
1533 1743 210 29 communities?..
1773 1742 73 33 Aje,\
1863 1760 3 3 ■

1295 1789 81 26 where
1393 1789 22 25 is
1432 1789 44 24 the
1494 1785 134 36 credulity
1646 1789 49 25 and
1706 1790 126 30 ..mystery
1846 1800 16 7 ••

1295 1829 59 24 here
1360 1830 11 23 ?
1408 1829 90 24 Where
1509 1829 22 24 is
1552 1828 70 25 there
1643 1824 123 40 anything
1782 1828 52 24 dis-
1842 1829 12 19 •'

1295 1869 90 24 honest
1404 1868 28 25 m
1455 1868 118 31 teaching
1596 1868 70 25 these
1689 1868 98 24 duties?
1821 1867 14 24 I

1296 1917 51 23 say,
1361 1909 74 30 again
1457 1909 21 23 if
1493 1916 63 24 your
1576 1908 194 31 correspondent
1785 1908 23 24 is
1820 1916 15 16 a

1295 1954 69 20 man,
1389 1947 36 23 let
1442 1945 54 25 him
1526 1945 76 32 speak
1630 1947 26 23 to
1684 1954 16 16 a
1728 1945 113 32 straight-

1295 1985 125 30 question-
1440 1985 32 24 'or
1506 1985 50 23 else
1590 1984 60 25 hold
1677 1984 42 24 his
1750 1991 96 24 peace..

1264 2021 4 10 :
1295 2022 110 24 Further
1438 2030 64 23 your
1531 2022 193 31 correspondent
1754 2022 118 27 shpwsV-

1295 2061 43 25 the
1359 2063 66 23 most
1437 2061 152 30 astounding
1600 2061 135 32 ignorance
1755 2061 27 24 of
1792 2060 43 25 the
1844 2067 4 10 ;
1862 2077 3 2 ■

1274 2114 2 2 ■
1295 2099 165 25 constitution
1486 2096 27 27 ol
1540 2099 43 24 the
1612 2107 78 24 many
1718 2098 116 34 different
1841 2105 27 16 o

1298 2140 70 25 Sects
1413 2140 54 25 into
1495 2138 82 26 which
1619 2139 44 25 the
1703 2139 134 28 Christian.
1864 2152 2 6 •

1295 2177 101 26 Church
1425 2177 21 25 is
1473 2177 106 29 divided,
1607 2177 74 25 when
1709 2177 32 24 he
1776 2184 57 24 says

1394 2215 82 24 Preist
1498 2216 68 23 must
1585 2215 91 31 rigidly
1698 2215 62 30 rule,
1783 2215 51 27 and
1851 2214 18 23 '.'■

1296 2255 44 26 the
1362 2255 178 32 congregation
1561 2255 96 32 blindly
1677 2255 70 33 obey.
1782 2255 73 24 But-
1869 2271 3 3 •

1294 2302 62 17 once
1366 2295 35 24 let
1418 2294 100 31 laymen
1529 2293 65 26 have
1616 2302 16 16 a
1648 2293 71 26 hand
1740 2293 28 25 m
1849 2314 5 3 .

1293 2340 81 25 game,
1387 2333 49 25 and
1448 2333 43 25 the
1504 2333 139 31 dipolution
1661 2334 27 24 of
1704 2342 15 16 a
1732 2332 102 26 Church
1851 2342 4 3 '

1292 2372 22 25 is
1444 2372 34 24 As
1490 2379 15 17 a
1517 2373 93 23 matter
1620 2371 29 28 of
1664 2371 59 30 fact,
1743 2372 34 24 all
1789 2371 43 25 the
1847 2384 4 3 •

1292 2413 140 31 protestant
1445 2411 128 25 Churches
1585 2419 45 17 ara
1648 2407 71 28 ruled
1735 2410 33 32 by
1789 2410 43 25 the
1857 2418 3 4 ■

1292 2450 69 31 laity*
1383 2450 67 31 -Lay
1467 2449 124 25 members
1610 2450 65 24 have
1697 2450 44 28 the
1763 2457 69 17 same
1857 2463 4 4 -

1275 2498 4 4 •
1293 2488 87 31 voting
1401 2495 83 24 power
1507 2485 57 27 that
1587 2487 43 25 the
1653 2487 80 32 clergy
1758 2487 73 26 have.
1853 2500 5 5 •

1278 2539 3 5 -
1293 2528 88 25 Hence
1392 2528 44 24 the
1458 2535 165 23 permenence
1644 2527 50 25 and
1717 2527 115 31 strength
1858 2537 4 5 •

1293 2566 29 25 of-
1326 2566 113 32 religion.
1476 2564 60 27 Will
1556 2573 62 25 your
1639 2565 193 33 correspondent

1294 2606 37 23 set
1343 2604 104 25 himself
1456 2610 33 25 up
1509 2605 26 23 to
1546 2604 30 24 be
1597 2612 15 16 a
1632 2604 80 25 better
1733 2604 106 29 citizen,,

1293 2650 28 17 or
1349 2650 22 16 at
1397 2650 70 16 more
1489 2643 4 3 '
1500 2641 122 26 desirable
1636 2666 3 3 .
1662 2641 112 25 member
1789 2660 3 8 ,
1806 2641 33 25 of»
1845 2644 5 15 ;

1294 2680 100 32 society,
1408 2680 61 24 than
1481 2680 43 24 the
1547 2687 77 24 many
1647 2679 187 33 distinguished
1844 2689 8 13 >

1293 2721 101 30 laynien
1408 2720 55 24 that
1479 2720 92 30 belong
1594 2721 25 23 to
1640 2720 43 25 the
1704 2720 127 26 Christian

1294 2758 144 25 Churches.?
1474 2757 62 25 Will
1555 2758 32 24 he
1602 2754 63 29 stick
1684 2760 26 22 to
1728 2758 35 31 it,,
1775 2757 57 25 that

1294 2796 34 24 all
1340 2795 71 25 these
1422 2795 101 32 laymen
1547 2803 42 17 are
1611 2795 166 25 hoodwinked
1799 2795 33 32 by

1293 2834 43 25 the
1350 2834 103 31 clergy?
1488 2834 52 25 But
1551 2835 26 24 to
1596 2834 56 30 end,
1677 2834 44 25 the
1743 2833 101 26 christ-

1293 2873 43 24 ian
1347 2872 106 32 religion
1464 2872 22 24 is
1503 2880 14 16 a
1537 2873 70 31 great
1624 2872 59 25 fact.
1718 2872 113 25 A-stub-

1293 2912 66 25 born;
1383 2912 59 24 fact'
1467 2912 55 25 that
1549 2920 66 24 your,
1640 2912 192 32 correspondent

1276 2954 11 27 .':
1294 2953 67 23 can't
1378 2953 41 30 get
1422 2959 3 10 :
1436 2951 38 24 rid
1491 2951 28 25 of
1523 2960 5 21 ;
1545 2951 60 27 Jike
1609 2969 7 12 L
1623 2952 72 25 other
1720 2952 63 25 facts
1811 2952 21 25 it

1293 2991 69 23 must
1390 2989 63 25 have
1481 2989 51 25 had
1541 2998 35 16 -a
1606 2998 87 22 cause;
1730 2990 117 25 Secular-

1293 3030 96 31 history
1401 3029 106 26 testifies
1519 3029 56 25 that
1588 3030 70 25 there
1677 3030 23 25 is
1716 3038 39 17 no.
1761 3030 72 25 other
1845 3027 17 15 ''■'■

1294 3075 82 22 cause,
1401 3067 45 25 but
1464 3067 44 25 the
1524 3075 48 17 one
1601 3069 116 31 assigned
1734 3069 27 25 m
1789 3069 44 25 the
1857 3079 3 4 •

1294 3106 61 25 New
1365 3106 156 24 Testament.

1235 3165 2 2 .
1256 3149 2 3 '
1315 3164 2 2 .
1335 3148 2 3 '
1494 3143 82 25 Yours
1589 3144 41 24 &c.

1309 3204 3 3 .
1347 3207 3 1 .
1542 3206 3 2 .
1586 3182 112 26 Citizen.

1328 3292 86 30 Sip,—
1416 3292 69 26 Your
1503 3295 111 30 reporter
1633 3294 92 25 admits
1739 3295 94 32 having

1294 3328 61 26 been
1368 3332 25 23 to
1414 3331 44 24 the
1504 3332 51 31 pub
1605 3332 81 25 before
1708 3333 77 31 going
1807 3335 26 23 to

1292 3370 84 29 report
1388 3375 3 4 '
1404 3370 41 24 Mr
1477 3370 139 31 Hosking's
1649 3371 103 29 lecture,
1789 3372 44 25 but

1294 3410 77 24 states
1383 3409 56 25 that
1451 3409 36 29 he,
1503 3412 43 29 got
1557 3410 64 32 good
1638 3412 73 24 value
1732 3412 38 24 for
1793 3412 39 25 his

1273 3453 118 25 ..money.
1426 3448 14 23 I
1468 3448 73 24 think
1570 3457 58 23 very
1656 3450 47 24 few
1728 3459 104 22 persons

1292 3484 56 25 who
1360 3485 59 24 read
1431 3485 43 25 the
1490 3488 84 30 report
1599 3488 80 24 would
1701 3488 30 25 be
1755 3489 77 30 gifted

1292 3521 61 25 with
1383 3523 123 25 sufficient
1534 3525 120 33 credulity
1684 3528 26 22 to
1737 3526 95 25 believe

1292 3560 56 25 that
1394 3562 143 25 statement.
1606 3563 69 25 Your
1687 3573 6 9 ■•
1720 3566 115 29 reporter.
1841 3580 5 4 -

1292 3597 103 32 charges
1405 3606 42 16 me
1467 3599 62 25 with
1541 3600 110 33 desiring
1673 3603 30 23 to'
1723 3602 108 31 provoke
1842 3619 3 8 -,

1292 3643 15 16 a
1318 3635 149 26 discussion.
1502 3638 14 24 I
1532 3638 53 24 will
1608 3640 69 24 leave
1698 3640 20 24 it
1731 3642 25 23 to
1769 3648 62 25 jour

1291 3674 99 25 readers
1402 3683 26 16 10
1440 3673 91 27 decide'
1536 3676 56 26 who
1604 3677 21 26 is
1638 3678 42 25 the
1693 3685 136 25 aggressor.

1291 3713 15 23 I
1329 3713 73 24 think
1431 3721 73 24 every
1534 3714 49 25 one'
1608 3716 52 26 will
1678 3716 80 25 admit
1788 3717 43 24 the

1292 3751 149 24 statements
1453 3752 59 25 that
1522 3753 49 24 the-
1585 3754 62 25 Free
1670 3754 159 28 Methodists,

1292 3796 27 16 as
1331 3797 15 15 a
1355 3788 72 31 body,
1438 3798 63 16 were
1511 3791 77 31 gifted
1600 3792 61 24 with
1675 3791 156 25 •'unlimited

1450 3836 49 16 was
1520 3829 106 31 entirely
1645 3830 115 24 uncalled
1783 3830 45 25 for.

1292 3864 69 24 Your
1372 3867 110 28 reporter
1504 3874 57 24 says
1574 3865 56 27 that
1652 3868 40 30 he,
1708 3868 59 24 does
1785 3871 45 21 not

1292 3911 40 16 see
1344 3903 42 24 the
1400 3911 42 17 use
1454 3904 28 24 of
1490 3904 147 33 discussing'
1643 3914 42 23 my
1699 3906 131 31 challenge
1848 3911 15 9 ''

1292 3942 25 23 to
1337 3949 75 23 prove
1423 3941 145 29 .Methodist
1587 3944 128 31 credulity.
1758 3944 70 30 Now,

1903 188 108 21 •.;■.'.
2103 182 158 27 -:.-.'..!'.-M-3
2306 183 47 24 YM
2416 207 2 2 .
2473 195 3 2 ■

1926 210 57 25 that
1999 211 22 25 ig
2042 212 46 26 not
2107 210 49 26 .the
2185 210 125 37 question.
2344 210 15 25 I
2386 210 101 33 called__

1883 261 14 21 >.\
1926 259 68 23 upon
2005 250 55 26 him
2072 252 25 24 to
2105 274 4 2 .
2120 258 75 24 prove
2208 249 55 26 that
2284 250 63 25 Free
2367 249 98 26 Metho-

1886 300 17 16 :v
1926 291 62 24 dists
2001 299 63 16 were
2081 294 73 21 .rnbro
2177 289 144 26 credulousl
2331 290 64 24 than
2416 298 50 24 any

1888 335 4 9 '
1900 336 5 17 :
1926 331 70 24 other
2007 332 98 30 portion
2128 330 24 25 of
2156 351 3 3 .
2164 330 44 25 the
2225 329 164 33 community.
2423 330 42 25 He
2470 351 8 4 ,

1894 372 4 8 '
1926 381 56 24 says
2013 374 57 24 that
2086 374 46 24 he'
2145 373 66 25 finds
2237 372 122 33 credulity
2376 380 89 18 means

1882 410 19 21 '■■'■
1910 416 6 10 l
1925 411 123 33 believing
2068 412 107 25 without
2195 409 124 27 sufficient
2338 411 124 26 eVidence.

1924 452 14 24 I
1960 452 53 25 find
2031 452 55 25 that
2103 452 21 25 it
2154 452 90 32 simply
2269 459 88 18 means
2385 451 78 33 easily

1896 491 139 31 -imposed
2047 498 41 17 or.
2124 490 133 25 Therefore
2275 498 62 24 your
2351 491 112 31 reporter

1924 529 89 25 should
2026 529 64 25 have
2100 529 92 31 proved
2204 529 56 26 that
2280 529 63 24 Free
2362 529 100 25 Metho-

1924 567 63 24 dists
2006 575 42 16 are
2060 575 69 16 more
2141 567 77 31 easily
2229 567 111 31 imposed
2353 574 34 18 on

1900 606 73 31 £.any
1975 609 3 12 :
1992 605 73 25 other
2075 607 56 30 part
2143 605 27 25 of
2185 605 44 25 the
2248 605 164 32 community.
2447 605 15 25 I

1906 645 69 25 -'will
1989 653 57 18 now
2061 645 105 32 proceed
2185 647 27 23 to
2223 645 68 32 reply
2302 645 27 25 to
2340 645 41 25 his
2403 645 59 33 silly

1891 689 21 15 ■:>
1924 685 148 23 statements
2080 684 150 31 concerning
2242 684 44 24 the
2295 691 104 24 parsons
2410 684 52 24 and

1912 722 54 24 •the
1980 722 100 24 Church
2100 723 164 30 government
2276 722 46 24 &c.'
2326 726 7 13 r
2343 721 35 25 'It

1897 759 57 25 -be
1973 759 116 32 deplored
2113 759 56 25 that
2187 767 62 24 your
2264 756 118 34 -tfeportfer
2397 785 4 3 .
2404 759 58 26 who
2469 773 5 5 -

2061 799 62 25 such
2136 798 63 33 higli
2210 797 165 36 attainment's
2395 804 28 24 a$
2434 800 27 25 to
2485 814 2 4 ■

1965 838 55 26 able
2032 840 26 24 to
2081 839 107 26 criticise
2208 847 15 17 a
2244 837 144 34 Geological
2409 839 78 26 and-

1896 878 4 9 ;
1923 877 185 26 Astronomical
2119 877 107 26 Lecture
2239 877 90 26 should
2340 878 120 29 manifest

1884 929 5 4 ■
1922 915 62 24 such
1995 915 152 26 lamentable
2164 915 135 33 ignorance
2309 910 37 30 b'rV
2354 917 116 26 matters:

1921 953 143 32 pertaining
2075 955 25 23 to
2122 953 114 33 religion.
2251 974 14 16 u
2270 953 42 25 He
2323 961 44 25 say
2368 961 12 17 s
2380 979 14 10 v>
2402 953 57 26 that
2480 956 7 31 j

1998 991 100 25 Church
2116 999 48 17 can
2186 991 75 25 stand
2260 990 3 12 :
2352 990 72 26 that"'
2436 990 25 27 is
2486 1003 1 2 ■

1921 1032 47 23 not
2009 1031 152 32 thoroughly
2194 1031 137 25 autocratic
2337 1037 9 21 .'
2357 1030 5 14 :
2362 1031 30 27 in
2424 1030 36 26 its

2157 1068 48 26 Let
2228 1077 41 17 me
2281 1074 10 12 7
2291 1069 92 25 inform
2402 1065 57 29 hini
2483 1072 4 3 '

1901 1131 2 2 .
1921 1108 112 26 thaithe
2052 1109 63 25 Free
2135 1109 142 25 Methodist
2282 1112 5 16 *
2293 1110 166 31 government
2481 1105 6 31 .!

1920 1148 23 25 is
2025 1149 36 24 in'
2074 1149 45 25 the
2147 1150 64 24 least
2239 1152 144 29 autocratic,
2412 1148 46 30 but

1921 1188 159 26 democratic.
2124 1189 54 25 The
2194 1216 4 5 ,
2209 1189 126 26 members
2340 1191 145 35 vfgovernv

1897 1235 4 12 •■
1921 1225 43 28 the
1982 1227 121 29 minister,
2122 1227 44 25 the
2183 1227 124 26 mmister'
2325 1227 60 27 does
2411 1231 47 25 not

1920 1264 92 31 gOvefri
2025 1265 44 24 the
2091 1264 133 25 members.
2259 1265 22 25 A
2303 1266 115 26 minister
2434 1268 23 25 is

1920 1305 58 31 only
1990 1305 134 31 appointed
2136 1305 39 25 for
2183 1312 47 19 one
2251 1313 59 25 year
2322 1306 32 25 at'
2359 1315 16 17 a
2385 1307 71 27 time.

1907 1344 39 24 •If
1955 1346 26 23 at
1993 1345 43 26 the
2048 1345 49 24 end
2117 1345 27 24 of
2160 1345 47 25 the
2226 1353 59 24 year
2306 1346 112 28 there.is
2441 1356 16 18 a

1894 1405 6 4 ,
1920 1382 117 36 Majority
2046 1378 5 5 '
2064 1391 27 16 m
2108 1383 87 25 favour
2211 1383 28 25 of
2263 1377 126 40 reliamißg
2415 1385 41 26 his

1921 1421 113 30 services,
2046 1421 33 26 he
2089 1422 22 25 is
2132 1423 74 31 again
2216 1419 108 29 invited/
2355 1424 70 27 This-
2432 1425 24 26 is

1894 1468 21 13 -•'
1920 1460 61 24 done
1981 1470 2 13 i
1995 1461 120 32 annually
2128 1461 65 25 until
2204 1469 16 17 a
2234 1461 118 33 majority
2483 1477 4 6 <

1893 1513 8 15 :.
1921 1508 14 16 a
1947 1498 104 33 change.
2063 1520 5 9 ,
2086 1500 69 26 Your
2166 1503 109 30 reporter
2373 1510 33 18 on
2428 1504 28 25 to

1896 1549 9 4 -
1921 1546 43 23 say
1969 1538 62 25 'that
2035 1538 28 24 'if
2073 1538 42 26 the
2127 1539 62 32 laity
2204 1542 68 22 were'
2278 1540 140 31 permitted/
2429 1542 27 25 to
2474 1553 13 18 -;

1919 1577 66 25 have
2002 1587 15 15 a
2039 1578 69 24 hand
2124 1579 28 23 m
2169 1579 103 24 Church
2300 1587 16 17 a
2319 1580 65 26 lairs
2411 1579 45 28 the

2088 1621 26 25 of
2129 1622 43 24 the
2190 1622 101 25 Church
2315 1623 82 33 might
2425 1623 32 28 be

1910 1658 78 29 .slow,
2001 1659 45 25 but
2057 1660 20 24 it
2088 1660 81 25 would
2191 1660 31 25 be
2234 1658 64 28 siite.
2309 1662 3 6 '
2399 1662 56 29 -SiCf

1895 1712 5 4 -
1908 1697 87 27 .allow-
2003 1706 41 16 me
2053 1699 26 23 to
2090 1698 93 24 inform
2194 1698 54 24 him
2257 1698 57 25 that
2329 1699 77 28 there;
2411 1708 44 18 are
2467 1723 8 6 ..

1880 1741 27 25 s.*
1919 1738 68 31 very'
2080 1738 129 25 Churches
2224 1731 55 31 'iri^
2296 1735 84 29 wMcli
2413 1740 55 27 the,

1887 1781 6 21 r
2052 1776 68 26 -have
2140 1780 46 23 not
2198 1772 134 32 a'liand^in
2334 1778 4 10 I
2342 1777 5 11 '
2354 1774 113 33 inaWng..

1886 1817 77 29 v.-tbe
1975 1817 125 33 laws.by,
2095 1815 83 27 whicH
2190 1818 59 31 they
2316 1819 141 32 'governed.
2479 1835 2 1 ■

1920 1857 32 25 In
1969 1855 73 34 proof
2056 1858 28 28 pf
2098 1858 59 24 this'
2166 1858 18 24 I
2197 1853 64 30 refer
2415 1861 44 25 the
2480 1875 7 14 :

1899 1894 117 35 ■ifeporfcs
2028 1894 39 29 'of
2082 1898 44 26 the
2154 1898 99 26 various
2283 1898 98 33 Synods
2408 1900 78 30 and..

1882 1955 4 4 -
1913 1955 3 4 •
1921 1938 163 27 Conferences
2088 1938 67 36 jlfeld
2169 1938 28 24 m
2217 1938 55 25 the*
2279 1939 104 35 Colony.
2418 1940 42 26 He
2467 1957 9 10 >
2476 1959 5 9 :

1902 1978 5 18 '"■
1920 1974 55 35 w;ilf
1977 1972 143 42 'thfjre^nd
2129 1978 58 25 that
2198 1987 15 17 a
2223 1977 70 34 lkrge
2303 1980 108 26 number
2433 1980 29 30 pf
2470 1998 9 11 t
2480 2007 2 2 .

1896 2017 125 32 i'iaynte'n
2033 2026 42 16 are
2091 2020 107 29 .present
2213 2027 29 16 as
2253 2020 206 30 representatives

1921 2050 133 46 app'oinjied
2073 2082 7 11 t
2076 2057 43 32 by.,
2135 2058 45 24 the
2208 2058 132 38 niembers^r
2345 2051 11 11 '
2359 2060 30 31 pf
2414 2060 44 26 the

1912 2097 107 25 •various
2053 2097 137 30 Churches.
2245 2098 70 26 Your
2347 2101 111 31 reporter
2474 2117 4 4 •

1887 2148 9 6 ••
1912 2133 241 40 'fuTttfer'say^.ihat
2168 2137 43 25 the
2359 2139 98 32 strictly
2476 2154 3 5 •

1919 2169 87 32 forMd*
2028 2176 70 26 th<eir.
2326 2178 38 39 |p.j
2383 2178 74 27 think
2481 2192 6 14 .:

1896 2224 3 3 •
2155 2227 6 3 •
2179 2215 63 26 Now
2272 2216 47 30 Sir,
2350 2216 63 25 such
2441 2225 16 17 a
2462 2234 3 11 :

1894 2260 4 7 1
1921 2255 134 26 statement
2062 2281 8 7 K
2074 2255 76 31 is,.tQ.o
2160 2254 137 32 ridiculou^
2297 2255 37 27 'to
2350 2256 105 28 discuss,

1900 2295 5 15 j
1921 2294 124 28 Gdmmon..
2064 2303 71 19 sense
2142 2312 5 5 •
2154 2295 86 26 -would
2258 2296 48 28 .tell
2334 2303 49 26 any
2408 2305 48 18 one

1987 2336 19 23 if
2015 2343 27 21 a.
2048 2336 116 24 minister
2169 2336 111 28 -fprbade
2290 2336 45 30 |ns.
2352 2345 103 24 .congre-
2462 2345 21 19 •;'

1906 2376 98 32 ,'gation
2016 2378 25 23 to
2052 2376 66 25 beck.
2122 2376 38 25 for
2170 2375 83 33 proofs
2270 2376 93 35 of.the^
2383 2377 72 27 truth
2479 2387 3 7 ■

1919 2415 27 24 of
1965 2415 39 27 its,
2010 2415 72 25 creed
2100 2415 21 24 it
2143 2414 83 25 would
2240 2416 74 25 most,
2329 2415 126 33 assuredly

1900 2459 1 2 ■
1908 2451 2 11 :
1918 2452 57 25 lead
1997 2454 26 23 to
2039 2453 34 24 its
2090 2452 76 32 doing
2193 2460 37 21 so»
2237 2463 4 18 ;
2259 2453 50 24 and
2319 2466 12 14 ;.
2337 2445 59 36 tb^us
2420 2453 33 25 he

1901 2514 2 3 .
1918 2491 83 35 wpujd
2011 2492 118 25 frustrate
2139 2491 41 26 his
2182 2512 11 9 ::
2199 2500 56 17 own
2266 2491 110 42 objectjy
2389 2493 78 29 Now.

1879 2547 2 17 i
1920 2532 48 30 Sir,
1973 2551 3 8 :
1992 2532 22 27 if.
2032 2535 75 29 ytfur'.
2115 2534 111 30 reporter
2247 2533 77 31 really
2331 2533 124 26 ;helieyes

1919 2573 43 25 the
1971 2574 148 24 statements
2145 2573 98 28 :\vhxchi
2251 2573 33 26 he
2305 2573 48 26 has
2372 2573 82 31 made,

1918 2613 32 24 he
1963 2613 71 26 .does,
2047 2620 32 17 .so
2092 2619 5 10 ;
2102 2621 33 16 on
2319 2619 4 5 '
2329 2613 126 26 evidence.

1883 2650 22 24 '".
1919 2650 132 35 The^efoire
2064 2650 26 24 if
2293 2651 28 25 of
2333 2651 44 26 the
2388 2651 68 26 word

1909 2693 26 26 /!
1942 2690 120 33 credulity
2071 2691 57 25 -be
2140 2688 101 35 c6rreq,t,
2249 2700 5 13 i
2262 2691 37 25 h&
2306 2691 48 26 has
2364 2692 93 34 proved

1880 2730 23 26 :'■"
1918 2729 105 26 himself
2032 2733 26 21 to
2069 2731 29 23 be
2105 2738 63 23 -very
2179 2730 130 25 credulous
2320 2731 98 25 indeed.

1906 2769 4 13 :
1964 2765 2 2 '
1980 2758 22 33 '.'
2020 2786 10 8 ,
2047 2780 27 17 \..
2102 2787 3 3 ■
2117 2761 140 34 YMi£&c.
2264 2778 13 11 ■'
2305 2770 36 22 -.''■
2357 2776 3 5 •
2392 2790 4 3 .

2109 2809 4 3 '
2119 2825 13 15 .-,
2160 2823 5 12 •.
2194 2811 94 32 .Henry
2302 2811 71 26 Seed';

1880 2858 68 22 -..•-*;•'
1990 2857 28 10 ■•■-
2099 2854 15 30 '.
2128 2863 76 22 i;t«v'-"
2219 2861 38 28 •''•;
2291 2867 4 5 •
2320 2863 4 3 '
2340 2855 21 21 rv

1920 2985 37 39 A.
1975 2979 298 43 SENSATIONAL
2303 2986 155 34 SHOOT-

1880 3024 193 57 ING
2137 3024 321 57 CASE.

1922 3098 6 7 v
1963 3090 30 30 A
2008 3088 184 40 sensatio^j
2209 3089 147 42 sbotttiiig
2369 3091 93 31 affair

1971 3141 4 5 •
1987 3132 145 39 reported
2251 3139 6 11 l
2258 3132 6 6 '
2260 3161 11 11 r
2267 3128 35 41 ;'*C
2302 3133 4 12 l
2309 3135 81 36 ex.a^.
2433 3132 29 30 A

1921 3182 107 30 young
2049 3183 72 19 nian
2137 3173 111 31 uamed
2251 3164 124 50 fields,
2390 3173 70 31 who

1916 3213 83 29 •had'-
2011 3214 91 29 been',
2112 3206 263 48 rejected.^y.^a,
2389 3213 71 40 girl,

1923 3255 71 29 shot
2009 3255 46 29 his
2066 3258 63 28 two
2255 3255 7 14 f
2260 3255 79 30 dead
2351 3255 76 31 with
2442 3265 19 19 a

1922 3296 142 30 revolver
2070 3292 11 30 /
2102 3293 84 38 :.Qne
2199 3289 42 37 o¥
2260 3296 52 30 thS
2335 3296 125 30 victims

1881 3358 2 4 •
1922 3347 64 21 was
2003 3338 3 5 >
2009 3329 153 51 erigag^..
2166 3366 3 5 l
2170 3330 41 46 is$
2209 3369 5 6 t
2215 3356 5 9 <
2229 3337 63 35 th.c;
2306 3336 69 39 girl,
2398 3336 62 30 and
2476 3359 4 4 .

1922 3387 63 21 was
2008 3372 142 46 Availing,
2165 3373 159 45 ajwg-the
2340 3378 73 30 aisle
2428 3376 36 31 of

1922 3421 34 29 th
1960 3432 15 18 e
1984 3452 1 1 .
1992 3420 115 30 church
2133 3420 92 35 wjieu
2232 3428 9 27 ;
2252 3416 59 40 the;
2328 3422 130 38 qittrage

1922 3463 63 28 wa^s
2015 3454 194 37 cbmmiitedi.
2217 3479 5 5 •
2248 3458 212 47 .Av^eG^tatdr
2477 3490 2 3 .

1922 3502 138 41 pursued
2075 3500 61 31 and
2145 3502 88 39 ,^hpt
2246 3493 212 53 isiejqs^^whp

1921 3544 26 28 is
1975 3544 33 29 m
2046 3554 21 18 a-
2089 3543 178 40 precarioiijs

1921 3585 78 28 from
2015 3584 52 29 the
2082 3584 105 29 effects
2202 3583 111 29 of'.Uhe
2334 3582 124 36 WQund.

587 81 174 35 OXFOKD
802 81 93 31 AND
939 80 107 32 OUST
1090 73 224 37 OBSEEfvTMI
1359 72 266 39 SATURD^r
1635 72 102 32 MAY^
1747 72 52 37 27^

2015 3727 178 31 •OEANGE
2224 3710 153 64 H^^

1888 3810 14 55 ;"'
1941 3800 546 81 ;AmK|iN^^Sv|l^^

1920 3878 72 30 held
2009 3878 30 32 m
2136 3877 95 29 above
2253 3866 234 55 ;halj,;vever^|

1879 3924 2 46 [
1919 3923 403 47 Wednesda^ev^Wang/kt
2337 3928 150 40 B.ip.rauvV
