2499 4020
1915 3819 254 40 MUNICIPAL
2197 3819 226 40 COUNCIL.

1974 3897 125 26 Monday,
2105 3890 198 33 October
2304 3890 27 33 31
2316 3893 12 28 ,
2328 3893 64 28 1842.

1928 3961 112 22 Present:
2053 3961 211 22 all-the'M«rhbars
2276 3956 39 27 of'
2315 3956 91 27 Council.

104 864 171 21 SHIPPING
294 864 277 21 INTELLIGENCE.

267 902 143 20 ARRIVED.

73 930 91 20 October
172 931 33 20 29,
214 930 103 20 schooner
324 931 81 24 Henry,
414 931 26 19 17
447 933 56 19 tons,
511 930 123 26 Daymond,

47 957 56 20 from
115 957 71 21 Queen
199 957 128 20 Charlotte's
339 957 72 21 Sound
420 958 42 20 and
474 958 79 25 Cloudy
564 958 52 26 Bay.

77 984 92 20 October
180 986 33 23 30,
225 985 79 26 barque
313 985 82 26 Bolma,
408 986 49 23 245,
472 986 96 25 Twohey,
579 986 55 19 from

45 1012 113 20 Auckland
170 1012 39 20 and
220 1012 100 26 Mercury
333 1012 50 26 Bay.

75 1040 93 19 Octooer
186 1040 35 24 31,
237 1041 106 19 schooner
356 1041 60 23 Jane,
434 1041 34 23 15,
483 1040 80 26 Vendy,
580 1040 54 20 from

46 1067 86 20 Palliser
146 1068 48 25 Bay.

74 1095 60 20 Same
145 1096 45 25 day,
202 1095 47 25 brig
257 1096 118 23 Elizabeth,
387 1096 47 25 230,
446 1095 122 27 Guthridge,
579 1096 55 19 from

44 1122 132 26 Valparaiso.
588 1123 4 9 '

269 1160 4 3 '
285 1167 117 20 SAILED.

77 1193 59 21 Octr.
154 1195 34 21 29,
207 1194 78 26 barque
304 1195 72 24 Eagle,
398 1196 40 19 438
459 1197 56 22 tons,
533 1195 101 27 Buckley,

46 1221 33 19 for
91 1221 42 25 Bay
145 1222 24 19 of
183 1221 73 26 Plenty
268 1223 40 18 and
321 1223 92 24 Sydney.

74 1249 60 19 Same
145 1249 47 25 day,
203 1249 46 25 brig
260 1250 78 22 Diana,
350 1250 31 19 for
392 1250 96 20 Twofold
500 1250 50 25 Bay.

73 1275 60 21 Oclr.
145 1277 34 23 31,
193 1277 104 20 schooner
312 1277 79 24 Maori,
405 1278 24 19 15
446 1282 55 19 tons,
514 1278 33 20 for
556 1278 78 26 Wyde-

44 1309 47 20 rop.

74 1331 60 19 Same
150 1330 47 26 day,
208 1331 120 26 brigantine
345 1332 107 25 Adelaide,
472 1333 25 20 96
508 1335 55 22 tons,
576 1333 58 20 Hur-

46 1354 76 29 bur'gh,
133 1358 34 20 for
179 1357 115 23 Auckland.

272 1405 33 19 IN
321 1405 85 21 PORT.

70 1432 83 25 Barque
172 1432 115 24 Clydeside,
298 1433 41 19 256
355 1435 56 21 tons,
433 1433 129 25 Mathieson,
576 1434 54 20 refit-

40 1461 57 24 tingi
126 1459 67 20 Waitt
202 1459 41 20 and
253 1460 75 26 Tyser,
337 1461 88 25 Agents.

70 1487 83 26 Barque
162 1487 126 26 Indemnity,
299 1489 41 19 450
358 1492 58 21 tons,
433 1489 85 24 Adams,
532 1490 102 25 refitting.

42 1516 89 24 Agents,
143 1515 66 19 Waitt
220 1516 42 19 and
272 1516 75 25 Tyser.

71 1543 108 19 Schooner
203 1543 57 24 Ann,
286 1545 27 19 22
340 1547 56 21 tons,
424 1544 83 25 Brown,
530 1545 43 20 laid
597 1552 36 19 up.

42 1571 78 25 Agent,
133 1569 66 20 Waitt
209 1571 41 19 and
262 1571 73 26 Tyser.

73 1598 82 25 Barque
169 1598 94 26 Amwell,
282 1600 40 19 300
338 1602 55 24 tons,
414 1600 75 20 Hesse.
518 1600 77 26 Agent,
611 1601 23 20 J.

44 1626 33 20 M.
88 1625 86 25 Taylor.

70 1653 123 24 Brigantine
206 1653 104 25 Cheerful,
324 1655 39 19 120
374 1658 56 21 tons,
447 1656 73 19 Foster
556 1656 78 26 Agent,

46 1680 107 25 Ridgway,
165 1680 39 19 and
216 1680 38 22 Co.

71 1708 107 19 Schooner
195 1708 63 26 Kate,
278 1709 26 20 62
316 1712 55 24 tons,
390 1710 136 22 Macfarlane.
555 1711 78 25 Agent,

44 1735 25 20 T.
82 1734 31 21 M.
126 1734 123 21 Machattie.

73 1762 82 26 Barque
179 1763 77 25 Bright
275 1764 84 24 Planet,
381 1765 40 20 187
441 1768 55 24 tons,
517 1766 115 24 Morrison,

44 1791 78 25 Agent,
134 1790 25 20 C.
171 1790 31 20 M.
216 1791 78 20 Evans.

72 1818 121 25 Brigantine
213 1819 101 23 Hannah,
333 1820 26 19 U0
380 1823 56 21 tons,
456 1821 52 20 Bell.
545 1821 88 24 Agents,

45 1844 70 21 Willis
126 1846 41 19 and
178 1845 37 20 Co.

73 1873 108 20 Schooner
197 1874 109 19 Susannah
324 1875 54 25 Ann,
392 1875 26 21 79
430 1879 55 21 tons,
502 1877 131 26 Dougherty.

45 1900 77 26 Agent,
133 1900 72 21 Wade.

77 1927 107 21 Schooner
193 1929 83 25 Henry,
290 1929 25 21 17
326 1932 56 22 tons,
398 1930 117 26 Daymond.
545 1932 88 25 Ageuts,

44 1955 93 19 Wallace
148 1955 40 19 and
204 1955 39 22 Co.

73 1983 84 24 Barque
167 1984 84 23 Bolina,
263 1985 40 19 245
315 1987 55 21 tons,
381 1985 99 20 Twohev.
508 1986 21 20 J.
540 1986 93 24 Salmon,

47 2009 76 26 Agent.

73 2037 108 20 Schooner
190 2038 59 23 Jane,
263 2039 25 19 15
296 2040 55 22 tons,
362 2039 83 26 Vendy.
475 2040 72 25 Wade,
555 2040 78 26 Agent.

72 2065 51 24 Brig
132 2065 115 24 Elizabeth,
267 2067 40 19 230
319 2069 55 24 tons,
391 2067 124 26 Guthridge.
545 2069 88 25 Agents,

47 2091 111 26 Ridgways
167 2093 41 20 and
219 2093 39 20 Co.

220 2145 123 22 CUSTOM
359 2147 107 20 HOUSE.

210 2216 106 14 inwards
317 2220 26 4 —
347 2217 133 15 coastwise.

74 2239 29 21 In
122 2246 46 14 the
369 2248 63 15 from
449 2249 47 14 the
510 2243 123 21 Chatham

48 2266 100 22 Islands
150 2279 27 3 —
178 2268 80 21 .Willis
277 2270 43 19 and
341 2270 42 24 Co.,
406 2271 86 24 Agents.
495 2281 26 4 —
524 2271 23 20 15
574 2272 59 19 cat-ks

48 2300 67 20 sperm
125 2296 37 22 oil,
174 2296 25 19 15
211 2298 49 18 tons
269 2300 104 22 potatoes,
386 2298 25 19 65
425 2298 54 25 pigs.
508 2298 125 26 Passengers

48 2332 25 4 —
76 2322 60 26 Capt.
152 2322 79 25 Tulett,
244 2324 61 26 Capt.
322 2324 82 25 Pearce,
422 2325 43 20 Mr.
482 2325 91 25 Horder,
585 2328 12 19 8
613 2327 20 20 in

48 2350 36 19 the
94 2352 99 23 steerage,
206 2350 95 25 Ponaara,
312 2352 53 23 wife,
378 2352 41 20 and
429 2353 26 19 20
467 2353 99 20 Maories.

77 2376 28 19 In
114 2383 46 13 the
311 2385 64 14 from
390 2379 117 20 Palliser,
522 2380 59 21 Bay.
583 2392 27 3 —
611 2382 22 19 /.

52 2404 71 24 Wade,
134 2406 75 23 Agent.
213 2416 25 4 —
241 2406 10 19 1
263 2408 38 17 tun
312 2413 68 19 sperm
392 2407 36 23 oil,
441 2408 12 19 6
463 2409 45 18 cwt.
520 2415 86 19 copper.

77 2431 29 20 In
125 2437 48 15 the
357 2440 62 13 from
444 2435 138 20 Auckland.
586 2447 25 4 —
613 2437 20 19 J.

50 2459 92 24 Salmon,
166 2460 103 24 Agent.—
269 2461 92 25 l46,ooo
387 2461 42 20 feet
453 2462 80 26 timber,
556 2463 77 23 30,000

48 2486 89 26 palings,
149 2488 76 22 25,000
237 2488 99 25 shingles,
351 2489 29 19 N.
391 2489 34 26 Z.,
437 2491 11 18 4
465 2490 67 25 drays,
544 2491 11 19 5
572 2492 61 19 hhds.

49 2514 86 26 brandy,
156 2515 23 20 10
197 2522 57 13 cases
271 2517 44 25 gin,
335 2517 10 19 1
366 2523 47 14 case
432 2517 155 28 ironmongery,
609 2520 24 19 13

48 2548 57 14 cases
116 2542 60 24 wine,
186 2543 13 19 3
209 2543 63 20 casks
283 2544 60 24 wine,
362 2545 11 19 1
385 2550 47 14 case
449 2545 66 20 hams.
547 2546 86 20 Passen-

48 2569 96 25 gers—J.
174 2570 85 20 Salmon
283 2571 42 19 and
343 2575 92 19 servant,
461 2572 39 20 and
520 2574 12 19 8
556 2573 24 21 in
600 2575 33 20 the

48 2599 101 23 steerage.

155 2656 127 26 Speculator,
296 2658 66 19 which
371 2658 39 21 left
420 2659 109 21 Auckland
539 2660 23 19 in
576 2660 57 26 July,

50 2682 113 21 andsailed
173 2684 53 19 from
238 2684 100 27 Mercury
348 2685 44 26 Bay
401 2693 27 13 on
439 2687 36 20 the
487 2688 49 19 12th
542 2688 91 26 August,

49 2709 19 20 is
88 2713 37 17 not
144 2712 98 24 reported
263 2719 22 13 as
305 2713 80 20 arrived
404 2716 21 17 at
445 2714 135 27 Wellington,
601 2717 32 19 the

49 2738 60 25 place
119 2738 25 19 of
155 2738 38 20 her
207 2739 127 20 destination
337 2751 25 3 —
364 2747 57 14 some
433 2742 84 26 anxiety
531 2744 102 26 naturally

49 2765 90 25 prevails
150 2766 64 19 ahout
224 2766 60 21 her."'
287 2778 26 4 —
316 2769 110 20 Auckland
437 2770 73 20 Times.

77 2792 40 20 We
130 2794 52 19 have
192 2794 53 19 been
259 2794 104 21 informed
374 2797 46 19 that
433 2797 36 20 the
480 2797 124 26 Speculator
617 2799 16 20 is

49 2825 13 14 a
77 2821 67 19 vessel
153 2820 24 21 of
189 2822 65 19 about
269 2822 26 20 40
314 2825 55 22 tons,
387 2824 47 20 that
451 2825 36 19 she
496 2826 42 19 had
557 2827 76 19 several

48 2853 128 21 passengers,
186 2849 40 20 and
242 2856 12 13 a
264 2851 83 24 general
361 2858 70 19 cargo.
461 2852 40 20 She
515 2853 18 21 is
548 2860 49 13 now
613 2860 20 14 so

48 2875 51 26 long
108 2882 49 13 over
167 2876 39 20 due
219 2877 44 20 that
273 2878 18 19 it
300 2878 18 19 is
327 2879 81 26 greatly
418 2881 22 19 to
451 2879 25 21 be
486 2879 71 21 feared
567 2881 38 21 she
614 2888 19 14 as

49 2902 115 21 foundered
174 2906 22 17 at
206 2910 43 14 sea.

77 2929 44 21 The
136 2931 45 25 brig
197 2932 80 25 Tobago
291 2933 42 20 had
348 2933 51 21 been
414 2935 107 21 chartered
535 2938 24 18 to
572 2936 61 27 bring

48 2959 104 23 potatoes,
163 2959 73 24 maize,
247 2960 42 20 and
300 2961 81 24 timber,
393 2961 55 21 from
458 2963 35 20 the
501 2963 53 20 East
564 2964 69 24 Coast,

49 2987 23 17 to
84 2984 50 20 Port
144 2985 125 22 Nicholson.
281 2990 3 8 '
304 2997 2 4 •

77 3011 45 20 The
136 3013 53 19 Jane
201 3013 90 24 Clifford
303 3014 41 20 had
359 3016 100 25 arranged
472 3019 22 17 to
507 3018 103 25 purchase
625 3025 8 13 a

50 3044 62 20 cargo
121 3039 25 19 of
157 3045 59 20 spars
225 3040 34 20 for
265 3041 45 22 .the,
315 3041 68 21 China
393 3043 87 20 market.

77 3065 45 20 The
135 3066 101 24 Tortoise,
253 3067 144 22 Government
406 3072 56 18 store
477 3070 54 27 ship,
541 3077 42 14 was
599 3072 34 20 ob-

51 3093 82 26 taining
143 3100 57 19 spars
211 3100 28 14 on
250 3095 36 20 the
296 3095 97 21 Thames.

41 3155 95 58 New
167 3155 221 58 Zealand
419 3155 221 58 Gazette

91 3213 68 23 AND
174 3213 218 25 WELLINGTON
411 3217 186 24 SPECTATOR.

115 3271 3 5 '
137 3267 157 28 Wednesday;
310 3270 130 22 November
454 3272 20 26 2,
491 3272 60 21 1842.

84 3316 44 24 We
139 3317 70 24 invite
222 3320 111 23 attention
345 3324 22 20 to
388 3321 38 24 the
446 3324 189 24 communication

38 3349 44 31 'by
96 3349 75 30 Ceres,
185 3351 81 24 -which
284 3351 103 33 appears,
397 3354 24 23 in
440 3354 99 33 to-day's
559 3365 76 24 paper,

40 3391 43 19 ..on.
93 3382 39 25 the
151 3384 88 32 subject
257 3385 34 24 of.
305 3391 23 19 at
348 3394 56 16 once
425 3388 116 32 obtaining
559 3398 76 17 means

51 3417 54 23 with
113 3416 77 24 .which
203 3422 23 20 to
239 3426 128 17 commence
380 3421 54 23 road
446 3421 102 32 making.
596 3435 5 10 >

42 3462 3 3 ■
87 3450 23 24 It
122 3450 45 24 will
179 3450 28 24 be
220 3459 53 16 seen
287 3451 68 25 Ceres
373 3455 160 28 recommends,
540 3456 48 24 that
600 3457 35 24 the

39 3482 121 29 .colonists
173 3486 3 5 *
195 3484 83 25 should
285 3481 18 36 ,|'
313 3483 112 40 ascertain
454 3487 78 27 from,'
542 3489 93 26 Colonel

192 3517 40 24 the
239 3523 84 23 -extent
329 3512 35 35 JD&
375 3519 36 24 his
417 3516 80 36 'power
508 3526 23 20 to
544 3523 37 24 aid
593 3524 42 23 this

39 3564 3 4 ■
52 3550 146 28 settlement,.
201 3551 76 24 anddf
291 3552 19 23 it
321 3552 53 23 does
384 3558 41 19 not
435 3562 82 23 appear
524 3556 111 24 sufficient

52 3581 49 24 that
112 3590 14 16 a
143 3584 141 24 memmorial
303 3593 30 15 on
353 3585 38 24 the
408 3587 92 31 subject-
511 3589 94 24 should-
609 3590 26 23 be

52 3618 52 20 sent
114 3615 66 24 home
191 3622 28 17 to-
224 3613 42 28 'the
272 3617 141 34 -Company,
423 3635 5 14 r
433 3620 40 24 but
491 3621 91 32 thajt-in
600 3623 35 23 the

53 3654 66 17 mean
129 3649 60 29 time,
200 3655 23 18 to
232 3651 149 23 save'further
388 3653 93 23 ruinous
492 3653 72 32 delay,
574 3660 22 19 to
604 3661 31 18 set

54 3680 85 23 on'foot
141 3695 4 8 :
147 3681 253 34 a.bbnd3piedging'the
413 3686 141 25 subscribers
566 3691 22 20 to
600 3686 35 32 the,'

39 3718 109 18 >amount
164 3714 36 23 for
218 3716 74 24 which
313 3718 53 31 they
386 3726 52 23 may
451 3718 80 25 clio'oYe
543 3725 23 20 to
573 3722 54 31 sigh
630 3712 5 39 j

38 3754 2 6 •
55 3750 23 19 to
88 3745 91 32 be'paid
186 3748 24 22 in
225 3748 76 25 fuller
311 3754 23 21 to
338 3751 52 23 -the-
394 3756 78 19 extent
475 3742 160 42 'unliquidated

54 3778 32 32 by
97 3778 177 40 tftft.,e.<»m.nap,
287 3784 46 29 and,
338 3784 108 32 .through.
460 3780 95 39 mi'cljLa,
568 3788 67 24 docu-

53 3817 64 19 ment
129 3812 68 24 Ceres
208 3813 85 30 thinks;
300 3809 253 40 t|gi>ißqjaisi{e.r£uqds'
565 3821 70 31 might

51 3845 110 31 probably
185 3846 28 23 be
236 3846 115 26 forthwith
369 3845 115 30 'obtained
492 3852 80 25 ufrom
574 3846 20 23 T
601 3854 34 24 the
634 3851 1 12 1

52 3878 78 24 Bank.
195 3892 4 3 -
308 3880 74 22 -''^g
393 3885 10 13 v
419 3878 35 27 iiq
465 3876 25 23 U.i
500 3887 3 3 ■
524 3877 71 22 -.mS
634 3886 1 19 ;

80 3918 2 6 1
89 3910 56 25 The-
152 3911 89 31 subject
252 3912 26 25 6i
292 3911 59 26 road'
364 3915 101 32 making,
475 3925 46 16 was
529 3939 4 3 .
540 3918 95 32 brought

49 3942 79 24 -wider
140 3943 36 23 the
188 3946 113 24 attention
313 3947 25 23 of
353 3947 39 24 the
404 3947 138 31 Company's
560 3944 75 34 Agent

662 128 126 30 more,jthan
801 127 78 24 twelve
1010 129 69 27 since,
1101 127 31 31 by
1152 127 96 23 submit-

663 158 81 35 ting'to
755 162 47 23 him
813 170 21 15 -a
835 184 5 8 (
854 162 122 23 document
995 160 79 32 signed
1094 161 30 30 by
1150 169 13 15 a
1185 161 63 29 large

663 196 127 30 proportion
802 195 77 33 of.ythe
891 195 66 25 ,'most
975 194 148 31 responsible,
1128 193 80 35 people
1225 194 24 22 in

664 228 144 31 Wellington,
820 226 50 24 who
881 228 52 22 then
954 227 96 31 pledged
1067 226 139 24 themselves
1223 234 26 15 so

661 261 57 30 fully
729 268 24 15 as
763 260 97 31 possible
873 264 22 19 to
908 260 54 23 hold
976 260 137 22 themselves
1126 260 69 23 liable
1215 259 34 23 for

662 301 79 22 money
754 292 114 31 expended
887 301 61 21 upon
969 292 55 23 road
1044 292 105 31 making.
1197 292 52 23 The

663 327 136 30 Company's
818 326 79 30 Agent
916 325 39 24 did
978 330 38 18 not
1037 326 104 22 consider
1160 325 48 24 that
1220 325 29 23 he

662 360 112 23 would-be
786 358 124 25 warranted
922 359 163 31 in^advancing
1100 359 69 23 funds
1189 367 59 22 upon

663 393 37 23 the
712 397 123 27 guarantee.'
844 392 24 23 in
880 393 114 30 question,
1011 392 44 23 and
1071 391 112 24 therefore
1196 400 53 23 pro-

780 425 84 24 submit
876 426 38 23 the
927 433 51 16 case
990 431 22 18 to
1026 425 36 24 the
1075 426 127 23 Directors.

696 466 68 23 Some
783 465 91 24 months
898 466 63 23 since
985 473 31 14 we
1039 465 69 23 heard
1134 465 49 23 that
1211 464 38 23 the

663 499 117 24 Directors
797 499 44 23 had
860 498 45 24 had
928 498 39 24 the
989 499 87 31 subject
1093 497 72 25 under
1191 499 66 23 their,

663 532 170 27 consideration,
848 532 43 23 and
912 532 50 23 that
982 532 36 23 the
1038 532 72 23 result
1131 539 46 16 was
1196 532 53 29 they

663 565 122 23 instructed
794 565 59 23 their
865 566 112 30 principal
992 566 78 30 Agent
1082 571 22 17 to
1113 572 101 16 annouce
1226 569 23 17 to

664 599 36 23 the
724 598 87 25 settlers
835 598 37 23 the
898 599 137 31 Company's
1058 599 139 30 willingness
1227 602 23 18 to

664 633 96 23 advance
783 639 80 24 money
886 633 31 29 by
943 640 48 23 way
1016 632 23 23 of
1065 632 61 28 loan,
1148 632 34 22 for
1211 631 39 23 the

663 673 108 23 purpose,
781 666 23 23 of
821 665 103 31 .making
948 666 39 23 the
1016 666 89 22 district
1129 665 73 28 roads,
1223 672 26 15 so

665 707 53 15 soon
731 707 23 15 as
767 706 60 16 some
840 698 60 31 body
912 699 82 23 should
1006 699 59 23 exist
1077 703 131 26 competent
1218 698 31 30 by

664 733 58 30 legal
733 732 95 31 position
842 736 22 19 to
874 732 82 30 pledge
969 733 37 22 the
1020 733 148 29 community.

698 772 122 23 Doubtless
845 772 36 23 the
898 772 120 23 Directors
1037 772 43 23 had
1103 773 22 22 in
1145 773 55 22 view
1212 772 38 23 the

664 812 84 23 powers
768 805 71 23 which
857 805 74 23 would
948 805 28 22 be
997 805 118 30 possessed
1130 806 70 22 under
1212 805 38 23 the

665 838 144 30 Corporation
823 838 45 23 Act
882 837 73 23 which
969 845 44 15 was
1033 838 109 31 expected
1163 847 52 14 soon
1227 844 23 17 to

664 871 26 23 be
700 871 48 23 law.
797 870 42 23 We
854 870 56 23 have
931 878 49 16 now
1000 879 13 15 a
1033 871 158 32 Corporation,
1208 872 42 23 but

663 913 42 14 one
728 904 24 23 of
776 904 34 23 the
832 904 50 23 first
903 905 117 29 questions
1044 906 90 22 mooted
1159 906 30 30 by
1211 906 38 23 the

665 937 91 23 Council
780 938 19 22 is
818 937 38 23 the
877 943 79 17 extent
980 938 24 22 of
1019 938 58 23 their
1093 938 155 31 jurisdiction.

664 971 35 31 By
710 979 61 15 some
783 972 18 21 it
813 972 19 22 is
844 971 123 30 supposed,
981 976 23 18 at
1015 972 106 28 furthest,
1134 977 21 18 to
1168 972 81 25 extend

664 1005 50 29 only
726 1010 22 17 to
760 1004 38 24 th£
809 1004 77 31 public
898 1004 54 29 belt,
966 1004 64 24 while
1044 1005 37 23 the
1100 1005 64 24 other
1183 1011 66 26 party

664 1039 102 22 conceive
782 1039 19 22 it
822 1043 22 18 to
868 1037 104 23 embrace
990 1046 66 15 seven
1077 1040 67 22 miles
1164 1040 21 22 of
1211 1040 39 23 the

664 1077 93 25 country
769 1070 152 31 surrounding
938 1071 38 23 the
995 1071 107 25 harbour.
1158 1072 93 32 During

665 1105 35 22 the
723 1106 112 22 existence
856 1105 25 22 of
903 1105 46 22 this
969 1105 68 23 doubt
1058 1113 28 16 no
1107 1107 75 22 action
1204 1106 47 23 will

664 1146 67 15 ensue
734 1151 30 4 —
766 1146 24 15 or
803 1138 18 23 if
836 1138 18 23 it
875 1138 54 23 does
948 1138 19 22 it
987 1139 42 23 will
1048 1139 28 23 be
1096 1139 58 30 kept
1172 1140 78 23 within

665 1171 36 23 the
713 1172 128 23 debuteable
851 1172 88 30 ground
950 1181 6 18 ;
980 1172 71 23 which
1067 1172 99 30 literally
1180 1174 69 22 limits

665 1205 36 23 the
713 1205 49 23 Held
776 1204 22 24 of
816 1205 165 31 improvement
1001 1210 20 18 to
1043 1206 37 22 the
1102 1207 43 21 site
1164 1207 25 22 of
1212 1207 37 23 the

665 1244 63 22 town,
752 1238 43 23 and
814 1246 24 15 as
858 1238 38 23 the
917 1240 139 29 community
1075 1240 20 22 is
1109 1240 139 30 sufficiently

665 1279 117 16 numerous
791 1279 28 15 on
834 1272 48 22 that
896 1277 53 24 spot
968 1272 41 22 and
1030 1273 104 30 possibly
1153 1281 28 15 on
1202 1273 49 23 that

663 1310 50 25 spot
726 1305 50 29 only
790 1310 21 17 to
821 1305 54 22 bear
896 1305 39 22 the
956 1311 91 17 amount
1065 1306 24 23 of
1112 1313 139 16 assessment

663 1338 88 23 needful
761 1339 34 22 for
808 1338 37 22 the
858 1345 97 23 purpose
965 1339 23 21 of
998 1339 29 22 all
1040 1339 37 22 the
1090 1339 54 23 road
1156 1340 95 31 making

663 1371 123 31 absolutely
798 1371 102 31 required
916 1372 24 21 in
954 1376 66 24 town,
1034 1380 31 14 we
1079 1372 28 25 do
1126 1372 58 32 hope
1201 1374 49 22 that

664 1405 36 22 the
714 1404 94 24 Council
821 1405 44 23 will
876 1405 63 22 show
956 1412 27 15 no
1003 1405 132 24 inclination
1153 1412 21 16 to
1191 1407 59 23 raise

663 1438 29 30 by
703 1438 58 29 loan,
771 1439 37 22 the
820 1446 78 15 means
911 1439 103 31 required
1025 1439 33 22 for
1074 1440 50 23 that
1142 1447 106 24 purpose.

663 1471 26 24 If
704 1472 53 29 they
779 1472 67 30 adopt
867 1472 45 23 this
933 1479 79 15 course
1031 1473 18 22 it
1071 1474 20 22 is
1112 1473 89 23 evident
1222 1481 28 16 no

663 1505 123 30 advantage
809 1505 25 23 of
857 1505 36 23 the
917 1504 138 32 Company's
1080 1507 56 22 offer
1159 1514 39 15 can
1222 1506 28 24 be

663 1544 22 17 at
694 1544 89 25 present
795 1539 28 22 be
836 1538 77 24 taken.

696 1579 41 22 We
750 1578 84 24 believe
851 1579 37 23 the
905 1584 97 23 country
1019 1580 155 31 surrounding
1192 1580 58 24 Port

663 1613 123 22 Nicholson
799 1612 44 23 will
857 1613 115 22 forthwith
986 1614 25 22 be
1020 1614 103 23 declared
1135 1623 13 14 a
1156 1619 92 25 county.

663 1646 68 23 What
754 1652 60 24 steps
840 1651 60 17 must
924 1651 55 18 next
1002 1655 69 15 ensue
1091 1652 23 18 to
1136 1647 61 32 place
1212 1648 37 22 the

662 1685 81 24 county
755 1680 22 21 in
791 1679 36 22 the
841 1679 114 23 condition
975 1686 20 16 to
1015 1680 87 23 borrow
1122 1689 81 22 money
1225 1689 25 15 or

662 1718 22 17 to
697 1720 126 16 commence
837 1713 117 31 assessing
972 1721 31 15 we
1022 1713 66 23 know
1107 1720 48 17 not.
1202 1715 47 23 But

662 1746 99 23 whether
771 1753 82 23 money
865 1746 26 23 be
903 1754 26 15 or
945 1747 28 22 be
993 1753 37 16 not
1044 1748 124 28 borrowed,
1182 1748 19 23 if
1218 1756 31 15 we

661 1787 37 15 are
709 1785 21 17 to
743 1779 65 23 make
821 1787 40 15 our
871 1780 75 27 roads,
959 1786 138 18 assessment
1114 1787 60 17 must
1187 1790 61 15 com-

661 1821 86 15 mence.
801 1813 24 22 If
851 1821 31 14 we
911 1821 37 16 are
972 1820 22 17 to
1013 1814 66 24 make
1102 1816 60 22 them
1183 1816 31 30 by
1237 1825 13 14 a

663 1846 89 30 County
764 1850 54 24 rate,
834 1846 52 23 then
905 1852 21 18 to
947 1856 13 14 a
978 1848 60 30 large
1058 1853 79 19 extent
1139 1861 32 4 —
1173 1850 40 22 but
1232 1850 21 22 if

663 1879 28 31 by
712 1880 57 27 loan,
792 1879 53 23 then
866 1885 21 18 to
909 1888 13 15 a
935 1881 64 23 small
1012 1886 85 24 extent,
1111 1882 34 23 for
1157 1883 30 23 all
1199 1883 49 23 that

661 1913 72 23 would
753 1913 26 23 be
799 1913 89 23 needful
907 1914 34 23 for
962 1916 117 22 sometime
1093 1915 73 23 would
1179 1917 27 22 be
1220 1924 28 15 an

662 1947 82 22 annual
754 1950 45 19 rate
812 1947 115 22 sufficient
941 1953 20 17 to
973 1956 43 22 pay
1028 1949 38 22 the
1079 1950 94 22 interest
1186 1957 60 23 upon

662 1980 37 21 the
712 1980 50 22 loan
782 1978 72 23 raised
877 1980 28 29 by
925 1980 37 22 the
983 1987 89 24 county.
1129 1982 34 23 To
1185 1983 63 22 these

662 2013 144 29 proceedings
821 2019 30 15 we
865 2020 51 22 may
929 2013 56 22 have
999 2018 20 18 to
1032 2018 82 23 resort,
1125 2014 41 23 but
1175 2015 19 22 if
1211 2015 37 22 the

663 2045 116 31 Company
791 2053 37 14 are
841 2045 57 22 alive
913 2051 22 17 to
950 2046 56 23 their
1019 2054 48 16 own
1078 2048 114 28 intetests,
1204 2049 44 21 and

662 2078 102 24 actuated
777 2079 27 29 by
817 2086 13 14 a
842 2078 54 31 high
910 2087 66 16 sense
990 2080 25 23 of
1026 2080 85 31 justice
1133 2081 51 31 they
1204 2082 44 23 will

661 2112 69 24 admit
743 2112 35 22 the
791 2113 186 23 reasonableness
991 2114 24 22 of
1033 2114 37 23 the
1084 2115 78 22 article
1175 2116 22 22 in
1209 2123 40 15 our

661 2145 44 24 last
717 2154 75 22 paper.
836 2145 34 23 As
882 2145 70 24 Ceres
964 2154 52 23 very
1027 2148 106 32 properly
1146 2148 103 23 remarks

662 2180 36 22 the
722 2179 39 30 dry
786 2187 79 15 season
884 2180 21 22 is
930 2185 22 17 at
973 2181 66 28 hand,
1065 2181 45 23 and
1128 2181 25 23 of
1175 2182 74 23 which

662 2212 121 31 advantage
796 2212 81 23 should
887 2213 28 23 be
929 2213 75 29 taken,
1018 2214 27 24 he
1060 2215 111 23 therefore
1191 2223 57 23 sug-

661 2251 61 25 gests
734 2255 13 14 a
757 2246 56 23 bond
826 2254 5 20 ;
848 2247 44 22 and
912 2254 32 16 we
957 2247 56 23 have
1032 2249 123 30 suggested
1169 2249 49 23 that
1237 2257 13 15 a

661 2280 128 30 deputation
802 2281 138 29 expressing
961 2281 36 22 the
1015 2283 134 22 sentiments
1171 2282 24 23 of
1212 2282 37 23 the

661 2312 84 31 largest
773 2312 75 31 public
872 2315 101 30 meeting
1001 2322 52 16 ever
1082 2314 82 24 known
1195 2315 54 23 here

662 2346 79 23 should
753 2354 55 22 urge
823 2353 61 23 upon
905 2347 37 23 the
968 2348 138 30 Company's
1124 2348 78 30 Agent
1227 2354 22 18 to

663 2387 87 15 assume
762 2380 37 21 the
816 2379 97 31 liability
933 2381 25 22 of
982 2387 22 17 at
1021 2389 54 15 once
1094 2383 157 30 commencing

663 2413 36 22 the
711 2413 65 23 roads
788 2420 28 15 on
829 2420 13 15 a
854 2413 61 23 scale
933 2420 181 18 commensurate
1136 2416 52 23 with
1209 2416 38 23 the

663 2451 69 17 wants
745 2446 24 22 of
784 2446 37 23 the
837 2446 96 31 Colony.

696 2486 50 24 The
757 2486 110 31 difficulty
880 2488 23 22 in
917 2487 37 23 the
966 2496 47 23 way
1026 2489 25 23 of
1061 2498 13 14 a
1086 2488 60 24 bond
1155 2489 96 32 bearing

662 2519 88 32 equally
773 2528 28 15 on
831 2521 37 22 the
891 2521 83 24 landed
997 2523 140 30 proprietors
1161 2524 19 22 is
1212 2524 38 23 the

662 2553 93 23 absence
769 2553 25 23 of
809 2562 25 14 so
847 2554 62 31 large
920 2562 13 16 a
945 2556 88 29 portion
1051 2557 25 22 of
1093 2556 68 23 them.
1209 2557 41 23 We

662 2594 36 15 are
712 2591 37 18 not
761 2594 71 15 aware
844 2587 50 23 that
906 2588 59 23 their
984 2591 191 29 representatives
1194 2598 54 24 pos-

663 2627 47 15 sess
722 2627 42 23 any
776 2620 114 31 authority
903 2626 23 18 to
937 2622 116 23 subscribe
1067 2623 59 23 their
1137 2631 78 16 names
1229 2629 22 18 to

663 2653 56 23 such
740 2661 12 14 a
775 2654 121 23 document
905 2663 7 19 ;
938 2655 43 23 and
1003 2656 20 22 if
1046 2656 54 30 they
1118 2656 26 23 be
1155 2663 39 17 not
1216 2665 32 15 we

663 2686 28 23 do
699 2688 4 2 '
715 2691 38 18 not
776 2695 98 22 suppose
898 2688 53 30 they
975 2689 72 23 would
1071 2689 27 23 be
1118 2690 88 32 willing
1227 2696 23 18 to

664 2728 88 15 assume
773 2721 56 22 such
848 2728 14 15 a
882 2721 105 31 liability.
1041 2722 89 24 Should
1150 2724 39 23 the
1211 2724 40 24 ab-

665 2757 85 19 sentees
773 2759 40 17 not
835 2754 26 22 bo
880 2754 65 23 made
964 2755 74 29 liable,
1059 2756 39 23 the
1111 2763 93 17 amount
1215 2757 36 24 for

665 2786 70 23 which
747 2785 38 24 the
797 2787 101 24 resident
910 2788 144 23 landholders
1067 2790 75 23 would
1159 2790 56 25 have
1229 2797 22 17 to

663 2819 79 32 pledge
753 2820 138 24 themselves
905 2829 31 15 we
946 2822 47 22 fear
1005 2822 74 24 would
1093 2823 26 23 be
1131 2824 71 24 found
1214 2829 37 19 too

664 2854 61 30 large
734 2863 7 19 ;
754 2858 40 18 not
806 2853 49 24 that
866 2862 41 21 we,
919 2855 97 31 forming
1027 2864 24 15 as
1062 2864 33 15 we
1107 2856 27 24 do
1147 2865 13 15 a
1168 2863 52 26 part
1230 2858 25 23 of

665 2886 47 24 that
724 2887 64 31 body,
801 2887 74 24 would
889 2888 81 23 shrink
982 2888 57 24 from
1052 2898 41 14 our
1112 2890 42 24 full
1176 2891 75 28 share,

663 2920 34 23 for
710 2928 31 15 we
761 2928 36 16 are
815 2921 138 32 thoroughly
965 2923 124 23 convinced
1109 2924 26 23 of
1150 2925 37 22 the
1208 2926 43 22 im-

664 2954 95 24 mediate
769 2954 66 24 value
846 2955 66 23 roads
922 2956 73 23 would
1008 2957 50 29 give
1071 2963 23 17 to
1108 2957 36 23 the
1154 2959 98 22 sections

665 2994 23 16 as
700 2987 49 24 well
762 2995 23 15 as
798 2988 25 22 of
839 2985 38 26 the
896 2989 67 22 mode
983 2989 23 22 in
1019 2990 74 23 which
1107 2990 52 32 they
1178 2992 75 23 would

665 3024 35 18 act
722 3027 61 23 upon
801 3020 38 23 the
867 3021 92 30 general
980 3022 162 24 advancement
1164 3025 26 23 of
1214 3025 39 23 the

666 3052 134 23 settlement.
837 3052 102 32 Judging
950 3054 29 30 by
989 3055 37 22 the
1039 3056 120 25 smallness
1173 3058 26 23 of
1215 3058 37 23 the

666 3085 161 24 contributions
849 3094 25 15 as
897 3092 39 25 yet
955 3088 65 22 made
1040 3090 97 23 towards
1161 3090 38 24 the
1211 3099 41 15 ex-

665 3126 79 23 penses
764 3118 25 24 of
805 3119 37 23 the
863 3119 130 24 settlement
1013 3121 29 31 by
1062 3122 128 30 absentees,
1209 3124 44 24 and

666 3152 36 23 the
714 3156 59 20 utter
781 3152 146 25 indifference
939 3154 52 30 they
1004 3156 80 22 evince
1097 3158 98 23 towards
1212 3166 41 15 our

665 3192 111 24 progress,
785 3193 33 15 we
831 3187 89 30 greatly
929 3186 68 25 doubt
1008 3188 102 24 whether
1122 3190 53 32 they
1187 3192 66 23 could

667 3218 25 23 be
712 3218 64 24 made
794 3219 74 24 useful
887 3220 25 23 in
932 3228 43 23 any
992 3221 64 23 other
1072 3222 66 24 mode
1155 3225 54 23 than
1230 3229 22 19 to

665 3259 55 23 urge
733 3259 58 23 upou
808 3252 38 23 the
865 3252 119 32 Company
1003 3262 40 15 our
1062 3257 92 27 opinion
1176 3258 26 23 of
1223 3259 30 22 its

665 3284 54 31 duty
730 3284 95 24 towards
836 3284 53 25 this-
895 3286 137 26 settlement.

678 3334 3 5 ■
698 3322 49 24 The
760 3323 118 31 Company
891 3331 82 24 appear
985 3330 22 19 at
1020 3326 33 23 all
1061 3326 66 25 times
1143 3328 75 33 justly
1230 3333 23 19 to

665 3355 56 24 have
733 3355 108 25 admitted
853 3357 38 23 the
903 3363 65 25 great
980 3359 78 23 claims
1078 3364 23 19 to
1121 3361 58 24 their
1199 3370 53 16 con-

665 3389 121 24 sideration
799 3394 27 24 to,
834 3390 74 23 which
921 3391 45 23 this
978 3392 131 26 settlement
1119 3395 24 23 is.
1149 3396 102 24 entitled.

665 3422 64 24 With
745 3430 13 16 a
777 3425 55 22 view
852 3429 22 18 to
895 3424 62 24 show
975 3424 48 25 that
1044 3427 55 31 they
1119 3435 57 16 were
1199 3429 54 24 thus

664 3456 123 31 impressed
799 3457 45 24 and
856 3458 90 23 desired
955 3463 23 20 to
990 3459 36 24 aid
1039 3464 24 19 to'
1071 3460 43 24 'the
1125 3465 87 21 utmost
1229 3464 24 22 in

665 3490 57 22 their
731 3497 82 23 power,
827 3491 23 23 in
863 3498 42 16 our
916 3494 135 29 prosperity,
1072 3493 53 32 they
1143 3496 110 31 enquired

665 3523 46 22 into
728 3523 36 27 the
776 3524 139 31 advantages
928 3525 25 24 of
968 3526 151 32 establishing
1138 3536 14 15 a
1169 3529 84 31 packet

665 3557 187 23 communication
863 3557 102 25 between
983 3559 138 32 Valparaiso
1141 3562 46 23 and
1198 3563 53 22 >this

664 3593 58 27 port,
734 3589 44 24 and
789 3590 48 23 also
849 3591 55 24 into,
910 3591 37 23 the
959 3593 115 31 propriety
1082 3594 26 22 of
1117 3596 136 30 connecting

655 3622 48 26 .the
715 3624 87 22 various
814 3622 148 25 settlements,
975 3619 28 30 in)
1015 3625 87 23 Cook's
1117 3627 84 24 Straits
1221 3629 30 31 by

656 3654 45 28 .the
717 3656 151 23 introduction
887 3656 27 23 of
936 3660 75 20 steam-
1025 3658 74 24 boats.
1109 3668 5 2 -
1151 3661 35 24 At
1209 3669 42 16 one

655 3681 109 31 'moiifent
781 3690 27 22 it
830 3696 47 16 was
902 3688 56 32 fully
1140 3690 55 28 fcbit'

664 3721 81 24 results
757 3721 83 24 would.
843 3719 63 26 have'
918 3722 57 24 been
990 3724 23 23 in
1131 3726 30 24 of-
1171 3721 82 37 prqse-i

655 3747 382 46 l^Sgjfe^h^eseien^rprises.
1046 3763 5 22 ;
1074 3757 73 25 Butit
1154 3766 97 26 appears

665 3791 22 19 to
699 3787 55 24 have
766 3787 57 25 been
842 3787 127 31 otherwise,
978 3808 4 4 .
988 3789 46 24 and
1039 3790 44 23 .the

655 3819 215 33 Js.theiiCojnjiafty
888 3821 134 25 have.vbeen
1041 3824 100 24 relieved
1159 3827 59 23 from
1237 3835 14 15 a
1256 3818 2 36 j

664 3860 54 25 very
728 3854 174 32 nijich^heavier
907 3854 101 31 demand?
1015 3857 130 31 u^pXtheir
1151 3860 98 30 pockets

654 3886 49 25 .tha
702 3911 5 4 4
704 3893 17 16 n,
721 3909 6 7 j
729 3894 14 15 a
741 3909 4 5 /
748 3893 69 24 (.sum.
821 3891 33 25 t^to
852 3904 10 12 J
874 3886 138 30 make^-our,
1020 3890 89 28 roadsj.
1112 3885 141 38 thoroughly!

654 3919 228 30 vpracficabletwould
886 3920 131 30 lidemand,;-,
1022 3923 47 22 and
1075 3930 43 15 ..we
1120 3925 130 24 -.therefore

665 3958 46 22 say,
723 3958 50 16 now
791 3951 20 22 is
830 3951 38 24 the
889 3953 54 22 time
962 3957 32 18 tof
992 3956 10 12 7
1004 3954 44 23 fcaU
1049 3951 8 18 li
1065 3959 63 26 up6n
1135 3959 6 10 v
1141 3951 109 29 ?tfoemHo

563 42 97 44 Ctje
686 40 114 42 KcUo
827 38 212 42 Mtaianit
1063 39 193 40 i&<wttc
1282 39 91 39 atttr
1399 38 303 45 H*dluigton
1728 35 256 48 £pcrtatoi.

1897 124 55 25 have
1961 126 56 22 been
2026 123 90 33 printed
2121 125 37 31 'by
2165 133 14 15 a
2186 125 98 30 mangle,
2298 126 162 34 inconsequence

1898 159 25 23 of
1929 159 34 23 the
1975 159 87 30 Acting
2072 158 120 23 Governor
2201 158 84 30 having
2293 158 87 24 refused
2389 168 17 17 to
2413 165 47 26 allovr

1899 192 36 23 the
1947 200 69 22 paper
2029 200 43 22 any
2080 191 83 31 longer
2177 196 22 19 to
2211 191 28 23 be
2245 191 95 31 -printed
2354 198 22 18 at
2387 195 31 24 the
2425 199 35 24 Go.

1898 231 116 18 vernment
2031 226 102 30 printing
2152 225 72 23 office.
2261 224 51 23 The
2330 233 64 17 cause
2404 231 21 22 of
2434 233 26 26 the

1898 263 91 26 rupture
2003 260 19 21 is
2036 262 38 19 not
2087 258 124 28 furnished,
2224 258 40 22 but
2276 258 17 22 it
2307 258 18 22 is
2338 263 98 26 promised
2445 275 15 17 at

1899 299 13 16 a
1924 292 73 23 future
2018 292 59 23 date.
2114 291 51 24 The
2178 292 127 30 proprietor
2318 292 24 22 of
2354 292 34 24 the
2401 294 54 28 7V?n«

1898 332 127 16 announces
2039 330 21 18 to
2074 325 34 22 his
2121 324 141 24 subscribers
2281 324 49 23 that
2343 325 27 23 he
2384 330 32 21 has
2424 339 36 19 sent

1898 363 23 18 to
1931 358 100 31 Sydney,
2034 358 42 23 'for
2084 358 168 30 the'necessary
2260 365 78 16 means
2347 359 24 22 of
2380 365 79 24 continu.

1898 392 40 30 ing
1956 391 34 23 his
2009 391 101 32 journal.
2149 391 38 23 He
2194 391 52 23 .also
2259 390 100 24 declares
2380 394 39 24 that
2434 399 25 25 the

1900 432 80 22 scurvy
1992 432 96 16 manner
2100 425 21 22 in
2131 424 74 23 which
2219 424 36 23 the
2268 424 87 31 Acting
2366 425 93 32 Governor

1900 459 40 21 has
1951 458 60 23 dealt
2024 458 52 22 with
2085 458 34 22 his
2133 457 162 28 lucubrations,
2311 457 43 23 will
2368 467 33 16 not
2411 465 48 25 make

1900 491 45 23 him
1957 496 52 18 turn
2029 491 96 23 Radical
2145 499 25 14 or
2182 491 130 27 Democrat,
2329 491 25 30 by
2368 494 58 25 which
2437 506 22 17 we

1901 532 95 23 suppese
2014 532 32 15 we
2069 532 36 16 are
2128 529 23 17 to
2171 523 139 24 understand
2326 524 47 24 that
2389 527 23 23 he
2421 530 38 26 does

1901 563 38 18 not
1951 559 77 22 intend
2041 563 22 18 to
2076 556 93 32 mangle-
2179 557 38 23 the
2232 557 125 31 legislative
2370 559 88 35 bantlings

1901 591 24 23 of
1937 591 32 23 his
1982 598 132 24 oppressors
2125 591 165 23 Government.
2317 591 50 23 The
2377 597 81 26 numbers

1901 624 70 23 of-the
1987 624 82 29 Times,
2086 624 76 23 before
2181 632 34 20 us,
2230 631 37 16 are
2280 624 116 33 testimony
2406 630 19 22 of
2432 631 26 25 the

1901 657 99 23 Editor's
2014 659 112 22 intention
2144 662 22 18 to
2179 659 161 30 perserverein
2353 659 91 34 fostering
2450 675 9 15 a

1901 691 41 22 bad
1954 691 85 30 feeling
2051 692 100 22 between
2163 690 36 23 the
2214 690 90 32 Capital
2316 691 43 22 and
2372 692 30 24 the
2412 697 47 26 other

1901 725 155 23 Settlements.
2093 724 47 23 But
2153 724 45 24 this
2213 724 44 23 will
2267 729 40 18 not
2319 727 93 23 occasion
2427 739 31 21 any

1901 758 106 30 surprise,
2021 757 63 24 when
2098 765 33 15 we
2142 757 82 24 inform
2231 756 46 25 our'
2285 757 88 24 readers
2385 760 38 25 that
2432 764 26 25 the

1902 791 130 31 Proprietor
2044 791 44 23 and
2101 790 83 24 Editor
2196 791 24 23 of
2236 791 37 23 the
2288 790 79 30 Times,
2379 793 15 23 is
2404 803 10 14 a
2424 797 33 26 Mr.

1902 824 134 30 Falwasser,
2057 825 43 22 and
2119 824 185 24 brother-in-law
2324 824 24 23 of
2369 826 29 23 the
2415 829 17 23 R
2434 839 25 18 ev>

1903 858 44 23 Mr.
1961 858 111 29 Churton,
2085 858 50 23 who
2147 857 131 24 abandoned
2291 857 35 23 his
2339 858 72 33 charge
2420 863 40 27 here

1901 899 24 14 so
1945 892 221 30 unceremoniously.
2205 891 49 23 The
2274 891 83 23 former
2369 892 34 24 has
2419 897 40 25 been

1902 925 121 23 connected
2041 925 53 23 with
2114 925 38 23 the
2173 924 92 31 Sydney
2278 932 71 23 press.
2390 927 69 27 Takinu

1901 957 60 24 these
1987 959 176 23 circumstances
2190 958 110 30 together,
2331 958 35 23 the
2387 953 72 36 feeling

1902 991 69 23 which
1985 992 45 22 will
2049 993 98 21 animate
2170 991 35 23 the
2224 990 80 29 Times,
2326 993 44 22 will
2385 995 21 23 be
2421 997 38 30 duly

1901 1025 140 30 appreciated
2060 1026 22 22 in
2096 1024 149 31 Wellington.
2282 1024 44 24 We
2338 1033 39 16 can
2393 1029 30 23 tell
2434 1031 25 25 the

1902 1058 95 24 Messrs.
2019 1059 128 23 Falwasser
2167 1058 44 22 and
2231 1058 110 29 Churton,
2364 1060 41 24 that
2419 1064 13 22 it
2445 1067 13 22 is

1902 1092 85 30 beyond
1999 1092 59 23 their
2068 1091 72 24 feeble
2154 1099 73 23 power
2241 1096 19 18 to
2272 1092 28 22 do
2311 1100 26 15 us
2349 1101 40 23 any
2396 1096 61 31 injury.

1933 1125 50 23 The
2006 1124 106 24 Duchess
2135 1124 29 31 of
2187 1124 90 31 Argyle
2300 1125 43 23 and
2368 1127 30 23 the
2417 1129 42 25 Jane

1902 1158 99 30 Clffion,
2034 1158 42 23 had
2106 1158 88 23 arrived
2224 1164 22 17 at
2275 1158 118 25 Auckland
2417 1164 41 24 from

1901 1191 129 30 Greenock,
2055 1192 52 22 with
2129 1193 152 29 immigrants.
2332 1193 46 23 The
2398 1195 60 25 former

1901 1225 40 22 had
1955 1228 48 21 306
2017 1226 43 22 and
2079 1226 37 22 the
2128 1225 68 24 latter
2208 1228 55 25 255,
2282 1225 22 22 in
2318 1226 28 22 all
2359 1229 47 22 561.
2436 1230 25 24 Of

1900 1259 42 22 this
1962 1260 96 22 number
2074 1259 45 25 172
2142 1266 37 16 are
2201 1259 61 23 adult
2281 1259 70 23 mules
2372 1262 35 22 and
2424 1265 32 24 171

1900 1292 60 23 adult
1973 1293 101 22 females.
2112 1292 66 30 They
2189 1299 36 16 are
2238 1292 118 23 described
2368 1302 20 15 as
2405 1303 11 15 a
2425 1297 32 23 fine

1900 1326 56 30 body
1970 1327 24 22 of
2004 1326 88 31 people.

1926 1358 45 20 The
1987 1358 75 21 rather
2072 1357 141 25 unexpected
2226 1358 79 21 arrival
2318 1359 25 20 of
2356 1359 50 22 these
2414 1361 45 29 ships

1898 1395 27 4 —
1928 1385 137 26 unexpected
2076 1385 28 26 by
2117 1392 77 13 reason
2207 1385 23 20 of
2236 1385 54 26 long
2300 1385 86 28 delay—
2387 1389 35 21 and
2432 1388 26 23 the

1898 1411 145 22 unfavorable
2058 1414 33 19 sta
2102 1418 12 14 c
2125 1412 25 20 of
2162 1412 37 20 the
2211 1412 94 21 weather
2322 1412 37 22 has
2373 1414 68 23 thrown
2450 1424 9 14 a

1900 1439 64 26 damp
1976 1445 53 14 over
2038 1439 58 20 what
2106 1438 72 21 would
2190 1439 115 21 otherwise
2321 1440 52 21 have
2383 1442 46 21 been
2438 1450 19 15 an

1900 1466 99 20 occasion
2011 1473 7 13 <
2025 1465 11 21 f
2049 1469 62 23 great
2119 1465 75 27 public
2210 1466 112 27 rejoicing,
2341 1473 50 16 most
2401 1470 21 19 of
2432 1470 27 21 the

1900 1492 126 21 unmarried
2036 1492 92 22 females
2144 1492 55 21 have
2211 1493 102 21 however
2326 1494 80 28 alrp.niy
2417 1497 41 21 been

1900 1519 99 27 engaged
2010 1523 22 17 at
2043 1519 75 22 liberal
2130 1527 71 18 Avages
2211 1527 23 14 as
2246 1520 66 21 house
2323 1528 92 20 semmis,
2426 1525 33 20 ani

1899 1546 36 21 the
1964 1546 153 21 Government
2141 1546 57 21 have
2222 1546 108 28 provided
2357 1552 102 25 temporary

1900 1573 79 21 abodes
1990 1573 35 21 for
2041 1573 57 21 them
2116 1572 28 22 all
2146 1585 27 3 —
2175 1574 49 21 with
2241 1574 125 22 immediate
2381 1577 78 27 Linploj-

1899 1605 61 16 ment
1970 1604 22 17 at
2008 1600 54 21 such
2074 1605 45 16 rate
2130 1600 25 21 of
2169 1607 70 20 wages
2250 1608 22 14 as
2285 1601 48 27 tliey
2344 1602 39 21 feel
2398 1604 61 21 autho-

1898 1627 56 21 rised
1966 1631 21 17 to
1999 1628 58 26 give,
2074 1628 89 25 namely
2175 1629 36 20 l()s
2229 1629 35 20 6d.
2279 1635 39 20 per
2328 1630 55 21 week
2393 1630 29 21 for
2433 1631 26 21 the

1899 1654 68 26 single
1987 1661 60 19 men,
2068 1654 44 21 and
2134 1656 42 19 15s.
2195 1655 33 21 for
2248 1656 36 20 the
2304 1657 94 20 mairied.
2431 1657 28 22 Wo

1900 1681 63 21 could
1975 1681 54 21 have
2043 1681 80 22 wished
2134 1682 47 20 that
2191 1689 12 13 a
2213 1689 60 14 more
2285 1682 74 22 liberal
2369 1683 50 22 scale
2427 1684 32 21 had

1899 1708 55 21 been
1971 1708 103 27 adopted,
2091 1709 34 21 for
2135 1715 32 14 we
2182 1713 80 17 cannot
2279 1712 99 19 conceive
2393 1711 41 20 that
2445 1712 15 20 in

1900 1734 35 22 the
1959 1736 94 21 absence
2073 1736 25 20 of
2118 1735 97 27 farming
2234 1742 157 21 engagements,
2414 1738 47 21 these

1900 1762 75 26 people
1987 1762 65 21 could
2067 1762 56 22 hwe
2139 1763 56 20 been
2211 1764 70 20 better
2296 1764 107 26 emplojed
2420 1765 39 21 than

1900 1789 27 27 by
1937 1788 37 22 the
1996 1789 89 22 Govern
2090 1794 66 21 merit,
2173 1790 23 21 in
2213 1790 125 26 fashioning
2355 1796 34 17 out
2405 1799 56 14 some-

1900 1816 60 26 thing
1971 1816 45 21 like
2029 1816 110 27 thorough
2151 1818 62 21 fares.

1933 1870 69 23 Some
2015 1870 115 23 workmen
2151 1872 116 29 employed
2285 1872 21 22 in
2320 1872 91 31 clearing
2421 1873 40 23 land

1902 1904 75 22 rented
2000 1904 29 30 by
2050 1904 47 23 Mr.
2119 1905 130 23 Mathieson
2274 1906 24 22 of
2321 1906 44 22 Mr.
2385 1906 44 23 Tod
2446 1912 16 17 at

1902 1937 102 28 Okiwee,
2025 1937 132 23 discovered
2176 1939 96 22 beneath
2295 1940 37 21 the
2352 1940 77 22 surface
2446 1940 18 22 of

1902 1971 35 22 the
1956 1971 96 29 ground,
2067 1971 73 23 which
2160 1979 45 15 was
2225 1972 86 30 thickly
2325 1973 85 22 covered
2421 1973 41 22 with

1902 2009 64 22 trees,
1991 2012 13 14 a
2027 2009 64 25 great
2118 2006 102 29 quantity
2245 2006 25 22 of
2297 2006 78 22 human
2396 2007 65 21 bones.

1902 2037 66 22 Some
1981 2044 67 23 years
2060 2037 59 23 back
2132 2039 37 21 the
2182 2039 89 22 district
2283 2039 24 22 of
2318 2039 53 22 Port
2383 2039 77 22 Nichol-

1902 2077 38 15 son
1964 2078 46 15 was
2035 2070 116 24 inhabited
2174 2072 27 29 by
2227 2080 12 14 a
2263 2072 58 23 tribe
2345 2073 63 22 called
2434 2073 27 21 the

1903 2103 169 30 Ngatikahuna.
2115 2104 50 23 The
2185 2111 92 24 present
2297 2114 118 21 possessors
2434 2106 27 21 the

1903 2136 143 30 Ngatiawa's,
2071 2145 28 15 on
2122 2138 70 29 being
2220 2138 103 31 expelled
2348 2140 50 22 from
2417 2139 43 22 their

1902 2171 72 22 native
1992 2170 41 23 soil
2054 2171 124 28 Taranaki,
2199 2180 61 15 came
2281 2173 63 22 down
2365 2173 46 22 here
2429 2171 31 23 and

1903 2204 64 22 drove
1988 2204 37 23 the
2046 2205 75 22 others
2142 2205 57 22 from
2221 2205 45 23 this
2287 2206 65 29 place
2374 2207 40 21 into
2434 2206 26 21 the

1902 2237 113 31 Wyderop
2034 2238 81 30 valley,
2135 2238 73 23 where
2229 2239 52 30 they
2302 2240 75 30 finally
2389 2239 70 23 settled.

1902 2270 103 31 Turinga
2024 2270 67 29 Kuri,
2105 2270 77 32 (dog's
2269 2272 36 23 the
2319 2272 60 24 chief
2392 2273 21 22 of
2427 2272 33 22 Kai

1903 2304 86 28 Warra,
2010 2312 45 16 was
2075 2312 43 16 one
2140 2305 24 23 of
2180 2305 36 23 the
2236 2306 112 30 principal
2368 2306 91 25 invaders,

1902 2338 42 23 and
1956 2338 19 23 it
1993 2346 44 15 was
2050 2338 27 23 he
2097 2336 50 25 who
2160 2338 36 23 led
2213 2339 37 22 the
2263 2339 76 23 attack
2352 2348 24 14 on
2388 2348 11 14 a
2410 2338 50 24 small

1902 2372 129 22 settlement
2042 2377 39 17 not
2093 2372 34 23 far
2148 2372 58 23 from
2225 2372 103 27 Okiwee,
2342 2373 74 29 killing
2429 2371 31 23 and

1902 2406 75 29 eating
2001 2406 37 22 the
2060 2405 148 23 inhabitants.
2257 2406 39 22 He
2325 2406 47 22 then
2392 2404 70 23 visited

1903 2439 102 28 Okiwee,
2029 2444 33 17 set
2081 2439 40 23 fire
2143 2444 22 17 to
2185 2448 13 13 a
2208 2439 63 30 large
2295 2439 166 31 dwelling-house

1902 2472 39 23 full
1961 2472 24 23 of
2007 2472 109 28 Maories,
2137 2472 102 31 cleaving
2260 2473 38 23 the
2318 2473 57 22 skull
2391 2472 22 23 of
2432 2472 28 22 the

1902 2506 94 22 inmates
2019 2514 24 14 as
2064 2506 54 30 they
2130 2506 83 29 issued,
2227 2507 45 22 and
2292 2506 90 23 finished
2398 2504 43 24 with
2452 2512 9 14 a

1901 2539 56 22 feast
1977 2539 32 23 off
2025 2540 58 22 their
2105 2541 106 22 enemies.
2249 2540 51 23 The
2320 2540 64 22 bones
2401 2538 59 23 which

1902 2572 54 23 have
1977 2573 53 22 thus
2050 2573 125 31 singularly
2188 2582 61 14 come
2272 2578 22 18 to
2312 2573 54 31 light
2382 2580 33 15 are
2432 2571 28 23 the

1902 2607 97 22 remains
2011 2606 25 23 of
2051 2606 38 23 the
2102 2607 144 23 unfortunate
2260 2605 176 32 Ngatikahuna's.

1933 2662 24 24 A
1970 2663 52 23 Saw
2035 2663 61 28 Mill,
2111 2663 37 24 the
2161 2670 106 25 property
2278 2664 25 22 of
2319 2663 46 23 four
2375 2661 85 28 working

1902 2704 58 20 men,
1983 2696 72 23 which
2079 2696 41 25 has
2140 2698 56 23 been
2215 2698 35 23 for
2274 2705 61 16 soaie
2354 2697 47 22 time
2421 2698 40 26 past

1902 2731 100 30 erecting
2013 2738 30 24 up
2056 2730 38 23 the
2114 2730 47 24 Kai
2181 2731 80 23 Warra
2272 2731 78 30 valley,
2362 2730 17 22 is
2390 2735 42 16 now
2441 2735 19 14 so

1901 2763 33 23 far
1956 2764 97 23 finished
2074 2772 24 15 as
2118 2769 22 18 to
2161 2764 78 24 enable
2262 2764 36 23 the
2311 2763 123 31 proprietors
2444 2764 16 18 to

1902 2797 54 23 send
1969 2797 63 23 wood
2044 2799 48 22 into
2111 2797 38 23 the
2171 2802 58 19 town
2250 2802 22 18 at
2292 2802 57 18 rates
2359 2794 102 30 averaging

1901 2830 58 23 from
1978 2830 79 24 twelve
2077 2836 22 18 to
2119 2831 105 31 eighteen
2243 2831 103 31 shillings
2363 2837 35 24 per
2413 2828 46 22 hun-

1901 2863 54 23 dred
1967 2863 55 29 feet,
2035 2865 43 22 and
2099 2865 52 30 they
2165 2865 122 31 anticipate
2305 2865 23 21 in
2346 2863 32 23 the
2397 2867 63 17 course

1902 2898 24 21 of
1941 2902 43 18 two
1998 2898 91 23 months
2109 2898 69 30 being
2196 2898 96 24 enabled
2311 2902 21 18 to
2344 2896 36 24 sell
2391 2896 15 21 it
2417 2899 18 18 at
2450 2900 9 14 a

1901 2930 47 23 still
1959 2931 68 23 lower
2039 2932 70 30 price.
2147 2931 50 23 The
2218 2940 87 15 owners
2318 2930 40 24 will
2370 2937 24 15 no
2405 2926 54 24 doubt

1901 2964 27 22 do
1940 2964 59 28 well,
2013 2964 33 23 for
2067 2964 53 31 they
2133 2973 37 14 are
2192 2966 25 21 in
2236 2965 38 23 the
2295 2964 64 24 midst
2370 2962 22 23 of
2405 2969 10 14 a
2425 2961 34 22 fine

1900 2997 82 23 timber
1995 2997 95 29 district,
2100 2998 44 23 and
2152 2999 37 22 the
2201 2999 50 31 logs
2264 2998 73 31 handy
2348 2997 30 23 for
2388 2994 71 31 getting

1901 3036 46 17 out.
1985 3031 66 31 They
2073 3032 57 23 have
2149 3031 52 29 had,
2215 3031 110 29 however,
2345 3035 20 18 to
2381 3025 76 26 contend

1896 3064 95 34 _against
2002 3064 129 24 difficulties
2145 3065 25 23 of
2185 3073 28 15 no
2227 3065 105 30 ordinary
2343 3062 55 24 kind.
2429 3058 28 24 On

1896 3093 54 27 lirst
1961 3099 101 30 arriving
2074 3099 24 23 in
2111 3098 45 23 this
2175 3098 62 32 place
2253 3099 52 31 they
2318 3097 49 24 took
2378 3095 52 23 three
2439 3098 18 16 or

1900 3131 50 23 four
1971 3132 98 22 sections
2090 3136 24 19 at
2135 3132 103 30 Porirua,
2251 3131 114 30 intending
2382 3134 19 17 to
2412 3128 45 21 erect

1900 3164 37 23 the
1962 3164 54 23 Mill
2035 3165 70 29 there,
2130 3166 45 23 and
2195 3166 106 23 cultivate
2325 3165 33 22 the
2379 3157 76 35 ground.

1900 3197 64 31 They
1987 3199 72 23 would
2084 3198 58 26 have
2161 3200 85 30 proved
2267 3197 98 25 valuable
2383 3192 72 25 settlers

1900 3230 44 23 had
1956 3231 45 24 this
2020 3232 57 23 been
2098 3232 65 29 done,
2177 3233 40 23 but
2237 3241 25 16 as
2282 3239 40 16 our
2340 3229 78 24 readers
2428 3230 28 18 are

1900 3272 80 21 aware,
1992 3265 57 23 after
2060 3265 105 32 building
2185 3267 63 23 three
2261 3266 79 23 houses
2357 3261 38 25 and
2406 3259 50 24 when

1900 3298 122 31 preparing
2033 3304 22 18 to
2077 3299 53 24 take
2147 3300 58 23 their
2224 3300 97 23 families
2338 3302 20 18 to
2369 3293 86 26 Porirua,

1901 3331 139 31 Rangihiata
2062 3333 44 23 and
2136 3333 35 23 his
2198 3333 111 23 followers
2337 3327 65 34 pulled
2427 3324 30 23 the

1900 3365 91 22 warre's
2003 3365 65 24 down
2082 3366 44 23 and
2146 3367 81 23 turned
2246 3366 62 23 them
2321 3364 30 24 off
2363 3361 33 24 the
2405 3356 51 26 land.

1900 3397 57 25 This
1971 3406 46 16 was
2029 3399 90 31 enough
2128 3404 22 18 to
2163 3399 69 24 daunt
2243 3406 94 25 persons
2347 3394 48 25 with
2405 3389 52 26 small

1900 3431 90 32 capital,
1999 3432 41 23 but
2048 3432 53 32 they
2107 3434 134 30 persevered
2252 3432 43 24 and
2305 3430 50 25 took
2366 3436 11 15 a
2388 3424 69 26 section

1899 3472 67 19 some,
1984 3465 100 26 distance
2093 3482 7 8 ,
2107 3473 32 24 up
2160 3466 37 25 the
2216 3466 48 24 Kai
2285 3465 76 23 Warra
2382 3464 75 19 stream,

1895 3497 78 24 •where
1992 3497 59 24 their
2062 3498 55 23 Mill
2138 3507 49 16 now
2206 3500 28 28 is,
2248 3498 44 24 and
2312 3505 30 15 we
2359 3497 54 21 trust
2429 3489 28 24 the

1898 3530 90 24 settlers
1999 3531 47 23 will
2067 3539 126 24 encourage
2214 3533 64 23 these
2295 3538 50 16 men
2360 3528 43 23 who
2413 3524 45 23 bave

1894 3586 2 8 (
1898 3564 57 23 done
1968 3571 24 16 so
2006 3564 68 25 much
2086 3565 53 23 with
2152 3573 25 16 so
2189 3566 57 23 little
2257 3571 84 18 means.

1893 3613 3 4 .
1933 3597 98 31 Captain
2038 3594 4 27 i
2049 3591 98 32 Daniell
2155 3598 41 24 has
2206 3595 21 27 a'
2239 3596 75 26 Cattle
2332 3594 81 26 Station
2428 3591 31 22 not

1891 3630 40 23 -far
1942 3630 57 23 from
2013 3630 38 23 the
2063 3631 53 22 Saw
2128 3631 61 29 Mill,
2199 3632 44 23 and
2253 3639 33 15 we
2295 3631 80 22 believe
2384 3621 74 28 intends

1897 3668 22 18 to
1933 3671 129 15 commence
2074 3664 106 31 farming.
2217 3665 26 23 If
2253 3665 37 23 the
2302 3661 51 25 road
2365 3667 40 16 was
2416 3662 42 17 con-

1897 3696 78 23 tinued
1986 3697 98 22 into'the
2097 3693 88 28 Oliariu
2198 3697 81 31 valley,
2292 3698 17 22 it
2323 3692 67 26 would
2401 3690 56 24 throw

1897 3737 90 23 openu.a
1997 3741 3 13 •,
2005 3729 71 30 large-
2089 3730 55 23 and.
2151 3731 83 28 fertile,
2239 3725 101 33 'district,
2358 3725 41 26 and
2415 3725 43 21 soon

1896 3763 91 22 become
2001 3763 117 22 attractive
2125 3765 121 29 'generally
2257 3769 24 18 to
2292 3763 38 22 the
2351 3756 106 28 Colonists.

1277 127 51 29 give
1340 134 26 16 vls
1379 127 65 30 signs
1456 126 25 23 of
1496 126 37 24 the
1547 126 58 31 good
1618 126 84 31 feeling
1720 134 32 15 we
1756 127 6 12 ;
1758 125 74 24 -know
1844 129 23 20 to

1278 165 67 17 exist.
1497 165 24 21 '.\
1613 161 5 11 '
1717 169 9 12 v
1747 173 7 7 >
1764 166 9 8 <
1852 166 22 13 •>'

1312 209 46 24 Mr.
1373 210 87 23 Golder
1472 210 23 23 of
1505 206 144 27 -PetoftVhas
1661 206 112 27 favoured'
1778 217 26 15 us
1815 209 53 23 with

1278 243 94 23 another
1383 244 200 23 communication.
1627 243 43 23 We
1690 242 72 24 thank
1776 242 46 24 him
1834 243 35 22 for

1278 272 36 27 his
1344 276 146 24 information
1519 277 70 22 about
1613 277 38 22 the
1680 276 136 30 negligence
1846 276 23 23 in

1278 310 97 30 sending
1397 310 98 23 forward
1520 318 41 15 our
1582 318 82 23 papers
1687 315 22 17 to
1734 309 37 23 the
1798 308 69 24 Hutt.

1279 343 63 29 Very
1355 344 41 22 few
1409 344 131 23 subcribers
1552 343 45 24 live
1611 351 26 16 on
1657 343 37 23 the
1717 343 152 23 Petoniside

1278 376 25 23 of
1319 377 38 22 the
1490 374 57 32 and/
1597 377 65 23 those
1679 376 44 23 few
1743 380 40 19 not
1801 383 68 23 many

1278 417 45 23 pay
1342 409 57 24 their
1420 414 116 24 accounts,
1557 410 166 30 consequently
1741 417 30 15 no
1791 409 83 24 mean's,

1278 450 38 15 are
1327 443 108 30 provided
1455 445 33 21 for
1509 443 99 30 sending
1628 443 37 23 the
1684 450 70 23 paper
1774 442 97 23 forward

1279 476 63 23 other
1356 477 53 22 than
1420 478 29 30 by
1463 476 83 23 chance
1559 476 146 32 opportunity
1717 485 6 19 ;
1733 475 54 28 >nd
1799 476 72 22 under

1279 509 38 23 the
1340 511 176 22 circumstances
1547 510 64 23 there
1639 510 21 22 is
1688 517 29 15 no
1743 508 128 31 justifiable

1279 543 86 30 ground
1378 544 35 22 for
1423 544 135 28 discontent,
1580 543 87 30 though
1687 550 33 15 we
1734 542 70 23 doubt
1823 547 47 23 not,

1279 576 22 22 in
1326 584 103 16 common
1452 576 53 23 with
1528 577 31 22 all
1580 576 64 24 other
1657 583 132 24 newspaper
1801 576 69 28 folks,

1280 617 32 14 we
1324 609 58 23 shall
1395 611 106 22 continue
1511 614 24 19 to
1547 610 89 23 receive
1655 609 134 31 grumbling
1807 616 64 16 more

1279 643 139 31 abundantly
1429 643 53 23 than
1495 649 124 25 patronage
1632 651 24 15 or
1669 647 115 26 payment.

1314 676 47 24 Mr:
1382 677 87 22 Golder
1481 681 62 18 must
1554 677 28 22 be
1594 676 53 23 fond
1660 677 23 22 of
1700 677 91 29 writing
1803 683 24 16 or
1840 676 30 22 he

1279 709 73 23 would
1372 715 41 17 not
1432 710 56 22 have
1512 710 123 22 addressed
1655 717 27 15 us
1700 718 12 14 a
1730 709 55 30 long
1804 709 68 23 letter

1279 750 59 24 upon
1352 743 54 23 hear
1419 751 47 22 say,
1480 743 63 22 when
1558 751 13 14 a
1590 743 58 22 little
1668 743 65 30 delay
1750 742 74 23 would
1848 743 23 22 in

1279 776 30 22 all
1322 776 137 31 probability
1470 776 58 23 have
1540 781 41 25 put
1593 776 47 23 him
1653 777 23 21 in
1697 776 132 31 possession
1850 776 24 22 of

1280 817 41 16 our
1333 810 163 23 observations.
1542 810 43 23 We
1606 809 103 31 objected
1723 815 21 17 to
1757 809 36 23 his
1806 809 65 23 mode

1280 843 25 22 of
1321 844 90 30 raising,
1418 852 14 14 a
1442 844 80 30 capital
1539 844 102 22 between
1660 845 54 22 £50
1734 843 44 23 and
1790 844 81 26 £150,

1280 876 25 22 of
1321 877 71 22 which
1410 876 53 31 only
1483 877 50 22 half
1549 884 45 15 was
1611 882 23 17 to
1654 877 26 22 be
1699 877 53 31 paid
1772 884 24 15 or
1813 877 59 22 from

1279 910 53 23 £25
1365 915 32 17 to.
1423 911 54 25 £75
1481 923 30 3 —
1512 911 98 22 because
1640 910 38 22 the
1708 917 112 24 expenses
1850 910 24 22 of

1279 948 159 25 management
1451 943 80 28 would,
1545 951 33 14 we
1592 943 70 23 doubt
1674 947 47 25 not,
1733 944 30 22 be
1781 948 91 26 greater

1280 977 22 21 in
1326 984 41 15 one
1391 984 53 23 year
1467 976 54 23 than
1546 977 39 22 the
1614 977 81 30 capital
1728 976 142 23 subscribed.

1280 1009 137 31 Thereupon
1430 1017 32 15 we
1474 1018 38 14 are
1525 1009 99 31 charged
1637 1009 53 23 with
1711 1010 78 30 aiding
1813 1010 58 22 aris-

1280 1048 89 25 tocracy
1382 1043 44 23 and
1439 1043 129 30 monopoly.
1618 1043 42 23 We
1681 1051 37 15 are
1737 1051 29 15 no
1785 1043 86 23 friends

1280 1081 22 18 to
1315 1077 72 22 either
1407 1085 25 14 as
1451 1084 32 15 we
1502 1076 141 23 understand
1662 1077 37 22 the
1719 1077 108 30 meaning
1850 1077 24 22 of

1264 1105 3 40 j
1281 1110 36 22 the
1341 1115 77 23 terms,
1443 1110 40 23 but
1504 1118 33 14 we
1561 1110 55 23 hear
1641 1118 13 15 a
1672 1110 40 23 sad
1732 1110 105 31 quantity
1850 1110 24 22 of

1264 1162 1 6 ,
1280 1151 111 15 nonsense
1406 1143 85 23 uttered
1502 1151 27 14 on
1538 1143 65 23 these
1611 1143 101 31 subjects
1725 1143 59 23 from
1797 1143 42 30 day
1849 1149 22 16 to

1264 1192 2 12 i
1281 1176 50 31 day,
1361 1177 45 22 and
1429 1177 70 22 which
1523 1178 121 22 i-onvinces
1664 1185 27 15 us
1716 1176 48 24 that
1787 1177 84 30 parties

1264 1212 2 29 j
1280 1211 70 22 either
1363 1218 41 15 use
1417 1210 38 23 the
1467 1210 72 23 words
1552 1211 34 22 for
1609 1211 48 31 clap
1679 1216 50 26 trap
1750 1218 119 23 purposes,

1264 1242 2 26 1
1280 1252 25 14 or
1318 1244 65 22 know
1396 1249 40 17 not
1449 1244 58 22 what
1519 1244 54 29 they
1590 1252 73 14 mean.
1863 1250 4 8 '

1314 1277 38 23 Mr
1369 1277 87 22 Golder
1475 1277 53 22 then
1548 1277 109 31 proceeds
1676 1282 23 18 to
1721 1277 40 23 tell
1781 1285 26 15 us
1820 1277 49 23 how

1264 1313 2 14 1
1280 1310 44 23 this
1338 1311 105 30 Compny
1456 1311 51 22 with
1521 1311 54 23 £25
1590 1318 24 15 or
1626 1312 53 24 £75
1700 1312 19 22 is
1740 1316 22 18 to
1780 1311 89 30 employ

1279 1345 30 21 its
1330 1344 90 30 capital.
1475 1344 105 30 Leaving
1604 1349 39 18 out
1662 1345 23 22 of
1703 1344 166 23 consideration

1279 1377 38 23 the
1329 1377 140 30 inadequacy
1482 1377 24 22 of
1523 1377 38 22 the
1580 1385 78 15 means
1673 1383 23 17 to
1718 1377 38 23 the
1776 1378 42 22 end
1838 1385 32 15 we

1264 1433 1 8 t
1279 1410 80 23 should
1380 1418 83 22 oppose
1487 1418 43 22 any
1557 1418 110 23 company
1692 1411 34 22 for
1750 1418 44 22 any
1813 1411 56 22 such

1279 1451 104 23 purpose,
1406 1443 56 23 until
1482 1444 17 22 it
1524 1451 40 15 can
1584 1444 28 22 be
1632 1444 78 23 shown
1723 1444 51 22 that
1786 1452 13 14 a
1811 1444 58 30 body

1279 1477 25 22 of
1319 1477 144 28 individuals,
1477 1477 53 22 with
1544 1486 13 14 a
1570 1477 149 31 complicated
1738 1477 131 31 machinery

1264 1510 1 31 [
1279 1510 25 23 of
1320 1510 76 24 clerks
1408 1511 44 22 and
1465 1511 84 28 offices,
1563 1519 37 15 are
1611 1511 72 30 likely
1697 1515 20 19 to
1728 1511 82 31 supply
1824 1512 47 22 flax

1264 1550 1 19 !
1279 1544 96 31 cheaper
1388 1544 55 23 than
1455 1544 125 23 individual
1593 1546 132 29 enterprise.
1775 1545 96 22 Instead

1279 1578 25 22 of
1319 1578 109 31 bringing
1439 1578 38 22 the
1490 1585 45 15 raw
1549 1578 102 22 material
1665 1584 22 16 to
1707 1578 38 23 the
1764 1578 105 22 machine

1264 1631 1 6 ,
1279 1619 33 14 we
1324 1619 37 14 are
1371 1613 23 20 in
1408 1612 78 21 favour
1499 1611 25 23 of
1540 1612 56 22 such
1608 1619 14 15 a
1634 1612 103 22 machine
1752 1619 23 15 as
1789 1619 40 15 can
1843 1612 27 22 be

1279 1645 158 30 conveniently
1457 1644 69 24 taken
1547 1650 22 17 to
1592 1644 37 24 the
1646 1649 64 26 spots
1728 1646 75 22 where
1824 1645 47 23 flax

1264 1700 1 12 :
1279 1678 109 27 abounds,
1403 1686 41 15 nor
1453 1677 58 24 shall
1525 1686 32 15 we
1578 1680 104 21 conceive
1702 1679 67 23 much
1790 1680 23 21 in
1832 1679 38 22 the

1279 1719 48 22 way
1346 1712 25 22 of
1387 1712 123 22 successful
1531 1712 137 31 application
1688 1712 42 23 has
1753 1712 57 23 been
1832 1720 38 14 ac-

1278 1745 140 30 complished
1438 1745 56 23 until
1514 1753 13 15 a
1551 1745 104 24 machine
1673 1746 25 22 of
1720 1746 39 23 the
1775 1745 57 23 kind
1851 1746 20 22 is

1263 1778 2 28 |
1277 1779 121 30 presented
1411 1784 21 17 to
1447 1780 36 22 the
1495 1779 84 30 public.

1264 1818 1 30 |
1312 1812 42 23 We
1367 1812 56 23 have
1433 1813 117 31 distinctly
1562 1813 75 23 stated
1650 1813 49 22 that
1711 1813 48 23 Mr.
1784 1813 87 22 Golder

1263 1842 2 18 1
1278 1845 36 23 did
1328 1853 38 15 not
1378 1846 56 23 seek
1448 1846 92 29 reward,
1555 1846 86 31 though
1655 1854 32 16 we
1702 1847 103 23 consider
1824 1846 47 22 him

1278 1879 94 22 entitled
1385 1884 23 17 to
1420 1880 18 22 it
1449 1879 20 23 if
1484 1880 28 23 he
1530 1888 25 15 so
1575 1881 87 30 greatly
1683 1880 48 23 aids
1751 1880 38 23 the
1809 1887 62 16 com-

1277 1913 89 29 munity
1379 1920 25 16 as
1416 1913 27 23 he
1456 1913 72 23 would
1549 1913 27 23 do
1597 1913 20 23 if
1632 1913 28 23 he
1680 1913 109 31 provided
1810 1913 61 23 them

1277 1946 52 22 with
1344 1947 37 22 the
1396 1954 76 15 means
1486 1947 24 22 of
1527 1947 122 31 rendering
1669 1948 37 21 the
1722 1947 47 23 flax
1790 1947 27 22 fit
1838 1947 34 22 for

1277 1984 88 25 export.
1416 1979 53 23 Had
1490 1980 29 22 he
1540 1981 53 22 read
1613 1988 40 15 our
1666 1981 79 22 article
1757 1980 29 22 he
1799 1980 73 22 would

1277 2011 56 22 have
1346 2019 53 15 seen
1414 2012 48 22 that
1476 2020 31 14 we
1519 2013 44 21 had
1584 2018 40 17 not
1643 2013 112 29 proposed
1774 2013 50 22 that
1843 2013 28 21 he

1263 2047 2 21 I
1277 2044 80 23 should
1371 2044 87 23 exhibit
1470 2054 13 14 a
1495 2046 87 30 sample
1596 2046 24 22 of
1636 2046 46 22 flax
1684 2058 32 4 —
1717 2046 42 22 but
1773 2046 49 22 that
1840 2053 32 15 we

1278 2078 71 22 stated
1363 2078 78 23 before
1453 2078 37 23 the
1503 2087 82 22 money
1598 2079 74 22 would
1681 2079 26 22 be
1716 2079 157 30 forthcoming

1278 2112 17 21 it
1309 2116 59 18 must
1388 2112 28 22 be
1435 2112 64 22 made
1521 2112 112 31 tolerably
1654 2112 91 23 evident
1764 2113 50 22 that
1837 2113 35 22 his

1277 2144 52 30 plan
1352 2145 73 22 would
1447 2146 103 27 succeed,
1573 2147 163 29 consequently
1761 2146 49 22 that
1834 2146 38 23 the

1277 2178 112 30 principle
1413 2184 59 18 must
1496 2179 28 22 be
1547 2179 120 31 explained
1689 2188 24 14 or
1734 2188 14 14 a
1768 2179 104 23 machine

1278 2211 118 23 exhibited
1409 2217 22 17 to
1451 2211 37 24 the
1501 2213 86 30 parties
1609 2213 105 30 disposed
1737 2218 22 18 to
1780 2214 92 29 enquire

1277 2246 47 21 into
1338 2245 38 23 the
1390 2244 96 31 subject.

1312 2278 22 23 A
1359 2278 74 23 friend
1452 2279 96 23 informs
1566 2288 27 14 us
1614 2280 49 23 that
1681 2280 29 22 he
1726 2279 42 23 has
1789 2288 53 15 seen
1860 2288 14 14 a

1278 2311 81 29 model,
1371 2320 25 14 or
1406 2321 12 13 a
1428 2314 88 29 portion
1527 2313 25 22 of
1559 2321 13 15 a
1581 2313 81 28 model,
1673 2314 25 22 of
1704 2313 48 23 Mr.
1766 2313 106 23 Golder's

1279 2345 111 28 machine,
1407 2346 42 22 and
1463 2347 117 22 considers
1597 2348 18 21 it
1634 2347 87 30 worthy
1743 2347 24 22 of
1785 2348 87 21 exami-

1279 2379 75 22 nation
1359 2391 31 4 —
1392 2387 33 15 we
1448 2380 74 22 would
1545 2380 111 23 therefore
1676 2385 95 26 suggest
1792 2380 49 23 that
1860 2388 13 15 a

1277 2418 124 24 guarantee
1420 2413 82 23 should
1521 2413 28 23 be
1570 2413 83 23 offered
1674 2413 47 24 Mr.
1743 2414 94 28 Golder,
1851 2419 22 18 to

1280 2445 36 23 the
1329 2445 67 23 effect
1408 2446 48 22 that
1470 2447 37 22 the
1520 2446 68 23 funds
1601 2447 58 22 shall
1672 2448 28 21 be
1718 2447 155 31 forthcoming

1279 2483 22 18 to
1309 2479 68 30 apply
1385 2479 35 23 his
1429 2480 117 30 principle,
1557 2480 115 30 provided,
1683 2488 27 15 on
1721 2482 103 29 enquiry,
1836 2481 36 22 the

1279 2513 129 22 committee
1432 2517 22 18 to
1472 2513 29 22 be
1520 2514 123 29 appointed
1662 2521 38 15 are
1719 2514 124 23 convinced
1855 2514 18 23 it

1279 2546 71 23 would
1364 2546 27 22 be
1403 2545 114 23 advisable
1530 2552 22 16 to
1566 2551 45 18 test
1623 2547 26 22 it.

1312 2597 23 23 A
1359 2601 75 26 report
1454 2597 30 31 by
1498 2598 38 23 the
1557 2598 84 24 Bolina
1662 2599 59 23 from
1744 2599 127 24 Auckland

1281 2635 76 23 states,
1371 2630 49 23 that
1433 2631 36 23 the
1483 2632 76 23 officer
1580 2632 176 31 administering
1768 2633 38 23 the
1820 2633 51 23 Go-

1281 2669 118 18 vernment
1411 2664 24 23 of
1451 2664 56 24 New
1524 2665 110 30 Zealand,
1646 2666 117 31 purposed
1775 2667 97 30 visiting

1282 2698 54 22 Port
1360 2698 126 23 Nicholson
1508 2707 29 14 on
1556 2699 38 22 the
1615 2704 78 18 return
1715 2700 26 22 of
1763 2700 39 23 the
1822 2700 52 30 brig

1284 2730 110 24 Victoria.
1432 2731 23 24 It
1474 2733 20 21 is
1516 2738 40 17 not
1575 2732 104 31 unlikely
1693 2733 45 23 this
1759 2734 113 23 intention

1281 2764 43 23 will
1336 2764 28 23 be
1385 2769 35 18 set
1441 2765 62 24 aside
1525 2766 30 30 by
1568 2766 38 23 the
1627 2767 142 30 unexpected
1789 2767 85 23 arrival

1281 2797 61 23 there
1356 2798 25 22 of
1398 2798 94 24 Colonel
1505 2799 129 23 Wakefield
1648 2800 45 23 and
1704 2800 49 23 Mr.
1768 2801 81 31 Spain.

1314 2854 50 23 The
1383 2854 54 30 brig
1455 2855 132 28 Elizabeth,
1610 2856 88 23 arrived
1720 2864 29 15 on
1770 2856 104 32 Monday

1280 2886 43 24 last
1334 2888 60 23 from
1412 2888 147 31 Valparaiso,
1574 2889 73 23 which
1667 2889 41 23 she
1728 2889 42 23 left
1791 2898 30 15 on
1835 2891 37 23 the

1282 2921 56 22 15th
1352 2921 100 29 August.
1490 2921 47 24 She
1550 2922 79 30 brings
1641 2922 70 23 about
1721 2923 49 24 300
1782 2928 52 18 tons
1848 2924 24 23 of

1280 2953 66 24 flour.
1385 2954 111 24 Previous
1509 2959 22 19 to
1543 2955 40 23 her
1596 2956 83 31 sailing
1691 2956 38 23 the
1737 2956 60 22 New
1811 2956 64 24 York

1280 2985 88 25 Packet
1388 2987 42 23 and
1450 2988 38 23 the
1509 2988 79 30 Agnes
1607 2989 43 23 had
1674 2989 97 24 arrived.
1820 2990 51 24 The

1281 3019 67 24 latest
1360 3021 65 23 dates
1437 3022 103 22 received
1557 3022 58 23 from
1628 3022 109 31 England
1756 3031 30 23 up
1800 3028 22 19 to
1836 3023 37 24 the

1281 3053 83 30 sailing
1383 3054 24 23 of
1428 3055 38 22 the
1485 3055 133 29 Elizabeth,
1638 3063 57 16 were
1714 3061 23 18 to
1763 3057 38 23 the
1824 3057 50 23 first

1281 3086 63 23 week
1357 3088 23 22 in
1399 3087 63 30 May,
1476 3088 30 31 by
1526 3097 14 14 a
1559 3090 75 22 vessel
1655 3090 74 23 which
1749 3090 45 23 had
1807 3090 66 24 made

1281 3120 37 23 the
1331 3128 95 23 passage
1439 3122 22 22 in
1483 3123 32 22 82
1535 3122 63 31 days,
1612 3123 37 23 the
1662 3123 101 24 shortest
1776 3131 97 23 passage

1281 3153 57 24 from
1351 3153 108 32 England
1471 3159 22 18 to
1507 3155 50 23 that
1568 3161 58 26 port,
1640 3164 29 16 on
1682 3157 87 23 record.

1314 3209 44 23 We
1370 3210 57 23 have
1443 3212 111 28 received,
1566 3211 58 25 from
1637 3212 134 30 Auckland,
1790 3222 14 14 a
1817 3220 55 24 copy

1282 3243 23 22 of
1321 3242 46 24 Dr.
1382 3243 109 24 Martin's
1509 3244 76 30 letter,
1606 3245 93 25 entitled
1742 3246 57 24 New
1813 3246 59 24 Zea-

1281 3276 52 22 land
1357 3277 23 22 in
1406 3279 64 23 1842
1484 3286 7 20 ;
1523 3286 25 16 or
1579 3279 39 23 the
1641 3279 79 23 effects
1745 3280 25 23 of
1792 3288 12 15 a
1827 3281 45 23 bad

1282 3310 157 23 Government
1451 3318 28 16 on
1496 3319 14 15 a
1525 3312 58 30 good
1597 3317 105 26 country.
1739 3312 29 24 In
1781 3321 14 15 a
1805 3313 67 24 letter

1282 3346 21 19 to
1324 3342 40 24 the
1385 3343 75 32 Right
1484 3344 158 24 Honourable'
1662 3345 65 24 Lord

1281 3375 35 24 As
1336 3377 19 22 it
1378 3377 90 26 abound
1491 3378 65 25 with,
1570 3378 146 24 information
1738 3378 70 25 about
1833 3380 38 23 the

1281 3409 149 32 proceedings
1444 3408 82 28 jn'tne
1540 3411 84 28 North,
1637 3419 33 15 we
1683 3412 63 23 shall-
1754 3413 52 30 give
1818 3420 53 23 por-

1281 3443 60 22 tions
1353 3442 25 23 of
1387 3444 19 21 it
1422 3443 66 23 from'
1493 3444 56 23 time
1568 3448 24 19 to
1604 3445 54 22 time
1679 3445 23 23 in
1723 3453 41 15 our
1778 3445 94 31 journal

1281 3476 59 22 until
1415 3476 75 23 whole
1508 3476 42 24 has
1568 3477 59 23 been
1646 3479 124 29 presented
1790 3484 23 18 to
1831 3488 41 16 our

1280 3509 103 23 reoders.
1427 3508 2 6 '
1442 3507 4 17 !
1471 3514 5 9 l
1503 3521 39 3 --•
1563 3509 10 12 •'
1666 3511 16 15 ;'•

1313 3563 52 24 The
1375 3564 85 32 barque
1474 3563 82 24 Bolina
1566 3565 89 24 arrived
1663 3566 60 23 from
1735 3566 135 31 Auckland,

1280 3605 28 15 on
1329 3598 94 30 Sunday
1443 3598 60 28 last,'
1516 3597 87 36 haying
1611 3592 80 31 'sailed
1705 3608 28 15 on
1754 3600 39 24 the
1814 3601 57 24 16th

1412 3630 6 29 \
1425 3631 46 23 She
1479 3631 43 24 .did
1535 3636 39 19 not
1583 3631 42 24 fell
1632 3632 26 24 in
1668 3627 106 30 withT'the
1786 3633 83 24 Eliza-

1279 3661 57 31 beth,
1357 3663 64 24 from'
1432 3664 45 24 this
1492 3658 128 41 jpqriwitli;
1626 3665 95 25 Colonel
1740 3665 129 25 Wakefield
1875 3664 2 10 1

1279 3696 44 23 and
1341 3690 110 38 party!,,,.
1460 3697 52 24 The
1521 3724 4 7 v
1533 3697 125 26 Elizabeth
1677 3699 86 29 starred
1782 3707 29 16 on
1832 3700 38 23 the

1277 3730 68 28 ,10th,
1358 3730 51 24 and.
1414 3732 163 30 consequently
1589 3740 46 16 was
1647 3737 40 20 not
1698 3732 45 24 due
1753 3732 65 24 when
1827 3733 49 24 .the'

1276 3761 94 30 JBolina,
1383 3760 42 27 left
1435 3763 133 24 Auckland.
1574 3765 18 19 ''-
1598 3763 15 19 ''•
1636 3773 24 12 <o
1674 3780 5 5 .
1711 3772 3 12 :
1848 3775 11 11 •„
1874 3785 3 14 (

1310 3796 37 29 By
1361 3796 46 23 this
1425 3798 146 35 opportunity
1583 3805 32 16 we
1632 3798 104 24 received
1754 3798 39 23 the
1810 3798 66 27 New'

1277 3828 105 24 Zealand
1387 3827 5 12 I
1396 3836 5 4 '
1406 3827 160 26 Government'
1580 3822 114 37 &azeite,'
1695 3829 8 14 :
1705 3829 26 25 6i
1745 3831 45 23 'the

1272 3862 149 31 .September,
1430 3862 48 24 ,and
1489 3871 30 17 ari
1527 3863 125 31 imperfect,
1657 3864 41 24 file
1709 3860 167 39 of,th,e^«c£-j

1271 3892 189 33 7a»rfi'2VnJW,to
1462 3911 3 10 (
1708 3912 3 9 ,
1721 3897 65 26 »The
1786 3889 90 44 iVura-j

1277 3928 40 23 her
1329 3927 25 24 of
1363 3928 39 23 the
1413 3928 44 23 last
1469 3928 132 23 mentioned
1610 3929 59 29 date,
1681 3930 21 22 is
1714 3929 50 24 half
1779 3939 14 15 a
1804 3923 71 33 sheet'

1277 3959 25 23 of
1306 3965 61 24 post,
1371 3959 91 30 printed
1468 3953 53 36 efflf
1528 3954 81 28 otfbnV
1610 3953 5 19 f
1681 3958 154 29 ahd'itfstated
1844 3963 31 24 to!

52 132 160 31 T\/TESSRS.
234 130 154 25 MACLEOD
411 137 45 14 and
477 129 45 22 CO.
546 129 49 27 beg.
613 132 21 17 to

51 153 62 29 JLVJi
233 158 49 24 ;.tlie
302 156 134 23 inhabitants
457 156 25 21 of
486 156 148 32 Wellington

49 186 49 24 that
117 187 51 30 they
179 187 55 21 have
410 191 13 14 a
440 184 96 26 clearing
552 182 45 21 sale
613 182 25 21 of

49 212 45 24 the.
101 211 75 24 -whole
197 213 25 21 of
235 210 38 23 the
294 210 63 25 stock
362 207 14 27 f
380 210 74 31 lately-
468 210 119 26 belonging
613 212 21 19 to

49 241 90 21 Messrs.
148 240 115 21 Anderson
273 237 44 22 and
329 233 104 29 Rowand,
443 237 21 20 in
477 236 155 25 Willis-street,

48 268 22 21 in
82 267 64 22 order
162 271 22 16 to
195 266 62 21 make
275 271 60 14 room
345 264 36 21 for
397 263 163 27 consignments
574 262 61 27 daily

50 292 106 29 expected
166 293 29 27 by
206 292 35 21 the
253 291 59 25 ships
323 292 77 24 George
409 290 46 25 Fife
465 289 43 22 and
519 290 113 25 Blenheim,

48 321 55 21 from
116 318 110 26 England.
255 318 68 21 Their
340 321 87 23 present
437 316 63 22 stock
510 316 91 22 consists
612 317 25 20 of

49 355 12 13 a
80 346 89 25 general
190 349 132 18 assortment
347 344 22 21 of
390 343 117 28 groceries,
533 343 99 27 drapery,

49 372 169 26 haberdashery,
230 371 45 22 and
417 370 70 22 which
498 369 52 28 they
562 370 73 21 solicit

48 400 36 21 the
95 399 73 27 public
180 403 21 17 to
213 398 92 27 inspect,
315 398 44 21 and
367 398 79 25 which,
453 398 22 20 in
482 403 152 21 consequence

49 426 25 21 of
81 433 67 20 many
159 426 165 26 advantageous
334 428 168 22 arrangements
516 424 51 26 they
578 423 56 21 have

48 453 72 25 made,
134 452 52 26 they
197 460 35 13 are
244 452 78 21 enable
334 456 21 17 to
372 452 53 21 offer
439 451 61 21 them
512 451 31 20 fur
556 450 45 21 sale
612 454 22 17 at

48 487 11 14 a
70 480 68 21 lower
148 480 61 25 price
220 479 52 21 than
290 486 44 20 any
345 478 62 22 other
416 478 68 26 goods
494 477 25 21 of
527 477 35 21 the
573 484 61 14 same

49 506 134 27 description
193 505 71 22 which
279 505 57 22 have
354 510 38 22 yet
402 505 56 22 been
470 504 80 21 offered
564 506 22 19 to
598 503 36 22 the

48 533 79 27 public.

76 560 156 25 Willis-street,
244 560 32 21 Te
287 560 57 25 Aro,
355 559 47 22 Oct.
414 560 34 20 2S.
460 560 60 19 1842.

212 605 88 19 Bread
322 604 148 26 Company.

48 640 49 48 A
119 638 149 23 GENERAL
290 638 147 22 MEETING
457 638 25 21 of
499 637 36 22 the
555 637 80 21 Share-

126 666 88 21 holders
232 666 26 19 of
271 666 36 21 the
320 666 70 21 Bread
402 665 113 27 Company
525 664 42 21 will
585 664 50 21 take

48 693 60 25 place
119 696 28 17 to-
258 692 101 26 evening,
367 690 128 28 Thursday,
508 691 128 22 November

48 721 18 23 3,
78 721 57 24 1842,
144 724 22 17 at
175 719 111 28 Couper's,
295 718 37 23 the
341 718 83 23 Thistle
432 718 50 28 Inn,
490 722 22 17 at
519 720 12 20 7
542 717 92 22 o'clock.

48 746 46 22 The
102 746 113 23 Members
225 754 36 13 are
274 743 233 30 earnestfyrequested
518 750 21 16 to
550 744 84 22 attend.

258 778 22 21 J.
296 777 88 27 Hales,
401 778 43 21 and
453 779 8 21 1
487 792 25 12 m,
545 796 5 8 ,
567 798 10 6 „

257 804 34 21 W.
308 804 117 24 Bennett,
451 802 17 26 /
487 792 110 21 Trustees.
