2499 4020
1892 119 220 28 WHOLESALE
2142 122 126 25 PRICES
2303 123 153 35 CURRENT.

1912 3563 39 16 The
1950 3579 5 5 k
1961 3563 50 17 .New
2021 3563 98 19 Zealand
2130 3566 92 22 Gaze?:tjs
2229 3569 36 15 and
2277 3569 126 19 Wei^ingipn
2413 3566 49 16 Sjpec-

1890 3584 87 16 tAtoiils
1984 3585 95 19 published
2086 3584 174 24 every'\Vednesday
2270 3589 35 16 and
2316 3588 86 20 Saturday.
2421 3586 37 16 Sub-

1889 3603 63 20 joined
1958 3609 31 12 are
1996 3606 30 16 the
2030 3609 67 15 .terms:
2099 3616 23 4 —
2337 3614 2 4 •

1902 3625 74 27 Jww
1983 3630 24 13 °*
2013 3631 42 13 the
2061 3629 97 20 Papbr,—
2159 3629 53 21 Pqrty
2218 3630 84 21 shilUngs
2308 3635 30 15 per
2347 3633 69 14 annum,
2422 3629 39 18 >P»y*

1890 3647 42 15 able
1937 3647 20 15 in
1965 3647 88 21 advance;
2064 3654 20 11 or
2090 3653 36 13 one
2132 3650 75 23 shilling
2210 3652 31 17 for
2246 3652 59 21 pin«le
2311 3651 86 18 numbers.

1912 3667 155 18 Advertisements
2074 3668 38 18 will
2118 3673 36 13 not
2157 3675 66 17 appear
2232 3672 20 16 in
2264 3673 29 15 the
2303 3675 75 16 ensuing
2387 3669 73 19 number*

1890 3688 18 16 if
1916 3689 82 15 received
2006 3689 45 17 later
2057 3690 45 16 than
2114 3691 19 16 10
2140 3690 73 21 o'clock,
2220 3697 49 14 a.m.,
2276 3697 23 12 on
2307 3692 29 16 the
2343 3694 82 16 mornings
2432 3689 25 16 be-

1890 3708 42 17 fore-
1942 3709 117 20 publication.
2080 3709 159 21 Advertisements
2253 3713 36 19 will
2299 3714 21 16 be
2330 3711 90 18 continued
2426 3708 28 18 and

1890 3729 79 20 charged
1980 3730 50 23 u,ns.
2036 3732 166 21 counter-ordered;
2212 3737 48 17 men,
2266 3734 50 16 order
2322 3735 48 15 must
2375 3734 20 16 be
2401 3733 35 16 sent
2441 3731 16 14 ta

1886 3750 37 23 ,the
1933 3749 54 18 Office
1999 3751 37 16 two'
2053 3751 44 21 days
2114 3752 61 17 before
2182 3751 120 23 'publication,
2314 3754 33 17 and
2357 3755 47 15 must
2412 3753 18 16 lie
2439 3750 16 16 io

1890 3770 80 21 writing.
1992 3770 160 21 Advertisements'
2161 3774 82 18 received
2252 3776 3 7 '
2262 3776 52 20 after
2329 3776 20 18 10
2362 3773 60 17 o'clock
2436 3774 19 12 on

1888 3791 86 20 Tuesday
1986 3792 37 16 and
2033 3791 65 23 Friday
2109 3794 94 21 mornings
2213 3796 39 17 will
2261 3796 22 17 be
2293 3795 74 18 chawed
2377 3796 45 15 twioi
2430 3791 25 16 th*

1888 3812 57 24 •jjsual
1951 3814 61 19 rates,.,
2191 3821 10 12 •,

1911 3832 104 24 AUoidefs,
2025 3833 157 24 advertisements,
2193 3837 38 17 and
2240 3831 159 28 qpmnttanicaUoas'
2407 3836 15 14 w
2430 3832 29 22 #'

1885 3852 5 9 l
1890 3853 71 20 Editor,
1968 3855 131 23 are^teijuestecl
2104 3857 19 15 to
2131 3856 21 17 be
2158 3857 99 18 addressed
2262 3859 19 16 to
2287 3857 36 17 this
2329 3857 58 17 Office.

1890 3896 126 20 PrinUdrand
2028 3900 97 20 publuhed
2141 3906 54 17 every
2208 3903 115 20 'Wednesday
2338 3901 34 18 and
2380 3897 77 20 Saturday

1890 3929 4 8 i
1907 3920 336 26 tW^jiMi.^yijSAJ^ljE^-RsyAß*,
2259 3923 64 20 M.JjUt
2338 3922 80 19 OfliWJiOl
2429 3921 17 13 In
2447 3921 8 11 *

1884 3954 12 10 X!
1911 3938 52 22 KBWf
1975 3941 96 24 ZVfilfMVp
2078 3942 95 23 PfLZWSB
2182 3944 188 19 JL3fB..W¥LWJI(JIO»
2377 3941 80 25 .^ffif^'

552 36 97 50 rt)C
1053 35 188 51 iSrat^ttc
1267 35 97 43 attfr
1383 37 305 46 SSlcUmgtjm
1709 35 256 48 jbyectatoi*

2232 188 55 18 £«.
2312 188 17 17 d.
2383 192 45 19 £
2446 200 7 16 d

1893 216 64 22 Aie:
1973 216 98 28 perhhA
2145 215 72 22 .'......
2235 217 13 22 7
2278 219 14 19 0
2319 220 13 19 0
2350 232 16 7 ..
2384 220 11 21 7
2419 223 11 22 7
2449 230 12 19 q,

2070 244 118 26 per.barrel,
2196 258 6 6 .
2208 258 6 6 .
2232 244 13 21 5
2275 244 13 20 5
2317 246 48 19 0..
2381 249 12 19 0
2418 252 12 19 0
2449 257 8 18 0

2068 278 39 20 per
2117 270 48 22 doz.
2172 272 76 20 ....0
2264 272 27 20 13
2319 272 76 22 0..0
2418 279 41 23 0&

1893 296 114 22 Arracic:
2023 296 46 23 Per.
2073 298 44 26 gal.
2127 297 25 22 in
2162 296 61 23 bond
2236 300 13 19 0
2280 299 11 19 1
2320 298 12 20 9
2351 312 16 7 ..
2384 302 13 19 0
2418 305 12 19 2
2449 312 8 12 n

1892 322 94 23 Bread:
2003 321 43 24 Per
2054 323 44 23 21b.
2109 323 51 22 loaf
2174 338 45 6 ....
2237 326 14 19 0
2279 326 14 19 0
2320 326 14 19 7
2351 339 16 6 ..
2384 329 13 19 0
2419 331 12 19 0
2449 336 9 19 0

1892 350 61 21 Beef
1954 355 5 11 j
1961 357 5 14 :
1983 348 76 30 Fresh,
2079 357 89 15 carcase
2183 357 40 21 per

2012 376 22 24 lh
2234 380 13 19 0
2276 378 13 19 0
2305 379 31 21 10,
2348 392 17 7 ..
2382 382 13 19 0
2417 385 11 19 0
2447 389 9 19 0

2002 402 54 28 Salt,
2066 411 39 19 per
2118 404 69 21 tierce
2201 418 5 6 .
2214 418 5 5 .
2259 411 59 14 none
2350 420 5 5 .
2361 420 5 5 .
2384 409 44 21 00
2448 416 10 19 0

2004 430 42 21 Do.
2056 437 39 19 per
2109 430 74 22 barrel
2200 445 6 6 .
2214 444 5 7 .
2258 438 59 14 none
2350 446 5 6 .
2361 447 5 6 .
2383 435 45 22 00
2448 442 8 19 0

1894 456 48 22 But
1945 463 43 15 tbr
1995 463 5 14 :
2018 456 64 28 Irish,
2092 465 41 19 per
2142 458 30 21 lb.
2197 472 6 5 .
2210 472 6 6 .
2235 459 12 20 0
2278 459 11 20 1
2318 460 35 19 9.
2360 474 5 5 .
2383 463 45 21 02
2447 470 9 17 0

2017 483 67 22 Fresh
2239 487 13 20 0
2280 486 14 21 3
2320 486 49 20 3..
2385 489 11 19 0
2419 492 11 18 0
2449 495 9 19 0

1894 515 82 16 JBrand
1981 517 10 14 if
1999 518 6 13 :
2020 510 58 22 First
2084 510 93 28 quality,
2185 518 39 20 per

2044 537 74 27 gallon
2128 538 24 21 in
2164 538 59 21 bond
2237 540 13 20 0
2280 540 14 19 6
2320 540 14 19 0
2351 554 5 6 .
2362 554 6 6 .
2385 543 10 19 0
2419 545 39 23 80

1894 563 87 22 Brown
2001 564 86 22 Stout:
2110 572 41 19 per
2165 564 53 22 hhd.
2234 567 12 19 6
2263 566 27 21 10
2317 567 14 20 0
2348 581 17 6 ..
2385 568 10 22 7
2418 572 10 19 0
2448 576 8 19 0

1894 591 88 22 Cigars
1990 599 5 13 :
2007 591 101 27 Manilla,
2117 599 40 19 per
2164 592 59 26 1000,
2239 594 12 19 3
2280 594 14 19 0
2320 594 14 19 0
2351 608 5 5 .
2362 608 5 6 .
2385 597 12 19 0
2419 599 11 19 0
2449 602 10 19 &

2005 617 94 22 Inferior
2239 620 9 20 1
2266 620 27 21 18
2320 621 14 20 0
2351 634 16 7 ..
2385 623 10 20 2
2418 625 11 19 0
2449 629 8 19 0

2005 644 134 28 Havannah,
2146 653 40 19 per
2192 645 30 22 lb.
2258 653 61 14 none
2350 661 17 6 ..
2385 650 10 19 0
2419 652 10 19 0
2449 656 8 18 0

2004 671 168 27 Chinsurahper
2178 673 69 21 10001
2265 674 27 20 10
2320 674 12 20 0
2350 688 17 6 ..
2384 677 11 19 0
2418 679 10 18 0
2448 683 8 18 0

2004 698 155 22 Alexandrian
2172 714 45 5 ....
2238 700 55 21 11-0
2319 701 138 27 0..000

1894 725 88 22 Coffee
1989 732 5 14 :
2007 725 63 26 Java,
2080 733 40 19 per
2129 726 23 21 lb
2237 728 12 19 0
2279 728 13 19 0
2307 728 26 19 10
2350 741 4 6 .
2362 742 4 6 .
2384 731 11 18 0
2419 732 7 19 ]
2448 736 9 18 0

1894 752 104 21 Cheese:
2014 752 105 21 Cheshire
2238 755 13 19 0
2280 755 11 20 1
2320 755 138 26 6..000

2013 778 54 22 Pine
2077 779 75 27 Apple
2173 782 78 19 ....0
2279 781 14 20 0
2320 782 13 19 0
2351 795 16 6 
2384 785 12 18 0
2420 786 8 19 1
2449 789 8 19 j

2012 805 75 22 Dutch
2238 809 13 19 0
2280 809 13 19 0
2320 809 77 21 0..0
2420 812 7 20 1
2451 816 9 19 0

1894 832 107 22 Candles
2009 839 4 14 :
2020 832 93 26 English
2121 840 57 19 wax,
2185 841 43 19 per

2039 859 22 21 lb
2238 863 13 18 0
2279 862 13 20 3
2320 862 14 19 0
2351 875 5 7 .
2363 877 6 5 .
2385 865 12 19 0
2421 867 10 19 0
2451 870 7 19 0

2025 886 80 21 Mould
2237 889 12 19 0
2280 888 10 20 1
2319 889 48 20 3..
2385 893 11 18 0
2420 893 38 22 O(|

2027 913 55 27 Dips
2237 917 12 19 0
2279 915 10 21 1
2319 916 77 22 0..0
2420 921 10 17 0
2449 924 9 18 g

1894 939 94 22 Flour:
1998 940 33 21 Ist
2036 940 91 26 quality,
2139 947 40 20 per
2185 944 36 17 ton

2018 966 31 21 of
2053 968 54 20 2000
2117 966 34 22 lbs
2221 969 26 20 23
2278 969 13 19 0
2318 970 13 19 0
2349 971 46 20 ..25
2420 974 10 18 0
2449 978 9 18 0

1994 993 46 22 2nd
2049 992 55 23 ditto
2237 996 14 19 0
2279 996 13 20 0
2319 997 13 18 0
2350 1011 4 5 .
2361 1011 5 5 .
2372 999 24 19 20
2421 1000 9 19 0
2450 1004 8 19 0

1895 1020 60 21 Gin:
1976 1019 54 22 Pale
2046 1020 24 21 in
2081 1020 60 22 bond
2237 1023 12 19 0
2278 1022 13 20 3
2319 1023 14 19 0
2349 1037 17 6 ..
2383 1027 11 18 0
2419 1027 11 19 4
2449 1030 9 19 6

1945 1046 62 26 Case,
2016 1048 14 20 4
2037 1047 35 27 gal
2081 1048 36 20 4-5
2127 1048 24 21 in
2161 1047 60 22 bond
2236 1049 13 20 0
2278 1049 13 20 0
2318 1050 48 20 0..
2384 1052 8 21 1
2420 1053 38 22 80

1896 1072 81 23 Hams:
1993 1073 128 27 Yorkshire,
2137 1074 85 28 perlb.
2237 1077 14 19 0
2280 1077 13 19 0
2320 1077 14 19 0
2350 1091 17 5 ..
2385 1081 11 18 0
2419 1081 12 19 0
2450 1084 9 18 0

1895 1100 127 22 Mustard:
2039 1101 41 21 Per
2089 1101 72 21 dozen
2174 1103 118 20 ....018
2320 1105 76 21 0..0
2419 1108 40 21 00

1894 1126 116 23 Mutton:
2031 1128 93 21 Carcase
2134 1135 40 20 per
2183 1128 23 22 lb
2216 1145 5 5 .
2237 1131 14 19 0
2280 1131 12 19 0
2320 1131 13 19 9
2350 1145 17 6 ..
2385 1133 11 20 0
2419 1135 37 21 o]l

1894 1154 124 22 Muskets:
2035 1154 91 22 Walnut
2132 1156 93 21 stocked
2238 1158 14 19 0
2280 1158 13 19 0
2320 1158 13 19 0
2350 1172 17 6 ..
2385 1161 11 19 0
2410 1161 18 19 15
2451 1164 10 19 0

1894 1181 79 21 Milk.
1990 1181 43 21 Per
2039 1181 49 27 pint
2237 1185 14 19 0
2280 1185 12 19 0
2319 1185 13 19 3
2350 1199 17 5 ..
2385 1188 10 19 0
2419 1189 10 19 0
2449 1190 10 19 4

1894 1208 57 21 Oil:
1969 1208 103 24 Linseed,
2082 1216 39 20 per
2130 1209 75 27 gallon
2216 1225 5 5 .
2237 1213 13 18 0
2279 1211 12 19 5
2320 1213 12 18 0
2351 1226 16 6 ..
2385 1215 10 19 0
2419 1215 9 20 7
2449 1218 11 19 Q

1970 1235 282 28 Black,incask,pertonl7
2281 1239 13 19 0
2322 1239 14 19 0
2352 1253 15 5 ..
2385 1241 12 19 0
2419 1243 10 19 0
2448 1246 10 18 (/

2007 1262 76 26 Sperm
2221 1265 25 20 75
2277 1265 12 19 0
2317 1265 13 19 0
2348 1279 18 7 ..
2382 1267 10 19 0
2418 1269 8 18 0
2447 1273 8 16 11

1894 1289 77 21 Pork:
1986 1289 77 27 Fresh,
2081 1296 88 14 carcase
2185 1297 40 20 per

2012 1315 23 21 lb
2235 1319 14 20 0
2278 1320 13 19 0
2319 1319 12 19 5
2350 1334 16 5 ..
2383 1323 11 19 0
2418 1324 10 18 0
2447 1326 10 19 0

1894 1342 77 21 Pork:
1988 1342 65 28 Irish,
2065 1350 39 19 per
2113 1343 73 22 barrel
2199 1359 17 5 ..
2235 1347 14 19 0
2278 1347 13 19 0
2320 1348 12 18 0
2350 1361 16 5 ..
2382 1355 11 13 j
2417 1350 9 19 5
2447 1353 11 18 0

1896 1368 118 22 Potatoes
2022 1376 4 14 :
2047 1370 55 20 New
2116 1370 107 27 Zealand,

2072 1404 40 19 per
2122 1400 36 18 ton
2236 1399 14 19 5
2280 1401 12 19 0
2321 1402 13 18 0
2350 1415 4 5 .
2362 1415 4 6 .
2384 1404 11 19 S
2418 1404 11 19 0
2449 1407 9 18 0

1895 1423 93 21 Porter
1998 1430 6 13 :
2033 1423 101 28 Dunbar,
2146 1425 23 20 in
2177 1425 45 21 bot.

2062 1457 39 19 per
2111 1450 42 22 doz
2235 1455 15 19 0
2266 1454 25 20 13
2319 1455 13 19 0
2348 1469 16 5 ..
2381 1458 12 19 0
2418 1458 10 19 0
2448 1461 10 18 0

2004 1476 84 27 Bryant
2098 1477 45 21 and
2153 1477 69 23 Davis
2236 1481 14 19 0
2266 1481 25 20 13
2320 1483 11 19 0
2348 1496 5 4 .
2361 1497 4 5 .
2383 1486 10 17 0
2418 1486 10 18 0
2449 1488 9 17 0

1894 1503 99 21 Pickles
2005 1510 4 14 :
2041 1503 74 22 Assoi.
2113 1507 7 10 s
2121 1504 35 27 ed,
2186 1513 39 19 per

2067 1531 57 25 doz.,
2149 1536 75 22 quarts
2239 1535 9 19 1
2283 1536 6 18 1
2320 1538 12 16 0
2350 1550 4 5 .
2362 1550 4 5 .
2383 1542 12 15 y
2419 1540 11 17 0
2451 1540 8 17 0

1894 1557 74 21 Pitch
1981 1564 5 14 :
2018 1557 137 28 Stockholm,
2186 1566 39 20 per

2043 1584 73 22 barrel
2238 1589 14 19 0
2280 1590 13 19 0
2320 1590 72 21 0..1
2419 1592 42 21 5o

1894 1611 81 21 Plank
1983 1618 5 14 :
2017 1611 53 21 Port
2091 1612 132 28 Nicholson,

2044 1645 38 20 per
2092 1640 40 20 100
2141 1640 47 20 feet
2201 1655 4 5 .
2213 1655 5 5 .
2237 1643 14 19 0
2280 1644 11 19 0
2319 1645 12 18 0
2348 1658 4 5 .
2360 1658 4 5 .
2385 1646 5 19 I
2419 1646 7 19 1
2451 1650 8 17 0

1894 1664 70 22 Rice:
1977 1665 108 22 Common
2095 1673 40 20 per
2141 1670 49 18 cwt.
2202 1682 17 6 ..
2238 1670 14 19 0
2280 1672 12 18 0
2319 1672 13 18 0
2348 1684 17 6 ..
2382 1674 13 19 0
2418 1674 11 19 0
2450 1676 10 17 0

1977 1692 65 22 Good
2237 1697 12 19 1
2279 1697 13 20 4
2319 1698 74 21 0..0
2418 1700 11 19 0
2450 1702 10 19 0

1894 1719 54 21 Rum
1957 1726 5 13 :
1979 1719 25 21 P.
2014 1720 26 21 13.
2052 1719 32 26 P.,
2099 1727 39 20 per
2148 1721 75 26 gallon

2016 1747 22 20 in
2054 1747 60 21 bond
2237 1751 13 19 0
2278 1752 13 19 4
2319 1751 75 22 0..0
2418 1754 10 19 5
2450 1756 11 19 0

1894 1773 87 21 Sugar:
2001 1773 117 22 Mauritius
2128 1782 40 19 per
2176 1778 48 18 cwt.
2239 1778 13 19 0
2280 1780 12 18 0
2320 1780 46 19 0..
2397 1787 47 14 none

2004 1800 79 22 Brown
2098 1801 55 21 ditto
2172 1805 75 19 ....1
2277 1806 12 19 8
2317 1806 111 21 0..00
2450 1810 10 19 0

2004 1827 94 22 Refined
2115 1828 52 27 loaf,
2185 1836 40 20 per

2030 1854 21 21 lb
2237 1860 14 19 0
2279 1860 13 19 0
2319 1860 13 19 9
2348 1874 16 5 ..
2381 1862 13 19 0
2419 1862 11 19 0
2451 1863 11 18 0

2006 1881 92 21 Manilla
2118 1889 39 20 per
2172 1887 46 18 cwt.
2233 1886 15 19 O
2277 1888 12 18 0
2317 1889 45 17 0..
2381 1887 57 21 None

1894 1907 73 21 Salt:
1984 1907 124 28 Liverpool,
2120 1916 39 20 per
2170 1914 36 17 ton
2216 1926 5 5 .
2235 1913 14 18 3
2279 1914 12 19 0
2318 1916 12 17 0
2347 1927 17 6 ..
2381 1916 12 19 4
2418 1917 11 18 0
2451 1917 10 18 0

1894 1935 59 20 Soap
1962 1943 5 13 :
1996 1935 100 21 Hawes's
2119 1937 102 27 London,

2022 1970 37 19 per
2066 1966 39 18 ton
2221 1966 27 20 35
2278 1968 12 19 0
2318 1970 12 17 0
2347 1981 17 5 ..
2381 1970 11 17 0
2419 1971 11 18 0
2453 1972 8 17 0

2012 1989 118 28 Liverpool
2221 1994 27 19 26
2277 1995 12 19 0
2317 1996 13 17 0
2346 2008 17 5 ..
2380 1998 12 17 0
2418 1997 9 18 0
2451 1999 10 17 0

1894 2015 91 21 Starch
1993 2023 5 13 :
2014 2017 42 19 Per
2065 2016 21 22 lb
2237 2022 13 17 0
2279 2022 12 18 0
2319 2022 12 18 9
2348 2035 5 4 .
2360 2035 5 4 .
2383 2026 11 16 0
2419 2025 11 16 I)
2453 2027 9 15 v

1894 2042 142 21 Scantling:
2052 2043 42 21 Per
2102 2045 39 19 100
2151 2044 33 21 fee
2184 2044 33 21 L..
2237 2048 12 19 0
2279 2048 12 19 0
2319 2050 12 17 0
2348 2062 16 4 ..
2385 2050 6 18 1
2419 2051 11 18 0
2452 2056 2 13 1

1894 2069 126 21 Shingles:
2037 2069 41 21 Per
2086 2071 60 26 1000,
2157 2071 28 20 N.
2195 2072 24 21 Z.
2236 2074 9 19 1
2279 2075 7 19 1
2318 2076 12 19 0
2348 2088 16 5 ..
2385 2077 7 18 I
2419 2088 4 7 .
2421 2077 6 8 r
2425 2083 3 11 >
2451 2081 9 14 1/

2023 2096 68 27 Ditto,
2115 2096 27 22 V.
2153 2098 29 20 D.
2194 2098 25 21 L.
2233 2100 14 20 2
2277 2103 12 18 0
2317 2104 12 17 U
2346 2116 6 4 .
2359 2116 5 4 .
2381 2105 12 17 0
2419 2107 10 16 0
2450 2107 9 16 0

1892 2122 63 22 Tar.
1971 2123 54 21 Coal
2236 2128 8 19 ]
2265 2128 24 19 D
2319 2130 11 18 0
2348 2142 17 5 ..
2383 2132 12 17 0
2420 2133 40 17 00

1975 2149 126 23 Stockholm
2237 2155 8 19 1
2265 2156 25 19 10
2319 2158 12 17 0
2348 2170 17 4 ..
2383 2159 12 16 0
2420 2160 10 16 v
2451 2160 9 17 0

1892 2176 49 22 Tea
1951 2184 4 13 :
1965 2177 79 26 Hyson
2049 2177 55 26 skin,
2111 2184 39 20 per
2160 2178 61 21 chest
2233 2182 14 19 5
2277 2183 12 18 0
2317 2184 13 18 0
2347 2196 17 5 ..
2384 2184 11 19 7
2420 2184 10 20 7
2450 2185 9 18 0

1969 2205 91 25 Cuiigou
2223 2208 26 20 10
2277 2210 13 19 0
2318 2210 77 21 0..U
2419 2212 11 19 0
2450 2213 9 17 0

1892 2230 105 22 Tobacco
2006 2239 5 13 :
2026 2231 139 28 Negrohead,
2183 2240 38 19 per

2051 2258 28 21 lb.
2093 2259 24 20 in
2134 2259 58 22 bond
2233 2263 13 18 0
2277 2264 6 19 1
2316 2264 48 19 0..
2383 2265 12 19 0
2419 2265 10 19 0
2450 2266 9 19 0

1892 2284 163 22 Turpentine:
2071 2286 145 26 Pergallon..
2235 2290 13 19 0
2277 2292 12 17 8
2317 2291 13 18 0
2348 2304 18 5 ..
2385 2293 11 18 0
2419 2293 11 18 0
2451 2293 8 19 0

1893 2311 161 22 Whalkbone:
2070 2312 43 21 Per
2123 2318 37 15 ton
2221 2316 26 19 85
2277 2318 12 18 0
2317 2317 13 19 0
2348 2318 46 19 ..90
2419 2320 10 17 0
2450 2320 9 18 0

1894 2337 81 22 Wine:
1991 2339 87 27 Sherry,
2089 2346 40 20 per
2138 2340 50 26 pipe
2199 2343 50 19 ..28
2277 2344 12 19 0
2318 2344 13 19 0
2348 2346 45 19 ..40
2418 2346 11 19 0
2451 2349 8 16 0

2002 2366 70 26 Ditto,
2087 2373 41 19 per
2142 2366 77 23 dozen.
2237 2370 8 19 1
2277 2371 12 18 4
2318 2372 12 18 0
2346 2384 16 5 ..
2378 2372 12 19 2
2416 2373 12 18 0
2451 2374 9 17 0

2003 2392 58 27 Port,
2072 2401 40 20 per
2122 2394 50 26 pipe
2197 2397 50 20 ..28
2276 2398 13 19 0
2317 2399 12 18 0
2345 2399 45 19 ..(JO
2414 2399 12 20 0
2450 2401 10 18 0

2070 2427 40 20 per
2120 2423 47 18 doz.
2198 2424 48 20 ..1
2276 2425 13 20 8
2317 2426 12 18 0
2345 2438 16 5 ..
2378 2426 12 19 2
2414 2427 11 18 8
2449 2427 10 19 0

2002 2446 148 29 Champagne,
2167 2448 53 21 ditto
2234 2451 15 20 2
2276 2451 13 20 5
2317 2453 12 18 0
2345 2465 16 5 ..
2378 2453 12 19 3
2405 2453 21 19 10
2449 2453 10 19 0

1893 2472 121 23 Poultry:
2030 2474 79 26 Fowls,
2116 2482 39 19 per
2163 2476 48 26 pair
2218 2492 3 5 .
2238 2479 14 18 0
2279 2479 12 19 8
2319 2481 13 17 0
2348 2492 16 5 ..
2382 2482 11 17 v
2408 2480 20 19 10
2451 2482 10 17 0

2028 2501 84 27 Ducks,
2124 2502 55 21 ditto
2199 2518 18 5 ..
2237 2506 14 19 0
2266 2505 26 20 16
2318 2507 13 18 0
2346 2519 17 6 ..
2380 2507 12 18 0
2416 2507 12 18 0
2449 2507 10 18 0

2030 2528 79 26 Geese,
2121 2528 55 22 each
2199 2544 5 5 .
2212 2544 5 6 .
2237 2532 11 20 1
2277 2533 14 20 0
2317 2533 13 20 0
2346 2546 4 5 .
2358 2546 4 5 .
2380 2535 12 18 0
2416 2534 10 18 0
2449 2535 9 18 0

2028 2554 108 28 Turkeys,
2148 2556 54 22 each
2239 2559 10 20 1
2279 2560 13 19 0
2319 2560 45 19 0..
2381 2561 12 18 0
2417 2561 11 18 0
2449 2563 10 16 0

2030 2581 102 27 Pigeons,
2143 2583 76 28 (wild,)

2054 2615 40 21 per
2104 2610 48 26 pair
2237 2613 14 20 0
2278 2613 13 20 0
2319 2613 74 21 0..0
2416 2613 10 20 2
2450 2615 10 18 0

2028 2635 84 27 Ducks,
2122 2636 34 22 do.
2169 2638 49 21 do..
2238 2640 13 19 0
2279 2640 12 19 5
2319 2641 12 18 0
2348 2653 16 6 ..
2381 2642 12 18 0
2417 2641 11 19 0
2450 2641 9 18 0

1892 2662 62 21 Eggs
1960 2670 5 13 :
1984 2662 42 22 Per
2035 2662 72 22 dozen
2238 2667 14 19 0
2279 2667 13 19 3
2319 2668 74 19 0..0
2417 2669 11 18 0
2450 2668 11 18 0

1892 2716 64 22 Cows
1965 2724 5 14 :
1985 2716 71 22 Milch
2223 2721 29 19 20
2279 2722 13 19 0
2319 2722 12 18 0
2348 2735 4 5 .
2359 2722 34 20 .30
2416 2722 11 18 0
2449 2722 11 18 0

1893 2742 97 23 Mares:
2005 2744 73 22 Brood
2221 2748 30 20 50
2277 2749 13 19 0
2318 2749 12 19 0
2347 2749 45 19 ..90
2416 2749 10 18 0
2449 2749 10 18 0

1893 2769 116 24 Working
2026 2771 131 23 Bullocks:
2181 2773 41 21 Per

1918 2798 50 26 pair
2223 2802 29 20 40
2279 2803 13 19 0
2319 2803 12 19 0
2348 2802 45 20 ..60
2418 2802 10 19 0
2450 2801 10 19 0

1892 2823 64 22 Hire
1967 2832 26 14 of
2005 2831 78 16 ditto:
2099 2826 44 21 Per
2150 2826 50 28 day,
2210 2834 12 14 a

1920 2854 60 19 team
1990 2852 44 21 and
2041 2851 74 23 driver
2239 2856 10 20 1
2278 2857 14 19 0
2319 2858 12 18 0
2348 2869 16 6 ..
2381 2857 11 19 2
2416 2856 11 18 0
2449 2856 12 18 0

1892 2877 75 22 Sheep
1976 2885 4 14 :
1996 2878 60 22 Each
2237 2883 10 19 1
2277 2884 13 18 0
2317 2884 12 18 0
2346 2896 16 6 ..
2382 2884 6 18 I
2415 2883 11 19 8
2448 2885 10 16 v

1892 2904 63 23 Boat
1966 2905 73 22 Hire:
2054 2906 42 22 Per
2103 2907 50 27 day,
2159 2908 62 21 with-

2082 2937 40 17 out
2132 2934 71 23 hands
2213 2951 5 5 .
2234 2937 15 19 0
2265 2937 24 19 10
2318 2939 11 17 0
2346 2951 16 5 ..
2381 2937 7 19 I
2414 2937 12 19 0
2447 2936 10 18 0

1892 2985 87 23 Wages
1985 2993 5 14 :
2019 2986 139 29 Mechanics,
2184 2996 38 20 per

2045 3015 62 21 week
2237 3017 14 20 2
2278 3018 13 20 0
2319 3019 45 19 0..
2381 3019 11 19 3
2416 3017 10 19 0
2448 3017 10 18 0

2028 3040 126 24 Labourers
2237 3045 54 20 110
2318 3045 12 20 0
2346 3059 5 5 .
2359 3058 4 6 .
2372 3057 4 4 •
2382 3045 8 20 1
2405 3044 20 20 16
2447 3043 10 19 0

2128 3069 121 23 DUTIES.

1891 3094 100 22 British
2002 3094 90 23 Stirits
2308 3099 30 21 4s.
2348 3105 36 21 per
2392 3096 64 28 gallon.

1892 3120 105 22 Foreign
2008 3121 55 22 ditto
2308 3125 30 21 ss.
2348 3132 35 21 per
2390 3123 66 29 gallon.

1891 3147 105 22 Tobacco
2006 3149 177 29 manufactured,
2310 3154 28 20 Is.
2347 3159 36 20 per
2390 3153 26 20 lb.

2006 3175 205 25 Unmanufactured
2307 3179 34 22 9d.
2352 3186 35 20 per
2395 3178 25 21 lb.

1892 3201 73 22 Snuff
2092 3212 6 12 ;
2308 3208 28 20 2s.
2346 3213 35 20 per
2388 3205 26 21 lb.

1892 3228 87 22 Cigars
2309 3235 30 20 2s.
2348 3232 68 29 perib.

1891 3254 83 24 Wines
2300 3261 24 20 15
2338 3266 36 21 per
2381 3260 47 20 cent.

1891 3281 55 27 Tea,
1962 3283 85 27 Sugar,
2063 3285 87 27 Flour,
2169 3286 115 33 Wheat,]

1909 3309 46 21 and
1964 3309 63 23 other
2038 3311 87 29 Grain,
2136 3314 12 20 5
2159 3320 39 21 per
2208 3318 58 17 cent.
2280 3308 4 27 I
2327 3328 8 8 ,
2372 3327 6 14 ,
2393 3332 35 9 „._

1891 3335 40 23 All
1941 3337 62 21 other
2013 3337 105 23 Foreign
2124 3341 142 26 productions
2277 3339 13 33 f
2308 3328 30 25 ad
2348 3327 88 24 valorem>

1904 3363 45 21 and
1955 3365 166 23 manufactures
2130 3368 24 20 10
2161 3374 39 20 per
2207 3373 57 19 cent.
2270 3361 14 33 J

2093 3393 187 25 EXCHANGE.

1891 3429 69 24 Bank
1970 3431 49 23 bills
2029 3440 29 17 on
2068 3428 99 29 London'
2195 3422 52 35 i3O
2262 3424 53 22 days
2329 3423 60 31 *&*?
2404 3423 12 20 2
2426 3426 34 22 per

1894 3471 14 2 _
1938 3472 12 7 n
1975 3472 6 7 ,
2202 3451 9 25 I
2252 3455 58 18 cent,
2321 3455 103 23 premium.

1891 3471 36 22 On
1938 3472 87 29 Sydney
2134 3477 2 8 '
2312 3478 66 21 Ditto.

1891 3498 90 23 Private
1991 3499 55 28 bills,
2288 3502 107 25 Nominal.

228 767 69 20 Bees
312 766 42 22 for
369 768 68 20 Sale.

40 799 194 49 EXPECTED
249 799 58 22 from
325 800 96 27 Sydney,
432 800 30 27 by
472 799 49 21 first
536 799 89 27 arrival,

118 832 13 15 a
145 825 43 22 few
203 825 63 22 hives
276 826 27 21 of
309 825 63 28 bees;
391 825 74 22 orders
478 825 46 21 will
540 825 44 22 also
599 826 27 20 be

40 852 66 22 taken
117 851 35 22 for
162 851 36 22 the
213 851 143 28 importation
367 852 27 21 of
405 853 52 21 bees
468 856 22 17 to
501 851 38 21 the
550 855 77 18 extent

40 878 25 22 of
71 879 56 21 from
139 882 81 23 twenty
230 882 20 18 to
256 879 70 26 thirty
333 879 69 22 hives.
431 879 44 21 For
484 878 68 28 price,
560 878 67 28 apply

40 909 23 17 at
72 903 37 23 the
268 905 80 22 Office.

53 932 142 27 .September
204 933 35 26 20,
251 933 61 21 1842.

290 977 91 21 Seeds.

42 1011 72 50 ON
124 1010 84 28 SALE,
220 1014 23 18 at
253 1011 40 21 the'
301 1011 86 21 Gazette
392 1011 76 25 Office,
477 1011 22 22 in
507 1011 120 28 quantities

119 1041 22 19 to
157 1039 44 21 suit
219 1037 138 29 purchasers,
377 1039 36 21 the
431 1038 114 27 following
563 1039 64 21 seeds

39 1072 82 19 grown,
122 1063 26 23 'in
158 1064 37 22 the
206 1065 85 27 Colony
292 1077 29 4 —

68 1091 92 23 Lettuce
173 1091 106 27 (cabbage
290 1092 45 22 and
346 1091 143 28 drumhead),

66 1118 84 27 Turnip
161 1117 76 26 (white
248 1121 62 20 stone
320 1119 43 22 and
376 1118 89 28 swede),

67 1145 78 23 Carrot
156 1145 69 26 (early
235 1145 56 22 horn
303 1144 44 24 anil
357 1146 52 27 long
420 1146 100 27 orange),

67 1171 103 27 Cabbage
182 1172 32 24 (sii
218 1178 39 19 gar
267 1172 62 27 loaf),

66 1196 56 34 |>ea3
147 1197 108 28 (victoria,
280 1206 68 19 green
378 1206 99 19 marrow,
506 1206 119 20 auvergne,

39 1223 88 28 knight's
137 1225 100 26 mario'vv,'
248 1225 108 28 imperial,
369 1226 133 26 Mazarine),

66 1252 79 21 Beans'
151 1251 90 26 (scarlet
250 1253 103 26 runner),

66 1277 80 27 Beans,
157 1278 83 28 kidney
252 1277 115 29 (speckled
381 1278 75 27 dwatf,
468 1279 67 22 black
549 1279 75 27 dwarf,

40 1305 61 21 dunn
112 1305 85 30 dwarf),

67 1331 78 28 Celery
155 1331 77 26 (white
241 1332 76 27 solid),

50 1359 10 27 ']
68 1354 75 30 onion
155 1359 86 26 (mixed
253 1359 71 27 seed),

49 1408 4 3 .
67 1387 67 24 Leek,
144 1406 4 5 ,

44 1425 3 4 •
67 1412 95 23 Lentille
174 1412 97 27 (French
281 1413 46 22 and
336 1413 105 28 Spanish)

66 1436 107 29 lladdish,

67 1463 103 25 Mustard
182 1466 44 22 and
235 1474 67 19 cress,

68 1492 95 25 Spinach
174 1493 99 27 (round),

42 1520 51 22 And
103 1521 87 21 various
200 1519 67 23 kinds
278 1521 26 21 of
311 1520 114 26 vegetable
437 1520 64 23 seeds
518 1528 73 20 grown
602 1522 25 21 in

40 1546 117 27 England;
174 1547 46 21 also
230 1555 14 13 a
260 1547 87 28 variety
356 1548 27 21 of
395 1547 74 23 flower
485 1549 70 27 seeds,
572 1549 55 21 both

40 1573 101 22 Colonial
152 1574 44 21 and
206 1574 102 27 English.

68 1600 129 27 September
208 1603 32 24 16,
251 1602 60 20 1842.

47 1645 87 22 XUST
149 1645 159 22 RECEIVED
319 1650 22 17 at
350 1647 38 21 the
397 1647 68 21 Office
472 1648 26 21 of
505 1648 36 21 the

37 1676 29 17 «/
105 1672 96 21 Zealand
343 1681 12 13 a
366 1674 41 21 few
421 1674 74 27 copies
506 1674 25 21 of
539 1675 36 22 the
585 1675 42 22 fol-

39 1699 81 26 lowing
134 1698 77 28 works,
224 1699 25 21 of
257 1700 45 21 last
311 1700 72 26 year's
394 1701 139 27 publication,
545 1702 43 21 and
604 1704 22 20 in

40 1726 112 22 excellent
162 1726 110 21 condition
281 1735 5 13 :
288 1737 26 5 —

67 1759 47 22 The
129 1759 98 22 Poetical
242 1760 80 22 Works
340 1761 26 21 of
381 1761 86 26 Vilton,
480 1761 54 22 with
548 1770 13 14 a
580 1770 47 14 me-

40 1787 63 26 moir,
122 1786 44 22 and
188 1794 67 14 seven
281 1787 191 23 embellishments
494 1789 31 27 by
545 1789 81 27 Fuseli,

40 1813 98 26 Westall,
164 1813 43 21 and
232 1814 94 22 Martin.
374 1815 60 25 Also,
460 1822 28 14 an
518 1816 110 22 excellent

40 1839 93 27 portrait
152 1841 26 21 of
194 1840 88 27 Milton,
306 1841 112 26 engraved
432 1842 29 27 by
477 1842 21 21 J.
521 1843 105 27 Cochran,

39 1866 59 22 from
108 1874 13 14 a
129 1866 125 27 miniature,
266 1867 117 28 originally
394 1869 21 21 in
428 1869 37 21 the
472 1871 121 24 possession
606 1871 26 21 of

40 1893 77 21 Oliver
125 1894 122 21 Cromwell.
277 1895 12 21 I
301 1895 43 21 vol.
352 1897 55 24 Bvo.,
416 1895 76 22 bound
502 1897 23 20 in
533 1897 66 21 cloth.

70 1920 48 22 Life
135 1921 25 20 of
176 1921 37 21 the
230 1921 68 21 Duke
315 1921 25 21 of
353 1921 143 28 Wellington,
519 1924 109 27 compiled

40 1947 60 21 from
122 1947 35 21 his
181 1947 91 22 Grace's
296 1948 144 27 Despatches,
465 1950 116 26 published
604 1951 24 21 in

41 1975 61 25 1840,
114 1973 30 28 by
155 1974 87 27 George
252 1975 79 26 Soane,
343 1976 57 21 A.B.
428 1977 14 20 2
451 1975 54 23 vols.
517 1977 57 21 cloth
583 1978 44 21 and

40 2000 101 21 lettered.

68 2027 47 22 The
126 2027 61 27 Holy
197 2027 70 26 Bible,
278 2028 128 27 containing
416 2028 36 22 the
462 2029 45 21 Old
518 2031 44 21 and
573 2030 54 22 New

41 2053 146 27 Testaments,
212 2054 51 21 with
289 2058 69 24 notes,
378 2055 30 27 by
432 2055 38 22 the
489 2057 56 21 Rev.
566 2057 61 22 John

42 2079 91 23 Hobart'
143 2081 104 26 Counter,
263 2081 61 26 8.C.,
341 2081 77 23 author
434 2083 24 21 of
466 2082 37 22 the
548 2085 80 27 Poetry

41 2107 27 21 of
78 2107 37 21 the
303 2109 44 21 and
357 2109 146 22 embellished
513 2110 53 22 with
577 2111 51 22 four

37 2141 67 20 .maps
119 2135 43 21 and
177 2136 41 20 144
232 2135 139 27 engravings,
391 2137 57 21 from
467 2137 111 28 paintings
599 2139 29 26 by

41 2159 92 24 Westall
145 2161 42 22 and
199 2161 91 27 Martin,
303 2164 47 20 Bvo.
362 2162 66 22 cloth.

68 2188 46 22 The
126 2188 130 27 Beginner's
267 2189 87 21 French
371 2189 69 28 Book,
453 2191 44 21 and
511 2191 37 22 the
560 2192 68 21 Scho-

39 2213 53 23 lar's
112 2215 83 21 French
214 2215 69 28 Book,
301 2216 28 27 by
341 2217 61 21 Rene
421 2217 75 27 Aliva,
509 2219 78 20 author
606 2219 26 21 of

40 2241 38 22 the
113 2242 165 28 Anti-Spelling

68 2269 143 24 M,ontacute:
227 2276 25 14 or
261 2276 14 14 a
286 2269 55 22 New
358 2270 64 22 horne
424 2282 27 4 —
453 2271 74 22 who'll
541 2272 87 21 follow?

37 2294 37 28 By
85 2295 55 22 Mrs.
152 2296 64 26 Mary
226 2296 98 22 Clavers.
352 2299 14 19 2
374 2297 51 22 vols.
437 2300 49 19 Bvo.

70 2322 108 27 Scripture
195 2322 134 28 Biography,
344 2325 34 20 for
390 2324 36 22 the
441 2325 91 27 Young,
545 2326 83 21 embel-

35 2347 77 23 lished
123 2349 51 21 with
183 2349 78 28 plates.

70 2375 109 26 Voyages,
192 2376 148 26 Adventures,
357 2377 44 21 and
416 2377 97 27 Escapes
528 2379 25 21 of
566 2380 61 27 Capt.

42 2401 98 22 Richard
152 2402 113 25 Falconer,
277 2403 85 21 written
373 2403 29 27 by
412 2403 97 28 himself,
521 2407 10 19 1
543 2406 44 21 vol.

70 2427 95 23 Fisher's
176 2429 103 21 Juvenile
291 2430 68 27 Scrap
369 2429 68 28 Book,
449 2431 35 21 for
495 2433 58 20 1842.

71 2455 47 21 Life
134 2455 49 22 .and
202 2456 72 25 Reign
294 2457 25 20 of
332 2457 96 21 William
444 2458 37 21 the
499 2459 88 26 Fourth,
599 2460 30 25 by

40 2480 38 23 the
90 2482 54 22 Rev.
157 2482 27 22 G.
196 2482 29 22 N.
237 2483 95 27 Wright,
344 2484 71 26 M.A.,
427 2487 13 19 2
451 2485 55 22 vols.

70 2508 49 22 Life
128 2509 43 21 and
180 2509 135 28 Campaigns
326 2510 25 22 of
363 2510 36 22 the
409 2511 68 22 Duke
486 2513 27 20 of
520 2512 108 29 Welling-

41 2539 44 22 ton,
96 2535 30 28 by
134 2535 39 23 the
183 2544 60 14 same
253 2536 95 23 Author.
378 2539 13 20 4
401 2539 54 21 Vols.

70 2562 47 22 Life
132 2563 44 21 and
190 2563 96 22 services
303 2564 26 21 of
343 2564 92 22 Horatio
449 2565 108 23 Viscount
573 2567 55 22 Nel-

41 2596 48 19 son,
108 2590 56 21 from
177 2590 35 21 his
230 2589 118 28 lordship's
368 2591 153 28 manuscripts,
541 2594 30 26 by
590 2594 38 22 the

42 2616 56 22 Rev.
109 2616 22 22 J.
143 2617 21 20 S.
176 2617 85 26 Clarke,
273 2617 89 26 F.R.S.,
374 2618 44 22 and
428 2619 60 21 John
498 2619 129 28 M'Arthur,

42 2643 59 26 Esq.,
113 2643 86 21 L.L.D.
227 2645 14 19 3
251 2643 55 22 vols.

70 2669 47 22 The
134 2669 80 26 Rhine,
226 2669 66 28 Italy,
305 2671 42 21 and
366 2671 84 23 Greece
460 2672 133 28 illustrated,
604 2674 23 21 in

43 2704 15 14 a
67 2696 66 22 series
144 2696 24 21 of
176 2696 111 27 drawings
303 2697 56 22 from
375 2702 85 24 nature,
473 2699 51 22 with
540 2701 90 21 histori-

44 2723 34 22 cal
89 2723 45 21 and
143 2723 120 27 legendary
274 2723 150 28 descriptions.

72 2749 155 28 Shakspeare's
237 2750 115 22 Dramatic
363 2751 85 28 Works,
461 2753 52 21 with
523 2754 78 27 plates.
617 2756 10 20 1

42 2777 44 21 vol.

71 2803 142 21 Buchanan's
222 2803 86 28 history
318 2805 25 20 of
350 2805 112 23 Scotland.
493 2808 9 21 1
514 2808 43 21 vol.

72 2829 92 28 History
174 2831 25 21 of
212 2831 107 26 England,
332 2834 22 18 to
370 2832 35 22 the
422 2833 66 21 death
504 2834 25 21 of
541 2835 88 27 George

44 2856 37 22 the
94 2857 91 26 Second,
196 2857 30 27 by
237 2857 77 22 Oliver
324 2858 123 23 Goldsmith
455 2868 5 19 ;
477 2861 121 22 continued
608 2866 21 17 to

33 2883 47 25 .the
92 2884 124 22 coronation
227 2885 26 20 of
267 2885 78 24 Queen
357 2885 105 27 Victoria,
479 2887 29 25 by
519 2887 36 23 the
571 2888 66 22 Rev.'

45 2910 27 22 G.
84 2910 30 22 N.
126 2910 95 28 Wright,
232 2911 64 22 M.A.

68 2937 109 27 Wesley's
202 2939 110 26 Sermons,
331 2938 52 23 with
401 2947 13 14 a
432 2941 101 27 memoir,
557 2942 29 27 by
606 2943 22 21 S.

42 2963 73 28 Drew,
130 2965 64 21 M.A.

70 2991 97 21 Memoir
176 2991 26 21 of
209 2991 55 21 Rev.
276 2992 108 22 Rowland
397 2993 56 27 Hill,
464 2993 30 28 by
505 2994 35 23 W.
551 2995 77 26 Jones,

43 3016 88 22 Author
155 3018 25 21 of
226 3017 169 30 Testamentary
420 3021 113 27 Counsels,
585 3022 45 22 2nd

44 3043 89 23 edition.
162 3045 9 19 1
185 3043 43 22 vol.

71 3069 120 28 Magnall's
202 3071 119 23 Questions
328 3080 5 18 ;
348 3071 102 28 pictorial
461 3073 90 22 edition.

70 3096 104 22 Barton's
185 3097 83 27 Gospel
275 3097 86 28 history
370 3099 25 21 of
401 3099 79 22 Christ.
511 3102 10 20 1
531 3101 44 22 vol.

70 3122 47 23 The
127 3123 79 22 Easter
216 3123 54 25 Gift,
283 3124 29 27 by
321 3125 83 22 L.E.L.
434 3128 17 20 1.
458 3126 42 22 vol.

70 3149 47 22 The
129 3150 99 22 Parents'
240 3150 88 28 Friend,
337 3152 29 26 by
374 3152 59 22 John
445 3153 107 28 Morison,
559 3154 70 27 D.D.,

44 3175 89 23 Author
141 3177 25 21 of
315 3182 21 18 to
347 3186 13 14 a
373 3178 176 28 newly-wedded

30 3213 4 4 -
73 3203 115 28 Scripture'
200 3203 93 28 History
306 3205 34 22 for
357 3205 83 23 Youth.
469 3208 13 20 2
500 3207 59 28 vols.,
577 3209 53 22 with

43 3236 62 20 maps
115 3230 44 22 and
169 3230 75 28 plates.

71 3256 47 22 The
138 3257 94 22 Women
251 3258 25 21 of
294 3258 107 27 England,
422 3259 57 23 their
500 3261 72 25 Social
587 3262 42 22 and

42 3283 115 23 Domestic
171 3284 87 27 Duties,
276 3285 30 27 by
315 3286 56 22 Mrs.
388 3283 54 27 Ellis
450 3294 6 20 ;
473 3287 51 22 15th
539 3289 89 22 edition.

42 3311 12 19 1
67 3310 41 22 vol.
183 3313 5 4 '

69 3337 102 22 Summer
183 3338 47 22 and
239 3337 87 23 Winter
340 3339 23 21 in
378 3339 37 22 the
427 3340 116 28 Pyrenees,
555 3342 28 27 by
590 3342 39 23 the

42 3370 60 15 same
112 3364 95 22 Author.
237 3366 10 20 1
259 3365 50 21 vol.'
402 3377 2 6 .
430 3382 3 5 ,

70 3391 138 25 Goldsmiths
218 3391 83 27 history
310 3392 25 21 of
343 3391 36 23 the
390 3393 69 22 earth.
487 3396 14 20 4
511 3395 53 22 vols.

41 3436 19 11 ,
70 3417 104 23 Burder's
184 3417 89 28 Village
284 3419 109 22 Sermons.
423 3420 11 22 I
446 3420 43 22 vol.

56 3445 4 4 '
70 3443 89 23 Wood's
169 3444 132 28 Dictionary
310 3446 26 21 of
343 3445 37 23 the
385 3447 75 24 .Bible.
489 3450 15 20 2
514 3449 52 22 vols.

62 3471 99 22 "Smith's
171 3471 113 28 Mecanic;
294 3474 13 20 2
316 3472 55 22 vols.
385 3476 3 7 l
397 3478 3 5 '

69 3497 46 23 The
126 3496 68 24 Book'
199 3499 28 21 of.
231 3499 114 21 'Common
357 3499 88 29 Prayer,
454 3500 131 25 illustrated.

30 3537 12 6 -
55 3537 11 12 ,,
65 3546 5 7 v
68 3523 145 24 Fleetwood'B
222 3525 39 22 life
272 3527 26 19 of
299 3525 84 27 -Christ.
394 3551 3 4 _
409 3543 2 5 ,
430 3547 5 7 ,
460 3534 5 3 -

24 3567 4 3 .
44 3549 91 25 ..Fox's
145 3551 110 25 Chrietain
264 3552 78 28 Marty
345 3553 82 28 rology.

61 3576 54 23 The
127 3577 70 23 whole
207 3577 60 29 duty'
272 3579 26 21 of
303 3579 66 27 Man,
383 3580 77 27 by'tne
470 3581 56 22 Rev.
538 3583 91 22 Charles

24 3600 124 30 ".Atrribre,'
170 3605 6 19 '.
323 3613 3 4 ■
348 3612 3 6 ■
390 3603 1 7 '
413 3614 4 5 •

47 3633 4 7 1
67 3628 132 25 Morrison's
206 3632 90 28 'Family
305 3632 101 28 Prayers.
456 3635 4 8 '
518 3650 3 4 .
554 3643 17 12 c
579 3644 20 12 •...
607 3646 2 6 .
625 3648 2 5 ,

45 3668 3 9 ,
59 3656 125 27 JBunyan'fl
199 3659 116 27 P^griro's
323 3660 118 27 TProgress,
457 3660 132 29 beautifully
597 3663 21 22 ,il

38 3683 117 22 'lustrated.
177 3703 6 12 L
206 3696 11 9 .>
335 3703 3 4 .
604 3693 6 5 -
624 3689 2 25 ]

60 3705 158 31 'SermonVby
228 3711 59 23 Blair
297 3712 46 22 and
354 3710 134 26 Whitened
493 3708 3 12 '

70 3735 113 22 Buchan'a
192 3738 114 22 Domestic
316 3739 121 23 Medicine.
536 3751 4 4 •
592 3747 2 8 ■

36 3771 3 9 '
70 3761 111 23 Walker*
191 3763 155 30 Pronouncing
355 3766 137 29 Dictionary.
521 3777 18 11 .<.
558 3778 7 10 1

70 3788 114 24 Xamieson
347 3794 25 20 of
374 3793 144 26 Mechanical
529 3795 99 25 SpienceL

37 3816 66 32 ,A/ts,
103 3833 6 14 i
112 3816 177 27 ,Manufacture9,
301 3818 20 22 &
322 3826 10 14 c
333 3834 7 6 .
347 3840 2 7 ,
368 3821 14 21 2
391 3820 63 27 vols.,
464 3822 45 21 4to.
532 3841 4 8 ,
602 3834 3 6 -
636 3836 4 6 .

33 3865 2 6 ,
70 3842 172 28 Enoyclopaidia
251 3842 126 26 Edinensii
404 3848 15 20 6
427 3847 56 23 vols.
601 3845 3 11 '

33 3873 4 5 1
57 3866 284 33 "Dra^in'^lldoni'Scrap"
348 3870 61 24 Bebk
418 3873 104 24 f0r!842:

70 3921 82 23 Close's
161 3922 87 24 Family
258 3923 91 28 Prayer.
573 3934 29 14 v,
634 3936 5 10 *

70 3948 52 26 Guy
124 3948 17 19 '■
150 3948 93 28 spelling
251 3950 65 26 book,
328 3951 48 26 &c.,
387 3952 47 28 &c,
451 3953 40 21 &o.
586 3948 18 5 ''
634 3948 6 8 *

841 127 120 28 Gazette,
971 122 89 25 Office.

657 160 200 23 STATIONERY
872 160 196 23 WHOLESALE
1083 160 20 21 &
1119 159 123 22 RETAIL.

655 195 95 48 WEi
768 195 43 27 beg
832 197 23 19 to
872 200 122 16 'announce
1013 194 38 22 the
1074 194 87 26 arrival,
1186 193 57 21 from

752 221 115 32 Englaridy
875 221 25 21 of
907 221 39 21 the
962 221 46 23 first
1016 225 51 22 part
1076 221 26 21 of
1110 223 41 19 bur
1166 223 78 19 exten-

655 248 47 21 sive
712 247 75 22 orders
795 248 24 20 in
830 247 44 22 this
883 247 142 27 depa'rtrtient
1035 247 25 21 of
1068 246 107 22 business.
1197 246 47 22 Our

656 274 66 22 stock'
729 274 89 26 already
829 274 100 21 consists'
938 274 25 20 of
974 280 66 19 every
1051 273 75 21 article
1142 272 101 28 required

655 301 35 21 for
705 300 96 27 Schools,
819 300 81 26 Banks,
917 298 89 27 Courts,*
1022 300 54 21 Lav?
1092 300 89 22 Offices,
1199 299 44 22 and

656 326 88 28 Artists,
757 328 40 20 &c.
806 334 5 19 ;
827 326 74 22 whilst
910 327 37 21 the
964 326 138 22 ornamental
1114 326 43 21 and
1174 326 69 22 draw-

656 354 37 26 ing
707 361 61 14 room
785 354 122 26 stationery
922 353 40 21 has
975 357 41 17 not
1103 352 138 22 overlooked.

656 380 47 22 The
715 380 125 22 difficulties
851 380 120 27 attending-
975 380 38 21 the
1023 380 49 22 first
1078 379 166 22 establishment

655 406 82 28 having
747 407 57 21 been
820 413 123 20 overcome,
955 406 44 22 and
1010 414 67 19 every
1092 406 81 21 arrival
1188 406 54 21 from

656 434 106 26 England
780 433 83 27 adding
879 434 61 21 fresh
956 433 109 22 additions
1081 436 22 18 to
1119 440 39 14 our
1174 432 67 27 stock,

656 460 45 22 will
719 460 77 22 enable
811 468 25 14 us
846 463 23 18 to
886 460 80 22 reduce
984 467 39 14 our
1038 460 94 26 charges
1142 467 29 14 on
1187 462 57 19 most

656 486 87 22 articles
753 491 24 17 at
785 486 57 22 least
851 487 27 21 50
886 494 40 19 per
936 491 57 17 cent.

684 514 156 27 Storekeepers
856 514 44 21 and
920 514 116 21 wholesale
1056 512 85 23 dealers
1160 520 41 15 can
1215 513 28 22 be

656 540 101 28 supplied
774 545 21 17 to
810 548 45 20 any
865 544 84 22 extent,
966 541 43 21 and
1027 548 28 14 on
1074 545 66 17 terms
1157 540 86 28 equally

656 567 165 27 advantageous
830 571 23 18 to
864 575 44 20 any
916 567 106 23 obtained
1030 568 24 21 in
1065 567 96 28 Sydney,

684 594 96 28 Writing
787 602 75 20 papei,

684 621 113 28 Imperial,

684 675 115 28 Foolscap,
811 682 87 15 various
909 675 107 28 qualities,

684 702 72 27 Large
765 702 60 22 thick
834 706 56 23 post,
902 709 62 15 wove
974 702 46 22 and
1029 701 54 27 laid,

684 729 58 21 Thin
751 733 56 23 post,
818 729 63 26 ditto,

685 754 55 23 Fine
750 755 54 22 bath
815 760 54 23 post,
881 755 47 28 gilt.

683 782 90 22 Double
789 782 111 27 elephant,
917 782 148 27 antiquarian,
1081 780 107 29 imperial,
1200 780 44 22 and

656 808 63 26 royal
729 808 98 26 drawing
835 816 75 20 paper,

686 834 89 28 Oblong
785 834 90 27 clasped
885 834 169 22 memorandum
1063 834 78 27 books,

682 860 87 22 French
780 860 85 28 trdcing
874 868 74 20 paper,

683 887 89 22 Ladies'
782 888 44 21 and
836 888 147 26 gentlemen's
993 888 55 22 card
1056 895 69 19 cases,

684 914 63 22 Ditto
816 914 36 21 do.
910 915 71 24 tinted
991 915 45 21 and
1048 915 117 22 embossed
1172 914 70 27 cards,

684 941 94 27 Sponge,
790 940 77 23 wafers
877 942 23 21 in
909 943 13 20 2
933 949 33 14 oz.
976 942 76 25 boxes,

683 967 69 23 Black
768 968 55 27 edge
843 968 45 22 and
907 968 115 28 bordered,
1043 969 66 21 letter
1128 968 45 22 and
1192 972 51 18 note

655 1002 75 20 paper.

684 1017 91 26 Invoice
785 1022 75 26 books,
870 1022 54 21 with
935 1022 98 27 indexes,
1046 1023 88 21 various
1145 1022 61 27 sizes,

684 1048 57 22 Cash
748 1049 77 27 books,
836 1049 64 22 ruled
910 1049 87 27 double,
1009 1049 89 21 various
1108 1050 63 26 sizes,

683 1075 130 27 Envelopes,

684 1102 85 22 Pewter
776 1102 122 28 inkstands,

683 1128 81 28 Ebony
773 1129 122 27 inkstands,
907 1130 52 21 with
969 1130 102 26 drawers,

684 1155 73 22 Broad
769 1156 42 22 and
822 1164 84 14 narrow
917 1164 66 19 green
994 1156 42 22 silk
1048 1156 86 27 ribbon,

684 1182 65 22 Brief
756 1183 44 21 and
810 1183 57 21 deed
876 1190 75 20 paper,

684 1209 73 21 Ruled
768 1217 67 20 paper
842 1211 35 20 for
888 1210 40 22 bill
938 1210 74 24 heads,

684 1236 71 27 Royal
773 1237 66 26 hand,
853 1237 80 21 double
952 1237 60 21 hand
1028 1236 84 27 brown,
1130 1236 45 22 and
1183 1236 60 28 royal

655 1262 76 21 brown
743 1264 113 27 wrapping
864 1270 76 21 paper,

644 1300 2 21 I
684 1289 99 27 Ledgers
794 1290 43 21 and
848 1294 95 18 account
953 1290 75 27 books,
1041 1291 88 21 various
1140 1290 61 27 sizes,

684 1316 84 22 Pocket
776 1317 87 27 ledgers
874 1317 43 21 and
927 1317 170 22 memorandum
1107 1317 76 27 books,

684 1342 119 28 Engraved
813 1352 56 19 copy
877 1344 53 27 slips
940 1345 44 21 and
995 1344 77 26 books,

685 1370 51 21 Best
747 1370 78 22 Welch
836 1371 72 26 slates,
919 1371 60 27 large
988 1371 42 21 and
1042 1371 70 27 small,

685 1396 72 22 Blank
768 1398 69 22 music
848 1399 76 26 books,

685 1423 102 28 Message
798 1426 71 27 cards,

684 1450 110 23 Coloured
806 1460 85 21 papers,

685 1477 70 28 Sugar
764 1486 86 21 papers,

688 1504 57 22 Note
755 1513 84 20 papers,

684 1531 93 28 Playing
787 1534 70 27 cards,
869 1535 103 22 coloured
983 1535 43 21 and
1034 1534 52 27 gold
1095 1534 75 27 backs,

684 1559 61 27 Copy
755 1559 75 28 books,

685 1585 69 23 Black
764 1587 49 22 lead
823 1588 91 27 pencils,

686 1613 64 21 India
758 1615 88 26 rubber,
858 1615 70 22 bottle
939 1616 43 22 and
996 1619 85 24 patent,

686 1639 66 28 Ivory
762 1641 81 23 folders
854 1642 45 22 and
909 1643 84 27 knives,

686 1667 44 21 Pen
744 1667 82 26 knives,

686 1693 85 27 Rulers,
782 1696 81 26 pocket
872 1697 77 25 books,

686 1721 72 21 Blank
768 1722 50 22 bills
829 1723 24 21 of
862 1723 121 27 exchange,

686 1747 75 23 Letter
771 1750 44 21 and
825 1750 38 21 bill
876 1750 55 27 files,

686 1774 41 22 Ink
738 1775 43 22 and
791 1776 38 22 ink
839 1777 105 26 powders,

685 1801 75 23 Bibles
770 1804 42 20 and
823 1806 134 25 testaments,

684 1828 98 28 Spelling
791 1830 76 27 books,
879 1832 92 26 various,

684 1854 102 29 Primers,

685 1882 124 23 Children's
819 1884 70 21 books
900 1885 22 21 in
933 1888 62 23 great
1004 1885 93 27 variety,

684 1909 73 22 Blank
769 1911 169 22 Custom-house
953 1912 75 26 forms,
1048 1912 35 21 for
1098 1912 144 26 auctioneers,

656 1935 47 22 and
712 1936 30 21 all
752 1937 37 21 the
806 1937 63 22 other
880 1938 172 22 Custom-house
1062 1939 68 21 forms
1141 1939 32 21 for
1185 1939 58 22 Mer-

658 1963 84 21 chants.

686 1990 113 21 Seamen's
809 1991 99 21 advance
919 1994 70 18 notns.

686 2016 114 22 Seamen's
810 2017 88 22 articles
908 2018 25 21 of
940 2020 136 25 agreement.

686 2042 135 27 Log-books.

685 2069 73 22 Blank
768 2071 66 24 writs,

685 2096 144 22 Parchments
840 2097 34 22 for
902 2097 72 22 deeds.

686 2123 78 24 Quills.

686 2150 58 22 Ever
753 2151 88 28 pointed
853 2151 73 28 pencil
936 2159 59 14 cases
1005 2152 23 21 in
1037 2152 98 28 superior
1145 2152 97 23 German
1256 2149 2 38 j

686 2203 89 23 Lucifer
784 2205 74 22 boxes.

686 2231 76 21 Wafer
770 2234 88 25 stamps.

661 2276 173 47 WANTED
851 2278 20 20 A
886 2277 206 22 SHEPHERD.—
1094 2278 35 21 No
1138 2285 40 14 one
1188 2279 56 21 need

741 2302 63 28 apply
815 2304 49 21 who
874 2304 41 21 has
930 2307 39 18 not
979 2305 57 21 been
1051 2305 96 26 brought
1156 2313 28 19 up
1194 2313 23 13 as
1231 2313 13 13 a

658 2328 123 28 Shepherd.
811 2331 75 26 Apply
896 2333 23 19 to

834 2364 35 22 W.
882 2365 91 27 Hulke,
984 2366 151 27 Cowpastures
1144 2366 71 23 Farm.

753 2415 91 21 Union
858 2417 80 19 Bank
952 2417 30 20 of
999 2418 150 21 Australia.

659 2447 95 22 London
772 2449 91 27 Office,
880 2449 44 22 No.
939 2452 35 24 38,
993 2451 50 21 Old
1061 2451 182 23 Broad-street.

712 2480 93 28 Capital,
816 2481 122 28 £800,000;
958 2482 51 28 paid
1018 2490 39 20 up,
1073 2484 117 26 £500,000.

892 2520 119 13 directors:

763 2541 68 20 George
839 2541 38 17 Fife
885 2542 66 20 Angas,
960 2543 49 20 Esq.,

763 2561 67 18 Robert
837 2562 75 20 Brooks,
922 2563 48 20 Esq.,

762 2583 61 16 James
831 2583 48 17 John
888 2584 98 19 Cummins,
996 2585 48 20 Esq.,

762 2603 67 17 Robert
837 2604 97 20 Gardener,
945 2605 49 21 Esq.,
1006 2605 123 20 Mancheiteri

762 2624 47 16 John
819 2624 45 17 Gore
881 2626 48 19 Esq.,

762 2645 47 15 John
817 2645 81 16 William
905 2646 74 19 Buckle,
985 2647 49 20 Esq.,

762 2666 95 20 Benjamin
866 2667 20 16 E.
894 2666 62 20 Lindo,
964 2667 48 20 Esq.,

763 2687 73 16 Charles
845 2687 76 17 Edward
927 2688 87 20 Mangles,
1024 2689 48 19 Esq.,

764 2707 115 21 Christopher
886 2708 82 20 Rawson,
976 2709 50 21 Esq.,
1038 2709 80 21 Halifax,

763 2728 78 16 Thomas
849 2728 63 19 Sands,
922 2729 46 20 Esq.,
976 2730 101 20 Liverpool,

764 2749 60 16 James
833 2749 55 21 Bogle
896 2749 63 20 Smith,
966 2751 48 19 Esq.,

763 2770 61 16 James
832 2770 80 16 Ruddell
919 2771 55 19 Xodd,
982 2772 44 19 Esq.

658 2798 87 16 Trustee!
750 2803 4 11 :
770 2798 81 16 George
862 2798 57 16 Carr
930 2798 60 20 Glyn,
1003 2800 49 19 Esq.,
1062 2801 53 16 John
1128 2801 60 20 Gors,
1197 2803 49 20 Esq.,

804 2819 37 16 and
848 2819 66 16 James
922 2819 16 16 J.
945 2820 101 20 Cummins,
1057 2821 42 20 Esq.

686 2846 81 16 Bankers
773 2851 4 11 :
790 2846 74 17 Messrs.
871 2847 62 19 Gmtn,
943 2848 18 16 H
964 2852 95 16 allifax,
1067 2849 71 20 Mills,
1147 2850 35 16 and
1189 2850 31 18 Co.

778 2874 101 21 Secretary:
891 2875 82 17 Samuel
980 2876 96 19 Jacksok,
1084 2878 43 20 Esq.

749 2902 80 18 Colonial
836 2903 102 21 Inspector:
951 2904 17 16 J.
976 2904 19 16 C.
1002 2904 104 21 Al'Laren,
1114 2906 43 20 Esq.

780 2951 68 20 New
867 2951 123 22 Zealand
1008 2953 116 21 Branch.

658 2984 53 16 Local
718 2984 91 16 Directors
815 2989 5 12 :
836 2985 47 16 Geo.
895 2985 17 16 S.
924 2986 72 18 Evans,
1008 2987 50 20 Esq.,
1070 2987 63 18 D.C.L.
1153 2989 35 17 and
1200 2989 46 17 Geo.

880 3005 90 21 HUNTER,
983 3007 44 21 Esq.

658 3029 96 21 Manager:
766 3030 48 16 John
822 3031 73 18 Swixh,
903 3031 48 20 Esq.,
959 3032 36 16 late
1003 3033 21 15 of
1032 3033 31 16 the
1070 3034 117 18 Commercial
1194 3036 52 17 Bank

812 3056 3 5 ■
824 3051 23 16 of
856 3050 88 21 England,
957 3053 122 17 Manchester.

769 3071 114 22 Branches
893 3075 24 18 at
932 3073 97 28 Sydney,

932 3099 90 23 Hobart
1029 3101 78 28 Town,

932 3127 150 28 Laun«eston,
1094 3130 46 21 and

933 3153 54 24 Port
996 3154 81 28 Philip.

660 3178 52 24 Port
721 3177 131 30 Nicholson,
864 3179 79 23 March
954 3182 35 25 24,
1001 3182 61 21 1840.

660 3231 91 50 THE
768 3232 115 23 Directors
899 3233 27 21 of
940 3233 39 22 the
996 3234 57 23 New
1070 3236 99 23 Zealand
1183 3239 65 22 Land

735 3260 116 27 Company
865 3259 82 28 hereby
965 3261 51 27 give
1033 3263 81 26 notice,
1132 3264 48 23 that
1194 3266 54 28 they

658 3285 57 22 have
723 3293 113 15 effected
846 3294 30 14 an
887 3294 172 16 arrangement
1068 3290 52 21 with
1128 3291 36 22 the
1173 3292 73 23 Union

658 3312 66 22 Bank
738 3313 26 21 of
780 3313 120 26 Australia,
918 3313 43 23 No.
978 3316 33 26 38,
1028 3315 44 22 Old
1088 3317 152 25 Broad-street

659 3339 102 27 London,
773 3339 34 22 for
816 3339 37 23 the
866 3341 170 23 establishment
1049 3343 26 21 of
1088 3351 14 14 a
1118 3344 129 24 BRANCH

658 3366 90 22 BANK
762 3366 34 22 IN
811 3366 73 22 NEW
898 3367 158 29 ZEALAND,
1070 3370 95 28 through
1176 3373 71 23 which

659 3392 37 22 the
705 3393 102 22 business
819 3393 27 22 of
859 3393 37 22 the
914 3394 56 23 New
987 3395 101 24 Zealand
1101 3397 65 24 Land
1182 3400 65 22 Com-

648 3438 5 2 -
659 3426 59 21 pany
728 3420 45 22 will
781 3420 28 22 be
818 3421 135 22 transacted.
981 3422 49 22 The
1046 3423 113 24 Directors
1175 3426 73 23 there-

658 3445 47 23 Fore
714 3447 145 23 recommend
869 3451 22 18 to
903 3448 116 24 .Colonists
1035 3449 38 23 the
1091 3451 75 24 Union
1182 3454 65 22 Bank

659 3473 25 21 of
702 3473 114 23 Australia
834 3482 24 14 as
872 3482 33 16 .an
931 3476 171 24 establishment
1123 3481 125 28 possessing

659 3499 56 23 their
731 3501 70 22 entire
824 3501 137 29 confidence,
982 3504 45 21 and
1046 3504 50 23 able
1115 3509 23 19 to
1156 3508 90 28 provide

658 3527 125 28 effectually
799 3528 35 21 for
849 3528 39 23 the
902 3529 105 22 financial
1022 3536 71 17 wants
1109 3533 27 22 of
1147 3535 42 21 the!
1199 3535 49 22 first

658 3553 133 23 settlement.

825 3581 35 28 By
870 3582 65 21 order
944 3583 27 21 of
980 3583 39 22 the
1029 3584 80 28 Board,

903 3615 35 21 10
941 3616 46 21 HN
1001 3616 105 28 WARD,
1123 3619 121 30 Secretary.

660 3640 54 23 New
722 3641 101 23 Zealand
834 3641 64 22 Land
908 3642 136 28 company's
1053 3645 78 28 Office,

685 3673 20 23 1,
887 3673 105 28 Adelpni,
1001 3675 55 22 2?th
1065 3676 60 27 Aug.
1145 3678 58 24 1839.

661 3716 91 50 THE
773 3719 82 20 Nelson
877 3719 116 24 Exammer
1016 3711 116 35 an^JVew
1154 3725 93 22 Zealand

734 3744 109 26 Shroflicle
858 3745 126 30 (published
994 3750 24 19 at
1026 3747 103 29 Nelson,)
1145 3750 19 22 is
1180 3758 66 20 regu-

655 3770 59 27 tlarly
733 3773 139 24 tranamittetl
889 3776 23 17 to
927 3772 145 30 Wellington,
1093 3776 44 22 and
1151 3784 52 21 may
1217 3781 27 21 be

649 3797 52 24 .had
712 3800 24 19 at
743 3797 39 22 the
792 3799 63 22 office
865 3798 26 22 of
902 3798 43 26 this
953 3807 76 21 paper;

651 3831 21 16 ,<-
685 3823 135 24 The.iVc/ttin
829 3826 116 22 Examiner
959 3826 46 25 will
1015 3828 28 22 be
1051 3828 70 24 found
1131 3837 30 15 an
1171 3832 74 23 excel-

658 3849 47 23 lent
714 3851 99 24 medium
822 3853 35 24 for
867 3852 142 26 advertisers..

676 3877 130 33 .Tferxnsjfor
815 3879 168 29 the,p»per,iten
992 3880 103 30 ihillings
1107 3890 40 21 per
1155 3889 91 23 quarter
1253 3902 3 6 ,

654 3904 97 27 .payable
755 3904 28 22 tin
926 3917 21 13 ;.,
960 3917 6 13 1
979 3929 3 2 .
1004 3920 9 10 •.
1026 3920 18 11 .-,
1065 3920 4 8 ,
1096 3918 3 4 •
1116 3922 1 5 ,t,
1121 3924 3 6 t
1127 3920 4 3 -
1147 3910 3 3 '
1176 3921 9 12 v
1188 3922 3 5 ,
1201 3922 4 9 ,
1218 3922 4 3 -

649 3938 6 22 ;.
678 3930 97 25 iQrdejrß.
789 3932 181 28 fQr.v.fch«ripa.pff
971 3944 5 4 -
987 3929 257 35 ijndnradWtiiomflnts

658 3957 102 20 veeetv«d
770 3959 23 19 at
802 3957 38 21 th*
850 3957 71 22 Office
931 3959 26 20 of
969 3958 44 22 thu
1022 3966 76 20 paptr.

1511 124 40 20 To
1565 122 59 26 Let,

1274 150 89 50 FOR
1377 151 55 22 such
1442 157 13 15 a
1465 154 57 18 term
1532 150 25 21 of
1563 157 64 20 years
1638 157 24 14 as
1678 157 53 19 may
1741 149 6 17 ToeT
1747 155 25 17 0e
1785 150 80 27 agreed

1347 185 36 19 on,
1395 179 34 21 six
1439 184 62 15 acres
1518 177 66 26 along
1600 176 38 23 the
1648 176 45 23 Kai
1709 176 153 28 Warra-road,

1272 211 30 14 on
1312 204 87 22 Section
1410 204 43 23 No.
1464 206 20 25 4,
1500 204 24 21 in
1540 211 42 14 one
1599 211 25 14 or
1642 211 61 14 more
1718 203 54 22 lots.
1803 204 60 27 Also,

1272 231 89 22 wanted
1378 238 14 15 a
1411 232 125 21 contractor
1553 230 36 25 fqr
1608 230 102 26 building
1728 238 14 14 a
1760 231 104 22 weather-

1271 257 106 22 boarded'
1385 257 76 27 house,
1480 258 53 21 with
1550 257 63 22 brick
1633 256 121 28 chimnies,
1770 265 28 14 on
1818 257 46 22 said

1271 285 93 21 section.
1394 284 76 29 Apply
1481 288 22 17 to

1464 309 48 24 Mr.
1528 311 155 26 MAcdonald,
1695 310 46 23 Kai
1752 311 84 22 Warra.

1300 337 45 22 Kai
1356 337 86 27 Warra,
1453 338 56 26 July,
1519 340 19 24 8,
1551 339 60 20 1842.

1422 383 40 20 To
1476 383 34 21 be
1525 382 66 21 Sold
1611 388 30 15 or
1655 383 59 20 Let.

1270 414 10 12 f
1377 413 103 23 Wooden
1491 414 96 25 Houses,
1598 414 265 29 ontheTinakore-road,

1281 440 24 20 M.
1350 441 37 20 the
1405 441 83 22 second
1507 448 50 14 acre
1576 441 58 21 from
1655 441 96 27 Captain
1769 441 88 22 Smith's

1318 468 129 27 containing
1461 468 51 21 four
1520 474 74 15 rooms
1604 467 46 22 and
1665 475 14 13 a
1692 475 102 20 passage,
1811 468 54 21 each

1273 493 53 22 with
1344 495 50 20 zinc
1412 495 68 24 roofs,
1507 494 45 22 and
1575 495 24 20 in
1623 500 68 21 every
1710 498 89 24 respect
1818 494 46 22 well

1272 519 101 23 finished.
1402 521 79 22 Terms
1484 532 26 4 —
1511 521 24 21 If
1542 521 55 27 sold,
1609 521 61 22 £150
1681 521 35 22 for
1721 521 58 22 each
1785 521 67 22 house
1858 529 6 19 ;

1271 547 22 21 if
1303 547 38 26 let,
1352 548 32 21 £1
1394 555 41 20 per
1445 548 62 22 week
1517 548 35 21 for
1561 547 56 23 each
1626 548 79 21 house.
1734 548 78 28 Apply
1823 552 21 18 to

1667 582 79 22 James
1760 582 78 22 Watt.

1285 607 143 28 Wellington,
1439 608 58 22 Nov.
1507 609 34 26 27,
1551 610 60 21 1841.

1500 655 54 20 For
1568 655 70 23 Sale,

1274 685 92 50 THE
1382 684 145 25 COTTAGE
1542 688 96 21 situated
1648 688 24 22 in
1690 689 103 21 Oriental
1810 689 54 27 Bay,

1349 713 43 22 and
1408 714 69 27 lately
1486 714 106 27 occupied
1608 715 30 26 by
1648 715 38 21 the
1704 715 159 27 undersigned.

1273 740 22 22 A
1310 739 53 27 long
1380 740 61 21 lease
1460 740 25 22 of
1503 740 37 22 the
1555 742 85 21 section
1655 749 59 20 upon
1738 742 72 22 which
1829 743 35 21 the

1272 766 70 22 house
1352 767 75 21 stands
1438 768 44 21 will
1491 767 27 22 be
1529 768 103 26 granted.

1299 794 69 21 Town
1378 793 54 22 land
1442 794 44 21 will
1497 795 26 21 be
1533 794 67 22 taken
1611 795 24 21 in
1645 795 126 28 exchange.

1300 820 44 22 For
1352 820 84 22 further
1444 821 138 28 particulars,
1594 822 66 27 apply
1671 825 22 19 to

1597 854 97 22 George
1709 855 92 27 Diuppa,
1817 862 22 15 or

1282 909 3 1 _
1597 881 34 21 W.
1648 881 29 21 V.
1693 881 105 22 BR33WER

1465 925 93 20 House
1574 927 29 18 to
1614 927 58 19 Let.

1273 959 51 47 A
1348 957 86 21 GOOD
1453 958 132 22 substantial
1604 959 76 26 house,
1703 960 55 21 with
1777 959 88 22 kitchen

1352 983 44 22 and
1407 985 137 26 out-houses,
1557 989 21 17 to
1589 985 31 21 let
1629 986 23 20 in
1664 987 200 21 Manners-street.

1274 1010 44 22 For
1326 1011 136 26 particulars,
1476 1011 65 27 apply
1554 1016 21 17 to
1587 1012 45 21 Mr.
1643 1013 87 21 Brewe
1736 1013 34 21 r's
1790 1014 74 21 OiKce.

1447 1062 109 21 Heifers
1571 1062 30 21 in
1617 1063 69 21 Calf.

1274 1088 87 47 FOR
1377 1088 85 26 SALE,
1474 1088 69 22 about
1557 1090 28 20 50
1595 1090 100 27 superior
1704 1090 61 22 bred
1778 1090 86 27 heifers,

1333 1118 57 18 most
1407 1115 26 20 of
1444 1116 63 20 them
1521 1116 74 26 heavy
1610 1112 22 25 iii
1651 1117 51 26 calf,
1785 1117 80 28 having

1273 1141 57 22 been
1349 1149 60 14 some
1426 1141 54 22 time
1497 1143 21 20 in
1533 1142 37 22 the
1591 1143 93 27 Colony,
1704 1147 43 18 ntft
1761 1143 64 23 liable
1844 1149 20 17 to

1273 1168 67 21 suffer
1349 1168 55 21 from
1415 1168 38 22 the
1464 1168 76 22 effects
1550 1170 25 20 of
1587 1169 38 22 the
1641 1170 63 22 Toot.
1737 1171 48 21 The
1799 1172 66 21 above

1274 1194 66 23 cattle
1356 1202 41 15 can
1413 1195 27 21 be
1458 1196 100 27 strongly
1571 1197 187 27 recommended,
1777 1206 23 14 as
1815 1199 50 26 they

1273 1222 57 21 have
1347 1222 56 21 been
1420 1222 98 22 selected
1533 1223 58 21 from
1607 1224 38 21 the
1663 1232 124 14 numerous
1802 1226 63 21 cattle

1273 1248 60 28 ships
1344 1249 70 21 which
1424 1249 57 21 have
1500 1251 86 21 arrived
1600 1251 62 21 here.
1691 1251 80 28 Apply
1786 1256 22 17 to
1821 1253 43 21 Mr.

1274 1276 33 21 Re
1310 1283 60 20 vans,
1384 1277 87 20 Gazette
1481 1276 70 28 office,
1563 1285 25 14 or
1598 1282 22 18 to
1631 1278 45 22 Mr.
1688 1271 89 34 Hufke,
1786 1279 78 21 Evans'

1274 1302 54 28 Bay.

1302 1330 60 26 Also,
1374 1330 61 21 three
1446 1330 116 22 well-bred
1572 1339 73 14 mares
1651 1332 24 21 in
1686 1332 56 27 foal,,
1755 1337 22 16 to
1787 1333 78 27 impor-

1273 1356 37 22 ted
1320 1356 82 21 horses.

1273 1401 65 25 Ship
1353 1401 83 21 Hotel
1452 1403 20 19 &
1488 1402 115 25 Tavern,
1618 1404 137 20 Manners
1771 1405 93 24 Street,

1424 1434 41 23 BY
1480 1435 84 22 JOHN
1581 1436 131 27 FULLER,

1274 1468 80 20 WINES,
1366 1469 96 19 SPIRITS,
1474 1469 46 14 AND
1530 1469 62 15 MALT
1603 1471 99 15 LIQUORS
1712 1471 32 14 OF
1755 1472 109 15 SUPERIOR

1514 1497 107 14 QUALITY.

1347 1515 157 22 Commodious
1514 1523 74 15 rooms
1599 1517 51 21 with
1661 1517 57 27 good
1730 1517 62 23 beds.

1302 1544 91 19 Dinners
1410 1545 36 23 got
1469 1544 63 25 ready
1552 1551 25 13 on
1599 1545 35 19 the
1647 1546 96 19 shortest
1763 1547 73 20 notice.

1355 1577 30 14 AN
1396 1577 120 15 ORDINARY
1527 1578 71 14 DAILY
1609 1580 27 13 AT
1647 1574 13 19 2
1679 1573 106 21 o'cj^OCK.

1417 1615 144 23 CHARLES
1577 1617 142 27 HARVEY,

1483 1643 102 25 Tailor,
1600 1645 55 24 &c,

1402 1670 115 25 Adjoining
1531 1672 70 19 Kumu
1618 1672 52 20 Toto
1684 1672 58 27 Pah,

1492 1705 158 20 WELLINGTON,

1276 1724 104 47 BEGS
1397 1727 21 17 to
1436 1728 76 17 return
1530 1725 81 22 thanks
1630 1730 23 17 to
1671 1726 36 22 the
1726 1730 81 23 gentry
1820 1728 44 21 and

1351 1751 74 26 public
1437 1751 22 21 of
1470 1751 56 22 New
1538 1752 100 22 Zealand
1647 1754 35 20 for
1690 1753 40 22 the
1739 1758 89 22 support
1838 1754 26 22 he

1275 1777 39 21 has
1330 1777 102 22 received
1448 1778 57 21 from
1523 1778 60 22 them
1599 1780 63 21 since
1676 1780 28 21 he
1721 1782 144 21 commenced

1276 1804 104 26 business,
1400 1805 44 21 and
1465 1805 28 21 he
1511 1813 87 14 assures
1613 1806 63 22 them
1694 1807 50 21 that
1760 1808 17 20 it
1796 1808 18 21 is
1832 1808 33 21 his

1274 1831 109 21 intention
1395 1835 22 18 to
1428 1832 106 22 continue
1544 1833 34 21 his
1594 1838 61 17 most
1669 1838 120 17 strenuous
1805 1843 50 13 exer

1276 1858 57 21 tions
1344 1862 21 17 to
1376 1858 66 21 merit
1451 1866 14 13 a
1475 1860 149 21 continuance
1635 1861 26 21 of
1669 1861 59 22 their
1738 1865 126 23 patronage.

1302 1885 23 20 C.
1337 1886 27 19 H.
1376 1886 61 21 takes
1457 1886 42 21 this
1521 1888 144 27 opportunity
1681 1888 26 21 of
1718 1888 85 26 stating
1818 1889 47 22 that

1275 1911 34 22 his
1318 1912 61 21 stock
1391 1913 94 21 consists
1496 1914 25 20 of
1533 1921 13 13 a
1554 1914 59 26 good
1625 1915 84 26 variety
1725 1914 24 22 of
1755 1916 109 26 superfine

1274 1938 76 27 cloths,
1363 1939 111 27 doeskins,
1491 1942 89 24 tweeds,
1598 1941 131 25 moleskins.,
1742 1942 120 26 velveteen,

1274 1965 55 27 pilot
1344 1966 66 26 cloth,
1424 1967 39 21 &c.
1474 1967 47 26 &c,
1538 1968 45 20 and
1599 1968 34 21 his
1646 1968 96 27 charges
1754 1970 45 24 (for
1817 1971 47 19 cash

1274 1994 57 22 only)
1344 1993 120 20 moderate.

1467 2037 25 20 J.
1508 2038 37 20 M.
1562 2038 110 26 Taylor,

1289 2070 152 22 LICENSED
1467 2071 241 23 CUSTOM-HOUSE
1736 2074 112 28 AGENT,

1522 2106 27 13 TE
1565 2106 51 14 ARO.

1257 2149 3 20 i
1410 2144 88 21 Town
1516 2145 30 20 of
1559 2146 171 21 Manewatu.

1275 2177 92 36 rpHE
1390 2177 216 24 PROPRIETORS
1631 2180 26 21 of
1682 2180 38 22 the
1744 2182 61 21 three
1817 2183 47 22 first

1281 2203 29 23 JL
1362 2205 88 21 choices
1467 2208 23 18 at
1500 2206 37 20 the
1555 2206 43 21 last
1613 2206 108 23 selection
1735 2209 24 20 of
1773 2214 91 23 country

1274 2230 69 27 lands,
1357 2231 84 27 having
1462 2232 137 22 determined
1614 2241 61 18 upon
1693 2234 40 21 the
1750 2235 40 22 site
1805 2237 32 21 for
1851 2245 13 14 a

1287 2258 92 21 TOWN
1396 2259 43 20 ON
1456 2259 63 21 THE
1536 2260 194 22 MANEWATU
1745 2262 103 28 RIVER,

1274 2285 56 21 after
1335 2286 78 20 several
1422 2287 60 19 visits
1493 2290 20 17 to
1523 2286 36 23 the
1570 2287 189 32 neighbourhood,
1772 2290 44 22 and
1828 2291 36 22 the

1274 2316 56 17 most
1349 2313 83 21 careful
1453 2313 44 21 and
1516 2314 83 21 minute
1620 2315 154 22 examination
1790 2318 24 21 of
1827 2318 37 21 the

1274 2344 70 17 entire
1360 2340 93 26 district,
1469 2340 66 21 aided
1552 2341 30 27 by
1591 2341 38 21 the
1646 2341 146 28 professional
1807 2344 54 28 skill,

1275 2365 135 28 knowledge,
1430 2367 46 21 and
1491 2368 131 27 experience
1638 2369 26 21 of
1676 2369 37 22 the
1733 2375 58 16 most
1806 2379 58 14 com-

1275 2396 74 23 petent
1357 2394 88 26 judges,
1464 2401 92 20 propose
1573 2398 21 18 to
1611 2395 55 22 offer
1678 2396 33 21 for
1730 2397 101 28 disposal,
1842 2403 22 17 at

1424 2421 37 21 the
1476 2425 88 23 present
1575 2422 59 26 time,
1648 2423 67 21 about

1274 2446 219 23 TWENTY-FIVE
1529 2448 106 26 ACRES,
1675 2450 36 21 IN
1752 2452 112 22 ALLOT-

1275 2473 112 27 MENTS,
1404 2474 86 22 EACH
1512 2475 39 21 OF
1576 2476 64 21 ONE
1662 2476 148 24 QUARTER
1825 2480 38 22 OF

1492 2501 44 21 AN
1552 2502 91 21 ACRE.

1301 2527 46 21 The
1357 2531 49 24 spot
1416 2527 50 22 thus
1476 2528 97 21 selected
1585 2536 110 20 possesses
1705 2529 39 22 the
1755 2537 55 17 most
1825 2540 38 15 ex-

1274 2554 84 21 tensive
1372 2554 102 27 frontage
1490 2558 21 18 to
1529 2555 55 27 deep
1598 2560 68 17 water
1682 2557 26 21 of
1720 2565 45 20 any
1779 2567 27 14 on
1826 2561 36 22 the

1272 2580 65 23 river.
1367 2582 22 21 It
1406 2582 19 20 is
1445 2581 96 22 situated
1556 2582 48 26 just
1617 2586 23 18 at
1657 2584 48 21 that
1726 2586 63 26 point
1806 2587 56 23 from

1337 2607 71 23 which
1418 2615 14 14 a
1443 2608 52 21 road
1508 2609 70 21 would
1590 2610 84 21 branch
1686 2610 35 23 oft'
1726 2616 23 17 to
1759 2613 37 21 the

1274 2642 93 14 WOODED
1392 2642 47 15 AND
1460 2643 98 14 FERTILE
1579 2644 118 15 DISTRICTS
1720 2646 76 15 ALONG
1818 2649 44 15 THE

1445 2670 55 13 BASE
1514 2671 27 12 OF
1557 2670 45 15 THE
1618 2671 75 19 HILLS,

1274 2688 44 21 and
1330 2688 71 22 above
1412 2688 72 22 which
1495 2689 36 22 the
1547 2691 129 25 navigation
1690 2692 36 22 for
1736 2694 79 22 vessels
1825 2695 38 22 be-

1276 2722 73 15 comes
1359 2716 86 25 tedious,
1457 2717 24 25 if
1486 2719 35 18 not
1531 2718 95 25 difficult.
1657 2718 22 22 It
1686 2719 18 22 is
1711 2720 107 23 therefore
1826 2723 36 21 the

1474 2744 62 26 point
1545 2744 73 23 where
1630 2745 37 22 the

1276 2775 87 23 LAND
1379 2777 68 22 AND
1462 2778 115 22 WATER
1591 2779 165 24 CARRIAGE
1771 2782 91 23 MEET,

1275 2803 44 21 and
1330 2803 72 23 where
1413 2811 12 14 a
1436 2805 69 21 Town
1523 2813 59 14 must
1598 2814 28 14 be
1643 2815 91 15 formed
1752 2809 61 22 when
1826 2811 37 22 the

1275 2829 84 23 district
1374 2831 19 21 is
1403 2831 88 23 settled.
1523 2832 20 22 It
1552 2840 44 15 was
1607 2833 98 24 selected
1722 2836 29 26 by
1763 2836 36 21 the
1811 2838 52 21 Sur-

1275 2856 81 27 veying
1364 2858 60 22 Staff
1437 2866 23 14 as
1472 2859 36 21 the
1517 2860 139 22 rendezvous
1665 2861 37 22 for
1717 2862 57 21 their
1788 2863 58 28 body
1855 2874 6 18 ;

1276 2883 41 21 and
1328 2884 39 22 has
1377 2885 58 22 been
1446 2893 49 15 now
1509 2886 77 27 found,
1597 2887 58 22 after
1666 2889 86 22 several
1769 2882 92 31 months'

1274 2910 104 27 location,
1389 2915 23 18 to
1426 2913 28 21 be
1464 2913 37 21 the
1512 2917 57 17 most
1584 2914 167 27 advantageous
1761 2918 100 28 position,

1275 2937 56 22 from
1347 2938 28 21 its
1390 2939 100 26 peculiar
1510 2940 85 27 facility
1611 2941 27 21 of
1649 2942 113 26 approach
1771 2944 53 22 both
1832 2945 30 27 by

1275 2963 53 23 land
1337 2965 45 24 and
1391 2970 75 17 water.

1303 2991 27 21 In
1341 2992 154 22 confirmation
1506 2993 25 21 of
1538 2993 38 22 the
1586 2995 133 27 superiority
1729 2996 26 22 of
1763 2997 41 22 this
1815 3002 49 23 spot

1275 3024 53 15 over
1337 3025 44 21 any
1391 3019 64 22 other
1462 3024 40 23 yet
1510 3020 89 28 known,
1612 3021 38 22 the
1662 3022 90 23 Messrs.
1761 3024 99 29 Kebbell,

1276 3044 57 22 after
1350 3045 37 22 the
1407 3047 152 22 examination
1576 3048 27 21 of
1618 3048 38 23 the
1675 3049 59 23 river
1750 3051 56 23 from
1825 3052 37 23 the

1277 3071 87 23 Paneiri
1375 3073 46 21 Pah
1433 3077 22 18 to
1465 3074 28 21 its
1503 3075 86 27 mouth,
1601 3075 140 24 determined
1756 3085 28 14 on
1794 3084 69 17 erect-

1515 3101 38 27 ing
1566 3102 59 23 their

1277 3132 65 21 SAW
1357 3132 80 23 MILL
1458 3134 233 24 IMMEDIATELY
1707 3137 154 25 OPPOSITE.

1276 3158 47 22 The
1341 3160 72 21 works
1431 3160 25 21 of
1472 3161 49 21 that
1538 3162 171 24 establishment
1727 3171 36 15 are
1783 3170 21 18 at
1820 3167 43 22 this

1277 3189 99 18 moment
1394 3187 23 21 in
1433 3188 62 27 rapid
1512 3195 106 20 progress,
1638 3190 43 22 and
1700 3191 37 22 the
1756 3195 106 26 proposed

1276 3213 68 21 Town
1354 3214 45 21 will
1409 3215 133 27 necessarily
1547 3217 93 25 partake
1648 3217 24 21 of
1679 3217 44 23 this
1733 3219 129 28 advantage.

1303 3240 47 21 The
1370 3240 93 23 nucleus
1479 3242 25 21 of
1519 3249 13 13 a
1554 3243 66 21 Town
1636 3243 26 28 is,
1672 3244 23 22 in
1711 3246 50 27 fact,
1773 3247 89 28 already

1277 3266 95 25 created,
1382 3268 29 26 by
1422 3268 37 21 the
1471 3269 165 22 concentration
1653 3271 26 21 of
1692 3271 38 22 the
1741 3274 122 28 Surveying

1277 3293 57 22 Staff
1340 3301 28 14 on
1380 3294 48 21 that
1438 3299 55 23 spot,
1504 3303 24 13 as
1538 3297 38 21 the
1586 3301 75 18 centre
1678 3299 26 21 of
1714 3301 148 22 communica-

1277 3320 44 21 tion
1332 3323 23 18 to
1366 3321 37 21 the
1413 3322 149 27 surrounding
1572 3322 98 29 district;
1687 3325 38 23 the
1735 3327 94 24 erection
1840 3329 26 21 of

1277 3347 87 22 Messrs.
1378 3348 117 22 Kebbell's
1510 3349 49 22 Saw
1576 3350 63 22 Mills
1656 3352 111 28 opposite;
1785 3354 26 27 by
1825 3355 37 22 the

1277 3379 163 21 arrangements
1455 3376 34 20 for
1504 3383 29 14 an
1551 3377 113 23 extensive
1677 3378 98 24 General
1787 3381 59 24 Store
1855 3391 5 18 ;

1277 3400 44 22 and
1331 3401 28 26 by
1367 3402 38 21 the
1415 3401 44 22 late
1469 3403 133 26 application
1610 3404 33 21 for
1652 3412 14 14 a
1672 3405 109 23 Licensed
1789 3407 73 24 House

1276 3435 27 14 on
1313 3427 37 22 the
1356 3432 53 27 part
1418 3428 27 22 of
1456 3436 29 14 an
1495 3429 124 22 individual
1634 3431 49 22 who
1698 3433 47 26 has,
1757 3434 58 22 since
1825 3435 37 22 the

1276 3454 116 22 formation
1410 3456 27 20 of
1451 3455 38 21 the
1505 3456 93 27 Colony,
1613 3458 98 25 pursued
1728 3466 14 14 a
1759 3460 103 25 lucrative

1276 3480 61 23 trade
1346 3481 55 23 .with
1411 3481 38 22 the
1459 3482 93 27 natives,
1564 3483 46 21 and
1621 3483 72 23 whose
1705 3485 128 30 knowledge
1841 3490 25 21 of

1276 3508 36 21 the
1322 3507 136 29 advantages
1470 3509 25 21 of
1500 3509 38 21 the
1549 3510 101 27 position,
1658 3514 118 25 prompted
1786 3514 44 25 him
1839 3520 25 18 at

1276 3541 55 17 once
1342 3538 21 18 to
1372 3536 74 26 prefer
1455 3533 49 24 that
1517 3536 143 27 application.

1301 3561 48 22 The
1358 3562 95 23 Natives
1464 3562 36 28 ,by
1507 3562 78 23 whom-
1596 3563 45 23 this
1650 3565 55 25 land
1716 3574 44 15 was
1770 3568 93 25 claimed

1276 3595 36 14 are
1322 3588 60 28 quite
1392 3589 110 28 prepared
1511 3593 22 18 to
1542 3590 51 27 give
1600 3593 170 28 uppossessipn,
1774 3596 46 23 and
1825 3604 38 17 are

1275 3614 145 29 exceedingly
1430 3617 94 21 anxious
1536 3621 23 19 to
1575 3617 58 24 have
1644 3626 13 14 a
1667 3619 120 30 European
1792 3630 61 21 ,popu
1853 3636 10 12 T

1273 3643 69 20 iation
1352 3649 82 21 ampng
1445 3643 67 27 them,
1523 3643 85 28 havjng
1625 3645 127 30 been-npon
1763 3649 101 24 thqmost

1274 3669 96 27 friendly
1376 3669 88 28 footing
1469 3670 57 26 .with
1534 3670 39 27 the
1585 3672 127 29 Surveying
1722 3675 58 22 Staff
1784 3676 80 27 during

1273 3696 38 21 the
1319 3696 51 21 fo;:r
1378 3703 26 14 or
1412 3696 45 22 five
1467 3697 89 25 months
1564 3697 54 28 they
1639 3699 58 23 have
1702 3720 2 5 ,
1711 3702 62 22 Lee'n*
1778 3702 86 24 located

1267 3721 75 23 .there.
1361 3740 2 6 ,
1375 3730 3 4 •
1406 3742 5 6 r
1458 3742 3 8 (
1548 3721 164 31 ",''-.'
1835 3747 2 6 ,
1850 3718 14 35 ?

1295 3746 40 33 j^s
1345 3748 37 22 the
1390 3748 138 29 Proprietors
1537 3758 96 25 purpose
1642 3756 23 18 to
1675 3752 87 30 dispose
1772 3755 24 22 of
1799 3756 42 25 .but
1851 3765 13 15 a
1871 3773 3 6 .

1373 3780 101 22 portion.
1479 3776 26 22 of
1516 3777 38 22 the
1560 3793 5 11 r
1568 3778 71 26 T«wn
1655 3784 23 21 a.t
1695 3784 96 24 present,
1810 3776 65 34 tbe^

1269 3818 3 7 !
1272 3802 83 28 pledge-
1358 3819 3 7 I
1361 3802 197 29 tnemse.lves,that,
1570 3808 65 24 atnp,
1648 3806 78 27 future.
1733 3807 63 28 sales,
1807 3809 67 24 shall-

1274 3829 214 27 the,allotuientß^e
1497 3834 133 25 patupat,a
1639 3828 45 28 /ess
1686 3849 5 9 f
1695 3830 110 29 fluio,than
1814 3844 50 15 now

1272 3854 91 29 offered.
1408 3871 2 7 ,
1486 3860 47 24 v
1611 3870 2 5 .
1674 3871 10 11 
1716 3867 3 6 >
1742 3866 18 19 ,,
1766 3880 4 7 r
1791 3875 18 12 ,
1847 3852 27 35 T'i

1268 3904 3 5 .
1289 3884 32 26 ,&
1340 3882 134 28 Pj-ospsctua
1492 3883 47 25 and
1556 3884 57 26 T\m
1632 3886 28 22 «f
1674 3887 127 30 tospTpw*
1815 3882 59 33 -wili-

1262 3910 94 38 •sP*t]y
1691 3913 47 27 ]&*
1746 3914 46 25 .pffi
1792 3924 13 13 CC
1807 3924 11 17 q
1818 3924 16 17 ft
1835 3906 39 35 |ol

1300 3961 146 27 Wellington,
1458 3962 64 26 Apnl
1530 3964 35 26 22>
1576 3964 62 21 1842.
1852 3958 3 30 j

42 129 44 21 To.
98 129 161 21 Gentlemen
274 127 145 27 intending
433 129 29 19 to
477 129 77 19 enter
568 128 59 20 into

132 155 152 26 .profitable
297 167 3 7 .
315 154 106 26 pursuit
451 153 29 22 of
507 154 121 26 Grazing

69 183 55 20 and
143 182 136 25 Breeding
298 181 93 24 Stock,
402 201 3 3 .
413 180 41 21 fox
473 180 90 21 which
584 180 42 21 the

69 208 94 23 fertile.
177 208 116 23 Islands,
309 207 30 20 of
355 207 70 24 New,
441 207 123 21 Zealand
583 211 44 16 are

63 239 41 20 ,*©,
108 234 157 27 (peculiarly
278 234 127 25 adapted.
507 247 2 6 ,
550 230 3 8 '
569 253 4 5 .

43 265 91 53 THi£
145 267 150 26 undersigned
305 268 43 26 beg
388 267 81 22 inform
479 267 60 22 their
543 267 85 22 friends

174 295 36 21 tKe
211 298 5 6 r
225 294 75 27 public
317 294 120 27 generally,
454 294 49 21 that
519 294 53 27 they
583 293 44 22 will

166 321 34 22 for
218 321 38 20 the
281 321 100 27 delivery
406 320 24 22 of
451 321 38 21 the
513 320 115 27 following

40 348 133 27 description
187 348 26 21 of
220 347 73 26 Stock,
301 348 25 21 in
335 354 43 21 any
390 347 51 22 Port
451 347 26 22 of
489 347 39 22 the
539 347 88 22 Islands

41 375 26 21 of
74 376 55 21 New
138 374 143 22 Zealand:—

68 401 94 22 Homed
166 402 2 6 1
178 401 67 21 dattle
263 401 125 27 (improved
401 401 88 26 breeds)
506 401 26 21 of
544 400 30 22 all
588 399 39 22 de-

39 428 125 27 scriptions,'

67 454 91 26 Horses,
180 455 58 20 from
260 454 37 21 the
321 455 49 20 best
390 454 92 27 English
503 453 45 22 and
565 453 62 22 Arab

37 481 82 27 studs;.
124 481 94 22 suitable
234 481 35 21 for
287 481 85 27 racing,
389 481 82 27 saddle,
482 488 26 14 or
521 481 91 20 harness
620 488 5 19 ;

37 508 47 21 and
89 508 110 27 -breeding
209 515 80 19 mares,

67 535 57 21 Pure
134 535 73 21 Saxon
219 534 44 21 and
274 534 86 21 merino
371 541 63 20 ewes,

66 561 120 22 Half-bred
202 561 113 22 Leicester
331 561 43 22 and
392 568 85 15 merino
496 568 64 18 ewes,
576 568 51 19 par-

38 587 103 28 ticularly
150 587 95 28 adapted
260 587 34 22 for
305 588 43 21 this
359 591 100 24 country,
471 595 23 14 as
503 587 58 28 they
564 587 63 22 unite

37 615 82 26 weight
129 615 26 20 of
162 622 85 14 carcass
259 615 52 21 with
321 615 97 21 fineness
428 615 26 20 of
461 615 64 20 wool.

65 641 47 21 The
135 641 151 27 undersigned
310 649 41 14 can
380 641 168 22 accommodate
575 648 53 20 pur-

39 667 88 22 chasers
141 668 26 21 of
180 667 58 22 their
247 668 70 21 Stock
335 668 53 22 with
404 668 115 21 extensive
535 668 92 27 grazing

37 702 61 20 runs,
110 695 77 22 within
198 696 40 21 100
247 695 65 22 miles
323 696 25 20 of
355 695 44 21 this
408 695 59 23 Port.

301 721 35 22 W.
350 721 28 22 B.
394 722 93 22 Rhodes
501 721 45 22 and
561 722 38 21 Co.
