2529 4020
57 261 2411 38 THE

57 299 381 97 NEW
565 299 888 97 ZEALAND
1580 299 888 97 GAZETTE

57 396 1148 96 WELLINGTON
1320 396 1148 96 SPECTATOR.

599 499 217 34 PUBLISHED
863 499 133 38 EVERY
1039 499 259 37 WEDNESDAY
1340 499 88 36 AND
1473 500 230 38 SATURDAY
1748 503 205 38 MORNING.

606 611 130 32 PORT
758 610 284 42 NICHOLSON,
1065 613 259 34 SATURDAY
1346 612 237 43 MORNING,
1606 619 189 33 AUGUST
1817 624 31 35 6,
1874 626 86 30 1842.

87 602 164 53 N0V165,]
287 614 4 38 ;'

2268 624 96 40 [Vol.
2386 626 71 32 IIL

256 708 54 20 Por
323 705 113 22 Nelson.

200 741 4 5 '
228 740 67 32 npO
315 739 40 22 sail
373 739 24 21 in
415 746 13 14 a
444 738 43 28 day
503 746 25 14 or
541 741 51 24 two,
604 739 36 21 the

89 761 86 38 jpujgl
212 776 3 9 i
234 761 32 29 JL-
297 767 46 22 fine
353 765 44 22 fast
406 765 79 28 sailing
494 769 73 19 cutter
575 767 68 25 Royal

71 788 129 39 jjaKlSfc.
212 798 3 5 '
220 805 4 11 i
229 796 99 20 William,
340 793 100 24 William
447 793 89 26 Lovett,
544 796 94 24 master;

226 823 35 22 for
285 820 82 27 freight
395 826 24 15 or
446 826 100 21 passage,
571 820 71 28 .apply

232 880 125 25 Wallace,
367 878 94 27 White,
472 878 20 21 &

85 912 144 29 Wellington,
240 912 56 28 July
304 912 34 25 26,
350 911 61 22 1843.
434 921 5 3 -

192 964 53 20 For
271 962 107 21 Nelson
388 978 2 4 .
402 962 105 24 Haven,

170 999 4 3 '
197 1016 3 3 .
224 998 28 19 To
261 997 42 19 sail
311 996 28 18 in'
343 1000 12 14 a
358 994 47 25 few
418 991 64 28 days,'

61 1031 112 30 s/Zfaa-
181 1046 2 6 •
202 1030 99 23 'HHHE
315 1028 46 21 fast
371 1027 80 26 sailing
464 1026 107 23 schooner
588 1028 54 20 Pet-

85 1049 94 38 Jm^A.
193 1073 2 5 .
215 1049 30 29 JL
275 1050 120 32 ,sc»erflnce^
398 1052 7 13 r
407 1054 131 27 CaptainE.
547 1054 81 26 Bishop
633 1061 6 19 ;

70 1076 135 38 jjJß*lpSß^
214 1080 7 19 '■
297 1081 61 29 goo«i.
380 1080 191 23 accommodation
607 1080 35 22 for

222 1113 5 4 '
235 1115 136 22 passengers.
371 1103 3 11 1
395 1108 50 21 Tor
461 1107 82 27 freight
553 1115 25 14 or
592 1115 50 19 pas-

56 1129 148 36 jj^jjgjgjgggf
235 1145 60 19 sage,
306 1135 67 28 apply
383 1137 22 19 to
471 1134 23 12 -'
521 1144 4 11 ;

203 1180 5 4 -
364 1171 24 22 J.
405 1171 35 22 M.
454 1171 104 26 Taylor,

170 1211 2 7 ,
214 1203 5 13 ?
504 1198 32 22 Te
548 1198 53 21 Aro.

84 1229 52 27 July
147 1229 34 26 25,
194 1230 58 20 1842.

61 1273 61 26 Ship
137 1273 84 21 Hotel
235 1273 21 19 &
271 1273 115 21 Tavern,
401 1270 131 20 Manners
547 1270 95 23 Street,

163 1308 4 9 :
207 1305 40 22 BY
262 1303 85 23 JOHN
362 1299 130 29 FULLER,
568 1308 3 4 '
614 1298 4 10 l

59 1340 78 20 WINES,
150 1339 93 20 SPIRITS,
256 1339 45 14 AND
311 1337 68 15 MALT'
384 1336 103 17 LIQUORS-
492 1336 28 14 OF
531 1336 112 14 SUPERIOR

296 1364 106 16 OUALITY.

130 1390 156 22 Cdmmodious
297 1395 73 16 rooms
381 1388 50 21 with
441 1387 57 27 good
508 1387 62 22 beds.

86 1426 91 21 Dinners
195 1426 36 24 got
240 1433 5 4 •
251 1424 64 25 ready
334 1429 38 14 on-
381 1423 35 20 the
428 1423 92 19 shortest
540 1422 74 20 notice.
628 1432 3 5 •

137 1466 32 14 AN
180 1465 118 14 ORDINARY
389 1463 34 16 AT.
426 1457 14 20 2
459 1455 111 22 O'CLOCK.'
593 1467 4 5 '

183 1494 34 32 '',
250 1503 27 20 J.
292 1501 37 22 M.
345 1501 109 25 Taylor,

75 1536 150 23 LICENSED
249 1534 241 24 CUSTOM-HOUSE
514 1534 114 28 AGENT,

306 1574 27 14 TE
444 1584 3 7 ,

150 1628 4 2 -
188 1628 4 5 ,
246 1614 94 19 James
356 1611 98 26 Spiers,

61 1647 189 22 PROSPECT
273 1644 211 28 BQARD.ING
508 1645 134 27 HOUSE,

131 1688 130 15 GUILDFORD
270 1700 2 5 (
276 1686 110 19 TERRACE,
403 1686 55 15 HILL
473 1686 93 20 STREET,

110 1713 27 21 In
158 1713 35 21 the
212 1719 56 15 rear,
279 1711 27 27 of
315 1712 42 21 Dr.
371 1712 88 19 Evans's
473 1712 113 25 residence,

239 1751 75 15 TERMS
329 1751 129 14 MODERATE.

60 1796 79 22 TTWR.
170 1794 176 32 TURNBULL,;
375 1793 154 28 SURGEON,
552 1795 91 22 intends

70 1816 9 26 I
90 1823 19 19 J
124 1823 121 28 practising
253 1823 38 21 the
301 1821 87 22 various
398 1821 107 23 branches
515 1822 26 21 of
551 1822 34 21 his
593 1830 50 19 pro-

59 1849 87 28 fession,
157 1849 52 24 and,
216 1857 52 20 may
276 1849 35 22 for
326 1848 38 22 the
379 1851 90 24 present
482 1848 30 22 be
529 1849 114 22 consulted

58 1880 23 18 at
89 1877 73 21 Baron
176 1876 128 22 Alzdorf's.*
356 1886 4 3 •
388 1885 26 8 <-»
444 1884 13 19 ;.

84 1910 68 22 River
162 1910 64 27 Hutt,
238 1910 60 22 June
308 1909 33 27 17,
353 1910 59 21 1842.

157 1954 3 8 '
198 1960 142 23 CHARLES
356 1960 146 30 HARVEY,,
602 1985 11 4 _

262 1990 110 28 Tailor^
379 1987 59 32 &c.V

183 2025 114 29 Adjoining
310 2029 71 19 Kumu
397 2029 50 20 Toto
461 2029 56 27 Pah,

271 2067 157 20 WELLINGTON,
485 2075 15 6 

59 2093 103 49 BEGS
177 2096 24 19 to
217 2097 77 19 return
311 2088 80 27 thanks
409 2097 22 18 to
448 2093 37 22 the
502 2096 81 25 gentry
597 2094 44 23 and

131 2121 76 27 public
218 2121 22 22 of
249 2121 57 22 New
317 2120 99 22 Zealand
425 2121 35 21 for
468 2117 38 26 the
514 2124 91 24 support
613 2122 28 21 he

57 2147 38 21 has
110 2147 104 22 received
224 2148 62 21 from
302 2147 61 21 them
379 2147 61 22 since
454 2147 28 22 he
498 2148 144 22 commenced

57 2174 114 27 business,'
181 2174 44 22 and
244 2174 29 22 he
291 2181 86 14 assures
393 2174 61 22 them
470 2174 55 21 that.
535 2174 30 21 it.
571 2174 19 22 is
608 2175 34 22 his

57 2201 108 21 intention
176 2223 2 4 ,
177 2204 23 19 to
209 2202 105 21 continue
323 2201 35 21 his
374 2204 59 19 most
447 2204 118 19 strenuous
579 2209 63 14 exer-

57 2227 56 22 tions
123 2231 23 18 to
157 2228 66 21 merit
230 2236 14 13 a
254 2227 148 23 continuance
412 2228 26 21 of
445 2228 58 21 their
512 2232 127 23 patronage.

83 2259 23 22 C.
118 2260 28 21 H.
157 2259 62 22 takes
235 2260 43 21 this
299 2259 143 28 opportunity
457 2260 26 21 of
494 2260 89 31 stating^
594 2260 48 22 that

56 2285 31 22 his
97 2286 64 22 stock
172 2287 92 21 consists
274 2286 25 22 of
311 2293 13 14 a
333 2286 58 26 good
400 2286 91 27 variety'
498 2287 26 21 of
529 2287 111 27 superfine

57 2312 73 28 cloths,
143 2312 109 28 doeskins,
270 2313 88 25 tweeds,
375 2313 128 27 moleskins,
515 2313 122 27 velveteen',

56 2339 52 27 pilot
123 2340 67 27 cloth,
202 2340 38 22 &c.
252 2341 48 26 &c,
315 2340 56 21 and.
376 2340 34 21 his
421 2340 94 27 charges
526 2340 47 26 (for
591 2341 49 21 cash

54 2367 57 24 only)
122 2366 120 22 moderate.
275 2389 2 5 ,
330 2363 106 32 .•■"'■

129 2410 4 22 ;
147 2412 102 21 Union.
252 2408 80 26 Bank
346 2413 31 19 of
393 2413 150 21 Australia.
565 2425 7 4 -

54 2444 94 23 London
165 2446 204 26 Office,''No:<3S,
386 2446 51 22 Old
453 2447 185 23 Broad-street;

106 2477 94 28 Capital,
210 2478 121 28 £800,000;
341 2477 110 29 :p,aid'Uß
465 2479 120 27 £500,000.
597 2494 6 11 t

87 2507 24 12 ''
123 2514 7 6 *
157 2518 3 7 <
199 2509 3 9 '
218 2514 3 5 '
285 2515 119 14 directors:
429 2513 6 6 ■*
532 2507 17 6 "'
583 2509 5 5 '

106 2540 19 12 n«
141 2550 6 2 -
157 2540 68 20 George
232 2540 39 16 Fife
278 2540 67 20 Angas,
353 2540 56 20 Esq.,'
479 2535 4 5 '
531 2538 24 12 ''•
581 2536 19 21 -T
630 2539 2 4 '

97 2573 3 3 .
119 2573 3 3 .
144 2577 3 3 .
157 2560 68 17 Robert
231 2561 75 18 Brooks,
315 2561 49 19 Esq.,
376 2576 2 7 ,
398 2569 2 7 ,
435 2563 3 3 '

116 2597 4 2 .
135 2587 3 3 •
157 2581 61 16 James
225 2582 48 16 John
280 2582 100 19 Cummins,
388 2582 49 20 Esq.,
512 2580 3 4 '
527 2580 19 10 '"-

109 2601 13 18 '_
156 2601 68 17 Robert
231 2603 96 19 Gardener,
338 2602 49 21 Esq.,
398 2603 123 21 Manchester,
543 2613 6 4 -
562 2598 36 19 »''■*

156 2623 48 16 John
213 2623 44 16 Gore
273 2623 49 19 Esq.,
384 2629 11 12 ,<

141 2640 3 3 '
157 2643 48 17 John
212 2644 79 16 William
297 2643 76 20 Buckle,
377 2643 50 22 Esq.,
506 2645 2 4 '

156 2664 96 20 Benjamin
258 2665 22 17 E.
287 2664 20 17 Li
310 2665 40 19 ado,
358 2665 48 20 Esq.-,
452 2674 2 3 ■

157 2682 75 20 Charles'
237 2685 76 17 Edward
320 2685 87 21 Mangles,
416 2686 61 20 Esq.,%.
621 2695 12 10 •,

156 2705 115 22 Christopher
277 2707 88 18 Rawson,'
369 2705 48 21 Esq.',
419 2705 4 12 l
429 2707 82 21 Halifax,
534 2706 2 8 '
546 2712 2 4 ■
593 2702 29 15 '''

138 2740 3 10 ,
156 2726 78 17 Thomas
241 2727 64 18 Sands,
313 2727 49 20 Esq.,
369 2726 99 21 Liverpool,
484 2740 5 4 ,
557 2739 3 6 ,
583 2730 3 5 '
631 2733 5 7 <

129 2749 3 5 '
139 2757 5 3 -
157 2747 61 16 James
225 2747 61 21 Bogle.
288 2747 65 19 Smith,
358 2747 49 19 Esq.,

148 2778 3 5 ,
156 2767 62 16 James
224 2766 148 20 RuddellTodd,'
374 2767 44 20 Esq;
427 2778 3 4 .
437 2771 3 4 •
517 2769 3 11 *
538 2768 20 14 :'*"
571 2769 4 3 '
606 2768 4 5 '
618 2771 17 11 :>»

54 2788 94 17 Trustees:
162 2788 81 16 George
254 2789 57 15 Carr
322 2787 61 19 GiiYN,
395 2788 113 20 Esq.,,JonK
518 2790 63 19 Gore,
589 2791 49 21 Esq.,

105 2806 4 8 1
145 2808 5 10 '
161 2804 4 5 '
187 2808 3 8 '
198 2807 109 18 and'JAMßs
313 2808 125 20 J.'Cummiks,
448 2809 43 20 Esq.
507 2811 4 11 <■

78 2829 95 19 Bankers;,
182 2829 74 16 Messrs.
263 2826 61 22 GiirK,
336 2829 115 20 Haelifax,
458 2830 72 20 Miils,
537 2831 37 17 and
579 2832 32 18 Co;
634 2842 3 4 •

148 2863 4 4 ,
171 2850 100 20 Secretary:
284 2850 83 15 Samuel
373 2850 93 21 Jackson,
475 2851 43 21 Esq.

125 2881 2 3 .
141 2870 81 17 Colonial
227 2870 95 21 Inspector
326 2875 5 11 :
343 2870 17 16 J:
367 2870 19 16 C.
393 2870 104 22 M'Larek,
504 2873 44 20 Esq.

158 2938 4 2 .
172 2918 78 21 New.
258 2917 124 21 Zealand
400 2919 115 22 Branch.
634 2930 2 2 ■

52 2950 51 18 Local
108 2952 93 17 Directors
206 2956 6 12 :
226 2952 47 16 Geo.
285 2950 18 18 S.
313 2951 81 22 Evans,,
398 2952 50 21 Esq.,
456 2964 2 7 ;
459 2953 65 18 D.C.L.
541 2956 38 16 and
591 2956 46 17 Geo.

125 2972 5 12 t
158 2977 3 5 >
181 2970 8 13 3
203 2970 13 19 ;.
227 2971 10 12 .'
250 2970 116 21 '-Hunter','
373 2970 43 23 Es'q.
414 2972 14 10 jl

54 2998 82 24 Manager
140 3006 13 12 :.
157 3000 48 17 John
212 3001 73 18 Shixh,
292 2999 50 21 Esq.,
349 2999 41 17 late'
393 3001 22 16 of
421 3001 31 16 the
459 3001 119 19 Commercial
584 3004 54 17 Bank'

169 3037 6 12 {
184 3034 8 5 ,
206 3038 4 5 ,
217 3022 20 15 of
245 3021 89 21 England,
347 3020 121 19 Manchester.
579 3041 7 7 v
598 3035 13 11 ',
625 3032 13 12 r

157 3049 114 25 Branches
282 3051 24 20 at
311 3049 106 28 ..Sydney,
432 3068 16 4 ._

134 3099 3 5 .
158 3093 17 13 -,
196 3101 4 7 f
212 3101 4 4 ,
320 3076 174 29 HohartTown,
506 3090 3 4 -
536 3098 3 4 .

108 3111 12 4 ■•
130 3105 7 11 J
171 3101 45 23 '<'-■'
297 3102 4 5 '
321 3103 149 28 Launceston,

265 3128 14 19 -'
319 3130 60 29 Port'
379 3130 85 29 Philip.
510 3131 2 5 '

54 3155 188 31 Port.Nicholsori,
251 3157 81 27 IVLarch
342 3158 107 26 24,^1840.
468 3155 91 24 '."'.'

54 3210 85 23 HHHE
155 3211 115 23 Directors
286 3210 27 24 of
327 3211 40 22 the
383 3211 57 23 New
455 3212 102 23 Zealand
571 3213 65 23 Land

59 3234 26 26 X
96 3237 3 10 '
106 3235 3 6 '
117 3238 120 29 .Company
250 3238 85 28 hereby
351 3238 51 27 give
418 3239 83 26 notice,
518 3239 49 23 that
582 3241 57 28 they,

50 3262 54 23 have
110 3272 112 16 effected
231 3274 32 14 an
271 3265 236 23 'ARRAMQEMENTwith
513 3267 38 21 the
559 3267 74 23 Union

51 3288 60 24 Bank
125 3292 26 21 of
166 3293 120 27 Australia,
303 3292 45 23 No.
364 3293 41 26 38,.
414 3293 44 21 Old
474 3293 159 29 Broad-street,

51 3317 97 29 London,
157 3319 36 21 for
202 3319 36 23 the
250 3319 171 23 establishment
430 3320 30 22 'of
473 3327 14 15 a
494 3320 139 24 (BRANCH

50 3341 84 25 BANK
148 3345 35 22 IN
197 3344 76 24 NEW
282 3344 167 31 ZEALAND,.
454 3347 183 28 through,whicb

50 3369 33 23 the
92 3371 108 29 business,,
205 3373 26 21 of
243 3373 39 26 I;he
292 3373 63 27 ,New
372 3373 106 30 Zealand,
485 3373 148 27 Land.,C6m-

50 3402 56 22 pany
113 3398 49 22 will'
167 3398 33 22 be-
204 3400 133 22 transacted.
365 3399 49 23 The
428 3401 116 22 Directors
548 3407 4 4 '
560 3401 73 24 there:-

49 3422 41 23 fore
99 3425 146 22 recommend
252 3430 23 18 to
280 3443 5 5 .
292 3426 118 23 Colonists-
419 3427 37 23 the
463 3435 11 18 :,
474 3428 77 22 Union
567 3429 65 22 Bank
634 3430 5 13 r

49 3450 23 21 of
87 3450 123 25 Australia;
214 3460 29 14 «s
247 3474 5 8 4
261 3460 48 19 an^
315 3453 169 30 establishment
501 3456 131 28 ,p^6ssessing

49 3475 52 23 their
210 3478 136 29 confidence,
366 3481 45 23 and
417 3483 5 4 '
429 3481 51 23 able
482 3485 3 3 1
498 3486 23 18 to
532 3483 106 28 .provide;

47 3503 122 28 effectually
184 3504 34 22 for
231 3505 40 23 the
285 3505 105 24 financial
404 3510 71 21 wants
492 3509 27 22 of
529 3511 38 20 the
583 3511 47 22 first

194 3530 2 7 '
346 3531 40 20 «"'"
414 3536 2 6 '
422 3531 29 15 lif
458 3533 3 7 '
486 3542 18 5 ■-

146 3563 5 16 i
183 3575 3 5 .
198 3568 4 8 '
209 3558 36 28 By
250 3558 68 22 'order
327 3559 28 21 of
364 3559 38 23 the
411 3561 80 30 Bdard,
553 3565 7 8 r
631 3557 3 4 '

48 3615 18 14 k
99 3591 71 38 'i--H"'
190 3606 15 19 \\
206 3599 6 11 h
216 3618 12 11 T
222 3598 7 17 :
240 3591 85 38 '-iJ°.
325 3592 52 23 HN:
384 3594 29 22 W
413 3596 75 27 ARD,
504 3598 129 28 Secretary/

48 3618 49 21 New
106 3618 102 23 Zealand
216 3618 66 22 Land
290 3618 134 29 Company's
433 3622 78 29 Office,

48 3671 14 3 _
71 3646 17 22 1,
98 3645 340 28 Adam7Street,.Adelphi,.2^tfa
446 3650 69 26 Aug.,
525 3652 66 22 1839.-
599 3662 3 8 >

50 3688 85 49 THE
157 3691 79 20 Nelson
258 3688 128 24 Examiner.'
397 3694 43 20 and
459 3695 53 21 New
535 3698 103 21 Zealand-

117 3718 113 21 Chronicle'
240 3717 127 31 (published
371 3737 4 6 (
376 3721 23 19 at
407 3720 102 29 Nelson,)
525 3723 26 22 is.
562 3731 64 21 regu-

47 3742 50 29 larly
115 3745 139 21 transmitted
270 3749 23 17 to
308 3744 144 31 Wellington,
473 3749 46 23 and
599 3752 27 21 be

46 3767 37 23 had
94 3773 22 19 at
124 3771 39 22 the
173 3771 62 23 office
246 3772 26 21 of
282 3770 43 23 this
334 3779 75 20 paper.

70 3795 43 24 The
123 3799 78 20 Nelson
209 3799 116 21 Examiner
341 3797 45 24 will
395 3799 27 23 be
431 3800 71 24 found
511 3810 30 15 an

45 3820 43 23 lent
95 3825 143 23 medram''for
247 3825 138 23 advertisers.
423 3836 3 5 ■
460 3828 11 8 ''
564 3829 5 6 '
595 3829 5 11 '

68 3848 75 25 Terms
151 3852 82 23 fofithe
242 3859 74 22 paper,
327 3855 38 19 ten
372 3852 102 29 shillings
487 3862 41 21 per
533 3860 93 23 quarter

44 3876 88 24 payable
139 3878 30 25 in.
172 3878 109 24 advance.
308 3878 144 26 .,'.
632 3887 6 12 ;

68 3902 79 25 Orders
169 3905 35 23 for
209 3906 51 26 -.the
278 3905 73 31 »per
369 3904 49 26 'and
441 3907 184 28 advertisements
635 3928 3 4 .

45 3931 96 24 received
150 3933 24 22 at
182 3932 37 25 the
229 3933 72 25 Office
311 3933 27 25 of
349 3933 44 24 thiß
401 3941 77 23 paper.

883 704 74 23 THIS
961 701 3 9 1
972 706 74 22 DAY.

789 739 161 27 Adjourned
965 740 96 21 Public
1075 740 70 21 Sale.
1158 757 4 5 .

673 773 158 49 MESSRS.
856 773 151 22 BETHUNE
1129 774 131 23 HUNTER

764 800 41 21 will
822 800 48 22 sell-
875 800 31 27 by
925 800 77 23 Public
1023 800 105 26 Auction,
1147 808 28 14 on
1185 801 74 22 Satur-

673 826 43 28 day
726 831 59 22 next,
795 827 38 21 Gth
844 827 95 27 August,
957 827 196 27 without-reserve,
1163 831 30 18 to-
1200 828 58 23 close

673 854 176 27 consignments;
850 864 30 6 —
966 875 2 5 ,
979 866 6 2 -
1016 868 3 3 ■
1046 865 3 4 -

698 890 14 20 2
723 892 51 19 tons,
778 889 62 25 flour,
1038 906 2 4 .
1061 908 4 3 .

663 928 3 7 .
700 917 10 19 1
722 919 46 17 ton,
772 916 51 26 rice,
828 936 3 8 t
938 931 3 3 -
967 929 5 4 •

690 958 3 4 .
699 943 12 20 1
771 950 70 19 sugar,
946 941 6 3 *
966 955 2 7 .

699 969 28 21 10
737 968 123 26 chests'tea,
1044 965 3 12 ;

699 995 13 20 5
724 998 48 18 tons
783 1002 59 20 soap,
922 1006 3 4 •
1016 1005 6 8 >.
1044 1015 3 3 .

700 1023 27 20 10
738 1022 46 21 tons'
793 1022 49 26 salt,

689 1062 4 3 ■
698 1049 15 20 4
723 1055 59 15 cases
793 1048 56 27 hats,
929 1062 3 4 ■
1044 1046 7 24 '.
1077 1070 4 3 r
1108 1061 2 7 «
1117 1070 2 3 .

699 1076 14 20 3
724 1082 59 14 cases
792 1075 73 22 linens
881 1075 129 28 containing
1011 1087 27 4 —
1038 1076 77 22 brown
1133 1077 45 22 and
1190 1077 67 22 black

672 1101 112 27 hollands,'
797 1102 93 22 damask
901 1098 59 26 table
971 1110 76 15 covers
1058 1103 22 21 in
1093 1103 92 28 variety,
1198 1104 58 21 table

673 1128 77 26 cloths,
762 1129 99 27 napkins,
872 1128 83 27 towels,
967 1129 92 28 diapers,
1071 1130 109 28 sheeting,
1192 1130 66 22 shirt-

672 1155 44 27 ing,
729 1155 38 22 &c.
779 1156 47 26 &c,

700 1183 13 20 2
725 1179 66 25 'casks
807 1182 120 28 preserved
943 1183 129 28 provisions,
1084 1183 77 22 choice
1178 1187 80 19 assort-

673 1211 79 25 ments,

700 1237 10 20 1
724 1243 48 15 case
783 1235 70 27 shoes,

699 1263 20 21 5'
724 1263 62 21 casks
793 1267 52 22 port
853 1262 44 22 and
906 1263 79 28 sherry
995 1263 63 28 wine,
1069 1272 4 5 -
1212 1268 2 5 '
1245 1274 2 5 ■

700 1291 14 20 6
725 1297 58 15 cases
793 1289 36 22 do.
839 1289 24 23 in
874 1290 78 25 bottle,
972 1310 4 5 ,

701 1318 11 20 1
725 1324 48 14 case
785 1317 104 21 Windsor
898 1324 60 19 soap,
986 1336 4 6 ,

701 1345 12 19 1
725 1343 35 21 do.
771 1344 97 21 assorted
879 1350 77 16 sauces
966 1343 46 22 and
1021 1344 126 28 anchovies,

700 1371 15 20 2
725 1370 35 21 do.
771 1370 72 22 starch
854 1370 44 22 and
907 1371 60 26 blue,

702 1398 9 20 1
725 1397 36 21 do.
771 1397 78 22 sedlitz
860 1397 99 27 powders
969 1397 46 21 and
1025 1397 61 22 other
1096 1398 126 28 chemicals,

702 1425 10 19 1
725 1424 35 22 do.
771 1424 157 22 concentrated
939 1425 70 21 acetic
1019 1425 54 27 acid,

683 1463 3 3 ■
700 1452 15 20 2
725 1451 62 22 casks
795 1451 83 27 glasses
887 1451 44 22 and
941 1452 112 27 tumblers,
1062 1471 11 10 <(

703 1479 17 20 I'
727 1485 47 14 case
785 1478 65 27 quills
860 1478 44 22 and
914 1478 64 22 office
988 1479 127 27 stationery,

702 1506 10 20 1
725 1505 34 21 do.
769 1505 92 26 looking
870 1505 83 28 glasses
964 1505 45 22 and
1019 1506 95 26 mirrors,

669 1543 4 3 -
703 1533 10 20 1
725 1531 51 22 cask
785 1532 134 27 Negrohead
929 1533 93 20 tobacco
1033 1532 54 26 duty
1096 1533 59 27 paid,

701 1559 23 21 A
734 1559 100 27 quantity
850 1560 56 21 wine
918 1559 43 21 and
971 1560 53 21 beer

701 1585 63 22 Fruit
779 1589 62 23 trees,
853 1586 96 27 grafted,
954 1586 57 22 from
1026 1586 37 22 the
1072 1586 101 23 choicest
1180 1586 77 28 scions,

675 1612 45 22 and
727 1613 85 21 various
822 1613 63 22 other
896 1613 78 27 goods.

781 1646 80 22 Lunch
872 1649 23 19 at
905 1648 26 20 12
941 1647 87 21 o'clock
1035 1647 115 28 precisely.

675 1679 141 27 Wellington,
828 1680 56 28 July
892 1682 33 25 29,
939 1682 60 21 1842.
1010 1677 4 5 *

793 1730 219 26 Postponement
1026 1731 30 20 of
1072 1731 69 21 Sale.
1167 1743 4 4 ■

676 1764 100 49 MR..
791 1764 84 21 JOHN
899 1764 120 23 WADE'S
1042 1764 53 23 sale,
1108 1765 26 21 of
1152 1765 64 22 Land
1233 1756 25 31 in

738 1801 3 6 •
767 1790 87 26 Wa.de's
863 1792 76 25 Town,
951 1795 93 23 country
1051 1792 85 22 section
1146 1792 43 22 and
1200 1796 58 18 town

675 1825 56 20 acre,
748 1818 45 26 &c,
808 1818 102 26 together
924 1819 54 21 with
995 1820 51 20 seed
1061 1819 80 27 wheat,
1161 1820 99 26 superior

675 1845 62 27 dairy
746 1846 43 21 and
805 1844 143 28 agricultural
958 1846 148 26 implements,
1122 1850 75 23 stores,
1214 1847 44 21 and

674 1872 64 28 slops,
750 1872 24 21 is'
781 1879 129 15 postponed
927 1872 33 22 till
974 1872 102 28 Tuesday
1087 1877 65 21 .next,
1159 1874 45 20 'the
1220 1874 38 22 9th

674 1900 93 26 August,
779 1900 60 25 1842,
852 1899 23 21 in
887 1907 151 20 consequence
1049 1901 24 21 of
1080 1900 39 22 the
1134 1900 124 23 boisterous

673 1929 56 18 state
740 1926 66 22 of;the
818 1926 102 27 weather,
932 1933 28 15 on
970 1926 74 22 which
1060 1927 45 27 day
1112 1927 20 21 it
1147 1927 43 21 will
1207 1927 51 22 take

672 1953 64 27 place
741 1955 37 27 «,at
794 1952 138 35 his^S-tores,
939 1954 48 26 ;-Te
1010 1954 53 27 Aro,
1089 1957 23 18 at
1138 1955 9 21 1
1173 1954 85 22 o'clock

672 1979 113 28 precisely.
994 1985 4 7 •
1150 1988 5 7 *
1195 1985 7 3 -
1251 1985 5 3 -

806 2025 102 22 Town,
912 2025 29 21 of
954 2027 166 19 Manewatu.

674 2058 91 49 THE
786 2058 214 23 PROPRIETORS
1025 2060 25 21 of
1061 2072 4 11 ,
1073 2060 39 21 the
1134 2060 60 22 three
1209 2060 48 23 first

761 2085 87 22 choices
863 2088 23 19 at
896 2086 37 21 the
950 2086 44 22 last
1009 2086 105 22 selection
1126 2087 24 21 of
1165 2093 92 22 country

673 2108 70 30 landsi
757 2111 82 27 having
857 2112 138 22 determined
1009 2121 59 19 upon
1086 2113 38 21 the
1141 2114 39 21 site
1195 2114 34 22 for
1244 2122 14 14 a

670 2148 6 2 '
686 2145 93 22 TOWN
793 2145 44 21 ON
851 2145 64 23 THE
932 2146 188 23 MANEWATU
1134 2148 105 26 RIVER,

673 2172 56 22 after
733 2174 77 19 several
818 2173 60 21 visits
887 2176 21 18 to
919 2173 36 22 the
964 2173 186 29 neighbouroood,
1164 2174 45 22 and
1219 2176 37 21 the

672 2202 58 19 most
748 2199 82 22 careful
849 2199 47 22 and
911 2199 84 22 minute
1015 2201 151 22 examination
1181 2202 25 21 of
1219 2202 37 21 the

673 2230 70 18 eiitire
758 2227 91 26 district,
865 2227 66 21 aided
947 2227 76 28 bytthe
1039 2228 144 27 professional
1197 2228 57 28 skill,

672 2253 133 28 knowledge,
822 2254 50 23 .and
885 2255 131 27 experience
1032 2255 24 21 of
1068 2255 37 21 the
1122 2259 59 18 most
1196 2263 60 15 com-

671 2283 77 24 petent
755 2281 85 27 judges,
858 2288 92 20 propose
966 2284 23 19 to
1006 2281 52 22 offer
1069 2282 34 21 for
1109 2282 112 28 'disposal,
1233 2286 23 19 at

819 2304 37 25 the
871 2305 88 31 present
969 2308 60 27 time,
1040 2309 68 21 about

671 2340 217 23 TWENTY-FIVE
896 2337 132 31 '"ACRES,
1067 2342 36 22 IN
1141 2343 115 23 ALLOT-

671 2367 111 28 MENTS,
797 2368 87 22 EACH
906 2368 39 22 OF
971 2369 62 21 ONE
1054 2369 149 25 QUARTER
1217 2371 39 22 OF

685 2413 3 9 ,
739 2417 5 6 r
805 2411 10 5 ,-
886 2395 44 21 AN
940 2395 96 22 ,ACRE.
1052 2415 4 4 .
1142 2408 1 5 .
1247 2403 4 5 •

690 2421 54 23 ■The
753 2425 47 25 spot
809 2422 50 21 thus
870 2422 96 22 selected
978 2430 110 20 possesses
1097 2423 38 22 the
1144 2427 58 19 most
1210 2428 47 22 '.ex-

670 2448 85 22 tensive
767 2449 101 26 frontage
882 2451 23 19 to
923 2449 55 28 deep
990 2453 67 19 water
1072 2449 27 23 of
1109 2457 45 21 any
1169 2458 29 14 on
1218 2451 38 23 the

670 2475 64 22 river.
763 2476 20 22 It
800 2476 19 21 is
839 2475 95 22 situated
950 2477 48 26 just
1011 2479 22 19 at
1049 2477 48 22 that
1115 2479 64 25 point
1197 2479 59 22 from

732 2502 70 22 which
812 2510 14 14 a
835 2502 54 22 road
894 2503 86 21 -would'
984 2504 81 22 branch
1077 2504 35 22 off
1118 2509 21 17 to
1150 2505 37 21 the
1205 2504 4 13 i

668 2536 95 15 -WOODED
785 2537 47 15 AND
854 2537 98 15 FERTILE
972 2538 117 14 DISTUICTS
1110 2539 76 15 ALONO
1195 2545 3 4 ■
1210 2540 45 15 THE

701 2575 4 3 .
725 2573 2 5 .
758 2568 5 3 -
800 2579 3 6 ,
838 2564 56 14 BASE
909 2564 26 14 OF
951 2564 45 14 THE
1012 2564 74 20 HILLS,
1094 2564 3 6 '
1157 2562 107 20 '•'•,'.

670 2583 43 21 and
725 2583 68 21 above
804 2583 73 22 which
882 2606 3 7 t
888 2583 37 22 the
939 2584 127 26 navigation
1082 2585 37 23 for,
1127 2585 80 23 vessels
1216 2586 40 22 be-

670 2617 73 15 comes
753 2611 84 25 tedious,
847 2611 25 25 if
876 2613 37 18 not
922 2611 96 26 difficult.
1039 2612 29 22 'It
1073 2612 20 22 is
1101 2612 107 23 therefore
1216 2613 37 22 the

723 2646 35 10 j.<
783 2651 3 4 .
809 2649 3 4 •
865 2639 68 26 point-
936 2639 74 21 where
1021 2638 35 22 the
1089 2649 4 4 •
1133 2645 3 5 '

670 2670 98 25 LAND.
772 2672 67 21 AND
854 2672 115 22 WATER
983 2672 162 23 CARRIAGE
1160 2673 93 29 MEET,

669 2698 45 21 and
724 2698 73 22 where
803 2705 15 15 a
825 2698 71 23 Town
905 2711 1 5 ■
913 2707 61 14 must
981 2707 35 14 ,be
1032 2707 90 14 formed
1139 2701 65 22 when
1215 2702 38 21 the

670 2724 84 21 district
767 2724 18 23 is
795 2725 87 22 settled.
893 2741 2 5 ,
912 2726 22 21 It
943 2733 45 15 was
998 2726 96 23 selected
1109 2727 31 27 by
1150 2728 38 21 the
1201 2728 53 22 Sur-

669 2751 81 27 veying
758 2752 58 21 Staff
828 2759 23 14 as
862 2753 41 27 the,
908 2750 141 25 rendezvous'
1053 2754 38 21 for
1105 2754 59 22 their
1176 2754 75 28 body;

670 2778 40 21 and
722 2777 38 22 has
770 2778 56 21 been
836 2785 51 16 now
891 2782 3 6 1
899 2779 78 28 found,
988 2780 56 21 after
1054 2779 93 24 several'
1158 2783 95 21 months'

667 2803 103 28 location,
781 2808 21 18 to
817 2805 28 21 be
854 2806 38 21 the
969 2806 170 28 'advantageous
1148 2808 103 28 position,

669 2830 56 22 from
741 2831 27 21 its
783 2831 97 27 peculiar
900 2830 91 30 facility'
1001 2833 27 22 of
1038 2834 112 28 approach
1160 2835 53 21 both,
1222 2836 31 27 by

668 2856 54 22 land
731 2858 43 21 and
783 2862 74 18 water.
887 2879 4 4 .
948 2869 4 14 ;
995 2872 105 14 ..',-.

697 2884 27 21 In
735 2884 152 23 confirmation
897 2885 26 21 of
929 2885 38 22 the
976 2887 130 27 superiority
1118 2888 25 21 of
1151 2888 43 22 this
1204 2891 49 26 spot

668 2917 54 15 over
730 2911 162 28 anyother,yet
900 2910 90 29 known,
994 2912 257 31 .theWessrs.Xebbell,

669 2937 67 31 after;
742 2937 37 22 the
798 2938 150 23 examination
957 2940 35 21 -.of
1007 2939 37 22 the
1061 2940 61 22 river
1137 2942 57 21 from
1214 2942 37 22 the

670 2963 87 23 Paneiri
766 2964 46 22 Pah
821 2968 24 18 to
854 2966 29 21 its
892 2966 88 26 mouth,'
989 2966 144 23 determined-
1141 2975 31 15 on
1181 2975 71 16 erect-

714 3004 19 8 •h
772 3005 3 5 >
799 3005 5 6 t
831 3006 3 5 .
859 2994 9 11 N
905 2992 38 26 ing
956 2992 58 23 their
1030 3008 10 9 <,
1061 2996 4 3 '
1111 2996 128 18 •■>>■•':

669 3024 66 22 SAW
749 3021 86 26 MILL'
849 3025 230 25 IMMEDIATELY
1094 3027 159 25 OPPOSITE!

667 3049 48 24 The
732 3050 70 24 work's
819 3052 27 22 of
861 3053 49 21 that
927 3053 169 23 establishment
1113 3062 38 15 are
1171 3060 22 17 at
1209 3057 43 22 this

668 3083 98 17 moment
783 3079 22 21 in
821 3079 64 28 rapid
899 3086 108 21 progress,
1025 3081 42 22 and
1079 3079 46 24 'the
1142 3083 109 27 proposed

667 3105 68 22 Town
746 3106 42 22 will
797 3107 133 26 necessarily
934 3103 94 31 partake
1034 3108 25 22 of
1065 3108 43 22 this
1119 3109 134 29 advantage.'

694 3132 48 22 The
760 3133 91 21 nucleus
867 3133 25 21 of
907 3141 14 13 a
939 3134 68 22 Town
1023 3134 24 27 is,
1058 3135 23 22 in
1096 3135 51 28 fact,
1160 3136 91 29 already

668 3159 94 25 created,
771 3159 34 27 by-,
810 3159 38 22 the
858 3161 165 24 concentration
1039 3161 24 23 of
1077 3161 39 23 the
1127 3163 124 28 Surveying

668 3185 57 22 Staff
731 3192 28 15 on
769 3186 47 22 that
826 3187 54 26 spotj
892 3194 25 14 as
925 3187 39 22 the
974 3191 73 19 centre
1063 3189 26 21 of
1099 3190 151 23 communica-

667 3212 46 22 tion
723 3215 23 19 to
756 3213 39 21 the'
801 3211 149 30 surrounding
959 3213 96 30 district;
1071 3215 39 22 the
1121 3217 95 22 erection
1226 3217 27 22 of

666 3238 89 23 Messrs.
758 3238 124 23 '.Kebbell's
896 3241 61 21 Saw-
962 3241 63 22 Mills
1041 3242 118 29 opposite;'
1168 3240 32 31 by'
1211 3244 37 22 the

666 3267 161 26 arrangements
842 3266 34 22 for
891 3274 29 14 an
936 3268 113 22 extensive
1060 3270 100 21 General
1172 3271 61 22 Store
1241 3279 6 19 ;

666 3291 84 28 ahd^by
757 3293 35 21 the
802 3293 187 31 late.application
995 3295 33 21 for
1037 3303 14 14 a
1056 3295 110 24 Licensed
1171 3295 77 24 House

666 3326 27 14 on
698 3319 45 23 .the.
748 3323 48 24 part
805 3319 27 22 of
843 3327 29 14 an
881 3319 124 23 individual
1018 3322 57 27 who.
1081 3322 48 29 has,
1139 3324 61 22 since
1210 3324 38 22 the

665 3345 115 23 formation
790 3347 44 27 .off
838 3345 53 30 the'
891 3345 93 30 Colony
992 3349 111 26 '
1111 3357 15 14 a
1143 3351 105 22 lucrative

665 3373 62 21 trade
946 3373 50 25 .and
1006 3374 72 24 whose
1088 3376 130 28 knowledge
1225 3378 27 22 of

665 3399 36 22 the
712 3399 133 28 advantages
856 3400 26 22 of
884 3419 3 8 ,
887 3399 38 23 the
934 3401 100 28 position,
1042 3404 118 27 prompted
1169 3404 45 22 him
1225 3408 24 19 at

665 3434 55 14 once
730 3431 22 17 to
760 3427 73 26 prefer
842 3426 49 22 that
903 3427 140 27 application:
1124 3436 3 4 •
1149 3428 61 13 '■■''-'■

670 3453 68 23 •'The
748 3453 92 22 Natives
853 3454 36 27 by
892 3456 75 20 whom
971 3455 55 21 'this
1034 3455 55 23 land
1094 3464 50 15 -was
1154 3457 95 24 claimed

664 3487 43 17 are.
712 3480 58 27 quite
779 3480 110 27 prepared
892 3494 4 9 t
896 3484 24 18 to
922 3481 57 27 'give
985 3488 31 21 up
1022 3484 131 28 possession,
1161 3485 45 22 and
1211 3493 43 14 are;

663 3505 143 30 exceedingly
816 3508 94 21 anxious
922 3511 30 19 to.
960 3508 81 31 haye;a
1049 3510 121 28 European
1174 3519 75 21 jpopu-

661 3533 68 23 latitin
741 3541 80 20 among
831 3533 66 28 them,
907 3534 86 31 haying
1009 3535 56 23 been
1074 3544 61 21 upon
1145 3538 38 21 the
1192 3542 57 19 most

661 3560 96 28 friendly
764 3561 148 26 footingwith
921 3561 38 23 the
966 3563 130 28 .Surveying
1105 3561 59 26 Staff
1169 3565 80 29 during

658 3587 39 23 the
706 3587 50 22 four
764 3595 24 14 or
796 3587 45 22 five
849 3587 90 23 months
948 3589 55 28 they
1023 3589 56 23 have
1095 3591 57 22 been
1162 3591 88 23 located

658 3615 71 22 there.
745 3627 151 19 •.*•.'»
939 3626 3 4 '
1011 3619 10 17 '•
1122 3629 3 5 >
1147 3631 31 8 i.-.
1191 3618 13 14 ■'-

688 3642 33 21 As
731 3640 36 23 the
775 3641 137 27 Proprietors
920 3649 96 21 purpose
1024 3646 22 19 to
1056 3643 88 28 dispose
1155 3645 25 22 of
1185 3645 41 22 but
1235 3652 13 15 a

659 3667 86 23 limited
758 3668 88 25 portion
864 3669 25 21 of
900 3668 38 22 the
952 3671 71 21 Town
1038 3674 22 18 at
1075 3674 99 24 .present,
1186 3671 66 31 .they,

657 3695 80 28 pledge
747 3693 194 29 themselves'thatj
952 3695 30 22 af
985 3702 29 16 no
1022 3697 84 22 'future
1117 3698 62 27 sales,
1191 3692 61 28 shall'

661 3722 37 22 the
710 3721 125 22 allotments
843 3721 29 23 be
880 3725 40 24 put
925 3729 31 21 up
966 3725 27 19 at'
999 3726 17 18 a'
1021 3720 45 25 Jess
1071 3728 56 17 'sum
1134 3724 59 22 than
1198 3732 50 16 now

661 3748 94 25 offered.,
779 3768 4 4 .
879 3763 5 9 <
914 3768 5 6 ,
1006 3759 3 20 :
1082 3750 106 22 -•..:,,

684 3782 23 23 A
719 3782 141 28 -Prospectus,
875 3782 56 25 and,.
940 3782 64 23 Plan,
1013 3783 33 21 'of
1056 3783 39 22 the
1108 3783 75 23 /Town
1196 3784 55 23 iwill'

657 3808 85 28 shortly
746 3808 30 32 ;be
786 3808 253 28 ready,forvinspectioa-
1047 3812 29 26 at,
1083 3810 39 21 the
1132 3810 81 24 Offices
1222 3812 27 22 of

659 3836 90 22 Messrs.
760 3833 68 24 Wailit
838 3834 45 23 and
979 3835 32 22 Te
1021 3836 54 22 Aro.
1238 3851 4 11 ;

665 3861 9 16 s
685 3867 143 26 Wellington,
840 3860 65 35 April
906 3862 1 10 i
907 3862 5 10 22;i
913 3867 36 26 22;
959 3867 64 23 1842.,
1044 3863 3 8 '

659 3911 71 50 ON
745 3911 83 28 SALE,
839 3911 81 26 *at,this
931 3911 71 28 office,
1013 3911 69 24 blank
1092 3913 57 24 Bill
1159 3914 84 25 Books.

887 3938 138 28 offiee/liee,
1032 3941 24 22 4.

1291 704 65 49 TO
1371 704 181 25 INTENDING
1567 708 63 21 small
1635 703 93 28 'settlers
1738 710 43 21 and
1792 710 81 22 others.

1334 731 76 22 —The
1420 732 151 28 undersigned
1580 734 54 28 begs
1645 735 63 22 leave
1719 739 23 18 to
1757 743 116 16 announce

1292 758 45 21 that
1345 758 28 21 he
1384 758 44 22 will
1438 758 51 22 take
1500 767 28 14 an
1540 760 60 28 early
1609 763 142 27 opportunity
1762 764 25 20 of
1794 764 80 27 selling

1289 785 23 21 in
1322 784 92 23 suitable
1429 786 132 28 allotments,
1572 788 41 22 200
1628 795 61 16 acres
1706 790 165 28 atWanganui,

1288 812 61 27 lying
1359 812 68 22 about
1436 816 42 18 two
1489 814 63 21 miles
1569 814 57 22 back
1635 815 63 24 from,
1708 816 37 21 the
1757 817 66 27 river,
1834 824 40 20 op-

1288 838 68 28 posite
1366 838 37 22 the
1414 839 121 28 township,'
1546 843 23 18 at
1578 840 37 23 the
1631 841 58 22 head
1700 842 26 22 of
1737 842 48 22 that
1794 844 45 21 line
1850 844 26 22 of

1288 865 60 22 Jakes
1364 866 122 27 stretching
1500 867 94 22 towards
1610 868 37 21 the
1664 868 72 23 river.-
1764 869 29 23 It.
1801 871 19 21 is
1834 870 38 22 the

1288 892 64 22 finest
1367 899 61 20 grass
1443 893 61 28 land,
1517 894 52 21 with
1585 895 52 27 only
1647 903 14 14 a
1674 896 73 27 gentle
1760 896 62 28 slope
1838 900 34 18 to-

1279 935 3 6 ,
1290 919 67 22 wards
1367 919 36 22 the
1413 920 50 21 lake
1468 928 6 19 ;
1486 920 163 28 well-watered,
1661 923 54 21 with,
1724 930 13 14 a
1747 924 126 27 proportion

1289 946 25 21 of
1320 946 67 26 .bush,
1398 946 46 22 and
1453 954 28 14 no
1491 954 91 22 swamp.
1611 948 54 23 Will
1674 950 67 21 stand
1748 950 23 22 in
1785 958 87 20 compe-

1287 972 61 22 tition
1361 972 51 23 with
1428 981 44 19 any
1482 974 49 21 that
1539 975 41 21 has
1590 978 37 25 yet
1635 976 58 22 been
1703 977 82 21 offered
1795 982 22 17 to
1834 978 37 22 the

1288 999 72 27 public
1370 1000 34 21 for
1414 1000 37 21 the
1460 1004 43 19 two
1514 1004 61 24 great
1589 1010 104 20 purposes
1707 1004 25 21 of
1743 1005 129 22 cultivation

1288 1026 45 21 and
1347 1027 98 27 grazing,
1463 1029 118 21 combined
1597 1027 51 24 with
1666 1030 84 28 facility
1766 1031 26 21 of
1803 1031 69 22 clear-

1287 1059 61 21 ance,
1360 1054 151 22 convenience
1522 1055 25 21 of
1557 1057 131 27 possession,
1701 1059 44 20 and
1760 1058 63 22 other
1832 1058 39 22 ad-

1289 1084 103 22 vantages
1406 1080 72 23 which
1496 1089 40 14 can
1554 1083 28 20 be
1598 1083 48 22 best
1661 1084 117 22 estimated
1796 1092 29 14 on
1842 1092 28 16 an

1288 1108 155 26 acquaintance
1459 1108 54 21 with
1529 1108 37 23 the
1576 1110 62 26 place
1646 1118 5 19 ;
1668 1114 22 18 to
1708 1112 73 22 obtain
1798 1112 74 22 which

1287 1134 110 21 sufficient
1413 1134 53 22 time
1477 1135 44 22 will
1533 1136 29 21 be
1573 1136 94 22 allowed
1681 1141 22 18 to
1713 1138 71 27 elapse
1794 1139 76 22 before

1288 1167 13 14 a
1317 1160 52 22 sale.
1407 1161 58 22 That
1483 1162 91 28 district,
1592 1164 44 21 and
1655 1164 24 22 in
1696 1165 118 27 particular
1834 1165 37 23 the

1287 1187 93 22 sections
1395 1188 122 28 adjoining,
1534 1197 37 14 are
1586 1197 49 15 now
1653 1191 25 21 in
1698 1192 37 21 the
1754 1199 75 15 course
1850 1193 25 22 of

1287 1214 70 26 being,
1368 1215 86 22 settled.
1489 1216 44 21 For
1548 1217 86 22 further
1647 1218 131 27 knowledge
1794 1220 26 20 of
1834 1219 38 23 the

1287 1240 86 27 ground
1391 1242 113 22 reference
1523 1250 43 15 can
1589 1247 57 18 most
1670 1245 155 29 satisfactorily
1844 1247 28 21 be

1289 1267 62 22 made
1362 1271 23 18 to
1399 1268 66 28 itself,
1477 1270 80 21 which'
1565 1271 44 21 will
1624 1271 26 21 be
1668 1272 76 22 shown
1752 1280 36 15 .on
1804 1273 68 29 appli-

1289 1295 70 20 cation
1370 1299 22 17 to
1402 1296 87 21 Messrs.
1501 1294 82 25 Brodie
1594 1298 44 21 and
1648 1298 111 27 Macleod,
1770 1303 24 18 at
1803 1300 70 22 Wan-

1287 1322 72 26 ganui,
1371 1329 24 13 or
1406 1323 43 20 Mr.
1456 1322 57 28 Bell,
1524 1324 49 21 who
1583 1325 66 21 chose
1661 1325 37 22 the
1708 1327 100 26 sections,
1818 1327 53 22 Nos.

1289 1350 38 19 100
1337 1348 45 21 and
1392 1350 38 20 101
1441 1357 29 14 on
1479 1350 38 22 the
1527 1351 65 22 Plan.
1621 1352 23 21 A
1654 1352 43 22 due
1711 1355 128 25 proportion
1851 1355 25 21 of

1288 1374 68 22 Town
1366 1374 65 23 Land
1440 1376 46 22 will
1496 1378 26 21 be
1536 1378 49 22 sold
1595 1378 46 22 also
1651 1379 55 22 with
1715 1381 54 21 each
1778 1385 95 24 country

1289 1401 123 23 allotment.
1626 1406 57 22 Geo.
1700 1407 144 23 Robertson.

1328 1454 98 23 Notice
1444 1456 28 19 to
1487 1456 138 21 Creditors
1641 1459 54 20 and
1710 1459 125 23 Debtors,

1290 1486 91 48 MR.
1395 1487 183 23 HUMPHREY
1593 1490 25 22 B.
1632 1491 113 28 RELPH,
1757 1493 115 22 Surgeon.

1392 1514 86 28 Petoni,
1503 1516 83 27 having
1609 1519 108 21 executed
1740 1519 87 22 Letters
1851 1520 24 21 of

1289 1540 109 28 Attorney
1407 1543 23 20 in
1438 1543 80 21 favour
1526 1544 26 20 of
1565 1544 36 21 the
1614 1545 155 28 undersigned,
1784 1546 36 22 for
1835 1546 37 22 the

1289 1573 103 22 recovery
1402 1570 26 20 of
1486 1571 144 27 outstanding
1640 1571 71 28 debts,
1722 1574 43 20 and
1780 1574 38 21 the
1829 1573 44 22 dis-

1289 1593 78 28 charge
1386 1596 25 21 of
1423 1595 37 23 the
1476 1596 76 22 claims
1569 1599 87 26 against
1667 1599 45 22 him
1719 1607 5 19 ;
1740 1599 29 22 all
1782 1607 90 21 persons

1288 1620 106 23 indebted
1413 1627 22 17 to
1454 1623 45 22 Mr.
1520 1624 74 27 Relph
1608 1632 38 14 are
1665 1626 109 28 required,
1794 1626 78 23 within

1288 1647 100 23 fourteen
1399 1649 60 27 days,
1470 1654 23 17 to
1502 1658 44 20 pay
1557 1653 36 20 the
1604 1653 63 20 debts
1677 1653 43 22 due
1730 1653 29 27 by
1768 1654 69 26 them,
1849 1660 22 16 to

1287 1680 94 21 prevent
1393 1678 139 25 prosecution
1540 1686 5 19 ;
1563 1679 44 21 and
1623 1679 63 22 those
1698 1680 83 28 having
1795 1681 77 22 claims

1289 1701 85 26 against
1384 1702 44 23 him
1437 1704 46 22 will
1491 1705 73 27 please
1574 1705 65 28 lodge
1647 1713 15 14 a
1668 1712 52 17 note
1727 1700 65 29 ohhe
1802 1715 68 20 same,

1290 1728 51 22 with
1350 1736 28 14 an
1388 1731 52 21 oath
1450 1731 25 21 of
1489 1732 78 27 verity,
1583 1732 47 22 that
1638 1733 45 22 'the
1700 1741 59 14 same
1774 1742 53 20 may
1844 1735 26 22 be

1289 1755 82 22 ranked
1381 1758 86 25 against
1477 1758 37 22 the
1523 1761 77 20 estate.

1327 1804 4 7 '
1341 1807 4 5 ■
1590 1794 95 23 Robert
1700 1795 28 22 R.
1744 1795 100 24 Strang.

1315 1817 89 27 August
1411 1820 20 25 4,
1438 1820 65 21 .1842.
1525 1820 4 2 '
1580 1832 4 6 .

1293 1858 176 53 WANTED,
1487 1872 13 14 a
1515 1865 78 27 steady
1606 1865 151 29 middle-aged
1777 1868 95 22 Woman

1371 1892 35 20 ias
1415 1896 90 18 servant
1514 1893 24 21 of
1545 1892 102 22 all-work
1656 1893 22 22 in
1688 1901 14 14 a
1710 1894 64 22 small
1783 1894 87 28 family.

1288 1916 74 29 Apply
1371 1919 22 19 to
1403 1917 65 28 AJB.,
1479 1922 24 18 at
1512 1919 37 22 the
1562 1920 85 20 Gazette
1658 1921 78 21 Office.

1441 1952 60 21 1842.

1524 2001 106 20 Notice.

1521 2034 137 28 Wellington
1668 2035 60 23 June
1737 2037 34 27 27,
1782 2030 67 29 1842.'

1289 2066 89 48 THE
1393 2066 146 23 BUSINESS
1554 2068 97 22 hitherto
1667 2069 127 23 conducted.
1799 2071 73 22 under

1349 2103 4 6 >
1362 2093 36 21 the
1415 2094 50 21 firm
1474 2095 26 20 of
1514 2094 60 22 John
1586 2096 42 21 and
1639 2096 85 27 George
1738 2097 71 22 Wade
1820 2098 49 28 will,

1287 2121 57 20 after
1353 2120 49 21 the.
1407 2122 33 20 Ist
1450 2121 42 27 day
1510 2122 25 21 of
1548 2122 61 27 July,
1625 2124 59 26 1842,
1702 2125 26 20 be
1743 2125 84 21 carried
1844 2133 28 14 on

1288 2147 70 21 under
1367 2147 37 22 the
1413 2154 63 15 name
1487 2148 25 22 of
1518 2148 62 22 John
1592 2150 65 21 Wade
1668 2151 44 21 and
1723 2151 37 22 Co.
1769 2159 5 19 ;
1787 2152 45 21 and
1841 2152 29 22 all

1286 2180 89 20 persons
1383 2174 106 23 indebted
1496 2179 22 18 to
1529 2176 37 21 the
1574 2176 51 22 firm
1632 2177 26 21 of
1665 2176 60 24 John
1734 2180 44 20 and
1783 2180 87 26 George

1291 2200 72 28 W,ade,
1376 2209 36 14 are
1427 2202 117 27 requested
1558 2204 112 21 forthwith
1680 2209 23 17 to
1712 2201 111 31 pay'their
1836 2214 35 15 re-

1287 2228 96 26 spective
1394 2235 105 16 accounts
1510 2234 21 17 to
1543 2230 37 21 the
1591 2230 153 29 undersigned,

1287 2255 51 27 they
1350 2255 43 22 will
1404 2256 26 21 be
1443 2256 91 23 handed
1542 2260 24 19 to
1576 2265 14 14 a
1604 2258 102 22 Solicitor
1715 2259 33 22 for
1757 2267 113 21 recovery.
1879 2268 2 7 '

1461 2300 2 5 '
1483 2302 3 4 •
1684 2293 63 22 John
1761 2293 82 22 Wade.

1431 2332 6 8 '
1447 2339 3 3 '
1474 2336 93 21 House
1584 2339 27 19 to
1623 2338 58 21 Let.

1287 2369 51 48 A
1360 2369 86 22 GOOD
1465 2371 131 22 substantial
1614 2371 76 28 house,
1711 2372 51 22 with
1781 2372 92 23 kitchen

1360 2396 49 22 'and
1420 2397 135 28 out-houses,
1567 2402 23 18 to
1599 2399 31 21 let
1639 2399 24 21 in
1673 2400 199 22 Manners-street.

1287 2422 44 22 For
1338 2423 136 28 particulars,
1486 2425 67 27 apply
1564 2428 22 19 to
1597 2426 44 22 Mr.
1653 2425 120 23 Brewer's
1794 2427 76 22 Office.
1879 2446 2 7 ,

1435 2478 39 20 To
1489 2478 33 20 be
1537 2479 51 19 Let
1602 2484 33 16 or.
1649 2479 73 21 Sold.

1286 2510 50 49 A
1352 2510 105 23 SMALL
1472 2510 91 23 FARM
1578 2512 26 21 of
1609 2512 26 21 25
1647 2519 61 15 acres
1717 2520 28 14 on
1755 2513 114 27 the.Hutt,

1365 2538 37 21 the
1411 2538 69 21 whole
1490 2535 213 31 cleared/stumped,
1709 2540 106 26 inclosed,
1827 2542 45 20 and

1282 2564 30 21 'fit
1321 2564 33 21 for
1364 2564 36 22 the
1414 2565 97 27 plough;
1526 2569 49 23 part
1589 2566 72 21 under
1672 2573 61 20 crop.
1760 2566 112 28 Together

1287 2590 49 22 with
1355 2598 16 15 a
1388 2592 129 22 substantial
1536 2592 45 22 and
1599 2592 144 23 comfortable
1762 2594 108 21 weather-

1286 2617 95 22 boarded
1397 2619 43 21 and
1455 2618 79 23 slated-
1541 2619 77 27 house,
1623 2631 4 6 ■>
1632 2620 121 21 three-stall
1762 2620 108 22 weather-

1285 2644 98 23 boarded
1392 2646 76 26 stable,
1476 2646 43 21 and
1528 2646 63 21 other
1596 2647 166 22 conveniences.
1792 2648 79 21 Terms

1286 2671 83 28 liberal,
1381 2672 66 28 apply
1456 2677 24 17 at
1487 2673 44 22 this
1541 2672 78 23 Office.
1668 2674 3 3 '
1694 2689 7 3 -

1312 2707 55 28 May
1377 2705 114 30 24/1842.,

1519 2761 40 20 To
1573 2761 58 25 Let,

1287 2794 86 49 FOR
1387 2794 53 22 such
1451 2802 13 14 a
1474 2797 55 19 term
1540 2795 26 21 of
1571 2803 64 19 years
1646 2803 22 13 as
1684 2803 53 19 may
1745 2796 29 21 be
1788 2797 81 26 agreed

1357 2829 36 19 on,
1405 2823 33 20 six
1448 2829 62 14 acres
1526 2822 65 27 along
1608 2822 38 22 the
1656 2822 46 22 Kai
1714 2822 153 29 Wafra-road,

1286 2855 27 14 on
1323 2848 86 22 Section
1420 2849 42 21 No.
1472 2850 21 26 4,
1509 2848 35 23 in,
1549 2856 41 14 one
1607 2856 25 14 or
1649 2856 61 15 more
1724 2850 50 22 lots.
1804 2850 63 28 Also,

1283 2876 87 21 wanted
1389 2883 13 14 a
1421 2879 124 19 contractor
1561 2876 36 22 for
1614 2876 103 27 building
1735 2884 13 14 a
1762 2877 107 22 weather-

1283 2902 98 21 boarded
1394 2902 76 27 house,
1488 2902 54 22 with
1559 2902 62 23 brick
1641 2903 114 29 chimnies.,
1771 2912 30 14 on
1821 2904 49 22 said

1285 2928 90 22 section.
1404 2930 75 27 Apply
1488 2933 23 17 to

1444 2971 12 4 -
1472 2957 48 21 Mr.
1534 2956 155 27 Macdo'nald,
1701 2957 44 22 Kai
1755 2957 86 23 Warra.

1285 3004 3 4 .
1310 2982 45 22 Kai
1364 2982 85 28 Warra,
1461 2982 53 28 July
1520 2985 27 25 ,8,
1559 2985 60 20 1842.
1652 2982 3 3 '
1672 2994 21 10 
1722 2981 3 7 '
1748 2998 5 3 -
1772 2986 15 9 '-

1366 3027 38 31 ,V
1430 3034 44 21 To,
1484 3034 33 21 be
1533 3034 66 21 Sold
1619 3041 30 15 or
1663 3036 56 20 Let.

1282 3065 10 13 r
1294 3064 80 24 ¥^WO
1387 3066 109 24 Wooden,
1604 3074 30 14 on
1641 3065 38 24 the
1684 3067 183 29 Tinakore-road,

1280 3089 36 24 •A
1348 3090 9 12 ?
1357 3092 38 22 the
1413 3093 83 22 second
1514 3101 50 15 acre
1583 3095 61 21 from'
1660 3093 99 29 Captain'
1769 3095 98 28 Smith's,

1283 3127 4 3 •
1298 3137 8 2 -
1320 3120 135 27 .containing
1468 3120 50 22 four
1526 3124 81 18 rooms'-
1611 3120 52 22 and-
1670 3128 14 14 a
1697 3127 104 22 passage,'
1812 3122 56 21 each

1282 3145 52 22 with
1351 3147 51 22 zinc
1414 3147 73 25 £oofs,
1499 3158 4 4 •
1512 3147 46 23 and
1576 3148 35 25 ;in>
1628 3154 68 21 every
1702 3154 5 13 ;
1713 3152 88 23 respect
1817 3149 50 21 well

1282 3172 99 22 finished.
1395 3196 2 5 ,
1409 3174 131 29 Terms^lf
1548 3174 54 27 sold,
1613 3174 253 29 Jglsofor,ejachhouse;

1280 3198 24 22 if
1310 3199 38 28 let,
1359 3199 31 23 £1
1401 3208 40 20 per
1451 3197 62 26 week
1522 3201 35 21 for
1566 3200 55 23 each
1629 3201 79 22 house.
1714 3211 5 17 ;
1724 3221 4 5 ,
1736 3201 75 28 Apply
1817 3224 5 5 r
1821 3204 24 20 to
1853 3211 4 3 -

1285 3232 179 26 ".",'.'•
1568 3248 3 7 i
1588 3255 4 3 .
1670 3234 74 23 James
1759 3234 80 23 Watt.

1288 3257 215 31 'Welling'toni'Nov:
1511 3261 35 27 27,
1555 3262 60 21 1841.
1639 3265 3 4 -
1686 3262 14 22 .'
1715 3259 52 32 J'_„
1783 3262 16 5 *'
1813 3269 3 5 ■
1853 3258 10 33 ';

1345 3316 3 13 ;
1409 3324 10 5 -
1452 3335 6 3 .
1506 3314 53 21 For
1573 3314 71 24 Sale,
1710 3323 2 9 >
1727 3317 2 15 ;

1282 3346 96 36 rpHE-
1388 3347 153 23 COTTAGE.
1547 3347 103 23 situated.
1653 3348 36 22 in*.
1694 3348 98 23 Oriental
1809 3349 55 28 Bay,

1282 3370 35 35 jX.
1347 3392 4 12 ;
1352 3373 47 23 and
1413 3375 68 26 lately
1490 3375 114 27 occupied-
1611 3375 31 26 by
1651 3375 44 23 the.
1707 3375 158 28 undersigned;

1279 3401 23 21 A
1316 3400 53 27 long
1385 3401 61 22 lease
1464 3401 25 21 of
1507 3401 37 23 the
1559 3401 85 23 section
1658 3402 151 32 uponj^which
1827 3403 38 22 the

1279 3427 67 22 house
1356 3428 75 22 stands
1442 3428 44 22 will
1496 3428 26 22 be
1532 3428 103 27 granted.
1651 3438 3 3 •
1734 3426 25 32 J7-
1786 3449 3 8 i

1284 3465 4 4 •
1305 3454 69 22 Town
1383 3454 54 22 larid
1446 3455 45 21 will
1500 3455 31 22 be'
1536 3454 72 23 taken'
1613 3455 29 21 in-

1306 3481 42 23 For
1356 3481 84 23 further
1448 3481 137 28 particulars,
1596 3482 67 27 apply
1671 3485 25 19 to
1719 3485 55 15 »'•'•'

1388 3531 4 5 ,
1427 3525 3 6 <
1458 3519 5 18 )
1500 3527 3 6 -
1523 3523 6 12 :
1536 3520 7 11 >
1563 3530 3 3 .
1584 3520 6 9 '
1598 3513 98 27 Geor,gb
1709 3513 88 29 Dupp'a;
1813 3521 24 15 or
1859 3526 5 4 -

1373 3557 95 13 ..,..•
1527 3548 3 6 '
1597 3547 36 21 W.
1861 3551 3 5 '

1300 3573 60 28 July
1370 3573 20 25 7,
1401 3575 60 21 1842.
1475 3598 5 4 .
1499 3591 2 5 ,
1597 3587 2 12 ,
1612 3593 2 5 ,
1737 3591 3 6 .
1759 3592 4 5 .
1786 3591 15 6 
1843 3593 3 3 .
1859 3580 3 4 '

1283 3627 4 7 1
1301 3629 3 4 '
1342 3624 3 5 '
1390 3628 3 6 '
1447 3624 85 21 Land'
1539 3624 29 21 in
1578 3624 112 21 'Karori.
1706 3643 2 5 ,
1818 3620 16 26 ,''
1858 3627 6 3 '

1279 3657 175 50 WANTED
1470 3654 14 11 V
1486 3653 45 26 TO'
1545 3653 193 32 'PURCHASE,'
1755 3658 56 23 land
1837 3660 24 23 in

1355 3690 4 4 ■
1374 3685 80 22 Karori
1463 3683 110 22 district.^'
1584 3683 77 29 Apply
1670 3681 22 25 ib
1694 3692 3 5 1
1728 3688 24 23 ";'

1331 3733 4 3 .
1362 3730 5 3 -
1393 3722 16 17 ,/
1428 3720 43 15 ;i..
1493 3711 41 24 i't\
1550 3710 4 7 '
1560 3718 5 10 l
1569 3710 15 19 -'
1587 3719 3 8 1
1627 3725 3 6 <
1635 3711 5 16 :
1671 3711 64 23 John
1749 3712 83 24 Wade.

1305 3737 31 22 Te
1345 3738 55 27 Aro,
1411 3737 61 22 June
1482 3739 21 26 1,
1514 3738 61 21 1842.
1609 3752 4 5 ,
1725 3752 2 5 ,

1319 3791 2 5 '
1428 3790 78 20 Land
1520 3795 37 15 on
1571 3790 45 20 the
1630 3790 78 21 Hutt.
1737 3784 3 5 '
1745 3784 7 14 l
1768 3791 3 7 '

1277 3822 66 49 TO
1355 3822 42 23 BE
1412 3820 112 30 SOLD,'a
1531 3822 60 23 lease
1594 3822 6 9 J
1601 3823 26 22 of
1632 3822 38 23 the
1681 3823 88 23 Section
1768 3817 3 12 :
1779 3822 45 25 No.
1832 3827 27 21 24

1350 3856 29 15 on
1387 3849 38 22 the
1432 3849 66 27 Hutt;
1505 3849 54 22 with
1567 3856 15 15 a
1665 3849 5 13 r
1670 3850 87 22 ereeted

1275 3879 93 25 cottage,
1385 3876 36 23 the
1439 3879 89 25 potatoe
1544 3883 53 21 crop
1614 3884 28 16 on
1658 3877 38 22 the
1708 3878 94 28 ground,
1813 3880 44 21 and

1275 3906 61 20 other
1341 3904 179 28 improvements.
1527 3912 3 5 '
1547 3902 46 24 Por
1601 3907 67 19 terms
1675 3904 26 22 of
1703 3904 52 28 sale,
1762 3905 67 29 apply
1835 3909 32 21 to;

1501 3938 77 28 Hort,
1592 3938 124 28 Mocatta,
1731 3939 44 24 and
1790 3940 38 23 Co.

2142 717 74 22 PoUce
2227 717 76 27 Office,
2314 717 141 31 Wellington,

2213 744 89 27 August
2311 746 20 25 4,
2343 747 59 20 1842.
2467 758 4 13 :

2011 775 129 28 Borough
2155 777 32 20 of
2198 777 177 27 Wellington.

1905 807 90 47 THE
2011 807 113 28 following
2138 807 292 33 Proclaraationrdeclaring
2445 812 37 23 the

1978 834 78 22 Town,
2065 835 26 21 of
2108 835 134 29 Wellington
2258 838 70 24 to.be
2345 845 13 14 a
2373 839 111 28 Bprough,
2504 841 3 5 '

1905 859 98 28 defining
2020 860 38 22 the
2075 861 68 23 limits
2166 863 90 28 thereof,
2282 864 44 21 and
2348 864 37 23 the
2407 868 78 25 period

1903 887 77 21 within
1990 887 72 23 which
2072 888 76 22 claims
2158 892 22 19 to
2190 890 36 21 the
2236 889 59 28 right
2302 891 25 21 of
2333 892 82 27 voting,
2427 893 58 22 shall

1902 913 165 28 he-registered,
2077 915 20 21 is
2107 916 116 26 published
2232 918 36 21 for
2281 918 90 25 general
2380 919 106 22 informa-

1903 939 54 29 tion,
1987 941 29 27 by
2045 942 106 22 direction
2178 943 26 22 of
2226 944 36 21 his
2284 944 137 29 Excellency
2443 946 38 22 the

1904 967 120 31 Governor,

2111 995 111 23 Michael
2237 997 112 28 Murphy,

2142 1047 3 5 ,
2159 1031 66 21 Chief
2237 1031 73 23 Police
2320 1032 138 27 Magistrate.

2085 1084 211 22 Proclamation.

1904 1116 29 27 (L
1943 1117 31 26 S.)
1991 1120 4 5 '
2004 1118 33 25 By
2055 1118 41 21 His
2108 1118 124 27 Excellency
2249 1118 112 23 William
2378 1118 106 29 Hobson,

2038 1146 96 25 Esquire,
2162 1146 87 26 Captain
2267 1146 22 19 in
2308 1146 48 20 Her
2373 1147 111 26 Majesty's

2039 1173 67 25 Royal
2114 1174 68 24 Navy,
2194 1174 40 20 ond
2250 1173 104 21 Governor
2366 1174 43 20 and
2426 1176 58 19 Com-

2040 1200 85 20 mander
2148 1202 22 19 in
2191 1202 62 24 Chief
2272 1201 22 19 in
2314 1201 41 20 and
2371 1207 48 14 over
2437 1203 48 20 Her

2039 1228 111 25 Majesty's
2160 1229 74 26 Colony
2244 1230 23 19 in
2275 1228 53 20 New
2333 1230 98 24 Zealand,
2443 1230 43 19 and

2040 1256 27 19 its
2075 1256 159 25 Dependencies,
2245 1256 42 20 and
2298 1256 49 20 Vice
2353 1256 98 21 Admiral
2460 1257 28 25 of

2042 1283 32 19 the
2082 1289 63 21 same,
2157 1283 44 27 Bfc,
2212 1283 37 27 Bfc.
2389 1284 1 5 '

1903 1315 200 50 WHEREAS,
2119 1317 31 28 by
2164 1325 29 14 an
2209 1317 125 22 Ordinance
2349 1318 94 21 enacted
2455 1318 32 27 by

1997 1343 38 21 the
2047 1343 114 23 Governor
2171 1345 25 20 of
2206 1344 57 22 New
2269 1343 104 27 Zealand,
2384 1345 54 21 with
2449 1345 37 21 the

1904 1369 76 21 advice
1990 1369 45 21 and
2051 1374 91 18 consent
2156 1371 22 21 of
2191 1371 37 22 the
2243 1370 133 27 Legislative
2394 1371 94 22 Council

1905 1395 90 27 thereof,
2008 1397 86 21 Session
2105 1399 19 24 2,
2136 1398 44 21 No.
2189 1400 19 24 6,
2221 1397 92 23 entitled
2322 1399 35 20 An
2369 1399 117 20 Ordinance

1904 1425 20 18 to
1929 1424 88 24 provide
2025 1425 42 24 for
2078 1425 35 19 the
2126 1426 153 20 establishment
2288 1426 42 20 and
2338 1427 115 24 regulation
2462 1426 27 26 of

1903 1451 117 26 Municipal
2032 1452 150 25 Corporations,
2196 1452 17 21 it
2221 1453 19 22 is
2251 1452 99 28 enacted,
2362 1452 47 22 that
2420 1461 67 19 every

1904 1477 126 22 settlement
2038 1479 74 21 within
2121 1479 37 22 the
2169 1479 90 27 Colony,
2273 1478 83 28 having
2361 1491 5 6 >
2371 1487 14 13 a
2392 1480 94 27 popula-

1905 1504 44 22 tion
1959 1505 26 21 of
1997 1508 42 18 two
2048 1506 109 21 thousand
2166 1506 65 26 souls,
2242 1505 58 22 shall
2309 1506 27 21 be
2346 1513 13 14 a
2371 1506 114 28 Borough,

1903 1531 46 21 and
1957 1531 49 22 that
2016 1532 44 22 His
2069 1533 137 26 Excellency
2216 1534 37 21 the
2265 1532 114 22 Governor
2387 1533 57 22 shall
2455 1534 29 26 by

1904 1557 168 29 Proclamation,
2085 1559 86 22 declare
2181 1560 37 21 the
2228 1567 60 14 same
2298 1562 23 18 to
2327 1560 27 21 be
2361 1567 13 14 a
2381 1559 105 28 Borough

1905 1585 75 22 within
1987 1585 37 22 the
2035 1586 105 28 meaning
2151 1586 24 21 of
2187 1585 35 22 the
2232 1585 49 23 said
2290 1586 134 27 Ordinance,
2442 1587 45 22 and

1903 1611 56 22 shall
1969 1616 23 17 at
2001 1612 38 21 the
2049 1620 60 14 same
2119 1614 59 26 time,
2195 1613 54 22 with
2265 1613 37 21 the
2317 1613 76 22 advice
2412 1614 25 21 of
2449 1614 37 21 the

1903 1638 122 23 Executive
2058 1640 98 27 Council,
2187 1639 71 23 define
2286 1639 39 22 the
2352 1640 134 22 boundaries

1903 1665 91 22 thereof.

1931 1693 58 26 And,
2010 1692 104 28 whereas,
2135 1694 18 21 it
2166 1694 19 21 is
2201 1693 45 23 also
2263 1693 98 27 enacted,
2379 1693 49 22 that
2444 1694 42 21 His

1903 1719 136 28 Excellency
2049 1720 36 21 the
2096 1720 120 27 Governor,
2227 1720 56 22 shall
2293 1720 29 28 by
2332 1720 53 22 such
2396 1721 90 22 Procla-

1904 1747 81 20 mation
1996 1754 23 14 as
2036 1748 115 26 aforesaid,
2155 1748 121 27 .prescribe
2292 1754 14 14 a
2317 1747 76 27 period
2408 1747 80 22 within

1904 1773 70 22 which
1984 1773 30 21 all
2031 1774 76 21 claims
2124 1779 23 17 to
2161 1775 36 21 the
2209 1774 60 27 right
2283 1774 27 21 of
2319 1774 77 26 voting
2409 1778 24 17 at
2449 1774 37 22 the

1903 1799 93 22 election
2005 1800 26 21 of
2041 1801 36 21 the
2088 1800 47 22 first
2145 1802 96 26 Council,
2253 1800 57 22 shall
2320 1801 27 21 be
2356 1800 74 28 made,
2442 1801 44 22 and

1903 1827 56 21 shall
1968 1828 90 26 appoint
2068 1835 13 14 a
2089 1828 26 21 fit
2123 1835 78 21 person
2209 1830 24 19 to
2243 1827 86 22 receive
2340 1828 52 21 such
2401 1828 83 26 claims,

1904 1853 43 21 and
1957 1857 22 18 to
1989 1858 37 17 act
2035 1855 147 26 as'returnihg
2195 1854 75 23 officer
2279 1857 23 18 at
2316 1854 54 21 such
2385 1854 102 23 election.
2497 1873 3 3 ,

1903 1880 52 22 And
1965 1880 103 28 whereas,
2080 1881 38 22 the
2127 1882 68 21 Town
2202 1882 26 21 of
2234 1880 142 28 Wellington,
2388 1882 100 21 contains
2503 1882 6 11 '

1903 1914 14 13 a
1924 1907 128 27 population
2062 1908 25 21 of
2098 1908 101 26 upwards
2207 1908 26 21 of
2243 1911 43 18 two
2296 1907 109 22 thousand
2419 1908 67 22 souls.

1929 1934 64 27 Now,
2015 1934 114 27 therefore,
2152 1935 18 27 I,
2191 1934 37 23 the
2248 1934 124 26 Governor,
2392 1935 24 22 in
2436 1943 52 19 pur-

1903 1967 80 15 suance
1999 1961 26 21 of
2042 1962 35 21 the
2093 1962 122 27 provisions
2234 1960 27 23 of
2279 1960 38 23 the
2336 1961 49 22 said
2402 1962 85 22 recited

1903 1987 133 27 Ordinance,
2054 1988 27 21 do
2098 1988 84 27 hereby
2195 1987 107 28 proclaim
2312 1988 37 21 the
2357 1988 49 21 safd
2415 1989 72 21 Town

1903 2013 25 21 of
1952 2014 132 27 VVellington
2105 2018 21 17 to
2145 2015 28 22 be
2190 2022 12 14 a
2220 2014 113 27 Borough,
2354 2010 83 26 within'
2447 2015 39 22 the

1901 2041 107 26 meaning
2027 2042 25 20 of
2070 2042 37 21 the
2122 2042 46 21 said
2184 2042 132 21 Ordinance.
2353 2042 55 21 And
2427 2042 12 21 I
2458 2042 28 21 do

1901 2067 91 27 hereby,
2018 2068 52 21 with
2094 2068 37 21 the
2156 2068 77 22 advice
2258 2067 25 22 of
2306 2068 36 21 the
2360 2068 124 23 Executive

1902 2094 99 27 Council,
2013 2094 72 22 define
2095 2095 47 21 and
2157 2094 87 23 declare
2260 2094 38 21 the
2310 2095 135 22 boundaries
2463 2096 27 21 of

1902 2121 37 21 the
1947 2121 48 22 said
2005 2122 104 26 Borough
2120 2122 25 21 of
2155 2122 145 27 Wellington,

1901 2148 62 21 lands
1973 2148 76 22 within
2059 2148 37 21 the
2106 2148 45 22 line
2162 2152 33 19 set
2202 2148 68 27 forth,
2280 2148 24 21 in
2315 2148 36 22 the
2357 2149 130 27 Surveyor's

1901 2174 63 28 Plan,
1981 2181 24 16 at
2019 2175 37 22 the
2072 2176 86 21 outside
2170 2174 132 23 boundaries
2317 2175 24 22 of
2358 2176 38 21 the
2411 2176 76 28 public

1901 2209 93 20 reserve,
2002 2202 24 21 in
2037 2202 37 22 the
2082 2202 53 27 plan
2146 2202 24 22 of
2182 2202 36 22 the
2229 2206 57 18 town
2295 2202 26 21 of
2331 2202 53 21 Port
2393 2202 94 23 Nichol-

1901 2235 46 20 son,
1959 2229 110 27 approved
2079 2229 30 27 by
2119 2230 42 21 His
2171 2230 137 26 Excellency
2316 2228 36 23 the
2361 2230 125 26 Governor,

1901 2256 44 21 and
1964 2263 23 14 so
2001 2256 67 22 much
2085 2256 25 21 of
2122 2256 37 22 the
2175 2256 97 22 harbour
2289 2263 25 14 as
2329 2256 18 21 is
2362 2257 125 27 comprised

1901 2282 99 29 within^a
2008 2283 74 22 radius
2093 2282 26 23 of
2129 2290 66 15 seven
2204 2284 65 21 miles
2278 2282 57 22 from
2343 2282 37 22 the
2395 2283 91 22 Market

1902 2310 66 21 Place
1978 2314 23 17 at
2011 2310 145 27 PahPipitea,
2168 2308 113 24 described
2289 2308 25 22 in
2322 2309 36 22 the
2364 2310 49 22 said
2421 2310 64 22 Plan.

1928 2336 54 23 And
1992 2337 11 21 I
2015 2336 27 22 do
2049 2337 82 27 hereby
2142 2337 50 24 also,
2196 2336 93 26 declare,
2302 2336 47 21 that
2363 2336 30 21 all
2408 2337 76 21 claims

1902 2366 22 19 to
1934 2363 37 22 the
1979 2363 61 28 right
2049 2364 26 21 of
2085 2364 77 26 voting
2171 2368 23 19 at
2203 2364 37 22 the
2251 2363 93 22 election
2353 2363 25 21 of
2390 2363 37 22 the
2437 2364 49 21 first

1903 2390 92 23 Council
2013 2390 24 21 of
2053 2390 37 21 the
2110 2390 113 27 Borough.
2228 2390 25 23 of
2267 2390 142 27 Wellington,
2427 2390 58 22 shall

1901 2417 28 22 be
1944 2418 64 21 made
2028 2418 75 21 before
2122 2418 37 21 the
2181 2416 100 23 thirtieth
2304 2417 69 26 (30th)
2398 2417 45 27 day
2463 2417 27 22 of

1902 2444 94 28 August,
2009 2446 59 20 1842.
2098 2444 52 22 And
2161 2444 43 22 Ido
2215 2444 91 28 appoint
2420 2444 65 22 Mur-

1901 2471 52 27 phy,
1965 2472 100 27 Esquire,
2076 2474 23 19 to
2107 2472 87 21 receive
2203 2471 55 22 such
2268 2470 88 28 claims,-
2362 2470 46 23 and
2415 2474 24 19 to
2449 2474 36 18 act

1901 2505 24 14 as
1933 2499 116 27 returning
2058 2498 75 22 officer
2143 2502 22 18 at
2174 2498 53 22 such
2237 2497 102 23 election.

1929 2525 72 22 Given
2011 2525 72 22 under
2091 2525 108 27 my-hand
2213 2524 52 23 and-'
2272 2524 46 22 seal
2333 2524 43 22 this
2392 2527 93 25 twenty-

1900 2552 47 21 first
1957 2552 42 27 day
2009 2552 26 21 of
2046 2552 59 27 July,
2119 2554 59 20 1842.
2227 2562 26 11 .■■
2272 2565 4 6 -

2314 2578 36 22 W.
2361 2578 97 22 Hobson

2008 2612 34 27 By
2051 2612 35 22 his
2096 2613 155 27 Excellency's
2262 2612 123 26 command,

2102 2639 43 23 For
2154 2639 36 23 the
2201 2639 96 23 Colonial
2309 2639 121 28 Secretary,

2177 2674 50 21 Jas.
2237 2674 91 22 Stuart
2336 2673 122 22 Freeman,
2463 2686 16 9 n

2049 2707 51 22 God
2117 2715 54 14 save
2187 2715 44 14 the
2246 2707 90 24 Queen.

2017 2752 64 21 This
2096 2753 59 25 Day
2168 2752 24 21 is
2210 2751 157 25 Published,

2117 2787 61 26 (Post
2194 2785 72 27 folio,)

2068 2821 66 20 Price
2149 2814 164 31 Ten^Shillings,
2433 2817 12 11 -'
2445 2817 17 10 "'"
2462 2815 2 10 '
2466 2811 13 14 r

1901 2855 90 47 THE
2006 2855 140 22 MINUTES
2154 2855 34 21 :of
2199 2855 37 22 the
2251 2853 143 28 proceedings
2409 2853 27 22 of
2446 2852 37 22 the

1992 2881 134 28 Legislative
2147 2882 91 21 Council
2258 2881 26 22 of
2304 2880 55 22 New
2382 2879 102 23 Zealand

1900 2908 80 27 during
1996 2909 38 21 the
2050 2909 42 21 last
2107 2909 92 25 Session,
2204 2906 136 28 'containing
2352 2907 37 21 the
2400 2908 83 27 Corpo-
2496 2926 4 4 .

1899 2935 71 21 ration
1981 2935 44 22 Bill
2034 2935 35 21 for
2077 2935 147 27 Wellington.
2230 2941 4 6 '
2281 2931 3 7 '
2350 2943 2 4 ■
2418 2942 58 10 ...-•■•

1926 2962 32 21 As
1975 2961 53 27 only
2038 2969 13 14 a
2067 2961 92 26 limited,
2170 2962 95 21 number
2278 2959 20 23 is
2313 2960 96 29 printed,
2422 2961 62 27 early

1900 2988 133 28 application
2042 2989 18 21 is
2068 2995 117 20 necessary
2195 2992 23 18 to
2229 2989 38 21 the

2091 3031 2 6 1
2123 3034 2 6 ■
2214 3022 109 22 Gazette

1899 3066 197 50 JSUTTON
2118 3067 20 22 is
2156 3070 53 18 now'
2229 3066 107 29 prepared
2395 3067 86 27 supply,

1938 3105 10 12 •
1978 3093 124 28 wholesale,
2113 3093 46 30 the,
2162 3093 121 28 profession
2295 3093 29 23 of.
2327 3093 53 22 Port
2389 3093 94 23 Nichol-

1898 3128 46 19 son,
1955 3120 93 28 Nelson,
2065 3121 127 27 Auckland,
2208 3119 46 23 and
2272 3119 38 23 the
2329 3120 63 22 other
2407 3120 76 22 settle-

1898 3152 71 18 ments
1980 3147 26 21 of
2019 3147 55 23 New
2089 3147 104 27 Zealand,
2202 3147 56 23 with
2270 3147 73 27 drugs,
2354 3147 127 26 chemicals,

1898 3175 72 27 stop'd
1987 3174 85 27 bottles,
2088 3177 54 25 pots,
2160 3175 39 21 &c.
2215 3175 48 26 &c,
2279 3173 45 23 and
2341 3181 60 20 upon
2419 3180 63 16 more

1898 3202 163 26 advantageous
2070 3204 68 19 terms
2148 3201 53 22 thaii
2201 3226 4 8 (
2211 3202 38 22 the
2260 3201 89 28 Sydney
2358 3201 105 21 markets.

1914 3246 5 14 ;
1923 3234 21 21 A
1953 3232 124 28 respectabte
2084 3235 66 25 youth
2159 3236 82 19 wanted
2249 3240 23 14 as
2276 3240 34 14 .an
2318 3234 135 26 Apprentice,
2463 3238 7 14 t

1898 3267 169 28 Afedical-Hall,
2079 3267 140 29 Wellington;
2228 3269 60 22 June
2343 3268 60 21 1842.
2410 3270 4 6 '
2436 3281 1 5 ,
2451 3260 18 40 f

1898 3312 264 39 rjnHE?.'P.REMISES
2171 3320 81 28 Jately
2266 3317 121 28 occupied..
2389 3317 36 28 by.
2429 3317 12 22 ?
2441 3317 38 22 Dr.

1905 3342 29 26 X
1973 3345 94 28 Gilbert,
2077 3351 24 17 at
2111 3347 37 23 the
2158 3354 76 15 corner
2244 3346 26 22 of
2277 3345 150 22 Willis-street
2435 3344 46 22 and

1897 3373 37 21 the
1942 3373 85 26 beach,'
2032 3373 50 23 will
2093 3373 28 22 be
2136 3373 90 28 shortly.
2229 3372 87 29 opened
2329 3371 53 22 with
2390 3378 14 14 a
2416 3371 64 22 stock

1903 3399 18 22 if
1934 3400 104 27 genuine;
2044 3401 67 27 drugs
2125 3401 46 22 and
2186 3399 107 24 ohemical
2308 3399 56 21 from
2378 3398 101 27 Apothe-

1896 3428 70 20 caries
1975 3427 69 27 Hall,-
2049 3427 102 23 London.
2342 3432 34 8 '"■'

1922 3453 37 23 An
1979 3454 154 27 experienced.
2143 3454 115 23 Assistant-
2267 3451 108 27 wanted,^-
2379 3451 68 28 apply
2456 3454 23 20 to

1896 3479 21 23 J.
1930 3481 87 26 Sutton,
2030 3481 98 23 Medical
2137 3481 61 23 Hall.
2248 3479 57 19 -•»''"

1896 3512 200 29 :---'Jun'e<lo,q'B42.
2150 3516 5 4 -
2184 3509 212 20 •.■•'■<-*-■••""
2409 3506 54 33 -^
2500 3526 5 4 .

1962 3569 4 4 •
2097 3561 39 20 To
2154 3561 43 24 be,
2201 3558 73 24 Sold,
2434 3568 17 10 <■.
2459 3565 19 14 it.

1896 3588 178 55 ON^MOST
2092 3588 256 34 ADVANTAGEOUS
2354 3591 122 27 ;TERMS,

1964 3620 2 5 '
1971 3629 30 14 an
2001 3626 13 10 a
2020 3622 110 22 excellent
2133 3623 3 8 1
2145 3618 139 25 retail^store
2291 3617 115 29 business,
2424 3618 25 21 in
2463 3625 15 15 a

1893 3649 107 27 populous
2006 3649 45 22 and
2058 3650 44 20 fast
2110 3647 125 26 increasing
2241 3648 50 25 part
2301 3646 30 21 of*
2333 3644 144 28 Wellington.

1894 3674 46 23 The
1950 3676 105 27 premises
2064 3683 38 14 are
2109 3675 25 22 of
2135 3682 29 14 -so
2168 3674 63 27 .good
2240 3672 124 27 an'cTfoomy
2371 3678 13 15 a
2390 3676 86 22 nature,

1893 3702 48 21 that
1950 3702 110 22 sufficient
2070 3701 79 23 can'be
2156 3699 161 24 under-let'td.
2319 3698 63 22 -clear
2397 3698 80 28 nearly

1894 3728 37 22 the
1949 3732 56 19 rent.
2038 3728 76 23 Three
2133 3727 95 27 months,
2236 3742 5 4 .
2249 3728 50 19 rent
2389 3725 46 22 will
2448 3726 29 22 be

1892 3755 143 27 guaranteed.
2037 3765 3 6 1
2080 3770 4 5 .
2093 3765 18 11 >*
2132 3758 67 15 --■•':",
2218 3769 3 4 .
2249 3768 4 4 .
2273 3753 128 17 v'-'-'W.^
2425 3754 36 16 ."'

1896 3790 9 6 -
1918 3782 82 28 Apply,
2011 3782 30 27 by
2046 3782 73 26 letter,
2130 3784 22 19 to
2161 3780 67 23 X.Z..
2239 3778 71 22 atthe
2321 3779 69 24 Office
2433 3779 46 22 thfe

1892 3815 74 21 paper.
1987 3825 3 3 -
2076 3810 4 7 '
2095 3816 3 4 •
2152 3808 2 7 '
2169 3809 4 6 '
2178 3812 12 8 |l

1892 3841 23 22 V
1917 3841 54 28 July
1981 3843 97 26 8,1842.
2171 3838 11 14 ''
2296 3836 3 5 '
2403 3839 15 13 v
2460 3848 3 4 -
2462 3834 19 19 %

1892 3887 70 49 O,N
1978 3886 115 24 SALE.—
2093 3887 53 23 Best
2155 3885 112 25 Hollands
2274 3885 25 22 in
2307 3885 52 23 half
2364 3882 68 33 cases^
2443 3895 8 5 -

1935 3909 3 14 '
1984 3923 4 5 ■
2044 3930 4 3 -
2129 3914 4 5 '
2209 3915 27 22 T.
2252 3912 34 23 M.
2303 3910 156 32 PiStßitfpV

1918 3941 163 24 Farish-street.
2288 3952 6 6 *
2333 3946 23 19 '.'
2394 3938 25 23 '"-'■>
2432 3939 22 17 '">
